4020 6360
186 364 315 427 953

694 479 781 538 III.
822 478 900 537 De
926 479 1272 536 monasteriis.

264 594 295 622 ι
324 579 393 637 Ut
416 592 643 651 quasque
669 575 996 632 monasteria
1025 575 1135 629 Deo
1159 582 1469 629 consecrata
1505 572 1635 629 nulli
1660 572 1774 645 epi-

188 686 486 742 scoporum
525 669 684 725 liceat
708 683 771 723 ea
804 667 859 721 in
899 664 1077 735 aliquo
1114 664 1433 735 inquietare,
1475 680 1576 721 nec
1614 663 1773 734 quid-

186 780 365 840 quam
384 764 452 821 de
476 778 665 819 eorum
692 762 855 816 rebus
876 758 1139 815 violenter
1163 759 1493 815 abstrahere.

724 855 813 911 IV.
848 853 925 909 De
953 854 1242 908 monachis.

260 954 292 995 1³
318 952 395 1011 Ut
418 948 668 1008 monachi
695 960 717 989 ο
742 964 850 1005 non
876 949 1107 1019 migrent
1132 948 1197 1003 de
1221 946 1337 1003 loco
1359 946 1425 1001 ad
1448 946 1647 1013 locum,
1674 946 1779 1003 hoc

182 1055 293 1113 est,
328 1046 397 1101 de
427 1043 753 1100 monasterio
780 1042 848 1097 ad
873 1042 1284 1105 monasterium,
1320 1041 1422 1096 nisi
1460 1058 1556 1114 per
1594 1042 1777 1097 dimis-

180 1140 406 1195 sionem
439 1136 643 1207 proprii
686 1135 918 1201 abbatis,
945 1135 1039 1189 sed
1074 1135 1128 1189 in
1158 1149 1223 1190 ea
1256 1142 1606 1205 permaneant
1644 1137 1775 1191 ohe-

178 1231 431 1297 dientia,
468 1245 629 1302 quam
674 1236 916 1299 tempore
957 1244 1070 1284 sua:
1110 1228 1476 1284 conversionis
1511 1228 1774 1299 promise-

176 1332 343 1384 runt.

768 1414 829 1470 V.
869 1412 949 1469 De
977 1411 1201 1469 clericis.

246 1526 277 1567 δ
310 1526 391 1585 Ut
435 1526 611 1582 nullus
651 1524 969 1581 clericorum
1008 1524 1318 1593 relinquens
1350 1521 1628 1592 proprium
1657 1520 1773 1591 epi-

174 1633 448 1689 scopum,
495 1618 695 1689 passim
738 1616 978 1687 quolibet
1018 1616 1323 1670 discurrat:
1364 1628 1536 1681 neque
1580 1610 1775 1667 alicubi

175 1714 413 1770 veniens
459 1711 659 1781 absque
705 1708 1160 1766 commendatitiis
1189 1707 1383 1763 litteris
1411 1707 1492 1761 sui
1528 1706 1773 1777 prmsulis

173 1803 534 1873 suscipiatur.
576 1801 728 1869 Quod
770 1801 815 1856 si
858 1800 1023 1855 semel
1068 1806 1349 1868 susceptus
1372 1806 1484 1863 est,
1516 1806 1571 1851 et
1602 1797 1773 1852 noluit

173 1893 452 1951 invitatus
490 1893 689 1958 redire,
719 1900 775 1948 et
826 1900 1127 1962 susceptor,
1156 1898 1212 1947 et
1257 1891 1304 1963 is
1348 1890 1441 1962 qui
1489 1899 1770 1961 susceptus

174 1995 259 2045 est
283 1986 839 2045 excommunicationi
870 1984 1187 2056 subjacebit.

430 2102 513 2157 Vl.
544 2101 620 2156 De
648 2101 899 2173 episcopis
927 2108 974 2154 et
1000 2097 1203 2154 clericis
1230 2096 1535 2170 peregrinis.

250 2230 275 2258 ο
312 2217 391 2273 Ut
429 2215 667 2286 episc0pi
698 2221 856 2285 atque
881 2214 1063 2270 clerici
1101 2212 1371 2284 peregrini
1400 2208 1637 2266 contenti
1664 2208 1773 2264 sint

174 2308 571 2381 hospitalitatis
615 2321 837 2363 munere
875 2307 1077 2371 oblato,
1114 2306 1353 2375 nullique
1379 2319 1568 2360 eorum
1614 2302 1773 2357 liceat

175 2406 349 2460 ullum
378 2402 615 2458 oﬂicium
654 2402 986 2457 sacerdotale
1016 2403 1220 2470 absque
1243 2398 1511 2469 permissu
1533 2396 1769 2467 episcopi

176 2497 231 2553 in
259 2494 423 2565 cujus
450 2493 704 2566 parochia
728 2506 848 2548 esse
876 2492 1240 2563 cognoscitur,
1271 2503 1427 2562 agere

728 2604 835 2661 VII.
877 2604 956 2659 De
981 2604 1214 2674 synodis.

254 2701 275 2742 ί
321 2699 393 2759 Ut
420 2701 505 2757 bis
548 2701 602 2756 in
634 2716 776 2755 anno
818 2700 1054 2771 synodus
1094 2706 1485 2770 congregetur:
1518 2699 1613 2755 sed
1643 2700 1770 2769 quia

186 2794 414 2850 diversa
442 2808 617 2849 causze
655 2792 973 2863 impediunt,
1005 2791 1204 2862 placuit
1242 2791 1491 2845 omnibus
1522 2790 1576 2844 in
1618 2806 1767 2845 com-

189 2901 375 2953 mune,
398 2895 457 2942 ut
477 2886 729 2942 Kalendis
748 2885 973 2956 Augusti
995 2885 1049 2940 in
1074 2883 1192 2940 loco
1213 2884 1307 2953 qui
1336 2882 1634 2955 appellatur
1655 2882 1770 2939 Clo-

181 2977 441 3038 feshooth
466 2982 631 3038 semel
653 2983 705 3036 in
734 2997 874 3037 anno
897 2988 1271 3053 congregetur.

531 3074 655 3131 VIII.
687 3074 766 3129 De
794 3074 1151 3145 episcoporum
1177 3072 1423 3141 primatu.

1293 352 1856 415 PGSNITENTIALE.
1896 353 1981 401 -“’
2005 356 2368 417 CAPITULA.

1798 484 1853 545 Α
1875 482 2169 541 bitionem:
2203 500 2389 541 omnes
2421 491 2714 557 agnoscant
2745 476 2956 558 tempus
2982 493 3037 544 et
3057 489 3301 548 ordinem
3328 474 3460 559 eon-

3351 372 3473 435 955’

1875 574 2194 631 secrationis
2223 590 2353 632 suae.

2235 668 2327 724 IX.
2370 668 2446 723 De
2474 672 2831 743 episcOporum
2856 691 3090 731 numero.

1946 757 1976 799 ιι
2014 757 2072 812 In
2115 775 2400 817 commune
2446 770 2738 818 tractatum
2783 774 2961 848 est_ut
3004 768 3185 837 plures
3222 769 3461 842 episcopi

1876 858 2152 935 crescente
2174 868 2400 907 numero
2428 853 2663 910 ﬁdelium
2686 865 3035 930 augerentur;
3066 860 3160 915 sed
3181 861 3245 917 de
3272 862 3374 919 hac
3403 878 3460 923 re

1875 939 1941 995 ad
1966 955 2203 1012 praesens
2226 944 2462 1001 silemus.

2409 1059 2477 1114 Χ.
2512 1059 2591 1113 De
2619 1062 2882 1131 conjugio.
2974 1102 2997 1135 .7

1953 1152 1969 1192 ἱ
2006 1150 2110 1205 Pro
2137 1150 2417 1223 eonjugiis,
2443 1159 2503 1207 ut
2526 1153 2657 1207 nulli
2688 1154 2845 1209 liceat
2879 1154 2982 1210 nisi
3010 1155 3309 1228 legitimum
3354 1160 3455 1214 ha-

1874 1240 2001 1295 bere
2026 1243 2372 1297 connubium.
2392 1242 2579 1297 Nullus
2607 1246 2872 1300 incestum
2901 1244 3082 1301 faciat.
3115 1248 3302 1304 Nullus
3325 1265 3457 1305 con-

1868 1330 2049 1403 jugem
2074 1335 2370 1403 propriam,
2395 1334 2521 1399 nisi,
2549 1343 2609 1389 ut
2632 1345 2877 1391 sanetum
2900 1338 3247 1409 Evangelium
3276 1342 3452 1409 docet,

1873 1425 2245 1483 fornicationis
2270 1443 2431 1483 causa
2462 1428 2747 1498 relinquat.
2773 1428 2925 1495 Quod
2954 1430 2997 1484 si
3024 1432 3305 1501 quisquam
3334 1449 3461 1503 pro-

1871 1522 2047 1592 priam
2094 1522 2360 1592 expulerit
2404 1521 2684 1591 conjugem
2713 1522 2954 1594 legitimo
2984 1524 3085 1578 sibi
3116 1527 3458 1583 matrimonio

1873 1613 2236 1683 conjunctam,
2276 1614 2320 1668 si
2349 1614 2687 1669 Christianus
2716 1630 2835 1671 esse
2867 1625 3014 1671 recte
3042 1617 3294 1683 voluerit,
3327 1619 3457 1677 nulli

1874 1704 2030 1758 alteri
2074 1704 2385 1774 copuletur;
2420 1706 2515 1761 sed
2538 1707 2610 1763 ita
2636 1717 2971 1777 permaneat,
3003 1718 3093 1764 aut
3122 1712 3350 1781 propria:
3376 1726 3460 1768 re-

1876 1795 2194 1850 concilietur
2217 1796 2393 1851 uxori.

1801 1846 1846 1907 B
1943 1887 2037 1943 His
2068 1889 2250 1959 itaque
2296 1888 2564 1958 capitulis,
2589 1898 2649 1945 ut
2675 1893 3016 1962 persequitur
3037 1892 3371 1957 Theodorus,
3402 1892 3457 1948 in

1874 1996 2158 2035 commune
2201 1981 2445 2035 tractatis
2476 1996 2540 2036 ac
2584 1981 2843 2048 dilﬁnitis,
2874 1993 2933 2037 ut
2962 1984 3165 2037 nullum
3208 1984 3459 2054 deinceps

1877 2074 1946 2127 ab
1994 2071 2174 2142 aliquo
2204 2080 2449 2126 nostrum
2490 2073 2697 2127 oriatur
2728 2074 3086 2129 contentionis
3124 2073 3457 2139 scandalum,

1875 2171 1971 2217 aut
1994 2163 2096 2218 alia
2140 2179 2251 2233 pra:
2292 2162 2411 2217 aliis
2438 2163 2863 2235 divulgarentur,
2894 2166 3094 2235 placuit
3133 2176 3192 2221 ut
3234 2182 3460 2236 quaeque

1871 2251 2098 2307 dilIinita
2144 2262 2288 2318 sunt,
2323 2254 2692 2323 unusquisque
2722 2264 2965 2310 nostrum
3005 2272 3194 2310 manus
3227 2256 3458 2325 propria:

1870 2342 2265 2413 subscriptione
2312 2342 2673 2397 conﬁrmaret.
2703 2342 2874 2410 Quam
2905 2345 3226 2399 sententiam
3256 2343 3457 2399 diﬁ‘mi-

1869 2439 2029 2494 tionis
2056 2437 2237 2493 Titillo
2282 2438 2491 2492 notario
2536 2438 2877 2493 scribendam
2920 2440 3135 2493 dictavi.
3166 2440 3360 2494 Actum
3402 2438 3458 2495 in

1869 2544 2053 2585 mense
2101 2537 2155 2583 et
2203 2528 2496 2583 indictione
2546 2530 2944 2599 suprascriptis.
2975 2530 3229 2599 Quisquis
3284 2530 3451 2599 igitur

1872 2628 2062 2675 contra
2110 2620 2249 2674 hanc
2306 2618 2628 2674 sententiam
2680 2619 2833 2689 juxta
2882 2620 3094 2674 decreta
3151 2634 3449 2684 canonum,

1870 2718 2059 2765 nostra
2100 2710 2264 2764 etiam
2320 2709 2673 2763 consensione
2718 2725 2779 2763 ac
2824 2709 3219 2779 subscriptione
3266 2726 3458 2766 manus

1870 2812 2074 2861 nostrae
2121 2802 2498 2858 conﬁrmatam
2550 2817 2764 2872 quoquo
2813 2803 2969 2856 modo
3011 2802 3195 2857 venire
3230 2817 3457 2870 eamque

1870 2896 2162 2967 infringere
2193 2895 2501 2959 tentaverit,
2542 2895 2752 2949 noverit
2779 2909 2836 2949 se
2866 2895 2934 2949 al)
2963 2895 3109 2948 omni
3157 2893 3329 2949 ollicio
3372 2908 3460 2949 sa-

1871 2988 2127 3045 cerdotali
2153 2996 2207 3042 et
2236 2995 2421 3042 nostra
2453 2988 2709 3041 societate
2738 2986 3111 3056 separandum.
3138 2986 3328 3040 Divina
3356 3000 3454 3042 vos

1871 3081 2043 3152 gratia
2070 3080 2125 3133 in
2149 3078 2353 3131 unitate
2378 3085 2577 3133 sanctae
2602 3076 2856 3132 Ecclesia:
2882 3091 2992 3132 sua:
3016 3076 3258 3132 viventes
3277 3084 3457 3132 custo-

249 3173 278 3213 σ
300 3169 378 3228 Ut
406 3168 586 3226 nullus
608 3168 980 3240 episcoporum
1003 3181 1062 3222 se
1085 3163 1337 3236 praeferat
1362 3162 1516 3219 alteri
1538 3178 1635 3234 per
1655 3178 1768 3219 am-
1794 3206 1841 3270 ρ
1874 3171 1988 3226 ἀίει
2018 3168 2335 3225 incolumes.

243 3314 273 3344 ι
317 3301 492 3358 Cone.
523 3302 704 3369 Ilerd.,
729 3318 778 3357 c.
807 3303 862 3357 5.

244 3373 274 3414 δ
309 3373 524 3429 Concil.
549 3368 827 3437 ChalCed.,
856 3388 906 3427 e.
928 3370 991 3437 4;
1016 3385 1170 3426 conc.
1193 3368 1601 3439 Andegavense,
1626 3384 1675 3426 c.
1696 3372 1762 3435 8;

166 3458 339 3502 conc.
371 3444 710 3510 Veneticum,
739 3460 787 3499 e.
821 3443 882 3508 6;
923 3457 1075 3497 conc.
1104 3442 1431 3511 Agathense,
1464 3457 1512 3495 c.
1538 3440 1627 3507 27,
1664 3442 1763 3508 38;

166 3530 339 3572 conc.
370 3514 552 3568 Aurel.
577 3531 617 3580 1,
644 3532 692 3569 c.
722 3516 814 3579 l9;
847 3529 998 3568 conc.
1029 3511 1228 3565 Turon.
1263 3528 1324 3575 ιι,
1351 3528 1398 3566 c.
1432 3511 1516 3565 l5.

241 3597 269 3625 ο
313 3584 420 3639 Hic
444 3586 601 3656 vulgo
632 3586 825 3656 legitur
867 3586 922 3656 in
953 3583 1113 3656 editis
1148 3581 1468 3656 Ut‘episcopi
1505 3582 1767 3656 monac/ti.

164 3654 342 3726 Quod
390 3653 589 3712 rectius
636 3653 791 3712 abest
816 3670 849 3709 a
878 3653 1084 3726 duobus
1134 3653 1410 3726 codicibus
1435 3653 1652 3726 optimis
1689 3653 1771 3707 hi—

164 3723 472 3784 bliotheeie
502 3728 756 3790 Thuanze,
787 3736 843 3781 et
890 3724 955 3779 ab
984 3723 1153 3778 altero
1187 3723 1563 3793 antiquissimo
1610 3737 1771 3792 quem

163 3800 253 3854 vir
290 3798 644 3853 doctissimus
672 3796 966 3853 Chiﬁlctius
995 3794 1051 3853 S.
1083 3792 1133 3848 J.
1167 3810 1377 3848 meeum
1408 3793 1776 3848 communica-

163 3872 273 3934 vit,
303 3877 474 3938 atque
495 3868 657 3923 etiam
678 3867 746 3923 ab
766 3867 1034 3936 excerptis
1052 3865 1269 3938 Egberti
1289 3865 1451 3938 Ebor.
1477 3864 1625 3938 arch.
1652 3877 1771 3932 cap.

165 3938 265 4005 66,
300 3934 404 3993 ubi
435 3939 549 3994 sic:
587 3938 887 3993 Theodorus
928 3934 1060 3991 dicit
1083 3934 1381 3989 {Monachi
1411 3950 1513 4005 non
1552 3934 1775 4004 migrent

163 4004 255 4067 de?
288 4009 440 4074 loco,
465 4018 568 4065 etc.
612 4009 823 4065 Etenim
872 4007 1138 4079 alioquin,
1178 4006 1280 4060 hoc
1308 4004 1603 4079 capitulum
1650 4019 1774 4058 cum

163 4082 340 4138 nullo
363 4096 569 4135 canone
596 4080 911 4150 cujusquam
940 4075 1129 4150 synodi
1160 4075 1515 4147 praecedentis
1542 4080 1771 4132 conm-

164 4153 343 4209 tiret.

1874 3322 1924 3361 c.
1950 3306 2015 3370 5;
2033 3306 2152 3359 cod.
2174 3304 2381 3359 Eccles.
2406 3302 2666 3370 Afric.,c.
2698 3302 2792 3367 7i;
2820 3317 2971 3357 conc.
3002 3302 3317 3357 Toletanum
3334 3318 3375 3367 ι,
3400 3317 3455 3360 c.

1875 3377 1973 3441 12;
2017 3392 2171 3431 conc.
2216 3375 2620 3446 Andegavense,
2654 3390 2702 3428 c.
2736 3375 2797 3446 lg;
2836 3389 2987 3446 conc.
3034 3374 3372 3446 Epaonense,
3401 3389 3452 3428 c.

1875 3447 1941 3512 6;
1967 3462 2119 3501 conc.
2146 3442 2457 3508 Valenth.
2484 3445 2547 3509 5;
2575 3460 2728 3498 conc.
2759 3443 2930 3496 Tolet.
2956 3459 3017 3506 ιι,
3045 3458 3093 3496 c.
3121 3442 3173 3495 2.

1952 3516 2264 3642 §68ynodus
2298 3515 2354 3570 S.
2384 3515 2624 3579 Patricii,
2655 3530 2704 3568 c.
2739 3515 2827 3568 50.
2858 3512 3021 3568 Citat.
3046 3511 3276 3583 Capitul.
3309 3511 3345 3565 l.
3375 3528 3454 3580 vr,

1879 3604 1927 3644 (ἶ.
1952 3604 2039 3642 δυ.

1955 3659 1975 3697 ί
2018 3658 2183 3713 Cone.
2227 3656 2524 3722 Nicrenum,
2548 3672 2596 3710 c.
2626 3655 2681 3721 5,
2712 3661 2766 3708 et
2799 3654 2978 3724 plures
3006 3652 3097 3708 alii
3128 3667 3363 3707 canones
3390 3669 3457 3709 ex

1872 3745 2026 3785 conc.
2062 3729 2297 3783 Nicaeno.

1948 3803 1973 3841 ε
2011 3799 2213 3855 Concil.
2247 3797 2464 3852 Milevit.
2490 3813 2564 3861 ιι,
2596 3812 2644 3851 c.
2681 3797 2766 3859 l3,
2796 3796 2889 3861 N;
2926 3795 2981 3849 in
3021 3796 3231 3865 integro
3273 3795 3459 3850 codice

1872 3869 2128 3926 Ecclesia:
2182 3868 2471 3931 Africaine,
2511 3884 2559 3921 c.
2602 3866 2698 3931 86;
2736 3882 2801 3920 ex
2841 3881 2993 3921 conc.
3024 3865 3219 3929 Afric.,
3260 3881 3308 3920 c.
3351 3865 3451 3931 55;

1872 3957 2024 3997 conc.
2049 3940 2258 4004 Carth.,
2284 3955 2339 3992 ιι.
2361 3938 2450 4003 l9,
2473 3938 2571 3993 sub
2587 3937 2807 3991 Aurelio
2829 3938 3115 4008 episeopo;
3140 3950 3293 3991 conc.
3316 3935 3461 4005 Aga~

1874 4013 2088 4082 thense,
2116 4026 2167 4066 c.
2195 4010 2284 4082 ἓξ).

1947 4084 1976 4124 h
2016 4081 2180 4137 Cone.
2210 4080 2395 4135 Carth.
2430 4095 2490 4145 ιι,
2518 4095 2566 4134 c.
2600 4077 2653 4134 5.

1954 4154 1973 4195 ί
2016 4152 2179 4207 Cone.
2211 4150 2455 4215 Milevit.,
2503 4165 2550 4205 c.
2593 4149 2693 4216 l7;
2724 4148 3001 4207 innocent.
3027 4147 3048 4204 l
3075 4165 3159 4219 ep.
3203 4148 3270 4219 ad
3317 4148 3459 4219 Exu-

240 4223 273 4263 ἀ
326 4220 496 4277 Cone.
526 4220 728 4277 Arelat.
776 4237 817 4285 ι,
846 4236 895 4276 e.
922 4220 1025 4287 2i;
1060 4233 1212 4275 eone.
1261 4216 1535 4274 Nicaenum
1555 4256 1572 4284 ,
1598 4231 1648 4272 e.
1680 4216 1770 4283 15,

165 4295 279 4362 16;
317 4308 478 4349 conc.
507 4291 920 4357 Antiochenum,
956 4307 1007 4347 c.
1039 4292 1100 4357 3;
1140 4305 1295 4362 conc.
1321 4288 1567 4362 Laodic.,
1589 4304 1644 4362 _c.
1676 4288 1770 4353 41,

166 4360 285 4433 ιε,
325 4379 450 4421 can.
494 4364 593 4419 sub
626 4363 843 4419 nomine
880 4369 1053 4433 apost.
1097 4360 1195 4429 14;
1240 4376 1395 4417 conc.
1457 4360 1643 4416 Carth.
1700 4374 1777 4424 ιν,
1810 4368 1858 4429 ι)

1876 4224 2090 4351 pegipm
2117 4222 2463 4293 episcopum,
2499 4236 2548 4276 ο.
2588 4221 2638 4275 6.
2666 4251 2736 4261 -
2766 4221 2928 4277 Citat.
2972 4221 3063 4277 lib.
3102 4218 3156 4274 vi
3200 4218 3456 4292 Capitul.,

1879 4310 1928 4351 c.
2028 4333 2041 4349 .
3382 4332 3397 4340 -

1879 4310 1928 4351 C.
1954 4310 2041 4351 δι.
3382 4332 3397 4340 -

2750 4491 3456 4517 Μ

184 4510 1043 4539 *—

912 4617 1103 4680 ALIA
1147 4612 1546 4678 CAPITULA
1589 4608 2007 4674 COLLECTA
2048 4608 2163 4670 EX
2203 4605 2741 4670 FRAGMENTIS.

460 4758 838 4839 Fragmenta
871 4774 951 4820 ex
984 4754 1280 4840 capitulis
1316 4772 1350 4818 a
1386 4772 1519 4817 rev.
1556 4756 1633 4817 D.
1666 4752 1836 4815 Luca
1869 4748 2144 4815 Acherio
2188 4748 2379 4813 editis
2419 4748 2487 4811 in
2519 4747 2842 4831 Spicilegii
2873 4754 3046 4815 torno
3076 4753 3189 4816 IX.

556 4962 677 5026 Hic
724 4956 1300 5041 pratermitluntur
1342 4973 1474 5018 oua:
1515 4972 1711 5035 supra
1754 4958 1975 5015 notata
2011 4959 2157 5015 sunt
2190 4950 2272 5014 ad
2303 4950 2728 5013 Pwnitentiale
2771 4952 3102 5015 Theodori.

885 5154 1002 5195 CAP.
1031 5152 1107 5194 Vl.
2496 5147 2567 5187 EX
2599 5146 2716 5186 CAP.
2748 5148 2844 5187 VII.

257 5249 292 5280 ι
326 5231 432 5302 Qui
462 5231 548 5289 bis
573 5229 833 5303 baptizati
869 5235 995 5285 sunt
1038 5228 1373 5299 ignorantes,
1403 5239 1511 5281 non
1540 5223 1781 5294 indigent
1958 5221 1986 5262 ι)
2016 5219 2117 5288 Qui
2157 5230 2448 5294 operantur
2493 5224 2548 5279 in
2586 5222 2673 5277 die
2714 5224 3027 5294 Dominico,
3070 5228 3243 5285 Graeci
3286 5230 3461 5301 prima

170 5326 541 5405 paenitentia,
572 5324 678 5380 nisi
726 5322 867 5395 quod
898 5319 1192 5377 secundum
1235 5332 1472 5373 canones
1499 5331 1607 5371 non
1649 5330 1777 5386 pos-
1882 5312 2003 5369 vice
2041 5324 2296 5385 arguunt,
2341 5318 2574 5372 secunda
2614 5318 2831 5395 tollunt_
2860 5318 3091 5389 aliquid,
3140 5321 3297 5376 tertia
3344 5324 3461 5380 vice

173 5429 327 5483 sunt
350 5419 614 5485 ordinari,
651 5416 753 5473 nisi
779 5431 878 5489 pro
904 5429 1100 5486 magna
1136 5411 1477 5468 necessitate.
1519 5408 1621 5477 Qui
1648 5422 1779 5464 vero
1884 5407 2101 5463 tertiam
2145 5416 2357 5479 partem
2395 5408 2461 5465 de
2502 5410 2693 5479 rebus,
2722 5419 2776 5467 et
2820 5411 3107 5483 vapulant,
3137 5413 3222 5470 vel
3256 5422 3459 5485 septem

175 5532 306 5577 non
352 5515 621 5587 ignorant,
655 5509 806 5581 quasi
835 5510 1031 5565 iterum
1067 5505 1340 5562 Christum
1370 5501 1774 5567 cruciﬁxerunt,

173 5606 503 5683 pcnniteant
528 5611 731 5673 septem
757 5598 935 5665 annis,
966 5603 1158 5668 quarta
1184 5594 1341 5661 feria,
1364 5601 1419 5649 et
1443 5600 1594 5650 sexta
1617 5592 1772 5660 feria,

178 5710 250 5759 et
277 5700 462 5757 tribus
488 5692 933 5768 quadragesimis.

268 5827 299 5856 ι
331 5812 556 5877 Burch.,
584 5809 619 5864 l.
663 5825 737 5873 IV,
782 5807 959 5877 c.51;
988 5806 1102 5877 lvo,
1141 5822 1194 5879 p.
1225 5822 1267 5875 ι,
1303 5819 1353 5861 c.
1400 5802 1503 5861 145
1520 5802 1549 5879 ;i
1569 5802 1666 5864 Gr.
1708 5801 1777 5861 de

186 5886 401 5952 00118.,
418 5884 541 5941 dist.
564 5882 621 5951 4,
638 5896 687 5938 c.
707 5879 926 5949 Quibus.

1885 5499 2075 5558 diebus
2096 5502 2413 5571 pmniteant.

2510 5615 2579 5654 EX
2613 5614 2730 5656 CAP.
2765 5617 2838 5656 IX.

1954 5685 2253 5745 Ecclesiam
2280 5688 2407 5746 licet
2440 5707 2642 5763 ponere
2673 5693 2727 5749 in
2759 5693 2866 5749 alio
2902 5692 3019 5751 loco
3046 5691 3089 5749 si
3116 5706 3337 5750 necesse
3365 5700 3460 5763 snt,

2174 5810 2331 5863 notas
2357 5806 2426 5861 ad
2457 5806 2650 5865 Poenit.
2684 5807 2809 5876 Th.,
2836 5808 2900 5865 de
2920 5821 3085 5877 opere
3115 5805 3259 5877 quod
3286 5805 3460 5865 inter.
