4020 6360
203 391 318 452 957

208 609 312 668 aut
337 601 637 660 humanum
667 597 857 654 subeat
885 611 931 654 ο.

296 686 300 688 ⁷
413 695 424 702 ³
860 706 979 745 ων.
1021 675 1157 745 ιινξ

288 786 319 827 ι»
347 784 450 854 Qui
493 797 595 857 per
634 783 934 853 iussionem
976 781 1181 840 domini
1210 783 1294 838 sui
1321 781 1582 840 occiderit
1627 777 1802 836 homi-

213 896 368 958 nem,
395 879 516 942 dies
541 877 615 938 40
634 876 866 956 ieiunet.-

221 1005 224 1007 -
309 1047 314 1050 ι
677 1041 680 1044 λ
850 985 969 1027 car.
1007 985 1153 1027 var.
1368 1034 1377 1048 ε

283 1066 427 1123 Ante
475 1064 714 1121 natalem
742 1063 954 1122 Domini
985 1063 1156 1120 nostri
1185 1061 1315 1118 Jesu
1349 1061 1588 1131 Christi,
1626 1059 1802 1119 Gmci

159 1145 162 1148 l
207 1176 342 1220 sera
371 1169 427 1217 et
451 1157 632 1217 Latini
661 1173 804 1214 nona
830 1158 964 1214 hora
988 1157 1182 1217 missas
1208 1156 1504 1213 celebrant.

153 1231 176 1243 λλ
865 1267 984 1306 CAP.
1021 1266 1146 1306 LXX.

284 1341 385 1410 Qui
413 1342 701 1413 pecuniam
723 1327 777 1395 in
803 1341 1042 1411 praedam
1069 1341 1305 1408 duxerit,
1334 1340 1550 1397 tertiam
1583 1349 1799 1413 partem

154 1509 156 1512 τ
209 1441 438 1506 eroget,
467 1441 524 1487 et
549 1431 620 1489 40
649 1431 763 1488 dies
783 1431 1008 1503 jejunet.

825 1538 950 1576 CAP.
992 1538 1180 1579 LXXIII.

284 1625 308 1654 α
340 1614 444 1683 Qui
473 1599 738 1671 dimiserit
775 1628 1001 1670 uxorem
1033 1629 1187 1670 suam
1243 1612 1403 1670 alteri
1445 1611 1795 1688 coniungens,

151 1691 154 1697 ’
211 1717 428 1784 septem
455 1707 610 1764 annis
636 1706 917 1780 poeniteat.

157 1806 160 1810 ’
847 1815 965 1855 car.
1003 1815 1142 1855 Lxxv

155 1979 160 1983 _
193 1984 196 1986 _
280 1913 432 1970 Patri
457 1921 514 1971 et
535 1913 646 1971 ﬁlio
670 1922 900 1976 matrem
926 1922 982 1971 et
1008 1913 1176 1970 ﬁliam
1201 1913 1329 1971 licet
1359 1914 1415 1972 in
1443 1914 1791 1974 matrimonio

203 2005 434 2068 habere.

158 2141 159 2144 η
829 2111 946 2154 CAP.
983 2113 1184 2155 ιιινιι.

275 2187 302 2228 ιι
331 2187 523 2249 Mulier
551 2197 740 2262 sponte
778 2190 1012 2264 perdens
1033 2199 1250 2264 partum
1273 2207 1431 2248 suum
1451 2231 1469 2259 ,
1503 2192 1550 2248 si
1573 2201 1700 2248 ante
1723 2193 1794 2252 40

203 2283 322 2342 dies
345 2284 936 2354 oonceptionis,annum
947 2301 1115 2342 unum
1143 2288 1428 2364 poeniteat,
1439 2288 1485 2346 si
1506 2303 1635 2346 vero
1645 2296 1789 2361 post,

204 2382 319 2434 tres
344 2391 518 2434 annos
541 2377 823 2452 poeniteat.

781 2488 852 2528 ΒΧ
885 2489 1010 2530 CAP.
1049 2489 1218 2532 LXIX.

275 2562 542 2620 Similiter
571 2581 692 2636 quae
730 2565 800 2620 ab
845 2565 981 2638 ipsis
1027 2567 1354 2638 supradictis
1389 2575 1743 2626 consecratur
1773 2608 1790 2636 ,

163 2703 165 2706 i
201 2673 348 2728 aqua
377 2658 686 2714 exorcizata
716 2666 1075 2730 aspergantur
1095 2699 1112 2728 ,
1155 2667 1215 2716 et
1253 2658 1435 2730 aliqua
1472 2659 1793 2720 collectione

207 2750 616 2807 conﬁrmentur.

789 2839 906 2880 CAP.
945 2839 1210 2879 LXXXVIII.

160 2992 170 2999 ,
286 2937 571 3010 Presbyter
597 2941 642 2996 si
667 2941 812 2998 viam
841 2941 1219 3004 ambulaverit,
1243 2948 1299 2996 et
1325 2954 1621 2998 occurrens
1668 2957 1790 2998 mu-

161 3073 166 3102 τ
199 3029 312 3086 lier
335 3046 530 3104 rogans
549 3047 674 3090 eum
699 3033 864 3089 ﬁlium
891 3049 1047 3090 suum
1072 3034 1346 3090 inﬁrmum
1368 3035 1651 3104 baptizari,
1676 3035 1792 3104 ipse

156 3136 304 3194 ⁸ιπο
333 3123 547 3180 itineris
588 3126 671 3181 sui
715 3124 1058 3182 festinatione
1106 3127 1436 3198 neglexerit;
1485 3128 1794 3199 quicunque

924 389 1482 450 POENITEN'I‘IALE.
1510 372 1594 434 ’έ-
1628 389 1971 450 caenum
2007 388 2367 452 COLLECTA
2404 389 2498 447 ex
2535 389 2796 447 maca-1.

209 507 446 570 gesserit
471 547 490 574 ,
533 513 629 564 aut
661 493 829 562 intret
864 506 1257 562 monasterium
1286 505 1514 568 Domino
1541 506 1750 564 servire
1780 543 1797 571 ,
1824 506 1878 565 Α

3359 442 3362 444 -
3376 399 3484 458 938

2545 516 2664 555 CAP.
2696 517 2836 555 XCIV.
3229 551 3232 554 .
3321 552 3324 555 .

1981 593 2006 633 Β
2038 591 2095 647 Si
2127 593 2248 662 quis
2275 593 2560 664 episcopus
2595 592 2679 646 vel
2707 593 2990 665 presbyter
3019 592 3184 648 fracta
3213 577 3486 658 oblatione

1902 698 2009 740 non
2057 683 2576 754 communicavcrit,
2627 683 2768 739 dicat
2809 683 3183 740 rationabilem
3226 681 3485 759 causam;

1903 777 1988 832 sin
2022 775 2190 846 aliud,
2224 777 2544 848 deponatur.

2545 884 2661 924 CAP.
2703 885 2826 923 XCV.

1963 957 2000 1000 Ἰι
2030 958 2230 1018 Omnes
2270 959 2457 1016 ﬁdeles
2509 961 2598 1031 qui
2652 961 3027 1033 ingrediuntur
3085 963 3373 1021 ecclesiam
3422 951 3488 1026 ac

1902 1057 2142 1104 sanctam
2166 1049 2492 1104 oblationem
2521 1066 2626 1104 non
2655 1060 3007 1122 praesumunt,
3050 1069 3148 1108 nec
3185 1055 3490 1132 percipiunt

1901 1141 2227 1198 sacriﬁcium
2255 1184 2269 1211 ,
2299 1158 2421 1216 cum
2449 1143 2702 1198 convenit
2727 1144 2928 1215 privari
2956 1147 3354 1202 communione.

2543 1252 2660 1291 CAP.
2705 1252 2848 1290 XCVI.

1970 1328 2268 1400 Episcopus
2292 1343 2400 1382 non
2425 1335 2583 1384 exeat
2610 1328 2677 1383 ad
2704 1327 2866 1382 aliam
2896 1329 3228 1399 parochiam,
3257 1337 3311 1408 et
3333 1346 3487 1388 suam

1899 1421 2185 1493 relinquat;
2206 1423 2310 1478 nisi
2331 1422 2617 1493 cpiscopus
2631 1422 2925 1479 multorum
2938 1420 3142 1494 judicio
3164 1432 3219 1480 et
3255 1426 3489 1482 maxime

1898 1514 2292 1586 supplicatione
2325 1515 2574 1585 perﬁciat
2606 1517 2650 1568 i.

2523 1623 2640 1662 CAP.
2686 1623 2852 1663 XCVII.

1971 1694 1985 1746 ἰ
2024 1695 2316 1752 Eunuchus
2361 1697 2407 1752 si
2441 1713 2539 1769 per
2567 1697 2793 1754 insidias
2836 1699 3114 1756 hominum
3145 1700 3320 1756 factus
3349 1708 3475 1770 est,

1898 1789 1983 1846 vel
2007 1791 2050 1846 si
2079 1791 2132 1846 in
2160 1792 2536 1862 persecutione
2563 1792 2678 1863 ejus
2718 1801 2993 1864 amputata
3017 1801 3142 1850 sunt
3171 1794 3372 1863 virilia,
3399 1793 3486 1850 vel

1822 1873 1871 1938 Β
1897 1886 1942 1942 si
1967 1886 2041 1941 ita
2065 1885 2239 1942 factus
2260 1896 2342 1941 est
2357 1895 2535 1954 natus,
2560 1894 2616 1941 et
2642 1895 2727 1942 est
2751 1886 2962 1958 dignus,
2991 1884 3254 1941 efﬁciatur
3273 1887 3486 1958 cpisco-

1896 1998 2018 2055 pus.
2055 1981 2112 2038 Si
2133 1981 2255 2051 quis
2281 1981 2643 2051 amputaverit
2665 1980 3014 2052 sibimetipsis
3036 1980 3230 2048 virilia,
3261 1980 3481 2036 omnino

1895 2089 2004 2128 non
2030 2081 2208 2144 potest
2242 2088 2362 2128 esse
2388 2072 2641 2128 clericus.
2675 2073 2730 2128 Si
2756 2073 2878 2145 quis
2905 2081 3028 2144 post
3054 2073 3280 2146 gradum
3302 2088 3490 2142 ampu-

1897 2164 2097 2220 taverit
2116 2163 2312 2230 virilia,
2333 2164 2554 2218 omnino
2579 2163 2882 2218 damnetur.
2910 2162 2967 2218 Si
2997 2164 3118 2233 quis
3141 2162 3487 2237 semetipsum

1893 2256 2207 2322 absciderit,
2239 2256 2412 2314 tribus
2439 2257 2598 2312 annis
2623 2257 3002 2314 communione
3022 2256 3280 2328 privetur.

2535 2363 2654 2402 CAP.
2698 2363 2840 2401 XCIX.

1969 2437 1996 2476 ¹ί
2026 2432 2213 2492 Nullus
2239 2452 2337 2506 per
2364 2436 2649 2508 pecuniam
2672 2435 2914 2491 obtineat
2940 2434 3196 2507 gradum:
3225 2435 3306 2491 sin
3331 2450 3478 2500 vero,

1895 2536 1952 2582 et
1979 2526 2112 2598 ipse,
2152 2536 2206 2581 et
2253 2527 2532 2582 ordinator
2556 2525 2672 2597 ejus
2700 2526 2951 2582 omnibus
2982 2526 3156 2582 modis
3185 2541 3216 2582 a
3246 2541 3485 2582 commu—

1894 2619 2057 2675 nione
2085 2618 2458 2689 projicientur.

2573 2705 2690 2745 CAP.
2731 2704 2804 2745 CI.

1970 2781 2071 2850 Qui
2111 2797 2306 2838 carnes
2357 2783 2665 2837 immundas
2719 2779 3201 2846 manducavermt,
3251 2787 3308 2835 et
3337 2777 3484 2835 olera

1862 2851 2021 2946 aqua:
2051 2889 2172 2928 cum
2212 2889 2375 2930 carne
2411 2881 2718 2944 coquuntur
2741 2911 2755 2937 ,
2788 2885 3003 2927 cessare
3042 2879 3257 2942 οροτια
3295 2886 3328 2926 a
3374 2871 3486 2926 IIII-
3522 2950 3528 2956 I

1893 2965 2143 3021 nisterio.

2573 3051 2691 3092 CAP.
2722 3051 2829 3091 CVI.

1973 3125 1992 3166 1
2024 3126 2324 3197 Episcopus
2349 3168 2364 3192 ,
2391 3128 2682 3199 presbyter
2705 3169 2720 3193 ,
2759 3129 3018 3184 diaconus
3047 3124 3296 3183 conﬁteri
3322 3123 3482 3180 debet

157 3283 161 3291 ί
193 3216 368 3276 etiam
417 3219 820 3289 pmsnmpserit
858 3219 912 3276 in
948 3219 1224 3290 provincia
1269 3233 1367 3274 sua
1393 3221 1616 3290 propria
1635 3261 1652 3286 ,
1697 3227 1868 3304 autc
1895 3227 2182 3288 peccatum
2205 3235 2385 3273 suum.
2417 3217 2699 3275 Confessio
2728 3217 2838 3276 Deo
2867 3217 2966 3278 soli
2995 3258 3010 3283 ,
3067 3217 3114 3273 si
3155 3230 3376 3274 necesse
3403 3220 3484 3281 est

152 3364 158 3371 ε
195 3307 401 3374 aliena,
431 3308 517 3364 vel
544 3310 849 3381 ubicunque
874 3310 1091 3370 inventa
1120 3309 1286 3368 fuerit
1329 3311 1422 3380 qui
1442 3313 1793 3370 commenda—

197 3405 318 3454 tum
349 3399 453 3454 sibi
479 3399 752 3455 inﬁrmum
795 3415 902 3455 non
941 3401 1055 3454 mit
1097 3401 1376 3470 baptizare
1402 3442 1416 3466 ,
1463 3409 1519 3457 et
1555 3403 1633 3457 sic
1673 3403 1792 3460 sine

198 3489 475 3564 baptismo
503 3494 765 3550 morietur
788 3536 804 3561 ,
841 3495 1156 3567 deponatur.
1215 3494 1477 3551 Similiter
1523 3503 1703 3552 autem
1743 3496 1792 3551 si

152 3603 164 3614 ν
196 3585 482 3642 hominem
497 3587 789 3656 occiderit,
819 3596 913 3646 aut
937 3587 1348 3648 fornicationem
1390 3587 1599 3656 fecerit,
1626 3591 1790 3663 depo-

196 3687 386 3738 natur.

858 3767 976 3807 CAP.
1002 3767 1112 3807 XCI.

166 3845 178 3867 ί
265 3849 301 3879 Ὁ
335 3840 439 3908 Qui
467 3841 682 3897 duxerit
706 3841 924 3897 viduam
951 3843 1005 3898 in
1033 3858 1258 3898 uxorem
1289 3843 1389 3898 sibi
1422 3842 1506 3899 vel
1527 3851 1649 3913 post
1688 3842 1786 3897 ba-

194 3932 462 4004 ptismum
487 3972 502 4000 ,
551 3933 666 3990 sive
708 3942 834 3990 ante
876 3934 1210 4006 baptismum
1231 3973 1248 4001 ,
1299 3950 1406 3992 non
1455 3941 1636 4005 potest
1667 3947 1791 3991 esse

195 4025 510 4097 presbyter.

851 4113 967 4152 car.
1009 4112 1137 4151 xc".
1503 4099 1514 4106 ‘
1673 4091 1712 4122 τ’·

158 4190 173 4232 ὲ
257 4180 296 4228 ⁷(
333 4187 450 4244 Non
476 4178 840 4245 communicet
871 4189 954 4242 vir
981 4203 1106 4243 cum
1151 4196 1319 4242 uxore
1353 4203 1452 4242 sua
1503 4188 1744 4243 adultera
1771 4229 1787 4254 ,

192 4280 455 4336 similiter
477 4288 531 4335 et
555 4296 691 4346 uxor
717 4289 841 4336 cum
870 4279 1111 4336 adultero
1154 4280 1272 4336 viro
1297 4296 1404 4336 non
1428 4281 1575 4338 ineat
1597 4299 1790 4353 pacem

191 4365 728 4427 communicationis.

155 4545 158 4548 .
190 4516 299 4632 liba
330 4503 500 4628 Reest
521 4503 612 4560 hic
634 4503 868 4576 aliquid;
893 4501 1130 4576 suppleri
1154 4512 1334 4575 potest
1351 4520 1418 4564 ex
1448 4506 1784 4579 Capitul.6l,

279 4616 292 4628 .
330 4591 404 4630 IV.

147 4657 152 4660 ’
267 4647 298 4687 δ
320 4645 521 4701 Ρωῐιίι.
549 4645 734 4711 Rom.,
758 4645 843 4700 tit.
870 4646 922 4711 Ι,
947 4661 995 4701 c.
1029 4646 1116 4701 17.

268 4728 293 4756 ε
329 4717 621 4773 Pmnilent.
653 4717 833 4783 Rom.,
858 4718 942 4771 tit.
965 4717 1021 4781 5,
1045 4733 1095 4773 c.
1119 4717 1211 4774 20.

266 4787 296 4828 ἀ
330 4788 495 4853 Beda,
523 4789 591 4844 de
622 4788 840 4844 Remed.
865 4803 1044 4859 pecc.,
1077 4805 1127 4845 c.
1147 4790 1201 4846 5.

273 4870 298 4930 ς
338 4859 470 4930 Egb.
501 4859 730 4930 Excerp.
759 4860 850 4915 51.

269 4929 294 4968 τ
341 4927 561 5001 δίιηιηια
583 4927 713 4996 esto,
740 4931 784 4985 si
806 4929 928 5001 quis
952 4930 1041 4995 32,
1067 4946 1122 5000 q.
1155 4930 1208 4998 I,
1239 4943 1308 4988 ex
1336 4927 1547 4987 Theod.
1580 4931 1779 4990 Pmnit.

269 5003 298 5040 ε
329 4999 463 5055 Can.
495 5002 597 5056 sub
625 4999 842 5056 nomine
877 5016 964 5070 ap.
997 5002 1051 5057 9.

265 5071 306 5144 lI_
330 5071 464 5126 Can.
493 5071 595 5144 sub
621 5088 766 5127 nom.
799 5081 997 5143 apost.,
1049 5088 1098 5128 c.
1146 5073 1241 5139 M;
1273 5075 1468 5131 concil.
1503 5074 1782 5144 Antioch.,

150 5203 161 5209 _
188 5158 247 5202 c.
279 5142 320 5198 2
342 5159 356 5208 ;
382 5143 580 5200 concil.
602 5142 974 5203 Bracharense
1007 5159 1066 5211 ιι,
1096 5160 1144 5199 c.
1171 5146 1259 5201 85.

1897 3309 1986 3382 agi
2018 3310 2163 3364 licet.

2551 3398 2670 3436 CAP.
2711 3396 2840 3435 CVII.

1963 3483 2004 3511 ω
2022 3471 2357 3527 Βίθηιοιιίιιηι
2388 3471 2674 3528 sustinenti
2697 3471 2823 3526 licet
2838 3477 3019 3542 petras
3044 3477 3098 3523 et
3113 3468 3260 3524 olera
3283 3465 3479 3522 habere

1865 3589 1868 3596 π
1893 3564 2010 3620 sine
2040 3565 2425 3621 incantatione.

2530 3651 2648 3692 CAP.
2689 3651 2840 3692 CVIII.

1967 3744 1994 3771 η
2023 3731 2278 3803 Perjures
2305 3732 2482 3789 tribus
2509 3734 2666 3789 annis
2703 3732 3020 3804 poeniteant.
3055 3725 3350 3786 Sodomita
3384 3736 3482 3787 se-

1889 3831 2039 3894 ptem
2066 3825 2254 3890 annis;
2286 3824 2476 3880 molles
2506 3839 2614 3879 uno
2644 3838 2806 3879 anno.

2532 3930 2652 3974 CAP.
2691 3931 2836 3971 CXIV.

1968 4017 1992 4045 υ
2023 4008 2228 4067 Stando
2258 4011 2520 4066 orandum
2551 4028 2649 4082 pro
2685 4010 2986 4066 reverentia
3013 4009 3131 4065 Dei.

2181 4089 2192 4094 ’
2448 4118 2517 4157 ex
2550 4120 2668 4158 CAP.
2707 4119 2930 4159 unrmo.

1967 4205 1994 4244 p
2025 4194 2254 4249 Basilius
2279 4194 2544 4264 judicavit
2569 4197 2752 4266 pueris
2794 4195 3071 4251 licentiam
3101 4195 3308 4250 nubere
3357 4202 3482 4249 ante

1896 4289 2166 4347 sexdecim
2200 4305 2403 4354 annos,
2434 4290 2480 4344 si
2521 4291 2799 4346 abstinere
2828 4305 2933 4345 non
2967 4289 3259 4359 potuerint,
3287 4302 3480 4360 quam-

1893 4378 1976 4434 vis
2005 4379 2254 4436 monachi
2283 4378 2534 4435 fuissent.

1972 4516 1988 4585 ᾖ
2030 4515 2304 4585 Proﬁciat.
2339 4515 2460 4572 Vid.
2496 4517 2688 4572 concil.
2717 4515 2996 4580 Antioch.,
3027 4530 3076 4571 c.
3105 4515 3161 4570 5.

1895 4583 1994 4713 Ν,
2025 4583 2230 4712 Cillan.
2264 4589 2364 4646 sub
2383 4589 2742 4660 nomine'ap.,
2760 4604 2818 4646 'c.
2841 4588 2931 4655 2i,
2953 4586 3046 4654 22,
3071 4585 3163 4653 23,
3182 4584 3254 4640 24
3279 4601 3294 4652 ;
3319 4598 3477 4642 conc.

1946 4675 1960 4712 I
2001 4696 2041 4713 ο.
2108 4699 2120 4711 .
2195 4697 2208 4710 .

1946 4672 2041 4721 IC.,
2071 4673 2120 4712 Ο.
2156 4672 2208 4711 1.

1965 4727 2149 4799 FCan.
2185 4731 2284 4784 sub
2314 4730 2532 4785 nomine
2560 4745 2644 4799 ap.
2673 4729 2763 4784 50.

1969 4797 1986 4837 1
2026 4799 2274 4870 Gregorii
2308 4801 2372 4856 III
2415 4797 2643 4864 Iudicia,
2668 4817 2717 4856 c.
2747 4798 2837 4856 50.

1965 4867 2159 4942 milvo,
2181 4888 2233 4941 p.
2266 4888 2339 4932 χι,
2373 4887 2420 4926 c.
2454 4871 2538 4936 75,
2571 4888 2636 4926 ex
2667 4871 2826 4928 dictis
2857 4867 3192 4942 Hieronymi.

1966 4951 1994 4980 ιι
2022 4941 2221 4996 Poenit.
2255 4942 2437 5006 Rom,
2471 4943 2552 4996 tit.
2582 4943 2637 5007 2,
2663 4959 2711 4997 c.
2741 4943 2794 4997 4.

1967 5019 1990 5047 ο
2019 5013 2136 5066 Vid.
2170 5013 2342 5076 Tert.,
2373 5013 2438 5065 de
2466 5012 2676 5068 Corona
2704 5013 2839 5079 mil.,
2867 5029 2916 5068 c.
2947 5012 3002 5077 9,
3025 5019 3079 5066 et
3102 5011 3198 5066 lib.
3229 5011 3296 5066 de
3319 5007 3476 5068 Orat.

1964 5093 2002 5156 Ρ,
2020 5082 2152 5156 Υἰιι.
2177 5083 2331 5154 Reg.,
2350 5083 2619 5156 interrog.
2650 5083 2704 5151 7,
2729 5092 2785 5139 et
2811 5084 2879 5143 ad
2891 5085 3057 5139 inter.
3081 5083 3166 5148 15,
3199 5083 3255 5138 in
3280 5083 3482 5156 regulis

1866 5153 1870 5158 ’
1903 5150 2074 5208 fusius
2105 5150 2412 5224 disputatis.

238 5267 3468 5295 __.__________.______________________________________

1241 5339 1739 5403 FRAGMENTA
1788 5343 1904 5405 EX
1955 5343 2429 5407 CANONIBUS.

187 5577 284 5639 Ex
333 5572 618 5634 canonibus
669 5592 700 5627 a
735 5569 925 5629 Carsia
977 5573 1168 5630 Loaisa
1221 5575 1448 5632 collectis
1493 5576 1587 5632 sub
1631 5578 1781 5634 titulo

157 5661 168 5668 '
605 5643 957 5700 Conciliorum
983 5644 1375 5702 Toletanorum.

262 5745 408 5828 Cir.
423 5758 556 5802 xvu.
584 5771 656 5784 —
680 5754 705 5782 ιι
729 5741 808 5800 De
827 5742 920 5824 his
950 5743 1115 5800 etiam
1135 5758 1300 5814 super
1325 5743 1522 5816 quibus
1549 5744 1786 5800 interro-

261 5870 298 5900 ι
330 5856 558 5929 Regmo,
589 5853 626 5910 ι.
654 5871 694 5912 ιι
713 5895 729 5922 ,
759 5871 807 5912 c.
838 5846 1229 5928 562;-Bureb.,
1249 5855 1348 5915 lib.
1371 5873 1486 5927 nx,
1509 5872 1558 5914 c.
1588 5856 1710 5914 152.

1890 5467 2052 5540 gasti,
2086 5468 2187 5524 hoc
2212 5478 2317 5534 est,
2349 5470 2414 5525 de
2441 5469 2528 5525 illa
2553 5470 2753 5525 femina
2781 5512 2795 5539 ,
2838 5488 2959 5542 qua:
2985 5482 3322 5528 menstruum
3348 5489 3477 5530 san-

1890 5561 2111 5632 guinem
2145 5578 2303 5617 suum
2345 5563 2640 5619 immiscuit
2674 5565 2796 5621 cibo
2844 5565 2929 5620 vel
2988 5567 3180 5636 potui,
3233 5573 3288 5622 et
3331 5567 3481 5624 dedit

1890 5651 2009 5706 viro
2038 5666 2136 5705 suo
2163 5663 2222 5705 ut
2248 5655 2580 5720 comederet,
2605 5664 2661 5710 et
2689 5656 2757 5712 de
2784 5655 2874 5711 illa
2903 5672 3023 5727 quae
3051 5670 3233 5712 semen
3265 5656 3370 5714 viri
3391 5660 3479 5716 sui

1864 5740 1950 5824 ,in
1982 5750 2111 5800 ootu
2140 5744 2296 5810 bibit,
2323 5758 2379 5802 et
2404 5746 2470 5802 de
2493 5763 2557 5805 ea
2587 5764 2710 5820 quae
2739 5756 2934 5807 testam
2959 5749 3197 5808 hominis
3219 5749 3477 5812 combus-
