4020 6360
595 429 702 491 959

1571 409 1923 472 THEODORI
1960 403 2281 465 ARCHIEP.
2323 397 2883 461 CANTUARIENSIS
3757 397 3843 458 9a)

595 545 670 603 sit
710 537 842 615 igni,
885 545 944 594 et
987 535 1108 592 viro
1136 547 1234 592 suo
1263 533 1411 589 dedit
1440 545 1536 602 pro
1567 529 1881 584 infirmitate
1907 524 2129 580 vitanda
2162 562 2176 587 ,
2208 522 2258 582 Α
2284 526 2442 589 grent
2477 517 2544 572 de
2568 516 2688 572 loco
2718 515 2785 570 ad
2816 514 2990 570 locum
3016 530 3030 581 ;
3073 513 3168 570 sed
3193 529 3248 569 ιιι
3277 527 3339 570 ea
3366 523 3717 584 permaneant
3739 517 3843 573 obe-

597 634 745 710 quali
778 628 1097 705 pcenitentia
1130 629 1238 683 sint
1266 623 1561 696 plectendze
1596 639 1608 674 :
1651 629 1711 674 ut
1738 619 1895 675 nobis
1928 617 2140 671 videtur
2163 639 2192 680 ,ν

597 707 695 787 tali
722 725 990 783 sententia
1017 729 1142 776 sunt
1161 717 1434 780 feriendm,
1463 716 1601 769 sicut
1627 713 1770 783 magi
1793 720 1847 766 et
1869 707 2184 777 arioli,quia

602 821 868 894 magicam
904 825 1076 872 artem
1104 811 1412 868 exercuisse
1453 815 1768 864 noscuntur.
1823 803 1958 858 Nam
1998 801 2064 855 de
2098 799 2186 855 his

600 915 696 987 qui
722 912 984 984 magicam
1013 915 1187 963 artem
1215 903 1526 960 exercuisse
1559 906 1874 963 noscuntur,
1927 905 1982 951 et
2019 909 2187 964 augu-

600 983 684 1066 ria
711 983 996 1061 attendunt
1016 1041 1030 1065 ,
1057 1008 1111 1055 et
1139 996 1501 1053 divinationes
1547 993 1839 1047 observant
1869 1029 1884 1054 ,
1913 983 2186 1041 Theodori

603 1092 993 1166 archiepiscopi
1026 1090 1201 1161 gentis
1249 1087 1547 1159 Anglorum
1575 1081 1991 1139 constitutiones
2016 1077 2188 1132 habe-

602 1205 744 1252 mus,
775 1188 829 1242 in
855 1184 1050 1256 quibus
1078 1181 1339 1251 scriptum
1366 1186 1468 1234 est.
1500 1189 1526 1217 α
1555 1176 1658 1244 Qui
1710 1173 1952 1228 immolat
1986 1169 2189 1224 dmmo-

601 1279 708 1335 niis
734 1279 788 1332 in
813 1275 1074 1340 minimis,
1106 1289 1270 1328 unum
1303 1287 1504 1326 annum
1533 1269 1811 1339 pmniteat.
1843 1264 1945 1332 Qui
1979 1278 2108 1318 vero
2133 1261 2190 1316 in

602 1372 836 1443 magnis,
859 1370 1044 1424 decem
1076 1368 1232 1422 annis
1253 1366 1536 1436 paeniteat.
1574 1361 1824 1415 Rabanus
1852 1357 2034 1412 eadem
2063 1357 2191 1410 citat

603 1479 669 1519 ea:
699 1459 1156 1517 constitutionibus
1191 1457 1470 1520 Theodori,
1496 1454 1584 1508 sed
1623 1468 1740 1525 qua:
1771 1451 1974 1520 integra
2006 1449 2081 1502 sic
2113 1463 2193 1500 re-

603 1565 882 1631 praesentat
914 1555 968 1608 in
995 1552 1214 1625 cpistola
1243 1551 1312 1605 ad
1342 1549 1707 1604 Heribaldum.

681 1646 954 1702 Theodori
987 1643 1377 1714 archiepisc0pi
1423 1641 1598 1712 gentis
1649 1637 1945 1708 Anglorum
1991 1633 2195 1691 consti—

605 1743 844 1798 tutiones
871 1741 1155 1803 habemus,
1181 1738 1234 1791 in
1260 1737 1457 1807 quibus
1485 1734 1746 1802 scriptum
1784 1738 1867 1784 est
1907 1749 1917 1784 :
1959 1729 2061 1796 Qui
2095 1727 2195 1782 im-

607 1833 773 1888 molat
804 1830 1086 1887 dmmoniis
1121 1830 1176 1883 in
1222 1826 1462 1882 minimis
1490 1840 1655 1879 unum
1685 1838 1885 1877 annum
1909 1821 2190 1891 pmniteat.

607 1920 713 1992 Qui
741 1937 869 1976 vero
897 1921 951 1975 in
981 1919 1214 1991 magnis,
1237 1918 1423 1974 decem
1447 1931 1616 1970 annos
1640 1914 1918 1984 pmniteat.
1943 1912 1972 1952 ιι
2000 1911 2192 1966 Mulier

608 2013 656 2070 si
686 2029 790 2083 qua
820 2012 972 2082 ponit
1001 2010 1164 2064 filiam
1192 2024 1344 2064 suam
1372 2023 1533 2077 supra
1561 2014 1763 2060 tectum
1804 2004 1888 2058 vel
1921 2004 1975 2056 in
2005 2001 2192 2057 forna-

610 2121 730 2164 cem
777 2121 877 2176 pro
932 2104 1166 2160 sanitate
1213 2101 1416 2165 febris,
1454 2108 1659 2169 septem
1695 2112 1865 2152 annos
1910 2095 2191 2166 paeniteat.

611 2209 634 2239 ε
667 2196 772 2266 Qui
798 2197 989 2253 ardere
1015 2195 1141 2250 fecit
1170 2209 1337 2264 grana
1373 2192 1464 2247 ubi
1507 2200 1755 2246 mortuus
1790 2197 1875 2245 est
1904 2189 2067 2242 homo
2093 2202 2195 2256 pro

611 2289 843 2344 sanitate
868 2287 1162 2341 viventium
1189 2293 1244 2340 et
1267 2283 1460 2339 domus
1482 2324 1497 2350 ,
1529 2283 1770 2353 quinque
1818 2294 1988 2334 annos
2024 2276 2198 2348 poeni-

608 2388 740 2438 teat.
769 2380 828 2436 Si
851 2380 1046 2436 mulier
1070 2379 1467 2435 incantationes
1489 2375 1573 2430 vel
1599 2373 1958 2430 divinationes
1981 2370 2195 2438 fecerit,

608 2490 777 2529 unum
804 2488 1004 2528 annum
1028 2471 1111 2527 vel
1129 2481 1241 2527 tres
1261 2469 1708 2542 quadragesimas
1728 2467 1813 2522 vel
1836 2465 2200 2536 quadraginta

607 2563 727 2620 dies
749 2563 906 2635 juxta
935 2563 1250 2634 qualitatem
1299 2563 1471 2633 culpae
1504 2561 1786 2632 pmniteat.
1838 2558 1967 2612 Vide
1996 2573 2200 2629 quoque

609 2655 746 2713 Bab.
779 2655 871 2712 lib.
903 2671 966 2712 ιιι
993 2658 1058 2711 de
1090 2655 1446 2727 paenitentium
1475 2653 1858 2725 satisfactione,
1891 2667 2008 2722 cap.
2035 2648 2126 2706 48.

1371 2745 1435 2800 ll.

608 2839 698 2900 Ea:
721 2841 1135 2913 excerptionibus
1181 2839 1395 2911 Egberti
1429 2837 1776 2893 Eboracensis
1803 2832 2198 2907 archiepiscopi.

680 2934 810 2991 CAP.
860 2950 968 2990 LVI.
1006 2964 1078 2973 —
1125 2931 1428 2986 Theodorus
1468 2931 1634 2985 dicit:
1668 2931 1942 2984 Statutum
1985 2936 2046 2983 ut
2086 2929 2204 2984 sine

610 3025 936 3083 auctoritate
963 3023 1049 3078 vel
1089 3039 1356 3078 consensu
1395 3023 1770 3092 episcoporum
1810 3021 2117 3092 presbyteri
2147 3020 2202 3076 in

611 3115 941 3188 quibuslibet
964 3113 1210 3171 ecclesiis
1231 3129 1338 3170 non
1368 3113 1790 3180 constituantur,
1831 3129 1931 3170 nec
1958 3113 2082 3170 inde
2110 3129 2206 3171 ex-

2286 610 2510 675 dientia,
2559 623 2723 681 quam
2757 615 3002 680 tempore
3047 621 3158 663 suae
3202 605 3573 663 conversionis
3615 609 3845 680 promise-

2289 709 2440 757 runt.

3029 789 3117 845 Ill.

2333 885 2420 940 Ex
2463 883 2592 939 Ven.
2615 881 2775 940 Bedw
2803 881 3092 938 canonibus
3118 881 3188 936 ad
3219 882 3448 938 remedia
3474 889 3804 952 peccatorum.

2358 976 2438 1032 Ex
2485 993 2602 1031 car.
2665 991 2787 1029 vui.
2850 973 3154 1028 Theodorus
3217 973 3373 1027 dixit.
3443 972 3733 1030 Monachus
3779 975 3844 1032 fa-

2290 1071 2438 1125 ciens
2485 1068 2512 1109 ἀ
2559 1068 3004 1133 fornicationem,
3064 1075 3120 1122 et
3166 1082 3274 1122 non
3326 1067 3633 1132 inveniens,
3683 1085 3844 1127 annum

2290 1178 2457 1216 unum
2485 1161 2750 1231 paeniteat
2772 1170 2828 1218 et
2853 1159 3158 1216 dimidium.
3193 1160 3326 1215 Item
3352 1162 3654 1216 monachus
3682 1161 3847 1222 faciens

2291 1270 2414 1310 cum
2442 1253 2643 1326 puclla,
2675 1270 2771 1310 sex
2795 1269 2969 1310 annos
2995 1254 3282 1326 pceniteat.

3041 1366 3133 1422 Ν.

2292 1460 2380 1516 Ea:
2428 1459 2670 1531 capitulis
2716 1458 2917 1514 selectis
2959 1475 3226 1531 canonum
3273 1457 3711 1531 Ilibememium,

2349 1531 2417 1586 R.
2446 1527 2514 1586 Π.
2543 1531 2713 1585 Lucas
2740 1531 2992 1584 Acherius
3021 1529 3184 1583 edidit
3209 1529 3266 1583 in
3291 1527 3546 1600 Spicileg.
3587 1539 3707 1583 tom.
3731 1527 3813 1584 IX.

2367 1643 2482 1699 LIB.
2533 1661 2628 1709 LII,
2670 1659 2790 1699 car.
2824 1643 2910 1697 M.
2941 1673 3013 1683 -——
3039 1641 3116 1696 De
3145 1641 3435 1695 morticinis
3483 1641 3684 1707 suibus,
3729 1652 3771 1695 et
3803 1643 3850 1698 de

2297 1733 2612 1788 animalibus
2664 1735 2970 1804 sanguinem
3013 1734 3302 1787 humanum
3341 1734 3688 1799 sumentibus,
3727 1745 3768 1787 et
3798 1734 3848 1790 de

2298 1826 2544 1879 carnibus
2577 1825 2816 1879 comestis
2841 1842 2873 1878 a
2905 1823 3041 1896 lupis
3065 1841 3084 1889 ;
3114 1824 3180 1878 de
3206 1823 3435 1893 piscibus
3474 1834 3524 1877 et
3546 1825 3848 1895 strangulant

2297 1917 2614 1973 animalibus
2636 1935 2656 1983 ;
2678 1918 2742 1972 de
2776 1918 3014 1972 comestis
3040 1917 3104 1971 ab
3132 1917 3401 1988 accipitre,
3447 1927 3495 1970 et
3540 1917 3605 1971 de
3639 1935 3844 1990 equo.—

2299 2008 2600 2063 Tlieodorus
2625 2009 2894 2079 episcopus
2915 2009 3076 2063 dicit:
3104 2007 3282 2064 Grznci
3304 2022 3528 2064 carnem
3550 2009 3844 2065 morticinam

2297 2118 2404 2158 non
2435 2103 2566 2156 dant
2591 2102 2773 2172 porcis
2802 2102 2933 2157 suis.
2972 2114 2995 2141 ο
3025 2101 3203 2158 Pelles
3233 2117 3364 2157 vero
3389 2102 3766 2158 morticinorurn
3786 2103 3844 2159 ad

2299 2196 2666 2251 calceamenta
2695 2203 2752 2250 et
2780 2194 2960 2250 lanam
3001 2204 3057 2250 et
3093 2210 3298 2250 cornua
3333 2195 3497 2250 licent
3526 2195 3712 2266 accipi;
3757 2196 3839 2251 sed

2299 2305 2408 2345 non
2437 2289 2492 2344 in
2527 2297 2774 2344 sanctum
2801 2288 3025 2358 aliquid.
3065 2287 3267 2342 Tamen
3296 2288 3344 2342 si
3371 2302 3505 2342 casu
3537 2287 3673 2357 porci
3693 2301 3848 2342 come—

2299 2381 2430 2436 dant
2453 2395 2673 2437 carnem
2703 2380 3136 2444 morticinorum,
3170 2385 3264 2434 aut
3289 2378 3610 2449 sanguinem
3630 2376 3847 2442 hominis,

2299 2489 2407 2528 non
2473 2471 2806 2542 abjiciendos
2863 2471 3174 2536 credimus;
3243 2486 3348 2526 nec
3413 2469 3640 2541 gallinas
3695 2467 3851 2539 aequali

2300 2564 2480 2619 modo.
2526 2561 2797 2618 Animalia
2844 2577 2965 2633 quze
2997 2579 3028 2617 a
3065 2563 3228 2634 lupis,
3276 2563 3391 2618 sive
3437 2562 3660 2618 canibus
3692 2576 3850 2616 consu-

2301 2665 2545 2724 muntur,
2586 2673 2694 2711 non
2719 2655 3070 2722 comedenda,
3103 2657 3208 2712 nisi
3237 2657 3420 2727 porcis
3459 2657 3795 2728 proiiciantur
3811 2663 3854 2712 et

2303 2749 2572 2815 canibus;
2620 2763 2722 2804 nec
2768 2763 2984 2815 cervus,
3036 2763 3137 2804 nec
3166 2764 3318 2818 aper,
3363 2749 3409 2802 si
3457 2749 3657 2803 mortui
3690 2747 3852 2803 inventi

2304 2837 2540 2906 fuerint;
2588 2841 2766 2911 pisces
2809 2848 2991 2895 autem
3038 2839 3242 2906 licent,
3287 2839 3380 2910 qui
3423 2839 3650 2895 alterius
3689 2849 3856 2895 natura

2305 2940 2450 2988 sunt.
2501 2917 2642 2988 Aves
2666 2942 2720 2988 et
2748 2933 3002 2987 animalia
3042 2941 3258 2998 caetera,
3309 2932 3356 2987 si
3387 2932 3441 2986 in
3475 2932 3678 2987 retibus
3717 2940 3857 2986 stran-

2306 3025 2578 3097 gulentur,
2634 3042 2740 3080 non
2792 3034 2919 3081 sunt
2964 3025 3315 3080 comedenda.
3365 3022 3566 3079 Paulus
3601 3025 3735 3078 enim
3769 3023 3856 3077 ait:

2305 3119 2570 3176 Abstinet-e
2595 3136 2682 3174 vos
2725 3137 2760 3173 α
2793 3119 3050 3189 suﬁ'ocato
3082 3119 3366 3189 sanguine,
3413 3126 3461 3172 et
3501 3118 3567 3171 ab
3599 3115 3860 3171 idololatria

611 3209 902 3282 pellantur,
936 3215 992 3264 et
1021 3207 1066 3263 si
1099 3208 1220 3278 quis
1249 3208 1351 3263 hoc
1378 3206 1558 3264 facere
1602 3207 1911 3274 tentaverit,
1961 3206 2206 3279 synodali
2227 3237 2278 3301 α
2311 3211 2452 3282 (Act.
2476 3227 2590 3277 xxi,
2613 3209 2727 3283 25).
2756 3210 3018 3266 Similiter
3043 3210 3112 3265 ab
3137 3209 3399 3280 accipitre
3427 3218 3657 3264 mortua.
3686 3209 3863 3278 Equum

611 3303 884 3361 sententia
917 3301 1164 3356 feriatur.

684 3393 812 3451 CAP.
869 3409 1014 3450 var.
1076 3392 1380 3448 Theodorus
1441 3393 1588 3447 dicit.
1653 3391 1904 3448 Monachi
1949 3407 2058 3449 non
2105 3393 2207 3449 mi-

687 3543 713 3572 ι
742 3532 968 3597 Regino,
993 3531 1086 3586 lib.
1106 3547 1167 3596 ιι,
1191 3547 1238 3585 c.
1272 3530 1396 3594 560,
1425 3530 1521 3584 561
1545 3547 1558 3594 ς
1584 3529 1810 3597 Burcb.,
1834 3529 1926 3583 lib.
1954 3545 2008 3594 ιι,
2033 3545 2082 3584 c.
2115 3528 2200 3585 15.

687 3601 715 3641 1³
738 3601 893 3657 Beda:
916 3619 1036 3658 can.
1071 3601 1140 3655 ad
1176 3602 1402 3656 remedia
1432 3611 1780 3670 peccatorum,
1811 3618 1860 3656 c.
1897 3602 1982 3654 Η.

687 3683 712 3713 ο
739 3673 966 3746 Regino,
989 3673 1081 3729 lib.
1104 3689 1164 3738 ιι,
1192 3688 1310 3743 cap.
1333 3671 1468 3737 357;
1499 3671 1722 3738 Burcb.,
1758 3672 1850 3726 lib.
1875 3689 1929 3737 ιι,
1957 3687 2074 3744 cap.
2105 3670 2196 3726 24.

2309 3319 2419 3360 non
2465 3303 2791 3375 prohibent:
2842 3312 3023 3359 tamen
3077 3302 3414 3359 consuetudo
3454 3317 3559 3358 non
3604 3309 3678 3358 est
3703 3315 3864 3356 come-

2309 3398 2458 3454 dere.

2378 3532 2406 3572 ἀ
2441 3522 2714 3605 ρυωτω,
2766 3532 2818 3588 ἰιι
2849 3531 3047 3605 Pmnit.
3073 3531 3300 3605 antiquo
3339 3530 3570 3605 Andeg.,
3611 3529 3738 3588 etin
3765 3526 3866 3586 eod.

2311 3620 2415 3662 ms.
2446 3605 2546 3658 viri
2573 3604 2640 3658 cl.
2670 3606 2796 3658 Ant.
2830 3603 3033 3657 domini
3055 3602 3400 3658 d'éllrouval.

2397 3687 2420 3716 ο
2441 3675 2554 3741 lvo,
2579 3691 2633 3747 p.
2661 3691 2770 3743 xrv,
2797 3691 2848 3731 c.
2871 3673 2960 3741 97,
2992 3689 3055 3732 ex
3083 3673 3280 3729 Poenit.
3317 3673 3421 3730 Th.

621 3809 3861 3844 Μ

1353 3916 1853 3982 FRAGMENTA
1894 3917 2008 3978 EX
2065 3914 2326 3977 LIBBlS
2388 3915 3172 3982 POENITENTIALIBUS.

917 4273 1010 4332 EX
1033 4272 1561 4332 POENITENTIALI
1592 4271 1900 4332 ROMANO.

622 4414 748 4474 Τιτ.
776 4429 817 4481 ι,
855 4427 973 4470 CAP.
1000 4427 1059 4467 Χ.
1086 4412 1166 4466 De
1191 4411 1296 4466 illis
1322 4411 1412 4482 qui
1440 4428 1534 4481 pro
1559 4411 1787 4466 vindicta
1809 4418 2088 4482 parentant
2115 4408 2212 4464 ho-

1088 4483 1358 4538 micidium
1382 4482 1732 4536 committunt.

1030 4599 1132 4673 (Ex
1161 4597 1453 4656 Poenitent.
1486 4596 1805 4670 Theodori.)

695 4727 720 4758 ι
747 4713 848 4783 Qui
871 4728 970 4786 pro
1004 4713 1240 4768 vindicta
1269 4710 1456 4768 fratris
1478 4753 1492 4778 ,
1535 4718 1629 4766 aut
1655 4710 1885 4765 aliorum
1926 4715 2212 4780 parentum

623 4809 898 4865 hominem
929 4807 1206 4872 occiderit,
1236 4806 1311 4860 ita
1332 4805 1593 4876 paeniteat
1613 4813 1674 4859 ut
1702 4803 1994 4859 homicidia
2021 4811 2215 4872 sponte

626 4901 912 4956 commissa
937 4917 950 4954 :
987 4915 1108 4955 cum
1137 4899 1254 4971 ipsa
1279 4897 1495 4954 Veritas
1519 4897 1665 4953 dicat
1690 4913 1702 4951 :
1735 4893 1868 4950 Mihi
1894 4894 2212 4960 vindictam,

627 5001 674 5048 et
696 5008 788 5062 ego
810 4991 1113 5046 retribuam.

629 5099 755 5158 Τιτ.
785 5117 849 5172 ιι,
887 5119 1006 5158 ειν.
1035 5119 1108 5158 iv.
1139 5101 1219 5156 De
1243 5100 1349 5156 illis
1369 5102 1458 5173 qui
1484 5117 1538 5156 se
1566 5101 1786 5156 scienter
1809 5098 2211 5171 perjuravermt.

1007 5211 1108 5285 (Ex
1136 5212 1498 5268 Pmnitentiali
1529 5209 1842 5283 Theodori.)

706 5325 736 5367 δ
766 5322 826 5379 Si
867 5323 988 5394 quis
1013 5325 1322 5396 suspicatur
1351 5325 1495 5396 quod
1529 5324 1597 5379 ad
1640 5323 1935 5395 perjurium
1966 5322 2212 5388 ducatur,

634 5427 691 5477 et
716 5427 892 5475 tamen
919 5433 986 5473 ex
1014 5434 1280 5476 consensu
1301 5417 1469 5488 jurat,
1521 5417 1877 5488 quadraginta
1903 5416 2018 5471 dies
2045 5415 2220 5485 paeni-

635 5525 765 5583 teat,
812 5524 870 5573 et
915 5523 1118 5586 septem
1167 5522 1454 5585 sequentes
1491 5528 1694 5578 annos,
1748 5519 1804 5567 et
1838 5524 2112 5583 nunquam
2147 5508 2220 5566 sit

636 5609 756 5669 sine
782 5609 932 5684 gravi
966 5607 1303 5681 pmnitentia.

711 5783 738 5813 ι
768 5770 996 5844 Βθείιιίο,
1027 5769 1064 5825 l.
1097 5785 1160 5836 ιι,
1196 5783 1244 5824 c.
1271 5768 1372 5834 25;
1407 5765 1632 5832 Burcb.,
1661 5763 1756 5820 lib.
1778 5778 1867 5835 Νι,
1899 5775 1948 5816 c.
1987 5758 2078 5828 32,
2105 5758 2218 5828 lvo,

639 5858 694 5916 po
715 5843 1016 5982 g’iicabffin
1037 5929 1123 5986 ep.
1152 5913 1220 5970 ad
1244 5909 1544 5980 Heribald,
1566 5925 1615 5966 c.
1649 5909 1752 5976 l8;
1781 5904 2006 5979 Regina,
2030 5903 2123 5962 lib.
2155 5917 2220 5973 ιι,

2315 4159 2440 4218 Τιτ.
2476 4175 2534 4218 ιιι
2599 4173 2718 4215 CAP.
2767 4172 2915 4212 xxrv.
2951 4151 3288 4283 gedhis.‘qui
3313 4150 3565 4222 fornicati
3609 4159 3727 4206 sunt
3762 4147 3871 4204 sicut

2996 4243 3024 4282 o
3067 4241 3260 4280 omne.

2996 4241 3260 4282 oaomitae.

2688 4322 2789 4393 (Ex
2822 4318 3183 4376 Pmnitentiali
3205 4316 3525 4387 Theodori.)

2389 4426 2412 4457 ο
2446 4415 2503 4472 Si
2530 4414 2652 4486 quis
2680 4413 2978 4470 fornicatus
3027 4410 3190 4467 fuerit
3212 4451 3228 4477 ,
3263 4410 3405 4466 sicut
3434 4407 3737 4464 Sodomita).
3763 4407 3881 4462 fece-

2315 4519 2466 4577 runt,
2506 4510 2552 4565 si
2577 4509 2880 4580 episcopus,
2914 4504 3105 4576 viginti
3135 4503 3375 4574 quinque
3404 4517 3579 4557 annos
3611 4501 3881 4572 pmniteat:

2240 4599 2295 4663 1)
2318 4603 2556 4675 quinque
2581 4617 2648 4656 ex
2674 4601 2759 4656 his
2791 4601 2844 4655 in
2881 4615 3022 4670 pane
3051 4606 3107 4654 et
3132 4612 3296 4668 aqua,
3341 4612 3407 4652 ex
3437 4595 3591 4650 omni
3622 4593 3793 4650 ollicio
3813 4594 3886 4647 de-

2314 4686 2562 4768 ponatur,
2595 4692 2990 4765 peregrinando
3017 4691 3169 4745 ﬁniat
3202 4689 3318 4744 dies
3340 4687 3464 4742 vita:
3500 4703 3640 4743 sum.
3681 4686 3884 4755 Presby-

2316 4797 2400 4844 ter
2427 4786 2734 4859 quindecim
2780 4799 2952 4840 annos
2995 4782 3277 4854 pceniteat,
3329 4780 3570 4850 quinque
3621 4795 3692 4834 ex
3738 4779 3816 4834 his
3845 4775 3886 4828 in

2314 4895 2452 4953 pane
2481 4887 2536 4936 et
2564 4893 2723 4948 aqua,
2755 4875 3020 4947 superiori
3052 4871 3321 4930 sententia
3359 4871 3689 4941 deponatur.
3725 4868 3886 4922 Diaco-

2313 4989 2417 5029 nus
2446 4981 2503 5028 et
2534 4971 2832 5026 monachus
2860 4967 3143 5024 duodecim
3188 4979 3380 5030 annos,
3430 4972 3548 5018 tres
3577 4962 3636 5016 in
3680 4974 3811 5032 pane
3845 4963 3888 5010 et

2315 5079 2474 5134 aqua,
2505 5070 2560 5117 et
2584 5062 2904 5130 deponatur.
2945 5055 3127 5110 Addit.
3155 5052 3332 5108 Ansel.
3360 5070 3372 5105 :
3414 5051 3473 5106 Si
3503 5059 3693 5106 autem
3722 5062 3886 5110 senex,

2315 5161 2408 5209 aut
2437 5168 2579 5224 aeger
2602 5150 2798 5215 fuerit,
2843 5146 3155 5202 carceribus
3183 5143 3487 5199 tenebrosis
3517 5142 3768 5198 reclusus
3790 5151 3888 5210 pa-

2314 5245 2486 5302 niteat
2514 5241 2764 5298 omnibus
2791 5240 2982 5296 diebus
3006 5239 3132 5293 vitae
3167 5252 3298 5293 sum.

2388 5338 2512 5394 Τιἰ.
2546 5353 2646 5404 ιιι,
2691 5351 2810 5392 ων.
2852 5351 2981 5390 xxv.
3039 5332 3118 5387 De
3153 5349 3214 5388 eo
3259 5331 3351 5404 qui
3397 5328 3661 5402 fornicari
3693 5327 3816 5393 vult,
3852 5329 3890 5379 et

2951 5422 3054 5460 non
3079 5412 3268 5476 potest.

2387 5503 2413 5544 ἀ
2450 5501 2508 5558 Si
2541 5501 2663 5573 quis
2703 5499 3090 5571 concupiscens
3116 5496 3398 5564 fornicari,
3425 5503 3482 5554 et
3508 5511 3618 5552 non
3647 5487 3893 5566 potuerit,

2321 5605 2412 5652 aut
2440 5594 2635 5651 mulier
2663 5609 2770 5649 non
2793 5591 3092 5665 susceperit
3112 5607 3258 5660 eum,
3286 5590 3335 5646 si
3359 5590 3673 5661 episcopus,
3704 5592 3893 5659 septem

2320 5772 2369 5814 c.
2397 5753 2504 5810 526
2528 5770 2542 5820 ;
2564 5752 2789 5817 Burcb.,
2815 5749 2853 5804 l.
2878 5766 2978 5816 xu,
3003 5765 3052 5806 e.
3085 5748 3189 5818 ii;
3230 5748 3345 5818 lvo,
3371 5761 3428 5820 p.
3459 5761 3593 5816 Lxu,
3630 5760 3689 5802 c.
3730 5741 3814 5801 68.

2391 5839 2414 5867 ο
2448 5825 2656 5890 Ansel.,
2683 5823 2775 5878 lib.
2809 5837 2889 5888 xl,
2925 5836 2974 5876 c.
2999 5821 3089 5876 97.

2391 5898 2418 5940 ά
2445 5896 2654 5965 Ansel.,
2684 5894 2720 5950 l.
2745 5909 2822 5963 ιιι,
2853 5909 2902 5950 c.
2933 5891 3052 5951 129.
