4020 6360
151 365 260 428 961

844 345 1404 417 PCENITENTIALE.
1430 378 1518 428 .--
1554 340 1896 405 CAPITULA
1936 336 2295 399 COLLECTA
2335 335 2432 395 EX
2467 330 2728 393 FRAGM.

3324 322 3433 390 962
3448 398 3449 401 η

150 496 334 540 annos
356 476 657 551 poeniteat;
699 474 1005 546 presbyter,
1048 473 1327 543 quinque;
1374 469 1632 525 diaconus
1658 464 1745 519 vel
1773 459 1822 521 Α
1847 458 2005 551 nistri
2040 456 2197 551 iuxta
2245 456 2489 513 ordinem
2531 454 2736 551 iudicio
2786 448 3082 551 sacerdotis
3098 451 3434 551 pceniteant.

148 571 481 635 monachus,
508 576 657 622 tres:
702 580 771 621 ex
793 564 880 619 his
909 580 1074 619 unum
1106 565 1161 619 in
1188 577 1329 634 pane
1350 570 1406 618 et
1431 574 1570 632 aqua
1599 575 1613 626 ;
1644 556 1747 613 cle-

148 663 258 721 rici
298 663 383 717 vel
409 662 550 727 laici,
587 660 722 715 duos
749 673 921 714 annos
948 656 1266 727 poeniteant.

145 774 286 837 CAP.
332 791 481 832 xxix.
514 773 755 843 Qualiter
796 774 1041 846 paenitere
1066 773 1249 827 debeat
1276 784 1392 842 qua:
1430 765 1747 823 lenocinium

818 854 1085 916 operatur.
1392 848 1410 855 ”

790 951 1121 992 THEODORUS.

221 1044 250 1074 ι
280 1030 590 1087 Exercuisti
618 1029 966 1094 lenocinium,
990 1027 1160 1082 autin
1183 1026 1373 1096 teipsa,
1406 1032 1499 1079 aut
1527 1023 1580 1079 in
1605 1021 1743 1088 aliis,

144 1124 222 1179 ita
270 1122 417 1189 dico,
466 1130 529 1183 ut
567 1132 662 1178 tuo
706 1121 1014 1176 meretricio
1052 1135 1204 1175 more
1255 1119 1365 1173 tuis
1416 1117 1749 1171 amatoribus

145 1231 359 1286 corpus
398 1224 551 1270 tuum
594 1217 662 1270 ad
707 1194 1180 1279 tractandumfet
1217 1212 1285 1267 ad
1336 1211 1746 1275 sordidandum,

144 1325 251 1381 pro
297 1310 480 1380 pretio
506 1309 774 1365 tradidisti
801 1328 813 1363 :
839 1325 956 1376 seu,
990 1309 1135 1379 quod
1164 1307 1434 1363 crudelius
1485 1315 1577 1361 aut
1605 1304 1750 1375 peri-

145 1401 419 1467 culosius,
466 1401 703 1457 alienum
746 1416 967 1472 corpus,
1013 1400 1137 1455 ﬁliae
1168 1399 1289 1455 dico
1316 1398 1402 1452 vel
1446 1396 1646 1466 neptis,
1694 1400 1750 1448 et

146 1491 390 1562 alicujus
427 1492 746 1548 Christianae
775 1492 1106 1547 amatoribus
1131 1489 1442 1554 vendidisti,
1482 1488 1568 1541 vel
1614 1502 1748 1541 con-

146 1584 409 1650 cessisti,
459 1583 545 1639 vel
585 1584 917 1639 internuntia
938 1581 1088 1638 fuisti
1109 1582 1195 1637 vel
1239 1579 1523 1637 consiliata
1554 1594 1646 1643 es,
1691 1583 1751 1631 ut

144 1685 409 1749 stuprum
432 1677 648 1748 aliquod
678 1677 774 1731 tali
799 1676 961 1732 modo
976 1681 1404 1746 perpetraretur,
1422 1673 1559 1728 duos
1579 1686 1751 1725 annos

144 1771 429 1844 paeniteas
450 1784 547 1842 per
574 1770 838 1841 legitimas
863 1768 1046 1824 ferias.
1078 1768 1280 1824 Tamen
1306 1767 1362 1821 in
1388 1764 1617 1822 concilio
1647 1763 1752 1818 Eli-

1852 550 1999 606 Laici
2042 550 2189 605 velut
2224 558 2350 603 vota
2392 564 2498 603 non
2534 549 2815 612 habentes,
2863 545 2909 601 si
2940 545 3299 614 inebriantur,
3345 564 3438 604 ar-

1770 706 1773 713 ,
1853 652 2085 716 guantur
2122 660 2152 699 a
2201 643 2500 708 sacerdote,
2526 642 2695 712 quod
2720 641 2919 696 ebriosi
2948 656 3172 712 regnum
3198 642 3293 697 Dei
3330 658 3439 699 non

1851 738 2227 808 possidebunt,
2274 743 2326 791 et
2355 736 2606 791 interitus
2654 735 2724 789 sit
2763 735 3018 800 ebrietas,
3057 744 3111 789 et
3155 736 3442 806 compellat

1852 844 1945 884 eos
1970 829 2254 898 poenitere.
2290 827 2393 895 Qui
2422 828 2564 897 cogit
2593 826 2867 881 hominem
2896 835 2954 880 ut
2985 827 3305 892 inebrietur,
3342 829 3444 883 hu-

1854 920 2129 973 manitatis
2176 918 2349 988 gratia
2398 918 2663 972 acerrime
2703 917 3067 987 corripiatur,
3127 925 3182 973 et
3234 926 3440 988 septem

1855 1011 1966 1066 dies
2008 1010 2287 1081 pmniteat.
2349 1008 2406 1062 Si
2450 1026 2548 1078 per
2586 1016 2951 1079 contemptum
2979 1051 2993 1075 ,
3043 1010 3264 1079 triginta
3301 1008 3439 1066 dies.

1853 1100 2042 1155 Nullus
2088 1101 2427 1155 Christianus
2466 1100 2629 1154 alium
2674 1101 2794 1171 plus
2837 1101 3022 1156 bibere
3057 1110 3235 1172 cogat,
3279 1116 3440 1171 quam

1854 1201 2059 1249 naturae
2099 1191 2347 1247 sulllciat.
2402 1193 2554 1259 Quod
2602 1193 2645 1247 si
2690 1192 2897 1259 fecerit,
2927 1193 3082 1262 juxta
3112 1194 3164 1248 id
3212 1195 3354 1264 quod
3386 1194 3441 1248 in

1854 1286 2218 1341 Ptenitentiali
2244 1287 2487 1349 habetur,
2522 1286 2801 1354 poeniteat.

1855 1377 1978 1435 Tt'r.
2022 1395 2122 1435 vn.
2150 1394 2267 1435 car.
2314 1394 2442 1432 xxx.
2482 1378 2562 1431 De
2600 1376 2704 1431 illis
2731 1378 2819 1448 qui
2845 1377 3143 1432 Christiana
3181 1378 3443 1449 mancipia

2453 1471 2841 1540 (replicauerint.

2148 1546 2157 1560 ‘
2222 1562 2321 1634 (Ex
2351 1561 2715 1616 Ptenitentiali
2750 1560 3065 1634 Theodori.)

1924 1655 1954 1696 ιι
1984 1654 2041 1710 Si
2069 1655 2189 1725 quis
2218 1668 2593 1725 quemcunque
2624 1654 2899 1709 hominem
2945 1654 3186 1725 quolibet
3224 1653 3442 1727 ingenio

1856 1748 2250 1819 captivaverit,
2306 1756 2399 1801 aut
2447 1746 2807 1802 transmiserit
2834 1788 2849 1806 .
2903 1755 3014 1802 tres
3056 1762 3227 1804 annos
3264 1747 3443 1819 poeni-

144 1824 387 1917 bertano
414 1824 813 1934 h(princi’pitur,
844 1869 905 1915 ut
932 1860 1021 1914 illa
1047 1876 1167 1930 quae
1192 1859 1308 1913 haec
1332 1854 1750 1930 perpetraverit,
1858 1845 1991 1932 lfat-

146 1954 254 2010 nisi
284 1955 352 2009 in
379 1955 507 2022 fine,
541 1954 774 2025 accipiat
800 1953 1259 2009 communionem.

146 2046 277 2104 Τιτ.
308 2061 403 2113 1v,
438 2061 556 2101 car.
603 2060 678 2101 ιν.
726 2043 805 2099 De
848 2043 989 2115 furto
1033 2059 1126 2113 per
1170 2041 1528 2098 necessitatem
1574 2052 1756 2111 perpe-

872 2124 1029 2168 trato.

791 2224 1124 2265 THEODOBUS.

223 2315 249 2348 ο
284 2305 348 2362 Si
390 2303 515 2374 quis
540 2302 1053 2373 per.necessitatem
1076 2300 1286 2357 furatus
1326 2300 1493 2356 fuerit
1525 2297 1755 2364 cibaria,

151 2398 237 2456 vel
261 2407 502 2463 vestem,
521 2403 615 2451 aut
631 2410 795 2466 pecus
816 2410 915 2465 per
942 2392 1163 2459 famem,
1196 2402 1289 2447 aut
1316 2408 1412 2463 per
1434 2392 1751 2456 nuditatem,

152 2492 425 2564 pteniteat
454 2488 819 2545 hebdomadas
857 2495 986 2543 tres.
1037 2486 1096 2541 Si
1122 2486 1438 2553 reddiderit,
1461 2500 1569 2541 non
1598 2499 1758 2555 coga-

156 2592 247 2639 tur
268 2580 545 2653 ieiunare.

571 2673 700 2729 Car.
737 2688 792 2726 v.
832 2671 911 2727 De
936 2671 1078 2742 furto
1114 2669 1351 2741 capitali.

234 2770 262 2810 ει
290 2770 351 2825 Si
403 2770 527 2839 quis
577 2766 781 2822 furtum
840 2765 1069 2837 capitale
1115 2763 1488 2830 commiserit,
1542 2764 1598 2818 id
1653 2770 1755 2829 est,

167 2861 540 2933 quadrupedia
571 2858 755 2928 tulerit
776 2858 863 2914 vel
899 2873 1056 2914 casas
1088 2855 1378 2927 effregerit,
1431 2862 1637 2925 septem
1664 2871 1761 2909 an—
1849 2910 1852 2913 .

163 2972 272 3012 nos
300 2956 578 3026 paeniteat,
630 2962 684 3009 et
716 2954 858 3023 quod
887 2952 1127 3007 furatum
1153 2959 1254 3016 est,
1284 2951 1492 3007 reddat.
1542 2949 1601 3003 Si
1638 2949 1761 3018 quis

158 3056 351 3103 autem
393 3047 462 3102 de
488 3046 788 3101 minoribus
819 3043 1002 3109 semel,
1038 3051 1131 3098 aut
1175 3042 1258 3098 bis
1302 3042 1506 3096 furtum
1547 3040 1757 3107 fecerit,

156 3141 359 3196 reddat
388 3141 533 3210 quod
555 3140 696 3205 tulit,
722 3147 777 3193 et
801 3155 943 3195 anno
972 3154 1080 3193 uno
1104 3137 1384 3207 poeniteat.
1416 3135 1633 3190 Addunt
1659 3134 1763 3188 Re-

153 3233 280 3303 gina
329 3241 381 3285 et
432 3229 674 3284 Burch.:
722 3230 807 3285 vel
854 3230 899 3285 si
940 3229 1062 3300 quis
1103 3227 1408 3297 sepdcrum
1454 3226 1758 3293 violaverit,

154 3331 379 3394 septem
431 3338 600 3377 annos
646 3321 948 3394 poeniteat,
1004 3328 1115 3375 tres
1168 3334 1236 3375 ex
1286 3318 1372 3373 his
1420 3318 1476 3372 in
1521 3332 1664 3387 pane
1709 3325 1764 3372 et

156 3430 336 3486 aqua.

152 3508 292 3565 Car.
324 3524 406 3564 xx.
442 3505 594 3573 Quod
615 3516 670 3562 ut
698 3505 982 3575 sacrilegus
996 3504 1322 3575 judicandus
1345 3512 1417 3558 est
1443 3502 1534 3575 qui
1561 3510 1761 3573 patrem

654 3577 728 3634 vel
758 3586 977 3631 matrem
1003 3575 1281 3646 expulerit.

804 3685 1134 3726 τιιεουοιωε.

232 3777 259 3807 ο
288 3765 357 3821 Si
385 3763 511 3835 quis
536 3772 747 3835 patrem
774 3762 858 3817 vel
883 3770 1112 3816 matrem
1154 3757 1444 3830 expulerit,
1476 3757 1674 3830 impius
1710 3765 1767 3812 et

152 3859 477 3928 sacrilegus
518 3855 840 3927 iudicandus
884 3861 986 3909 est.
1038 3851 1307 3907 Pteniteat
1350 3860 1528 3908 autem
1572 3850 1766 3922 aequali

155 3961 442 4024 tempore,
473 3947 708 4019 quandiu
747 3946 802 4001 in
831 3946 1109 4017 impietate
1134 3944 1225 4000 illa
1252 3944 1537 4000 exstiterit.

635 4040 764 4097 Car.
794 4056 891 4095 xu.
921 4039 1000 4093 De
1023 4038 1202 4093 eadem
1234 4055 1307 4093 re.

817 4146 1146 4188 THEODORUS.

240 4233 262 4274 ι
297 4225 635 4287 Maledixisti
658 4225 801 4297 patri
828 4225 907 4281 vel
932 4224 1092 4279 matri
1110 4232 1240 4289 tute,
1256 4222 1339 4278 vel
1356 4222 1631 4292 flagellasti
1654 4238 1768 4290 eos,

152 4326 246 4384 vel
289 4326 357 4380 in
379 4321 566 4392 aliquo
598 4318 986 4384 dehonestasti,
1018 4318 1377 4388 quadraginta
1407 4317 1521 4372 dies
1558 4317 1612 4370 in
1634 4332 1774 4386 pane

157 4430 218 4477 et
264 4430 425 4485 aqua
473 4418 847 4482 cum‘septem
889 4411 1237 4481 sequentibus
1286 4409 1443 4464 anuis
1485 4412 1770 4479 pceniteas,

2008 1929 2137 1986 Car.
2180 1946 2332 1985 xxxx.
2361 1927 2439 1986 De
2477 1930 2929 1987 administratione
2954 1932 3285 1989 xenodochii.

2232 2021 2333 2093 (Ex
2362 2022 2727 2077 Pmnitentiali
2756 2025 3066 2095 Theodori.)

1932 2108 1948 2147 i
1983 2106 2041 2162 Si
2068 2106 2189 2176 quis
2228 2108 2563 2163 xenodoebia
2609 2125 2907 2179 pauperum
2934 2110 3313 2179 administrat,
3360 2111 3449 2171 vel

1854 2196 2092 2252 decimas
2135 2199 2317 2267 populi
2352 2201 2680 2269 susceperit,
2728 2210 2784 2256 et
2812 2202 3006 2258 exinde
3032 2203 3116 2258 vel
3141 2204 3256 2260 suis
3279 2219 3450 2260 saecu-

1854 2287 2060 2343 laribus
2092 2290 2258 2345 lucris
2303 2292 2618 2347 sectandum
2656 2294 2859 2363 aliquid
2885 2296 3239 2363 subtraxerit,
3291 2298 3450 2366 quasi

1857 2399 2039 2442 rerum
2069 2388 2288 2442 invasor
2320 2404 2445 2443 reus
2475 2391 2730 2443 damnum
2761 2390 3034 2456 restituat,
3070 2399 3125 2445 et
3154 2392 3254 2446 sub
3282 2406 3451 2469 cano-

1856 2482 1981 2536 nico
2020 2479 2227 2549 judicio
2269 2481 2612 2547 reformetur,
2658 2492 2712 2537 et
2743 2493 2867 2554 agat
2915 2484 3289 2553 pmnitentiam
3336 2492 3450 2542 tres

1857 2586 2047 2626 annos.
2084 2570 2354 2641 Scriptum
2393 2582 2477 2628 est
2506 2574 2689 2627 enim:
2722 2574 2905 2629 Talem
2936 2574 3196 2631 Dominus
3223 2576 3444 2647 dispen-

1858 2671 2095 2717 satorem
2124 2664 2337 2732 quaerit,
2368 2665 2455 2733 qui
2491 2664 2591 2719 sibi
2620 2668 2685 2721 de
2715 2667 2827 2721 suis
2858 2666 2993 2721 nihil
3028 2676 3270 2738 usurpet.

1861 2754 1984 2811 Τιτ.
2016 2770 2135 2821 vm,
2164 2771 2281 2810 car.
2311 2774 2387 2811 x1.
2438 2757 2702 2829 Nubentes
2745 2769 2857 2829 post
2894 2769 3067 2814 votum
3108 2776 3212 2816 non
3235 2770 3357 2817 sunt
3383 2760 3449 2817 ab

2378 2828 2594 2882 invicem
2620 2828 2921 2899 separandi.
3487 2836 3490 2840 ’

2262 2994 2267 2997 τ
2489 2938 2818 2978 TIIEODORUS.

1934 3008 1992 3065 Si
2052 3011 2135 3066 vir
2186 3019 2370 3067 votum
2427 3012 2440 3062 i
2503 3014 2833 3083 virginitatis
2884 3015 3092 3072 habens
3147 3016 3458 3090 adiungitur

1860 3102 2035 3168 uxori,
2069 3111 2258 3172 postea
2286 3119 2394 3158 non
2422 3104 2658 3160 dimittat
2684 3122 2931 3167 uxorem.
2965 3108 3059 3164 sed
3098 3108 3274 3167 tribus
3298 3109 3457 3167 annis

1857 2021 1919 2031 ,Α

1786 3182 1834 3248 C
1864 3194 2143 3265 pteniteat.

2626 3288 2689 3347 ll.

2069 3380 2163 3436 EX
2187 3379 2698 3439 POENITENTIALI
2728 3384 2981 3442 RABANI
3009 3388 3249 3446 MAURI.

2237 3490 2627 3531 ARCIIIEPISCOPI
2663 3493 3099 3536 MOGUNTINENSIS.

2042 3562 2158 3618 Lm.
2191 3581 2273 3629 ιιι,
2302 3580 2419 3619 αλιι.
2451 3582 2526 3619 vi.
2558 3566 2634 3620 De
2657 3570 2970 3637 pwnitentiis
2992 3571 3270 3630 laicorum.

1936 3653 2070 3711 ltem
2098 3658 2151 3711 in
2177 3659 2493 3726 poenitentia
2515 3700 2529 3725 ,
2562 3675 2723 3729 quam
2753 3664 3066 3722 Theodorus
3097 3644 3457 3740 archiepisco-

1867 3762 1970 3819 pus
1993 3747 2287 3805 Britannia:
2325 3768 2447 3805 cum
2480 3754 2691 3808 caeteris
2733 3756 3000 3828 episcopis
3027 3763 3327 3828 constituit,
3379 3764 3455 3821 ita

1870 3840 2174 3895 continetur
2199 3856 2212 3894 :
2243 3842 2299 3895 Si
2328 3843 2487 3898 homo
2524 3855 2750 3901 vexatus
2777 3856 2858 3902 est
2885 3864 2915 3902 a
2943 3851 3181 3918 diabolo,
3208 3862 3262 3908 et
3288 3856 3462 3911 nescit

1870 3932 2071 4002 aliquid
2101 3934 2205 3987 nisi
2236 3934 2434 4005 ubique
2453 3937 2777 4006 discurrere,
2807 3950 2862 3995 et
2883 3944 3081 3998 occidit
3109 3948 3461 4017 semetipsum

1871 4039 2194 4095 quacunque
2224 4040 2410 4093 causa,
2447 4029 2668 4097 prodest
2708 4038 2767 4083 ut
2808 4042 2993 4087 oretur
3016 4050 3114 4104 pro
3144 4052 3231 4103 eo,
3269 4038 3313 4093 si
3337 4049 3463 4097 ante

1874 4116 2159 4188 religiosus
2185 4125 2340 4185 erat;
2388 4119 2433 4173 si
2460 4134 2557 4188 pro
2592 4120 2988 4191 desperatione,
3030 4136 3124 4180 aut
3149 4144 3247 4197 pro
3271 4129 3463 4187 timore

1874 4209 2077 4279 aliquo,
2123 4220 2216 4264 aut
2250 4226 2350 4280 pro
2389 4212 2568 4267 causis
2607 4213 2915 4285 incognitis,
2968 4218 3076 4273 Deo
3106 4220 3462 4289 relinquimus

1874 4307 1978 4363 hoc
1998 4307 2284 4376 iudicium,
2315 4317 2369 4364 et
2402 4325 2508 4363 non
2543 4311 2660 4365 ausi
2707 4328 2895 4367 sumus
2936 4328 3035 4382 pro
3074 4329 3139 4369 eo
3164 4332 3337 4380 orare,
3368 4316 3463 4386 qui

1876 4398 2229 4467 semetipsum
2268 4400 2530 4455 occiderit
2573 4403 2790 4472 propria
2820 4419 2916 4457 sua
2947 4405 3238 4461 voluntate.
3272 4406 3464 4462 Missas

159 4512 304 4581 quia
343 4505 607 4561 Dominus
634 4503 805 4557 dixit:
854 4500 955 4566 Qui
986 4500 1317 4555 maledixerit
1356 4501 1496 4571 patri
1536 4517 1651 4567 suo,
1696 4498 1774 4555 vel
1806 4504 1976 4581 “Dm
2001 4504 2066 4543 θο
2107 4488 2287 4543 facere
2332 4504 2440 4543 ¹¹⁰¹¹
2464 4490 2614 4557 licet,
2660 4492 2754 4547 Sed
2787 4500 2991 4547 tantum
3021 4509 3201 4560 oraret
3245 4502 3301 4550 et
3323 4493 3465 4551 elce‘

157 4600 367 4665 matri,
406 4606 572 4651 morte
593 4596 871 4649 moriatur.

384 4689 508 4743 Τιτ.
539 4703 594 4753 v,
623 4702 740 4741 CAP.
770 4701 850 4741 ιιι.
880 4684 960 4740 De
982 4684 1203 4756 crapula
1239 4694 1288 4741 et
1314 4686 1581 4741 ebrietate.

824 4794 1157 4834 TllEODORUS.
1462 4826 1463 4829 η

244 4881 275 4921 8
290 4873 571 4933 Sacerdos
596 4871 865 4943 quislibet,
885 4872 928 4926 si
952 4872 1251 4951 inebriatur
1272 4885 1370 4942 per
1397 4872 1777 4942 ignorantiam,

159 4982 397 5043 septem
428 4965 546 5033 dies
577 4966 837 5035 poeniteat
872 4964 926 5018 in
949 4980 1089 5034 pane
1116 4973 1169 5021 et
1195 4980 1353 5034 aqua.
1394 4964 1450 5020 Si
1476 4980 1574 5035 per
1612 4965 1782 5033 negli-

160 5059 454 5136 gentiam,
481 5054 786 5125 quindecim
812 5052 928 5108 dies
955 5070 969 5119 ;
1024 5054 1069 5109 si
1098 5070 1194 5125 per
1215 5063 1603 5125 contemptum,
1652 5071 1785 5125 qua-

159 5150 446 5222 draginta
466 5147 601 5201 dies.
626 5144 912 5209 Diaconus,
940 5144 1025 5199 vel
1036 5147 1349 5203 ,monachus
1378 5147 1670 5203 secundum
1696 5162 1787 5201 or-

160 5246 408 5308 dinem,
438 5247 500 5294 ut
527 5238 786 5308 scriptum
811 5244 924 5302 est,
955 5251 1051 5293 seu
1079 5244 1133 5291 et
1162 5237 1356 5309 reliqui
1381 5238 1566 5295 clerici
1593 5245 1652 5293 ut
1682 5238 1783 5293 mi-

244 5395 280 5425 ε
320 5376 551 5443 Burch.,
576 5373 613 5428 l.
641 5390 751 5437 xix,
781 5386 828 5426 c.
860 5371 983 5429 278.

248 5454 285 5495 1³
326 5450 495 5507 Cone.
522 5446 789 5509 Eliberit.,
828 5459 875 5497 c.
908 5443 996 5497 12.

252 5536 283 5564 c
324 5520 549 5583 Burch.,
578 5517 615 5571 l.
649 5533 727 5582 xi,
766 5530 815 5568 c.
844 5513 951 5581 58;
982 5514 1097 5582 Ivo,
1135 5530 1190 5585 p.
1226 5531 1348 5583 xm,
1379 5530 1428 5571 c.
1461 5513 1535 5582 4;
1574 5510 1784 5579 Ansel.,

169 5596 286 5653 lib.
330 5609 409 5656 xl,
443 5606 490 5645 c.
524 5587 645 5643 109.

257 5663 291 5704 ἀ
328 5661 529 5718 Poenit.
555 5658 708 5713 Rom.
737 5662 805 5717 ab
836 5661 1031 5730 Halitg.
1057 5658 1387 5730 exscriptum
1413 5672 1443 5711 e
1463 5654 1663 5730 scrinio
1692 5672 1786 5711 ec-

173 5735 385 5796 clesiae
410 5731 591 5795 Βοηιά
619 5731 844 5801 Regino,
866 5732 904 5786 l.
934 5727 1004 5799 ιι,’
1019 5744 1138 5801 cap.
1172 5728 1308 5797 268;
1332 5730 1557 5796 Burch.,
1581 5727 1675 5784 lib.
1709 5743 1787 5794 ιιι,

176 5825 239 5869 c.
276 5805 356 5862 59
508 5862 546 5871 κ,

335 5875 548 5946 ωδειη
564 5874 658 5933 lib.
681 5890 758 5946 ιι,
783 5889 833 5932 c.
858 5872 980 5933 ιη.

1801 4561 2135 4654 Dmosynas
2168 4583 2375 4654 largiri,
2424 4584 2468 4639 si
2511 4585 2632 4655 quis
2675 4585 3014 4643 Christianus
3062 4590 3238 4644 subita
3282 4597 3463 4645 tenta-

1884 4674 2030 4731 tione
2058 4684 2240 4732 mente
2281 4692 2378 4732 sua
2414 4678 2696 4744 exciderit,
2736 4679 2821 4733 vel
2850 4694 2947 4750 per
2972 4681 3240 4737 insaniam
3266 4690 3467 4739 semet-

1883 4766 2060 4836 ipsum
2109 4768 2401 4833 occiderit,
2450 4769 2670 4838 quidam
2714 4786 2813 4840 pro
2882 4786 2949 4827 eo
2993 4772 3190 4830 missas
3236 4774 3463 4831 faciunt.

1882 4858 2014 4913 Item
2056 4860 2108 4913 in
2139 4861 2327 4915 eodem
2354 4861 2534 4916 libro:
2585 4861 2641 4916 Si
2668 4864 2789 4931 quis
2812 4879 2909 4933 pro
2935 4866 3138 4922 ultione
3178 4869 3466 4941 propinqui

1885 4951 2157 5007 hominem
2179 4952 2461 5020 occiderit,
2504 4956 2765 5023 poeniteat
2793 4956 2933 5012 sicut
2959 4960 3229 5016 homicida
3259 4971 3467 5032 septem

1881 5041 1970 5097 vel
1999 5043 2184 5098 decem
2209 5058 2379 5099 annos
2404 5060 2417 5109 ;
2460 5044 2507 5099 si
2550 5053 2730 5102 tamen
2760 5046 2985 5105 reddere
3012 5050 3126 5105 vult
3152 5053 3469 5123 propinquis

1883 5135 2170 5205 pecuniam
2213 5135 2586 5192 aestimationis
2634 5137 2804 5193 levior
2839 5140 2946 5195 erit
2981 5142 3301 5211 poenitentia
3328 5142 3466 5213 eius,

1884 5225 1942 5282 id
1974 5234 2080 5295 est,
2125 5226 2347 5283 dimidio
2376 5228 2571 5299 spatio.
2619 5229 2723 5297 Qui
2765 5232 3026 5289 occiderit
3070 5234 3342 5293 hominem
3369 5249 3470 5307 pro

1964 5369 1986 5407 ι
2016 5367 2240 5433 Burch.,
2268 5367 2305 5421 l.
2336 5384 2452 5435 xtx,
2483 5383 2531 5425 c.
2555 5369 2679 5425 270.

1965 5441 1991 5515 _8
2012 5439 2293 5515 Burch.,l.
2327 5456 2439 5506 xlv,
2472 5456 2589 5515 cap.
2623 5443 2695 5515 8_;
2724 5442 2835 5510 Ivo,
2859 5458 2913 5515 p.
2938 5460 3057 5513 xm,
3090 5462 3140 5503 c.
3168 5445 3238 5502 76

1960 5510 2233 5586 bDurch.,
2258 5509 2295 5586 l_.
2322 5526 2375 5576 v,
2401 5528 2449 5567 c.
2482 5509 2551 5586 49
2569 5529 2590 5586 ᾼς
2638 5512 2750 5586 l_vo,
2777 5530 2832 5586 p.
2860 5509 2955 5582 xv,
2986 5509 3186 5573 c.vl«i9.

1968 5583 1984 5653 ξ
2014 5578 2243 5653 Burch.,
2266 5581 2303 5634 l.
2331 5598 2384 5647 v,
2410 5599 2459 5638 c.
2489 5584 2591 5638 159
2615 5601 2628 5649 ;
2651 5578 2760 5651 Ivo,
2779 5578 2841 5653 ἶ).
2868 5578 2957 5653 xv,
2982 5605 3032 5643 c.
3066 5588 3190 5644 M9.

1926 5724 1937 5729 η
1967 5651 1980 5702 i
2022 5652 2176 5730 Apud
2207 5651 2370 5730 Grat._
2394 5654 2568 5725 (Decr.
2611 5672 2662 5730 p.
2706 5672 2744 5722 ι,
2775 5651 2901 5714 dist.
2944 5651 3035 5725 27,
3067 5674 3115 5713 c.
3142 5658 3198 5730 5)
3227 5657 3476 5730 additur,

1893 5722 2275 5797 simplex,__sed
2323 5722 2475 5797 abest
2504 5722 2735 5797 vox—ista
2775 5730 2841 5783 ab
2870 5722 3120 5784 onmibus
3165 5722 3282 5785 eod.
3318 5722 3472 5797 mss.,

1895 5803 1950 5871 et
1980 5791 2117 5847 infra
2138 5793 2204 5871 27
2224 5834 2238 5858 ,
2272 5810 2326 5871 q_.
2358 5796 2408 5860 l,
2431 5812 2480 5851 c.
2513 5794 2572 5850 Si
2598 5799 2714 5867 quis
2738 5809 2929 5871 votum,
2969 5800 3133 5858 etiam
3157 5799 3226 5857 ab
3249 5791 3477 5871 impr-es;

1897 5865 1993 5935 sis,
2023 5874 2083 5920 ut
2109 5864 2545 5923 animadvertunt
2570 5864 2802 5925 correct.
2833 5868 2985 5928 Grat.
3325 5864 3344 5871 ’
3458 5910 3461 5915 ‹
