4020 6360
615 318 740 435 963.

1588 365 1935 430 THEODORI
1969 309 2292 429 ~ARCilIEf’.
2331 347 2884 430 CANTUARIENSlS
2943 315 2948 318 Ι

3765 360 3863 430 θθι

609 493 849 553 vindicta
893 488 1096 559 fratris,
1127 489 1309 548 tribus
1346 492 1502 548 annis
1530 491 1811 564 pteniteat.
1859 493 1918 548 In
1944 492 2050 550 alio
2073 491 2193 550 loco
2221 497 2268 558 Α
2293 494 2396 550 bus
2421 509 2479 550 se
2507 493 2774 549 abstineat
2813 493 2882 549 ab
2908 488 3173 557 Ecclesia,
3214 492 3272 546 et
3300 485 3394 560 qui
3419 489 3681 548 occiderit
3702 493 3870 552 homi-

612 587 801 644 decem
832 602 1001 642 annos
1032 583 1228 641 dicitur
1254 584 1513 656 poeniteat
1539 603 1553 651 ;
1584 586 1854 641 homicida
1884 595 2062 642 autem
2100 587 2194 642 de-

609 695 730 738 cem
770 677 854 735 vel
885 688 1091 750 septem
1135 694 1323 738 annos.
1370 677 1427 732 Si
1471 679 1641 734 laicus
1670 678 1899 735 alterum
1937 679 2195 737 occiderit

609 774 724 831 odii
753 774 1128 838 meditatione,
1178 773 1221 827 si
1251 787 1355 827 non
1389 771 1502 827 vult
1526 788 1677 827 arma
1719 773 2044 844 relinquere,
2074 787 2192 846 pce-

609 867 894 923 nitentiam
927 874 1128 936 septem
1165 881 1450 932 annorum,
1500 865 1616 921 sine
1637 881 1802 921 carne
1829 873 1884 920 et
1913 867 2038 920 vino
2085 874 2195 921 tres

609 975 801 1016 annos.
860 958 918 1015 Si
957 959 1078 1029 quis
1112 959 1372 1014 occiderit
1418 959 1740 1014 monachum
1785 958 1868 1012 vel
1912 958 2192 1026 clericum,

607 1063 782 1108 artem
824 1051 1112 1121 relinquat,
1162 1060 1218 1106 et
1259 1052 1370 1108 Deo
1420 1051 1637 1116 serviat,
1685 1061 1740 1105 et
1786 1058 1990 1120 septem
2022 1065 2192 1105 annos

606 1146 885 1217 pmniteat,
923 1143 1068 1214 quod
1097 1144 1149 1200 in
1186 1142 1394 1213 judicio
1425 1143 1665 1214 episcopi
1692 1152 1795 1196 est.
1841 1140 1941 1209 Qui
1969 1140 2193 1214 presby-

606 1247 782 1294 terum
813 1239 1094 1302 occiderit,
1145 1229 1426 1294 duédecim
1473 1252 1737 1292 annorum
1779 1236 1828 1292 ei
1872 1236 2190 1306 pmnitentia

605 1331 898 1388 secundum
943 1345 1179 1386 canones
1219 1330 1565 1401 imponatur;
1612 1337 1703 1382 aut
1731 1328 1774 1382 si
1804 1328 2103 1400 negaverit,
2145 1329 2192 1384 si

602 1417 741 1476 liber
767 1431 872 1486 est,
919 1436 1041 1476 cum
1070 1417 1536 1488 duodecimjuret.
1572 1418 1627 1473 Si
1657 1427 1836 1473 autem
1873 1435 2061 1473 servus
2093 1423 2196 1488 per

603 1509 885 1566 duodecim
925 1527 1172 1568 vomeres
1215 1507 1488 1566 ferventes
1531 1526 1590 1566 se
1633 1518 1860 1582 purget,
1910 1511 2190 1568 convictus

601 1617 744 1674 noxa
782 1621 951 1675 usque
979 1604 1046 1659 ad
1087 1605 1336 1660 ultimum
1365 1605 1488 1660 vitae
1532 1614 1743 1675 tempus
1772 1603 1977 1659 militia:
2003 1604 2189 1675 cingu-

602 1696 714 1770 lym
738 1699 992 1769 deponat,
1023 1707 1077 1754 et
1105 1713 1328 1754 uxorem
1357 1699 1590 1752 amittat.
1629 1697 1730 1765 Qui
1762 1711 1858 1767 per
1890 1697 2186 1769 jussionem

600 1787 814 1847 Domini
842 1792 926 1847 sui
955 1790 1527 1856 occiderithominem,
1558 1789 1913 1860 quadraginta
1939 1788 2053 1844 dies
2078 1804 2188 1859 poe-

2298 600 2420 641 nem
2446 587 2498 641 in
2523 585 2738 656 publico
2763 585 2922 650 bello,
2972 582 3330 655 quadraginta
3354 584 3546 640 diebus
3574 583 3865 655 penitus;

2298 679 2343 733 si
2373 695 2470 750 per
2503 679 2671 745 iram,
2724 687 2837 734 tres
2884 693 3092 744 annos;
3139 677 3184 733 si
3227 691 3410 744 causa,
3453 691 3561 732 uno
3602 691 3786 744 anno;
3825 677 3870 736 si

2295 785 2394 843 per
2419 772 2673 842 populum
2699 771 2784 827 vel
2814 785 2914 842 per
2937 781 3114 828 artem
3151 771 3412 842 aliquam.
3441 779 3652 842 septem
3685 786 3866 843 annos

2298 870 2391 917 aut
2433 863 2591 934 plus;
2634 866 2676 920 si
2709 881 2806 934 per
2831 865 3024 926 rixam,
3063 863 3256 920 decem
3281 878 3453 920 annos
3490 865 3770 935 paeniteat.
3815 867 3864 923 Si

2295 956 2418 1023 quis
2448 956 2712 1012 malelicio
2759 974 2857 1012 suo
2890 957 3122 1026 aliquem
3159 957 3472 1028 perdiderit,
3520 957 3760 1027 quinque
3782 975 3866 1014 an-

2295 1061 2394 1102 nos
2420 1049 2696 1120 poeniteat,
2745 1047 2880 1103 duos
2905 1064 2972 1104 ex
2997 1047 3081 1104 his
3109 1049 3161 1103 in
3195 1063 3335 1119 pane
3359 1056 3415 1104 et
3454 1064 3617 1119 aqua.
3667 1048 3728 1104 Si
3756 1051 3863 1120 quis

2293 1154 2392 1210 per
2419 1155 2656 1195 amorem
2686 1141 2958 1197 veneﬁcus
2985 1141 3077 1208 sit,
3105 1149 3162 1195 et
3189 1141 3457 1196 neminem
3479 1141 3796 1212 perdiderit,
3823 1143 3867 1198 si

2294 1232 2521 1287 clericus
2541 1241 2642 1298 est,
2675 1249 2843 1288 unum
2869 1249 3067 1288 annum
3091 1235 3354 1305 pmniteat
3377 1235 3429 1289 in
3455 1249 3597 1305 pane
3624 1243 3682 1290 et
3707 1250 3859 1306 aqua;

2292 1327 2336 1381 si
2361 1327 2613 1383 sacerdos
2639 1328 2892 1398 quinque,
2929 1329 3032 1383 duo
3065 1344 3133 1383 ex
3177 1329 3266 1384 bis
3284 1330 3338 1383 in
3367 1343 3509 1400 pane
3535 1339 3592 1385 et
3626 1344 3780 1401 aqua.
3809 1330 3858 1386 Si

2293 1419 2550 1475 diaconus
2579 1428 2686 1475 tres
2712 1436 2903 1486 annos,
2940 1438 3107 1477 unum
3140 1438 3208 1477 ex
3239 1423 3328 1478 his
3355 1423 3412 1478 in
3447 1437 3592 1494 pane
3621 1433 3680 1479 et
3715 1439 3857 1495 aqua,

2290 1518 2344 1566 et
2371 1509 2539 1566 laicus
2568 1513 2846 1568 dimidium
2872 1529 3071 1569 annum
3103 1515 3368 1592 poeniteat
3396 1533 3410 1571 :
3447 1516 3754 1573 maximesi
3777 1532 3862 1589 per

2289 1604 2409 1659 hoe
2435 1603 2677 1660 mulieris
2703 1613 2916 1675 partum
2957 1606 3185 1677 quisque
3214 1607 3518 1679 deceperit,
3566 1617 3683 1666 tres
3707 1624 3859 1667 annos

2288 1698 2654 1768 unusquisque
2681 1707 3040 1776 superaugea't
3066 1700 3135 1757 ‘in
3158 1711 3298 1774 pane
3320 1709 3376 1759 et
3406 1709 3569 1775 aqua,
3609 1717 3680 1760 ne
3703 1703 3876 1760 boni-~

2288 1789 2413 1845 cidii
2440 1803 2564 1846 reus
2588 1791 2676 1846 sit.

597 1883 800 1972 niteat,
843 1893 901 1944 et
935 1883 1028 1957 qui
1054 1883 1313 1940 occiderit
1339 1882 1632 1947 hominem,
1677 1882 2038 1953 quadraginta
2080 1882 2191 1937 dic-
2218 1873 2269 1939 Β
2319 1909 2324 1913 λ

606 2017 3834 2051 W

1795 2130 2666 2246 FRAGMENTA

1418 2345 1548 2426 EX
1601 2341 2445 2428 COLLECTORIBUS
2521 2345 3051 2432 CANONUM.

1353 2591 1382 2654 Ι

875 2709 988 2780 EX
1040 2711 1296 2778 LIBRIS
1352 2713 1409 2776 ll
1456 2712 1882 2776 REGINONIS

689 2811 794 2880 DE
840 2816 1472 2880 ECCLESIASTICIS
1518 2813 1984 2876 DISCIPLINIS
2022 2824 2072 2870 ⁸.

837 2941 924 2995 DE
969 2935 1416 2996 SUSCIPIENDA
1452 2936 1944 2993 CONFESSIONE.

595 3020 699 3118 (Ex
748 3035 1015 3092 Theodori
1086 3031 1478 3118 archiepiscopi
1505 3031 1617 3118 “vel
1663 3030 1824 3088 Beda:
1871 3034 2180 3107 presbyteri

599 3101 618 3148 ἶ
1005 3135 1018 3148 -
1177 3101 1589 3176 Pmnitentiali.)

665 3223 779 3277 LIB.
829 3239 870 3286 ι,
921 3236 1038 3276 ων.
1081 3234 1286 3273 ccxcvi.
1331 3218 1360 3258 ι)
1410 3217 1660 3288 Episc0pi
1711 3217 1796 3273 vel
1856 3219 2182 3292 presbyteri,

592 3314 808 3385 quando
862 3312 1098 3366 fidelium
1150 3310 1419 3379 recipiunt
1460 3309 1853 3376 confessiones,
1895 3311 2180 3370 humiliare

590 3421 649 3461 se
677 3406 964 3470 debent,et
981 3419 1101 3459 cum
1130 3401 1365 3456 tristitia:
1385 3403 1586 3473 gemitu
1610 3401 1971 3475 lacrymisque
1994 3421 2176 3471 orare,

589 3513 696 3552 non
734 3498 904 3553 solum
954 3511 1053 3565 pro
1085 3493 1198 3550 suis
1239 3493 1472 3559 delictis,
1519 3493 1613 3548 sed
1650 3496 1813 3548 etiam
1867 3511 1966 3565 pro
1994 3495 2179 3554 fratris

588 3606 741 3646 casu.
789 3585 884 3644 'Ait
912 3590 1056 3644 enim
1103 3587 1393 3658 Apostolus
1425 3605 1438 3641 :
1472 3585 1601 3652 Quis
1651 3587 1976 3658 inﬁrmatur,
2008 3600 2056 3645 et
2084 3609 2177 3663 ego

586 3693 692 3740 itan
711 3683 954 3754 inﬂrmor
979 3681 1063 3754 (11
1093 3680 1216 3736 Cor.
1242 3680 1343 3752 x)?

1189 3771 1338 3827 Unde
1387 3789 1572 3845 supra.

655 3867 785 3922 Car.
818 3881 1072 3922 ccxcvm.
1107 3876 1128 3904 ο
1159 3865 1292 3920 Cum
1342 3879 1473 3936 ergo
1517 3866 1730 3921 venerit
1759 3866 1954 3936 aliquis
1975 3869 2043 3924 ad
2089 3885 2176 3926 sa-

587 3957 861 4014 cerdotem
905 3957 1150 4012 confiteri
1177 3965 1398 4026 peccata
1443 3972 1560 4024 sua,
1590 3959 1813 4013 mandet
1845 3958 1894 4012 ei
1923 3963 2175 4017 sacerdos

587 4055 648 4104 iit
673 4057 949 4120 ex5pectet
988 4050 1281 4114 modicum,
1329 4049 1500 4105 donec
1542 4051 1708 4106 intret
1739 4051 2045 4120 ecclesiam,
2083 4059 2176 4108 aut

586 4142 894 4200 cubiculum
935 4157 1088 4199 suum
1113 4145 1179 4198 ad
1201 4144 1524 4199 orationem.
1557 4143 1612 4200 Si
1649 4155 1828 4200 autem
1857 4163 1962 4201 non
1988 4156 2069 4202 est
2099 4147 2175 4202 lo-

585 4245 684 4289 cus
725 4242 884 4305 aptus
931 4234 1000 4290 ad
1047 4235 1169 4290 hoc.
1209 4234 1354 4290 dicat
1403 4235 1542 4291 hanc
1569 4236 1870 4292 orationem
1913 4237 1966 4292 in
2011 4239 2172 4294 corde

583 4333 704 4380 suo.

1259 4431 1476 4474 ORATIO.

2287 2591 2490 2646 tionem
2517 2591 2762 2647 veritatis
2798 2593 3004 2661 venire,
3035 2593 3127 2664 qui
3153 2609 3261 2651 non
3305 2594 3391 2653 vis
3419 2604 3654 2657 mon.
3673 2611 3851 2673 μοι

2287 2689 2487 2746 torum,
2513 2683 2607 2736 sed
2631 2691 3094 2741 utconvertantur
3116 2693 3173 2741 et
3199 2687 3406 2754 vivant,
3436 2691 3650 2762 suscipe
3673 2692 3850 2746 oratio-

2286 2790 2411 2830 nem
2444 2789 2640 2838 meam,
2667 2789 2830 2846 quam
2859 2776 3028 2834 fundo
3046 2786 3173 2834 ante
3197 2789 3549 2850 conspectum
3571 2782 3850 2843 dentalia:

2282 2875 2389 2922 tua:
2419 2881 2520 2938 pro
2561 2867 2780 2924 famulis
2805 2876 2859 2926 et
2898 2867 3208 2928 famulabus
3238 2873 3346 2928 tuis
3387 2875 3484 2944 qui
3512 2875 3584 2929 ad
3605 2875 3846 2946 penita-

2280 2959 2414 3014 tiain
2449 2970 2734 3026 venerunt,
2772 2971 2833 3017 ut
2879 2963 2977 3018 des
3001 2962 3107 3019 illis
3132 2963 3383 3036 spiritum
3417 2971 3844 3039 omnem

2277 3057 2339 3106 ut
2378 3054 2704 3124 resipiscam
2732 3071 2762 3110 a
2808 3057 3007 3113 diaboli
3048 3059 3276 3129 laqueis,
3309 3075 3340 3116 a
3392 3077 3504 3132 quo
3556 3065 3760 3120 astricti
3785 3071 3852 3120 te-

2205 3127 2254 3194 C
2283 3153 2500 3213 nentur,
2542 3156 2598 3202 et
2622 3147 2689 3202 ad
2729 3157 2786 3203 te
2829 3164 2928 3219 per
2949 3127 3272 3224 condignam
3326 3127 3749 3215 satisfactionem
3777 3172 3842 3212 re

2282 3245 2567 3294 vertantur
2595 3255 2692 3310 per
2713 3244 2960 3298 endem
2986 3243 3293 3300 Dominum.

2355 3333 2556 3389 Videtis
2583 3343 2763 3390 autem
2787 3336 2875 3390 ille
2905 3339 2996 3407 qui
3019 3339 3087 3394 ad
3109 3340 3490 3410 paenitentiam
3517 3345 3658 3399 venit
3677 3358 3850 3399 sacer»

2283 3424 2461 3479 dotem
2494 3426 2704 3480 tristem
2745 3437 2799 3481 et
2834 3427 3223 3500 lacrymantem
3252 3447 3351 3501 pro
3373 3435 3490 3488 suis
3515 3433 3845 3502 facinoribus,

2282 3517 2455 3586 magis
2482 3519 2597 3588 ipse
2628 3519 2824 3574 timore
2848 3519 2944 3574 Dei
2973 3522 3256 3592 perculsus
3277 3524 3515 3596 amplius
3543 3526 3781 3582 tristetnr
3800 3534 3850 3584 et

2281 3611 2634 3668 exhorrescat
2658 3622 2882 3684 peccata
2912 3630 3008 3670 sua
3043 3627 3086 3670 θ.

2459 3742 2648 3802 0RDO
2687 3746 2781 3803 AD
2835 3747 3125 3806 DANDAH
3159 3750 3691 3814 ΡίΕΝιἸἙΝΤΙΔΠ.

2883 3840 3033 3902 Unde
3065 3861 3246 3915 supra.

2347 3951 2476 4007 CAP.
2507 3969 2620 4010 ccc.
2654 3953 2676 3996 ί
2719 3955 2851 4012 Post
2877 3955 2994 4014 haec
3021 3959 3296 4031 interroga
3324 3978 3450 4018 eum
3487 3965 3694 4024 blande
3735 3966 3851 4026 hai-

2279 4055 2486 4116 terque.
2517 4047 2706 4103 Credis
2736 4049 2788 4103 in
2823 4050 2991 4105 Deum
3029 4052 3248 4109 Patrem
3273 4063 3328 4110 et
3351 4055 3552 4112 Filium
3595 4070 3654 4115 et
3700 4062 3849 4132 Spiri-

2277 4152 2388 4196 tum
2416 4146 2695 4198 sanctum?
2716 4143 2868 4216 Resp.
2901 4144 3095 4202 Credo.
3119 4148 3399 4206 —Ct'edis
3428 4153 3577 4220 quod
3617 4155 3734 4210 istae
3757 4164 3849 4210 tres

2274 4247 2520 4301 personae
2569 4249 2709 4288 unus
2760 4234 2901 4290 Deus
2952 4238 3057 4292 sit?
3105 4237 3258 4309 Resp.
3313 4241 3510 4298 Credo.
3558 4273 3641 4288 --
3683 4239 3850 4305 Credis

2274 4325 2419 4392 quod
2447 4324 2501 4378 in
2525 4325 2640 4394 ipsa
2676 4326 2780 4381 ista
2821 4343 3006 4395 carne,
3035 4331 3088 4384 in
3117 4345 3222 4401 qua
3251 4349 3395 4390 nunc
3428 4351 3510 4402 es,
3559 4339 3622 4395 in
3650 4342 3760 4411 ipsa
3787 4356 3850 4396 re-

2275 4432 2499 4487 surgere
2543 4420 2713 4475 habes
2739 4421 2793 4476 in
2836 4421 2924 4476 die
2938 4420 3129 4490 judicii
3169 4434 3225 4481 et
3248 4427 3494 4498 recipere
3520 4432 3650 4486 sive
3671 4434 3852 4490 bonum

653 4509 782 4565 CAP.
814 4524 1027 4566 ccxcrx.
1071 4506 1100 4551 (ι
1130 4508 1355 4566 Domine
1398 4512 1538 4567 Deus
1577 4514 1936 4582 omnipotens,
1988 4516 2200 4586 propi-I

2278 4509 2386 4563 sive
2428 4509 2628 4564 malum
2655 4511 2798 4581 quod
2825 4514 3076 4584 gessisti?
3101 4516 3299 4575 Credo.
3343 4551 3414 4562 —-
3454 4523 3553 4579 Vis
3596 4528 3850 4582 dimittere

581 4600 690 4655 tius
736 4609 851 4656 esto
902 4599 1034 4656 mihi
1085 4603 1390 4671 peccatori,
1443 4611 1505 4657 ut
1539 4605 1802 4674 condigne
1835 4607 1926 4660 tibi
1960 4609 2163 4676 possim

581 4691 784 4760 gratias
808 4706 992 4762 agere,
1025 4692 1117 4763 qui
1148 4708 1234 4748 me
1261 4693 1536 4765 indignum
1566 4705 1786 4766 propter
1811 4705 1958 4750 tuam
1998 4699 2163 4753 mise-

579 4777 869 4838 ricordiam
919 4784 1228 4840 ministrum
1276 4784 1454 4841 fecisti
1497 4784 1656 4841 oﬂicii
1703 4788 2070 4856 sacerdotalis,
2113 4799 2166 4847 et

580 4881 668 4930 me
692 4875 946 4946 exiguum
967 4875 1334 4946 humilemque
1354 4877 1711 4932 mediatorem
1739 4880 2070 4934 constituisti
2097 4880 2162 4935 ad

576 4965 842 5020 orandum
890 4975 946 5022 et
973 4967 1414 5023 intercedendum
1465 4968 1533 5023 ad
1585 4969 1871 5024 Dominum
1917 4980 2163 5026 nostrum

576 5050 760 5110 desum
791 5053 1068 5110 Christum
1095 5055 1289 5110 Filium
1317 5061 1465 5110 tuum
1499 5065 1596 5127 pro
1623 5061 1972 5127 peccantibus
1999 5070 2055 5115 et
2095 5061 2163 5117 ad

575 5146 950 5215 pusuitentiam
993 5149 1410 5203 revertentibus.
1455 5148 1688 5218 ideoque
1727 5149 2032 5208 dominator
2065 5153 2163 5208 Do-

571 5241 742 5303 mine,
773 5241 867 5310 qui
893 5253 1084 5296 omnes
1106 5242 1353 5297 homines
1375 5242 1460 5297 vis
1484 5241 1663 5299 salvos
1689 5243 1805 5299 fieri
1835 5255 1888 5301 et
1917 5247 1984 5302 ad
2010 5249 2162 5320 agnia

649 5371 924 5444 agHosvir
945 5375 1344 5432 eruditissimus
1361 5377 1612 5435 Baluzius
1638 5379 1706 5436 ad
1726 5381 1888 5438 ﬁdem
1905 5387 2160 5443 vetustis-

574 5441 698 5501 simi
721 5441 922 5498 codicis
945 5456 1196 5501 accurate
1218 5450 1542 5505 emendavit.

645 5514 673 5553 δ
703 5512 924 5592 iialigt.,
957 5515 1184 5592 inprief.
1215 5518 1251 5572 l.
1281 5536 1378 5592 vi.;
1408 5521 1604 5578 Burch.
1627 5565 1642 5589 ,
1671 5523 1708 5578 1.
1737 5541 1849 5592 xrx,
1875 5543 1923 5583 c.
1958 5529 2012 5583 2.

648 5593 671 5661 εξ
703 5583 925 5661 iialiig.,
957 5583 1122 5661 ibid;
1149 5583 1374 5661 Burch.,
1402 5592 1436 5646 l.
1467 5609 1580 5661 χιι,
1607 5583 1655 5651 c'.
1682 5596 1736 5650 2.

569 5669 592 5708 ς
643 5652 673 5700 «ι
719 5651 1026 5731 iungas,
1091 5651 1267 5727 ibid.;
1327 5651 1579 5731 Burch.;
1633 5667 1762 5724 ibid.
1826 5683 1874 5723 ο.
1929 5670 1981 5725 5.

648 5737 674 5768 ο
719 5727 819 5784 Hie
848 5727 998 5785 locus
1022 5731 1099 5786 sic
1127 5746 1184 5786 se
1212 5732 1371 5789 habet
1406 5736 1456 5789 in
1485 5727 1654 5793 veteri
1685 5739 1869 5795 codice
1900 5756 2001 5794 ms.
2034 5756 2155 5796 nio-

572 5800 798 5877 δοριθηῑὶ
839 5799 1260 5877 Rivipullensis:
1303 5825 1319 5855 ‹
1359 5808 1556 5863 Videtis
1595 5818 1774 5864 autem
1826 5810 1912 5864 ille
1961 5810 2150 5877 frater,

582 5869 672 5938 qui
699 5871 765 5926 ad
789 5869 1160 5942 penitentiam
1201 5878 1363 5946 venit,
1390 5880 1528 5933 hanc
1554 5881 1852 5937 sacerdotis
1876 5869 2149 5938 humilitao'

2271 4604 2378 4659 illis
2405 4614 2626 4675 peccata
2653 4607 2743 4675 qui
2772 4608 2825 4662 in
2859 4617 2910 4664 te
2937 4621 3314 4680 peccaverunt,
3343 4615 3584 4673 Domino
3619 4622 3849 4680 dicente:

2272 4693 2330 4749 Si
2379 4712 2484 4750 non
2531 4698 2834 4753 remiseritts
2889 4701 3186 4758 hominibus
3240 4715 3457 4775 peccata
3502 4727 3721 4778 eorum,
3771 4729 3849 4767 nec

2264 4794 2416 4855 pater
2437 4795 2600 4842 vester
2643 4788 2863 4844 dimittet
2887 4792 3026 4846 vobis
3053 4805 3264 4864 peccata
3304 4808 3471 4852 vestra
3502 4800 3732 4871 (Matth.
3763 4803 3849 4874 vi).

2266 4876 2425 4948 Resp.
2459 4879 2613 4936 Volo.
2640 4911 2714 4923 —-
2743 4881 2814 4937 Et
2850 4885 3068 4954 require
3103 4888 3171 4942 ab
3221 4900 3286 4944 eo
3337 4891 3639 4963 diligenter
3691 4899 3737 4953 si
3777 4904 3849 4952 est

2267 4969 2624 5040 incestuosus,
2657 4983 2752 5029 aut
2777 4991 2875 5032 suo
2904 4979 3105 5033 seniori
3137 4979 3390 5038 inﬁdelis.
3422 4985 3492 5041 Et
3519 4989 3574 5043 si
3618 5007 3728 5047 non
3749 4987 3850 5047 vult

2263 5062 2530 5119 incestum
2563 5065 2858 5133 dimittere,
2885 5079 2994 5125 non
3037 5078 3191 5141 potes
3216 5074 3264 5128 ei
3289 5075 3422 5131 dare
3448 5082 3845 5148 penitentiam.

2265 5154 2323 5210 Si
2343 5165 2524 5212 autem
2544 5157 2678 5225 vult,
2705 5168 2881 5229 potes.
2917 5161 3011 5217 llis
3043 5166 3362 5233 praemissis,
3389 5172 3758 5239 paenitentem
3783 5175 3849 5230 al-

2262 5248 2407 5319 ioqui
2433 5250 2726 5308 affectuose
2753 5253 2914 5310 debet
2937 5259 3193 5314 sacerdos
3215 5259 3301 5315 his
3321 5262 3504 5319 verbis
3535 5283 3556 5320 :

2260 5397 2390 5456 tem,
2443 5391 2613 5473 magis
2640 5400 2865 5473 peccata
2894 5409 2990 5473 sua
3018 5396 3378 5473 exhorrescit,
3422 5402 3606 5473 magis
3651 5405 3847 5462 scelera

2259 5476 2355 5516 sua
2385 5463 2737 5532 pertimescit.
2769 5463 2897 5519 Post
2941 5466 3056 5523 haec
3091 5463 3412 5524 charitative
3441 5463 3710 5532 sacerdos
3735 5490 3846 5531 eum

2258 5533 2536 5611 suscipiat,
2566 5534 2842 5611 humiliter
2857 5539 3200 5611 eumsedere
3225 5539 3390 5595 faciat
3417 5555 3631 5611 secum,
3659 5547 3846 5603 blande

2257 5618 2380 5684 eum
2412 5603 2719 5684 hujusmodi
2772 5609 3110 5666 sermonibus
3157 5612 3402 5668 attrahat
3442 5630 3455 5667 :
3493 5603 3721 5684 Frater,
3747 5632 3844 5673 non

2257 5673 2549 5749 erubescas
2572 5676 2820 5749 confiteri
2857 5687 3076 5749 peccata
3105 5687 3217 5735 tua.
3259 5700 3278 5733 ι

2333 5743 2595 5822 f_Burch.,
2612 5743 2880 5822 ibid.Yide
2897 5749 3092 5822 librum
3115 5752 3396 5822 antiquum
3410 5753 3842 5821 Pwnitcntialetl

2253 5814 2695 5945 ἒὲιὲἱξῗέξηεθηι
2719 5821 2922 5877 editum
2947 5837 2980 5876 a
3007 5820 3060 5878 J.
3087 5814 3316 5893 Morino,
3339 5825 3395 5881 in
3422 5814 3731 5898 appendice
3756 5819 3841 5884 lib.
