4020 6360
201 430 307 501 ωδ

886 432 1446 497 ΡοΕΝιτΕΝτιΑιΕ.
1487 469 1558 480 -
1594 431 1789 496 CAPIT

1920 446 1940 494 ι
1977 433 2338 495 COLLECTA
2374 431 2469 491 EX
2497 433 2765 492 ‘FRAGM.

3355 421 3474 490 θείίῖ

268 553 484 621 Frater,
507 551 616 610 noli
649 551 973 610 erubescere
990 564 1214 624 peccata
1239 562 1331 610 tua
1355 555 1622 610 conﬁteri.
1646 554 1783 612 Nam
1813 561 1860 618 Α
1885 553 2084 620 fecisti,
2108 567 2281 610 annos
2306 562 2530 624 septem.
2572 551 2680 608 Pro
2701 551 2916 610 modico
2935 551 3083 608 furto
3102 543 3294 622 Viginti
3322 552 3458 620 dies,

195 652 252 700 et
297 660 402 716 ego
430 652 683 714 peccator
728 661 868 710 sum,
917 653 972 700 et
1022 645 1270 702 fortassis
1313 645 1496 716 pejora
1533 661 1694 716 quam
1721 654 1781 699 tu

193 734 396 793 feceris
421 737 594 792 habeo
618 735 781 793 facta.
809 736 936 793 Haec
967 737 1171 794 idcirco
1205 739 1489 804 admoneo,
1519 740 1644 810 quia
1673 739 1782 794 usi-

193 837 371 884 tatum
422 830 642 901 generis
667 829 888 886 humani
911 831 1099 888 vitium
1132 841 1238 894 est.
1280 841 1338 886 ut
1363 833 1553 888 beatus
1580 832 1781 904 Grego-

191 922 313 977 rius
337 922 468 977 dicit
491 920 630 992 (Lib.
662 938 774 990 xxn
809 921 1028 987 Μοναιη
1061 939 1109 978 c.
1141 923 1218 994 9),
1246 933 1301 978 et
1327 923 1556 981 laiaeudo
1591 941 1782 995 pecca-

192 1022 312 1070 tum
381 1015 740 1081 committere,
789 1022 847 1070 et
893 1017 1238 1072 commissum
1299 1015 1605 1070 conﬁtendo
1673 1032 1778 1072 non

189 1106 446 1177 prodere,
465 1107 560 1162 sed
582 1105 824 1174 negando
838 1104 1146 1172 defendere,
1172 1115 1334 1176 atque
1359 1106 1665 1161 convictum
1689 1108 1780 1160 de-

189 1197 464 1254 fendendo
487 1196 866 1268 multiplicare.
895 1197 961 1251 Et
991 1197 1083 1267 qui
1128 1197 1342 1254 diabolo
1367 1198 1656 1266 instigante
1681 1214 1776 1254 ne-

188 1285 359 1348 fanda
388 1288 615 1344 crimina
639 1296 953 1358 perpetrare
976 1303 1084 1342 non
1112 1290 1417 1351 metuimus,
1448 1290 1562 1343 haec
1589 1289 1780 1344 eadem

189 1393 313 1452 quae
336 1393 502 1450 opere
530 1378 732 1448 absque
757 1378 846 1432 illa
869 1379 1190 1434 verecundia
1213 1378 1560 1448 perfecimus,
1588 1379 1778 1434 eodem

190 1473 458 1536 suadente
505 1473 698 1530 saltem
753 1471 935 1527 verbis
977 1470 1223 1526 conﬁteri
1283 1472 1668 1534 erubescimus,
1723 1480 1781 1526 et

190 1579 384 1626 coram
410 1553 651 1626 homine,
675 1563 766 1632 qui
785 1563 975 1630 similis
997 1562 1170 1620 nostri
1197 1571 1304 1628 est,
1325 1564 1528 1620 eisdem
1549 1563 1782 1623 fortasse.

188 1655 539 1725 passionibus
573 1652 830 1722 subjacet,
877 1653 1224 1708 confunditur
1270 1653 1469 1719 dicere,
1509 1655 1653 1724 quod
1683 1670 1782 1710 co-

189 1761 310 1802 ram
352 1745 578 1800 Domino
620 1745 710 1814 qui
740 1744 922 1814 omnia
944 1745 1183 1816 inspicit,
1217 1745 1421 1816 absque
1449 1745 1558 1800 ullo
1581 1749 1779 1800 mentis

189 1838 394 1905 nabere
413 1835 757 1908 committere
775 1832 1182 1894 formidavimus
1199 1835 1518 1898 detestanda
1541 1837 1775 1892 actione.

1879 647 2032 715 pueri
2062 645 2249 700 decem
2279 647 2412 700 dies.

1951 737 2151 793 Fecisti
2193 736 2514 794 adulterium
2551 751 2674 792 cum
2700 751 2869 794 uxore
2915 735 3090 793 aliena
3116 733 3203 790 vel
3231 733 3462 804 despon-

1881 840 2016 896 sata,
2042 831 2126 886 vel
2149 831 2412 902 virginem
2439 829 2749 898 corrupisti,
2778 829 2891 884 sive
2913 845 3034 882 cum
3061 825 3461 884 sanctimonia“

1879 925 1961 979 vel
1996 925 2105 978 Deo
2131 924 2332 987 dicata,
2361 922 2443 975 vel
2465 937 2586 976 cum
2611 920 2854 976 absoluta
2883 919 3106 984 femina,
3127 919 3182 974 id
3205 927 3311 984 est,
3339 919 3457 976 sine

1880 1019 2096 1081 marito,
2141 1017 2224 1070 vel
2253 1031 2378 1070 cum
2428 1013 2622 1068 ancilla
2667 1012 2904 1082 propria.
2967 1011 3024 1068 Si
3064 1011 3366 1066 moechatus
3398 1025 3461 1067 es

1881 1127 2002 1165 cum
2033 1110 2255 1164 alterius
2295 1123 2463 1164 uxore
2492 1115 2584 1160 aut
2611 1123 2734 1161 cum
2786 1104 3201 1168 sanctimoniali,
3250 1091 3458 1174 septem

1881 1215 2050 1254 annos
2079 1200 2362 1270 pceniteas.
2397 1198 2452 1253 Si
2477 1214 2600 1253 cum
2624 1199 2852 1268 virgine,
2876 1197 3011 1254 duos
3027 1212 3216 1252 annos.
3251 1195 3307 1250 Si
3334 1210 3458 1251 cum

1878 1291 2061 1356 vidua,
2108 1305 2306 1344 annum
2374 1305 2560 1344 unum.
2606 1289 2664 1344 Si
2712 1297 2857 1344 tuam
2920 1303 3144 1346 uxorem
3184 1287 3458 1352 dimisisti,

1880 1393 1937 1440 et
2003 1385 2225 1442 alterius
2281 1382 2535 1452 iunxisti,
2589 1393 2796 1454 septem
2847 1397 3017 1441 annos
3067 1384 3352 1453 pteniteas.
3402 1381 3466 1438 Si

1881 1490 2001 1529 cum
2026 1486 2252 1530 vacante
2277 1475 2495 1539 femina,
2523 1483 2634 1529 tres
2656 1475 3096 1546 quadragesimas
3111 1484 3167 1530 et
3188 1475 3460 1546 legitimas

1879 1569 2065 1626 ferias.
2123 1570 2181 1625 Si
2235 1587 2358 1626 cum
2401 1571 2622 1641 propria
2679 1570 2892 1637 ancilla,
2936 1571 3292 1643 quadraginta
3344 1571 3463 1628 dies

1881 1665 2147 1734 ptenitere
2177 1665 2362 1724 debes.
3477 1683 3480 1686 ‘

1952 1753 2189 1825 Nupsisti
2221 1771 2340 1808 cum
2372 1770 2538 1810 uxore
2570 1764 2657 1809 tua
2685 1755 2769 1810 vel
2803 1755 2997 1811 ancilla
3025 1764 3193 1812 retro.
3219 1755 3279 1812 Si
3304 1755 3468 1814 fecis-

1886 1848 1947 1913 ti,
1969 1849 2324 1918 quadraginta
2353 1849 2468 1904 dies
2495 1849 2659 1905 debes
2687 1849 2972 1919 pcenitere.

190 1931 404 2003 Sponte
426 1944 557 2002 ergo
581 1927 850 1990 fateamur
872 1928 1017 1998 quod
1060 1928 1208 1984 nullo
1242 1939 1468 1998 cogente
1509 1929 1782 1986 comnisi-

1958 1941 2199 2010 Nupsisti
2233 1957 2359 1996 cum
2407 1957 2576 1997 uxore
2630 1952 2718 1996 tua
2755 1942 3113 2014 quadraginta
3165 1940 3282 1999 dies
3337 1933 3482 1999 ante:

190 2040 336 2082 mus.
373 2023 436 2078 Si
462 2037 591 2082 vero
620 2021 718 2078 nos
755 2028 939 2076 nostra
965 2020 1173 2078 scelera
1198 2021 1575 2085 celaverimus,
1600 2021 1670 2076 ab
1694 2021 1786 2077 illo

189 2115 692 2178 manifestabuntur
735 2115 828 2184 qui
854 2123 908 2170 et
961 2121 1251 2170 accusator
1305 2126 1330 2154 α
1357 2121 1442 2170 est
1481 2113 1694 2182 peccati
1728 2120 1788 2167 et

191 2209 467 2276 incentor.
512 2207 632 2278 lpse
665 2207 809 2263 enim
861 2209 1082 2270 hic_nos
1125 2217 1187 2268 ut
1206 2221 1496 2278 peccemus
1529 2204 1782 2274 instigat:

190 2302 308 2374 ipse
331 2317 463 2374 cum
483 2301 915 2372 poccaverimus,
943 2309 1186 2358 accusat.
1222 2300 1279 2356 Si
1306 2314 1436 2370 ergo
1464 2301 1519 2356 in
1541 2301 1644 2356 hac
1670 2299 1786 2354 vita

190 2396 592 2468 praeveniamus
618 2409 740 2450 eum
771 2403 826 2449 et
845 2395 947 2465 ipsi
983 2394 1204 2452 sceleris
1227 2394 1399 2448 nostri
1440 2400 1786 2448 accusatores

193 2489 388 2553 simus,
410 2487 684 2556 nequitias
706 2486 906 2542 diaboli
933 2486 1139 2542 inimici
1165 2487 1338 2542 nostri
1365 2493 1422 2541 et
1455 2485 1790 2542 accusatoris

194 2578 540 2649 ﬁniemus.
571 2577 738 2640 Paulo
765 2586 919 2642 teste,
948 2578 1041 2649 qui
1081 2579 1158 2634 ait
1183 2595 1197 2636 :
1231 2577 1289 2632 Si
1334 2579 1675 2649 nosmtipsoa
1690 2579 1786 2648 ju-

196 2672 520 2749 dicaremus,
546 2685 652 2728 non
675 2670 854 2741 utique
875 2669 1298 2746 diiudica-remur
1318 2669 1368 2741 (1
1411 2667 1534 2724 Cor.
1570 2668 1656 2740 ιι).

277 2781 473 2836 Videris
493 2789 673 2836 autem
704 2796 826 2836 eum
855 2782 1110 2836 sacerdos
1138 2782 1615 2847 verecundantem,
1667 2793 1787 2835 rur-

206 2885 297 2930 sus
341 2881 739 2946 prosequatur:
771 2874 1044 2940 Fortasse,
1071 2875 1410 2940 charissime,
1468 2873 1797 2928 nan-omnia-

202 2979 324 3034 quae
354 2965 566 3035 gessisti
595 2967 662 3020 ad
691 2965 1008 3019 memoriam
1032 2964 1191 3020 modo
1212 2965 1453 3020 veniunt.
1485 2961 1598 3035 Ego
1630 2972 1683 3018 te
1706 2963 1786 3016 in-

199 3059 508 3129 terrogabo.
532 3058 612 3116 Tu
633 3072 766 3114 cave
787 3074 854 3113 ne
873 3057 1086 3114 diabolo
1105 3061 1366 3113 suadente
1387 3059 1589 3128 aliquid
1611 3057 1789 3112 celare

192 3151 515 3222 prasutnas.
541 3181 614 3192 —-
635 3151 702 3206 Et
733 3160 860 3206 tunc
889 3165 1011 3205 eum
1039 3167 1137 3222 per
1189 3151 1433 3206 ordinem
1467 3152 1780 3221 interroget.

212 3262 215 3264 ’
264 3263 473 3320 Fecisti
515 3264 864 3338 homicidium
891 3273 983 3318 aut
1008 3279 1159 3329 casu,
1187 3247 1506 3327 ﬁtvolens,
1551 3271 1643 3316 aut
1685 3278 1784 3333 pro
1811 3271 1862 3342 α

191 3353 440 3413 vindicta
465 3353 775 3428 parentum,
822 3365 915 3413 aut
940 3357 1163 3427 iubente
1202 3357 1430 3413 Domino
1462 3368 1574 3424 tuo,
1609 3367 1702 3413 aut
1731 3358 1786 3412 in

188 3449 417 3524 publico
443 3451 604 3507 bello.
662 3453 720 3507 Si
751 3453 1051 3506 voluntarie
1095 3451 1289 3516 fecisti,
1357 3460 1561 3520 septem
1615 3468 1789 3508 annos

189 3549 469 3618 paenitere
514 3547 695 3612 debes,
725 3548 770 3601 si
795 3547 984 3602 nolens
1008 3555 1101 3600 aut
1131 3563 1278 3611 casu,
1312 3548 1548 3616 quinque
1596 3563 1785 3602 annos.

193 3640 252 3694 Si
283 3655 388 3709 pro
415 3639 648 3694 vindicta
677 3638 936 3710 parentis,
982 3656 1146 3693 unum
1175 3655 1400 3704 annum,
1428 3647 1484 3694 et
1515 3639 1790 3708 sequenti-

188 3732 553 3806 busduobus
598 3733 754 3788 annis
799 3742 909 3788 tres
958 3735 1397 3806 quadragesimas
1442 3745 1496 3789 ct
1521 3735 1790 3805 legitimas

191 3801 392 3880 ferias.
426 3821 483 3879 Si
524 3825 579 3879 in
605 3823 767 3891 bello,
799 3801 1153 3898 quadraginta
1168 3801 1319 3882 vdics.
1367 3828 1423 3882 Si
1447 3801 1598 3883 liberi
1625 3844 1706 3894 es,
1735 3837 1790 3883 et

184 3911 425 3991 iubente
453 3917 670 3972 dOmino
711 3933 926 3974 servum
964 3921 1232 3984 occidisti,
1264 3937 1464 3975 annum
1517 3938 1702 3987 unum,
1736 3921 1790 3976 in

189 4009 420 4064 duobus
457 4007 578 4063 aliis
613 4009 769 4063 annis
815 4017 926 4064 tres
951 4011 1396 4082 quadragesimus
1422 4022 1478 4066 et
1521 4009 1792 4080 legitimas

187 4099 391 4155 ferias.
426 4097 483 4152 Si
508 4114 700 4154 servus
725 4099 917 4169 dignus
945 4108 1028 4155 est
1053 4107 1245 4165 morte,
1291 4103 1648 4172 quadraginta
1676 4104 1792 4158 dies

187 4190 490 4262 peniteat.

209 4287 212 4290 ’
268 4288 478 4347 Fecisti
540 4290 908 4346 truncationes
971 4307 1227 4347 manuum
1300 4301 1391 4347 aut
1439 4294 1656 4364 pedum,
1699 4303 1795 4350 aut

189 4383 397 4442 Oculos
443 4383 677 4439 hominis
733 4383 942 4449 eruisti,
1004 4393 1098 4438 aut
1145 4385 1439 4440 vulnerasti
1492 4385 1790 4442 hominem.

189 4466 314 4534 Pro
344 4477 688 4533 truncatione
732 4493 931 4534 annum
963 4494 1127 4532 unum
1157 4481 1422 4549 paenitere
1466 4479 1658 4546 debes;
1693 4495 1792 4551 pro

190 4571 454 4638 vulnere,
481 4570 833 4641 quadraginta
861 4571 974 4626 dies
999 4573 1283 4642 pteniteas.

204 4662 215 4669 ’
270 4664 480 4721 Fecisti
524 4663 825 4736 perjurium
873 4675 965 4720 aut
1009 4682 1106 4736 pro
1135 4666 1429 4737 cupiditate
1459 4667 1662 4732 saeculi,
1695 4677 1789 4722 aut

191 4766 432 4816 coactus
446 4762 501 4812 et
520 4772 618 4826 pro
648 4759 988 4825 necessitate,
1022 4768 1114 4814 aut
1137 4761 1457 4829 pervicacia,
1488 4768 1791 4830 autparen-

189 4858 346 4914 tum,
378 4855 474 4902 aut
516 4849 787 4913 nesciens,
815 4856 907 4904 aut
930 4849 1063 4904 alios
1090 4851 1144 4904 in
1187 4850 1485 4920 perjurium
1531 4851 1791 4907 induxisti

191 4931 468 5012 scienter.
519 4943 575 4998 Si
614 4945 789 5000 sciens
843 4943 1121 5014 pejerasti,
1154 4951 1207 5000 et
1247 4943 1380 5000 alios
1406 4945 1460 4999 in
1495 4944 1792 5016 perjurium

192 5037 495 5105 induxisti,
525 5047 730 5109 septem
752 5054 922 5093 annos
944 5039 1208 5109 pmnitere
1233 5039 1418 5094 debes.
1445 5040 1502 5093 Si
1520 5040 1788 5108 nesciens,

193 5147 417 5190 annum
451 5139 506 5186 et
538 5139 649 5187 tres
679 5131 1140 5202 quadragesimas.

205 5223 216 5230 ’
255 5215 486 5282 Fecisti
532 5223 758 5292 furtum,
783 5233 876 5280 aut
901 5225 1266 5296 sacrilegium,
1308 5234 1398 5280 aut
1446 5226 1794 5294 infracturas,

195 5318 299 5376 vel
335 5318 608 5389 rapinam,
638 5318 833 5374 tollens
863 5319 1004 5388 quod
1033 5328 1182 5373 tuum
1215 5335 1321 5374 non
1347 5328 1485 5374 erat.
1522 5320 1579 5374 Si
1607 5321 1796 5375 domos

149 5449 152 5451 -
197 5427 311 5486 per
336 5421 555 5468 noctem
599 5411 865 5484 infregisti
894 5421 948 5467 et
979 5413 1346 5483 quadrupedia
1375 5414 1544 5468 tulisti
1575 5413 1659 5468 vel
1688 5413 1797 5470 for-

201 5507 412 5562 tiorem
440 5520 660 5562 causam
681 5505 950 5561 valentem
980 5506 1168 5562 solidis
1189 5507 1566 5580 quadraginta,
1595 5523 1796 5562 annum

202 5614 385 5657 unum
408 5599 675 5669 poenitere
725 5599 888 5655 debes
932 5609 986 5654 et
1029 5600 1262 5670 pretium
1313 5599 1556 5655 reddere.
1604 5598 1660 5654 Si
1692 5617 1798 5655 non

204 5694 424 5758 reddis,
476 5707 646 5749 annos
689 5693 823 5748 duos
847 5693 1133 5764 pmniteas.
1185 5693 1242 5748 Si
1275 5690 1532 5763 majorem
1578 5691 1797 5768 [majus]

212 5785 398 5843 fecisti
423 5785 646 5852 furtum,
683 5793 792 5842 tres
820 5802 990 5843 annos
1007 5787 1268 5858 pmnitere
1292 5787 1474 5846 debes.
1502 5787 1568 5842 Et
1593 5787 1639 5843 si
1660 5803 1802 5858 saepe

295 5933 321 5963 ι
334 5919 517 5978 Codex
532 5919 781 5993 Rivipull.
793 5922 1162 5989 ,auctor.Vide
1183 5921 1394 5992 Ruric.,
1409 5922 1502 5980 lib.
1526 5939 1586 5990 ιι,
1610 5936 1694 5993 ep.
1712 5920 1806 5981 12.

1886 2040 2124 2100 partum,
2153 2033 2504 2102 quadraginta
2532 2033 2648 2086 dies
2676 2033 2838 2087 debes
2866 2032 3148 2102 pmnitcre.

1960 2122 2200 2191 Nupsiin
2271 2123 2328 2176 in
2374 2124 2460 2178 die
2513 2123 2812 2188 Dominico,
2871 2131 2982 2178 tres
3027 2123 3144 2179 dies
3205 2124 3472 2194 paenitere

1887 2213 2071 2268 debes.

1956 2304 2159 2360 Fecisti
2206 2314 2417 2373 raptum
2464 2305 2528 2359 de
2558 2305 2768 2375 virgine
2796 2304 2882 2359 vel
2926 2305 3112 2372 vidua,
3140 2313 3253 2362 tres
3297 2321 3470 2364 annos

1885 2397 2153 2468 poenitere
2194 2397 2374 2450 debes.

1957 2486 2156 2542 Fecisti
2206 2485 2638 2552 fornicationem,
2691 2487 2831 2542 sicut
2869 2487 3162 2544 Sodomita:
3200 2488 3468 2558 fecerunt,

1888 2594 2012 2634 cum
2031 2580 2336 2648 pecoribus,
2355 2587 2448 2634 aut
2473 2595 2596 2635 cum
2617 2589 2809 2644 matre,
2829 2581 2911 2636 vel
2940 2597 3146 2650 sorore,
3163 2584 3486 2653 quindeclm‘

1887 2686 2058 2726 annos
2087 2671 2170 2726 vel
2197 2672 2483 2729 duodecim
2509 2673 2772 2741 paenitere
2794 2673 2976 2729 debes.

1957 2761 2350 2830 Coinquinatus
2394 2775 2452 2815 es
2474 2777 2598 2817 cum
2626 2776 2794 2816 uxore
2819 2771 2910 2817 tua
2942 2764 2996 2818 in
3031 2765 3469 2836 quadragesima.

1890 2853 1948 2910 Si
2004 2855 2110 2909 hoc
2155 2854 2356 2919 fecisti,
2388 2870 2587 2909 annum
2615 2871 2781 2910 unum
2828 2858 3096 2926 paenitere
3133 2859 3319 2923 debes,
3377 2866 3474 2914 aut

1889 2944 2081 3014 viginti
2127 2959 2220 3000 sex
2265 2945 2466 3000 solidos
2519 2945 2574 3000 in
2602 2946 3001 3018 eleemosynam
3054 2948 3206 3004 dare.
3265 2949 3323 3004 Si
3377 2964 3476 3018 per

1889 3039 2206 3096 ebrietatem
2253 3040 2452 3104 evenit,
2485 3041 2844 3111 quadraginta
2874 3042 2990 3096 dies
3016 3043 3304 3111 pmniteas.

1961 3131 2075 3187 Hoc
2103 3133 2266 3186 etiam
2295 3133 2475 3188 caveri
2513 3133 2691 3196 debet,
2732 3141 2791 3187 ut
2837 3134 3026 3202 viginti
3058 3135 3174 3190 dies
3203 3143 3328 3190 ante
3370 3135 3482 3191 Nam

1892 3224 2002 3280 tale
2054 3224 2288 3286 Domini,
2330 3233 2385 3279 et
2431 3225 2804 3280 Pentecostem
2831 3235 2883 3280 et
2910 3228 3055 3281 omni
3081 3228 3168 3282 die
3197 3228 3475 3285 Dominica

1891 3328 1946 3375 et
1971 3326 2092 3389 post
2118 3317 2524 3387 conceptionem
2566 3317 2964 3372 manifestatum
2991 3320 3075 3374 vir
3118 3321 3393 3376 contineat
3417 3335 3482 3378 so

1890 3414 1959 3468 ab
1986 3427 2176 3466 more.

1960 3503 2153 3558 Dixisti
2205 3501 2400 3557 falsum
2455 3501 2826 3558 testimonium
2876 3518 2977 3573 pro
3024 3503 3320 3572 cupiditate
3375 3514 3472 3562 aut

1888 3596 2160 3660 nesciens,
2183 3611 2382 3648 annum
2408 3610 2571 3648 unum
2595 3595 2878 3664 pwniteas.

1963 3685 2249 3741 Truncasti
2273 3684 2443 3738 ullum
2467 3688 2792 3750 membrum,
2828 3693 2941 3740 tres
2980 3701 3154 3741 annos
3182 3686 3468 3756 pteniteas.

1961 3775 2392 3842 Odisti'Jratrem
2429 3787 2598 3832 tuum.
2626 3777 2874 3844 Quandiu
2904 3778 2958 3832 in
2985 3778 3102 3847 ipso
3129 3779 3256 3835 odio
3298 3777 3472 3849 fuisti,

1894 3871 2076 3928 taudiu
2105 3872 2370 3940 poeniteas
2400 3872 2452 3928 in
2479 3886 2616 3940 pane
2644 3880 2700 3926 et
2719 3887 2878 3941 aqua.

1964 3967 2251 4020 Detraxisti
2311 3967 2476 4020 ullum
2533 3967 2804 4021 hominem
2861 3967 2928 4021 ad
2974 3966 3242 4022 seniorem
3285 3967 3371 4023 vel
3401 3966 3470 4024 ad
3551 4029 3558 4035 _

1891 4074 2053 4128 pares
2081 4067 2303 4129 propter
2332 4058 2608 4124 invidiam,
2641 4058 2999 4129 quadraginta
3026 4059 3142 4114 dies
3187 4059 3472 4128 pteniteas.

1966 4153 2186 4208 Violasti
2218 4153 2270 4205 in
2309 4152 2451 4205 furto
2478 4151 2804 4220 sepulcrum,
2839 4167 3012 4206 annos
3035 4152 3168 4207 duos
3188 4153 3475 4220 pumileas.

1963 4244 2199 4314 Contigit
2230 4245 2326 4298 tibi
2368 4244 2476 4297 ulla
2500 4243 2822 4314 negligentia
2850 4244 2916 4298 de
2942 4242 3210 4298 sacrificio
3236 4243 3474 4311 Domini,

1895 4345 2108 4394 centum
2139 4336 2496 4405 quadraginta
2519 4337 2633 4391 dies
2657 4336 2941 4406 pumileas.

1964 4427 2292 4483 Consuluisti
2322 4443 2526 4497 magos,
2568 4435 2660 4482 aut
2691 4426 2985 4494 aruspices,
3020 4433 3116 4478 aut
3144 4425 3475 4492 incentores,

1894 4528 1987 4574 aut
2025 4519 2333 4587 sortilegos,
2366 4518 2453 4573 vel
2481 4526 2602 4572 vota
2633 4533 2752 4587 qua:
2782 4517 2848 4571 ab
2877 4515 3100 4572 arbores
3127 4515 3211 4571 vel
3255 4518 3322 4572 ad
3360 4516 3479 4573 fon-

1893 4623 1976 4668 tes
2005 4614 2139 4666 ﬁunt
2170 4612 2386 4676 vovisti,
2411 4627 2582 4664 annos
2617 4621 2731 4664 tres
2755 4612 3019 4678 pmniteas

1967 4703 2160 4759 Tolisti
2191 4702 2391 4772 aliquid
2435 4703 2675 4770 pecuniae
2717 4702 2784 4755 de
2832 4701 3083 4755 ecclesia.
3116 4700 3224 4755 Aut
3265 4701 3322 4755 in
3344 4716 3478 4771 qua-

1895 4795 2145 4864 druplum
2175 4795 2418 4857 restitue,
2447 4800 2539 4846 aut
2562 4800 2673 4846 tres
2697 4807 2867 4846 annos
2900 4791 3188 4862 pteniteas.

1965 4909 2253 4964 Perdidisti
2310 4909 2544 4978 aliquem
2585 4921 2682 4978 per
2707 4908 2961 4978 injustam
2994 4908 3318 4978 delaturum,
3366 4915 3480 4965 tres

1896 5018 2066 5058 annos
2091 5003 2375 5071 pwniteas.

1968 5117 2178 5172 Duxisti
2205 5126 2298 5171 aut
2333 5117 2683 5172 transmisisti
2715 5116 2950 5188 aliquem
2985 5116 3039 5172 in
3085 5118 3475 5189 captivitatem,

1903 5215 2010 5264 tres
2032 5223 2202 5263 annos
2229 5207 2513 5278 pteniteas.

1970 5323 2150 5377 Editio
2190 5321 2673 5376 Helma'stadiensis
2730 5321 2804 5375 ita
2859 5319 3012 5375 habet
3065 5336 3087 5376 :
3138 5321 3350 5377 Duxisti
3387 5329 3481 5380 aui

1901 5414 2249 5470 transmisisti
2280 5413 2444 5468 ullum
2487 5413 2758 5468 hominem
2787 5411 3152 5467 Christianum
3174 5412 3228 5466 in
3258 5413 3483 5482 captivi-

1902 5515 2088 5568 tatem,
2121 5516 2230 5563 tres
2259 5521 2447 5561 annos.
2476 5504 2818 5560 Burchardus
2848 5505 2903 5558 in
2931 5503 3065 5560 libro
3098 5519 3192 5558 nx
3211 5503 3370 5576 paulo
3398 5505 3485 5574 fit-

1902 5606 2031 5666 sius,
2066 5613 2112 5657 et
2140 5619 2256 5657 cum
2287 5602 2462 5671 aliqua
2489 5602 2811 5654 discrimine.
2851 5599 3082 5665 Duxisti,
3117 5609 3211 5655 aut
3232 5599 3485 5654 transmi-

1904 5696 2046 5762 sisti,
2076 5694 2158 5750 vel
2201 5693 2488 5749 vendidisti
2519 5692 2750 5761 aliquem
2783 5691 3054 5747 hominem
3105 5692 3160 5746 in
3204 5689 3485 5760 captivita-

1906 5797 2036 5856 tem,
2065 5788 2170 5845 nisi
2190 5803 2290 5858 pro
2327 5800 2461 5857 pace
2485 5786 2776 5842 communi.
2812 5784 2870 5841 Si
2899 5783 3105 5841 fecisti'
3135 5783 3299 5840 reduc
3335 5798 3482 5854 cum,
