4020 6360
551 395 652 457 967

1530 390 1877 453 THEODORI
1913 389 2232 450 ARCHIEP.
2274 385 2824 451 CANTUARIENSIS

3711 391 3808 454 963

551 513 600 568 si
621 509 842 583 poteris.
899 507 995 564 Sin
1024 517 1225 576 autem,
1259 510 1392 564 duos
1419 521 1590 563 annos
1633 521 1730 578 per
1751 507 2022 578 legitimas
2048 507 2126 563 fe-
2150 513 2200 572 Α
2227 503 2305 561 De
2335 506 2651 578 temporibus
2690 505 2969 583 quibus_se
3010 503 3273 583 continere
3317 503 3502 560 debent
3544 507 3812 581 conjugati

553 606 668 662 rias
692 603 977 675 paeniteas.

626 692 891 751 Cremasti
922 693 1138 749 domum
1168 698 1262 748 aut
1297 703 1480 747 aream
1528 689 1770 758 alterius,
1823 699 1936 748 tres
1961 705 2130 748 annos

552 789 842 860 paenitens.

624 879 821 934 Fecisti
849 879 1109 935 vomitum
1147 893 1245 950 per
1273 879 1618 946 ebrietatem,
1662 879 1970 950 quindecim
2017 878 2132 934 dies

551 971 834 1042 pumileas.
899 969 955 1024 Si
1008 984 1105 1040 per
1155 973 1584 1038 contentionem,
1635 973 2010 1044 quadraginta.
2073 971 2131 1026 Si

554 1064 819 1129 nesciens,
847 1079 940 1127 sex
971 1063 1086 1120 dies
1104 1067 1388 1136 pmniteas.

626 1155 802 1209 Editio
860 1155 1344 1213 Helmmstadiensis
1399 1171 1417 1210 :
1467 1157 1671 1214 Fecisti
1727 1159 1986 1213 vomitum
2036 1172 2134 1228 per

551 1244 889 1312 ebrietatem,
921 1245 990 1301 15
1019 1247 1134 1304 dies
1183 1249 1470 1319 pmniteas.
1503 1248 1562 1304 Si
1587 1262 1683 1319 per
1712 1249 2132 1315 contentionem,

550 1333 641 1390 40.
695 1333 751 1389 Si
782 1337 1053 1402 nesciens,
1086 1337 1116 1390 7
1143 1337 1261 1394 dies
1312 1340 1598 1409 pmniteas.
1649 1339 1912 1395 Similiter
1935 1340 1982 1394 si
2011 1355 2136 1395 san-

553 1425 770 1496 guinem
797 1427 1116 1483 comederis.

624 1515 963 1575 Manducasti
1016 1519 1303 1575 morticina
1359 1527 1454 1575 aut
1503 1519 1799 1576 dilacerata
1845 1536 1877 1575 a
1923 1520 2134 1588 bestiis,

552 1608 911 1681 quadraginta
961 1611 1078 1666 dies
1106 1613 1390 1684 pmniteas.
1425 1613 1689 1670 Similiter
1717 1614 1765 1669 si
1819 1615 2136 1686 sanguinem

552 1703 876 1760 comederis.

620 1794 812 1851 Bibisti
840 1797 906 1852 de
950 1798 1160 1868 liquore
1190 1799 1244 1854 in
1268 1815 1376 1871 quo
1406 1815 1527 1856 mus
1555 1800 1640 1856 vel
1670 1799 1898 1856 mustela
1923 1809 2135 1856 mortua

551 1885 766 1942 inventa
811 1886 994 1954 fuerit,
1023 1891 1376 1962 quadraginta
1405 1891 1520 1947 dies
1568 1893 1850 1962 pmniteas.

625 1976 1012 2049 Contempsisti
1065 1981 1324 2036 indictum
1365 1979 1628 2050 jejunium
1677 1983 1732 2036 in
1781 1983 2023 2038 Ecclesia
2051 1980 2135 2039 vel

552 2065 773 2122 decreta
798 2069 1094 2136 seniorum,
1147 2071 1506 2142 quadraginta
1535 2072 1651 2127 dies
1675 2074 1962 2143 pmniteas.
1998 2074 2056 2129 Si
2083 2075 2137 2130 in

555 2159 969 2229 quadragesima
992 2178 1155 2216 unum
1183 2179 1404 2218 annum.

623 2251 950 2323 Oppressisti
1000 2254 1259 2314 infantem
1319 2266 1492 2327 tuum,
1542 2260 1781 2332 quinque
1821 2276 1991 2318 annos
2047 2267 2142 2316 aut

551 2351 664 2400 tres
688 2345 953 2414 poenitere
982 2346 1164 2402 debes.

623 2437 812 2492 Bibisti
841 2439 1007 2493 ullum
1036 2439 1381 2507 maleﬁcium,
1425 2442 1478 2497 id
1507 2451 1592 2498 est
1616 2443 1834 2508 herbas,
1868 2443 1954 2499 vel
2003 2443 2139 2499 alias

549 2547 766 2597 causas,
797 2540 973 2588 utnon
995 2533 1265 2603 potuisses
1286 2535 1521 2590 infantes
1538 2536 1760 2602 habere,
1795 2545 1885 2592 aut
1909 2537 2015 2591 alio
2040 2537 2140 2593 do—

553 2625 717 2691 nasti,
749 2634 843 2680 aut
870 2627 1143 2682 hominem
1190 2643 1287 2698 per
1320 2629 1656 2686 mortiferam
1692 2633 1967 2703 potionem
1996 2631 2140 2687 occi-

553 2717 683 2773 dere
720 2717 956 2784 voluisti,
1000 2727 1094 2772 aut
1123 2719 1286 2773 aliu’m
1311 2721 1416 2774 hoc
1445 2719 1628 2776 facere
1655 2722 1906 2788 docuisti,
1940 2730 2033 2776 aut
2075 2721 2140 2777 de

553 2810 758 2866 semine
797 2811 900 2864 viri
929 2812 1155 2881 gustasti
1183 2819 1242 2865 ut
1269 2813 1321 2865 in
1356 2827 1592 2869 amorem
1622 2821 1774 2868 tuum
1819 2815 2143 2869 exardesce-

553 2909 655 2965 ret,
688 2913 780 2956 aut
821 2905 1058 2958 chrisma
1087 2905 1269 2960 bibisti
1314 2917 1407 2962 aut
1458 2909 1525 2963 ad
1581 2895 1998 2977 subvertendum
2043 2911 2140 2967 Dei

549 2993 811 3063 judicium
841 2995 996 3050 alteri
1024 2999 1240 3065 dedisti,
1287 3008 1391 3056 etc.
1425 3001 1483 3056 Si
1512 3003 1640 3072 quid
1684 3001 1991 3072 huiusmodi
2013 3021 2142 3078 ope-

555 3090 707 3138 ratus
731 3099 814 3150 es,
845 3094 1050 3156 septem
1078 3104 1247 3145 annos
1287 3092 1575 3160 poeuiteas.

627 3176 843 3233 Necasti
869 3180 1168 3236 voluntarie
1196 3192 1384 3253 partus
1412 3193 1554 3252 tuos,
1589 3188 1781 3245 decem
1824 3206 1992 3246 annos
2021 3205 2138 3262 poe-

555 3267 752 3324 niteas.
781 3271 848 3325 Et
898 3273 944 3326 si
974 3271 1141 3328 ﬁlium
1169 3274 1254 3328 vel
1303 3275 1468 3331 ﬁliam
1512 3281 1776 3346 occidisti,
1830 3281 2133 3337 duodecim.

555 3361 625 3419 Et
650 3363 695 3418 si
721 3372 878 3420 utero
923 3374 1049 3421 ante
1085 3378 1428 3438 conceptum,
1465 3387 1631 3427 unum
1664 3390 1882 3430 annum.
1917 3375 1972 3429 Si
2021 3383 2145 3446 post

554 3465 892 3528 conceptum,
943 3468 1054 3515 tres
1085 3476 1275 3516 annos.
1310 3460 1368 3518 Si
1395 3473 1519 3520 tuus
1551 3465 1728 3522 infans
1752 3483 1850 3538 per
1877 3477 2024 3524 tuam
2051 3486 2145 3525 ne-

555 3548 864 3622 gligentiam
894 3553 1010 3608 sine
1040 3554 1308 3624 baptismo
1335 3566 1583 3612 mortuus
1612 3568 1716 3625 est,
1748 3576 1947 3617 annum
1974 3579 2142 3621 unum

554 3641 843 3711 pmniteas,
873 3650 926 3696 et
956 3659 1223 3714 nusquam
1262 3645 1338 3700 sis
1371 3646 1486 3702 sine
1517 3648 1694 3717 aliqua
1732 3652 2067 3721 paenitentia.

628 3729 826 3786 Fecisti
872 3732 1074 3802 aliquid
1124 3733 1209 3788 vel
1259 3735 1440 3790 dixisti
1486 3738 1541 3792 in
1591 3754 1913 3811 quocunque
1981 3759 2144 3814 opere

558 3822 703 3893 quod
730 3821 957 3878 iuchoas
976 3839 1074 3892 per
1094 3825 1404 3898 sortilegam
1427 3827 1511 3884 vel
1531 3831 1800 3902 magicam
1820 3841 2018 3901 artem,
2047 3849 2144 3890 an-

560 3927 693 3969 num
720 3928 886 3967 unum
912 3914 1199 3983 paeniteas.

631 4003 824 4058 Misisti
853 4001 1020 4058 ﬁlium
1043 4014 1193 4060 tuum
1217 4023 1382 4078 super
1408 4017 1608 4066 tectum
1647 4022 1740 4067 aut
1766 4028 1928 4086 super
1955 4014 2143 4072 fema-

563 4109 681 4152 cem
722 4110 822 4166 pro
869 4095 1047 4165 aliqua
1078 4099 1330 4166 sanitate,
1373 4101 1459 4156 vel
1498 4103 1786 4160 incendisti
1836 4124 2004 4178 grana
2051 4109 2145 4167 ubi

563 4193 808 4244 mortuus
837 4189 999 4244 homo
1027 4188 1222 4254 fuerat,
1252 4194 1488 4264 quinque
1516 4211 1686 4253 annos
1712 4201 1994 4270 poeniteas.

634 4276 877 4334 Cantasti
901 4282 1143 4337 carmina
1171 4284 1439 4340 diabolica
1477 4303 1640 4360 super
1658 4300 1924 4360 mortuos,
1954 4293 2144 4365 viginti

563 4363 680 4422 dies
707 4369 992 4436 poeniteas.

632 4455 865 4515 Juuxisti
893 4469 947 4516 te
1006 4463 1221 4522 mulieri
1272 4475 1515 4540 tempore
1558 4483 1859 4541 menstruo,
1910 4474 2148 4544 quadra-

562 4547 711 4620 ginta
738 4551 852 4607 dies
875 4555 1158 4622 pteniteas.

636 4638 872 4712 Nupsisti
906 4661 1029 4701 eum
1058 4664 1227 4705 uxore
1257 4658 1366 4718 tua,
1396 4661 1680 4724 postquam
1718 4656 1950 4726 peperit,
1988 4663 2144 4711 ante-

564 4748 726 4806 quam
755 4738 1112 4811 quadraginta
1157 4743 1273 4798 dies
1302 4745 1742 4818 adimplerentur,
1767 4747 1988 4819 triginta
2028 4748 2152 4804 dies
2229 4751 2232 4754 ⁴

564 4828 849 4898 pmniteas.

643 4913 1064 4977 Communieasti
1119 4923 1185 4979 de
1212 4927 1478 4983 sacriﬁcio
1504 4928 1739 4996 Domini,
1768 4938 1822 4984 et
1846 4944 1952 4984 non
1996 4931 2148 5001 prius

571 5004 878 5064 abstinuisti
925 5013 993 5066 ab
1038 5017 1224 5070 uxoris
1250 5020 1521 5089 amplexu,
1563 5022 1800 5094 quinque
1828 5031 1922 5078 aut
1942 5031 2147 5093 septem

567 5093 776 5164 diebus,
805 5099 918 5156 dies
949 5104 1136 5172 viginti
1163 5109 1450 5177 pmniteas.

640 5187 906 5259 Operatus
931 5209 989 5249 es
1014 5196 1217 5267 aliquid
1245 5199 1300 5254 in
1329 5199 1605 5258 Dominica
1634 5202 1742 5273 die,
1786 5214 1993 5279 septem
2034 5207 2150 5265 dies

568 5280 853 5352 pmniteas.
911 5289 986 5323 η

638 5370 928 5430 Detraxisti
969 5377 1054 5431 vel
1092 5379 1416 5440 maledixisti
1451 5383 1682 5456 aliquem
1719 5405 1881 5448 causa
1914 5392 2145 5463 invidiae,

569 5472 776 5535 septem
801 5467 918 5523 dies
948 5473 1235 5539 pumileas.
1291 5475 1414 5533 Vide
1437 5496 1596 5551 supra
1617 5474 1733 5553 quae
1753 5496 2058 5557 sequuntur.

645 5593 672 5659 ξ
700 5583 927 5659 βαι-(ιιι,
958 5589 996 5644 1.
1025 5607 1140 5659 xrx,
1165 5610 1213 5650 c.
1243 5594 1326 5650 76.

641 5652 671 5692 δ
695 5652 924 5727 Dutch;
952 5661 989 5716 l.
1018 5679 1057 5727 ι,
1086 5652 1137 5720 c.
1160 5665 1248 5720 22.

645 5735 670 5801 ξ
695 5725 917 5801 Burch.,
948 5732 983 5785 l.
1008 5725 1085 5801 vi,
1111 5753 1159 5791 c.
1189 5738 1277 5792 52.

641 5792 689 5888 1
709 5798 827 5888 ibi”.
865 5792 1151 5888 εὼιὶιεέιξι.
1178 5816 1238 5888 ιιι
1265 5809 1554 5888 ¹¹2ῐῖἓῗίέῖάἓδ
1573 5822 1784 5888 ,βροηῐθ
1836 5819 2145 5888 commissa.

569 5877 695 5924 eum
724 5875 838 5942 ipsa
865 5875 1074 5932 Veritas
1101 5877 1277 5938 dicat:
1312 5881 1444 5937 Mihi
1462 5875 1776 5960 vindictam,
1806 5898 1855 5945 et
1883 5904 1976 5962 ego
2002 5875 2150 5947 rari-'-

2837 577 2902 631 ab
2945 577 3214 632 uxoribus.

2656 670 2760 745 (Ex
2778 669 3141 726 Pcenitentiali
3163 669 3399 742 eodem.)

2304 789 2433 846 CAP.
2478 803 2725 845 cccxxrx.
2766 788 3038 845 Uxoratus
3075 787 3352 844 contineat
3376 802 3436 844 se
3459 787 3807 860 quadraginta

2233 882 2349 937 dies
2392 890 2517 937 ante
2557 881 2763 948 Pascha
2806 890 2862 937 et
2901 881 3278 948 Pentecosten,
3325 896 3420 937 seu
3459 890 3586 938 ante
3629 881 3810 939 Natale

2233 973 2467 1040 Domini,
2497 982 2551 1028 et
2572 974 3149 1044 omnemDominicam
3183 981 3418 1041 noctem,
3469 983 3525 1030 et
3567 984 3807 1045 quartam

2233 1074 2289 1120 et
2335 1073 2545 1118 sextam
2601 1063 2832 1130 feriam,
2891 1071 2946 1119 et
2995 1079 3026 1117 a
3072 1064 3423 1134 conceptione
3473 1065 3808 1122 manifestata

2234 1171 2406 1225 usque
2429 1163 2552 1226 post
2577 1162 2762 1210 natam
2787 1154 3046 1210 sobolem.
3086 1153 3236 1211 Uxor
3272 1163 3394 1226 post
3430 1164 3618 1211 natam
3661 1156 3808 1213 sobo-

2234 1247 2340 1304 lem
2384 1247 2654 1304 abstineat
2697 1264 2755 1303 se
2797 1249 2864 1303 ab
2906 1248 3167 1314 Ecclesia,
3203 1249 3248 1305 si
3273 1249 3416 1305 ﬁlius
3437 1258 3539 1314 est,
3583 1250 3700 1306 dies
3725 1253 3809 1334 tri:

2234 1339 2415 1412 ginta;
2449 1340 2497 1395 si
2524 1339 2653 1404 ﬁlia,
2683 1339 2801 1396 dies
2827 1341 3205 1412 quadraginta.
3257 1339 3448 1397 Mulier
3473 1357 3532 1397 se
3555 1342 3808 1398 abstineat

2235 1445 2267 1485 a
2301 1430 2420 1485 viro
2455 1438 2569 1486 tres
2617 1445 2833 1486 menses
2874 1440 3000 1486 ante
3043 1440 3279 1502 partum,
3330 1441 3386 1488 et
3433 1440 3561 1502 post
3609 1442 3807 1504 partum

2234 1519 2592 1591 quadraginta
2637 1520 2770 1576 dies.
2823 1519 2925 1589 Qui
2976 1517 3177 1579 autem
3199 1522 3444 1594 nupserit
3484 1523 3574 1579 his
3614 1525 3805 1592 diebus,

2235 1611 2425 1682 viginti
2453 1610 2570 1667 dies
2602 1609 2884 1681 pceniteat.

2833 1701 2914 1757 De
2951 1703 3133 1758 eadem
3177 1720 3253 1760 re.

2310 1792 2440 1848 Car.
2474 1809 2700 1850 cccxxx.
2733 1806 2760 1836 ι
2788 1792 2890 1862 Qui
2913 1795 2967 1850 in
3001 1797 3414 1869 quadragesima
3449 1806 3578 1855 ante
3617 1797 3803 1856 Pascha

2162 1869 2213 1932 Β
2238 1887 2551 1956 cognoverit
2595 1902 2820 1942 uxorem
2863 1903 3015 1943 suam
3063 1896 3120 1943 et
3161 1887 3400 1944 noluerit
3441 1890 3706 1947 abstinere
3743 1893 3802 1947 ab

2239 1993 2326 2044 ea,
2354 1993 2461 2033 uno
2474 1993 2616 2034 anno
2637 1979 2897 2048 pmniteat
2919 1978 3088 2050 [Edit.
3122 1978 3395 2035 Helmwst.
3423 1996 3595 2037 annos
3619 1982 3678 2036 l5
3696 1997 3801 2051 po:-

2240 2069 2453 2143 niteat],
2493 2078 2586 2124 aut
2621 2070 2857 2140 pretium
2887 2085 3064 2136 suum,
3089 2071 3341 2127 videlicet
3364 2071 3553 2143 viginti
3577 2088 3660 2128 sex
3681 2073 3796 2128 soli—

2241 2161 2339 2217 dos
2359 2161 2425 2215 ad
2454 2161 2737 2217 ecclesiam
2770 2161 2984 2228 tribuat,
3029 2169 3122 2217 aut
3153 2163 3485 2234 pauperibus
3507 2163 3700 2220 dividat.
3734 2163 3787 2219 Si

2239 2268 2339 2323 per
2363 2252 2681 2308 ebrietatem
2723 2263 2780 2308 et
2820 2254 2936 2308 sine
2971 2254 3358 2310 consuetudine
3385 2255 3656 2323 acciderit,
3680 2268 3798 2325 qua-

2242 2345 2491 2416 draginta
2516 2345 2631 2400 dies
2659 2346 2938 2416 poeniteat.

2244 2435 2397 2502 Quod
2438 2446 2559 2491 ante
2602 2425 3016 2492 communionem
3066 2438 3325 2494 abstinere
3357 2437 3506 2494 debet
3533 2455 3566 2492 α
3585 2438 3801 2510 conjuge.

2313 2529 2442 2586 CAP.
2487 2547 2735 2587 cccxxxt.
2764 2533 2793 2572 δ
2819 2531 3008 2590 Omnis
3043 2535 3205 2590 homo
3249 2543 3373 2590 ante
3413 2550 3627 2590 sacram
3671 2549 3800 2590 ωιιι·

2240 2623 2553 2678 nunionem
2575 2639 2606 2679 a
2635 2624 2855 2697 propria
2879 2641 3051 2683 uxore
3087 2626 3362 2683 abstinere
3392 2626 3555 2684 debet
3579 2627 3633 2693 7,
3654 2633 3736 2680 aut
3754 2624 3801 2693 5,

2241 2719 2334 2766 aut
2357 2713 2391 2768 5
2419 2712 2554 2769 dies.

2239 2817 2312 2860 EX
2348 2821 2454 2861 LIB.
2502 2821 2544 2860 ll
2594 2821 2876 2863 REGINONIS
2915 2823 2980 2862 DE
3023 2822 3449 2864 ECCLESMSTICIS
3492 2819 3802 2866 praemuni.

2533 2896 2636 2963 Qui
2655 2915 2748 2968 per
2770 2898 3253 2967 faidamjhominem
3276 2900 3542 2954 occiderit.

2587 2989 2704 3060 .(Ex
2732 2989 3095 3045 Pmnitentiali
3127 3007 3234 3061 quo
3255 2990 3466 3064 supra.)
3545 3042 3549 3045 .

2268 3140 2270 3142 τ
2313 3076 2441 3135 αλιι.
2493 3095 2649 3135 xxm.
2682 3092 2704 3120 ο
2737 3079 2838 3148 Qui
2866 3098 2965 3152 pro
2991 3083 3228 3140 vindicta
3267 3083 3454 3139 fratris
3482 3091 3578 3140 aut
3605 3084 3802 3140 aliorum

2239 3182 2524 3243 parentum
2562 3174 3154 3242 occider'phominem,
3208 3192 3410 3231 annum
3452 3192 3622 3231 unum
3653 3175 3803 3247 peni-

2243 3272 2353 3318 teat
2375 3263 2401 3303 ά
2431 3271 2487 3318 et
2512 3265 2861 3334 sequentibus
2895 3265 3101 3321 duobus
3128 3275 3240 3321 tres
3263 3266 3692 3337 quadmgesimas
3707 3265 3795 3320 ob-

2243 3367 2425 3415 servet
2456 3367 2521 3414 et.
2537 3358 2805 3430 legitimas
2827 3357 3012 3428 ferias,
3034 3361 3088 3415 id
3107 3366 3212 3428 est,
3237 3360 3552 3426 secundam,
3578 3365 3799 3432 quartam

2243 3457 2299 3506 et
2324 3460 2534 3507 sextam
2564 3449 2780 3506 feriam.

2849 3540 2922 3598 De
2944 3543 3124 3599 eadem
3155 3561 3229 3599 re.

2856 3637 2959 3709 (Ex
2990 3636 3227 3709 eodem.)

2318 3723 2447 3781 Car.
2479 3741 2628 3780 xxiv.
2669 3725 2770 3793 Qui
2818 3742 2915 3797 per
2959 3729 3092 3782 iram
3131 3738 3186 3783 et
3223 3729 3398 3782 rixam
3427 3737 3483 3785 et
3511 3728 3810 3784 ebrietatem

2243 3817 2424 3874 subito
2480 3819 2756 3876 hominem
2819 3822 3123 3890 occiderit,
3190 3832 3423 3894 quatuor
3484 3839 3661 3882 annos
3712 3837 3810 3895 pm-

2244 3909 2436 3966 niteat.

2856 4003 2934 4061 De
2954 4005 3137 4062 eadem
3157 4024 3231 4062 re.

2862 4096 2963 4166 (Ex
2993 4097 3231 4167 eodem.)

2319 4181 2449 4240 CAP.
2480 4198 2606 4239 xxv.
2640 4183 2698 4240 Si
2728 4185 2850 4257 quis
2880 4187 3035 4254 liber,
3057 4187 3282 4256 jubente
3309 4188 3529 4245 domino
3559 4205 3682 4258 suo,
3711 4204 3812 4246 ser-

2246 4289 2374 4330 vum
2393 4277 2674 4343 occiderit,
2714 4277 3072 4348 quadraginta
3095 4280 3213 4335 dies
3235 4281 3518 4351 paeniteat.
3550 4282 3627 4337 Et
3650 4281 3692 4336 si
3711 4280 3814 4350 quis

2245 4362 2404 4430 liber,
2425 4365 2649 4435 jubente
2673 4367 2890 4422 domino
2913 4383 3028 4432 suo,
3072 4368 3346 4426 hominem
3377 4372 3721 4427 innocentem
3743 4385 3815 4425 oe-

2247 4455 2459 4522 ciderit,
2510 4473 2710 4514 annum
2757 4476 2925 4514 unum
2960 4463 3246 4531 paeniteat,
3289 4472 3344 4518 et
3373 4464 3426 4518 in
3457 4465 3672 4520 duobus
3713 4461 3814 4517 aliis

2169 4590 2224 4653 υ
2249 4549 2407 4605 annis
2425 4557 2534 4605 tres
2553 4552 2990 4623 quadragesimas
3011 4553 3265 4611 observet
3287 4565 3342 4610 et
3359 4555 3633 4626 legitimas
3653 4557 3812 4613 ferias.

2461 4640 2523 4698 Si
2546 4643 2734 4716 aliquis
2755 4645 3031 4701 ordinatus
3055 4648 3395 4703 homicidium
3420 4651 3625 4720 fecerit.

2606 4735 2707 4808 (Ex
2736 4736 3101 4794 Pmnitentiali
3131 4755 3240 4810 quo
3265 4741 3472 4813 supra.)

2321 4819 2450 4878 Car.
2493 4839 2640 4880 xLVI.
2676 4838 2699 4865 ε
2730 4825 2788 4880 Si
2831 4828 2954 4897 quis
2988 4830 3272 4901 episcopus
3306 4839 3402 4886 aut
3449 4831 3652 4902 aliquis
3692 4828 3816 4887 ordi-

2250 4922 2409 4969 natus
2453 4915 2804 4973 homicidium
2850 4919 3060 4988 fecerit,
3107 4906 3294 4979 decem
3339 4939 3510 4981 annos
3548 4924 3813 4996 paeniteat,

2250 5015 2363 5062 tres
2382 5024 2448 5063 ex
2469 5009 2555 5065 his
2575 5010 2628 5063 in
2659 5026 2796 5082 pane
2817 5021 2873 5068 et
2897 5029 3056 5084 aqua.

2253 5122 2315 5179 Si
2337 5124 2451 5195 quis
2473 5128 2788 5182 consenserit
2808 5127 2887 5183 vel
2907 5129 3213 5270 cgnailiatus
3234 5131 3471 5205 fuerit!“
3492 5132 3649 5188 homo
3674 5132 3815 5190 inter-

2967 5211 3156 5256 oratur.

2967 5211 3156 5256 czatur.

2852 5318 2956 5388 (Ex
2993 5319 3231 5392 eodem.)

2324 5405 2454 5464 Cn.
2506 5425 2673 5466 van.
2713 5409 2735 5450 ί
2769 5409 2972 5482 Siquis
3020 5414 3086 5468 ad
3131 5412 3482 5469 homicidium
3528 5410 3814 5468 faciendum

2253 5498 2588 5556 censenserit
2617 5511 2672 5557 et
2700 5504 2980 5559 consilium
3023 5505 3252 5574 dederit,
3293 5514 3348 5562 et
3397 5508 3598 5562 factum
3646 5502 3812 5568 fuerit,

2254 5613 2430 5667 buam.
2457 5635 2474 5666 ι
2501 5614 2645 5669 Idem
2667 5616 2832 5671 habet
2853 5617 3230 5675 Pcenitentiale
3251 5617 3552 5676 Romanum
3573 5632 3642 5674 ex
3663 5615 3816 5673 That-

2253 5683 2571 5756 doroLYide
2597 5701 2778 5756 supra.

2330 5767 2354 5831 ς
2383 5753 2682 5831 ξξιιῇῑςειικλ
2703 5756 2795 5831 lib.
2822 5773 2970 5831 v1,c.
2996 5759 3049 5819 1.

2263 5903 2272 5911 _
2331 5824 2352 5866 ί
2382 5825 2608 5896 Halitg.,
2642 5827 2771 5882 ibid.
