4020 6360
205 268 307 325 969

202 391 406 453 septem
435 392 606 434 annos
629 378 907 447 pmniteat.
945 377 1005 432 Si
1051 392 1177 432 vero
1217 392 1324 431 non
1360 375 1526 430 fuerit
1547 373 1768 438 factum,
1797 373 1850 434 Α

206 485 318 529 tres
343 485 514 526 annos
534 469 796 540 paeniteat

203 569 265 626 Si
285 568 398 640 quis
431 565 872 634 consanguineum
905 577 1058 618 suum
1097 563 1343 618 occiderit
1378 569 1469 615 aut
1493 559 1768 614 seniorem.

695 657 705 661 '
760 679 764 682 ~
801 652 902 724 (Ex
941 653 1176 723 eodem.)

271 750 402 804 Car.
435 763 626 803 ιιηιι.
669 744 727 801 Si
753 745 876 814 quis
904 744 1208 814 proximum
1237 750 1291 796 et
1315 741 1772 810 consanguineum

197 854 352 895 suum
398 837 682 901 occiderit,
731 836 918 890 decem
963 849 1135 888 annos
1177 832 1455 904 paeniteat.
1511 831 1773 885 Similiter

195 931 240 985 si
281 928 404 999 quis
448 927 716 982 seniorem
757 932 813 980 et
856 925 1131 979 dominum
1178 937 1336 977 suum
1369 921 1492 976 dolo
1539 921 1773 975 trucidas

192 1019 353 1074 verit.

259 1127 340 1182 De
364 1129 444 1181 lus
467 1143 554 1195 qui
588 1142 682 1192 pro
714 1124 873 1180 nihilo
896 1125 1094 1178 ducunt
1119 1123 1457 1178 homicidium
1485 1123 1540 1177 in
1568 1120 1697 1176 bello

794 1205 1166 1266 perpetratum.

511 1287 608 1356 (Ex
646 1284 1010 1341 Poznitentiali
1048 1299 1155 1354 quo
1181 1282 1392 1354 supra.)

257 1377 392 1432 Cu.
427 1392 500 1432 ιι.
560 1376 618 1430 Si
651 1377 773 1444 quis
815 1375 1091 1430 hominem
1129 1375 1183 1428 in
1211 1373 1354 1428 bello
1381 1369 1595 1442 publico
1620 1370 1763 1426 occi-

191 1468 352 1532 derit,
379 1465 734 1537 quadraginta
756 1465 871 1519 dies
888 1465 1165 1534 paeniteat.

402 1558 482 1613 De
507 1558 696 1613 clerico
727 1559 816 1629 qui
838 1557 1133 1628 proximum
1161 1573 1314 1610 suum
1341 1555 1548 1610 occidit.

788 1648 890 1716 (Ex
927 1647 1167 1716 eodem.)

253 1738 389 1793 Cu.
423 1753 520 1793 ιιι.
561 1737 621 1792 Si
665 1712 895 1792 clericus
919 1712 1265 1791 homicidium
1291 1733 1480 1789 fecerit
1501 1741 1554 1786 et
1579 1729 1762 1801 proxi-
1791 1712 1839 1772 Β

188 1841 339 1882 mum
367 1841 525 1882 suum
554 1827 818 1882 occiderit
843 1827 954 1884 odii
981 1825 1350 1890 meditatione,
1381 1825 1532 1880 exsul
1559 1832 1762 1894 septem

186 1918 346 1974 annis
367 1919 648 1989 praeniteat.

780 2005 856 2060 De
879 2006 1173 2076 parricidis.

791 2097 892 2168 (Ex
927 2097 1161 2167 eodem.)

255 2185 392 2243 Cu».
423 2203 545 2242 Llll.
606 2185 663 2241 Si
689 2186 811 2257 quis
832 2187 934 2242 hoc
961 2187 1164 2242 crimen
1189 2185 1598 2256 perpetraverit,
1645 2186 1764 2255 qui-

187 2281 308 2335 dam
346 2277 728 2346 iudicaverunt
777 2285 836 2331 ut
883 2285 1089 2346 septem
1141 2277 1298 2330 annis
1341 2276 1619 2345 pmniteat,
1677 2275 1761 2330 vel

188 2369 600 2440 quatuordecim
641 2368 1012 2438 paenitentiam
1055 2367 1289 2438 egisset;
1330 2368 1546 2435 quidam
1592 2381 1763 2436 usque

188 2463 253 2517 ad
291 2462 462 2517 ﬁnem
504 2461 659 2525 vitae,
705 2461 848 2514 sicut
891 2459 1025 2514 Cain
1053 2501 1066 2526 ,
1106 2460 1199 2529 qui
1251 2459 1445 2514 similia
1490 2469 1763 2529 perpetra-

191 2551 346 2607 verit.

191 2661 264 2718 De
309 2662 506 2719 femina
545 2673 698 2730 cujus
732 2659 874 2728 [ilius
906 2675 998 2729 per
1037 2656 1401 2730 negligentiam
1443 2657 1626 2712 obicrit
1657 2674 1760 2712 non

809 2731 1122 2800 baptizatus.

413 2823 514 2896 (Ex
534 2821 896 2878 Pmnitentiali
923 2837 1028 2890 quo
1053 2836 1235 2891 supra,
1267 2836 1386 2890 cap.
1420 2821 1532 2891 l7.)

260 2913 388 2968 CAP.
422 2929 549 2968 un.
607 2912 833 2966 Pariens
864 2910 1085 2974 femina,
1113 2909 1267 2979 cujus
1294 2910 1437 2964 ﬁlius
1468 2925 1564 2979 per
1588 2910 1758 2979 negli-

187 3005 419 3075 gentiam
447 3019 554 3059 non
579 3002 886 3071 baptizatus
915 3001 1133 3065 obierit,
1174 3015 1374 3054 annum
1399 3015 1561 3052 unum
1589 3000 1761 3067 pinni-

898 261 1447 319 PCENITENTIALE.
1488 289 1557 300 -——
1589 258 1768 315 CAPI'I

1860 258 1928 314 ΑΔ
1965 256 2319 314 COLLECTA
2357 259 2448 313 EX
2487 258 2742 314 FRAGM.

3333 259 3437 328 ora

2067 370 2128 427 Si
2155 381 2406 426 uxoratus
2437 369 2684 425 ancillam
2710 371 2973 440 propriam
2997 371 3238 422 tenuerit.

1941 462 2069 519 CAP.
2117 478 2312 517 cxxxv.
2350 461 2407 515 Si
2437 472 2698 516 uxoratus
2747 459 2996 515 ancillam
3044 461 3315 530 propriam
3363 470 3438 513 to-

1872 552 2067 614 nuerit,
2106 566 2306 604 annum
2333 565 2496 603 unum
2533 549 2816 618 pmniteat,
2841 548 2921 602 vel
2957 548 3008 601 in
3034 549 3140 601 alio
3165 563 3307 603 anno
3333 556 3461 603 tres

1871 641 2313 712 quadragesimas
2343 647 2398 692 et
2423 639 2689 708 legitimas
2715 639 2896 701 ferias,
2937 648 2992 691 et
3032 639 3204 693 tribus
3241 639 3441 708 mensi-

1869 732 1972 786 bus
1999 732 2148 801 prius
2173 747 2230 785 se
2265 746 2296 784 a
2325 747 2421 785 sua
2464 730 2737 783 contineat
2777 727 3022 798 conjuge.
3051 728 3260 784 Ancilla
3289 743 3440 792 vero,

1870 825 1916 878 si
1948 825 2058 878 vim
2090 839 2248 893 passa
2284 831 2386 886 est,
2433 822 2787 892 quadraginta
2836 821 2984 885 dies;
3019 821 3064 876 si
3104 822 3442 876 consentiens

1869 914 2051 979 fuerit,
2079 922 2189 969 tres
2213 915 2268 967 in
2291 928 2432 967 anno
2457 911 2896 982 quadragesimas
2920 919 2974 965 et
2995 910 3258 980 legitimas
3279 911 3442 965 ferias

1868 1005 2142 1074 pwniteat.
3275 1019 3278 1022 λ

2007 1094 2068 1150 Si
2090 1093 2258 1148 laicus
2282 1110 2397 1148 cum
2420 1093 2556 1146 Iaica
2581 1093 2774 1162 femina
2799 1093 3091 1160 fornicatus
3117 1092 3294 1162 fuerit.

2477 1183 2578 1253 (Ex
2602 1183 2834 1254 eodem.)

1938 1272 2070 1329 CAP.
2119 1288 2336 1328 cxxxvr.
2363 1260 2471 1326 (Si
2500 1271 2668 1326 laicus
2697 1287 2820 1326 cum
2846 1271 2982 1326 laica
3012 1271 3230 1337 femina,
3257 1272 3311 1327 id
3331 1282 3435 1335 est,

1865 1377 2093 1436 uterque
2132 1366 2408 1421 absolutus
2435 1381 2465 1418 a
2497 1365 2615 1435 lege
2645 1362 2898 1434 coniugii,
2932 1373 3044 1418 tres
3066 1381 3236 1418 annos
3263 1365 3437 1434 poeni-

1867 1467 2008 1520 teat;
2045 1467 2098 1512 et
2138 1465 2340 1526 quanto
2369 1455 2562 1525 smpius
2606 1463 2659 1509 et
2709 1454 3065 1525 ncgligentius
3110 1470 3173 1508 ea
3217 1462 3437 1524 peccata

1864 1551 2272 1628 commiserunt,
2306 1557 2454 1604 tanto
2485 1548 2657 1618 magis
2683 1556 2735 1602 et
2760 1557 2968 1618 tempus
2996 1547 3224 1602 addatur
3243 1555 3297 1602 et
3322 1561 3437 1602 Ino-

1866 1638 1967 1696 dus
1985 1641 2332 1710 prenitentiae.

2056 1728 2134 1782 De
2163 1729 2508 1798 fornicatione
2527 1729 2846 1783 diversarum
2875 1719 3236 1798 personarum.

1864 1819 1964 1892 (Ex
2008 1819 2369 1876 Pcenitentiali
2420 1821 2661 1875 Romano
2681 1818 2730 1886 ι),
2780 1821 3046 1875 Theodori
3085 1819 3342 1890 episcopi,
3381 1827 3436 1874 et

2384 1911 2540 1966 Beda:
2564 1911 2909 1982 presbyteri.)
3444 1907 3450 1918 '

1932 1999 2062 2055 Car.
2107 2015 2315 2055 coma.
2352 2000 2677 2056 Adolescens
2700 2001 2744 2054 si
2768 2017 2889 2056 cum
2926 2000 3135 2072 virgine
3169 2007 3444 2070 pec'cavc-'

1864 2089 1953 2156 rit,
2001 2106 2200 2145 annum
2246 2091 2522 2160 pmniteat.
2561 2089 2616 2144 Si
2649 2092 2811 2145 semel
2840 2099 2895 2146 et
2923 2091 3146 2146 fortuito
3172 2107 3322 2159 casu,
3362 2093 3439 2146 le-

1861 2180 2074 2249 vigetur
2111 2181 2160 2234 ei
2203 2180 2542 2252 poenitentia,
2584 2189 2639 2235 et
2669 2191 2876 2236 tantum
2918 2197 3088 2252 usque
3128 2184 3195 2239 ad
3233 2193 3444 2237 annum‘

1860 2269 2072 2338 plenum
2101 2272 2378 2339 paeniteat.
2416 2270 2472 2326 Si
2508 2270 2645 2324 infra
2676 2271 2895 2342 triginta
2924 2288 3095 2327 annos
3123 2273 3432 2327 adolescens

1861 2354 2271 2414 fornicationem
2314 2359 2496 2424 faciat,
2532 2369 2642 2415 tres
2679 2361 3116 2432 quadragesimas
3156 2370 3210 2415 et
3258 2361 3441 2431 legiti—‘

1862 2469 1979 2508 mas
2008 2453 2192 2510 ferias.
2239 2455 2298 2510 Si
2335 2463 2556 2526 propter
2594 2455 2696 2509 hoc
2741 2464 3016 2524 peccatum
3065 2454 3284 2509 servitio
3328 2454 3433 2508 hu-

1861 2566 2020 2608 mano
2051 2548 2248 2605 addicti
2278 2557 2421 2613 sunt,
2461 2548 2819 2618 quadraginta
2864 2547 2980 2602 dies
3021 2547 3333 2617 pceniteant.
3373 2546 3430 2600 Si

1860 2650 2118 2697 uxoratus
2155 2655 2276 2696 cum
2317 2639 2526 2710 virgine
2563 2637 2860 2693 fornicatus
2889 2637 3072 2702 fuerit,
3103 2637 3236 2692 duos
3269 2651 3438 2691 annos

1859 2736 2136 2808 paeniteat,
2183 2734 2258 2787 ita
2305 2733 2538 2803 primum
2584 2733 2845 2794 omnium,
2879 2739 3000 2785 uta
3031 2746 3127 2784 sua
3171 2745 3228 2783 se
3264 2725 3440 2783 conti?

1859 2835 2004 2882 neat.
2039 2826 2096 2879 Si
2125 2825 2175 2879 ei
2199 2823 2554 2888 consenserit,
2605 2822 2759 2877 uxori
2801 2821 2965 2875 etiam
2992 2819 3219 2874 addatur
3248 2820 3441 2874 modus

1860 2917 2210 2990 ptenitentim.
2237 2915 2291 2970 Si
2316 2915 2486 2970 laicus
2505 2930 2626 2969 cum
2644 2913 2778 2968 laica
2804 2911 3104 2968 fornicatus
3127 2911 3308 2975 fuerit,
3330 2918 3440 2990 tres

1864 3027 2032 3065 annos
2059 2997 2350 3078 pmniteat;
2383 3015 2439 3062 et
2463 3015 2666 3076 quanto
2693 3006 2905 3075 smpius,
2934 3012 3083 3058 tanto
3110 3003 3280 3072 magis
3311 2985 3443 3056 lenti

185 3103 309 3157 teat,
349 3101 409 3148 et
439 3107 709 3161 nunquam
743 3091 814 3145 sit
847 3091 964 3145 sine
1007 3089 1185 3158 aliqua
1210 3089 1548 3158 paenitentia.
1578 3087 1636 3142 Si
1669 3103 1760 3140 au-

1862 3115 1965 3170 pus
2011 3100 2256 3153 addatur.
2311 3097 2504 3152 Laicus
2551 3094 2828 3151 maculans
2856 3112 2914 3151 se
2941 3111 3062 3150 cum
3099 3093 3290 3148 ancilla
3321 3092 3440 3159 Dei,

182 3194 286 3238 tem
327 3199 432 3253 per
465 3182 847 3254 negligentiam
890 3179 1207 3246 sacerdotis,
1247 3179 1464 3248 require
1506 3179 1559 3233 in
1588 3178 1763 3249 primo

179 3273 356 3328 libello
384 3289 507 3342 cap.
541 3271 660 3326 i29.

407 3359 470 3415 Si
493 3377 595 3431 qua
614 3359 804 3414 mulier
827 3367 1035 3430 partum
1053 3373 1207 3413 suum
1231 3366 1535 3412 excusserit.

605 3451 704 3522 (Ex
731 3450 1099 3512 Pmnitentiali
1118 3447 1352 3520 eodem.)

246 3545 381 3599 Car.
420 3559 565 3598 uvI.
608 3542 667 3596 Si
696 3558 799 3612 qua
834 3542 1026 3596 mulier
1053 3549 1266 3610 partum
1296 3554 1451 3594 suum
1480 3545 1605 3593 ante
1629 3553 1762 3608 qua-

177 3637 433 3708 draginta
481 3636 596 3690 dies
638 3636 692 3690 in
739 3642 894 3688 utero
940 3642 1127 3702 sponte
1178 3629 1508 3702 perdiderit,
1561 3644 1761 3682 annum

177 3745 342 3783 unum
383 3727 667 3798 pmniteat.
700 3725 756 3779 Si
785 3739 914 3779 vero
957 3732 1079 3792 post
1117 3721 1468 3793 quadraginta
1497 3721 1611 3774 dies
1639 3734 1760 3773 eum

174 3814 463 3882 occiderit,
510 3829 619 3874 tres
664 3831 833 3872 annos
873 3817 1148 3886 pmniteat.
1201 3815 1258 3869 Si
1303 3829 1432 3868 vero
1478 3821 1760 3881 postquam

175 3914 458 3966 animatus
508 3907 691 3972 fuerit,
737 3922 860 3962 eum
908 3905 1239 3974 perdiderit,
1289 3903 1442 3971 quasi
1489 3901 1759 3955 homicida

172 4003 466 4074 pmoiteat.
497 3998 603 4053 Sed
637 3997 803 4052 distat
842 3995 1068 4050 multum
1107 4001 1285 4046 utrum
1312 3990 1635 4061 paupercula
1662 4004 1761 4058 pro

171 4090 498 4146 difﬁcultate
529 4085 820 4148 nutriendi,
851 4092 944 4137 aut
967 4082 1254 4136 fornicaria
1277 4096 1437 4135 causa
1461 4080 1552 4143 sit,
1583 4087 1636 4133 et
1661 4093 1760 4147 pro

169 4185 253 4240 sui
289 4180 527 4239 sceleris
549 4178 758 4234 celandi
785 4174 944 4230 faciat
972 4188 1154 4228 causa.

262 4274 348 4329 De
380 4271 580 4343 femina
610 4284 726 4340 qua:
752 4267 918 4322 virum
940 4281 1031 4334 per
1056 4263 1371 4332 maleﬁcium
1395 4260 1658 4329 interﬁcit.

470 4360 570 4434 (Ex
593 4359 779 4415 eodem
800 4353 1185 4418 Pmnitentiali,
1213 4369 1333 4421 cap.
1370 4352 1474 4422 l5.)
1605 4360 1610 4366 '

239 4455 380 4512 Car.
416 4468 619 4508 Lxxxu.
660 4449 870 4513 Mulier,
907 4447 952 4501 si
992 4447 1200 4515 aliquos
1225 4445 1483 4498 interimit
1512 4452 1627 4496 arte
1644 4456 1760 4511 ma-

166 4547 349 4611 leﬁca,
397 4545 452 4598 id
477 4553 559 4597 est
606 4557 702 4611 per
742 4537 991 4610 poculum
1033 4545 1125 4589 aut
1167 4551 1262 4605 per
1302 4535 1534 4604 aliquam
1567 4543 1756 4596 artem,

164 4646 386 4705 septem
414 4633 570 4688 annis
595 4632 870 4701 pteniteat.
895 4627 951 4684 Si
973 4627 1297 4700 paupercula
1326 4625 1507 4692 fuerit,
1531 4634 1762 4695 quatuor

166 4727 332 4780 annis
360 4725 645 4794 pmoiteat.

166 4837 314 4903 Quid
349 4836 406 4890 si
441 4852 578 4889 unus
607 4835 893 4974 absotutnsf
912 4841 959 4887 et
989 4829 1134 4914 alter
1167 4830 1440 4900 copulatus
1479 4828 1760 4898 adulterati

893 4912 1080 4955 tremit.

893 4912 1080 4955 uerint.

527 4993 626 5065 (Ex
650 4993 1017 5048 Pteniteutiali
1045 4992 1184 5046 unde
1210 4993 1415 5062 supra.)

237 5085 384 5141 CAP.
413 5100 629 5139 cxxxw.
655 5085 712 5138 Si
742 5085 884 5156 quis,
908 5098 1104 5136 vacans
1132 5097 1315 5145 uxore,
1345 5079 1529 5149 polluit
1556 5093 1613 5132 se
1638 5093 1758 5132 cum

115 5217 118 5220 ι
162 5181 411 5235 alterius
439 5195 626 5242 uxore,
671 5179 826 5232 annis
872 5164 1079 5232 duobus
1104 5177 1380 5246 pmniteat.
1412 5172 1671 5228 Similiter
1695 5174 1761 5226 de

161 5268 403 5325 feminis
429 5267 841 5322 observandum.

234 5457 264 5485 ο
299 5443 536 5509 Burch.,
556 5441 594 5496 l.
618 5459 694 5506 Ix,
719 5458 768 5496 c.
793 5443 880 5498 68.

237 5515 269 5554 δ
313 5513 468 5566 Idem
500 5521 593 5584 est
634 5514 778 5584 quod
822 5528 981 5584 supra
1031 5513 1191 5568 habet
1237 5513 1510 5583 inquisitio
1551 5514 1640 5578 65,
1677 5513 1763 5571 his

161 5585 406 5638 verbis:
453 5583 873 5638 «Plenitentiale
918 5585 1216 5638 Romanqu
1252 5585 1353 5639 vel
1400 5601 1430 5638 a
1481 5584 1762 5641 Theodoro

164 5655 462 5722 episcopo,
490 5661 582 5706 aut
614 5668 645 5707 a
667 5669 790 5707 ven.
820 5656 1137 5728 presbytero
1164 5654 1302 5709 Beda
1331 5656 1554 5711 editum.
1579 5677 1596 5709 ι

555 5763 824 5827 ΡΑτιιΟι.
872 5767 1096 5826 XCIX.

1862 3191 1998 3243 duos
2042 3204 2212 3241 annos
2246 3187 2525 3257 pmniteat.
2572 3185 2628 3240 Si
2659 3187 2905 3256 genuerit
2931 3201 2996 3240 ex
3026 3200 3088 3240 ea
3121 3184 3313 3251 filium,
3343 3201 3445 3241 an-

1859 3292 1960 3334 nos
1989 3286 2101 3332 tres
2137 3277 2413 3347 pmniteat.
2463 3277 2520 3330 Si
2567 3277 2682 3330 sine
2727 3277 2977 3346 conjugio
3017 3285 3119 3342 est,
3163 3285 3272 3332 tres
3300 3292 3440 3347 qua-

1861 3368 2193 3438 dragesimus
2238 3376 2293 3421 et
2341 3366 2609 3436 legitimas
2647 3365 2830 3420 ferias.
2866 3364 2920 3418 Si
2949 3366 3194 3420 canonici
3225 3375 3349 3419 sunt
3386 3373 3443 3422 et

1833 3458 2215 3522 "fornicamur,
2261 3472 2458 3510 annum
2504 3473 2698 3524 unum;
2738 3457 2781 3520 si
2814 3457 3123 3526 frequenter
3146 3457 3296 3510 duos.
3337 3455 3438 3522 Qui

1861 3550 1915 3603 in
1945 3549 2112 3618 gradu
2144 3555 2247 3614 est,
2287 3563 2456 3602 annos
2501 3555 2609 3601 tres
2654 3547 2928 3616 pmniteat.
2985 3545 3275 3600 Monachus
3319 3547 3437 3600 sine

1828 3684 1832 3688 .
1859 3639 2048 3710 gradu,
2073 3638 2156 3692 vel
2183 3640 2472 3694 canonicos
2498 3638 2722 3710 gradum
2754 3639 2976 3700 habens,
3018 3637 3062 3692 si
3094 3653 3215 3691 cum
3255 3637 3442 3708 puel‘a.

1860 3732 1997 3787 laica
2043 3731 2288 3786 fornicati
2332 3740 2478 3796 sunt,
2529 3746 2697 3785 annos
2724 3739 2835 3785 tres
2857 3729 3173 3800 pmniteant.
3219 3727 3273 3784 Si
3311 3746 3434 3785 cum

1861 3821 2253 3877 sanctimoniali
2281 3862 2296 3886 ,
2350 3837 2520 3875 annos
2563 3829 2767 3891 septem
2813 3817 3129 3891 pmniteant.
3191 3821 3435 3875 Monaclii

1861 3928 1984 3967 eum
2023 3913 2191 3981 gradu
2236 3911 2645 3966 fornicationem
2693 3909 2969 3977 facientes,
3013 3921 3214 3980 septem
3265 3926 3436 3982 annos

1859 4004 2172 4075 pmniteant.
2215 4001 2272 4057 Si
2310 4001 2604 4057 monachus
2633 4002 2824 4056 laicam
2857 4002 3091 4064 duxerit,
3126 4012 3234 4056 tres
3263 4017 3437 4056 annos

1858 4093 2138 4162 poeniteat,
2190 4091 2278 4145 illa
2326 4093 2458 4146 duos
2484 4099 2537 4144 et
2568 4088 2833 4160 legitimas
2863 4090 3045 4146 ferias.
3073 4091 3128 4145 Si
3159 4108 3327 4161 usque
3364 4091 3432 4146 ad

1861 4183 2265 4253 generationem
2292 4182 2406 4246 filii,
2440 4189 2671 4250 quatuor
2691 4173 2862 4238 annos
2893 4184 3168 4252 pmoiteat.
3210 4183 3265 4237 Si
3299 4170 3438 4238 occi-

1860 4273 2022 4337 derit,
2049 4281 2264 4352 septem.
2295 4288 2465 4328 annos
2492 4274 2771 4342 poeniteat.
2807 4271 2864 4327 Si
2895 4263 3176 4340 episcopus
3207 4263 3438 4329 fornica—

1793 4402 1838 4462 υ
1863 4373 1949 4418 tus
1992 4362 2174 4428 fuerit,
2217 4373 2340 4417 octo
2386 4379 2556 4418 annos
2594 4364 2869 4432 pceuiteat.
2916 4362 3018 4415 Alii
3055 4361 3436 4435 iudicaverunt

1863 4454 2145 4508 duodecim
2189 4469 2452 4507 annorum
2498 4454 2888 4522 pamitentiam.
2932 4450 3057 4507 Post
3080 4468 3278 4507 annum
3328 4463 3433 4507 ter-
3510 4461 3514 4466 '

1861 4543 1991 4596 tium
2043 4542 2209 4598 levius
2249 4544 2526 4612 pamiteat.
2573 4544 2858 4612 Presbyter
2902 4559 3022 4596 cum
3065 4543 3238 4612 puella
3268 4544 3436 4600 forni-

1859 4648 2008 4696 cans,
2035 4647 2205 4686 annos
2232 4642 2465 4702 quatuor
2492 4642 2545 4686 et
2576 4641 2685 4687 tres
2712 4634 3152 4704 quadragesimus
3182 4635 3233 4688 in
3266 4652 3429 4698 anno.

1860 4731 1916 4778 et
1961 4722 2124 4777 ferias
2171 4733 2416 4792 quartam
2458 4715 2512 4776 et
2554 4732 2760 4777 sextam
2793 4725 2845 4778 in
2877 4742 3014 4795 pane
3042 4734 3098 4789 et
3134 4740 3292 4794 aqua.
3319 4739 3348 4790 ε,
3373 4726 3431 4781 Si

1861 4833 1982 4872 cum
2009 4817 2201 4870 ancilla
2230 4816 2320 4869 Dei
2358 4816 2650 4870 fornicatus
2681 4813 2859 4880 fuerit,
2890 4827 3092 4884 septem
3121 4833 3289 4873 annos
3317 4813 3432 4888 pm-

1859 4907 2048 4962 niteat.
2093 4907 2405 4976 Episcopus,
2439 4908 2745 4978 presbyter,
2778 4917 2833 4962 et
2860 4910 3135 4975 diaconus,
3166 4911 3211 4963 si
3243 4911 3294 4964 in
3323 4911 3431 4965 for-

1860 4999 2146 5065 nicatione,
2178 4997 2429 5070 perjurio,
2457 5007 2561 5051 etc.
2585 4996 2632 5051 ἀ.

1927 5153 1944 5167 ,
2040 5154 2048 5158 ,
2226 5155 2228 5158 ,
2405 5089 2538 5145 Item
2565 5091 2626 5144 de
2649 5092 2874 5145 incestis.
2967 5079 2972 5084 δ

1930 5182 2058 5237 CAP.
2090 5195 2320 5236 εαξη-ιι.
2363 5181 2421 5234 Si
2457 5180 2769 5235 adolescens
2799 5173 3040 5235 sororem
3083 5177 3234 5236 suam
3265 5179 3432 5238 duxe-

1859 5270 1950 5335 rit,
2004 5270 2239 5339 quinque
2283 5283 2452 5322 annos
2499 5267 2778 5337 poeniteat.
2827 5268 2884 5322 Si
2929 5279 3176 5336 matrem,
3226 5265 3432 5342 septem

1935 5457 1956 5486 ε
1998 5447 2218 5510 Burch.,
2252 5447 2287 5500 l.
2320 5463 2450 5511 vaI,
2474 5463 2523 5502 c.
2551 5448 2638 5502 59.

1863 5534 1895 5642 α
1930 5516 2055 5600 {Ut
2089 5529 2246 5587 supra
2272 5518 2322 5571 in
2346 5519 2518 5589 prima
2546 5518 2857 5576 collectiooe
2877 5518 3232 5589 capindorum
3257 5516 3437 5576 TilLU'

1897 5601 1995 5642 οη.
2447 5627 2450 5633 -
3191 5599 3196 5605 ’
3401 5601 3410 5610 ’

2885 5774 2954 5835 3i
