4020 6360
625 309 726 367 9η

1633 299 1976 357 THEODORI
2017 297 2332 354 ARCHIEP.
2373 295 2920 353 CANTUARIENSIS
3185 331 3188 334 ~
3751 304 3839 359 972

622 440 814 482 annos.
845 424 910 479 Et
935 421 1170 492 quandiu
1199 416 1416 482 vixerit,
1457 431 1729 484 nunquam
1759 416 1830 469 sit
1859 415 1976 471 sine
2019 413 2194 468 conti-
2218 419 2270 480 Α
2295 420 2407 467 tres
2435 425 2645 466 menses
2666 411 2944 481 pmniteat.
2992 410 3092 477 Qui
3133 423 3232 481 per
3273 409 3650 481 turpiloqnium
3671 414 3841 482 pollui-

621 514 806 572 nentia
833 508 1214 584 [pmiiitentia].

653 669 657 673 .
1275 597 1408 653 Item
1433 595 1544 650 alii.

695 698 800 768 Qui
825 713 949 754 cum
980 703 1152 751 matre
1174 691 1468 749 fornicatus
1490 687 1670 751 fuerit,
1702 685 2005 757 quindecim
2031 701 2200 740 annos

623 792 905 864 poeniteat.
943 788 1044 858 Qui
1069 802 1193 842 cum
1231 784 1338 839 lilia
1365 783 1451 838 vel
1479 796 1665 836 sorore
1693 779 1990 834 fornicatus
2017 779 2197 840 fuerit,

626 883 696 936 ab
719 879 867 935 omni
905 891 1068 941 carne
1089 891 1146 930 se
1169 875 1458 936 abstineat,
1488 880 1541 926 et
1567 869 1870 940 quindecim
1897 883 2066 922 annos
2093 882 2202 936 pa:-

625 975 818 1031 niteat.
858 971 916 1026 Si
943 976 1118 1024 mater
1137 982 1259 1020 cum
1289 965 1399 1018 filio
1421 978 1518 1018 suo
1543 961 1767 1032 parvulo
1798 960 2058 1015 fornicata
2087 957 2201 1012 fue-

627 1067 724 1131 rit,
767 1073 878 1119 tres
916 1074 1087 1115 annos
1125 1057 1391 1111 abstineat
1421 1069 1478 1109 se
1507 1069 1536 1107 a
1560 1067 1744 1118 carne,
1775 1059 1830 1105 et
1863 1051 2004 1106 diem
2034 1065 2199 1104 unum

624 1155 680 1208 in
736 1163 1054 1220 unaquaque
1114 1143 1449 1202 hcbdomada
1507 1140 1714 1212 jejunet
1770 1155 1941 1209 usque
1992 1139 2060 1193 ad
2111 1153 2200 1193 ve-

623 1257 780 1312 spera
787 1257 860 1295 m.
1673 1256 1716 1278 ο

651 1319 653 1322 ⁴
1339 1325 1494 1382 Item.
1885 1368 1892 1371 -

692 1421 794 1490 Qui
822 1421 982 1476 habet
1010 1427 1240 1475 matrem
1262 1426 1316 1473 et
1348 1417 1530 1483 filiam,
1561 1415 1692 1470 duas
1720 1428 1953 1478 sorores,
1979 1422 2200 1466 uxorem

621 1513 796 1584 patris
818 1519 875 1567 et
900 1508 1104 1572 fratris,
1135 1507 1392 1579 patruelis
1415 1515 1508 1561 aut
1529 1505 1802 1568 avunculi,
1845 1511 2062 1573 neptem
2107 1508 2200 1554 aut

622 1603 1022 1665 consobrinam,
1060 1609 1155 1655 aut
1183 1599 1275 1670 qui
1316 1599 1369 1654 in
1412 1599 1607 1667 prima,
1643 1596 1898 1659 secunda,
1926 1594 2009 1649 vel
2043 1592 2201 1650 tertia

625 1693 971 1764 generatione
1002 1689 1176 1758 juncti
1219 1695 1365 1754 sunt,
1415 1688 1536 1742 istis
1576 1686 1824 1742 volumus
1868 1686 2108 1740 indicare
2139 1693 2199 1739 ut

2302 508 2408 567 tur,
2447 509 2651 570 septem
2692 500 2808 554 dies
2834 500 3110 571 poeniteat.
3196 499 3487 571 Presbyter
3527 502 3570 556 si
3597 503 3840 562 osculatus

2301 591 2464 646 fuerit
2492 591 2745 645 feminam
2771 606 2870 662 per
2895 591 3226 646 immundum
3271 591 3593 647 desiderium
3622 635 3638 658 ,
3677 595 3839 666 viginti

2301 683 2416 738 dies
2452 685 2732 752 pteniteat.
2801 682 2858 736 Si
2906 682 3214 752 inquinatus
3281 683 3464 749 fuerit,
3519 687 3840 758 quadraginta

2301 777 2414 830 dies
2438 775 2716 844 pmniteat.
2745 774 2846 842 Qui
2872 776 2924 828 in
2951 775 3180 832 ecclesia
3206 791 3302 846 per
3325 791 3570 831 somnum
3592 777 3837 847 polluitur,

2301 871 2412 919 tres
2453 866 2566 919 dies
2606 865 2884 934 poeniteat.
2945 864 3048 930 Qui
3100 865 3152 918 in
3195 865 3398 920 somnis
3438 865 3706 921 voluntate
3746 869 3840 938 pol-

2301 955 2443 1010 lutus
2461 964 2559 1020 est,
2597 965 2802 1025 surgat,
2830 964 2884 1011 et
2920 964 3099 1010 cantet
3126 965 3329 1027 septem
3354 957 3588 1026 psalmos
3607 959 3840 1028 pauitan-

2303 1045 2474 1109 tiales,
2498 1053 2552 1098 et
2579 1045 2692 1099 dies
2726 1045 2963 1114 triginta.
3023 1044 3123 1112 Qui
3149 1059 3374 1114 peccare
3402 1046 3634 1100 voluerit
3655 1049 3704 1101 in
3727 1064 3839 1103 som-

2301 1136 2404 1201 nis,
2437 1145 2491 1191 et
2517 1151 2623 1192 non
2646 1136 2809 1192 fuerit
2844 1137 3095 1207 pollutus,
3141 1137 3357 1207 triginta
3383 1146 3616 1207 quatuor
3638 1141 3838 1210 psalmos

2300 1233 2500 1280 cantet.

2789 1294 2866 1350 De
2895 1295 3163 1366 fundendo
3187 1312 3380 1351 semen.

2369 1385 2498 1441 Car»
2530 1401 2688 1442 ccut.
2728 1385 2754 1426 δ
2807 1387 3045 1442 Clericus
3085 1388 3131 1442 si
3178 1402 3362 1442 semen
3389 1386 3595 1442 fuderit
3618 1404 3715 1441 non
3739 1397 3834 1443 tan-

2300 1477 2492 1546 gendo,
2519 1487 2723 1546 septem
2767 1477 2884 1532 dies
2929 1478 3211 1547 paeniteat.
3243 1477 3301 1532 Si
3338 1478 3513 1548 tangit
3540 1492 3660 1532 cum
3687 1494 3837 1545 manu,

2299 1566 2488 1637 viginti
2518 1567 2652 1622 dies.
2685 1566 2742 1622 Si
2769 1568 3050 1633 diaconus,
3080 1568 3298 1638 triginta
3318 1568 3455 1622 dies.
3490 1566 3550 1622 Si
3576 1567 3831 1639 presbyter,

2301 1659 2665 1715 bebtkamadas
2713 1667 2964 1730 quatuor.
3014 1659 3323 1732 Presbyter,
3367 1661 3413 1714 si
3447 1675 3636 1715 semen
3672 1660 3836 1715 fuderit

624 1752 962 1853 separentur.
1003 1752 1076 1833 lit
1119 1752 1359 1849 propter
1385 1776 1652 1831 novellam
1682 1775 2067 1846 plantationem
2097 1774 2199 1829 Ec-

2301 1766 2398 1822 per
2424 1753 2828 1823 cogitationem,
2853 1760 3058 1822 septem
3089 1753 3205 1808 dies
3239 1752 3520 1821 poeniteat.
3589 1752 3837 1808 Monachus

623 1873 822 1936 clesiaz,
870 1879 931 1925 ut
975 1879 1179 1940 septem
1227 1881 1397 1922 annos
1443 1874 1604 1937 agant
1655 1865 2048 1936 pcenitentiam,
2091 1872 2200 1919 tres

622 1966 828 2037 primos
867 1977 1062 2026 annos,
1100 1969 1209 2016 tres
1235 1960 1350 2015 dies
1379 1960 1432 2013 in
1461 1957 1815 2022 hebdomada,
1850 1958 1902 2012 id
1930 1965 2032 2022 est,
2065 1955 2199 2010 feria

623 2052 883 2118 secunda,
913 2061 968 2107 et
993 2060 1212 2122 quarta,
1243 2057 1293 2103 et
1321 2058 1492 2114 sexta,
1525 2046 1880 2117 quadraginta
1923 2045 2038 2099 dies
2075 2051 2199 2096 ante

623 2125 851 2208 Pascha,
880 2143 1070 2212 viginti
1098 2150 1222 2196 ante
1257 2140 1478 2194 missam
1519 2138 1690 2193 sancti
1730 2136 1972 2202 Joannis,
2011 2133 2201 2206 viginti

621 2243 752 2289 ante
773 2232 959 2288 Natale
980 2231 1212 2287 Domini.
1230 2231 1474 2298 Quatuor
1493 2243 1623 2284 vero
1645 2229 1879 2298 reliquos
1901 2241 2090 2290 annos,
2123 2223 2201 2279 fe-

621 2307 704 2382 ria
737 2334 932 2396 quarta
975 2332 1030 2379 et
1073 2331 1246 2388 sexta,
1290 2330 1345 2378 et
1392 2320 1798 2391 quatuordecim
1845 2327 2030 2373 noctes
2075 2325 2202 2372 ante

619 2414 846 2470 missam
894 2413 1067 2468 sancti
1113 2410 1337 2467 Joannis
1387 2419 1442 2466 et
1487 2409 1624 2465 alias
1677 2419 1802 2464 ante
1859 2407 2048 2462 Natale
2089 2405 2198 2460 Do-

621 2486 775 2560 mini.
803 2503 858 2558 Si
888 2520 947 2559 se
972 2503 1237 2558 redimere
1260 2500 1396 2566 vult,
1421 2501 1583 2556 donet
1609 2515 1771 2554 unum
1802 2497 2082 2553 denarium
2109 2505 2203 2550 aut

621 2594 858 2666 pretium
887 2593 1046 2648 unius
1086 2590 1293 2647 denarii
1336 2605 1436 2660 pro
1483 2603 1589 2644 uno
1632 2589 1736 2644 die.
1783 2587 1837 2643 Si
1867 2603 2072 2658 pauper
2095 2594 2200 2653 est,

621 2671 790 2765 donet
815 2683 1096 2740 dimidium
1126 2681 1431 2737 denarium.

1017 2772 1090 2826 De
1129 2770 1482 2825 sordidatione
1521 2785 1820 2840 puerorum.

631 2855 635 2860 ⁷
703 2861 836 2920 Car.
881 2878 1134 2920 ccxsvtu.
1171 2861 1330 2917 Pueri
1381 2877 1440 2916 se
1486 2863 1733 2916 manibus
1778 2863 2006 2916 invicem
2051 2862 2202 2916 coin-

625 2961 929 3034 quinantcs,
955 2957 1314 3028 quadraginta
1340 2955 1454 3010 dies
1475 2956 1796 3026 pteniteant,
1824 2953 2056 3022 majores
2075 2970 2206 3010 vero

627 3057 849 3105 centum
901 3047 1035 3102 dies.
1093 3045 1254 3101 Pueri
1302 3061 1360 3102 se
1403 3047 1546 3101 inter
1592 3045 1797 3102 femora
1844 3048 2201 3112 sordidantes,

627 3138 845 3195 Centum
874 3136 991 3192 dies
1011 3136 1331 3207 pmniteant,
1365 3137 1598 3206 majores
1625 3145 1736 3192 tres
1763 3137 2205 3208 quadragesimas

624 3240 680 3288 et
715 3229 989 3301 legitimas
1027 3228 1211 3284 ferias.
1262 3228 1524 3284 Parvulus
1565 3245 1596 3284 a
1637 3228 1842 3298 majore
1893 3245 2201 3301 oppressus,

624 3306 832 3391 septem
857 3319 971 3375 dies
999 3319 1278 3390 poeniteat.
1327 3317 1384 3374 Si
1429 3320 1782 3384 consenserit,
1833 3321 2021 3392 viginti
2066 3323 2201 3376 dies.

627 3412 770 3468 Puer
794 3411 1100 3467 voluntarie
1139 3427 1198 3466 se
1230 3411 1493 3484 polluens,
1539 3412 1761 3485 triginta
1804 3414 1940 3479 dies,
1986 3415 2203 3485 juvenis

623 3518 756 3577 vero
776 3502 1133 3574 quadraginta
1159 3503 1272 3557 dies
1303 3502 1582 3572 poeniteat.

977 3593 1056 3648 De
1081 3595 1358 3648 menstruis
1380 3595 1720 3660 abstinendis,
1744 3605 1849 3650 etc.

626 3686 628 3688 ’
700 3685 830 3741 αλιι.
879 3701 1090 3741 ccxux.
1131 3685 1382 3753 Quicum
1411 3686 1634 3743 muliere
1661 3695 1992 3743 menstruata
2014 3703 2205 3759 nupse-

624 3778 716 3844 rit,
761 3776 1116 3847 quadraginta
1163 3776 1277 3830 dies
1317 3776 1598 3846 poeniteat.
1636 3777 1692 3832 Si
1720 3778 1843 3849 quis
1877 3794 1998 3833 cum
2037 3795 2205 3835 uxore

626 3881 722 3921 sua
751 3873 897 3918 retro
921 3864 1186 3933 nupserit,
1216 3864 1573 3933 quadraginta
1601 3867 1716 3921 dies
1742 3868 2021 3936 pmoiteat.
2059 3867 2116 3923 Si
2147 3870 2201 3924 in

622 3948 777 4023 terga
802 3953 1064 4023 nupserit,
1099 3961 1209 4006 tres
1233 3967 1404 4006 annos
1429 3993 1442 4018 ,
1471 3955 1597 4023 quia
1627 3945 2002 4010 sodomiticum
2029 3957 2203 4013 scelus

623 4035 728 4096 est.
759 4041 870 4094 \‘iri
897 4040 1036 4095 inter
1058 4037 1264 4094 femora
1291 4039 1641 4106 fornicantes,
1673 4057 1872 4098 annum
1899 4060 2064 4099 unum
2087 4059 2205 4117 pm-

628 4131 853 4186 niteant.
886 4129 942 4184 Si
970 4129 1022 4185 in
1059 4138 1229 4202 terga,
1271 4139 1382 4187 tres
1407 4147 1596 4188 annos.
1625 4132 1681 4188 Si
1704 4135 1856 4206 pueri
1886 4145 2030 4197 sunt,
2069 4137 2202 4192 duos

623 4217 794 4276 annos
820 4221 1138 4292 pmnitcant.

616 4304 624 4311 ’
1023 4310 1097 4366 De
1122 4311 1399 4367 mulierum
1431 4313 1796 4384 fornicatione.

694 4400 826 4456 Car.
873 4416 988 4457 CCL.
1038 4414 1062 4442 ι
1092 4402 1282 4457 Mulier
1333 4418 1654 4474 quocunque
1700 4408 1974 4463 molimine
2023 4409 2198 4464 autin
2233 4437 2282 4500 ο

619 4489 798 4562 seipsa
839 4500 932 4546 aut
973 4508 1094 4548 cum
1141 4493 1308 4548 altera
1350 4492 1643 4562 fornicans,
1677 4504 1790 4552 tres
1816 4514 1986 4554 annos
2022 4501 2198 4570 paeni-

623 4590 736 4637 teat

1221 4673 1373 4730 Unde
1408 4693 1589 4748 supra.

619 4853 624 4858 _
692 4786 722 4824 δ
762 4784 818 4844 Si
842 4784 1266 4840 sanctimonialis
1287 4800 1410 4840 cum
1426 4786 1528 4841 alia
1559 4788 1952 4843 sanctimoniali
1981 4805 2078 4860 per
2101 4792 2201 4848 ali-

623 4878 765 4950 quod
788 4876 1278 4932 machinamentum
1305 4875 1620 4945 fornicatur,
1663 4888 1867 4952 septem
1890 4898 2060 4938 annos
2084 4900 2200 4955 po:-

622 4973 811 5027 niteat.

1063 5062 1142 5118 De
1169 5062 1469 5119 illecebroso
1492 5064 1752 5135 amplexu.

693 5155 822 5211 Car.
852 5172 989 5212 cem.
1017 5168 1037 5197 ε
1064 5157 1165 5225 Qui
1186 5173 1284 5228 per
1305 5158 1649 5214 illecebrosas
1682 5160 1959 5230 amplexus
1987 5162 2198 5219 feminae

622 5245 706 5299 vel
738 5260 836 5316 per
881 5247 1119 5302 osculum
1164 5248 1437 5318 polluitur,
1493 5249 1708 5319 triginta
1742 5252 1858 5307 dies
1916 5255 2196 5322 pmniteat.

624 5336 728 5404 Qui
751 5334 988 5408 tetigerit
1027 5337 1384 5394 inverecunde
1429 5354 1646 5394 carnem
1702 5337 1938 5408 ejusdem
1964 5345 2192 5410 feminae,

697 5500 733 5571 u_
752 5485 979 5571 Burch.,
1000 5488 1040 5545 1.
1070 5506 1204 5557 xvn,
1228 5506 1278 5547 c.
1317 5490 1408 5557 27,
1440 5506 1506 5548 ex
1542 5490 1900 5550 Ptenitentiali
1930 5495 2197 5554 Theodori

623 5566 984 5696 “Tuan-ch“
1019 5631 1111 5685 lib.
1140 5647 1271 5692 xm,
1297 5646 1346 5686 c.
1372 5631 1462 5700 28,
1487 5648 1551 5688 ex
1586 5631 1780 5690 Pmnit.
1813 5628 2020 5694 'l‘lieod.
2047 5642 2072 5648 "

697 5711 718 5738 ο
758 5701 976 5782 Burch.,
1005 5701 1037 5756 l.
1072 5717 1163 5768 vn,
1195 5718 1247 5759 c.
1282 5702 1364 5757 12.

2301 1843 2569 1898 similiter.
2635 1843 2737 1910 Qui
2764 1843 3066 1899 voluntarie
3089 1857 3271 1909 semen
3296 1843 3434 1898 fudit
3466 1844 3523 1899 in
3563 1845 3779 1906 ecclesia,
3798 1845 3836 1898 si

2297 1933 2528 1988 clericus
2539 1943 2644 1997 est,
2661 1935 3064 2004 quatuordecim
3081 1951 3095 1998 ;
3117 1935 3162 1989 si
3177 1937 3473 1990 monachus
3491 1945 3589 1990 aut
3605 1935 3837 1998 diaconus,

2301 2025 2518 2096 triginta
2543 2026 2688 2090 dies;
2741 2025 2785 2079 si
2817 2025 3118 2095 presbyter,
3156 2025 3548 2094 quadraginta;
3585 2027 3627 2080 si
3663 2027 3836 2096 episco—

2299 2131 2420 2187 pus,
2460 2117 2848 2188 quinquaginta
2875 2118 2990 2171 dies
3017 2117 3295 2186 pmnitcat.

2647 2208 2724 2262 De
2737 2208 3132 2279 quadrupedum
3157 2207 3522 2276 fornicatione.

2371 2297 2498 2354 Car.
2517 2314 2697 2354 ccun.
2721 2311 2743 2336 ε
2760 2298 2861 2365 Qui
2875 2313 2998 2352 cum
3013 2299 3219 2368 pecude
3234 2307 3446 2370 peccat,
3470 2313 3655 2352 annum
3672 2309 3830 2350 unum.

2301 2390 2528 2458 Quidam
2550 2391 2798 2460 judicant
2817 2405 2988 2444 annos
3017 2391 3224 2455 decem,
3267 2389 3488 2460 quidam
3518 2387 3835 2459 septem,un

2302 2483 2426 2537 dam
2481 2491 2730 2552 quatuor,
2776 2481 2991 2550 quidam
3045 2489 3262 2536 centum
3303 2481 3438 2535 dies.
3509 2480 3568 2535 Si
3607 2480 3712 2549 quis
3748 2477 3836 2532 cleo

2303 2575 2450 2629 ricus
2519 2589 2642 2629 cum
2699 2572 3045 2643 quadrupede
3108 2571 3407 2627 fornicatus
3456 2571 3658 2635 fuerit,
3703 2582 3840 2623 annos

2303 2669 2437 2724 duos
2461 2707 2478 2732 ,
2555 2667 2916 2722 subdiaconus
2965 2674 3077 2720 tres
3109 2705 3126 2730 ,
3180 2665 3442 2720 diaconus
3487 2673 3544 2718 et
3591 2662 3839 2718 monachus

2300 2759 2560 2830 quinque,
2601 2759 2886 2830 presbyter
2911 2766 3137 2827 septem,
3211 2758 3501 2828 episcopus
3539 2757 3713 2812 decem
3749 2767 3839 2824 ptr-

2302 2850 2515 2904 niteat..

2877 2919 2952 2973 De
2979 2917 3284 2974 Sodomitis.

2375 3009 2695 3066 Camccuv.
2729 3009 2748 3048 ί
2775 3008 3252 3076 Quifornicaverit,
3277 3007 3840 3077 sicutSodomitz,qui-

2229 3097 2276 3160 C
2307 3100 2430 3156 dam
2452 3099 2827 3168 iudicaverunt
2849 3100 3034 3154 decem
3049 3114 3239 3164 annos,
3279 3099 3503 3168 quidam
3534 3108 3744 3168 septem,
3768 3094 3840 3150 alii

2305 3205 2491 3244 unum.
2571 3189 2729 3245 Pueri
2778 3199 2994 3245 centum
3048 3191 3184 3245 dies.
3256 3189 3763 3260 Aliijudicaverunt,
3803 3187 3839 3242 si

2305 3279 2358 3333 in
2382 3279 2766 3334 consuetudine
2811 3286 2916 3342 est,
2950 3279 3117 3334 laicus
3151 3292 3322 3333 annos
3360 3279 3617 3348 quinque,
3653 3277 3842 3332 clericus

2304 3380 2534 3442 septem,
2589 3373 2952 3428 subdiaconus
3001 3382 3058 3428 et
3095 3373 3392 3427 monachus
3426 3380 3574 3436 octo,
3619 3371 3835 3424 diaconus

2303 3464 2512 3528 decem,
2540 3463 2822 3534 presbyter
2850 3464 3148 3528 duodecim,
3181 3464 3469 3534 episcopus
3493 3461 3729 3517 tredecim
3746 3473 3842 3528 pos-

2299 3555 2492 3610 niteat.

2573 3646 2820 3703 ABHlNC
2853 3649 2942 3703 DE
2966 3648 3200 3705 Ε’υῆΤο
3222 3649 3310 3703 ΕΤ
3338 3648 3617 3704 RAPINA.

2655 3741 2757 3813 (Ex
2773 3742 3134 3798 Pmnitentiali
3155 3744 3296 3797 unde
3318 3743 3532 3815 supra.)

2371 3828 2500 3885 Car.
2539 3847 2729 3886 cetxv.
2787 3832 2887 3898 Qui
2929 3833 3219 3902 cupiditate
3256 3843 3447 3902 captus
3487 3835 3690 3887 furtum
3729 3833 3846 3888 fece-

2301 3921 2390 3984 rit,
2438 3921 2579 3990 quod
2610 3923 2892 3979 abstulerit
2932 3925 3138 3991 reddat,
3181 3932 3239 3979 et
3279 3939 3451 3980 annos
3505 3925 3734 3995 quinque
3757 3937 3846 3993 pa:-

2301 4010 2488 4066 niteat.

2903 4085 2979 4140 De
3004 4085 3183 4140 eadem
3210 4101 3286 4140 re.

2900 4177 3002 4250 (Ex
3047 4177 3284 4246 eodem.)

2370 4265 2498 4324 Cu.
2527 4283 2758 4325 ccuvn.
2799 4267 2901 4337 Qui
2923 4285 3062 4340 saepe
3090 4269 3290 4325 furtum
3318 4268 3528 4335 fecerit,
3561 4279 3755 4342 septem
3775 4281 3846 4320 an-

2302 4374 2401 4414 nos
2415 4360 2694 4431 pteniteat.

2914 4430 3064 4488 Unde
3087 4449 3269 4503 supra.

2371 4519 2500 4575 Car.
2531 4535 2784 4576 ccuvtu.
2829 4519 2887 4577 Si
2933 4524 3055 4593 quis
3100 4521 3406 4592 sepulcrum
3443 4520 3745 4584 violaverit,
3784 4532 3852 4572 se-

2297 4619 2446 4684 ptem
2466 4627 2636 4668 annos
2673 4613 2950 4684 pmoiteat,
2978 4620 3090 4668 tres
3111 4627 3176 4667 ex
3207 4613 3290 4668 his
3318 4613 3370 4667 in
3405 4627 3546 4683 pane
3567 4620 3624 4667 et
3652 4623 3796 4682 aqua.

2899 4704 2976 4760 De
2997 4705 3179 4760 eadem
3207 4722 3280 4760 re.

2719 4795 2818 4868 (Ex
2835 4795 3023 4850 eodem
3050 4794 3456 4866 Poenitentiali.)

2367 4887 2495 4944 ΟΑρ.
2525 4902 2748 4944 εεωην.
2776 4888 2833 4944 Si
2859 4887 3053 4959 aliquis
3077 4890 3142 4944 de
3163 4889 3461 4944 ministerio
3484 4886 3728 4944 ecclesiae
3745 4888 3854 4953 quo-

2296 4978 2429 5033 libet
2464 4980 2622 5034 modo
2651 4978 2851 5048 aliquid
2877 4964 3087 5034 furatus
3111 4979 3294 5047 fuerit,
3329 4987 3537 5048 septem
3567 4990 3737 5032 annos
3761 4985 3854 5042 pte-

2296 5069 2486 5124 niteat.

2912 5159 3286 5232 De-peryurtoq

2712 5251 2812 5322 (Ex
2843 5254 3028 5308 eodem
3052 5249 3466 5320 Pmnitentiali.)

2368 5339 2496 5396 Car.
2550 5356 2792 5396 cccxxiv.
2851 5344 2877 5384 ε
2922 5343 3239 5415 Quicunque
3296 5343 3474 5398 sciens
3518 5334 3854 5412 perjuraveril

2367 5497 2394 5539 ἀ
2434 5498 2656 5564 Burch.,
2686 5498 2722 5552 l.
2752 5515 2885 5562 xvii,
2917 5514 2966 5554 c.
2990 5498 3079 5554 45.

2375 5581 2398 5610 ο
2438 5569 2657 5634 Burch.,
2696 5568 2734 5622 l.
2762 5585 2894 5634 xvn,
2914 5583 2961 5623 c.
2991 5571 3077 5624 52.

2379 5639 2397 5678 ί
2439 5638 2660 5706 Burch.,
2699 5639 2735 5692 l.
2767 5654 2899 5702 xvu,
2926 5653 2975 5692 c.
2999 5639 3088 5694 δι.

2377 5711 2401 5750 τ
2440 5708 2659 5775 Burch.,
2701 5709 2736 5762 l.
2775 5725 2875 5774 xu,
2901 5724 2950 5764 c.
2970 5709 3023 5765 8.
3106 5717 3110 5720 ’
