4020 6360
197 342 301 402 973

867 324 1423 393 PGSNITENTIALE.
1461 352 1530 365 -—
1563 314 1906 379 CAPITULA
1944 315 2299 373 COL|.ECTA
2338 316 2432 372 EX
2471 316 2736 374 FRAGM.

3316 305 3442 370 ’974⁷

194 464 395 528 septem
423 467 593 508 annos
619 449 898 522 pmniteat,
943 455 998 503 et
1041 453 1164 518 post
1187 443 1302 498 haec
1323 435 1752 495 communionem
1779 433 1824 490 Δ
1855 438 1968 484 tum
1993 445 2025 484 a
2061 429 2230 485 bestia
2259 429 2572 494 domestica,
2607 432 2660 487 id
2685 439 2788 498 est,
2817 446 2846 485 a
2872 448 3004 488 cane
3025 433 3104 489 vel
3131 441 3274 500 cato,
3295 431 3438 494 duas

192 545 441 615 accipiat.

606 627 691 684 Ex
711 621 1063 681 Pcnitentiaii
1088 630 1146 677 ut
1173 629 1350 688 supra.

256 721 388 778 Car.
413 735 634 776 cccxxv.
664 716 722 772 Si
762 717 884 786 quis
918 710 1292 785 perjuraverit,
1317 706 1456 763 ultra
1479 702 1549 760 ad
1582 715 1758 760 sacra-

190 821 434 874 mentum
450 825 560 865 non
588 807 920 863 admittatur.

768 897 842 951 De
888 895 1071 949 eadem
1121 908 1192 947 re.

793 987 895 1058 (Ex
929 983 1166 1052 eodem.)

253 1087 389 1144 Car.
426 1065 673 1140 cccxx“.
703 1093 728 1122 ι
750 1079 809 1134 Si
838 1079 958 1148 quis
985 1075 1291 1144 suspicatur
1315 1069 1457 1140 quod
1487 1067 1554 1122 ad
1579 1063 1762 1136 perju-

187 1179 332 1238 rium
355 1175 648 1237 inducitur,
698 1179 752 1226 et
778 1178 959 1225 tamen
987 1181 1055 1223 ex
1093 1179 1355 1221 consensu
1395 1159 1566 1230 jurat,
1631 1159 1764 1213 duos

183 1285 358 1326 annos
377 1265 637 1339 paeniteat
667 1259 718 1316 δ.

793 1347 944 1402 Unde
973 1363 1152 1416 supra.

244 1449 386 1506 Car.
424 1459 689 1502 cccxxvn.
723 1453 745 1480 ο
779 1440 834 1496 Si
867 1439 987 1509 quis
1034 1429 1392 1506 periuraverit
1416 1441 1513 1500 per
1557 1422 1765 1496 cupidi-

184 1549 377 1604 tatem,
423 1552 612 1594 omnes
653 1548 741 1589 res
781 1546 907 1588 suas
946 1528 1162 1591 vendat,
1193 1533 1249 1579 et
1295 1521 1618 1593 pauperibus
1654 1516 1766 1570 dis-

185 1632 416 1697 tribuat,
457 1636 514 1684 et
552 1623 937 1683 monasterium
969 1620 1243 1690 ingressus
1280 1613 1393 1684 jugi
1433 1606 1764 1682 pmnitentia:

184 1741 239 1781 se
269 1721 491 1780 subdat.

795 1800 944 1856 Unde
975 1815 1156 1870 supra.

249 1902 389 1958 Car.
419 1913 705 1956 cccxxvm.
771 1894 831 1950 Si
880 1893 1001 1963 quis
1039 1884 1333 1962 periurium
1385 1883 1594 1946 fecerit,
1639 1879 1763 1935 laici

183 2005 360 2046 annos
383 1999 520 2055 tres,
557 1985 739 2042 clerici
764 1984 1023 2054 quinque,
1047 1977 1361 2035 subdiaconi
1390 1991 1508 2038 sex,
1551 1970 1764 2029 diaconi

184 2091 329 2146 octo,
383 2077 686 2150 presbyteri
715 2076 922 2140 decem,
979 2070 1216 2142 episcopi
1265 2066 1547 2124 duodecim
1594 2076 1766 2116 annos

185 2170 514 2241 paeniteant.
1582 2226 1588 2230 _

363 2259 446 2316 De
467 2255 899 2319 incantatoribus,
936 2251 1211 2322 maleﬁcis,
1239 2257 1286 2302 et
1306 2245 1583 2316 sortilegis.

545 2372 649 2446 (Ex
688 2367 1048 2426 Pmnitentiali
1073 2381 1180 2436 quo
1206 2360 1413 2432 supra.)

256 2487 390 2545 Car.
429 2500 612 2542 ccccv.
641 2483 667 2523 ἀ
697 2481 798 2548 Qui
841 2488 1106 2534 nocturna
1157 2471 1420 2529 sacriﬁcia
1463 2467 1765 2523 daemonum

190 2578 605 2642 celebraverint,
652 2573 734 2630 vel
759 2567 1212 2628 incantationibus
1241 2565 1510 2622 dmmones
1551 2561 1769 2614 invoca-

192 2673 388 2735 verint,
414 2668 589 2740 capite
612 2666 923 2738 puniantur.

263 2738 621 2818 Camccctw.
672 2755 774 2823 Qui
818 2751 1056 2823 auguriis
1098 2747 1182 2802 vel
1217 2742 1635 2802 divinationibus
1681 2738 1766 2792 in-

205 2854 477 2919 serviunt,
538 2849 776 2921 quinque
829 2859 998 2900 annos
1042 2841 1358 2911 poeniteant.
1434 2833 1770 2889 lmmissores

205 2948 576 3012 tempestatum
599 2944 803 3006 septem
833 2947 1001 2986 annos
1025 2928 1342 3000 pteniteant.

267 3032 397 3088 Cap.
429 3043 657 3086 cccnvu.
697 3023 887 3080 Mulier
933 3022 977 3077 si
1025 3017 1382 3076 divinationes
1407 3014 1489 3070 vel
1536 3013 1773 3068 incanta-

195 3125 372 3180 tiones
395 3119 686 3177 diabolicas
713 3113 924 3179 fecerit,
971 3125 1169 3166 annum
1192 3122 1355 3162 unum
1381 3104 1664 3176 poeniteat,
1690 3100 1772 3153 vel
1799 3108 1847 3169 (ζ

195 3227 308 3274 tres
345 3211 810 3285 quadragesimas,
836 3205 921 3260 vel
951 3202 1309 3274 quadraginta
1334 3201 1448 3255 dies
1474 3195 1770 3252 secundum

192 3306 515 3378 qualitatem
541 3300 742 3357 delicti.

263 3399 400 3454 Car.
441 3409 689 3451 cccsvm.
723 3404 747 3432 ο
800 3388 1060 3462 Auguria,
1111 3385 1197 3440 vel
1227 3390 1400 3439 sortes
1427 3392 1548 3450 qua:
1581 3373 1769 3431 dicun-

193 3498 288 3547 tur
311 3487 448 3542 false
476 3492 802 3548 sanctorum,
851 3482 935 3535 vel
960 3477 1334 3535 divinationes,
1358 3472 1447 3540 qui
1473 3485 1566 3524 eas
1589 3467 1775 3521 obser—

194 3579 432 3643 vaverit,
471 3576 558 3632 vel
583 3587 1024 3646 quarumcunque
1047 3569 1472 3639 Scripturarum,
1521 3561 1603 3616 vel
1649 3566 1774 3614 vota

189 3671 415 3728 vtiverit
452 3669 536 3724 vel
570 3666 888 3739 persolverit
925 3663 994 3718 ad
1039 3663 1290 3717 arborem
1321 3698 1337 3722 ,
1389 3655 1473 3710 vel
1529 3655 1596 3708 ad
1644 3652 1778 3722 lapi-

194 3765 346 3826 dem,
383 3761 469 3816 vel
512 3761 581 3816 ad
633 3757 927 3828 quamlibet
959 3769 1074 3808 rem
1120 3757 1345 3819 excepto
1391 3747 1457 3802 ad
1494 3744 1780 3802 ecclesiam

193 3867 397 3908 omnes
423 3848 972 3906 excommunicentur.
1044 3842 1102 3896 Si
1132 3842 1198 3894 ad
1223 3837 1590 3910 paenitentiam
1620 3848 1782 3888 vene-

196 3947 336 4009 rint,
369 3940 553 3998 clerici
582 3953 754 3996 annos
780 3946 889 3992 tres
935 3933 1059 3989 laici
1086 3945 1250 3986 unum
1269 3937 1324 3984 et
1361 3926 1639 3983 dimidium
1668 3939 1782 3978 ooe-

197 4036 439 4091 niteant.

797 4117 874 4174 De
896 4115 1204 4172 morticinis.

562 4230 665 4308 (Ex
695 4228 1056 4288 Pmnitentiali
1092 4241 1201 4297 quo
1225 4221 1432 4295 supra.)

270 4347 406 4405 Car.
439 4360 680 4403 αισωιιι.
708 4343 729 4382 ί
756 4341 857 4409 Qui
879 4341 1165 4396 manducat
1193 4351 1410 4391 carnem
1435 4332 1786 4397 immundam,

1857 519 1973 575 dies
2001 519 2281 591 poeniteat.

2486 608 2564 663 De
2581 607 2797 680 liquore.

2474 697 2573 770 (Ex
2596 699 2828 769 eodem.)
2869 715 2872 718 ·

1930 787 2060 844 ΕΜ».
2090 803 2358 844 cocum.
2385 789 2412 829 ιι
2428 786 2486 843 Si
2499 789 2632 858 quis
2652 790 2858 845 dederit
2883 791 3044 848 alicui
3059 794 3319 864 liquorem
3339 799 3438 856 aii-

1863 893 2024 949 quem
2048 877 2099 932 in
2129 890 2236 949 quo
2257 894 2376 933 mus
2421 877 2506 933 vel
2536 878 2759 934 mustela
2805 883 3000 936 mortui
3027 895 3172 950 sunt,
3199 887 3245 941 si
3267 885 3440 948 laicus

1862 977 1966 1034 est,
2026 978 2231 1039 septem
2274 969 2389 1024 dies
2428 970 2705 1038 pmniteat.
2785 970 2840 1026 Si
2878 982 3056 1028 autem
3098 977 3151 1030 in
3191 981 3440 1037 cmnobio

1863 1068 2007 1123 sunt,
2057 1060 2314 1114 ducentos
2373 1063 2610 1129 psalmos
2653 1071 2889 1118 cantent.
2940 1065 3042 1131 Qui
3096 1078 3279 1138 postea
3343 1088 3442 1128 no-

1865 1151 2001 1204 verit.
2054 1150 2198 1220 quod
2230 1150 2389 1206 talem
2438 1162 2623 1222 potum
2678 1154 2851 1210 bibit.
2899 1171 3063 1211 unum
3120 1160 3434 1229 psalterium

1864 1251 2068 1298 cantet.

2461 1329 2539 1388 De
2567 1337 2839 1406 sanguine.

2463 1425 2565 1495 (Ex
2607 1426 2842 1497 eodem.)

1887 1565 1890 1568 .
1933 1511 2062 1567 Car.
2091 1527 2379 1568 CGCLIXIII.
2427 1512 2485 1568 Si
2511 1514 2633 1582 quis
2647 1518 2960 1586 sanguinem
2985 1517 3210 1587 alicujus
3236 1526 3447 1582 anima-

1864 1607 1933 1664 lis
1953 1608 2378 1672 manducaverit,
2413 1609 2779 1679 quadraginta.
2807 1611 2921 1667 dies
2948 1611 3226 1682 pmniteat.

2145 1695 2281 1752 Item
2304 1708 2359 1752 ut
2381 1697 2556 1752 nullus
2573 1701 2878 1769 sanguinem
2903 1705 3157 1760 comedat.

1795 1775 1842 1836 Β
1935 1786 2065 1842 CAP.
2093 1803 2372 1843 cccuxrv.
2424 1785 2759 1844 Admonendi
2789 1801 2912 1845 sunt
2949 1792 3154 1859 ﬁdeles,
3184 1805 3240 1850 ut
3269 1798 3444 1855 nullm

1863 1885 2154 1947 praesumat
2176 1877 2487 1947 sanguinem
2515 1877 2859 1934 manducare.
2915 1881 3048 1936 Nam
3072 1885 3123 1938 in
3153 1888 3441 1958 principio.

1864 1968 2081 2039 quando
2107 1966 2310 2024 homini
2338 1969 2554 2024 licentia
2581 1970 2704 2024 data
2731 1980 2814 2026 est
2844 1988 2872 2026 a
2896 1973 3003 2028 Deo
3040 1987 3256 2032 carnem
3293 1995 3446 2035 man-

1865 2058 2120 2122 ducandi,
2169 2059 2483 2127 sanguinem
2514 2058 2856 2116 interdictum
2877 2063 3127 2133 legimus.
3175 2067 3266 2123 Ait
3301 2072 3446 2124 enim

1863 2149 2124 2204 Dominus
2151 2147 2218 2202 ad
2247 2147 2358 2203 Noe
2385 2157 2440 2202 et
2473 2149 2611 2204 ﬁlios
2641 2145 2786 2221 ejus:
2838 2153 3002 2207 Omne
3049 2156 3188 2225 quod
3217 2169 3450 2214 movetur

1863 2252 1913 2295 et
1940 2243 2080 2305 vivit,
2110 2244 2208 2295 erit
2243 2241 2381 2295 vobis
2408 2242 2458 2294 in
2480 2243 2669 2304 cibum,
2695 2255 2904 2314 exceplo
2931 2248 3069 2316 quod
3097 2264 3306 2304 carnem
3327 2267 3446 2305 cum

1864 2335 2118 2405 sanguine
2145 2351 2248 2388 non
2269 2334 2568 2388 comedetis.
2622 2333 2941 2406 Sanguinem
2973 2340 3110 2394 enim
3148 2341 3447 2396 animarum

1863 2437 2151 2481 uestrarum
2182 2426 2442 2495 requiram
2469 2427 2532 2480 de
2561 2443 2721 2480 manu
2747 2439 3055 2484 cunctarum
3083 2427 3364 2487 bestiarum
3399 2447 3451 2489 et

1866 2517 1932 2571 de
1968 2533 2126 2570 manu
2154 2517 2398 2570 hominis.
2454 2516 2606 2586 (Gen.
2646 2534 2718 2580 Ix,
2749 2519 2894 2590 5-5).
2952 2520 3104 2587 Quod
3143 2539 3246 2577 non
3273 2525 3450 2580 solum

1869 2605 1923 2663 in
1953 2608 2066 2678 lege
2093 2608 2263 2662 veteri
2289 2608 2582 2678 smpissime
2607 2609 2898 2675 inhibetur,
2952 2626 3139 2667 verum
3180 2613 3343 2668 etiam
3392 2616 3448 2670 in

1869 2712 2008 2752 novo
2036 2705 2355 2753 testamento
2378 2697 2603 2766 apostoli
2630 2698 2917 2769 primitivas
2946 2700 3198 2758 Ecelesim
3225 2719 3293 2758 ex
3315 2719 3448 2775 gen-

1871 2789 2012 2844 tibus
2039 2790 2138 2842 sub
2168 2804 2359 2858 magna
2383 2788 2772 2844 deliberatione
2797 2791 3038 2846 scribunt
3059 2800 3118 2846 ut
3142 2793 3452 2849 abstineant

1871 2894 1930 2934 se
1951 2896 1980 2933 a
1998 2880 2544 2934 contaminationibus
2556 2880 2965 2935 simulacrorum
2992 2891 3048 2937 et
3074 2883 3448 2948 fornicatione,

1871 2978 1927 3024 ct
1954 2968 2249 3034 suffocatis,
2277 2976 2332 3022 et
2357 2970 2634 3040 sanguine.
2687 2969 2839 3037 Quod
2875 2985 3149 3042 exponens
3191 2972 3455 3050 Hierony-

1878 3075 1998 3114 mus
2024 3061 2184 3114 dieit:
2239 3079 2256 3110 ι
2288 3058 2448 3113 Juxta
2473 3060 2707 3114 litteram
2743 3064 2785 3126 ί,
2812 3061 3006 3132 inquit,
3040 3063 3161 3119 haec
3183 3075 3456 3139 przeccpta

1877 3152 2202 3206 conveniunt
2232 3151 2378 3205 omni
2403 3150 2736 3218 Christiano,
2777 3162 2834 3207 ut
2863 3154 3205 3211 morticinum
3227 3172 3334 3214 non
3363 3175 3459 3216 c0-

1875 3243 2075 3306 me-Jat,
2132 3251 2239 3296 tam
2268 3241 2334 3297 de
2370 3239 2558 3298 avibus
2581 3260 2744 3313 quam
2773 3247 2837 3300 de
2860 3245 3165 3315 pecoribus,
3218 3265 3452 3319 quorum

1875 3344 2214 3402 nequaquam
2245 3335 2464 3402 sanguis
2493 3334 2694 3389 effusus
2719 3344 2820 3389 est.
2868 3337 2996 3401 Qua:
3025 3341 3330 3394 necessario
3355 3345 3454 3397 ob-

1877 3422 2139 3475 servanda
2169 3421 2530 3491 apostolorum
2575 3423 2642 3476 de
2685 3420 2981 3478 Jerusalem
3021 3426 3184 3480 missa
3222 3428 3453 3498 epistola

1878 3518 2079 3564 monet.
2125 3509 2192 3566 Et
2210 3512 2690 3580 captumabestia,
2744 3514 2870 3581 quia
2917 3522 2972 3568 et
2997 3515 3170 3584 ipsum
3211 3518 3461 3572 similiter

1879 3599 2196 3656 suﬁ‘ocatum
2245 3610 2348 3656 est.
2382 3601 2396 3651 i
2445 3602 2512 3656 Et
2536 3604 2816 3674 sanguine,
2867 3603 2919 3658 id
2957 3613 3062 3668 est,
3089 3619 3196 3660 non
3236 3609 3459 3663 mandu-

1880 3693 2052 3748 cando
2071 3707 2194 3750 cum
2224 3694 2502 3764 sanguine.
2565 3693 2622 3750 Si
2661 3711 2788 3765 ergo
2809 3697 2875 3752 de
2902 3697 3086 3766 gentili
3102 3698 3211 3760 vita
3228 3691 3460 3755 'veuiena

1882 3784 2026 3839 tibus
2078 3799 2176 3852 pro
2223 3785 2355 3854 ipsis
2383 3784 2508 3840 fidei
2554 3785 2872 3841 rudimentis
2912 3795 2966 3842 et
3005 3788 3303 3844 inveterata
3337 3805 3464 3845 con-

1883 3875 2165 3939 suetudine
2213 3873 2528 3946 gentilitatis
2577 3876 2720 3939 base,
2774 3874 2926 3945 quasi
2963 3877 3066 3932 sibi
3117 3878 3186 3932 ad
3229 3877 3461 3935 salutem

1885 3965 2212 4030 sufficerent,
2245 3967 2447 4036 scripta
2471 3964 2615 4033 sunt,
2646 3967 2768 4038 quis
2796 3975 3167 4039 transgressor
3199 3969 3315 4026 haec
3335 3984 3462 4041 par-

1883 4057 2168 4124 vipendat?
2204 4055 2378 4112 Simul
2405 4066 2459 4112 et
2485 4058 2600 4112 hoc
2620 4056 3092 4124 considerandum,
3123 4059 3272 4129 quod,
3291 4059 3462 4129 idolo-

1887 4123 2061 4201 lati-iac
2079 4154 2135 4201 et
2157 4145 2499 4203 fornicationi
2521 4146 2838 4206 suﬁ‘ocatum
2873 4157 2927 4204 et
2959 4123 3181 4222 sanguis
3221 4123 3464 4221 aequipa-

1888 4243 2095 4291 rantur.
2149 4235 2298 4291 Unde
2331 4237 2581 4291 omnibus
2609 4239 2955 4293 annuntietur
2991 4247 3250 4307 quantum
3278 4241 3467 4310 piacu-

1890 4329 1997 4382 lum
2030 4330 2098 4384 sit
2125 4328 2438 4399 sanguinem
2471 4329 2771 4393 comedere,
2800 4330 2940 4398 quod
2966 4329 3122 4384 idolis
3144 4338 3197 4384 et
3227 4309 3461 4401 fornica-

198 4445 301 4492 ut
336 4433 701 4497 morticinum,
742 4439 832 4485 aut
881 4426 1236 4484 dilaceratum
1266 4441 1296 4480 a
1329 4423 1520 4487 bestia,
1551 4422 1784 4491 quadra-
1809 4437 1862 4500 ι)
1891 4418 2022 4474 tioni
2045 4427 2409 4488 comparatur.
2433 4417 2492 4473 Si
2511 4419 2634 4489 quis
2653 4420 2770 4474 haec
2791 4419 3066 4474 Dominica
3091 4420 3463 4490 .et'apostolica

197 4531 356 4600 ginta
394 4526 510 4580 dies
549 4524 828 4592 paeniteat.
879 4519 941 4575 Si
974 4519 1096 4590 quis
1123 4517 1444 4573 necessitate
1481 4514 1640 4569 famis
1693 4529 1784 4570 eo-

199 4626 370 4691 gente
395 4613 758 4678 manducavit,
790 4611 960 4667 multo
986 4610 1154 4664 levius
1182 4607 1460 4679 paeni-teat.

276 4705 413 4762 Car.
449 4717 670 4759 cccux.
722 4701 823 4770 Qui
868 4701 1193 4764 fraudatum,
1241 4706 1476 4768 raptum,
1534 4696 1614 4750 vel
1649 4695 1792 4750 fura-

197 4807 322 4852 tum
350 4795 529 4850 sciens
552 4793 858 4857 manducat,
909 4791 954 4848 si
977 4805 1182 4862 pauper
1198 4797 1302 4854 est,
1333 4796 1539 4858 septem
1569 4787 1685 4841 dies
1705 4803 1719 4851 ;
1743 4786 1790 4840 si
1881 4804 1883 4806 ·

196 4893 426 4957 potens,
475 4880 829 4953 quadraginta
852 4881 968 4936 dies
991 4879 1269 4950 poeniteat.
1318 4876 1520 4932 Inﬁrmi
1555 4891 1702 4940 vero,
1745 4876 1790 4930 si

204 4975 413 5037 sciunt,
447 4973 752 5043 quindecim
784 4972 900 5026 dies
926 4971 1243 5039 pmniteant.

279 5066 416 5123 Cn.
454 5079 696 5120 cccnxxr.
742 5064 768 5103 ε
819 5061 921 5129 Qui
960 5060 1194 5125 comedit
1231 5067 1286 5114 et
1307 5057 1443 5114 bibit
1468 5056 1794 5113 contamina-

283 5209 313 5276 ξ
349 5195 573 5276 Iliturgi)”
594 5227 630 5248 ..
653 5211 752 5276 xu,
773 5210 822 5248 c.
858 5194 909 5248 1.

205 5279 210 5282 ‘
241 5267 318 5350 μιν
347 5266 425 5349 760
447 5265 844 5350 diespmniteat,
859 5273 915 5350 et
933 5265 1214 5334 sequentes
1233 5273 1420 5327 annos,
1443 5267 1496 5316 et
1518 5275 1791 5332 nunquam

211 5335 288 5393 sit
315 5337 434 5392 sine
460 5337 608 5404 gravi
635 5335 967 5405 poenitentia.

290 5417 318 5446 ε
356 5405 579 5470 Burch.,
605 5405 641 5457 l.
682 5421 781 5468 xu,
811 5420 860 5458 c.
883 5405 936 5458 5.

289 5475 319 5516 ιι
356 5475 579 5540 Burch.,
618 5473 655 5528 1.
695 5489 822 5538 x,c.
847 5474 935 5527 5t.

295 5557 322 5588 ο
359 5545 583 5609 Burch.,
621 5544 656 5597 Ι.
689 5560 742 5606 x,
777 5559 826 5597 c.
851 5544 904 5598 9.

296 5614 321 5656 ί
362 5615 586 5678 Burch.,
623 5613 662 5667 l.
697 5628 880 5677 xux,c.
911 5613 996 5668 88.

297 5686 326 5728 ⁸
361 5683 581 5750 Burch.,
621 5683 657 5736 1.
687 5697 870 5750 xix,c.
894 5681 1011 5736 106.

1889 4520 2156 4582 praecepta
2187 4511 2489 4578 violaverit,
2510 4527 2542 4566 a
2569 4513 2941 4567 communione
2960 4513 3326 4570 cccles'iaStica
3351 4524 3468 4571 susp

1889 4605 2172 4674 pendatur,
2203 4619 2371 4675 usque
2399 4605 2557 4674 digne
2579 4606 2854 4674 pmniteat.

2214 4698 2286 4752 De
2314 4698 2593 4768 lfquore‘in
2618 4713 2720 4768 quo
2747 4712 2860 4752 mus
2887 4697 3148 4752 ceciderit.

2249 4789 2350 4859 (Ex
2385 4788 2744 4843 Pmnitentiali
2773 4786 3170 4858 quosupmvy:
3271 4801 3280 4805 -

1963 4881 2092 4936 Car.
2121 4894 2431 4936 ccccxxmv.
2471 4878 2586 4932 Mus
2626 4879 2671 4933 si
2696 4879 2952 4933 ceciderit
2972 4878 3034 4932 in-
3057 4863 3342 4948 liquorem,
3365 4879 3470 4935 tol-

1892 4973 2037 5028 latur
2063 4973 2201 5033 inde,
2252 4979 2305 5025 et
2326 4979 2641 5040 aspergatur
2682 4985 2819 5039 aqua
2857 4971 3157 5035 benedicta,
3187 4979 3243 5025 et
3287 4986 3468 5026 suma-

1893 5073 2001 5118 tur.
2070 5061 2127 5117 Si
2156 5076 2284 5117 vero
2319 5069 2531 5116 mortua
2564 5061 2982 5128 fueritinventa,
3022 5059 3304 5119 abiiciatur
3325 5069 3471 5119 totus

1965 5200 1990 5241 ιι
2034 5197 2256 5263 Burch.,
2297 5197 2334 5250 l.
2360 5211 2473 5260 xtx,
2499 5213 2548 5252 c.
2582 5196 2704 5250 106.

1970 5272 1986 5311 ί
2039 5269 2155 5349 ¢_E7t
2173 5266 2325 5349 juxta
2347 5266 2605 5349 litteram,
2627 5265 2772 5348 omni
2787 5266 2976 5349 generi
3000 5265 3172 5349 electo
3186 5265 3206 5334 ,'
3231 5265 3394 5338 regali
3419 5275 3478 5326 et

1895 5339 2214 5422 sacerdotali
2242 5378 2256 5402 ,
2298 5337 2440 5422 quod
2471 5336 2686 5422 proprie
2720 5338 2800 5422 7nd
2827 5338 3180 5422 7Cliristianos
3213 5336 3473 5405 refertur,

1931 5411 1991 5490 ui
2029 5405 2484 5490 unctihsuntoleo
2521 5405 2779 5490 spiritali,
2809 5407 2874 5486 de
2899 5421 3007 5488 quo
3048 5410 3306 5479 scriptum
3343 5419 3472 5466 est:

1951 5480 2137 5550 nxitte
2168 5478 2309 5531 Deus
2337 5487 2457 5529 tuus
2482 5477 2593 5529 oleo
2614 5475 2976 5530 exsultationis
3004 5494 3113 5548 prae
3132 5475 3476 5550 participibus

1897 5549 2180 5605 tuis:h:ec
2198 5552 2482 5616 praecepta,
2509 5554 2620 5616 etc.
2727 5615 2730 5616 7
2767 5615 2773 5616 7
2815 5615 2823 5616 7
3004 5542 3015 5548 ’
3321 5542 3362 5550 ”’

1973 5619 1986 5668 i
2037 5617 2092 5672 S.
2128 5613 2484 5686 Hieronymus
2507 5615 2560 5669 in
2585 5614 2938 5680 Ezechielem,
2953 5629 3073 5683 cap.
3103 5613 3192 5671 45.
