4020 6360
602 283 715 341 975

1526 344 1529 345 ,
1571 287 1920 344 THEODORI
1955 286 2275 345 meumr.
2309 285 2856 343 CANTUARIENSIS
2890 269 2907 281 ‘
3174 320 3185 335 ν
3729 299 3816 354 9m

598 398 691 456 ille
728 396 923 469 liquor.
977 397 1130 465 Quod
1173 398 1218 453 si
1260 399 1482 454 multum
1506 408 1591 455 est
1615 400 1680 455 de
1701 400 1930 470 liquore,
1979 416 2175 472 purga»
2202 408 2251 466 Α
2282 396 2357 452 De
2392 398 2632 469 episcopo
2659 401 2749 470 qui
2775 400 3062 481 secundum
3095 412 3341 481 naturam
3370 404 3653 471 fornicatus
3678 412 3813 481 fuerit

598 500 692 547 tur
713 490 805 546 ille
850 489 1046 559 liquor,
1069 498 1125 544 et
1167 498 1483 560 aSpergatur
1508 505 1646 559 aqua
1671 498 1878 555 sancta,
1906 499 1962 545 et
1989 506 2171 545 suma-

597 590 711 648 tur,
759 581 806 637 si
825 595 1045 636 necesse
1095 588 1197 635 est.
1250 578 1306 634 Si
1332 581 1387 634 in
1422 579 1615 645 farina,
1651 588 1745 634 aut
1784 580 1837 634 in
1870 580 2006 635 laete
2049 595 2175 636 coa-

592 674 798 746 gulato,
836 681 929 727 aut
976 673 1030 727 in
1065 672 1220 727 melle
1260 686 1386 727 mus
1426 681 1638 728 mortua
1685 674 1977 740 invenitur,
2028 675 2171 747 quod

593 763 653 819 in
681 763 909 818 circuitu
936 761 1054 831 ejus
1096 771 1179 818 est
1214 760 1363 818 foras
1404 762 1739 832 projiciatur,
1787 764 2051 833 reliquum
2076 778 2169 819 su-

596 862 795 909 IMWI'.

811 951 874 1007 Si
899 952 1015 1023 quis
1033 951 1328 1023 sepulcrum
1351 952 1636 1020 violaverit,
1674 963 1723 1009 et
1747 965 1957 1009 cetera.

1172 1041 1351 1112 (Unde
1376 1046 1587 1113 supra.)

628 1184 629 1189 η
660 1128 792 1184 (λιιι.
818 1145 1113 1185 ccccvxxv.
1162 1131 1220 1186 Si
1245 1134 1369 1202 quis
1397 1134 1700 1204 sepulcrum
1721 1134 2024 1201 violaverit,
2080 1151 2171 1191 se-

590 1225 738 1287 ptem
755 1232 927 1273 annos
963 1219 1240 1290 paeniteat,
1273 1230 1386 1278 tres
1409 1221 1465 1278 in
1494 1237 1633 1292 pane
1664 1231 1719 1277 et
1758 1240 1918 1294 aqua.
1960 1225 2018 1279 Si
2048 1225 2172 1295 quis

587 1308 848 1378 ligaturas
892 1309 1102 1377 fecerit,
1152 1312 1295 1381 quod
1347 1312 1661 1370 detestabile
1701 1324 1802 1380 est,
1848 1326 1958 1371 tres
1999 1333 2169 1374 annos

580 1399 872 1471 paeniteat,
899 1416 1064 1457 unum
1086 1418 1154 1457 ex
1178 1402 1264 1459 his
1284 1404 1338 1458 in
1360 1419 1497 1474 pane
1516 1413 1571 1460 et
1593 1422 1751 1477 aqua.
1789 1406 1847 1462 Si
1871 1408 1993 1477 quis
2019 1425 2170 1464 man-

589 1492 870 1548 ducauerit
891 1494 1236 1549 morticinum
1259 1504 1354 1551 aut
1380 1496 1539 1552 idolis
1573 1496 1928 1565 immolatum,
1964 1500 2170 1570 jejunet

588 1579 956 1636 hebdomadas
981 1582 1285 1639 duodecim.
1341 1585 1399 1640 Si
1420 1586 1545 1656 quis
1568 1587 1845 1656 quodlibet
1866 1591 2168 1645 membrum

586 1671 693 1727 sibi
736 1662 1041 1729 voluntarie
1089 1675 1424 1731 truncaverit
1445 1716 1461 1740 ,
1517 1683 1630 1730 tres
1665 1693 1835 1733 annos
1885 1680 2164 1749 paeniteat,

2908 480 2957 523 et
2985 471 3050 525 de
3074 472 3215 527 aliis.

2651 574 2750 647 (Ex
2779 576 3141 636 Ptenitentiali
3177 581 3494 654 Theodori.)

2342 686 2460 743 Lis.
2497 703 2629 754 xvn,
2656 703 2776 744 esp.
2809 707 2998 747 xxxix.
3035 693 3091 748 Si
3126 697 3249 764 quis
3273 699 3513 768 pontifex
3540 699 3819 765 fornicatio-

2270 794 2393 833 nem
2423 779 2611 835 fecerit
2656 783 2979 849 naturalem,
3018 789 3254 856 synodus
3289 791 3552 860 judicavit
3576 803 3634 849 ut
3659 798 3816 856 decem
3848 796 3853 799 ’

2271 887 2441 928 annos
2470 875 2747 944 pmniteat,
2777 886 2832 931 et
2874 880 3058 935 multis
3104 881 3358 954 lacrymis
3398 895 3455 942 et
3494 891 3817 966 eleemosynis

2268 962 2481 1017 veniam
2503 979 2533 1018 a
2560 965 2788 1021 Domino
2821 974 2989 1038 petat.
3016 970 3308 1043 Presbyter
3341 992 3446 1033 non
3487 982 3699 1050 praelato
3719 962 3816 1043 ino-

2270 1054 2431 1109 nacbi
2458 1063 2584 1110 voto
2613 1072 2736 1113 cum
2770 1060 2944 1128 puella
2976 1061 3058 1117 vel
3090 1068 3375 1122 meretrice
3403 1084 3653 1138 peccans,
3675 1092 3817 1134 annos

2269 1148 2383 1198 tres
2404 1151 2459 1198 et
2476 1144 2528 1198 in
2553 1146 2724 1201 tribus
2740 1150 3167 1218 quadragesimis
3193 1159 3507 1225 secundam,
3531 1172 3588 1216 et
3604 1176 3817 1233 quartam

2270 1238 2327 1285 et
2352 1241 2558 1288 sextam
2591 1234 2804 1303 feriam,
2850 1249 2905 1293 et
2931 1242 3156 1297 sabbato
3184 1260 3397 1314 semper
3425 1248 3493 1302 de
3538 1250 3678 1319 sicco
3718 1256 3819 1309 cito

2268 1323 2549 1390 pmnitcat.
2577 1324 2634 1380 Si
2660 1342 2781 1381 cum
2804 1329 2994 1383 ancilla
3020 1331 3113 1386 Dei
3135 1342 3227 1387 aut
3256 1336 3517 1401 masculo,
3542 1338 3659 1407 plus
3683 1343 3816 1396 adda-

2270 1421 2360 1467 tur
2380 1413 2668 1483 jejunium,
2689 1419 2742 1474 id
2763 1429 2846 1475 est
2869 1430 3076 1491 septem
3098 1440 3291 1490 annos,
3317 1426 3361 1482 si
3389 1428 3444 1482 in
3463 1435 3816 1489 consuetudine

2269 1512 2369 1559 est.
2405 1505 2668 1563 Similiter
2708 1509 2941 1575 diaconi,
2997 1514 3042 1569 si
3094 1516 3345 1571 monachi
3392 1533 3500 1574 non
3541 1529 3683 1587 sunt,
3707 1524 3818 1579 deos

2270 1608 2458 1659 annos,
2490 1597 2629 1652 sicut
2658 1598 2818 1653 etiam
2850 1602 3101 1657 monachi
3146 1604 3239 1673 qui
3280 1603 3399 1661 sine
3423 1609 3597 1677 gradu
3622 1620 3747 1665 sunt.
3769 1611 3815 1668 Si

2269 1687 2478 1744 diaconi
2510 1691 2758 1745 monachi
2787 1701 2931 1757 sunt,
2960 1704 3170 1764 septem
3197 1712 3401 1765 annos;
3440 1702 3683 1757 monachi
3715 1720 3814 1758 cum

586 1775 757 1839 unum
775 1775 842 1818 ex
870 1761 957 1818 his
989 1762 1044 1861 iu
1071 1773 1295 1861 paneet
1316 1781 1477 1836 aqua.
1514 1765 1607 1861 _Si
1632 1767 1977 1861 quisusuras
1997 1771 2165 1861 unde-
2197 1770 2244 1830 Β
2268 1779 2457 1848 gradu,
2488 1788 2691 1849 septem
2725 1797 2900 1837 annos
2939 1761 3256 1853 puiniteant.
3290 1761 3424 1842 Item
3468 1792 3751 1861 epise0pus,
3776 1793 3811 1848 si

586 1867 800 1925 cunque
824 1854 1085 1926 exegerit,
1116 1855 1367 1911 similiter
1385 1857 1665 1927 paeniteat.
1715 1857 1772 1912 Si
1802 1859 1927 1928 quis
1948 1860 2187 1930 pervio-'

586 1936 810 2009 ientiam’
839 1953 935 2001 aut
960 1946 1201 2016 quolibet
1223 1946 1439 2015 ingenio
1463 1948 1605 2003 malo
1632 1947 1823 2004 ordine
1859 1963 1943 2005 res
1971 1950 2174 2008 alienas

588 2035 852 2095 invaserit
877 2043 972 2091 aut
1003 2036 1209 2102 tulerit,
1235 2036 1484 2092 similiter
1507 2037 1785 2107 pmtiteat.
1837 2037 1893 2092 Si
1920 2039 2043 2108 quis
2071 2040 2171 2094 ali-

587 2141 750 2197 quem
773 2125 1046 2183 hominem
1071 2127 1212 2182 malo
1234 2128 1423 2183 ordine
1435 2128 1752 2194 vendiderit,
1786 2131 2037 2186 similiter
2060 2147 2176 2201 pte-

587 2219 780 2277 niteat.
836 2219 901 2273 Si
930 2218 1056 2289 quis
1085 2234 1269 2274 aream
1291 2227 1387 2274 aut
1423 2219 1644 2274 domum
1673 2220 1897 2275 alterius
1928 2222 2174 2278 volunta-

586 2309 675 2367 rie
716 2296 845 2380 igne
865 2309 1209 2375 cremaverit,
1253 2310 1507 2365 similiter
1525 2310 1806 2379 pceniteat.
1857 2311 1914 2366 Si
1938 2313 2060 2383 quis
2078 2329 2176 2383 per

587 2399 731 2463 iram
755 2392 990 2470 aliquem
1018 2401 1366 2469 percusserit,
1393 2409 1449 2456 et
1478 2401 1790 2471 sanguinem
1817 2400 2040 2467 fuderit,
2081 2412 2177 2458 aut

587 2489 819 2555 debifem
843 2489 1057 2555 fecerit,
1083 2489 1439 2561 quadraginta
1459 2491 1574 2547 dies
1602 2492 1862 2560 paeniteat
1887 2493 1940 2547 in
1965 2508 2103 2563 pane
2117 2500 2173 2548 et

588 2596 750 2654 aqua.
774 2638 777 2639 ν

763 2669 822 2728 Si
851 2670 1043 2743 aliquis
1069 2672 1547 2728 mommsnicatus
1562 2683 1796 2727 mortuus
1819 2672 2000 2743 fuerit.

608 2814 619 2821 .
886 2818 889 2819 ,
1176 2761 1354 2833 (Unde
1371 2763 1580 2835 supra.)

610 2908 617 2915 .
646 2850 786 2913 (λιιι.
811 2866 1125 2910 ccccxxxvt.
1154 2851 1214 2908 SI
1259 2851 1457 2921 aliquis
1491 2854 1987 2909 excommunicatus
2008 2852 2171 2910 fuerit

584 2951 857 3007 mortuus,
872 2943 963 3012 qui
983 2941 1094 3013 jam
1108 2941 1179 2997 sit
1199 2940 1498 3006 confessus,
1519 2950 1575 2998 et
1596 2957 1704 2996 non
1725 2942 1966 2998 occurrit
1989 2942 2172 2997 venire

587 3033 659 3099 ad
713 3033 1048 3091 sacerdotem
1077 3071 1092 3095 ,
1148 3030 1243 3087 sed
1307 3032 1704 3103 praaoccupavit
1749 3048 1873 3097 eum
1920 3048 2068 3090 mors
2115 3033 2171 3089 in

2274 1868 2390 1921 sine
2421 1879 2547 1923 voto
2574 1872 2823 1926 monachi
2862 1889 2983 1928 cum
3008 1875 3183 1944 puella
3226 1878 3309 1932 vel
3345 1883 3631 1938 meretrice
3651 1900 3810 1954 peetu-

2273 1957 2411 2011 verit
2435 1957 2619 2014 decem
2648 1974 2818 2016 annos
2841 1963 3121 2031 pteniteat.
3147 1965 3388 2022 Clericus
3410 1984 3535 2023 cum
3564 1970 3650 2024 tali
3665 1973 3810 2041 puth

2272 2048 2388 2101 sine
2411 2057 2537 2103 voto
2556 2051 2828 2116 monachi,
2857 2053 2903 2105 si
2931 2051 3229 2117 fornicatus
3252 2055 3439 2121 fuerit,
3459 2075 3619 2115 unum
3638 2077 3806 2117 annum

2270 2138 2559 2206 pxeniteat‘;
2592 2140 2638 2194 si
2668 2138 2997 2209 frequenter,
3040 2144 3174 2199 duos
3209 2162 3399 2201 annos.
3434 2147 3491 2203 Si
3531 2166 3640 2204 ctam
3664 2166 3802 2205 eano-

2271 2226 2416 2291 nica,
2445 2226 2583 2283 duos
2622 2245 2823 2295 annos;
2856 2231 2902 2286 si
2939 2231 3269 2303 frequenter,
3302 2246 3415 2291 tres
3440 2253 3614 2293 annos.
3649 2240 3699 2293 Si
3722 2256 3799 2309 ge-

2272 2319 2451 2374 nuerit
2491 2334 2558 2373 ex
2604 2336 2667 2375 ea
2714 2320 2906 2387 ﬁlium,
2957 2333 3189 2394 quatuor
3240 2342 3415 2382 annos
3442 2347 3456 2382 :
3486 2329 3575 2384 alii
3622 2330 3806 2397 dicunt,

2272 2422 2496 2481 septem.
2536 2413 2848 2470 Theodorus
2894 2418 3028 2472 dixit
3059 2420 3389 2478 :Monachus
3439 2423 3806 2483 fornicationem

2273 2501 2492 2567 faciens,
2526 2513 2730 2573 septem
2764 2521 2935 2562 annos
2953 2509 3231 2577 pmniteat.

2277 2633 2341 2688 Ut
2354 2638 2781 2713 quotiescunque
2824 2638 3011 2713 aliquis
3049 2642 3121 2695 ad
3162 2644 3514 2713 panitentiam
3552 2649 3808 2710 accesserit,

2344 2706 2589 2828 £ejuniis,
2636 2706 2701 2762 εί
2730 2706 3050 2765 orationibus
3092 2706 3210 2766 cum
3246 2731 3305 2768 eo
3344 2717 3711 2772 communicare
3738 2706 3810 2772 de;

2378 2785 2483 2829 εμι.

2647 2887 2748 2958 (Ex
2777 2886 3134 2945 Poenitentiali
3166 2891 3482 2965 Theodori.)

2342 3017 2457 3074 Lis.
2495 3032 2619 3085 nx,
2659 3035 2778 3076 CAP.
2806 3039 3000 3079 χχχιιι.
3031 3035 3052 3062 ο
3096 3023 3529 3098 Quotiescunque
3557 3028 3811 3087 Christiani

584 3108 750 3199 ἀοιίιο
778 3104 881 3180 ,ιη
909 3123 964 3180 in
993 3123 1106 3189 via,
1141 3120 1344 3178 faciant
1367 3137 1467 3192 pro
1510 3137 1577 3178 eo
1604 3131 1861 3207 parentes
1882 3122 1999 3192 ejus
2018 3124 2169 3179 obla-
2192 3107 2241 3172 C
2270 3116 2337 3170 ad
2383 3115 2758 3186 paenitentiam
2805 3121 3094 3183 accedunt,
3143 3119 3347 3190 jejunia
3394 3121 3733 3193 injnngimus;
3770 3129 3814 3177 et

587 3215 813 3293 tionem,
836 3213 906 3270 ad
951 3211 1145 3279 altare,
1182 3219 1252 3287 et
1285 3212 1414 3268 dent
1452 3211 1874 3282 redemptionem
1932 3227 2032 3282 pro
2078 3228 2171 3268 ca-

584 3310 754 3435 ptivis
778 3318 849 3373 ⁸.,
888 3336 897 3345 ο
1337 3374 1395 3439 Η

830 3542 836 3547 ι
1031 3498 1145 3559 EX
1199 3495 1711 3569 BUllCHARDO,

594 3619 611 3627 ‘
662 3593 978 3677 “Capitulis
998 3594 1261 3658 omissis
1295 3611 1439 3676 quae
1466 3598 1658 3673 supra
1689 3594 1883 3656 relata
1912 3596 2085 3654 sunt.
2152 3619 2161 3627 -

690 3698 693 3703 ’
734 3695 842 3752 -Βε
862 3693 973 3751 illis
995 3695 1087 3767 qui
1110 3693 1165 3749 in
1192 3693 1458 3751 codicibus
1490 3693 1672 3765 futura
1701 3694 1992 3764 requirunt.

582 3776 619 3855 f7
708 3798 709 3801 ‘
776 3814 791 3837 η.
958 3772 1064 3855 (Ex
1092 3772 1455 3841 Pmnitentiali
1486 3781 1805 3855 Theodori.)

596 3880 603 3907 ‘
630 3864 772 3935 ιιι.
794 3891 854 3945 x,
872 3878 1005 3936 ese!
1025 3890 1170 3931 sxw.
1186 3875 1287 3930 ιιιη
1300 3875 1495 3931 tabulis
1515 3874 1597 3930 vel
1625 3874 1900 3929 codicibus
1913 3879 2064 3927 sorte
2084 3871 2166 3927 fu-

586 3977 712 4024 tura
751 3956 862 4024 non
888 3968 1034 4023 'sunt
1054 3994 1057 3997 η
1077 3967 1435 4038 requirenda;
1468 3975 1542 4021 et
1584 3973 1644 4020 ut
1671 3964 1849 4020 nullus
1880 3962 1934 4018 in
1962 3961 2168 4018 Psalte-

586 4058 681 4114 rio
704 4098 722 4123 ,
750 4042 857 4113 vel
897 4057 971 4112 ιιι·
1012 4055 1305 4127 Evangelia
1329 4096 1345 4122 ,
1392 4055 1479 4110 vel
1521 4054 1576 4109 in
1629 4052 1751 4108 aliis
1795 4053 1958 4107 rebus
1981 4050 2164 4106 sortiri

585 4134 1047 4225 pristiniaﬂ‘nec
1072 4147 1440 4203 divinationes
1466 4145 1676 4217 aliquas
1698 4145 1752 4199 in
1779 4143 2051 4214 aliquibus
2074 4146 2163 4198 re-'

584 4236 1018 4299 assensum».
1049 4237 1204 4309 Quod
1226 4238 1275 4295 si
1288 4236 1498 4304 fecerit,
1525 4234 1882 4308 quadraginta
1912 4234 2027 4291 dies
2050 4248 2166 4304 pte-

2271 3218 2371 3263 nos
2407 3209 2806 3263 communicare
2828 3226 2948 3265 cum
2971 3211 3050 3266 eis
3075 3211 3331 3267 debemus
3361 3213 3415 3266 in
3432 3211 3651 3281 jejunio,
3679 3227 3811 3267 unam

2270 3308 2363 3353 aut
2393 3299 2525 3353 duas
2550 3300 2893 3368 septimanas,
2922 3310 3017 3356 aut
3036 3309 3293 3372 quantum
3319 3318 3630 3373 possumus;
3655 3313 3702 3356 ut
3719 3317 3810 3355 non

2271 3386 2482 3445 dicatur
2510 3391 2683 3456 nobis,
2715 3392 2858 3459 quod
2887 3393 3260 3448 sacerdotibus
3296 3390 3606 3448 Judmorum
3639 3394 3807 3447 dictum

2269 3489 2404 3535 esta
2431 3480 2660 3536 Domino
2694 3501 2706 3535 :
2747 3480 2839 3536 Va:
2870 3484 3009 3538 vobis
3039 3482 3368 3554 legisperitis,
3414 3484 3510 3555 qui
3555 3482 3814 3556 aggrarotis
3864 3472 3867 3475 ’

2269 3568 2522 3637 homines,
2545 3580 2593 3625 et
2618 3571 2881 3643 imponitis
2903 3590 3061 3645 super
3079 3575 3321 3629 humeros
3345 3592 3525 3630 eorum
3548 3593 3699 3632 onera
3719 3592 3818 3646 grs-

2162 3714 2165 3717 .
2269 3660 2349 3714 ria
2377 3670 2425 3715 ct
2454 3661 2836 3731 importabilia;
2881 3663 2983 3734 ipsi
3015 3674 3191 3718 autem
3216 3682 3321 3719 uno
3355 3666 3519 3736 digito
3554 3675 3713 3721 vestro
3736 3682 3817 3719 non

2268 3750 2479 3820 tangitis
2521 3752 2757 3807 sarcinas
2800 3753 2959 3822 ipsas.
3000 3753 3171 3809 Nemo
3197 3756 3338 3810 enim
3367 3764 3546 3826 potest
3573 3756 3819 3812 sublevare

2268 3846 2549 3901 cadentem
2597 3848 2696 3903 sub
2731 3849 2989 3917 pondere,
3021 3849 3126 3905 nisi
3155 3850 3494 3906 inclinaverit
3528 3862 3590 3907 ut
3615 3853 3821 3924 porrigat

2268 3935 2316 3989 ei
2340 3951 2592 4001 manum;
2616 3952 2789 4005 neque
2810 3939 2949 3994 ullus
2971 3941 3303 3995 medicorum
3328 3941 3551 3997 vulnera
3575 3943 3821 3999 infirman-

2269 4024 2401 4078 tium
2443 4035 2620 4095 potest
2647 4042 2861 4093 curare,
2898 4029 3000 4083 nisi
3032 4028 3313 4086 fostoribus
3338 4032 3615 4104 particeps
3651 4033 3819 4094 fuerit;

2268 4116 2341 4171 ita
2385 4133 2596 4187 quoquc
2640 4119 2817 4175 nullus
2843 4122 3183 4177 sacerdotum
3221 4125 3305 4179 vel
3332 4125 3577 4195 pontifex
3606 4135 3823 4197 peccato-

2267 4222 2386 4262 rum
2414 4208 2637 4263 vulnera
2683 4224 2877 4266 curare
2931 4221 3128 4282 potest,
3182 4220 3277 4268 aut
3319 4216 3608 4273 animabus
3634 4225 3822 4288 peccata

2266 4298 2504 4365 auferre,
2531 4301 2633 4357 nisi
2673 4311 2963 4372 praestante
3010 4306 3392 4372 sollicitudine,
3421 4317 3472 4363 et
3501 4310 3741 4364 oratione
3762 4308 3825 4362 la-

2267 4404 2594 4459 crymarum.
2624 4391 2855 4448 Necesse
2878 4404 2962 4449 est
2984 4409 3135 4465 ergo,
3178 4394 3370 4451 fratres
3395 4399 3721 4462 charissimi,
3747 4411 3824 4451 vos

586 4506 691 4549 --,:
728 4510 741 4535 ρ
836 4461 945 4537 Liv

2266 4482 2522 4538 sollicitos
2547 4497 2667 4539 esse
2687 4500 2785 4552 pro
2808 4461 3173 4555 peccantibus,
3199 4488 3293 4557 qui
3317 4503 3507 4542 sumus
3526 4461 3822 4544 alterutrum

657 4602 786 4658 CAP.
822 4618 931 4658 Lvt.
964 4570 1022 4657 Si
1052 4601 1175 4672 quis
1203 4601 1435 4656 lascivus
1459 4600 1512 4655 iu
1536 4599 1719 4669 lingua
1750 4595 1932 4657 fuerit,
1961 4594 2163 4649 tridua-
2261 4573 2539 4680 ηιθτηῖξξτίι.
2577 4570 2809 4680 Ιέεεξίιιιε
2849 4582 2906 4680 fl
2932 4590 3045 4680 Δξλοδ
3090 4576 3133 4630 si
3173 4575 3469 4680 viderimus
3507 4577 3746 4680 aliquem.
3780 4575 3824 4629 iu

587 4708 658 4748 na
680 4691 997 4763 mammia
1023 4665 1291 4762 είρίριυτ,
1498 4686 1503 4689 '
1621 4665 1642 4669 ⁷
1828 4720 1835 4723 .
2260 4665 2496 4734 peccatis
2518 4665 2814 4768 iacentem,
2840 4665 3162 4768 festinemus
3197 4682 3328 4768 eum
3367 4669 3436 4722 ad
3471 4667 3823 4768 poenitentiae!

587 4758 801 4841 De-illis
823 4782 915 4855 qui
940 4758 1176 4853 pejerunt
1201 4796 1255 4835 se
1283 4782 1337 4834 in
1363 4795 1521 4834 manu
1548 4777 1793 4848 episcopi,
1814 4785 1905 4831 aut
1933 4773 1989 4829 in
2013 4791 2165 4829 cruce

2266 4771 2355 4827 per
2399 4766 2639 4812 nostram
2681 4758 2983 4812 doctrinam
3030 4774 3241 4813 vocare.
3287 4759 3355 4814 Et
3384 4760 3604 4828 quoties
3636 4758 3827 4813 dederis

904 4848 1236 4917 consecrata,
1276 4860 1367 4904 aut
1394 4866 1498 4903 non
1525 4856 1847 4903 consecrata.
2265 4849 2549 4903 consilium
2586 4849 2852 4918 peccanti,
2883 4848 3039 4903 simul
3089 4864 3303 4918 quoque
3347 4850 3415 4903 da
3451 4850 3531 4904 illi
3580 4848 3825 4920 pteniteu-

954 4942 1057 5014 (Ex
1085 4939 1450 5003 Poenitentiali
1480 4936 1795 5007 Theodori.)
2264 4937 2393 4991 tiam
2422 4938 2626 5002 statim,
2651 4945 2912 5007 quantum
2942 4938 3133 4992 debeat
3152 4937 3399 5007 jejunare
3429 4948 3526 4993 aut
3553 4940 3827 5021 eleemosyo

657 5033 775 5089 Lts‘.
804 5049 902 5097 xit,
932 5047 1050 5087 can.
1073 5046 1133 5097 Iv.
1165 5030 1267 5097 Qui
1293 5027 1499 5099 pcjerat
1523 5043 1581 5083 se
1623 5028 1676 5082 in
1716 5042 1879 5083 manu
1904 5027 2160 5097 episcOpi,
2263 5028 2350 5084 nis
2380 5030 2644 5085 redimere
2678 5037 2934 5099 peccata:
2966 5045 3035 5084 ne
3055 5029 3193 5084 forte
3221 5030 3559 5087 obliviscaris
3587 5045 3709 5100 quae
3744 5023 3825 5080 tibi

587 5135 684 5181 aut
710 5125 765 5180 in
792 5136 957 5181 cruce
978 5131 1309 5186 consecrata,
1333 5131 1450 5176 tres
1470 5120 1930 5190 armospmniteat.
1962 5121 2017 5174 Si
2041 5135 2169 5175 vero
2261 5119 2376 5189 jam
2404 5121 2559 5185 dixit,
2602 5128 2657 5176 et
2697 5121 2891 5176 iterum
2923 5136 3143 5177 necesse
3168 5120 3237 5176 sit
3268 5122 3359 5176 tibi
3392 5121 3752 5192 interrogare;
3781 5123 3827 5169 ει

583 5218 647 5283 in
686 5228 853 5275 cruce
878 5226 988 5277 non
1042 5222 1378 5277 consecrata,
1425 5227 1626 5266 annum
1672 5227 1837 5266 unum
1886 5212 2162 5280 poeniteat.
2267 5208 2493 5265 forsitan
2536 5210 2817 5267 erubescet
2864 5210 3060 5266 iterum
3106 5218 3323 5279 peccata
3353 5226 3451 5266 sua
3496 5208 3827 5271 eonfiteri,ct

918 5288 1180 5363 seductus
1208 5302 1370 5359 fuerit
1386 5311 1443 5359 et
1470 5303 1725 5372 ignorans
1744 5314 1803 5355 se
1827 5299 2166 5370 pejetaverit,
2269 5300 2571 5356 invenietur
2587 5299 2699 5370 jam
2730 5300 2959 5373 amplius
2982 5300 3235 5371 judicari.
3312 5319 3316 5323 '

582 5403 645 5449 et
670 5396 858 5466 postea
895 5382 1190 5466 cognoscit,
1214 5409 1325 5451 tres
1351 5380 1792 5465 quadragesimae
1814 5392 2092 5462 ptenitcat.

836 4418 947 4475 _u,
964 4417 1073 4474 um
1091 4417 1264 4490 qni-iis
1289 4416 1468 4489 lingua
1495 4415 1677 4471 lascivi
1705 4416 1917 4485 fuerim.

580 5496 613 5511 h
658 5506 686 5569 ἰ
711 5522 915 5603 Cretera
933 5546 1051 5603 qua:
1074 5502 1359 5603 sequuntur
1383 5524 1448 5603 de
1468 5502 1638 5603 coqui
1667 5534 1876 5603 Iuratus
1897 5525 2055 5603 fuerit
2075 5542 2167 5596 per
2266 5537 2382 5603 rum
2402 5520 2684 5603 _Tlteodori.
2814 5590 2844 5603 ι.

590 5591 967 5671 necessitatem,
1014 5591 1157 5671 etde
1200 5591 1570 5671 redemptionis
1582 5591 1747 5671 pretio
1773 5591 1996 5671 _(Burch.
2016 5595 2055 5671 _l.
2076 5591 2161 5671 ἰςι,
2337 5592 2364 5632 ι)
2400 5593 2511 5671 lvo,
2550 5609 2600 5660 p.
2628 5607 2703 5653 χι,
2729 5607 2779 5647 c.

590 5684 638 5723 c.
665 5669 777 5735 5|),
805 5662 964 5727 supra
987 5662 1151 5727 relata
1176 5678 1294 5725 sunt
1322 5662 1383 5726 ἔνι’
1403 5669 1570 5727 urima
1582 5662 1881 5723 collectione
1913 5664 2164 5737 mpimlo-
2338 5673 2360 5701 ο
2399 5662 2509 5728 lvo,
2538 5676 2590 5731 p.
2617 5677 2703 5727 xv,
2730 5678 2778 5719 c.
2808 5662 2894 5725 56.
