4020 6360
205 401 312 460 9η

201 520 280 574 De
321 516 424 570 illis
457 515 546 586 qui
590 513 768 586 cibum
795 513 1081 586 immunda
1114 530 1272 586 manu
1309 523 1505 586 tactum
1552 509 1786 586 comede-
1812 509 1864 570 Α

275 589 403 649 rint,
449 580 524 640 uel
570 585 614 637 si
652 583 794 638 canis
841 595 929 637 aut
977 584 1188 653 aliquod
1230 583 1426 636 animal
1457 580 1781 636 immundum

193 705 199 715 .
272 658 448 711 cibum
476 655 721 724 tetigerit.

580 745 680 814 (Ex
710 744 995 800 Ptenitenti
1017 743 1069 796 -li
1097 744 1409 813 Theodori.)

271 835 404 888 Cui.
441 848 660 892 LXXXIX.
693 833 844 898 Quod
884 833 929 886 si
961 849 1088 886 casu
1137 833 1259 901 quis
1301 831 1572 886 immunda
1622 844 1782 883 manu

199 927 387 982 cibum
411 924 602 994 tangit,
624 924 704 977 vel
735 924 776 977 si
799 922 971 986 canis,
1001 940 1206 985 musvc,
1233 932 1325 977 aut
1345 922 1536 976 animal
1562 923 1786 975 immun-

201 1019 332 1072 dum
362 1015 676 1086 sanguinem
700 1015 934 1068 hominis
969 1016 1099 1079 edit,
1134 1031 1236 1068 non
1265 1023 1451 1079 nocet;
1481 1024 1535 1068 et
1573 1014 1660 1080 qui
1690 1028 1786 1082 pro

197 1108 529 1162 necessitate
556 1105 714 1161 famis
743 1093 1028 1161 manducat
1058 1107 1254 1160 animal
1281 1107 1423 1175 quod
1449 1106 1784 1159 immundum

199 1197 440 1261 videtur,
453 1197 536 1252 vel
551 1212 702 1251 avem
715 1196 797 1252 vel
813 1198 1061 1260 bestiam,
1078 1197 1496 1251 misericorditer
1508 1196 1783 1265 pauiitcat.

197 1306 280 1362 De
304 1307 415 1362 illis
442 1309 532 1379 qui
563 1307 859 1364 reticuerim
897 1291 1164 1379 peccatum
1204 1309 1384 1378 fratris
1409 1309 1548 1380 quod
1590 1319 1669 1363 est
1719 1310 1786 1362 ad

879 1389 1113 1432 mortem.

585 1469 684 1538 (Ex
713 1469 1074 1523 Pmnitentiali
1097 1470 1408 1536 Theodori.)

186 1571 192 1584 π
271 1556 382 1622 Qui
412 1557 687 1612 reticuerit
730 1557 984 1612 delictum
1023 1560 1205 1615 fratris
1233 1561 1375 1629 quod
1403 1569 1486 1614 est
1523 1576 1692 1630 usque
1722 1559 1787 1613 ad

199 1659 466 1712 mortem,
497 1659 670 1719 neque
691 1667 814 1704 etim
835 1653 1161 1720 corripuerit
1181 1654 1332 1722 juxta
1362 1654 1599 1723 regulam
1621 1669 1786 1707 cvan-

200 1739 463 1808 gelicam,
486 1741 662 1808 primo
686 1741 829 1795 inter
851 1757 908 1797 se
935 1751 988 1796 et
1015 1742 1186 1812 ipsum
1213 1743 1407 1806 solum,
1435 1744 1622 1798 deinde
1649 1745 1788 1798 inter

909 379 1464 450 l‘G-ZNITENTIALE.
1506 422 1572 432 —
1613 387 1952 447 CAPITULA
1991 386 2348 445 COLLECTA
2387 387 2480 443 EX
2517 387 2778 444 FRAGM.

3347 393 3454 450 978

2621 503 2728 563 ιν.

2372 625 2486 686 EX
2537 624 2976 687 GRATIANO.

1887 749 2005 816 Qua
2034 767 2182 820 paena
2217 750 2284 804 sit
2326 749 2604 830 feriendus
2633 750 2727 872 qui;
2763 751 3064 804 necessitate
3111 759 3321 804 coactus
3345 766 3464 820 per-

2584 836 2704 872 iura
2733 859 2747 872 .

2573 836 2747 887 Iurat.

2248 930 2351 1001 (Es
2385 929 2747 985 Pmnitentiali
2785 929 3100 1000 Theodori.)

1957 1037 2132 1091 Causa
2161 1053 2297 1094 xxii.
2327 1053 2378 1107 (ι.
2407 1036 2460 1100 5,
2491 1055 2538 1090 c.
2572 1037 2624 1090 5.
2653 1036 2707 1090 Si
2734 1037 2858 1106 quis
2885 1045 3105 1092 coaetus
3129 1052 3228 1108 pro
3251 1038 3356 1093 vita
3381 1055 3465 1095 ro-

1886 1127 2154 1187 dimenda,
2187 1126 2269 1180 vel
2294 1142 2388 1195 pro
2415 1127 2653 1195 qualibet
2675 1142 2856 1192 causa,
2887 1127 2969 1180 vel
2998 1129 3318 1184 necessitate
3341 1145 3468 1199 per-

1879 1218 2029 1288 jurat
2055 1233 2070 1271 :
2101 1218 2224 1286 quia
2253 1218 2373 1286 plus
2399 1232 2595 1286 corpus
2639 1233 2800 1286 quam
2839 1217 3075 1271 animant
3120 1217 3325 1284 dilexit,
3353 1227 3469 1274 tres

1885 1311 2332 1381 quadragesimus
2386 1289 2663 1378 pmniteat.
2720 1309 2824 1362 Alii
2877 1323 3008 1363 vero
3058 1309 3304 1380 iudicant
3355 1321 3468 1367 tres

1891 1419 2083 1467 annos,
2112 1419 2277 1456 unum
2307 1417 2371 1456 ex
2402 1403 2486 1456 bis
2516 1403 2569 1455 in
2600 1417 2738 1470 pane
2765 1412 2819 1454 et
2845 1417 3004 1470 aqua.

1891 1515 1994 1581 Qui
2031 1514 2282 1568 adulteris
2315 1515 2545 1568 debitum
2584 1513 2774 1577 reddit,
2817 1513 2982 1567 tribus
3009 1515 3159 1568 armis
3202 1525 3463 1584 paeniteat.

2259 1629 2358 1698 (Ex
2386 1628 2750 1682 Pmnitentiali
2779 1628 3092 1700 Theodori.)

1959 1739 2133 1793 Causa
2161 1757 2329 1803 xxxu,
2354 1757 2405 1810 q.
2439 1740 2489 1803 l,
2518 1757 2563 1793 c.
2599 1741 2650 1794 7.
2683 1739 2738 1794 Si
2768 1743 2889 1810 quis
2922 1757 3144 1796 uxorem
3177 1757 3327 1796 suam
3365 1743 3469 1804 scit

197 1831 365 1892 alios.
407 1831 597 1885 deinde
645 1833 711 1886 ad
756 1833 1037 1888 ecclesiam
1080 1834 1291 1904 culpam
1332 1835 1588 1901 referens,
1622 1837 1664 1890 si
1698 1853 1787 1892 ne—
1823 1873 1864 1932 Β
1889 1831 2208 1893 adulteram,
2239 1840 2292 1886 et
2317 1848 2424 1885 non
2456 1831 2566 1885 vult
2592 1832 2870 1898 dimittere
2908 1847 3046 1897 eam,
3075 1833 3168 1886 sed
3197 1833 3248 1885 in
3280 1833 3469 1886 matri-

200 1935 363 1974 eesse
394 1920 576 1985 fuerit,
606 1931 658 1976 et
704 1932 904 1992 quanto
931 1933 1167 1995 tempore
1207 1925 1306 1980 fuit
1332 1936 1480 1980 tanto
1507 1927 1784 1996 pteniteat.

201 2050 283 2104 De
317 2050 424 2122 illis
451 2051 542 2121 qui
580 2053 648 2122 ad
693 2053 1065 2122 confessionem
1107 2057 1334 2120 veniunt,
1386 2074 1588 2111 necesse
1622 2069 1696 2111 est
1735 2067 1791 2112 ut

230 2120 470 2190 primum
491 2122 556 2174 de
584 2121 744 2176 lirore
773 2120 977 2177 inridiie
1005 2135 1052 2177 et
1084 2127 1320 2179 avaritia
1351 2128 1754 2196 interrogentur.

275 2231 410 2287 Car.
441 2249 615 2288 ϐίων.
649 2235 790 2290 Sane
810 2239 936 2306 quia
966 2239 1030 2292 de
1058 2239 1226 2293 livore
1255 2240 1488 2304 invidiae,
1515 2251 1570 2295 et
1596 2243 1662 2297 de
1689 2243 1788 2308 ira,

205 2339 311 2378 nec
362 2340 470 2379 non
512 2333 566 2380 et
607 2327 672 2381 de
717 2329 941 2382 avaritia
990 2338 1046 2382 ut
1097 2331 1344 2398 superius
1397 2332 1660 2400 digestum
1687 2343 1787 2397 est,

204 2416 463 2469 oriuntur
495 2418 816 2484 homicidia,
853 2427 998 2475 recte
1028 2429 1083 2473 ut
1115 2421 1349 2475 arbitror
1385 2423 1692 2476 censuimus
1726 2424 1790 2476 de

207 2509 329 2576 ipso
356 2509 489 2562 vitio
528 2510 759 2578 primum
791 2512 1024 2579 qualiter
1053 2512 1368 2567 sacerdotali
1403 2513 1606 2582 judicio
1635 2530 1792 2568 cano-

209 2597 333 2652 nice
371 2601 588 2670 penitus
621 2602 691 2655 sit
717 2601 1093 2672 corrigemlum
1133 2603 1418 2656 ostendere
1454 2621 1466 2655 :
1501 2619 1564 2656 ac
1599 2604 1790 2658 deinde

208 2689 508 2742 secundum
534 2689 778 2743 ordinem
801 2691 1052 2744 vitiorum
1079 2692 1148 2744 ita
1173 2693 1466 2745 remedium
1497 2695 1791 2761 subsequa-

212 2787 319 2840 tur,
350 2796 460 2850 quo
516 2781 724 2836 facilius
773 2783 1125 2852 undecunque
1159 2784 1426 2852 pmnitens
1454 2785 1668 2854 purgari
1694 2801 1788 2840 v0-

218 2866 391 2924 lucrit.
424 2873 537 2926 sine
563 2873 822 2928 dilatione
856 2875 908 2928 in
941 2874 1165 2945 singulis
1192 2875 1439 2943 capitulis
1467 2875 1782 2929 inveniatur.

777 3087 893 3147 EX
946 3087 1214 3147 ΠΟΝΕ.

453 3182 529 3235 De
553 3183 656 3236 illis
681 3184 770 3254 qui
793 3201 882 3254 per
905 3202 1134 3238 amorem
1163 3185 1372 3254 venefici
1392 3186 1545 3254 ﬁunt.

597 3273 697 3342 (Ex
727 3274 1086 3328 I’u-nitentiali
1117 3275 1428 3345 Theodori.)

274 3362 339 3416 P.
373 3378 463 3427 xv,
488 3378 605 3432 cap.
631 3380 772 3417 cxvi.
805 3365 860 3419 Si
886 3365 1007 3434 quis
1031 3381 1128 3434 per
1153 3382 1390 3421 amorem
1418 3366 1686 3422 veneﬁcus
1708 3367 1786 3434 ﬁt,

200 3461 258 3504 et
287 3452 559 3506 neminem
578 3455 870 3521 perdiderit
905 3474 916 3508 :
949 3456 993 3510 si
1017 3443 1248 3514 clericus
1269 3467 1371 3521 est,
1402 3473 1565 3511 unum
1587 3474 1788 3512 annum

200 3545 473 3618 pmniteat
524 3546 575 3599 in
607 3538 744 3616 pane
774 3558 828 3602 et
863 3542 1033 3618 aqua;
1073 3551 1116 3603 si
1149 3550 1540 3614 subdiaconus,
1570 3551 1711 3616 duo;
1744 3551 1791 3606 si

203 3635 473 3690 diaconus
495 3645 627 3700 tres,
652 3653 818 3691 unum
846 3655 909 3692 ex
938 3639 1019 3693 his
1045 3639 1096 3692 in
1118 3653 1254 3710 pane
1275 3648 1329 3694 et
1355 3655 1524 3709 aqua;
1552 3640 1597 3695 si
1623 3641 1792 3700 laicus

201 3735 257 3781 et
295 3727 582 3781 dimidium
626 3745 826 3782 annum
875 3732 1153 3800 pmniteat,
1201 3731 1434 3786 maxime
1473 3731 1516 3786 si
1558 3747 1657 3802 per
1691 3717 1791 3788 boc

201 3821 457 3874 mulieris
483 3829 696 3890 partum
726 3823 996 3892 deceperit
1035 3824 1259 3893 quisque
1292 3835 1402 3880 tres
1428 3840 1597 3880 annos
1633 3842 1794 3880 unus-

201 3915 444 3984 quisque
474 3923 828 3985 superaugeat
865 3917 918 3970 in
967 3932 1106 3987 pane
1135 3924 1189 3972 et
1218 3931 1374 3989 aqua,
1410 3933 1477 3973 ne
1519 3917 1794 3972 homicidii

204 4027 340 4066 reus
370 4011 444 4066 sit
472 4025 521 4065 ιι.

282 4161 309 4218 j‘
349 4147 559 4218 Caetera
590 4165 750 4218 supra
774 4159 956 4204 notata
985 4157 1128 4204 sunt.

284 4217 315 4255 ιδ
352 4217 413 4271 ln
440 4216 710 4288 plerisque
739 4221 965 4274 vetustis
988 4230 1092 4284 est,
1113 4229 1160 4274 et
1182 4220 1415 4290 quandiu
1444 4216 1534 4272 illa
1565 4217 1795 4288 panitet,

205 4297 269 4341 ut
301 4296 495 4341 notant
526 4305 667 4344 corr.
697 4290 848 4345 Crat.

285 4369 310 4395 ε
349 4358 549 4430 Daren.
577 4361 761 4430 etiam,
793 4368 848 4412 et
875 4361 962 4414 lvo
991 4368 1150 4430 caput
1179 4361 1280 4414 hoc
1319 4359 1580 4430 eitant__ex
1616 4357 1795 4412 Theo-

206 4427 371 4480 doro.
407 4425 472 4480 Ut
500 4425 692 4493 Grirci,
716 4429 831 4484 luec
857 4431 1017 4484 verba
1045 4425 1279 4497 itemque
1300 4429 1386 4482 illa
1423 4447 1434 4481 :
1468 4427 1533 4481 Ut
1557 4439 1664 4481 tota
1691 4430 1797 4496 fere

203 4507 430 4571 sancta‘
444 4497 678 4571 Ecclesia
692 4516 724 4571 ;Α
753 4509 808 4554 et
852 4501 939 4554 illa
969 4514 985 4552 :
1019 4499 1086 4571 Et
1115 4500 1210 4552 hoc
1247 4499 1591 4571 perfectorum
1619 4509 1714 4571 est,
1743 4506 1797 4551 et

206 4566 352 4638 illa:
393 4566 546 4638 Quod
581 4566 660 4622 "est
695 4569 986 4638 justoruin,
1038 4566 1256 4633 absunt,
1292 4566 1736 4637 qnemadmodum
1766 4584 1795 4620 a

1810 3222 1860 3285 ϐ

1891 1924 2070 1978 monio
2112 1923 2334 1986 habere,
2387 1923 2558 1976 tribus
2613 1925 2768 1980 annis
2814 1925 3092 1992 pmniteat,
3133 1930 3186 1976 et
3233 1923 3469 1993 quandiu

1891 2015 2117 2084 pamitct
2143 2014 2195 2076 δ,
2221 2015 2490 2067 abstineat
2519 2029 2577 2068 se
2608 2014 2676 2066 ab
2699 2013 2808 2068 illa.

1891 2110 2088 2182 Sufﬁcit
2115 2110 2207 2164 illa
2237 2111 2493 2180 confessio
2513 2128 2637 2182 qua:
2673 2111 2896 2177 primum
2928 2111 3057 2174 Deo,
3088 2111 3276 2166 deinde
3297 2128 3472 2167 sacer-

2485 2181 2594 2235 doti
2625 2182 2867 2248 offertur.
3373 2205 3380 2212 κ

1961 2292 2112 2348 Unde
2143 2292 2458 2347 Theodorus
2488 2291 2893 2346 Cantuaricnsis
2931 2294 3006 2346 ait
3027 2293 3081 2348 in
3107 2291 3472 2350 Pmnitentiali

1890 2399 1987 2438 suo
2017 2402 2028 2435 :
2061 2383 2287 2448 Quidam
2322 2382 2429 2435 ι).ιο
2458 2381 2792 2436 solummodo
2824 2383 3068 2436 conﬁteri
3108 2383 3302 2438 debere
3347 2399 3474 2453 pec-

1891 2483 2008 2528 cata
2055 2473 2260 2536 dicunt,
2306 2479 2366 2525 ut
2412 2472 2604 2526 Graeci.
2656 2472 2881 2537 Quidam
2931 2487 3057 2524 vero
3103 2471 3472 2526 sacerdotibus

1889 2565 2188 2620 conﬁtenda
2228 2579 2347 2618 esse
2380 2570 2716 2633 percensent,
2751 2570 2810 2615 ut
2852 2569 2962 2615 tota
2997 2562 3111 2616 fere
3157 2571 3343 2616 saneta
3371 2562 3474 2616 Ec-

1889 2654 2071 2709 clesia.
2117 2653 2268 2720 Quod
2311 2660 2599 2720 utrumque
2649 2667 2757 2705 non
2805 2651 2920 2705 sine
2967 2667 3161 2721 magno
3198 2651 3375 2706 fructu
3411 2651 3474 2706 ﬁt

1890 2745 2028 2802 intra
2054 2751 2294 2798 sanctam
2337 2743 2630 2797 Ecclesium
2665 2757 2679 2796 :
2713 2743 2784 2795 ita
2833 2741 3113 2806 duntaxat,
3145 2750 3204 2795 ut
3233 2743 3341 2796 Deo
3377 2743 3472 2812 qui

1891 2837 2145 2890 remissor
2162 2845 2244 2889 est
2259 2843 2630 2904 peccatorum,
2651 2841 2868 2904 peccata
2893 2841 3077 2886 nostra
3100 2831 3472 2896 conﬁteantur.

1888 2935 1944 2979 et
1975 2926 2075 2980 hoc
2099 2925 2459 2998 perlectoruni
2487 2931 2590 2986 est,
2625 2931 2684 2976 ut
2709 2938 2833 2977 cum
2863 2921 3030 2976 David
3055 2922 3299 2976 dicamus
3330 2939 3343 2974 :
3372 2920 3476 2987 De-

1889 3017 2067 3070 lictum
2112 3031 2280 3068 meum
2312 3014 2573 3083 cognitum
2604 3012 2696 3065 tibi
2745 3011 2844 3081 feci
2872 3020 2920 3064 et
2968 3010 3282 3080 injustitiam
3307 3025 3476 3063 meam

1890 3124 1994 3160 non
2022 3105 2287 3161 abscondi.
2315 3104 2440 3158 Dixi
2466 3117 2482 3154 :
2515 3101 2782 3171 Conﬁteor
2821 3101 3096 3156 adversum
3137 3117 3219 3154 me
3265 3097 3480 3170 injusti-

1891 3199 2016 3250 tiam
2068 3213 2258 3261 meam,
2291 3206 2338 3248 et
2381 3205 2437 3246 tu
2471 3193 2716 3249 remisisti
2757 3193 3073 3262 impietatem
3115 3189 3312 3261 peccati
3352 3193 3474 3246 mei.

1893 3285 1997 3340 Sed
2027 3294 2206 3339 tamen
2251 3284 2488 3354 Apostoli
2536 3283 2807 3338 institutio
2855 3282 3012 3336 nobis
3052 3282 3323 3350 sequenda
3368 3289 3473 3345 est,

1890 3384 1949 3430 ut
1970 3375 2319 3430 conﬁteamur
2343 3375 2660 3430 alterutrum
2690 3380 2909 3444 peccata
2937 3380 3140 3436 nostra,
3168 3379 3224 3426 et
3247 3386 3468 3426 oremus

1872 3489 1989 3543 pro
2019 3473 2268 3535 invicem,
2297 3479 2356 3525 ut
2385 3471 2672 3525 salvemur.
2702 3467 2979 3524 Confessio
3007 3468 3186 3537 itaque
3214 3479 3333 3534 qua:
3371 3465 3475 3521 soli

1891 3563 2006 3617 Deo
2033 3563 2109 3628 ﬁt,
2143 3562 2285 3632 quod
2307 3558 2678 3628 estjustorum
2701 3567 2892 3628 purgat
2918 3567 3140 3628 peccata
3169 3569 3216 3612 ο.
3244 3557 3318 3613 Ea
3346 3571 3477 3614 vero

1893 3671 2014 3727 qua:
2041 3653 2308 3710 sacerdoti
2349 3655 2424 3716 lit,
2454 3652 2610 3706 docet
2640 3650 2873 3720 qualiter
2901 3649 3013 3720 ipsa
3037 3657 3337 3720 purgantur
3358 3664 3478 3719 pec-

1893 3753 2034 3798 cata.
2068 3743 2208 3797 Deus
2238 3757 2470 3812 namque
2517 3740 2706 3796 salutis
2759 3747 2814 3796 et
2855 3738 3156 3795 sanctitatis
3191 3748 3381 3794 auctor
3422 3749 3480 3795 et

1894 3833 2120 3903 largitor
2140 3831 2457 3902 plerumque
2482 3831 2622 3886 banc
2645 3830 2850 3900 praebet
2871 3845 2982 3884 sua:
3007 3829 3340 3899 poenitentia:
3364 3843 3479 3884 me-

1894 3923 2128 3977 dicinam
2160 3923 2410 3977 invisibili
2438 3921 2936 3983 administratione,
2959 3919 3274 3990 plerumque
3311 3921 3480 3976 medi-

1895 4029 2082 4070 corum
2105 4014 2418 4084 operatione
2442 4013 2490 4067 ἀ.

1896 4147 2236 4203 Cabilonensi
2267 4165 2327 4213 n,
2358 4163 2479 4203 can.
2512 4149 2600 4205 '55.
2636 4148 2892 4216 Quaanam
2939 4164 3068 4204 vero
3113 4147 3275 4203 fuerit
3317 4147 3480 4203 disci-

1897 4219 2043 4292 plina
2081 4220 2136 4292 in
2161 4219 2389 4292 ecclesia
2433 4219 2698 4292 Theodori
2745 4220 2890 4292 satis
2905 4235 3171 4292 superque
3202 4217 3482 4292 declarant

1901 4287 2015 4343 lucc
2045 4289 2228 4342 ultima
2267 4291 2430 4344 verba
2480 4289 2676 4344 veteris
2723 4289 2924 4344 codicis
2955 4287 3019 4343 de
3066 4287 3427 4342 Pwnitentiali
3458 4303 3474 4340 :

1901 4357 2278 4429 Reconciliatio
2315 4358 2428 4412 ideo
2471 4360 2528 4413 in
2573 4360 2670 4412 hac
2709 4359 2971 4429 provincia
3015 4374 3117 4429 non
3153 4367 3246 4429 est,
3273 4357 3396 4426 quia
3425 4365 3479 4429 et

1900 4428 2106 4518 publica
2125 4428 2444 4518 ipa'nitenti‘a
2482 4445 2586 4518 non
2614 4425 2718 4518 eiul
2741 4429 2900 4518 Unde
2918 4425 3478 4518 licet~

1903 4497 2240 4553 Sentiendum
2273 4499 2342 4552 sit
2387 4498 2454 4554 de
2498 4499 2738 4568 pluribus
2763 4497 3009 4568 capitulis
3039 4513 3158 4568 qua:
3197 4497 3479 4552 Theodoro

1904 4569 2233 4622 tribuuntur.
2272 4568 2545 4624 Counscr.
2573 4569 2747 4622 Guar.

206 4636 605 4706 capitularibus
639 4631 862 4710 adjecds
909 4657 1030 4695 can.
1078 4639 1146 4694 58
1195 4631 1269 4693 ita
1308 4631 1469 4692 etiam
1503 4654 1532 4692 a
1571 4638 1799 4692 concilio
1829 4631 1876 4690 D
1973 4637 1997 4676 ά
2038 4638 2246 4693 Caetera
2271 4654 2431 4708 supra
2460 4639 2626 4693 relata
2651 4646 2794 4694 sunt.

703 4905 1198 4968 FRAGMENTA
1256 4905 1367 4966 EX
1413 4903 1872 4977 QUIBUSDAM
1925 4905 2342 4968 CODICIBUS
2389 4906 2986 4968 MANUSCRIPTIS.

209 5234 294 5290 Ex
341 5231 710 5290 Ptenitentiali
768 5228 1011 5300 magistri
1066 5225 1428 5281 Bartbolomei
1479 5222 1800 5300 Oxoniensis

289 5305 556 5385 episcopi,
601 5303 751 5370 cujus
786 5293 1150 5385 apiigrapbum
1197 5313 1404 5385 meeum
1437 5293 1802 5385 cotnintu'iica-

291 5363 369 5428 vit
401 5363 1176 5427 D.'Tonclerius'bibliotbecze
1208 5366 1266 5422 ὃ.
1296 5365 1530 5422 Victoris
1559 5363 1803 5419 modera-

291 5455 380 5501 tor
409 5445 870 5514 vigilantissimus.

397 5535 476 5590 De
506 5534 728 5603 inﬁrmis
757 5534 810 5586 in
846 5529 1084 5603 periculo
1104 5527 1293 5603 mortis
1313 5523 1625 5603 constitutis.

602 5605 700 5676 (Ex
729 5597 1088 5657 Pmnitentiali
1113 5597 1450 5667 Theodori.)-

290 5697 424 5752 Csr.
456 5712 640 5750 xum.
675 5694 757 5749 Ab
785 5693 1012 5748 inﬁrmis
1041 5690 1091 5744 in
1122 5686 1359 5760 periculo
1401 5684 1590 5739 mortis
1614 5682 1802 5755 positis

218 5807 316 5861 per
343 5791 690 5863 presbyteros
714 5805 849 5860 pura
869 5783 1188 5856 inquirenda
1214 5789 1295 5838 est
1316 5785 1658 5849 peccatorum
1682 5792 1802 5842 con-

1906 5135 2090 5194 fessio.
2131 5152 2241 5191 non
2299 5144 2473 5190 tamen
2511 5132 2832 5204 imponenda
2879 5141 2960 5186 cst
3007 5132 3111 5186 illis
3148 5131 3479 5200 pmnitentize

1903 5226 2197 5297 quantitas,
2223 5227 2314 5280 sed
2355 5223 2758 5287 innotescenda,
2783 5229 2839 5276 et
2875 5237 2996 5277 cum
3031 5221 3326 5275 amicorum
3359 5235 3482 5276 ora-

1904 5318 2141 5372 tionibus
2161 5325 2214 5371 et
2239 5317 2700 5384 eleemnsynarum
2729 5313 2922 5368 studiis
2954 5313 3164 5382 pondus
3197 5313 3484 5366 sublevan-

1903 5407 2053 5470 dum,
2081 5407 2126 5460 si
2164 5406 2302 5459 forte
2330 5405 2702 5475 migraverint,
2737 5419 2804 5459 ne
2829 5402 3047 5473 obligati
3080 5417 3110 5457 a
3139 5401 3477 5458 communio-

1905 5513 1972 5550 ne
2001 5495 2160 5550 alieni
2189 5495 2268 5548 vel
2299 5495 2568 5550 consort—io
2595 5493 2764 5548 venim
2789 5493 2938 5548 ﬁant.
2965 5493 3010 5546 Λ
3039 5509 3146 5561 quo
3174 5491 3412 5561 periculo
3432 5489 3482 5546 si

1904 5588 2159 5643 divinitus
2195 5587 2363 5655 erepti
2403 5585 2792 5649 convaluerint,
2835 5583 3164 5654 paenitentia:
3203 5583 3418 5636 modum
3450 5597 3480 5637 a

1907 5694 2004 5733 suo
2046 5675 2351 5730 confessore
2391 5673 2698 5744 impositum
2746 5673 3030 5743 diligenter
3064 5672 3369 5726 observent.
3417 5669 3486 5724 Et

1908 5768 2027 5824 ideo
2071 5765 2359 5821 secundum
2406 5763 2715 5819 canonicam
2747 5762 3139 5821 auctoritatem,
3174 5774 3238 5816 ne
3270 5758 3374 5816 illis
3397 5756 3486 5828 ja.
