4020 6360
244 317 352 382 981

905 315 1441 380 POENITENTIALE
1479 323 1852 392 COLLATUM
1891 323 2034 379 CUM
2071 323 2248 380 ALIIS
2281 325 2434 381 CAP.
2474 326 2562 382 ET
2601 326 2756 384 CAN.

3371 357 3374 360 η
3386 330 3492 386 382

322 449 529 508 χιιιηᾷ
545 433 618 487 De
639 433 1343 508 commun_ione_Juda-orum
1373 435 1451 488 vel
1486 435 1781 508 gentilium.
1847 440 1894 498 Α
1996 453 2138 492 inv.
2182 435 2248 508 Si
2265 438 2548 507 episcopus
2569 453 2598 491 a
2626 436 3036 508 metropolitano
3064 436 3366 508 admonitus
3391 454 3494 508 pro

319 507 466 558 xLix.
494 502 572 557 De
599 502 929 576 presbyteris
952 503 1041 571 qui
1072 505 1424 576 morientibus
1451 502 1821 576 pmnitentiam

245 570 620 644 denegant,et
651 570 1015 644 quiinﬁrmos
1040 590 1144 626 non
1172 570 1465 643 baptizant:

319 660 370 698 ι..
395 642 558 710 Quod
586 642 761 697 Graeci
789 643 1014 709 singulis
1037 642 1327 698 Dominicis
1351 645 1765 700 communicent.

318 729 391 768 ιι.
419 715 495 767 De
520 713 1032 767 commemoratione
1053 713 1448 778 defunctorum,
1467 716 1548 770 vel
1566 716 1631 768 de
1658 715 1821 770 missa

241 800 346 856 pro
372 783 469 837 eis.
495 783 564 856 _Et
596 799 693 856 cur
723 782 936 856 tertius,
965 783 1246 852 septimus,
1280 785 1365 840 vel
1391 786 1696 856 trigesimus
1727 801 1818 838 an-

240 853 576 908 niversarios
602 853 716 907 dies
742 853 1064 907 celebretur.

315 939 408 978 LII.
445 922 520 976 De
548 923 651 976 ritu
682 922 966 976 mulierum
991 923 1044 976 in
1067 923 1312 977 ecclesia.

313 1008 427 1062 uti.
468 993 543 1045 De
569 991 796 1045 ecclesia
837 992 889 1045 in
937 1008 1042 1062 qua
1068 1002 1412 1062 mortuorum
1456 995 1717 1049 cadavera
1756 992 1818 1047 II-

235 1061 439 1116 delium
467 1063 578 1116 sive
609 1062 901 1132 inﬁdelium
936 1061 1284 1132 sepeliuntur.

311 1147 418 1185 LIV.
453 1132 528 1186 De
551 1131 788 1202 reliquiis
815 1131 1147 1195 sanctorum,
1190 1133 1273 1188 vel
1312 1133 1416 1186 ritu
1452 1133 1814 1198 sacerdotum,

233 1210 294 1255 et
325 1203 706 1272 diaconorum,
741 1202 1106 1272 laicorumque
1135 1203 1186 1256 in
1215 1202 1460 1257 ecclesia.

307 1287 395 1326 ιν.
429 1271 580 1338 Quod
604 1271 731 1325 nulli
760 1271 828 1325 sit
850 1271 1036 1325 ultima
1059 1273 1371 1340 poenitentia
1402 1274 1734 1340 deneganda.

305 1355 415 1396 Lvi.
457 1342 532 1396 De
570 1342 654 1396 his
696 1343 787 1410 qui
836 1342 1190 1397 morientibus
1231 1343 1600 1413 pmnitentiam
1648 1343 1816 1400 dene-

230 1418 389 1480 gent.

305 1497 440 1535 Lvtl.
467 1481 542 1534 De
563 1481 1000 1549 pmnitentiarum
1021 1482 1352 1538 diversitate.

305 1566 462 1604 mu.
492 1551 568 1605 De
595 1551 1052 1606 reconciliatione.
1083 1553 1212 1606 ltcm
1243 1553 1308 1608 de
1345 1553 1532 1608 eadem
1570 1568 1648 1608 re.

301 1636 415 1674 ιιι.
460 1621 533 1675 De
560 1621 777 1676 clericis
814 1622 926 1677 sive
965 1622 1031 1675 de
1066 1623 1448 1677 ecclesiasticis
1477 1624 1774 1678 ordinibus.

298 1704 391 1743 ιι.
419 1690 495 1743 De
521 1691 832 1747 diversitate
854 1691 1122 1746 ordinum.

297 1776 413 1814 ιιι.
444 1761 519 1815 De
544 1761 806 1816 electione
831 1761 1245 1817 sacerdotalium
1271 1762 1541 1816 ordinum.

295 1845 436 1883 uti.
465 1831 598 1902 Item
623 1831 690 1885 de
720 1832 1000 1887 electione.
1025 1832 1316 1902 Gregorius
1342 1833 1489 1887 dicit.

298 1913 459 1953 unt.
491 1899 622 1955 Item
673 1916 906 1958 canones
952 1899 1262 1960 sanctorum
1294 1903 1360 1958 de
1395 1903 1658 1959 electione
1691 1903 1808 1974 epi-

223 1983 542 2038 scoporum.

1923 508 2146 578 synodo,
2173 507 2255 561 vel
2279 506 2615 578 ordinatione
2656 507 2944 578 episcopali
2979 508 3162 562 venire
3197 506 3489 568 distulerit.

1972 594 1998 631 x
2023 578 2250 632 concilio
2268 577 2583 646 Agathensi.

1991 663 2112 702 va.
2145 648 2220 702 De
2249 648 2587 702 ordinatione
2613 647 3025 716 archiepiscOpi.

1989 733 2134 772 uvr.
2166 718 2242 790 De
2269 716 2531 772 electione
2557 717 2897 790 indignorum
2933 732 3105 790 canon
3151 725 3484 790 sanctorum.

1989 803 2153 841 vau.
2200 787 2330 841 Itcm
2377 800 2444 840 ex
2483 785 2710 842 concilio
2757 786 3178 841 Chalcedonensi
3225 785 3378 841 titulo
3404 785 3491 842 se-

1919 855 2112 920 eundo,
2161 857 2313 929 quod
2355 871 2462 911 non
2503 857 2730 912 debeant
2761 855 2936 912 cilicia
2989 857 3354 913 ecclesiastica
3390 873 3490 929 per

1916 928 2172 998 pecunias
2200 927 2461 998 ordinari.
2485 996 2496 998 A
2785 995 2798 998 _
3367 941 3370 946 ‘

1986 1011 2173 1060 vam.
2208 998 2338 1051 Item
2364 997 2428 1050 de
2452 996 2646 1066 elapsis
2671 995 2954 1067 graduum.

1985 1084 2131 1123 uix.
2163 1068 2236 1121 De
2265 1065 2694 1120 accusationibus
2729 1074 2785 1120 et
2811 1065 3265 1122 excusationibus.

1987 1153 2110 1192 va.
2140 1136 2433 1207 Gregorius
2472 1135 2665 1192 Joanni
2696 1135 2968 1207 defensori
3000 1137 3236 1207 qualiter
3270 1134 3338 1207 de
3376 1134 3494 1207 epi-

1916 1223 2078 1277 scopo
2111 1206 2367 1263 Januario
2410 1205 2804 1277 observandum
2842 1207 2951 1273 sit,
2999 1205 3112 1262 sive
3141 1206 3208 1261 de
3231 1206 3352 1262 aliis
3373 1205 3491 1275 epi-

1913 1276 2092 1346 scopis
2118 1278 2315 1346 injuste
2341 1276 2730 1330 condemnatis.

1982 1363 2127 1405 Lxxt.
2161 1346 2235 1401 De
2257 1347 2580 1417 iuramentis
2609 1346 2999 1416 episcoporum.

1983 1433 2150 1474 Lxxu.
2181 1417 2256 1472 De.
2284 1417 2567 1471 vexatione
2593 1417 2986 1484 episcoporum.

1965 1500 2173 1544 'Lxxm.
2205 1488 2280 1541 De
2301 1497 2516 1556 pastore
2545 1495 2598 1540 et
2618 1485 2990 1554 praedicatore.

1982 1574 2164 1614 ωηεν.
2198 1557 2370 1612 Verba
2402 1555 2696 1610 Ezechielis
2722 1556 3015 1626 prophetia.

1943 1688 1949 1696 ,
1981 1643 2138 1684 uxv.
2177 1627 2306 1682 Item
2337 1627 2402 1681 de
2427 1635 2664 1696 pastore.

1982 1713 2164 1754 uim.
2198 1699 2273 1751 De
2301 1694 2570 1766 episcopis
2593 1703 2648 1749 et
2673 1694 3022 1766 presbyteris.

1846 1783 1890 1844 Β
1986 1782 2189 1824 uxvn.
2221 1768 2297 1844 De
2327 1765 2931 1844 quotidianus-operibus
2959 1765 3352 1844 episcoporum.

1951 1853 2213 1920 ⁶ιιιίιινιιι.
2269 1831 2600 1908 Augustinus
2651 1831 3056 1890 Aurelianensis
3101 1831 3384 1904 episcopus
3403 1831 3485 1887 di-

1915 1918 2009 1964 cit.

1473 2199 1868 2260 CAPITULA
1910 2196 2275 2270 QUIEDAM

221 2343 296 2411 Δ.
347 2343 425 2409 R.
464 2363 534 2404 ac
566 2342 927 2404 doctissimo
969 2343 1043 2404 υ.
1090 2342 1264 2402 Luca
1321 2339 1626 2400 Dachcrio
1663 2336 1810 2398 cditc

1926 2337 2086 2398 aicil.
2149 2345 2316 2398 τοιηο
2360 2337 2460 2398 IX
2484 2383 2499 2412 ,
2535 2357 2672 2398 cum
2709 2337 3137 2400 Pa’m'tentialt'
3174 2338 3486 2400 Theodori

1521 2417 1755 2479 collata
1790 2423 1844 2475 et
1883 2415 2220 2478 emendata.

1654 2566 2032 2587 ~—

293 2661 365 2720 ιιι
393 2660 638 2733 capitulis
681 2658 938 2714 Theodori
984 2657 1174 2728 tegitur
1200 2673 1316 2727 cap.
1359 2671 1478 2710 vni.
1530 2654 1804 2708 Laborant

229 2761 452 2824 excepto
475 2749 758 2806 Dominico
784 2748 891 2803 die.
923 2745 984 2800 In
1014 2744 1370 2800 Paenizentiali
1397 2759 1415 2796 :
1448 2743 1515 2798 Et
1558 2743 1807 2798 laborant

232 2844 344 2900 sive
370 2842 648 2898 Dominico
672 2840 777 2894 die.
819 2837 947 2892 Vide
983 2847 1152 2890 notas.

299 2932 367 2986 In
394 2949 508 3001 cap.
540 2947 663 2986 xm.
691 2929 748 2984 In
775 2927 934 2982 tertia
963 2926 1340 2997 provicinitate
1370 2925 1662 2996 provincia:
1683 2940 1804 2979 car—

227 3024 312 3077 nis
342 3064 358 3088 ,
407 3021 698 3076 secundum
731 3019 950 3075 Graecos
997 3019 1124 3072 licet
1162 3017 1386 3072 nubere.
1429 3015 1498 3070 In
1531 3013 1715 3068 Paruit.
1747 3014 1804 3068 In

220 3117 382 3171 tertia
425 3113 828 3184 propinquitate
865 3111 1064 3167 carnis.

286 3203 357 3260 In
403 3205 582 3259 eodem
627 3201 858 3274 capitulo
889 3216 906 3254 :
935 3201 991 3256 In
1022 3201 1178 3256 tertia
1221 3201 1496 3272 provincia
1529 3214 1634 3254 non
1680 3199 1808 3254 licet

215 3299 449 3354 uxorem
476 3296 698 3351 alterius
726 3308 848 3366 post
878 3296 1084 3350 obitum
1108 3294 1470 3365 ejushabere.
1509 3293 1576 3346 In
1603 3291 1795 3345 Pwnit.

214 3389 270 3446 In
302 3388 474 3444 tertia
503 3396 682 3442 tamen
715 3387 1119 3457 propinquitate
1143 3401 1249 3440 non
1276 3384 1420 3439 licet.

280 3479 354 3534 In
397 3495 518 3550 cap.
550 3495 665 3533 nx.
695 3478 763 3532 Et
788 3477 1106 3548 propinquis
1148 3477 1266 3547 ejus
1306 3483 1520 3546 Oportet
1557 3473 1806 3545 jejunare

213 3570 416 3640 quinta
444 3568 550 3624 die.
584 3567 652 3621 In
681 3567 871 3622 Posuit.
897 3569 964 3622 Et
990 3568 1322 3638 propinquos
1351 3565 1469 3636 ejus
1494 3575 1707 3636 oportet
1725 3566 1807 3637 je-

211 3659 416 3728 iunare
444 3667 650 3729 septem
677 3659 884 3714 diebus.

283 3748 358 3803 In
389 3765 512 3818 cap.
541 3763 702 3802 xxiii.
732 3747 995 3802 Similiter
1019 3753 1073 3802 et
1101 3761 1321 3816 pecora,
1355 3747 1401 3802 si
1423 3762 1645 3803 necesse
1674 3755 1757 3803 est
1789 3787 1807 3812 ,

211 3855 312 3910 pro
366 3852 441 3892 eo
485 3837 701 3907 mquali.
751 3837 818 3891 In
854 3837 1044 3892 Paruit.
1087 3838 1350 3892 Similiter
1377 3852 1573 3908 pecora
1613 3837 1808 3908 aequali

211 3927 404 4000 pretio
428 3935 656 3997 possunt
685 3928 882 3982 mutari
907 3968 920 3991 ,
955 3928 1002 3983 si
1032 3942 1252 3983 necesse
1273 3927 1364 3982 sit.

283 4015 356 4073 In
387 4033 509 4086 cap.
553 4032 680 4071 xxv.
711 4017 770 4072 In
799 4016 966 4073 C(Blla
1000 4031 1130 4073 vero
1169 4016 1382 4072 Domini
1419 4017 1724 4073 incenditur
1751 4017 1807 4072 in

212 4105 417 4163 Natale
457 4117 770 4166 sanctorum
821 4125 920 4181 pro
976 4110 1282 4166 reverentia
1317 4110 1443 4166 diei.
1494 4110 1564 4165 In
1613 4111 1803 4166 Pamit.

211 4196 512 4254 [nmmum
557 4198 769 4254 Domini
809 4200 1129 4256 incendatur
1170 4200 1227 4255 in
1265 4200 1444 4256 Natali
1494 4211 1807 4258 sanctorum

215 4307 315 4364 pro
342 4295 655 4349 reverentia
683 4295 810 4350 diei.

284 4384 358 4440 In
387 4401 506 4455 cap.
535 4401 686 4440 xxix.
713 4385 771 4440 In
810 4387 900 4441 illa
929 4387 1016 4442 die
1045 4394 1171 4442 ante
1203 4387 1392 4442 Natale
1416 4387 1650 4452 Domini,
1673 4397 1803 4454 etc.,
1831 4413 1882 4474 ι)

211 4475 559 4532 manducent
611 4477 878 4544 Romani;
930 4477 1104 4534 Graeci
1150 4479 1296 4534 dicto
1339 4493 1560 4549 vespere
1585 4479 1807 4533 missam

210 4573 466 4620 cantant.
491 4564 558 4619 In
581 4565 770 4622 Posuit.
806 4566 1130 4625 Manducant
1156 4569 1422 4636 Romani;
1461 4569 1636 4625 (ἓνωοὶ
1677 4583 1807 4624 vero

212 4656 364 4710 dicta
392 4671 623 4726 vespere
650 4659 815 4713 missa
843 4669 1080 4715 ctenant.

286 4747 363 4802 In
405 4764 520 4818 cap.
553 4764 686 4805 xui.
733 4749 959 4807 Clericis
999 4752 1307 4809 nullatenus
1350 4767 1591 4824 pugnare
1636 4753 1805 4817 licet,

220 4837 331 4892 nisi
373 4838 435 4890 in
485 4831 827 4895 multitudine
877 4851 973 4896 aut
1017 4843 1242 4898 consilio
1269 4857 1550 4898 servorum
1577 4843 1695 4898 Dei.
1739 4841 1806 4898 lu

215 4924 429 4982 Ρωτιὶι.
490 4928 780 4986 Multorum
815 4932 942 4988 licet
979 4933 1052 4989 sit
1087 4935 1314 4990 consilio
1351 4949 1634 4991 servorum
1687 4935 1804 4991 Dei.

221 5014 361 5071 Vide
395 5026 568 5072 notas.

288 5105 360 5161 In
421 5123 538 5177 cap.
591 5125 735 5165 χιγι.
789 5109 900 5166 Nec
936 5113 1220 5184 episcopus
1260 5114 1420 5170 debet
1457 5113 1719 5171 violenter
1754 5115 1810 5170 in

217 5195 366 5253 Ioco.
405 5196 473 5252 In
505 5199 696 5256 Paruit.
733 5202 843 5259 Nec
865 5205 1153 5276 cpiscopus
1188 5205 1349 5262 debet
1373 5204 1638 5263 violenter
1682 5205 1812 5260 reti-

213 5301 360 5348 nere
393 5289 644 5350 abbatem
674 5295 727 5351 in
756 5296 872 5353 loco
902 5313 1019 5354 suo.

1833 3066 1881 3130 C

1978 2653 2045 2708 1η
2073 2672 2186 2726 cap.
2226 2671 2411 2710 ιιιιίιι.
2436 2657 2502 2712 Et
2525 2659 2758 2712 dimittat
2784 2657 2837 2710 in
2860 2658 3038 2727 priore
3075 2658 3193 2713 loco
3207 2646 3488 2732 presbyte-

1907 2759 2046 2798 rum.
2072 2743 2140 2797 In
2163 2741 2355 2799 Paruit.
2381 2746 2448 2799 Et
2472 2746 2709 2800 dimittat
2731 2746 2783 2799 in
2810 2747 3042 2815 priorem
3068 2746 3264 2801 locum.

1980 2835 2046 2890 In
2080 2853 2194 2906 cap.
2230 2853 2410 2892 Lxxn'.
2448 2837 2505 2892 Si
2550 2846 2921 2907 praegnantem
2960 2837 3243 2892 mulierem
3268 2853 3486 2910 compa-

1909 2936 1994 2981 rat
2031 2928 2228 2998 aliquis
2256 2929 2411 2998 prius
2451 2929 2675 2984 liberam
2700 2971 2713 2994 ,
2761 2929 2900 2984 liber
2923 2937 3045 2993 est;
3085 2929 3174 2998 qui
3202 2939 3489 3000 generatus

1908 3026 2012 3083 est,
2043 3034 2250 3073 servus.
2279 3019 2346 3074 In
2374 3018 2564 3073 Pamit.
2594 3019 2650 3074 Si
2671 3029 3034 3091 przegnantem
3061 3021 3341 3074 mulierem
3364 3013 3488 3090 quis

1911 3120 2209 3179 comparat,
2237 3111 2376 3166 liber
2397 3121 2566 3167 estex
2591 3127 2654 3165 ea
2679 3120 2986 3180 generatus.
3023 3110 3154 3165 Vide
3191 3121 3360 3170 notas.
3443 3175 3446 3179 ι

1976 3201 2045 3255 In
2074 3219 2189 3272 cap.
2228 3219 2408 3273 Lxxvt.
2454 3203 2550 3259 Ille
2589 3203 2924 3268 infirmatus,
2959 3203 3004 3258 si
3033 3202 3122 3257 illa
3154 3202 3426 3258 inﬁrmata
3464 3243 3481 3267 ,

1907 3291 2127 3346 omnino
2164 3307 2429 3348 consensu
2471 3294 2753 3348 amborum
2795 3302 3133 3363 separentur.
3185 3292 3251 3345 In
3293 3291 3486 3347 l’aenit.

1909 3386 2005 3441 Vel
2037 3386 2126 3442 ille
2160 3387 2460 3442 inﬁrmatus
2483 3427 2498 3451 ,
2535 3402 2630 3442 seu
2671 3386 2761 3441 illa
2807 3386 3077 3440 inﬁrmata
3101 3425 3116 3450 ,
3142 3393 3323 3440 tamen
3367 3385 3474 3440 nisi

1908 3492 2031 3531 cum
2060 3492 2327 3532 consensu
2368 3479 2650 3533 amborum
2694 3491 2803 3531 non
2844 3485 3185 3546 separentur.

1976 3568 2046 3622 In
2099 3585 2214 3637 cap.
2264 3584 2484 3622 Lxxxtx.
2538 3567 2835 3637 Episcopus
2880 3574 2936 3622 et
2995 3567 3162 3621 abbas
3213 3565 3486 3638 hominem

1908 3659 2230 3715 sceleratum
2257 3673 2473 3714 servum
2494 3665 2721 3728 possunt
2742 3657 2958 3712 habere.
2990 3655 3060 3710 In
3086 3654 3277 3710 Paruit.
3302 3655 3488 3710 Homi-

1907 3767 2029 3807 nem
2061 3750 2311 3807 scclerati
2341 3765 2555 3804 servum
2585 3756 2812 3820 possunt
2834 3749 3055 3803 habere.
3442 3741 3444 3744 ’

1977 3839 2044 3895 1η
2071 3858 2186 3912 cap.
2217 3856 2302 3895 xc.
2328 3839 2514 3911 Ibique
2535 3840 2728 3894 missas
2746 3854 2847 3910 pro
2866 3839 2945 3894 eis
2968 3839 3270 3905 celebrare;
3291 3837 3487 3895 deinde

1907 3947 2029 3988 cum
2059 3931 2371 3986 cantatione
2390 3931 2457 3985 ad
2484 3930 2807 4002 sepulturas.
2837 3930 2902 3983 In
2923 3927 3112 3985 Paruit.
3140 3930 3343 3986 Deinde
3361 3915 3490 3986 cum

1908 4022 2215 4079 conlatione
2243 4030 2460 4093 portare
2484 4023 2552 4076 ad
2577 4021 2903 4091 sepulturas.
3443 4023 3447 4028 “

1977 4113 2046 4168 In
2073 4131 2188 4184 cap.
2215 4129 2307 4168 cn.
2340 4114 2727 4184 Desponsatam
2753 4111 2986 4182 puellam
3018 4127 3123 4166 non
3151 4111 3276 4167 licet
3295 4127 3490 4182 paren-

1907 4204 2053 4261 tibus
2075 4205 2288 4260 tradere
2317 4205 2502 4270 alicui,
2532 4205 2636 4260 nisi
2667 4204 2754 4258 illa
2775 4204 2994 4258 omnino
3019 4205 3270 4269 resistat;
3306 4213 3488 4258 tamen

1907 4293 1976 4350 ad
2003 4295 2392 4349 monasterium
2426 4295 2571 4349 licet.
2605 4294 2673 4348 In
2699 4293 2889 4347 Paenit.
2918 4293 3156 4348 Puellam
3194 4287 3488 4362 desponsa-

1909 4395 2020 4442 tam
2039 4401 2147 4442 non
2172 4387 2297 4440 licet
2315 4387 2630 4456 parentibus
2651 4387 2778 4442 dare
2809 4385 2902 4440 alii
2932 4387 3047 4440 viro
3067 4425 3082 4450 ,
3111 4385 3214 4440 nisi
3239 4385 3328 4440 illa
3368 4401 3486 4440 om-

1907 4479 2038 4533 nino
2065 4478 2288 4533 resistat
2318 4491 2332 4531 :
2366 4485 2547 4534 tamen
2593 4478 2660 4532 ad
2691 4476 3079 4532 monasterium
3107 4475 3234 4531 licet
3275 4476 3356 4532 ire
3379 4517 3395 4544 ,
3435 4477 3483 4533 si

1907 4569 2156 4626 voluerit.

1979 4659 2048 4714 In
2077 4675 2194 4730 cap.
2224 4675 2310 4715 cx.
2345 4659 2447 4726 Qui
2474 4657 2820 4728 Evangelium
2862 4665 3070 4712 tantum
3098 4657 3250 4728 legit,
3277 4673 3486 4718 cunni

1909 4764 2072 4820 super
2094 4749 2379 4805 humerum
2400 4749 2568 4819 ponit,
2599 4764 2705 4802 non
2730 4748 2809 4802 sic
2831 4748 2884 4802 in
2909 4749 3122 4803 caeteris
3141 4747 3484 4804 lectionibus.

1908 4841 1976 4894 In
2011 4838 2205 4896 Pazm't.
2229 4841 2517 4911 Presbyter
2547 4841 2593 4896 si
2618 4840 2959 4910 responsoria
2989 4849 3171 4896 cantat
3197 4841 3252 4896 in
3277 4840 3442 4896 missa
3469 4880 3487 4906 .

1911 4947 2114 4987 cura
2151 4947 2305 4987 suam
2347 4946 2454 4986 non
2493 4931 2687 4998 tollat,
2719 4931 2814 4987 sed
2837 4932 3172 5003 evangelium
3195 4931 3380 5002 legens
3398 4946 3488 4987 su-

1911 5039 2010 5093 per
2033 5024 2286 5078 humeros
2307 5029 2488 5092 ponat.

1983 5113 2072 5168 Sic
2099 5112 2329 5182 capitula
2357 5128 2476 5183 quw
2502 5112 2588 5168 ria:
2614 5113 2832 5184 intelligi
2859 5122 3116 5184 poterant,
3142 5127 3236 5183 ope
3259 5120 3485 5166 ueterum

1910 5205 2148 5262 codicum
2175 5202 2365 5258 Posuit.
2396 5204 2470 5258 ita
2491 5205 2832 5259 cnwndantar
2861 5243 2876 5268 ,
2919 5214 2972 5258 ut
3011 5220 3074 5258 er
3103 5205 3180 5259 eis
3228 5218 3377 5260 uerus
3415 5213 3491 5259 πο

1911 5307 2086 5352 certus
2119 5311 2301 5352 sensus
2336 5310 2472 5351 nunc
2509 5293 2665 5365 facile
2694 5293 3130 5366 deprehendatur.
