4020 6360
241 334 353 399 931

907 335 1442 396 ΡαςΝιτΕΝτιΑιε
1479 341 1807 399 COLLATU.

1930 342 2035 398 LUM
2073 342 2248 399 ALIIS
2281 343 2435 400 CAP.
2475 345 2563 400 ET
2602 345 2756 402 CAN.

3387 348 3492 404 983

321 467 530 526 xum;
547 451 620 505 De
640 451 1344 526 communionejudmontm
1374 453 1453 506 vel
1487 453 1782 526 gentilium.
1847 458 1894 517 Α
1996 471 2139 510 thv.
2183 454 2548 526 Siepiscopus
2570 471 2599 510 a
2627 455 3037 525 metropolitano
3064 455 3366 526 admonitus
3391 472 3494 526 pro

317 537 467 576 xux.
496 520 574 575 De
601 519 930 594 presbyteris
952 521 1042 588 qui
1073 523 1425 594 morientibus
1451 519 1822 594 pcnuitentiam

242 587 623 662 denegaut,_et
652 587 1017 662 quii‘inﬁrmos
1040 608 1144 644 non
1173 587 1466 661 baptizant:

317 677 370 715 ι.
396 660 560 727 ’ρυοά
588 660 762 715 Graici
790 661 1016 728 singulis
1039 660 1328 716 Dominicis
1352 663 1766 718 communicent.

317 747 392 785 ιι.
421 732 496 785 De
521 731 1032 785 commemoratione
1055 731 1449 797 defunctorum,
1468 734 1549 788 vel
1567 734 1632 786 de
1658 733 1821 789 missa

239 817 346 874 pro
373 801 470 854 eis.
496 799 566 874 _Et
597 817 694 874 cur
724 800 938 874 tertius,
966 801 1247 870 septimus,
1280 803 1365 858 vel
1391 804 1697 874 trigesimus
1727 819 1818 857 ana

239 871 578 925 niversarius
603 871 717 924 dies
743 871 1065 924 celebretur.

314 956 409 995 ut.
446 940 522 994 De
549 941 652 994 ritu
683 940 967 994 mulierum
992 941 1045 994 in
1067 941 1313 995 ecclesia.

311 1026 428 1080 LIII.
469 1011 544 1062 De
571 1009 796 1063 ecclesia
838 1010 890 1063 in
939 1027 1043 1080 qua
1069 1020 1414 1080 mortuorum
1456 1012 1718 1067 cadavera
1757 1011 1820 1065 ﬁ-

233 1079 441 1135 deIium
468 1080 579 1133 sive
610 1080 902 1133 inﬁdelium
937 1079 1285 1149 sepeliuntur.

309 1165 420 1203 ων.
453 1150 528 1204 De
551 1149 788 1220 reliquiis
815 1159 1148 1213 sanctorum,
1191 1151 1273 1205 vel
1313 1151 1417 1205 ritu
1453 1151 1815 1216 sacerdotum,

231 1227 291 1272 et
325 1219 698 1281 (liaconorum',
742 1219 1108 1289 Iaicorumque
1136 1222 1187 1274 in
1216 1220 1461 1275 ecclesia.

306 1305 396 1344 ιν.
429 1289 581 1355 Quod
604 1289 732 1343 nulli
761 1289 828 1343 sit
852 1289 1037 1343 uitium
1059 1291 1372 1358 pmuitentia
1403 1292 1734 1358 deneganda.

305 1373 416 1414 ιιί.
458 1359 532 1413 De
571 1360 655 1414 his
697 1361 788 1428 qui
837 1360 1190 1415 morientibus
1232 1361 1600 1431 pmuitentiatn
1649 1361 1817 1418 dene-

229 1435 390 1498 gent.

306 1514 440 1553 Lvn.
467 1498 543 1552 De
563 1499 1000 1568 pmnitentiarum
1023 1499 1353 1556 diversitate.

304 1584 463 1622 Lvm.
493 1568 568 1623 De
595 1569 1052 1623 reconciliatione.
1083 1571 1213 1624 Item
1243 1571 1309 1625 de
1346 1571 1532 1625 eadem
1571 1586 1649 1626 re.

302 1654 416 1692 LIX.
461 1639 534 1692 De
561 1639 778 1693 clericis
815 1639 927 1694 sive
965 1640 1032 1693 de
1066 1640 1449 1695 ecclesiasticis
1477 1642 1774 1696 ordinibus.

299 1721 392 1760 ιι.
421 1708 496 1761 De
521 1709 834 1764 diversitate
855 1709 1122 1763 ordinum.

298 1793 414 1831 LXI.
445 1779 519 1832 De
545 1779 807 1834 electione
832 1779 1246 1834 sacerdotalium
1272 1780 1541 1834 ordinum.

296 1863 437 1901 uti.
466 1848 599 1919 Item
623 1849 691 1903 de
721 1849 1000 1904 electione.
1025 1849 1316 1919 Gregorius
1342 1851 1489 1904 dicit.

300 1932 459 1970 Lxm.
493 1917 623 1972 Item
673 1934 907 1975 canones
953 1917 1263 1978 sanctorum
1294 1921 1360 1976 de
1395 1921 1659 1976 electione
1691 1920 1808 1992 epi-

221 2001 540 2056 scoporum.

1925 527 2146 596 synodo,
2174 525 2255 580 vel
2279 527 2616 596 ordinatione
2657 526 2945 596 episcopali
2979 526 3162 580 venire
3198 525 3489 586 distulerit.

1972 613 2000 650 x
2023 596 2251 650 concilio
2268 594 2583 664 Agatbensi.

1991 681 2113 720 va.
2146 667 2220 720 De
2249 666 2586 720 ordinatione
2613 665 3026 734 archiepiscopi.

1990 751 2134 790 vat.
2167 737 2243 808 D_e
2269 735 2532 790 electione
2557 736 2896 808 indignorum
2933 751 3105 808 canon
3152 743 3484 808 sanctorum.

1989 821 2154 859 vau.
2200 806 2331 859 Item
2378 819 2444 858 ex
2483 804 2710 860 concilio
2758 804 3178 860 Cbalcedonensi
3225 804 3378 859 titulo
3405 804 3490 861 se-

1918 874 2112 947 eundo,
2161 876 2313 947 quod
2355 890 2462 929 non
2504 875 2731 930 debeant
2762 874 2937 930 olﬁcia
2989 875 3354 931 ecclesiastica
3391 892 3490 947 per

1916 946 2172 1017 pecunias
2200 945 2461 1017 ordinari.

1986 1031 2173 1080 vatn.
2208 1017 2338 1070 Item
2364 1015 2428 1069 de
2453 1015 2647 1085 elapsis
2671 1015 2954 1085 graduum.

1985 1102 2131 1142 Lxlx.
2163 1086 2236 1140 De
2265 1083 2694 1138 accusationibus
2729 1093 2785 1138 et
2811 1083 3265 1140 excusationibus.

1987 1154 2433 1226 Lxx.VGrcgorius
2472 1153 2665 1210 Joanni
2696 1153 2970 1226 defensori
3001 1155 3236 1226 qualiter
3270 1153 3338 1226 de
3376 1153 3494 1226 epi-

1916 1241 2078 1295 scopo
2111 1225 2366 1281 Januario
2409 1224 2805 1280 observandum
2843 1226 2952 1291 sit,
2999 1225 3112 1280 sive
3142 1224 3208 1280 de
3231 1224 3352 1280 aliis
3373 1224 3491 1294 epi-

1914 1296 2092 1364 scopis
2118 1297 2315 1364 injuste
2341 1295 2730 1349 condemnatis.

1983 1381 2128 1424 Lxm.
2161 1365 2235 1420 De
2257 1366 2580 1435 juramentis
2609 1365 3000 1434 episcoporum.

1983 1451 2150 1492 utxu.
2181 1435 2256 1490 De.
2283 1436 2566 1489 vexatione
2592 1435 2987 1503 episcoporum.

1965 1517 2173 1562 ‘Lxxm.
2205 1507 2280 1559 De
2302 1515 2516 1574 pastore
2545 1513 2597 1559 et
2618 1505 2990 1572 prmdicatore.

1983 1592 2164 1632 LXXIV.
2181 1576 2370 1646 Net-ba
2401 1574 2696 1629 Ezechielis
2722 1575 3015 1646 prophetae.

1943 1707 1950 1714 η
1981 1661 2138 1702 uxv.
2177 1645 2306 1700 Item
2337 1645 2402 1699 de
2427 1654 2664 1714 pastore.

1982 1732 2164 1772 mm.
2197 1716 2273 1769 De
2301 1716 2569 1783 episcopis
2593 1722 2648 1768 et
2674 1713 3022 1784 presbyteris.

1846 1801 1891 1862 Β
1986 1801 2188 1842 Lxxvtt.
2221 1786 2298 1862 De
2328 1784 2931 1862 quotidianispperibus
2958 1784 3352 1862 episcoporum.

1951 1871 2214 1938 .LXXVIII.
2269 1850 2600 1926 Augustinus
2652 1850 3056 1909 Aurelianensis
3101 1850 3384 1923 episcopus
3403 1850 3485 1905 dl-

1915 1936 2009 1982 cit.

1473 2216 1707 2276 CAPIT
1713 2216 1868 2278 ULA
1910 2214 2275 2288 QUﬁiDAM

220 2360 300 2430 Δ.
348 2360 426 2427 R.
465 2380 536 2422 ac
566 2359 928 2422 doctissimo
969 2361 1043 2422 Β.
1091 2359 1265 2420 Luca
1322 2356 1627 2418 Dacherio
1664 2354 1807 2416 editi

1930 2355 2087 2416 aicil.
2149 2363 2316 2415 temo
2361 2355 2462 2415 IX
2485 2401 2500 2429 ,
2535 2375 2672 2416 cum
2708 2356 3136 2419 Pa'nitentialt'
3174 2356 3486 2418 Theodori

1521 2434 1754 2497 collata
1790 2440 1845 2493 cl
1883 2433 2220 2496 emendata.

1655 2583 2032 2605 _

295 2679 366 2737 ιιι
393 2678 638 2750 capitulis
681 2676 941 2732 Theodori
984 2675 1174 2745 legitur
1201 2690 1316 2744 cap.
1359 2689 1478 2728 vm.
1530 2672 1803 2726 Laborant

227 2779 452 2842 excepto
475 2766 758 2823 Dominico
783 2765 891 2820 die.
923 2763 985 2818 In
1015 2762 1370 2817 Paenitentiali
1398 2776 1416 2813 :
1448 2761 1514 2816 Et
1558 2760 1808 2815 laborant

231 2861 344 2917 sive
371 2860 649 2915 Dominico
673 2858 777 2912 die.
819 2855 948 2910 Vide
983 2864 1153 2908 notas.

299 2949 368 3005 In
394 2967 509 3018 cap.
540 2964 663 3002 xm.
692 2946 748 3001 In
775 2945 935 3000 tertia
963 2944 1340 3015 provicinitate
1371 2943 1662 3014 provincia:
1683 2957 1805 2997 car-

227 3042 315 3094 nis
344 3081 360 3106 ,
409 3039 699 3094 secundum
730 3037 950 3092 Grazcos
996 3036 1123 3090 licet
1162 3035 1386 3089 nubere.
1429 3033 1498 3088 In
1532 3031 1715 3087 Potuit.
1747 3032 1804 3086 In

219 3134 384 3189 tertia
425 3131 828 3202 propinquitate
865 3129 1064 3184 carnis.

291 3221 361 3277 In
405 3222 583 3276 eodem
627 3218 859 3290 capitqu
890 3234 907 3272 :
935 3219 991 3274 In
1023 3219 1179 3273 tertia
1221 3218 1497 3289 provincia
1529 3231 1635 3272 non
1681 3217 1809 3272 licet

215 3315 448 3372 uxorem
476 3314 698 3368 alterius
726 3325 848 3384 post
879 3313 1084 3368 obitum
1109 3312 1470 3382 ejushabere.
1510 3310 1576 3364 In
1603 3309 1796 3363 Paem't.

215 3407 276 3464 In
310 3405 473 3460 tertia
502 3414 682 3460 tamen
715 3404 1119 3474 propinquitate
1143 3419 1251 3458 non
1276 3402 1420 3456 licet.

289 3497 361 3550 In
400 3512 518 3566 cap.
550 3512 665 3550 xix.
696 3495 763 3549 Et
789 3495 1106 3565 propinquis
1147 3495 1266 3564 ejus
1307 3501 1521 3564 Oportet
1557 3491 1806 3562 jejunare

214 3587 416 3658 quinta
444 3586 550 3641 die.
584 3585 652 3640 In
681 3585 872 3639 Pamit.
897 3586 964 3639 Et
990 3585 1323 3656 propinquos
1351 3583 1469 3653 ejus
1494 3593 1707 3654 oportet
1725 3584 1807 3654 je-

211 3676 416 3746 junare
444 3684 651 3746 septem
678 3676 884 3732 diebus.

294 3765 366 3820 In
392 3782 512 3836 cap.
542 3781 702 3819 χχιιι.
732 3765 996 3820 Similiter
1019 3771 1073 3821 et
1101 3779 1321 3834 pecora,
1355 3765 1401 3820 si
1423 3779 1645 3820 necesse
1674 3773 1758 3820 est
1790 3805 1807 3830 ,

213 3871 325 3928 pro
372 3869 441 3910 eo
485 3854 701 3924 mquali.
751 3854 818 3908 In
855 3854 1045 3909 Paruit.
1087 3855 1350 3910 Similiter
1378 3869 1573 3925 pecora
1613 3855 1808 3926 aequali

213 3944 404 4018 pretio
429 3953 656 4014 possunt
685 3945 882 3999 mutari
907 3985 921 4009 ,
956 3946 1001 4000 si
1032 3960 1252 4000 necesse
1274 3945 1364 4000 sit.

297 4032 365 4090 In
391 4050 509 4104 cap.
553 4049 680 4088 xxv.
711 4034 770 4088 In
799 4034 966 4091 (Stena
1001 4050 1130 4091 vero
1169 4034 1382 4090 Domini
1418 4035 1724 4090 incenditur
1751 4035 1807 4090 in

214 4123 418 4181 Natale
457 4135 770 4183 sanctorum
822 4143 921 4198 pro
977 4128 1282 4184 reverentia
1317 4127 1444 4184 diei.
1493 4129 1564 4183 In
1613 4129 1804 4184 Paenit.

214 4213 512 4270 lncensum
558 4216 770 4272 Domini
810 4218 1129 4274 incendatur
1169 4218 1226 4274 in
1265 4217 1444 4274 Natali
1493 4228 1806 4275 sanctorum

219 4325 327 4382 pro
353 4312 656 4366 reverentia
683 4312 810 4368 diei.

1833 3083 1881 3148 C

1979 2671 2045 2726 In
2073 2690 2187 2744 cap.
2226 2689 2410 2729 arvm.
2437 2675 2504 2730 Et
2524 2677 2758 2731 dimittat
2784 2675 2837 2729 in
2860 2676 3038 2745 priore
3075 2676 3193 2731 loco
3207 2663 3488 2750 presbyte-

1907 2777 2046 2816 rum.
2073 2761 2140 2815 In
2164 2760 2354 2816 Paruit.
2381 2764 2448 2817 Et
2473 2764 2708 2818 dimittat
2731 2764 2783 2817 in
2810 2765 3042 2833 priorem
3067 2764 3264 2819 locum.

1980 2853 2046 2907 In
2081 2871 2195 2924 cap.
2230 2871 2410 2909 uxn'.
2448 2855 2504 2910 Si
2550 2864 2920 2925 praegnantem
2961 2855 3243 2910 mulierem
3268 2871 3486 2928 compa-

1909 2954 1995 2999 rat
2032 2945 2228 3016 aliquis
2257 2947 2410 3016 prius
2451 2947 2676 3002 liberam
2700 2989 2713 3011 ,
2761 2947 2900 3002 liber
2923 2955 3045 3012 est;
3085 2947 3175 3016 qui
3202 2957 3489 3018 generatus

1909 3044 2013 3100 est,
2044 3052 2250 3091 servus.
2280 3037 2347 3092 1η
2374 3035 2564 3091 Pamit.
2593 3038 2650 3092 Si
2671 3047 3034 3110 praegnantem
3062 3039 3341 3093 mulierem
3365 3033 3488 3108 quis

1911 3138 2209 3197 comparat,
2238 3129 2376 3185 liber
2397 3139 2480 3185 est
2500 3145 2566 3184 ex
2591 3145 2654 3184 ea
2679 3138 2985 3198 generatus.
3023 3128 3154 3183 Vide
3191 3139 3360 3186 notas.

1977 3219 2046 3273 In
2074 3237 2189 3290 cap.
2228 3237 2409 3290 Lxxvt.
2455 3221 2550 3277 Ille
2589 3221 2925 3286 inﬁrmatus,
2959 3222 3004 3276 si
3033 3220 3122 3276 illa
3154 3221 3426 3276 inﬁrmata
3464 3262 3481 3286 ,

1908 3309 2128 3364 omnino
2163 3325 2429 3366 consensu
2471 3312 2753 3366 amborum
2794 3321 3133 3381 separentur.
3184 3311 3251 3363 In
3294 3309 3486 3365 l’wnil.

1909 3404 2006 3459 Vel
2037 3405 2126 3459 ille
2159 3405 2460 3459 inﬁrmatus
2483 3445 2498 3470 ,
2535 3420 2629 3460 seu
2671 3404 2760 3458 illa
2807 3404 3077 3458 inﬁrmata
3101 3443 3117 3469 ,
3143 3413 3324 3458 tamen
3368 3404 3475 3458 nisi

1909 3510 2031 3550 cum
2060 3510 2327 3550 consensu
2369 3496 2650 3551 amborum
2694 3509 2802 3549 non
2845 3503 3185 3564 separentur.

1976 3586 2046 3640 In
2099 3603 2214 3655 cap.
2265 3601 2484 3640 Lxxxtx.
2538 3585 2835 3655 Episcopus
2880 3592 2936 3640 et
2995 3585 3162 3639 abbas
3213 3582 3487 3656 hominem

1908 3677 2230 3733 sceleratum
2257 3691 2472 3731 servum
2495 3683 2721 3746 possunt
2741 3675 2958 3730 habere.
2989 3673 3060 3729 In
3085 3672 3276 3728 Paenit.
3302 3673 3488 3729 Homi-

1907 3785 2029 3825 nem
2061 3768 2311 3824 scelerati
2341 3782 2554 3823 servum
2584 3774 2812 3838 possunt
2835 3767 3054 3821 habere.

1977 3857 2045 3913 In
2071 3876 2186 3930 cap.
2217 3874 2301 3913 xc.
2328 3857 2514 3928 Ibique
2534 3858 2728 3912 missas
2746 3872 2847 3926 pro
2866 3857 2944 3911 eis
2967 3856 3270 3923 celebrare;
3291 3855 3487 3913 deinde

1907 3965 2030 4006 cum
2059 3949 2372 4004 cantatione
2390 3949 2457 4003 ad
2483 3949 2806 4020 sepulturas.
2836 3948 2901 4002 In
2924 3945 3111 4003 Pwnit.
3140 3948 3343 4006 Deinde
3361 3935 3490 4004 cum

1909 4039 2215 4097 cantatione
2243 4048 2460 4112 portare
2483 4041 2550 4094 ad
2577 4038 2902 4109 sepulturas.
3443 4041 3446 4047 '

1977 4131 2046 4186 In
2073 4148 2188 4202 cap.
2215 4146 2307 4186 cn.
2340 4132 2727 4201 Desponsatam
2752 4130 2986 4200 puellam
3017 4145 3123 4184 non
3151 4129 3276 4185 licet
3295 4145 3490 4200 paren-

1908 4222 2053 4279 tibus
2075 4223 2288 4277 tradere
2317 4223 2502 4287 alicui,
2532 4223 2636 4278 nisi
2665 4223 2753 4277 illa
2775 4222 2993 4277 omnino
3017 4222 3270 4287 resistat;
3306 4231 3487 4276 tamen

1907 4311 1976 4368 ad
2003 4313 2392 4367 monasterium
2425 4313 2570 4367 licet.
2605 4312 2672 4366 In
2699 4311 2888 4366 Pwnit.
2917 4311 3154 4366 Puellam
3193 4305 3489 4380 desponsa-

251 4426 254 4427 ν
297 4400 366 4455 In
381 4419 506 4492 cap.
535 4419 686 4458 xxrx.
713 4403 772 4458 In
810 4404 900 4459 illa
929 4404 1016 4460 die
1046 4412 1171 4460 ante
1203 4404 1391 4460 Natale
1415 4405 1650 4470 Domini,
1673 4414 1804 4471 etc.,
1831 4431 1882 4492 ι)
1909 4413 2020 4460 tam
2039 4419 2146 4459 non
2171 4404 2297 4458 licet
2315 4405 2630 4474 parentibus
2650 4405 2778 4460 dare
2809 4404 2902 4458 alii
2931 4404 3046 4458 viro
3067 4443 3081 4468 ,
3111 4403 3214 4458 nisi
3239 4403 3328 4458 illa
3368 4419 3486 4459 om-

215 4491 559 4550 manducant
612 4494 879 4562 Romani;
931 4495 1104 4551 Graeci
1150 4497 1296 4553 dicto
1337 4511 1560 4567 vespere
1585 4497 1807 4551 missam
1836 4491 1843 4492 ί
1907 4496 2038 4550 nino
2065 4496 2288 4550 resistat
2317 4509 2332 4549 :
2366 4503 2547 4551 tamen
2593 4496 2660 4550 ad
2690 4494 3078 4550 monasterium
3107 4493 3235 4549 licet
3275 4494 3357 4550 ire
3380 4535 3395 4562 ,
3435 4495 3484 4552 si

215 4590 466 4637 cantant.
491 4582 559 4636 In
581 4583 770 4639 Paruit.
807 4584 1130 4643 Manducant
1156 4587 1422 4655 Romani;
1461 4587 1636 4643 Graeci
1676 4601 1806 4642 vero

217 4673 373 4728 dicta
397 4688 624 4744 vespere
650 4677 815 4730 missa
843 4686 1081 4732 cmnant.

299 4763 371 4817 In
405 4781 521 4835 cap.
552 4783 686 4822 xui.
733 4767 959 4824 Clericis
1000 4770 1307 4826 nullatenus
1350 4785 1590 4841 pugnare
1636 4771 1804 4835 licet,

226 4853 342 4908 nisi
380 4855 436 4908 in
485 4849 828 4913 multitudine
877 4869 974 4914 aut
1017 4861 1241 4916 consilio
1269 4875 1550 4916 servorum
1577 4861 1694 4916 Dei.
1738 4859 1807 4916 In

223 4941 429 4998 Pamit.
490 4945 780 5004 Multorum
815 4950 942 5006 licet
980 4951 1051 5006 sit
1087 4952 1314 5008 consilio
1351 4967 1634 5008 servorum
1686 4951 1804 5008 Dei.

229 5031 370 5086 Vide
396 5043 568 5089 notas.

299 5121 368 5177 In
422 5141 537 5196 cap.
591 5143 734 5183 var.
789 5128 900 5185 Nec
937 5130 1219 5202 episcopus
1259 5131 1419 5187 debet
1456 5129 1718 5189 violenter
1754 5132 1809 5187 in

225 5213 372 5270 loco.
404 5214 473 5270 In
505 5217 696 5274 Paznil.
732 5221 843 5276 Nec
865 5223 1152 5294 cpiscopus
1187 5221 1348 5280 debet
1372 5221 1638 5280 violenter
1682 5223 1812 5278 reti-

221 5319 366 5366 nere
393 5306 644 5368 abbatem
673 5313 726 5368 in
756 5314 873 5370 loco
902 5330 1018 5372 suo.

1906 4587 2156 4644 voluerit.

1979 4677 2047 4731 In
2076 4693 2193 4748 cap.
2223 4693 2310 4732 cx.
2345 4677 2447 4744 Qui
2473 4676 2820 4747 Evangelium
2862 4683 3070 4731 tantum
3099 4675 3250 4746 legit,
3277 4691 3486 4735 count

1909 4782 2072 4837 super
2094 4767 2378 4822 humerum
2401 4767 2568 4836 ponit,
2599 4783 2706 4821 non
2730 4766 2810 4820 sic
2831 4767 2885 4821 in
2909 4767 3121 4821 castoris
3141 4765 3484 4822 lectionibus.

1907 4859 1976 4912 In
2010 4855 2204 4914 Paenit.
2228 4859 2517 4928 Presbyter
2547 4859 2592 4914 si
2618 4859 2959 4928 responsoria
2988 4866 3170 4914 cantat
3197 4859 3252 4914 in
3277 4858 3441 4914 missa
3469 4898 3486 4924 ,

1910 4965 2114 5004 οΑιψΑιι
2151 4965 2304 5005 suam
2347 4964 2453 5004 non
2495 4949 2687 5016 tollat,
2719 4949 2814 5004 sed
2837 4950 3172 5020 evangelium
3195 4949 3380 5019 legens
3397 4964 3488 5005 stt-

1911 5056 2010 5110 per
2031 5042 2286 5095 humeros
2306 5048 2488 5110 ponat.

1982 5132 2072 5186 Sic
2099 5130 2328 5200 capitula
2357 5147 2476 5202 qua:
2502 5130 2588 5187 vix
2614 5130 2832 5202 intelligi
2859 5140 3116 5202 poterant,
3142 5145 3236 5200 ope
3259 5138 3484 5184 ceterum

1911 5223 2147 5280 codicum
2174 5220 2365 5277 Pamit.
2396 5223 2471 5276 ita
2491 5223 2832 5278 emendantur
2861 5261 2876 5287 ,
2919 5232 2972 5276 ut
3011 5239 3074 5276 ea:
3103 5223 3180 5277 eis
3227 5236 3376 5277 nam
3413 5231 3490 5276 ιω

1911 5323 2085 5369 ιρι-ιω
2118 5329 2301 5370 sensus
2334 5329 2472 5369 nunc
2509 5311 2665 5384 facile
2693 5311 3130 5384 deprehendatur.
