4020 6360
637 354 742 413 985

664 494 1988 524 Μ

1631 359 1977 418 THEODORI
2015 360 2329 421 ARCHIEP.
2368 366 2919 430 CANTUARIENSIS

1999 508 2400 531 ἡ

3758 383 3856 445 981

2411 515 3843 560 ______—_______

1390 582 1434 655 τ
1508 553 1541 637 κ’
1589 550 2387 715 POENITENTIALE
2442 619 2936 702 NOSTRUM

610 755 794 823 Cum
808 744 1233 867 Aquinusdam
1270 758 2051 867 capitulis‘eLcanonibps
2075 782 2166 867 ‘ex
2206 760 2348 847 ipso
2390 770 2817 867 Plenitentiali
2849 775 3169 867 Theodori
3201 784 3518 867 excerptis
3548 788 3839 867 collatum,

598 882 621 917 ,ο
682 838 884 949 ‘undke
918 838 1304 949 colliguntgr
1336 838 1464 949 non
1501 839 1713 949 5‘9le
1749 843 1936 949 variae
1971 838 2280 949 leptionfis
2316 892 2356 949 τι
2388 850 2502 911 sed
2540 852 2740 949 etiam.
2760 838 3171 949 auctoritates
3205 838 3840 949 Eiiiﬁai'zﬁBiﬁ'éHu":

682 917 950 999 ‘quibus
982 917 1192 999 ipsius
1226 917 1686 985 Poenitentialis
1726 920 1961 986 veritas
1995 928 2058 985 et
2090 924 2432 989 auctoritas
2461 931 2981 1008 comprobantur.

961 1154 1191 1212 CAPUT
1224 1154 1246 1209 l
1278 1151 1858 1210 PGENITENTIALIS.

691 1247 753 1303 In
797 1245 1027 1303 ecclesia
1079 1247 1171 1301 ubi
1216 1254 1556 1302 mortuorum
1593 1246 1855 1301 cadavera
1907 1244 2202 1300 inﬁdelium

586 1340 587 1343 “
622 1338 978 1411 sepeliuntur,
1018 1338 1325 1394 sacriﬁcare
1362 1354 1470 1392 non
1500 1338 1641 1392 licet.
1672 1336 1840 1392 Aliter
1865 1354 1930 1391 ea:
1959 1336 2203 1408 capitulis

622 1445 657 1483 a
693 1426 762 1482 Β.
790 1427 861 1482 D.
892 1427 1037 1481 Luca
1079 1428 1301 1482 Acherio
1336 1428 1488 1482 editis
1515 1469 1528 1493 ,
1578 1427 1728 1481 habet
1757 1444 1873 1497 cap.
1902 1443 2069 1482 1.xv111
2103 1427 2199 1481 :ln

621 1520 851 1575 ecclesia
891 1519 1221 1579 sanctiﬁcata
1257 1520 1387 1574 nulli
1419 1520 1616 1575 mortui
1646 1520 1995 1589 sepeliuntur.
2026 1520 2082 1574 Si
2104 1520 2202 1574 au-

621 1621 731 1665 tem
752 1610 824 1665 ibi
852 1607 1073 1673 mortui,
1099 1618 1385 1680 antequam
1418 1610 1581 1666 fuerit
1619 1610 1973 1677 sanctiﬁcata,
2006 1611 2198 1682 sepulti

621 1713 781 1771 sunt,
805 1721 913 1761 non
947 1705 1334 1761 sanctiﬁeetur.

691 1790 799 1855 sed
823 1798 868 1853 si
892 1808 1015 1869 apta
1038 1798 1250 1856 videtur
1268 1798 1335 1853 ad
1351 1800 1796 1866 consecrandum,
1815 1798 1937 1853 inde
1951 1797 2133 1852 evulsa
2145 1805 2202 1852 et

604 1870 759 1943 rasis
778 1888 863 1943 vel
883 1888 1006 1943 lotis
1027 1888 1185 1959 lignis
1204 1887 1320 1956 ejus
1332 1888 1708 1944 reacdiﬁeetur.
1725 1888 1782 1944 Si
1795 1891 1910 1944 haec
1923 1903 2201 1944 consecra-

618 1986 675 2031 ta
717 1978 868 2048 prius
913 1978 1032 2043 fuit,
1055 1979 1248 2034 missas
1273 1980 1327 2033 in
1344 1993 1405 2033 ea
1428 1979 1701 2035 celebrare
1729 1979 1872 2045 licet,
1897 1980 1942 2034 si
1963 1978 2198 2049 religiosi

610 2068 696 2125 ibi
734 2069 930 2140 sepulti
958 2077 1102 2127 sunt.
1145 2070 1291 2125 Alias
1332 2087 1396 2128 es
1421 2070 1600 2129 eodem
1626 2069 1857 2141 capitula
1898 2086 2058 2140 supra
2103 2085 2199 2129 na-

618 2168 728 2211 tato
757 2172 776 2210 :
803 2158 859 2213 Si
888 2160 1013 2214 inde
1036 2169 1239 2215 mutata
1267 2158 1432 2215 fuerit
1451 2166 1506 2214 in
1537 2161 1709 2214 altero
1732 2159 1870 2224 loco,
1900 2159 1985 2213 vel
2014 2159 2197 2213 laven-

618 2256 709 2304 tur
733 2250 947 2315 tabula),
971 2267 1307 2323 quacunque
1344 2252 1508 2306 etiam
1534 2251 1765 2307 ecclesia
1803 2258 2008 2305 mutata
2034 2248 2197 2304 fuerit.

588 2341 676 2402 Litt
712 2342 821 2398 alio
861 2342 1000 2407 loco,
1031 2343 1229 2399 iterum
1276 2342 1682 2409 sanctiﬁcctur;
1736 2342 1783 2399 si
1828 2357 1957 2397 vero
1993 2342 2050 2397 in
2078 2342 2196 2410 ipso

614 2428 754 2495 loco,
793 2440 846 2486 et
880 2433 930 2486 ei
969 2440 1173 2486 mutata
1217 2431 1400 2495 fuerit,
1441 2449 1579 2503 aqua
1626 2440 1942 2505 aspergetur
1981 2441 2190 2491 sancta.

2230 1155 2282 1216 Α
2309 1170 2376 1207 ea:
2416 1155 2609 1212 consil.
2629 1160 2771 1229 apud
2792 1158 3074 1232 Compend.
3107 1180 3155 1217 ο.
3184 1164 3238 1230 5,
3261 1168 3410 1223 addit
3435 1173 3578 1241 quod
3602 1172 3741 1230 habet
3762 1193 3840 1237 ut.

2305 1243 2423 1297 cod.
2450 1242 2642 1301 Pwm’t.
2661 1265 2681 1303 :
2705 1248 2771 1303 Et
2803 1266 2991 1307 omnes
3015 1268 3151 1321 quos
3178 1255 3329 1325 prius
3348 1259 3665 1329 baptizavit.

2372 1335 2489 1392 Non
2518 1337 2644 1395 licet
2691 1340 2916 1399 diacono
2943 1384 2961 1409 ,
3009 1344 3147 1401 laico
3182 1348 3559 1419 pmnitentiam
3586 1354 3727 1411 dare.
3759 1357 3840 1414 Sed

2302 1427 2654 1499 episcopigaut
2681 1434 2987 1503 presbyteri
3015 1435 3147 1490 dare
3170 1436 3387 1492 debent.
3421 1440 3554 1513 Cap.
3587 1459 3730 1500 mu.
3749 1447 3839 1503 Non

2301 1515 2427 1571 licet
2446 1518 2671 1575 diacono
2698 1521 2857 1577 alicui
2866 1524 3111 1593 judicare
3138 1529 3533 1598 paenitentiam,
3557 1536 3653 1589 sed
3678 1538 3835 1606 episco

2301 1607 2493 1678 pisaut
2520 1611 2870 1682 presbyteris.
2888 1614 2971 1670 Ad
2998 1630 3166 1686 marg.
3184 1620 3718 1688 ponituremendandi
3747 1644 3831 1681 can

2299 1692 2390 1754 sa:
2407 1700 2660 1757 indicere.
2691 1702 2803 1758 Iloc
2826 1714 3001 1760 tamen
3024 1708 3297 1765 vocabulo.
3322 1708 3579 1769 Judicare
3611 1717 3838 1784 plenitat-

2299 1791 2450 1856 tiam,
2465 1791 2590 1847 alibi
2604 1795 2770 1847 utitur
2784 1794 3083 1852 Theodorus
3098 1799 3151 1852 in
3165 1817 3281 1868 cap.
3300 1802 3365 1856 de
3385 1802 3579 1857 Abbot.
3595 1805 3836 1863 Necliber-

2298 1888 2383 1935 tas
2408 1884 2717 1938 monasterii
2738 1893 2820 1940 est
2849 1888 3222 1956 paenitentiam
3243 1892 3599 1950 smcularibus
3612 1898 3834 1967 judicare.

2297 1973 2367 2028 Et
2387 1984 2499 2045 post
2543 1975 2735 2032 Theod.
2761 1995 2908 2033 conc.
2942 1978 3317 2039 Germanicum
3357 1976 3471 2052 1,'c.
3500 1989 3535 2042 2
3571 2009 3585 2043 :
3613 1991 3675 2046 Et
3697 2009 3833 2050 unus-

2296 2067 2525 2137 quisque
2552 2068 2836 2139 praefectus
2861 2089 3026 2129 unum
3054 2080 3436 2149 presbyterum
3450 2082 3543 2152 qui
3566 2084 3832 2145 hominibus

2295 2168 2515 2228 peccata
2545 2163 2928 2222 conﬁtentibus
2958 2167 3202 2236 judicare
3225 2180 3281 2227 et
3323 2173 3563 2230 indicare
3600 2178 3822 2248 peniten-

2296 2249 2427 2303 tiam
2458 2251 2647 2319 possit.
2702 2252 2903 2309 Concil.
2959 2254 3337 2328 Vernteriense,
3369 2280 3417 2316 ε.
3455 2264 3477 2317 1
3513 2264 3649 2320 :Scd
3679 2267 3824 2335 penis

2294 2345 2518 2400 tentiam
2541 2345 2656 2414 ejus
2679 2348 3004 2419 iudicamus.
3030 2350 3250 2423 Regina,
3274 2354 3375 2420 1.1,
3401 2357 3471 2411 de
3501 2356 3832 2429 Eccl.discip.,

2296 2451 2344 2494 ε,
2365 2434 2453 2491 95.
2482 2435 2573 2500 Sic
2593 2452 2695 2493 nec
2724 2440 3101 2509 pmnitentium
3123 2444 3321 2513 judicia
3353 2445 3445 2501 alii
3470 2463 3724 2518 usurpare
3759 2448 3832 2506 ὼ-

616 2520 724 2576 Sed
750 2537 815 2575 ex
840 2522 1059 2577 concilio
1080 2523 1446 2593 Agrippinensi
1468 2500 1829 2589 [iure/tardus,
1859 2523 1952 2578 Ivo
1974 2534 2022 2579 et
2052 2523 2192 2578 Cra-
2229 2500 2270 2560 Β
2296 2525 2445 2582 bent.
2476 2526 2629 2593 Quod
2653 2500 2902 2601 repetitur
2933 2549 2965 2587 a
2993 2500 3191 2589 Burc'h.
3215 2536 3307 2591 lib.
3332 2554 3449 2604 xu,

613 2614 815 2679 tianus,
845 2625 901 2669 ut
922 2617 1113 2693 legitur
1136 2617 1192 2670 in
1222 2613 1579 2670 Pwnitentiali
1599 2656 1614 2681 ,
1644 2615 1875 2686 referunt
1903 2616 1985 2670 his
2011 2618 2196 2686 paucis

581 2698 828 2759 'mntatis
856 2719 876 2757 :
917 2705 1136 2772 Burch.,
1163 2706 1253 2759 lib.
1287 2722 1370 2771 111,
1396 2723 1443 2761 ε.
1487 2708 1578 2772 58,
1600 2724 1666 2761 ex
1704 2707 1924 2761 concilio
1954 2707 2196 2787 Agrippi-

611 2797 783 2862 nensi,
811 2814 858 2852 ε.
887 2795 957 2855 23
988 2816 1003 2858 ξ
1032 2798 1167 2857 inde‘
1196 2796 1395 2851 evulsis
1418 2799 1734 2873 corporibus
1768 2807 1824 2852 et
1854 2798 1990 2855 rasis
2021 2798 2195 2867 parie-

580 2877 758 2940 Itibus
782 2926 796 2950 ,
830 2895 933 2943 etc.
963 2884 1113 2941 Crat.
1161 2888 1368 2949 Deerat.
1416 2904 1475 2943 111
1520 2906 1599 2959 p.,
1648 2888 1770 2942 dist.
1800 2886 1891 2948 ειη,
1920 2905 1966 2942 c.
1995 2888 2064 2943 ‘28
2095 2906 2108 2946 :
2138 2894 2194 2941 et

580 2975 587 2981 ’
614 2977 754 3032 rasis
781 2979 1076 3047 parietibus
1103 2979 1187 3034 vel
1217 2979 1377 3050 tignis
1401 2978 1518 3049 ejus
1547 2980 1669 3034 loci.

580 3064 591 3073 ’
686 3069 745 3124 Si
774 3086 903 3124 vero
931 3087 1193 3143 paganus,
1246 3072 1323 3125 sic
1379 3071 1643 3126 mundare
1689 3078 1745 3124 et
1786 3078 1996 3140 jactare
2046 3068 2197 3129 foras

611 3159 807 3220 melius
834 3171 936 3217 est.
968 3160 1055 3216 Al.
1084 3166 1199 3232 Cap.
1232 3177 1395 3216 xxxvi
1422 3179 1434 3215 :
1469 3160 1710 3217 Gentiles
1738 3161 1936 3215 mortui
1964 3160 2030 3215 de
2057 3159 2192 3216 locis

584 3254 921 3314 'sauctorum
965 3252 1212 3322 ejiciendi
1266 3262 1411 3308 sunt.
1469 3252 1802 3318 I.‘urch.,lib.
1848 3268 1950 3318 111,
1985 3269 2031 3305 ε.
2080 3250 2184 3318 15;

579 3340 725 3409 Ἰυο,
753 3360 806 3425 ρ.
839 3359 990 3409 ιιι,ο.
1028 3343 1125 3411 1ὄ;
1147 3343 1321 3410 Crat.,
1348 3343 1549 3398 Decret.
1580 3359 1639 3397 111
1676 3361 1754 3415 p.,
1778 3342 1832 3396 ιι.
1868 3348 1912 3407 1,
1942 3360 1988 3396 c.
2013 3342 2102 3408 27,
2125 3359 2189 3423 ea:

588 3433 831 3488 ‘concilio
860 3433 1226 3489 Aurelianensl
1256 3452 1302 3488 c.
1333 3436 1366 3490 5
1398 3451 1411 3489 :
1440 3435 1758 3499 Ecclesium,
1806 3435 1859 3487 in
1890 3449 1995 3504 qua
2021 3450 2185 3505 paga-

576 3594 587 3609 ί
607 3543 711 3591 nus
735 3527 974 3605 sepultus
995 3537 1098 3595 est,
1125 3544 1229 3583 non
1252 3527 1414 3591 liccat
1433 3542 1770 3594 consecrare,
1790 3542 1968 3597 neque
1994 3530 2188 3583 missas

572 3614 663 3677 'in
695 3634 760 3675 ea
805 3619 1080 3676 celebrare
1110 3660 1125 3685 ,
1183 3619 1278 3675 sed
1320 3617 1515 3695 jactari
1583 3619 1731 3674 foras
1762 3660 1777 3687 ,
1828 3628 1884 3674 et
1938 3620 2185 3675 mundari

607 3719 841 3783 oportet.

676 3801 870 3859 Laicus
898 3817 1005 3858 non
1036 3803 1193 3860 debet
1220 3805 1274 3859 in
1297 3804 1542 3861 ecclesiis
1572 3788 1881 3871 lectionem,
1906 3821 2009 3864 nec
2050 3806 2185 3862 alle-
2210 3802 2290 3885 ,ζ’
2358 3856 2571 3885 “unum
2601 3784 2896 3885 “Auli;
3454 3873 3489 3885 Α

2210 3855 2260 3921 ε
2358 3856 2572 3915 Nullum
2601 3861 2900 3933 perfectum
2932 3867 3203 3924 credimus
3247 3870 3304 3925 in
3342 3871 3641 3943 baptismo,
3668 3874 3837 3931 contir-

571 3872 716 3953 fluia
745 3892 942 3959 dicere,
973 3896 1065 3950 sed
1089 3896 1321 3973 psalmos
1346 3904 1554 3959 tantum
1578 3906 1670 3951 aut
1699 3899 2036 3970 responsoria
2067 3900 2184 3957 sine

576 3974 841 4040 'allcluia.
873 3985 941 4041 In
984 4004 1099 4058 cap.
1144 4006 1289 4046 xxvu
1339 4001 1757 4063 transportantur
1807 3993 1981 4053 verba.
2030 3984 2183 4068 Apud

603 4073 804 4137 Burch,
836 4093 956 4132 vero
984 4078 1021 4132 ι.
1047 4095 1168 4145 Vill,
1195 4098 1242 4135 c.
1270 4080 1339 4138 87
1364 4098 1378 4148 ;
1412 4082 1527 4149 Iro,
1559 4100 1613 4153 p.
1643 4100 1739 4150 ιιι,
1786 4101 1833 4139 r.
1861 4083 1982 4150 105,
2004 4086 2183 4145 eodem

566 4150 575 4247 ἶ
604 4164 789 4221 ordine
811 4183 913 4238 quo
933 4167 1111 4238 jaceat
1134 4171 1188 4225 in
1214 4170 1406 4229 Posuit.
1446 4150 1713 4247 leguntur,
1749 4192 1811 4230 ac
1843 4177 2075 4237 citantur
2120 4193 2185 4231 ea:

570 4242 575 4262 Ι
605 4257 794 4319 concil.
828 4258 1066 4337 Magum.
1097 4280 1145 4317 c.
1180 4264 1264 4319 18.
1499 4242 1513 4247 Ἦ
2130 4266 2139 4275 ³

1131 4376 1283 4441 CAP.
1316 4379 1358 4439 Il
1387 4379 1647 4441 PCENIT.

570 4522 607 4537 ι-
658 4485 937 4557 Episcopo
963 4488 1089 4544 licet
1114 4490 1166 4544 in
1190 4505 1380 4561 campo
1395 4493 1737 4556 conﬁrmare,
1772 4509 1818 4549 si
1842 4509 2063 4550 necesse
2088 4495 2177 4550 sit.

598 4570 821 4641 Burria,
857 4576 949 4630 lib.
981 4593 1054 4642 1v,
1099 4595 1146 4631 ε.
1196 4578 1284 4646 68,
1314 4596 1379 4634 ea:
1412 4581 1631 4635 concilio
1659 4580 1954 4647 RItemensi,
1983 4600 2030 4637 c.
2067 4584 2176 4641 1οε

566 4683 575 4717 :
599 4667 867 4739 Episcopo
890 4669 1051 4724 liccat
1078 4671 1139 4724 in
1163 4686 1374 4741 campo,
1397 4673 1445 4728 si
1475 4687 1697 4728 necesse
1718 4674 1813 4737 sit,
1835 4674 2176 4731 conﬁrmare.

570 4798 573 4801 ι
670 4760 966 4830 Episcopus
988 4777 1097 4817 non
1119 4763 1280 4818 debet
1306 4766 1556 4821 abbatem
1589 4779 1785 4833 cogere
1818 4766 1886 4820 ad
1912 4768 2176 4837 synodum

562 4894 571 4903 .
605 4849 705 4909 ire,
736 4849 845 4904 nisi
867 4851 1033 4906 etiam
1067 4850 1248 4922 aliqua
1274 4854 1611 4912 rationabilis
1639 4870 1808 4909 causa
1833 4856 1924 4911 sit.
1954 4854 2175 4921 Bura/1.,

560 4939 639 4991 -_l.
669 4954 786 5004 m1,
817 4956 864 4993 c.
897 4941 988 5006 75,
1009 4958 1073 4997 ea;
1097 4942 1318 4997 concilio
1349 4942 1661 5009 Turonensi,
1686 4962 1733 5000 c.
1764 4945 1800 5002 2
1827 4962 1842 4999 :
1886 4936 2179 5016 Episcopus

597 5046 703 5083 non
728 5031 887 5085 debet
914 5034 1160 5088 abbatem
1173 5050 1364 5106 cogere
1386 5037 1452 5091 ad
1475 5038 1736 5107 synodum
1755 5039 1835 5094 ire
1870 5040 1975 5094 nisi
1998 5040 2177 5111 aliqua

566 5136 575 5145 ε
602 5118 942 5175 rationabilis
970 5136 1129 5177 causa
1162 5125 1442 5184 consistat.

2293 2618 2391 2671 hoc
2419 2618 2556 2672 idem
2590 2619 2741 2673 habet
2769 2620 3165 2692 antiquissimus
3207 2628 3371 2683 codex
3402 2630 3608 2686 ordinis
3644 2630 3831 2687 Romani

2290 2706 2345 2759 in
2381 2706 2686 2762 bibliotheca
2724 2709 2926 2765 abbatis
2964 2710 3296 2771 Constantini
3322 2716 3549 2783 Gaztani,
3581 2736 3752 2792 exque
3779 2718 3829 2774 V.

2292 2793 2353 2848 ε.
2384 2793 2433 2848 1.
2470 2795 2706 2852 Marinus
2728 2799 2840 2853 lucc
2864 2801 3015 2856 verba
3046 2804 3206 2859 citata
3236 2806 3411 2863 retulit
3432 2808 3527 2864 lib.
3562 2826 3617 2865 1v
3648 2808 3830 2877 Periit,

2292 2902 2408 2956 cap.
2441 2886 2526 2941 18.
3076 2914 3079 2915 ⁷

2804 2983 2953 3040 CAP.
2997 2986 3059 3042 ιιι
3096 2960 3377 3045 Paean:

2359 3086 2417 3141 ln
2468 3090 2808 3149 ordinatione
2852 3096 3090 3168 episcOpi
3137 3099 3295 3154 debet
3343 3101 3511 3157 missa
3551 3106 3748 3159 cantari
3779 3104 3834 3160 ab

2290 3175 2406 3249 ipso
2444 3185 2694 3253 episcopo
2734 3186 3033 3244 ordinante.
3072 3187 3199 3260 Cap.
3232 3188 3426 3247 Theod.
3458 3210 3475 3248 1
3506 3212 3519 3248 :
3547 3195 3611 3249 In
3649 3194 3833 3250 ordina-

2290 3268 2435 3323 tione
2463 3271 2719 3343 episcopi,
2773 3276 2855 3329 vel
2880 3279 3201 3349 presbyteri,
3235 3279 3349 3336 sive
3378 3282 3595 3340 diaconi
3619 3286 3690 3341 vel
3725 3287 3833 3341 sub-

2272 3356 2501 3413 ‘dx'aconi
2536 3372 2748 3431 oportet
2778 3366 3089 3437 episcopum
3120 3370 3341 3425 missam
3368 3387 3554 3444 agere.
3585 3374 3820 3440 Burclt.,l.

2288 3464 2328 3513 ι,
2365 3465 2415 3504 c.
2442 3451 2577 3517 2‘25;
2604 3453 2716 3520 Iro,
2747 3472 2799 3526 p.
2833 3472 2905 3522 1v,
2937 3475 2983 3511 ε.
3014 3459 3137 3522 538,
3163 3478 3228 3515 ex
3249 3462 3403 3525 dictis
3435 3463 3636 3520 Tlteod.
3662 3466 3830 3520 Arch.:

2287 3537 2344 3592 ln
2370 3541 2709 3599 ordinatione
2739 3544 2976 3615 episcOpi
2993 3588 3006 3611 ,
3032 3549 3146 3619 ipse
3175 3551 3267 3621 qui
3291 3554 3508 3611 ordinat
3530 3557 3742 3612 missam
3765 3570 3836 3612 ce-

2256 3621 2260 3625 ’
2287 3627 2495 3685 lebrarc
2516 3630 2695 3700 debet,
2720 3642 2774 3688 et
2795 3635 2884 3705 qui
2908 3638 3189 3695 ordinatur
3213 3643 3483 3699 similiter.

2805 3742 2958 3800 CAP.
2982 3745 3049 3803 IV
3085 3747 3343 3806 P(ENIT.

2284 3954 2576 4008 mationem
2626 3956 2860 4027 episcopi
2910 3974 3018 4014 non
3064 3961 3430 4031 disputamus;
3473 3967 3739 4022 tamenin
3761 3965 3837 4020 Ni-

2284 4058 2430 4098 csena
2480 4048 2684 4116 synodo
2731 4046 2834 4103 fuit
2891 4051 3130 4108 chrisma
3177 4055 3559 4112 constitutum.
3607 4057 3730 4127 Cap.
3761 4074 3837 4113 ιτς

2283 4133 2503 4190 Nullum
2521 4137 2821 4207 perfectum
2845 4143 3120 4198 credimus
3151 4145 3206 4199 in
3233 4146 3504 4215 baptismo
3524 4149 3653 4205 sine
3668 4146 3838 4204 conﬁr-

2282 4230 2521 4285 matione
2547 4231 2781 4302 episcopi
2816 4252 2828 4287 :
2861 4242 3037 4290 tamen
3066 4251 3175 4291 non
3206 4237 3587 4308 desperamus.

2354 4320 2568 4377 Pannos
2598 4324 2927 4399 pbrismatos
2972 4327 3164 4383 iterum
3210 4344 3374 4399 super
3416 4330 3592 4387 alium
3626 4330 3839 4400 baptiza-

2281 4420 2396 4465 tum
2426 4412 2627 4484 imponi
2658 4430 2765 4470 non
2795 4424 2880 4470 est
2907 4418 3223 4473 absurdum.
3254 4418 3475 4485 Bnrch.,
3501 4419 3542 4473 l.
3589 4437 3664 4484 Iv,
3693 4436 3739 4473 ε.
3764 4417 3839 4483 94,

2280 4519 2345 4556 ea:
2372 4504 2558 4558 concil.
2589 4506 2730 4576 apud
2775 4499 3123 4573 Bellovesum,
3153 4526 3200 4563 ε.
3246 4509 3283 4564 8
3320 4528 3333 4564 :
3382 4509 3440 4564 Si
3469 4510 3605 4580 quis
3640 4508 3845 4565 voluerit

2250 4593 2589 4649 .chrismatis
2639 4610 2874 4664 pannum
2920 4597 3116 4652 iterum
3167 4598 3345 4663 linire,
3389 4607 3447 4654 et
3472 4615 3649 4670 super
3691 4600 3838 4655 alium

2280 4683 2609 4755 baptizatum
2642 4689 2876 4754 mittere,
2920 4705 3024 4743 non
3053 4699 3137 4744 est
3164 4692 3483 4745 absurdum.
3513 4690 3616 4746 Gr.
3641 4692 3841 4758 deum,

2246 4822 2249 4827 .
2282 4792 2319 4830 ιι
2352 4793 2430 4846 p.,
2471 4776 2527 4831 ά.
2551 4776 2609 4842 4,
2636 4793 2686 4831 ο.
2727 4777 2824 4832 lii
2860 4797 2872 4832 :
2902 4778 3211 4834 Cbrismate
3242 4795 3498 4850 pannum.
3580 4836 3585 4845 ,

2350 4866 2408 4920 lu
2456 4868 2856 4925 catechumeme
2896 4878 2953 4924 et
2987 4869 3309 4938 baptismate
3349 4879 3407 4926 et
3447 4871 3845 4927 continuatione

2244 4970 2421 5011 .unus
2469 4963 2646 5025 potest
2688 4970 2810 5013 esse
2848 4964 3018 5027 pater,
3050 4957 3096 5012 si
3147 4973 3365 5014 necesse
3391 4958 3482 5014 sit.
3511 4958 3641 5016 Νοιι
3665 4966 3749 5015 est
3777 4966 3845 5013 ta-

2277 5061 2399 5101 men
2455 5048 2802 5102 consuetudo.
2854 5047 2960 5101 Per
3027 5048 3236 5120 singula
3288 5051 3489 5119 singuli
3534 5050 3840 5119 suscipiunt.

2277 5134 2498 5201 Burch.,
2528 5136 2567 5190 ι.
2593 5152 2669 5202 1v,
2699 5153 2745 5192 ο.
2777 5136 2871 5203 ἳιι,
2892 5154 2958 5192 ea:
2979 5155 3126 5195 cono.
3158 5139 3401 5211 lingunt.
3433 5157 3453 5196 :
3505 5141 3565 5196 in
3605 5140 3843 5198 catechu-

667 5208 725 5263 Si
766 5210 890 5279 quis
933 5212 1214 5283 presbyter
1258 5214 1540 5270 ordinatus
1574 5217 1926 5286 deprehendit
1970 5235 2030 5275 se
2067 5234 2172 5275 non
2204 5205 2453 5281 Dmenae
2478 5235 2536 5282 et
2556 5227 2611 5283 in
2641 5227 2911 5299 baptismo
2933 5237 2989 5282 et
3016 5229 3072 5284 in
3098 5205 3510 5287 conﬁrmatione
3534 5238 3687 5288 unus
3706 5228 3843 5301 patir

596 5321 714 5362 esse
743 5308 1090 5378 baptizatum,
1122 5313 1427 5381 baptizatur
1458 5323 1515 5370 et
1539 5316 1822 5372 ordinetur
1848 5320 2065 5386 iterum,
2086 5362 2093 5369 .
2117 5330 2173 5377 et
2277 5324 2455 5385 potest
2482 5316 2625 5383 ﬁeri,
2654 5319 2699 5373 si
2729 5320 3035 5379 necessitas
3054 5323 3216 5392 cog't.
3241 5320 3360 5376 Non
3407 5330 3495 5378 est
3527 5332 3715 5378 tamen
3736 5336 3845 5376 εω-

595 5411 786 5455 omnes
808 5414 945 5470 quos
970 5401 1119 5470 prius
1141 5402 1452 5472 baptizavit.
1486 5403 1616 5477 Cap.
1646 5408 2174 5482 Liv11:Quicunque
2277 5406 2505 5462 ευθιιιάο
2549 5406 2811 5464 Romana-
2872 5410 2979 5465 5661
3022 5426 3122 5482 Per
3171 5412 3381 5480 εἰηςιιια
3424 5413 3628 5477 sinenti
3681 5410 3841 5469 “505‘

594 5487 807 5545 dubitat
826 5491 893 5546 de
918 5492 1203 5561 baptismo,
1244 5494 1440 5549 iterum
1471 5497 1791 5566 baptizetur.
1828 5499 2049 5568 Bnrch.,
2071 5503 2162 5558 lib.
2274 5499 2448 5570 piunt.

592 5599 668 5651 tv,
692 5601 739 5638 c.
766 5584 867 5651 7i;
894 5584 1008 5649 Ira,
1033 5603 1085 5655 p.
1119 5603 1156 5651 1,
1179 5604 1226 5644 ε.
1249 5587 1384 5653 268;
1418 5585 1509 5643 Gr.
1543 5590 1735 5647 decret.
1766 5608 1802 5646 11
1830 5609 1968 5663 p.,c.
1989 5593 2168 5665 l,q.l,
2346 5593 2461 5648 Non
2498 5594 2624 5649 licet
2647 5596 2811 5650 arium
2842 5597 3115 5667 suscipere
3137 5598 3228 5668 qui
3262 5614 3368 5655 non
3396 5607 3481 5654 est
3524 5598 3839 5669 baptizatus.

594 5689 640 5726 τ.
668 5674 702 5726 9
727 5692 739 5727 :
772 5673 826 5729 Si
856 5674 1137 5745 presbyter
1181 5678 1459 5733 ordinatus
1486 5679 1905 5749 deprehenderit
1948 5700 2007 5737 se
2057 5701 2163 5739 non
2274 5684 2493 5751 Barth,
2522 5684 2559 5739 I.
2602 5702 2677 5751 1v,
2699 5704 2744 5740 c.
2768 5685 2858 5751 26,
2888 5704 2952 5741 ea:
2988 5687 3176 5742 concil.
3204 5688 3466 5759 Magium,
3494 5706 3539 5744 «τ.
3563 5689 3605 5743 9..
3636 5687 3735 5742 :lu
3759 5687 3839 5741 ba-

593 5779 713 5819 cssc
738 5764 1087 5835 baptizatum,
1107 5766 1406 5840 baptizatur
1431 5779 1483 5827 ct
1513 5772 1795 5828 ordinetur
1825 5773 2040 5829 iterum.
2070 5773 2165 5830 Iro
2273 5776 2469 5834 utismo
2496 5777 2576 5833 vel
2608 5777 2659 5833 in
2696 5778 2989 5835 chrismate
3028 5795 3133 5835 non
3161 5788 3340 5849 potest
3366 5780 3527 5836 alium
3572 5779 3839 5847 suscith
