4020 6360
192 330 322 399 δ985

914 348 1451 408 ΡοεΝιΤΕΝΤιΑιΕ
1487 342 1792 402 (ἰΟιὶιΑἸῚ

1897 340 2041 399 CUM
2074 345 2251 402 ALllS
2287 345 2438 404 CAP.
2480 350 2570 406 ΕΤ
2606 350 2763 431 CAN.

3344 346 3451 404 986

190 443 267 513 ’in
296 453 487 521 lilium,
533 457 625 527 qui
672 473 779 514 non
822 452 909 515 est
932 461 1239 530 baptizatus
1275 459 1362 514 vel
1408 456 1777 515 confirmatus.
1806 457 1860 514 Δ
1885 457 2130 527 accipere
2174 476 2370 516 novum
2419 462 2749 543 conjugium,
2794 462 2887 519 sed
2910 477 3135 533 puerum
3186 462 3271 518 vel
3299 461 3453 533 puel-

209 542 366 599 Idem
393 546 535 615 apud
562 546 675 612 Ivo,
704 565 754 617 p.
783 564 819 613 ι,
857 565 905 603 c.
936 548 1059 603 220.

190 644 198 649 ’
279 632 401 689 Non
417 634 543 690 licet
565 635 850 706 baptizatis
863 652 983 692 cum
999 637 1402 694 eatecbumenis
1415 635 1744 691 manducare
1763 649 1778 686 :

208 734 417 797 quanto
444 728 616 800 magis
644 729 950 797 gentilibus.
998 729 1218 795 Burclt.,
1248 729 1284 784 Ι.
1314 745 1389 794 ιν,
1419 745 1465 781 c.
1492 726 1562 782 95
1587 744 1600 780 :
1626 725 1785 780 Cate-

207 817 466 874 cbnmeni
515 819 841 875 manducare
886 835 991 875 non
1034 820 1232 875 debent
1281 833 1405 874 eum
1454 815 1778 886 baptizatis,

207 923 388 980 neque
405 909 653 966 osculum
672 910 753 965 eis
778 910 928 975 dare,
958 919 1162 980 quanto
1185 910 1366 964 minus
1393 907 1628 979 gentilis.

189 1010 197 1015 ’
234 1020 267 1043 ’λ
378 1040 385 1045 -
733 1001 884 1057 CAP.
927 1003 971 1057 ν
1007 1000 1265 1057 ΡαςΝιΤ.

277 1091 393 1165 Sed
446 1093 571 1149 licet
629 1093 915 1167 Dionysius
959 1093 1287 1163 Areopagita
1336 1090 1480 1147 dicat
1525 1089 1780 1160 blaSphe-

203 1186 378 1242 miam
419 1187 531 1242 Deo
556 1186 787 1252 ’facere,
818 1187 909 1257 qui
954 1187 1151 1241 missas
1177 1183 1334 1239 oli'ert
1360 1199 1459 1253 pro
1498 1182 1638 1236 malo
1680 1182 1783 1257 lio-

188 1280 379 1342 mine,
408 1276 738 1349 Augustinus
773 1252 949 1332 tamen
964 1265 1102 1332 dicit
1121 1291 1219 1346 pro
1240 1252 1489 1330 omnibus
1517 1252 1781 1329 Christia-

202 1369 291 1422 nis
324 1368 429 1422 hoc
447 1382 567 1424 esse
596 1367 920 1433 faciendum,
946 1369 1070 1438 quia
1112 1369 1216 1421 hoc
1239 1368 1320 1421 vel
1345 1365 1424 1419 eis
1452 1366 1667 1433 prolicit
1693 1370 1783 1417 aut

164 1455 559 1516 "offerentibus
587 1466 679 1511 aut
706 1458 1035 1528 petentibus.
1080 1455 1209 1527 Cap.
1257 1473 1343 1511 va
1372 1474 1384 1507 :
1415 1454 1783 1524 Blasphemias

201 1546 440 1602 Domino
486 1548 617 1619 agit,
650 1550 743 1617 qui
786 1549 981 1603 missas
1026 1549 1250 1603 Domino
1289 1546 1446 1601 offert
1492 1562 1592 1616 pro
1640 1545 1782 1599 malo

202 1638 446 1692 homine.
475 1636 805 1708 Augustinus
832 1638 963 1692 dicit
1009 1639 1263 1693 omnibus
1289 1635 1617 1691 Christianis
1663 1649 1783 1689 esse

199 1727 516 1784 faciendum
541 1730 683 1800 quod
704 1728 788 1784 vel
817 1729 866 1783 ei
890 1729 1121 1799 prolicit,
1154 1736 1247 1782 aut
1268 1726 1539 1790 oll'erenti,
1565 1732 1659 1780 aut
1696 1723 1780 1777 vi-

1884 547 2009 603 lam.
2067 547 2192 604 Vide
2232 568 2435 622 excerp.
2491 553 2705 624 Egberti
2754 553 2980 609 Eborac.
3041 555 3210 619 arch.,
3241 569 3288 607 e.
3321 553 3444 610 118.

1881 636 2015 691 Item
2049 655 2215 693 canon
2253 640 2631 710 Africanensis.
2690 643 3011 713 Legitimum
3058 644 3224 715 igitur
3265 643 3452 713 conju-

1881 728 2026 797 gium
2055 746 2161 784 non
2196 729 2321 786 licet
2352 733 2592 801 separari
2640 733 2757 788 sine
2807 749 3069 789 consensu
3116 733 3401 788 amborum
3430 748 3446 786 :

1881 831 2060 894 potest
2104 833 2283 880 tamen
2330 826 2466 881 alter
2509 826 2663 881 alteri
2702 842 2825 881 cum
2852 826 3075 881 consilio
3108 825 3345 897 episcopi
3385 824 3452 882 Ῑια

1868 915 2117 969 centiam
2145 916 2273 971 dare
2313 917 2381 971 ad
2421 918 2735 972 servitutem
2766 918 2860 972 Dei
2893 919 3170 973 accedere.
3219 914 3451 986 Quidam

1881 1004 2044 1058 etiam
2076 1004 2262 1058 dicunt
2287 1024 2299 1059 :
2333 1005 2458 1060 Sive
2504 1006 2589 1061 vir
2618 1008 2731 1062 sive
2758 1007 2954 1063 mulier
2978 1023 3045 1063 ex
3072 1001 3336 1064 consensu
3364 1023 3454 1065 re-

1883 1095 2133 1165 ligionem
2159 1098 2379 1166 ceperit,
2419 1097 2543 1153 licet
2573 1098 2800 1154 alterum
2827 1100 3071 1168 accipere
3098 1115 3293 1154 novum
3323 1116 3453 1155 cou-

1873 1184 2104 1257 jugium,
2134 1188 2226 1242 sed
2272 1187 2504 1257 puellam
2547 1189 2631 1243 vel
2650 1203 2898 1258 puerum,
2931 1189 2976 1244 si
3017 1189 3301 1246 continens
3332 1203 3453 1245 esse

1886 1292 1989 1329 non
2014 1277 2214 1346 poterit
2241 1278 2383 1347 quod
2432 1293 2536 1331 non
2578 1277 2756 1332 laudo.
2789 1277 2940 1331 Idem
2963 1277 3110 1331 addit
3151 1277 3453 1332 Theodorus

1882 1365 1999 1420 aliis
2026 1368 2190 1421 verbis
2221 1385 2239 1422 :
2270 1369 2335 1423 Et
2358 1378 2544 1422 tamen
2575 1385 2682 1423 non
2710 1378 2792 1425 est
2830 1370 3170 1424 canonicum.
3214 1369 3451 1435 Quicun-

1881 1471 1980 1525 que
2006 1465 2199 1510 attente
2237 1458 2509 1527 perlegerit
2535 1456 2585 1511 11
2590 1458 2931 1529 ieronymum,
2958 1469 3008 1512 et
3034 1475 3256 1513 canones
3303 1475 3449 1513 conc.

1882 1546 2074 1615 Africa,
2093 1564 2193 1600 non
2210 1547 2509 1621 di/ﬁtebitur
2534 1549 2646 1603 ha’c
2670 1550 2831 1603 citata
2857 1566 2922 1604 ex
2952 1549 3270 1621 Hieronymo
3295 1558 3343 1604 et
3369 1566 3455 1603 ca-

1884 1651 2015 1689 none
2053 1652 2197 1689 conc.
2250 1636 2417 1706 Afric.
2460 1639 2530 1692 ad
2591 1637 2919 1693 Theodorum
2957 1640 3128 1710 potius
3176 1641 3451 1711 pertinere.

1955 1725 2177 1781 Muliere
2218 1734 2430 1781 mortua
2462 1728 2589 1783 licet
2636 1730 2753 1785 viro
2782 1738 2905 1801 post
2946 1745 3185 1785 mensem
3226 1729 3455 1784 alterum

200 1828 398 1877 ventes
425 1820 751 1875 consoletur.
781 1819 976 1874 Bureh.
1007 1830 1054 1874 et
1086 1819 1179 1875 Ιυο
1202 1818 1431 1889 legerunt
1450 1816 1586 1888 quod
1625 1825 1697 1869 est
1724 1814 1777 1867 in
1812 1808 1856 1867 Β
1886 1814 2150 1883 accipere.
2193 1813 2402 1870 Mortuo
2430 1816 2548 1871 viro
2575 1824 2696 1886 post
2723 1833 2920 1872 annum
2966 1818 3094 1875 licet
3125 1817 3335 1873 mulieri
3378 1815 3456 1871 al-

186 1922 305 1979 ,vet.
341 1911 460 1966 cod.
488 1909 658 1977 Pan,
679 1913 762 1968 his
789 1922 992 1967 tantum
1022 1914 1268 1966 mutatis:
1290 1913 1415 1980 quia
1443 1910 1527 1964 vel
1554 1911 1633 1965 eis
1657 1923 1784 1979 pro-

201 1994 320 2058 ﬁcit
359 2011 455 2057 aut
480 2002 848 2068 oﬂ‘erentibus,
885 2012 977 2057 aut
1003 2003 1308 2074 petentibus
1336 2002 1600 2073 proderit.
1628 1998 1782 2070 Apud

203 2092 407 2146 Burch.
437 2092 473 2145 Ι.
501 2109 585 2157 ιιι,
606 2109 652 2146 c.
682 2092 767 2157 65,
805 2102 854 2147 et
893 2094 1033 2163 apud
1055 2092 1193 2157 Ivo.,
1223 2092 1259 2146 ι.
1302 2109 1386 2157 ιιι,
1425 2109 1471 2145 c.
1498 2091 1565 2146 67
1601 2108 1615 2145 :
1652 2090 1780 2161 quia

203 2183 290 2238 vel
312 2184 397 2237 eis
422 2183 654 2253 proﬁcit,
680 2193 773 2238 aut
799 2183 1148 2239 offerentibus
1174 2184 1431 2254 proderit.

718 2293 867 2348 CAP.
909 2294 976 2349 Vl
1014 2292 1271 2348 ΡίΕΝΙΤ.

190 2450 193 2455 ι
278 2386 547 2442 Monaebo
586 2401 690 2441 non
721 2387 848 2442 licet
890 2395 1077 2441 votum
1122 2401 1318 2441 vovere
1357 2385 1473 2439 sine
1520 2398 1785 2439 consensu

206 2479 444 2543 abbatis,
472 2478 555 2533 sin
608 2479 804 2542 minus,
836 2476 1190 2548 frangendum
1216 2484 1317 2531 est.
1348 2475 1567 2539 Burch.,
1597 2474 1633 2527 l.
1664 2490 1784 2539 νιιι,

206 2588 255 2624 c.
284 2569 353 2634 9;
386 2568 502 2633 Ιυο,
532 2586 585 2640 ρ.
614 2584 711 2634 vlt,
741 2586 787 2623 ο.
812 2568 915 2633 52ς
947 2578 994 2623 et
1026 2567 1175 2623 Crat.
1207 2566 1436 2632 Decret.,
1460 2582 1499 2620 ιι
1531 2582 1607 2635 p.,
1636 2581 1782 2618 caus.

205 2663 302 2731 20,
325 2682 377 2736 q.
431 2664 489 2729 ι,
516 2680 562 2718 e.
608 2663 678 2729 2,’
699 2680 764 2719 ex
810 2664 966 2718 dictis
997 2661 1227 2717 Basilii:
1262 2661 1544 2725 Monacho,
1588 2666 1693 2714 etc.
1725 2657 1784 2711 Si

206 2764 395 2814 autem
419 2756 648 2821 voverit,
677 2755 1030 2825 frangendum
1054 2754 1177 2808 erit.

700 2845 850 2899 CAP.
902 2845 987 2900 VII
1028 2843 1283 2898 POENIT.

285 2939 537 2995 Mulieres
555 2954 664 2995 non
684 2938 864 2993 velent
883 2938 1054 2991 altare
1083 2936 1152 2991 de
1178 2934 1444 3005 corporali
1466 2975 1481 3000 ,
1512 2948 1611 2988 nec
1632 2932 1785 2989 obla-

190 3031 390 3086 tiones
429 3044 589 3100 super
629 3027 822 3093 altare,
871 3042 1047 3097 neque
1083 3026 1306 3081 calicem
1343 3030 1576 3094 ponant;
1614 3037 1789 3091 neque

210 3128 361 3200 stent
396 3120 538 3173 inter
567 3118 847 3173 ordinatos
874 3118 927 3172 in
952 3118 1213 3182 ecclesia;
1241 3132 1413 3187 neque
1454 3115 1507 3169 in
1539 3114 1787 3169 convivio
1815 3149 1860 3210 ο

188 3194 932 3267 ἐἑᾶεειιιίηιετδιιωι-ιιοιεε.
964 3206 1239 3272 Burclt.,l.
1277 3223 1454 3272 vut,c.
1480 3204 1789 3269 84,e.rcon-

184 3284 329 3356 ‘cilio
346 3300 626 3355 Rhemensi
646 3308 897 3370 premente
908 3297 1172 3351 Ludovico
1194 3298 1400 3367 imper.,
1420 3312 1466 3349 ε.
1480 3294 1514 3362 εξ
1531 3313 1542 3347 :
1566 3293 1788 3347 Femina

204 3408 317 3448 non
327 3391 423 3447 det
436 3391 825 3462 paenitentiam,
841 3405 941 3444 nec
955 3387 1234 3458 corporale
1245 3401 1365 3440 cum
1384 3385 1672 3446 oblatione,
1689 3397 1788 3436 nec

206 3485 437 3540 calicem
466 3498 629 3553 super
654 3482 824 3538 altare
867 3489 1056 3551 ponat,
1078 3494 1179 3535 nec
1207 3480 1347 3533 inter
1381 3478 1659 3533 ordinatos
1684 3483 1790 3529 stet

207 3575 265 3630 in
295 3573 551 3641 ecclesia,
585 3588 687 3630 nec
706 3572 891 3628 sedeat
924 3572 1066 3627 inter
1097 3571 1408 3625 sacerdotes
1445 3568 1497 3622 in
1522 3566 1785 3623 convivio.

704 3684 854 3741 CAP.
897 3684 1009 3739 Vill
1041 3684 1297 3740 ΡίΕΝΙΤ.

183 3815 191 3821 -
283 3778 461 3835 Graeci
493 3793 686 3833 carnes
722 3776 1133 3831 morticinorum
1162 3792 1269 3831 non
1296 3777 1427 3831 dant
1449 3775 1645 3846 porcis.
1679 3773 1794 3829 Pel-

205 3870 293 3925 les
321 3878 503 3923 tamen
535 3867 604 3922 ad
646 3866 1010 3921 calceamenta
1038 3872 1094 3919 et
1119 3865 1296 3919 lanam
1327 3874 1382 3920 et
1419 3880 1623 3919 cornua
1652 3863 1794 3918 acci-

182 3975 346 4034 pere
372 3959 519 4023 licet,
547 3973 656 4012 non
679 3956 748 4011 ad
776 3955 979 4025 aliquid
1003 3963 1269 4010 sanctum.
1303 3953 1475 4024 Capit.
1510 3970 1543 4008 ι
1574 3972 1586 4007 :
1619 3952 1794 4008 Graeci

184 4062 398 4110 autem
423 4050 766 4107 morticinam
796 4064 904 4104 non
934 4050 1064 4104 dant
1092 4048 1273 4119 porcis
1311 4048 1441 4102 suis.
1466 4047 1637 4101 Pelles
1664 4061 1795 4101 vero

186 4144 625 4213 morticinorum
636 4142 705 4197 ad
718 4139 1102 4204 calceam'enta,
1123 4146 1252 4203 etc.,
1276 4138 1441 4193 licent
1462 4137 1633 4206 accipi
1660 4155 1673 4189 :
1699 4136 1796 4191 sed

206 4252 349 4300 non,
388 4244 496 4290 etc.
956 4299 961 4300 ί
1076 4280 1085 4293 ς

733 4300 882 4358 CAP.
923 4299 993 4357 Xl
1029 4298 1289 4355 PiiENlT.

291 4395 485 4451 Mulier
506 4394 678 4450 tribus
701 4395 976 4450 mensibus
997 4392 1268 4448 abstineat
1289 4405 1389 4444 sea
1410 4389 1531 4444 viro
1559 4404 1657 4443 suo
1679 4402 1798 4457 quae

1887 1913 2064 1959 terum
2090 1906 2276 1961 tollere
2321 1906 2519 1962 virum.
2570 1907 2817 1980 Excerpt.
2851 1910 2984 1981 Egb.
3041 1910 3222 1976 Ebor.,
3251 1927 3297 1965 ο.
3328 1908 3450 1964 illi.

1888 1996 2135 2069 Synodus
2159 2000 2326 2055 dixit:
2366 2000 2588 2057 Muliere
2616 2012 2826 2058 mortua
2862 2005 2989 2059 licet
3025 2005 3140 2059 viro
3166 2013 3288 2077 post
3309 2019 3458 2060 men-

1886 2104 2000 2143 sem
2021 2091 2267 2158 accipere
2285 2090 2558 2157 alteram;
2603 2100 2726 2163 post
2769 2110 2969 2149 annum
2995 2109 3124 2150 vero
3173 2094 3299 2150 licet
3340 2100 3459 2148 mu“-

1886 2176 2003 2231 lieri
2032 2178 2275 2248 accipere
2301 2178 2527 2234 alterum
2552 2181 2727 2236 virum

1958 2268 2016 2323 Si
2044 2270 2239 2341 mulier
2256 2271 2566 2326 discesserit
2586 2288 2616 2327 a
2644 2275 2762 2329 viro
2782 2289 2880 2329 suo
2908 2274 3211 2345 despiciens
3235 2289 3377 2340 eum,
3402 2280 3460 2329 et

1887 2359 2076 2413 nolens
2098 2361 2294 2415 reverti
2323 2371 2376 2415 et
2417 2363 2753 2417 reconciliari
2786 2364 2924 2429 viro,
2949 2374 3069 2433 post
3103 2365 3339 2435 quinque
3363 2380 3459 2420 au-

1888 2464 1987 2504 nos
2006 2466 2128 2504 cum
2151 2466 2413 2506 consensu
2433 2452 2667 2522 episcopi
2680 2454 2841 2508 aliam
2869 2455 3119 2523 accipere
3141 2455 3298 2510 liceat
3322 2472 3459 2513 uxo-

1887 2555 2021 2594 rem.
2054 2539 2302 2612 Excerpt.
2330 2542 2551 2596 Eborac.
2582 2544 2833 2614 archiep.,
2853 2562 2898 2598 ι’.
2932 2544 3051 2599 122.
3077 2530 3258 2599 Canon
3284 2546 3409 2600 dicit
3439 2563 3461 2602 :

1889 2630 1945 2685 Si
1983 2630 2178 2687 mulier
2228 2632 2539 2688 discesserit
2576 2648 2606 2687 a
2631 2633 2748 2689 viro
2774 2650 2895 2700 suo,
2923 2643 3055 2699 etc.,
3084 2642 3206 2705 post
3224 2635 3463 2706 quinque

1886 2722 1972 2776 vel
1997 2731 2200 2792 septem
2224 2738 2417 2789 annos,
2442 2738 2565 2778 cum
2587 2738 2854 2779 consensu
2885 2724 3120 2794 episcopi
3158 2724 3271 2794 ipse
3299 2724 3462 2780 aliam

1886 2812 2114 2882 accipiat
2134 2827 2380 2879 uxorem,
2403 2814 2450 2867 si
2461 2814 2746 2869 continens
2757 2829 2877 2869 esse
2907 2829 3011 2868 non
3033 2815 3256 2884 poterit,
3278 2821 3461 2885 etpe-

1888 2904 2059 2958 niteat
2102 2911 2213 2957 tres
2246 2917 2437 2967 annos,
2487 2902 2571 2957 vel
2598 2903 2764 2957 etiam
2792 2904 3029 2972 quandiu
3074 2903 3301 2969 vixerit;
3328 2904 3458 2974 quia

1881 2995 2040 3065 juxta
2069 2994 2389 3049 sententiam
2423 2993 2658 3058 Domini,
2677 2993 2924 3048 moechus
2943 2992 3324 3062 comprobatur

1966 3084 2024 3140 Si
2048 3084 2102 3140 in
2135 3083 2446 3153 captivitate
2471 3099 2567 3152 per
2594 3083 2703 3137 vim
2730 3084 2888 3138 ducta
2920 3082 3111 3137 redimi
3138 3098 3246 3136 non
3269 3088 3461 3152 potest,

1890 3184 2012 3247 post
2037 3190 2237 3249 annum
2264 3175 2493 3229 alterum
2524 3174 2789 3244 accipere.
2822 3174 2957 3229 Item
2983 3174 3027 3228 si
3060 3172 3113 3227 in
3147 3172 3463 3243 captivitate

1888 3269 2082 3323 ductus
2110 3266 2273 3321 fuerit
2298 3266 2382 3320 vir
2405 3264 2541 3334 ejus,
2575 3265 2810 3334 quinque
2839 3280 3008 3319 annos
3030 3271 3328 3333 exspectet.
3371 3261 3461 3317 Si-

1889 3358 2090 3413 militer
2114 3367 2290 3411 autem
2313 3365 2367 3411 et
2392 3356 2604 3421 mulier,
2624 3356 2669 3410 si
2697 3356 2824 3410 talia
2848 3355 3189 3426 contigerint.
3218 3354 3463 3425 Excerpt.

1889 3447 2023 3518 Egb.
2056 3446 2282 3500 Eborac.
2330 3445 2500 3511 are/1.,
2532 3461 2579 3499 ε.
2624 3444 2746 3498 122.
2792 3442 2976 3497 Canon
3021 3440 3271 3497 dicit:Si
3313 3441 3467 3512 cujus

1887 3554 2024 3591 uxor
2050 3537 2103 3591 in
2147 3534 2510 3605 captivitatem
2543 3534 2699 3588 ducta
2744 3532 2935 3598 fuerit,
2965 3541 3019 3587 et
3045 3547 3108 3588 ea
3138 3531 3329 3587 redimi
3357 3546 3465 3585 non

1886 3629 2104 3699 poterit,
2132 3637 2256 3697 post
2293 3642 2492 3681 annum
2524 3625 2808 3695 septimum
2845 3624 3068 3679 alteram
3098 3623 3346 3694 accipiat.
3394 3623 3465 3680 Et

1888 3721 1931 3774 si
1960 3726 2145 3789 postea
2191 3717 2425 3788 propria,
2461 3716 2512 3770 id
2552 3725 2633 3771 est
2662 3716 2809 3785 prior
2834 3714 3029 3770 mulier
3062 3715 3129 3770 de
3160 3716 3469 3785 captivitate

1890 3827 2106 3869 reversa
2137 3809 2315 3874 fuerit,
2343 3809 2571 3878 accipiat
2614 3823 2756 3871 eam,
2781 3805 3243 3877 posterioremque
3286 3804 3470 3859 (imit-

1892 3911 1989 3958 tat.
2026 3901 2287 3957 Similiter
2309 3908 2486 3954 autem
2523 3905 2577 3952 et
2605 3897 2714 3961 illa,
2742 3897 2881 3952 sicut
2920 3896 3167 3951 superius
3209 3882 3466 3961 diximus,

1893 3995 1938 4049 si
1962 3995 2080 4049 viro
2108 3992 2231 4046 talia
2259 3989 2603 4060 contigerint,
2631 3987 2812 4043 faciat.
3193 4059 3197 4063 ν

1966 4088 2081 4140 Duo
2117 4100 2331 4155 quoque
2370 4083 2564 4137 fratres
2591 4080 2725 4135 duas
2753 4094 2966 4135 sorores
2992 4078 3046 4133 in
3074 4077 3322 4148 conjugio
3350 4091 3473 4147 pos-

1894 4188 2020 4236 sunt
2066 4180 2294 4244 habere;
2328 4186 2381 4233 et
2412 4185 2567 4246 pater
2608 4174 2881 4244 illiusque,
2927 4182 3154 4241 matrem
3201 4181 3255 4226 et
3284 4171 3468 4226 ﬁliam.

1896 4270 2025 4343 Cap.
2065 4286 2202 4327 Lxxv
2234 4288 2246 4322 :
2274 4269 2418 4323 Patri
2462 4277 2517 4322 et
2558 4267 2668 4323 tilio
2718 4273 2945 4321 matrem
2975 4271 3029 4319 et
3064 4264 3228 4317 tiliam
3262 4262 3387 4318 licet
3413 4248 3473 4318 in

1876 4370 1879 4373 ί
1897 4361 2242 4418 matrimonio
2258 4359 2477 4416 habere.

184 4485 477 4559 ,concepit
520 4495 646 4540 ante
692 4493 926 4553 partum,
956 4491 1011 4539 et
1045 4490 1168 4551 post
1196 4489 1405 4549 tempus
1442 4477 1792 4549 purgationis,
1827 4492 1874 4551 ο
1970 4475 2027 4529 Si
2055 4476 2137 4530 vir
2157 4482 2213 4529 et
2237 4473 2431 4528 mulier
2455 4470 2833 4540 conjunxerint
2853 4484 2912 4525 se
2941 4468 2993 4522 in
3022 4466 3388 4533 matrimonio,
3414 4473 3475 4522 et

209 4582 326 4636 hoc
358 4587 461 4640 est,
500 4576 855 4648 quadraginta
904 4576 1094 4655 diebus
1119 4581 1173 4628 et
1215 4573 1465 4628 noctibus
1490 4572 1605 4627 sive
1656 4584 1799 4625 mas-

211 4671 404 4729 culum
428 4679 481 4725 et
505 4658 760 4725 feminam
782 4668 1046 4740 genuerit.
1073 4667 1202 4739 Cap.
1224 4684 1315 4722 xx:
1343 4685 1355 4720 :
1385 4665 1635 4720 Mulieres
1655 4678 1800 4718 men-

215 4770 377 4817 struo
408 4768 650 4829 tempore
674 4774 780 4813 non
802 4759 1003 4813 intrent
1025 4756 1330 4820 ecclesiam,
1366 4769 1539 4824 neque
1559 4768 1800 4809 commu-

186 4846 411 4907 “nicent
430 4862 530 4906 nec
559 4848 1023 4906 sanctzcmoniales
1045 4849 1330 4904 neclaicae.
1361 4847 1418 4902 Si
1446 4855 1797 4917 prtesumant,

214 4939 402 4994 tribus
437 4939 861 4995 hebdomadibus
893 4938 1191 5008 pteniteant
1232 4953 1352 5007 quze
1388 4937 1594 4990 intrant
1630 4935 1803 4991 eccle-

219 5031 363 5085 siam
397 5038 519 5083 ante
548 5029 806 5083 mundum
835 5029 1151 5099 sanguinem
1180 5035 1302 5098 post
1322 5032 1572 5096 partum,
1602 5025 1656 5081 id
1681 5034 1797 5092 est,

220 5121 298 5175 40
328 5120 541 5175 diebus.

295 5213 622 5284 Legitimum
646 5212 953 5282 conjugium
976 5226 1080 5266 non
1108 5210 1234 5265 licet
1259 5223 1514 5279 separare
1536 5208 1653 5263 sine
1674 5222 1803 5262 eon-

221 5321 393 5361 srnsu
422 5305 702 5359 amborum
730 5322 742 5359 :
776 5312 953 5373 potest
974 5310 1156 5357 tamen
1185 5302 1321 5357 alter
1338 5302 1494 5356 alteri
1526 5301 1798 5355 licentiam

221 5398 361 5457 dare
391 5395 649 5452 accedere
674 5396 740 5449 ad
773 5396 1086 5450 servitutem
1116 5394 1211 5448 Dei
1256 5394 1311 5448 in
1355 5391 1707 5457 monasterio,
1749 5399 1805 5446 et

222 5487 331 5545 sibi
358 5489 585 5553 nubere,
607 5489 653 5543 si
675 5489 728 5543 in
744 5489 918 5558 primo
940 5487 1188 5559 conjugio
1209 5494 1327 5542 erat
1340 5485 1634 5541 secundum
1655 5483 1804 5539 Grie-

227 5596 343 5636 eos.
387 5578 610 5648 Regina,
634 5579 726 5633 lib.
774 5595 811 5633 ιι
843 5579 907 5632 de
933 5577 1078 5632 Eccl.
1127 5577 1281 5643 disc.,
1307 5593 1353 5630 ο.
1382 5576 1506 5637 107,
1533 5592 1598 5629 ex
1648 5574 1802 5628 dictis

232 5667 566 5738 Hieronymi.
617 5668 843 5723 Additur
871 5669 1142 5737 quintum,
1174 5669 1391 5737 quando
1419 5669 1533 5721 sive
1560 5666 1664 5731 vir,
1692 5666 1804 5720 sive

229 5759 427 5814 mulier
455 5774 519 5813 ex
563 5774 826 5815 consensu
871 5759 1182 5828 religionem
1211 5758 1433 5833 ceperit,
1478 5758 1603 5813 licet
1650 5756 1801 5811 alteri

1901 4575 2089 4639 postea
2118 4565 2314 4621 dixerit
2341 4563 2535 4619 mulier
2565 4564 2633 4618 de
2661 4562 2778 4616 viro
2802 4576 2900 4616 suo
2922 4574 3028 4614 non
3053 4572 3239 4628 posse;
3273 4557 3319 4613 si
3349 4558 3473 4627 quis
3526 4590 3531 4593 ι

1902 4660 2099 4731 poterit
2120 4660 2350 4728 probare
2369 4657 2511 4727 quod
2532 4671 2715 4709 verum
2737 4654 2825 4718 sit,
2841 4652 3067 4721 accipiat
3085 4650 3246 4704 alium
3270 4650 3468 4721 virum.

1904 4750 2169 4816 Rhabam,
2185 4749 2239 4803 in
2260 4765 2340 4818 ep.
2364 4748 2432 4801 ad
2453 4744 2815 4809 Heribaldum,
2833 4759 2948 4814 cap.
2963 4742 3062 4797 29:
3093 4740 3215 4796 Non
3237 4756 3354 4795 cum
3374 4757 3474 4795 au-

1865 4829 1874 4836 .
1903 4843 2161 4909 claritate,
2191 4841 2281 4895 sed
2311 4841 2376 4894 de
2395 4835 2739 4910 quorumdam
2768 4835 2977 4889 statutis
3004 4830 3391 4903 respondemus,
3416 4830 3474 4911 in

1868 4932 1873 4937 θ
1906 4936 2089 5009 quibus
2117 4933 2364 5004 scriptum
2393 4940 2467 4985 est
2492 4944 2510 4982 :
2533 4929 2625 4984 Vir
2651 4936 2706 4985 et
2731 4926 2921 4981 mulier
2942 4926 2987 4980 si
3015 4941 3073 4980 se
3098 4922 3476 4992 conjunxerint

1905 5023 2271 5088 matrimonio,
2299 5030 2350 5076 et
2394 5028 2577 5089 postea
2623 5017 2819 5074 dixerit
2860 5015 3052 5069 mulier
3077 5014 3141 5069 de
3170 5013 3286 5068 viro
3328 5015 3473 5083 quod

1904 5131 2009 5169 non
2061 5112 2226 5182 possit
2269 5111 2318 5166 ei
2360 5110 2583 5173 nubere,
2615 5109 2659 5163 si
2701 5114 2875 5177 potest
2900 5105 3127 5174 probare
3151 5118 3251 5172 per
3268 5101 3474 5171 justum

1894 5204 2156 5273 judicium
2203 5201 2344 5270 quod
2388 5216 2577 5255 verum
2630 5198 2720 5259 sit,
2758 5195 2985 5263 accipiat
3029 5192 3213 5246 alium.
3251 5191 3471 5263 Regina,

1902 5295 1992 5350 lib.
2026 5311 2099 5356 χι,
2127 5312 2173 5348 c.
2199 5293 2305 5347 242
2329 5308 2343 5346 :
2368 5292 2510 5361 quod
2540 5306 2645 5345 non
2676 5288 2844 5358 possit
2873 5286 3020 5341 coire
3048 5300 3170 5340 cum
3196 5300 3281 5341 ea.
3314 5282 3476 5339 Addit

1904 5384 2123 5449 Burria,
2153 5384 2190 5436 l.
2220 5399 2308 5447 ιχ,
2336 5398 2382 5435 c.
2428 5382 2499 5436 40
2524 5399 2536 5434 :
2564 5380 2621 5434 Si
2661 5387 2838 5433 autem
2865 5378 2955 5432 ille
3002 5376 3161 5431 aliam
3205 5373 3479 5446 acceperit

1905 5484 2243 5547 separentur.
2271 5474 2385 5539 Iro,
2432 5489 2485 5543 p.
2531 5488 2650 5537 vm,
2678 5488 2725 5524 ε.
2756 5470 2823 5525 '79
2847 5483 2861 5521 :
2888 5467 3134 5536 Accipiat
3176 5466 3341 5520 alium
3369 5482 3384 5518 :
3408 5479 3477 5520 eo

1904 5567 2044 5639 quod
2065 5566 2218 5637 juxta
2246 5564 2557 5635 Apostolum
2581 5578 2687 5617 non
2710 5558 2975 5631 potuitilli
3001 5557 3220 5612 reddere
3244 5556 3323 5610 vir
3346 5571 3477 5611 suus

1905 5661 2164 5716 debitum.

1976 5753 2215 5810 Puellam
2264 5753 2639 5825 desponsatam
2685 5764 2792 5805 non
2840 5748 2964 5803 licet
3010 5744 3320 5816 parentibus
3347 5744 3476 5799 dare
