4020 6360
579 299 694 365 087

971 292 1319 352 THEODORI
1355 290 1671 348 ARCHIEP.
1711 286 2169 346 CANTUARIEN!

2306 282 2836 342 ΓἝΝΙΤΕΝΤΙΔΕΕ
2872 281 3263 348 COLLATUM,
3292 278 3442 335 ETC.

582 415 679 479 alii
709 413 841 475 viro,
871 412 978 467 nisi
1007 410 1097 466 illa
1129 409 1349 466 omnino
1389 406 1635 469 resistat;
1665 412 1847 459 tamen
1880 402 1949 457 ad
1971 415 2158 457 mona-
2181 402 2232 461 Α
2260 398 2428 453 ctione
2463 405 2563 452 vet.
2591 396 2707 451 cod.
2734 395 2926 451 Ρωηὶι.
2949 410 3107 466 quam
3148 402 3343 448 rectam
3371 406 3482 447 esse
3520 387 3826 458 conﬁrmans

585 506 808 565 stet-ium
851 503 978 559 licet
1014 503 1094 558 ire
1121 501 1168 556 si
1196 497 1445 555 voluerit.
1479 497 1577 551 illa
1604 504 1783 550 autem
1814 495 2160 565 desponsata,

576 598 636 656 si
661 612 771 653 non
793 594 909 651 vult
933 594 1178 649 habitare
1204 605 1329 646 cum
1357 603 1423 644 eo
1450 589 1569 644 viro
1595 588 1682 642 cui
1712 594 1794 641 est
1822 586 2160 655 desponsata,

582 683 641 742 ei
689 682 916 755 pecunia
963 695 1126 750 quam
1177 677 1361 740 dedit,
1412 683 1467 731 et
1515 674 1673 730 tertia
1734 689 1860 746 pars
1912 672 2158 729 addatur.

586 768 721 843 Cap.
763 785 922 825 smn
965 783 982 823 :
1025 768 1355 837 Desponsata
1397 764 1592 819 mulier
1636 764 1784 829 viro;
1822 762 2014 819 deinde
2057 777 2163 817 non

585 859 703 916 vult
727 859 970 915 habitare
998 872 1121 913 cum
1145 871 1227 917 ea,
1259 855 1445 910 reddat
1473 856 1754 924 pecuniam
1787 870 1907 924 quae
1941 854 2044 924 ipsi
2069 852 2164 908 da-

587 959 710 1017 tur;
751 959 806 1005 et
857 948 1075 1004 tertiam
1113 955 1322 1017 partem
1371 945 1689 1001 substantiae
1733 946 1915 1001 addat.
1973 944 2162 999 Priora

587 1043 741 1098 verba
780 1052 839 1097 at
884 1044 941 1097 in
986 1051 1087 1097 vet.
1117 1040 1233 1096 cod.
1269 1039 1459 1094 Paruit.
1484 1038 1726 1109 leguntur
1754 1038 1895 1109 apud
1938 1036 2159 1101 Eure/2.,

586 1131 676 1188 lib.
710 1149 829 1199 rm,
850 1132 1071 1204 exceptis
1102 1132 1183 1185 his
1210 1129 1376 1185 verbis
1402 1146 1519 1201 qutc
1542 1126 1725 1184 desunt
1746 1142 1766 1181 :
1790 1128 1893 1183 nisi
1925 1127 2014 1182 illa
2041 1142 2159 1181 om-

580 1222 719 1282 nino
744 1225 980 1281 resistat.

1077 1312 1228 1370 CAP.
1269 1313 1363 1369 ΧΠ
1415 1311 1673 1368 ΡΟΕΝΙΤ.

657 1402 719 1461 Si
764 1420 977 1461 servum
1012 1412 1066 1459 et
1090 1405 1342 1460 ancillam
1379 1404 1630 1459 dominus
1656 1402 1935 1458 amborum
1965 1401 2017 1456 in
2046 1416 2163 1456 ma-

587 1493 897 1549 trimonium
943 1492 1241 1562 conjunxit,
1266 1502 1455 1562 postea
1499 1492 1727 1547 liberato
1774 1506 1932 1546 servo
1959 1490 2044 1545 vel
2070 1506 2166 1544 an-

586 1585 730 1651 cilla,
759 1586 804 1641 si
831 1601 937 1641 non
963 1594 1139 1656 potest
1164 1585 1355 1640 redimi
1384 1599 1506 1655 ane
1530 1584 1584 1638 in
1615 1583 1835 1638 servitio
1863 1593 1968 1647 est,
1993 1582 2164 1637 libero

587 1672 712 1729 licet
739 1674 1027 1745 ingenuam
1053 1673 1397 1744 conjungere.
1425 1673 1553 1745 Cap.
1584 1690 1709 1729 Lxxt
1738 1691 1751 1727 :
1776 1673 1833 1728 Si
1860 1688 2047 1728 servus
2068 1674 2160 1737 sit,

587 1770 639 1819 et
681 1764 875 1821 ancilla
928 1766 1131 1822 domini
1166 1781 1379 1821 servum
1429 1765 1575 1820 illum
1625 1766 1851 1821 liberum
1896 1782 2003 1820 non
2047 1766 2161 1821 vult
2194 1746 2238 1807 Β

588 1871 708 1911 cum
739 1856 828 1911 illa
858 1857 1082 1923 nubere,
1109 1857 1317 1912 dimitte
1351 1856 1621 1927 accipere,
1648 1857 1693 1911 si
1722 1857 1810 1911 illa
1838 1872 1943 1911 non
1971 1866 2162 1926 potue-

589 1948 660 2002 rit
692 1948 760 2004 ad
789 1964 933 2005 eum.
962 1947 1094 2014 Qua:
1130 1949 1283 2002 verba
1315 1949 1534 2001 nimium
1565 1948 1849 2018 depravata
1876 1947 1947 2002 ad
1978 1950 2163 2018 genui-

589 2053 713 2094 nam
755 2046 806 2095 et
841 2048 1077 2109 apertum
1120 2053 1327 2092 sensum
1372 2037 1718 2091 restituuntur
1755 2037 2064 2108 praecedenti
2091 2037 2164 2092 le-

2262 486 2612 557 excerptiones
2646 484 2858 556 Egberti
2878 484 3128 549 Eborac.,
3162 499 3279 554 cap.
3309 480 3432 547 124,
3455 479 3644 534 Canon
3665 478 3787 534 dicit
3805 492 3826 533 :

2263 578 2322 635 Si
2352 593 2564 634 servum
2591 586 2646 633 et
2673 576 2920 633 ancillam
2946 576 3198 631 dominus
3238 573 3520 629 amborum
3548 571 3606 626 in
3628 573 3823 627 matri-

2262 674 2444 729 monio
2468 672 2822 743 conjunxerit,
2844 679 3031 742 postea
3058 670 3288 725 liberato
3313 682 3473 724 servo
3502 665 3589 722 vel
3616 665 3823 732 ancilla,

2262 765 2308 819 si
2341 780 2447 820 non
2475 771 2653 834 potest
2682 763 2872 819 redimi
2895 763 2989 833 qui
3015 761 3070 818 in
3098 761 3321 818 servitio
3343 767 3452 825 est,
3477 758 3655 814 libero
3690 758 3823 826 licet,

2264 858 2404 913 sicut
2452 854 2771 926 quibusdam
2814 853 3009 926 placet,
3032 853 3321 925 ingenuam
3350 847 3714 920 conjungere;
3739 849 3822 917 sed

2266 954 2446 1000 tamen
2487 942 2644 1014 juxta
2694 940 3018 999 sententiam
3071 938 3289 996 Domini
3341 936 3589 993 mtechus
3641 937 3821 1007 proba-

2266 1044 2372 1092 tur.
2687 1120 2840 1179 CAP.
2877 1119 2995 1176 XIII
3029 1119 3117 1175 DE
3161 1116 3419 1173 NENIT.

2333 1211 2549 1308 ieiunio
2590 1234 2829 1305 legitima
2860 1233 2965 1289 tria
3010 1240 3138 1289 sunt
3182 1233 3235 1286 in
3281 1245 3463 1285 anno:
3487 1228 3822 1300 quadraginta

2263 1334 2390 1380 ante
2414 1323 2601 1379 Natale
2627 1321 2860 1388 Domini,
2883 1331 2940 1378 et
2958 1330 3080 1393 post
3106 1321 3460 1376 Pentecosten
3484 1318 3819 1388 quadraginta

2266 1417 2402 1471 dies.
2432 1415 2562 1486 Cap.
2592 1414 2694 1471 109
2713 1428 2730 1468 :
2749 1412 2958 1482 Jejunia
2977 1412 3217 1485 legitima
3244 1418 3373 1467 sunt
3398 1409 3507 1464 tria
3536 1410 3595 1465 in
3614 1408 3822 1478 quam

2266 1507 2505 1579 gesimis.

2336 1617 2567 1674 lniirmis
2589 1616 2717 1671 licet
2757 1615 2904 1672 omni
2929 1615 3063 1671 hora
3090 1614 3270 1670 cibum
3298 1620 3355 1668 et
3389 1621 3580 1683 potum
3609 1623 3819 1675 sumere,

2269 1708 2482 1777 quando
2499 1706 2808 1761 desiderant
2828 1705 2911 1761 vel
2932 1713 3178 1776 possunt,
3202 1704 3248 1759 si
3269 1713 3576 1774 opportune
3594 1706 3817 1772 possunt.

2264 1798 2481 1861 Burch.,
2510 1796 2547 1851 ι.
2579 1812 2734 1860 xmt,
2762 1811 2811 1851 ε.
2846 1794 2938 1860 20,
2964 1811 3029 1849 ea:
3068 1792 3254 1849 consil.
3283 1791 3527 1864 legunt.
3557 1808 3604 1845 c.
3630 1787 3820 1844 εὐπισ-
3895 1829 3903 1837 .

2265 1889 2438 1943 tinnis
2479 1888 2612 1943 licet
2652 1886 2799 1944 omni
2844 1887 2979 1942 hora
3023 1887 3202 1942 cibum
3250 1894 3546 1957 potumque
3591 1897 3816 1947 sumen,

2269 1980 2695 2051 quotiescunque
2719 1978 3044 2035 desiderant.

1751 2230 2290 2313 POENITENTIAILE
2325 2234 2677 2316 rut-iouom

592 2369 860 2433 Collatum
881 2386 1023 2445 eum
1077 2370 1418 2445 quibusdam
1448 2369 1789 2445 testimoniis,
1816 2385 1943 2445 qua:
1986 2384 2169 2445 ex_eo
2202 2370 2515 2445 deprompta
2564 2372 2854 2428 laudantur
2901 2374 3021 2445 sub
3062 2371 3371 2428 nominibus
3396 2372 3702 2445 suppositis
3720 2370 3817 2445 llr

841 2442 953 2514 gini
998 2456 1169 2513 papar,
1202 2440 1441 2507 Fabiani,
1468 2450 1574 2494 etc.
1609 2441 1787 2510 Atque
1813 2441 1930 2494 haec
1956 2440 2283 2495 testimonia
2301 2440 2451 2496 certo
2474 2457 2539 2496 ac
2570 2456 2699 2499 vero
2726 2444 2934 2499 auctori
2965 2444 3249 2500 Theodoro
3276 2440 3653 2499 restituuntur.

655 2627 793 2684 Cum
836 2623 976 2696 apud
1009 2636 1198 2677 omnes
1224 2621 1371 2676 viros
1406 2621 1593 2676 doctos
1620 2628 1832 2677 constet
1858 2636 1978 2691 quae
2006 2621 2166 2691 vulgo

588 2720 875 2777 laudantur
914 2715 983 2770 ab
1028 2713 1338 2768 auctoribus
1379 2712 1771 2767 recentioribus
1801 2713 1900 2767 sub
1937 2712 2168 2767 nomini-

591 2812 692 2867 bus
717 2805 909 2880 Hygini
931 2820 1103 2875 papa),
1124 2802 1369 2866 Fabiani,
1394 2801 1736 2873 Eutychiani,
1752 2810 1879 2867 etc.,
1895 2818 2014 2857 esse
2038 2816 2165 2871 sup-

588 2898 788 2971 posita,
819 2904 873 2951 et
892 2894 1057 2949 variis
1086 2893 1215 2948 hinc
1239 2891 1364 2946 inde
1394 2891 1664 2961 excerptis
1690 2893 2012 2947 testimoniis
2040 2908 2169 2947 con-

590 2995 770 3050 texta;
800 2982 995 3039 sullicit
1018 2996 1082 3035 ea
1109 2995 1228 3051 qua:
1254 2980 1527 3049 pertinent
1555 2980 1622 3034 ad
1663 2979 2003 3035 Theodorum
2021 3021 2035 3045 ,
2065 2981 2167 3051 ipsi

591 3091 652 3136 ut
678 3096 805 3136 vero
840 3093 903 3134 ac
938 3084 1089 3133 certo
1123 3077 1330 3129 auctori
1366 3074 1673 3139 restituere,
1704 3074 1845 3129 sicut
1871 3074 1983 3144 jam
2013 3073 2166 3143 plura

591 3171 710 3228 aliis
737 3169 981 3241 patribus
1009 3183 1040 3222 a
1063 3166 1196 3221 viris
1224 3164 1551 3220 doctissimis
1577 3165 1826 3219 restituta
1857 3171 2003 3219 sunt.

667 3279 817 3337 Crat.
838 3280 1070 3345 Deerat,
1105 3294 1147 3333 ιι
1173 3295 1251 3349 p.,
1278 3293 1424 3331 caus.
1452 3274 1539 3339 27,
1572 3293 1621 3348 q.
1645 3275 1700 3341 2,
1732 3293 1778 3329 c.
1808 3275 1897 3330 27.
1931 3276 2170 3346 Despon-

591 3383 722 3432 θείω
768 3371 959 3446 puella:
1001 3386 1104 3425 non
1150 3368 1506 3440 prohibentur
1540 3367 1921 3422 monasterium
1950 3367 2165 3437 eligere.

590 3448 859 3521 Probatur
885 3460 1069 3515 itidem
1103 3458 1422 3513 auctoritate
1458 3456 1675 3512 Eusebii
1711 3473 1863 3528 papae
1892 3457 2119 3511 dicentis
2150 3471 2165 3511 :

590 3555 978 3625 Desponsatam
1022 3548 1252 3621 puellam
1284 3564 1391 3602 non
1422 3548 1546 3603 licet
1588 3547 1905 3616 parentibus
1933 3545 2024 3599 alii
2054 3546 2171 3599 viro

591 3643 992 3702 traderezlicet
1022 3650 1199 3695 tamen
1236 3640 1310 3693 illi
1355 3638 1740 3693 monasterium
1768 3638 1985 3707 eligere.
2023 3635 2170 3690 Illud

593 3746 666 3790 est
688 3726 1014 3802 desumptttm
1030 3746 1093 3783 ex
1110 3727 1301 3783 Paruit.
1330 3726 1548 3792 Tlteod.,
1573 3729 1627 3781 in
1653 3726 2028 3799 (lucrationibus
2048 3742 2171 3780 con-

595 3822 891 3893 iugiorum,
922 3818 1008 3871 ubi
1054 3816 1430 3871 sic:Puellam
1472 3817 1850 3889 desponsatam
1896 3831 2002 3872 non
2046 3815 2172 3871 licet

595 3909 932 3985 parentibus,
962 3916 1069 3962 etc.

664 4018 897 4085 Decret.,
924 4035 964 4074 ιι
995 4035 1074 4089 p.,
1099 4035 1245 4073 caus.
1274 4018 1365 4084 28,
1396 4036 1447 4091 ᾳ.
1474 4019 1526 4084 l,
1554 4035 1601 4072 ο.
1629 4018 1665 4074 2
1690 4036 1702 4073 :
1734 4032 1759 4060 ι
1789 4017 1846 4074 ln
1879 4016 2051 4073 fidelis
2078 4032 2175 4087 po-

596 4117 794 4168 testate
821 4110 913 4175 sit,
938 4119 1061 4180 post
1098 4110 1423 4180 baptismum
1449 4125 1675 4166 uxorem
1720 4110 1980 4179 recipere.
2008 4123 2173 4178 quam

596 4205 724 4255 ante
747 4198 1041 4254 dimiserat.
1066 4197 1141 4252 Ex
1164 4198 1381 4254 decreto
1403 4197 1719 4272 Eutycliiani
1748 4214 1900 4270 paptr
1926 4216 1938 4253 :
1963 4197 2021 4253 Si
2053 4197 2173 4268 quis

598 4286 814 4364 gentilis
836 4288 1087 4361 gentilem
1116 4305 1340 4345 uxorem
1368 4291 1633 4346 dimiserit
1661 4300 1785 4348 ante
1814 4291 2169 4361 baptismum,

2266 2631 2323 2678 et
2344 2623 2482 2680 alter
2500 2624 2745 2694 gentilis,
2785 2634 2843 2682 et
2866 2626 3018 2697 sequi
3044 2642 3151 2683 non
3175 2626 3293 2682 vult
3309 2667 3325 2693 ,
3362 2628 3507 2684 sicut
3549 2628 3678 2684 eicit
3698 2627 3817 2700 Apo-

2268 2714 2438 2769 stolus
2466 2732 2479 2768 :
2511 2714 2746 2771 lniidelis
2789 2716 2836 2770 si
2867 2717 3115 2782 discedit,
3144 2716 3404 2772 discedat.
3451 2716 3610 2772 Istud
3646 2732 3819 2789 qum

2267 2815 2341 2859 est
2373 2805 2630 2860 Theodori
2648 2808 2739 2878 qui
2763 2807 2875 2861 Iure
2902 2807 3169 2878 subjungit
3192 2820 3211 2859 :
3235 2808 3413 2863 Simili
3444 2809 3626 2873 modo,
3655 2808 3698 2864 si
3717 2808 3820 2881 quis

2266 2910 2456 2952 eorum
2482 2898 2785 2968 baptizatus
2810 2907 2915 2964 est,
2940 2898 3077 2954 alter
3097 2899 3331 2969 gentilis,
3359 2910 3467 2956 etc.

2193 3027 2243 3100 α
2342 3008 2569 3078 Decret.,
2593 3026 2632 3066 ιι
2648 3027 2726 3082 ρ.,
2754 3028 2899 3066 caus.
2922 3011 3011 3077 55,
3031 3028 3083 3083 q.
3111 3012 3168 3079 2,
3192 3028 3238 3067 ε.
3265 3013 3299 3068 5
3326 3031 3340 3066 :
3363 3011 3567 3068 Allines
3589 3013 3643 3068 in
3661 3013 3816 3083 quinta

2268 3106 2615 3173 generatione
2664 3106 2904 3176 copulari
2949 3116 3215 3177 possunt:
3242 3106 3296 3159 in
3325 3115 3518 3175 quarta
3560 3107 3608 3161 si
3647 3105 3819 3160 fuerint

2267 3194 2502 3261 inventi,
2548 3210 2657 3251 non
2705 3204 3042 3265 separentur.
3088 3194 3219 3250 item
3256 3195 3528 3251 Fabianus
3574 3195 3816 3266 papa:De

2268 3285 2583 3355 propinquis
2613 3285 2704 3356 qui
2750 3286 2819 3341 ad
2847 3284 3159 3341 afﬁnitatem
3188 3301 3285 3356 per
3305 3286 3488 3340 virum
3532 3294 3586 3340 et
3622 3296 3811 3339 uxorem

2267 3375 2510 3441 veniunt,
2546 3374 2798 3431 defuncta
2832 3391 3000 3432 uxore
3044 3374 3125 3430 vel
3158 3377 3298 3440 viro,
3325 3383 3381 3430 et
3403 3375 3601 3445 quinta
3625 3389 3816 3446 genera-

2271 3465 2415 3521 tione
2439 3464 2833 3537 conjungantur
2850 3484 2863 3497 ·
2885 3467 2938 3523 in
2963 3474 3179 3538 quarta,
3194 3465 3241 3520 si
3276 3466 3478 3521 inventi
3500 3464 3716 3530 fuerint,
3733 3468 3820 3519 non

2271 3565 2606 3624 separentur.
2652 3556 2709 3610 lu
2759 3557 2919 3613 tertia
2971 3570 3103 3613 vero
3142 3556 3549 3628 propinquitate
3592 3573 3693 3613 non
3721 3555 3820 3610 licet

2270 3661 2492 3700 uxorem
2512 3647 2736 3702 alterius
2757 3648 3001 3717 accipere
3021 3657 3139 3717 post
3165 3647 3370 3703 obitum
3389 3647 3527 3718 ejus.
3547 3647 3823 3718 Equaliter

2269 3735 2353 3791 vir
2376 3735 2735 3809 conjungatur
2767 3738 2820 3792 in
2849 3737 3193 3793 matrimonio
3218 3739 3299 3793 eis
3324 3755 3444 3809 qua:
3484 3740 3597 3795 sibi
3621 3753 3823 3795 consan-

2269 3826 2479 3896 guineae
2505 3837 2652 3893 sunt,
2683 3837 2738 3882 et
2764 3828 2948 3884 uxoris
2975 3842 3086 3884 ante
3113 3829 3529 3901 consanguineis
3561 3838 3683 3902 post
3707 3844 3818 3883 mor-

2270 3922 2379 3971 tem
2403 3932 2514 3973 sua:
2542 3919 2745 3975 uxoris.
2788 3918 2990 3974 Eadem
3024 3920 3182 3990 paulo
3210 3930 3324 3991 post
3351 3922 3481 3975 citat
3515 3921 3619 3976 sub
3651 3918 3825 3975 nomine

2267 4003 2393 4062 Julii
2423 4023 2573 4078 βψω
2614 4009 2668 4064 in
2694 4009 2875 4064 eadem
2904 4027 3051 4065 caus.
3080 4020 3131 4065 et
3177 4020 3385 4082 quast"
3415 4028 3464 4066 ο.
3496 4011 3590 4068 i3.
3623 4009 3721 4068 Sed
3742 4010 3825 4064 ista

2269 4102 2526 4171 pertinent
2551 4100 2622 4155 ad
2653 4100 2981 4159 Theodorum
3005 4103 3095 4174 qui
3124 4104 3202 4158 sic
3228 4105 3282 4158 in
3310 4113 3496 4176 quast.
3521 4105 3763 4176 conjug.:
3780 4101 3825 4159 In

2273 4192 2431 4247 tertia
2480 4193 2880 4263 propinquitate
2924 4195 3106 4251 carnis
3151 4194 3279 4251 licet
3323 4196 3527 4251 nubere
3559 4195 3827 4253 secundum

2270 4284 2508 4351 Graecos,
2535 4288 2674 4343 sicut
2701 4289 2753 4344 in
2783 4288 2899 4361 lege
2920 4290 3180 4361 scriptum
3206 4298 3321 4356 est;
3354 4291 3409 4347 in
3433 4290 3630 4361 quinta
3657 4303 3827 4345 secun-

598 4390 722 4458 post
756 4382 1081 4451 baptismum
1110 4383 1162 4437 in
1188 4389 1458 4453 potestate
1496 4381 1613 4451 ejus
1652 4383 1758 4435 erit
1794 4397 1914 4436 eam
1949 4382 2171 4445 habere,
2206 4380 2255 4442 D
2278 4378 2405 4433 dum
2446 4378 2738 4447 Romanos,
2764 4390 2943 4438 tamen
2971 4382 3025 4438 in
3053 4383 3210 4439 tertia
3241 4399 3348 4439 non
3380 4383 3624 4447 solvunt,
3651 4383 3695 4438 si
3730 4385 3826 4450 post

597 4470 684 4526 vel
717 4486 825 4526 non
860 4471 1080 4529 habere.
1119 4468 1233 4525 Hoc
1272 4470 1493 4541 pertinet
1524 4471 1593 4525 ad
1626 4469 1957 4525 Theodorum
1986 4470 2075 4542 qui
2099 4470 2175 4524 ita

598 4559 655 4619 in
682 4559 1051 4632 questionibus
1096 4558 1420 4631 conjug.:Si
1448 4560 1570 4630 quis
1614 4559 1879 4615 dimiserit
1923 4559 2176 4631 gentilem

600 4662 847 4715 uxorem,
878 4656 983 4703 etc.

2278 4469 2478 4526 factum
2516 4470 2696 4527 fuerit.
2735 4473 2877 4545 Ergo
2925 4475 2979 4530 in
3029 4478 3217 4546 quinta
3253 4475 3607 4548 generatione
3634 4472 3826 4543 conjun-

2279 4571 2492 4634 gautur.
2518 4563 2587 4617 Et
2622 4565 2696 4619 sic
2716 4564 2781 4620 de
2815 4567 3035 4621 exteris.

2354 4678 2431 4732 Ex
2482 4679 2676 4748 quibus
2718 4679 2968 4735 omnibus
3016 4688 3165 4751 patet
3214 4679 3462 4736 maxima:
3518 4674 3828 4735 auctoritatis

670 4760 824 4833 Apud
852 4760 1003 4817 Crat.
1047 4764 1282 4834 sequitur
1306 4780 1351 4816 c.
1380 4764 1413 4819 5
1439 4781 1451 4817 :
1476 4760 1676 4817 Fidelis
1710 4760 1979 4817 infidelem
2007 4759 2180 4818 disce—
2281 4785 2399 4827 essc
2426 4770 2796 4827 Pmnitentiale
2834 4772 3121 4840 Theodori,
3140 4781 3301 4843 aulue
3330 4771 3595 4844 optimum
3621 4768 3829 4830 codicem

603 4851 816 4907 dentem
845 4854 996 4922 sequi
1023 4870 1129 4909 non
1159 4854 1389 4925 cogitur.
1425 4853 1568 4909 idem
1600 4852 1966 4924 Eutycbianus
2000 4866 2135 4923 papa
2165 4870 2178 4906 :

607 4939 782 4998 Simili
827 4943 1003 5008 modo,
1032 4944 1077 4999 si
1122 4961 1261 5000 unus
1301 4961 1368 5000 ex
1397 4943 1697 5015 conjugatis
1743 4943 2050 5016 baptizatus
2079 4952 2183 5009 est,

667 5085 706 5117 ·ο
744 5072 971 5142 Burch.,
1003 5077 1040 5131 l.
1072 5094 1150 5144 Ix,
1183 5094 1232 5135 c.
1260 5078 1348 5144 59,
1380 5078 1470 5135 60.

2285 4875 2387 4916 ms.
2416 4875 2522 4931 quo
2554 4861 2636 4916 usi
2666 4877 2870 4918 sumus.
