4020 6360
637 324 750 390 955

1059 454 1416 498 CONTINUATIO
1442 451 1784 492 DECRBTALIS.

661 550 668 553 ·
710 534 876 590 Actus
896 529 1042 586 beati
1069 529 1312 584 Silvestri
1336 542 1486 598 papze
1507 538 1533 566 ι
1564 543 1664 598 pro
1696 528 1916 597 antiquo
1943 539 2043 581 usu
2068 525 2210 580 mul-

637 633 708 680 tte
728 623 1006 678 imitantur
1027 628 1083 674 et
1106 627 1431 672 venerantur
1449 616 1721 671 Ecclesize.
1760 601 2068 686 Scripturas
2096 617 2123 654 ι’
2146 616 2212 670 de

639 716 946 771 inventione
998 719 1198 765 sanctae
1241 710 1439 772 crucis,
1469 717 1524 764 ct
1561 709 1629 762 de
1674 708 1976 763 inventione
2020 707 2210 776 capitis

637 805 861 861 Joannis
881 802 1133 872 Baptisue
1162 810 1184 837 ε
1217 798 1463 852 Nonnulli
1487 814 1580 853 eas
1605 798 1853 852 catholici
1881 797 2082 866 legunt.
2103 796 2210 850 Sed

639 908 762 947 cum
811 893 925 946 haec
967 890 1034 943 ad
1071 887 1458 942 catholicorum
1487 903 1678 941 manus
1706 886 2042 950 advenerint,
2067 884 2209 940 bcatl

639 982 788 1038 Pauli
819 979 1088 1050 pnccedat
1105 977 1392 1041 sententia,
1411 975 1601 1030 Omnia
1625 987 1798 1028 autem
1822 975 2055 1045 probate,
2071 973 2210 1044 quod

641 1071 829 1123 bonum
854 1077 927 1121 est
956 1076 1137 1121 tenete.
1167 1066 1242 1120 De
1266 1065 1460 1119 Ruﬁno
1479 1065 1569 1134 qui
1597 1063 1825 1134 plurima
1859 1061 1937 1133 (In
1966 1061 2053 1114 ed.
2082 1060 2206 1115 add.

638 1157 924 1230 expositio)
967 1158 1156 1221 edidit,
1190 1156 1248 1209 S.
1281 1156 1637 1225 Hieronymus
1682 1170 1804 1209 eum
1862 1154 1914 1208 in
1944 1153 2209 1222 aliquibus

638 1251 704 1305 de
730 1249 941 1304 arbitrii
969 1249 1218 1302 libertate
1245 1247 1477 1310 notavit;
1517 1246 1604 1300 illa
1628 1246 1910 1306 sentimus,
1935 1259 2053 1313 quin
2073 1258 2210 1312 pra:-

635 1341 839 1395 dictum
868 1339 1249 1409 Hieronymum
1276 1339 1474 1392 sentire
1496 1337 1843 1406 cognovimus
1874 1354 1885 1389 :
1914 1344 1968 1389 et
1992 1351 2094 1389 non
2118 1351 2208 1389 so-

636 1429 746 1484 lum
774 1431 841 1484 de
866 1429 1080 1493 Ruﬁno,
1105 1430 1200 1484 sed
1228 1430 1389 1482 etiam
1419 1428 1484 1482 de
1510 1427 1758 1481 omnibus
1789 1443 1923 1496 quos
1951 1428 2062 1496 ipse
2089 1427 2209 1495 (Hic

636 1532 850 1586 quoque
891 1525 953 1570 ut
998 1516 1182 1586 supra)
1225 1516 1340 1571 zelo
1367 1516 1460 1570 Dei
1485 1525 1538 1570 et
1564 1516 1685 1570 ﬁdei
1726 1515 1981 1586 religione
2028 1532 2210 1585 repre-

635 1607 795 1663 bendi
803 1616 840 1662 t.

935 1698 1116 1753 Canon
1145 1697 1590 1768 Carthaginensis,
1621 1696 1648 1735 ἀ
1677 1713 1785 1749 trra
1813 1695 1905 1750 24.

709 1801 735 1830 ε
759 1789 944 1844 Liceat
993 1790 1155 1843 etiam
1204 1787 1381 1858 legere
1424 1788 1704 1856 passiones
1735 1794 2050 1856 martyrum,
2081 1798 2202 1838 cum
2235 1771 2282 1832 Β

633 1879 993 1936 anniversarii
1017 1879 1133 1934 dies
1155 1892 1342 1932 eorum
1365 1876 1723 1930 celebrantur.

1260 1987 1484 2042 CAPUT
1524 1987 1588 2041 γ.

636 2099 706 2139 υτ
741 2097 844 2139 PER
880 2095 1129 2138 SINGULOS
1161 2094 1326 2134 ANNOS
1363 2094 1591 2132 SYNODUS
1629 2093 1710 2131 IIIS
1748 2093 1871 2131 FIAT
1911 2093 1925 2130 ἶ
1968 2093 2035 2130 ετ
2072 2091 2203 2137 ουλ-

1127 2165 1288 2205 ιιτειι
1314 2159 1708 2202 υεΝιςΝτιετυιι.

1051 2239 1072 2280 ί
1105 2237 1286 2294 Canon
1323 2237 1530 2291 Νεεωηί
1558 2235 1784 2290 concilii.

706 2332 736 2374 ⁸
763 2329 867 2385 Per
887 2327 1124 2400 singulos
1143 2342 1331 2391 annos,
1360 2327 1414 2380 in
1442 2326 1666 2395 singulis
1702 2323 2014 2395 provinciis,
2042 2321 2200 2394 [.ldd.

629 2421 887 2494 secundo]
923 2422 992 2475 ab
1040 2419 1290 2475 omnibus
1336 2418 1600 2488 episcopis
1628 2417 1710 2470 bis
1739 2416 1966 2470 concilia
2002 2414 2086 2484 agi
2112 2413 2206 2466 de-

629 2511 757 2567 bere
782 2531 794 2566 :
821 2519 877 2566 et
901 2527 931 2565 a
956 2508 1495 2580 eomprovincialihus
1521 2507 1587 2561 de
1631 2504 1995 2573 hujuscemodi
2044 2516 2207 2570 nego-

628 2601 718 2657 tiis
735 2599 1000 2670 judicari;
1027 2607 1085 2652 ut
1106 2598 1153 2651 si
1182 2596 1320 2652 forte
1343 2595 1411 2650 ab
1435 2609 1542 2649 uno
1584 2594 1764 2664 inique
1805 2601 2010 2664 gestum
2042 2599 2143 2652 est,
2174 2604 2206 2642 a

625 2694 835 2749 caeteris
869 2691 1187 2747 emendetur
1228 2707 1242 2743 :
1286 2689 1332 2743 si
1390 2695 1552 2749 recte,
1603 2685 1672 2740 ab
1721 2683 1969 2739 omnibus
2011 2681 2208 2736 conﬁr-

631 2787 828 2836 metor.

929 2843 1111 2902 Conon
1136 2843 1591 2920 Chalcedonensis,
1621 2842 1650 2881 ὶι
1680 2857 1788 2896 tera
1816 2839 1906 2894 20.

707 2938 723 2978 ί
751 2936 823 2993 Ut
838 2951 937 3008 per
959 2931 1194 3005 singulas
1221 2933 1548 3004 provincias,
1582 2931 1954 3002 episc0porum
1980 2926 2204 2983 concilia

699 3080 725 3109 ι
751 3067 809 3121 ιιι
835 3065 920 3121 ed.
953 3065 1073 3119 add.
1105 3063 1369 3134 expositio
1407 3077 1526 3132 quae
1571 3061 1754 3115 forsan
1798 3063 1850 3115 in
1884 3077 2054 3133 marg.
2085 3070 2204 3116 tan.

629 3145 742 3195 tum
773 3143 890 3191 erat
912 3135 1132 3204 scripta.

702 3207 730 3248 ι)
746 3206 803 3260 In
824 3204 908 3260 ed.
941 3199 1057 3258 istae
1080 3203 1362 3272 scripturae
1383 3209 1644 3272 vocantur
1666 3199 1878 3254 novella:
1900 3200 2197 3272 relationes.

629 3276 689 3331 ιιι
715 3275 883 3329 altera
912 3273 1120 3328 collect.
1152 3270 1273 3325 cod.
1305 3270 1454 3334 Her.,
1481 3270 1752 3340 religiones
1776 3270 1986 3323 novella:
2026 3272 2089 3324 de
2115 3273 2198 3326 in-

629 3345 861 3400 ventione
885 3344 1055 3396 crucis
1069 3341 1376 3404 Dominicw,
1394 3355 1622 3408 quarum
1647 3340 1850 3393 scilicet
1876 3340 2021 3394 nullo
2043 3343 2200 3396 modo

629 3413 876 3469 meminit
898 3411 1162 3466 Eusebius
1191 3427 1203 3462 :
1232 3410 1436 3464 licetex
1463 3409 1810 3480 relationibus
1834 3408 2011 3464 dubiis
2039 3412 2200 3480 paulo

625 3492 748 3558 post
754 3481 1002 3558 _emersis
1029 3489 1278 3558 auctores
1300 3495 1412 3532 rem
1443 3479 1798 3558 diversimode
1826 3479 2126 3558 rettulerint.

698 3566 720 3594 ο
754 3548 928 3613 Pi;er
971 3551 1038 3604 de
1081 3551 1386 3604 inventione
1431 3549 1621 3618 capitis
1662 3547 1884 3603 Joannis
1933 3549 2190 3619 Baptistre

624 3624 821 3695 legitur
849 3623 902 3676 in
920 3620 1172 3692 operibus
1205 3619 1263 3672 S.
1295 3619 1544 3742 (ἰξυῖ-ἰδιιὶ
1578 3626 1862 3700 tractatus,
1888 3634 2047 3688 quem
2070 3621 2192 3702 qui.-

626 3707 837 3742 cunnue
859 3691 1048 3742 legerit
1079 3703 1184 3742 non
1205 3703 1325 3742 esse
1394 3703 1601 3742 vortam
1624 3697 1804 3742 statim
1827 3698 1988 3742 atoue
2010 3688 2192 3742 fatebi-

626 3688 1048 3764 eu'nq‘ueilegérit
1079 3703 1184 3746 non
1205 3688 1601 3764 esse_Cypriani
1624 3688 1988 3764 sta_tim_atque
2010 3688 2200 3745 fatebi-

626 3757 972 3839 tueridein
1005 3761 1286 3839 hauet-em
1327 3757 1651 3839 Rmsperym
1692 3757 2200 3839 in.Chro:iico,.au-

627 3841 832 3888 ctorem
853 3829 1104 3886 Chronici
1132 3826 1498 3887 Alexandrini.
1533 3826 1900 3882 Marcellinum
1943 3830 2198 3884 comitem

628 3902 682 3956 in
711 3901 996 3956 Chronico.
1023 3899 1129 3953 Sed
1156 3899 1296 3952 inter
1336 3907 1558 3952 caeteros
1588 3897 1944 3951 Sozomenum
1975 3899 2066 3952 lib.
2097 3916 2195 3963 vn,

627 3981 745 4040 cap.
774 3969 864 4033 2|,
893 3983 1000 4040 una
1026 3983 1146 4040 cum
1173 3967 1314 4022 notis
1340 3967 1438 4020 viri
1465 3967 1532 4022 cl.
1563 3966 1627 4020 ll.
1676 3966 1893 4040 \falesii,
1939 3970 2196 4040 etumira-

625 4036 791 4103 beris,
817 4046 876 4092 ut
905 4038 1018 4159 iBse
1042 4037 1313 4101 admouet,
1367 4044 1568 4090 tantam
1607 4037 1933 4106 scriptorum
1984 4036 2192 4092 discre-

627 4109 890 4159 pantiam.
968 4123 998 4159 e
1022 4107 1233 4159 cmteris
1261 4121 1379 4159 uua:
1401 4114 1690 4159 supersunt
1722 4107 1773 4159 in
1809 4106 2061 4159 decretali
2095 4109 2192 4159 tria

627 4109 890 4180 pantiam.
924 4106 998 4180 De
1022 4107 1233 4180 caeteris
1261 4121 1379 4180 qua;
1401 4114 1690 4180 supersunt
1722 4107 1773 4160 in
1801 4106 2061 4180 decretali
2084 4109 2196 4180 tria

623 4176 833 4232 tantum
853 4177 1274 4245 animadvertam
1311 4193 1322 4228 :
1359 4177 1412 4245 1ο
1446 4176 1759 4245 Ubicunque
1799 4177 1852 4230 in
1884 4177 2043 4231 editis
2064 4177 2198 4232 dici-

623 4253 714 4302 tur
743 4247 978 4302 Ecclesia
1008 4244 1300 4308 Catholica,
1349 4243 1645 4315 Apostolica
1675 4243 1738 4298 _et
1787 4245 2044 4309 Romana,
2097 4249 2198 4302 hoc

621 4318 941 4372 vocabulum
969 4315 1203 4385 Romana
1230 4315 1417 4368 abesse
1439 4315 1507 4368 ab
1534 4315 1907 4385 antiquissima
1929 4332 2196 4370 canonum

623 4388 957 4458 collectione.
985 4387 1045 4458 2ο
1072 4384 1290 4438 Librum
1323 4385 1411 4454 qui
1441 4386 1500 4458 in
1522 4386 1606 4438 ed.
1635 4384 1859 4458 vocatur
1900 4389 2192 4458 apocryph.

1495 323 1814 382 CANONES
1853 321 2133 380 SELECTI
2173 316 2264 376 EX
2305 321 2457 377 VET.
2499 319 2654 418 CA'N.
2695 319 3025 378 COLLECT.

2235 436 2286 496 Δ
2313 431 2478 489 semel
2497 449 2594 504 per
2618 435 2833 489 tertiam
2859 431 3251 488 hebdomadam
3281 429 3404 488 festi
3444 429 3719 502 paschalis
3748 450 3764 489 :
3791 448 3868 488 se-

2311 527 2486 580 cundo
2507 543 2576 580 xv
2598 527 2685 582 die
2715 527 2916 582 mensis
2942 525 3191 582 Octobris
3219 539 3318 595 per
3339 522 3577 594 singulos
3603 538 3772 579 annos
3790 539 3869 580 ce-

2309 615 2598 671 lehrentur.

2666 706 2847 762 Canon
2868 702 3309 770 Aurelianensis,i
3345 721 3454 759 tera
3485 705 3534 758 1.

2379 817 2531 884 Quod
2585 817 2630 873 si
2672 817 2813 874 intra
2854 819 3150 882 biennium,
3201 816 3457 870 divinitus
3489 814 3641 887 [Ad.,
3677 823 3868 887 tempo-

2308 908 2860 980 rumjtranquillitate
2899 923 3177 972 concessa,
3221 908 3507 962 admonitls
3547 911 3868 977 comprovin—

2309 999 2536 1054 clalibus
2557 1015 2587 1053 a
2618 1001 3032 1070 metmpolitano
3060 1000 3297 1070 synodus
3334 999 3534 1054 indicta
3567 1015 3673 1054 non
3703 1000 3866 1066 fuerit,

2307 1090 2752 1158 metropolitanus
2798 1091 2912 1160 ipse
2954 1105 3052 1159 pro
3081 1089 3410 1143 evocationis
3449 1089 3706 1142 tarditate
3747 1104 3868 1146 anno

2308 1180 2516 1250 integro
2570 1181 2764 1235 missas
2808 1181 2989 1235 facere
3017 1196 3123 1234 non
3171 1187 3479 1249 praesumat.
3510 1179 3664 1246 Quod
3688 1181 3734 1235 si
3763 1197 3868 1236 evo-

2307 1272 2410 1323 cati
2431 1271 2572 1323 uulla
2589 1271 2855 1341 corporali
2876 1271 3188 1325 inﬁrmitate
3211 1269 3408 1323 detenti
3433 1269 3623 1325 adesse
3643 1273 3868 1342 neglexe-

2309 1362 2415 1415 rint
2442 1361 2559 1432 [sua
2581 1362 2841 1417 abusione
2867 1359 3258 1434 despcxerint],
3282 1361 3442 1416 simili
3467 1365 3746 1419 sententia:
3760 1366 3868 1420 sub-

2299 1451 2574 1520 jacebunt.
2596 1452 2621 1491 ¹ι
2649 1451 2706 1505 In
2729 1451 2971 1521 synodali
3001 1461 3264 1505 conventu
3290 1451 3524 1521 primum
3544 1453 3867 1525 deliniriquz

2307 1540 2399 1595 Dei
2429 1548 2572 1606 sunt,
2597 1540 2936 1610 postmodum
2965 1541 3222 1595 humana.

2641 1627 2823 1682 Canon
2843 1628 3241 1693 Aurasicorum,
3270 1627 3292 1668 1
3321 1647 3429 1685 tera
3450 1630 3542 1686 28.

2379 1716 2450 1770 Ut
2496 1715 2672 1771 nullus
2703 1727 3002 1783 conventus
3053 1720 3327 1788 synodalis
3380 1719 3557 1790 [Deest
3612 1721 3863 1792 synodalis

2307 1807 2359 1858 in
2393 1805 2570 1880 editis]
2599 1808 2716 1863 sine
2771 1807 2992 1863 alterius
3023 1819 3322 1866 conventus
3349 1811 3749 1871 denuntiatione
3774 1815 3867 1870 sol-

2307 1904 2484 1949 vatur.

2693 2007 2696 2010 ’
2758 1985 2941 2041 Conon
2963 1986 3047 2039 ωΑ
3056 1988 3424 2045 rrernensis'i.

2373 2096 2592 2164 Quoties
2611 2106 2797 2153 sancta
2821 2101 3056 2169 synodus
3079 2110 3460 2173 congregatur,
3478 2103 3643 2158 nullus
3659 2105 3854 2176 episeo—

2303 2199 2494 2255 porum
2523 2185 2624 2240 alia
2652 2195 2681 2223 ιι
2715 2202 2904 2257 gerere
2934 2190 3149 2253 audeat,
3176 2207 3339 2260 quam
3368 2207 3432 2245 ea
3457 2208 3565 2261 quae
3587 2193 3649 2246 ad
3673 2209 3849 2247 emen-

2304 2274 2572 2329 dationem
2606 2277 2744 2341 vitze,
2769 2286 2826 2331 et
2847 2280 3189 2333 severitatem
3238 2281 3438 2352 regula:
3470 2283 3547 2337 vel
3568 2284 3745 2340 anim
3772 2299 3855 2337 re-

2306 2367 2536 2421 medium
2567 2369 2856 2437 pertinent,
2885 2369 3140 2425 ﬁniantur
3171 2381 3215 2425 υ.

2834 2495 2923 2552 EX
2971 2499 3055 2554 CA
3065 2498 3217 2554 PITE
3267 2501 3352 2557 VI.

2360 2624 2559 2671 QUALES
2599 2625 2664 2663 Αο
2703 2625 2896 2664 8161108
2929 2626 3155 2666 οιωιδεε
3192 2627 3386 2667 VENIRE
3425 2629 3528 2672 κοιι
3569 2631 3805 2687 νοεεσιιτ.

2729 2721 2910 2776 Conon
2943 2721 3214 2790 Sicaniis,
3256 2741 3364 2778 tera
3407 2725 3460 2780 l.

2379 2845 2405 2884 ρ
2426 2830 2503 2888 Ne
2530 2835 2652 2904 quis
2676 2850 2741 2888 ex
2766 2834 2872 2899 his,
2902 2836 2992 2904 qui
3034 2837 3353 2906 semetipsos
3395 2839 3725 2908 impatientia
3754 2842 3862 2898 libI-

2305 2925 2446 2981 dinis
2477 2925 2844 2990 absciderunt,
2869 2927 3051 2980 veniat
3075 2927 3142 2982 ad
3169 2928 3394 2982 clerum.

2381 3071 2404 3099 ο
2428 3057 2525 3115 ilic
2547 3073 2716 3135 canon
2736 3054 2894 3135 vulgo
2917 3059 3256 3135 subjungitur
3271 3059 3325 3113 in
3340 3059 3428 3135 ed.
3448 3062 3598 3135 velut
3615 3064 3855 3135 appendix

2223 3121 2270 3184 C
2305 3129 2370 3183 ad
2389 3145 2514 3204 _ca_n_.
2537 3129 2627 3193 44,
2658 3143 2806 3204 conc.
2830 3121 3089 3204 Carthag.
3113 3121 3213 3204 Vin;
3260 3131 3353 3184 sed
3383 3132 3632 3204 collectio
3649 3121 3861 3204 'a'ntiqua

2305 3200 2424 3252 cod.
2455 3199 2582 3252 Her.
2611 3199 2894 3253 conﬁrmat
2920 3199 2972 3252 id
3001 3198 3141 3267 quod
3158 3198 3270 3265 jam
3300 3214 3330 3252 a
3365 3202 3502 3255 viris
3531 3204 3700 3258 doctis
3727 3198 3864 3259 nota-

2307 3277 2417 3322 tum
2443 3279 2551 3347 est,
2577 3267 2838 3347 in_certis
2879 3269 3227 3347 conciliorum
3277 3270 3435 3325 libris
3476 3273 3583 3326 dici
3624 3274 3860 3347 Carthag.

2302 3338 2514 3414 concilii
2537 3338 2829 3414 capitulum
2851 3337 3166 3414 vigesimum
3188 3348 3463 3414 quartum.

2379 3408 2398 3446 ί
2431 3408 2612 3462 Canon
2637 3408 2669 3461 5
2694 3423 2844 3462 conc.
2869 3408 2993 3477 Nic.
3028 3424 3092 3462 ex
3122 3409 3572 3477 interpretatione
3599 3411 3781 3467 Ruﬁni.

2376 3481 2400 3518 ⁸
2425 3478 2528 3533 Iste
2548 3494 2716 3532 canon
2741 3478 3198 3539 ititeﬂretationis
3212 3478 3488 3534 estRuﬁni
3507 3482 3599 3535 lib.
3621 3499 3657 3536 ιι
3677 3483 3858 3539 eccles.

2301 3547 2550 3604 Historia:
2578 3563 2695 3614 cap.
2730 3549 2790 3610 6;
2819 3547 2970 3616 cujus
2998 3551 3218 3604 canonis
3264 3551 3513 3604 eamdem
3558 3551 3838 3617 interpreta

2301 3620 2502 3688 tionem
2527 3617 2743 3688 adhibet
2774 3618 3056 3673 concilium
3085 3619 3327 3688 Regense
3347 3634 3470 3673 can.
3503 3621 3558 3676 8.
3591 3617 3741 3678 Unde
3768 3623 3864 3679 col-

2299 3686 2389 3758 ligi
2418 3690 2578 3759 debet
2603 3687 2935 3759 collectionis
2960 3689 3079 3742 cod.
3129 3686 3258 3743 Her.
3306 3690 3627 3759 antiquitas,
3657 3694 3790 3748 sicut
3815 3695 3861 3747 in

2299 3757 2617 3828 prmlatione
2643 3757 2992 3828 ostendimus.

2371 3829 2398 3867 ιι
2426 3827 2558 3881 Can.
2600 3827 2921 3898 19_inaliis
2966 3829 3159 3898 interp.
3207 3843 3359 3884 conc.
3408 3829 3741 3886 Chalcedon.
3778 3847 3863 3886 nec

2301 3897 2517 3966 Dionys.
2551 3911 2650 3950 nec
2679 3896 2803 3951 lsid.

2377 3966 2720 4040 {Singularis
2757 3975 2850 4040 est
2891 3966 2990 4040 illa
3035 3967 3434 4040 interpretatio,
3479 3969 3525 4023 si
3568 3979 3865 4040 spectentur

2299 4036 2440 4108 vulg.
2470 4046 2524 4090 et
2554 4036 2993 4111 Dionysiiﬁxigui
3015 4046 3069 4090 et
3096 4036 3282 4093 lsidori
3308 4036 3656 4108 interpretfa
3689 4041 3866 4111 quibus

2298 4105 2523 4160 multum
2571 4107 2767 4178 dillert.
2803 4105 3005 4161 Similis
3031 4122 3159 4178 vero
3187 4119 3270 4162 est
3314 4105 3754 4178 interpretationi
3783 4126 3865 4165 ca-

2298 4192 2494 4230 nonum
2523 4191 2673 4250 conc.
2707 4175 2820 4230 Nic.
2845 4192 3005 4250 quam
3035 4176 3260 4250 Ruﬁnus
3311 4175 3480 4242 dedit,
3533 4175 3589 4233 id
3625 4189 3735 4242 est.
3762 4195 3865 4250 qua:

2299 4261 2514 4301 sensum
2544 4247 2882 4315 potiusquam
2932 4248 3048 4315 ipsa
3086 4247 3248 4300 verba
3296 4258 3677 4316 repraesentat.
3712 4247 3865 4304 Porro

2300 4317 2384 4370 his
2404 4325 2458 4369 et
2485 4316 2746 4370 similibus
2768 4317 3299 4385 interpretationibus
3329 4320 3623 4372 uteltantur
3652 4321 3864 4381 concilia

2299 4385 2590 4457 Gallicana,
2618 4385 3209 4457 antetemporacaroli
3255 4387 3448 4457 Magni,
3482 4390 3688 4456 quibus
3716 4391 3866 4446 inter-

621 4457 722 4526 sub
765 4457 920 4511 titulo
979 4455 1251 4511 Canonum
1300 4453 1650 4526 apostolorum
1700 4457 1753 4508 in
1808 4453 2035 4525 utraque
2067 4453 2194 4511 ’ᾰοΙ-
2223 4461 2274 4522 ι)
2297 4457 2528 4525 pretatio
2551 4453 3035 4526 Dionysianaapud
3055 4455 3234 4510 Gallos
3258 4453 3475 4526 recepta
3498 4453 3604 4513 est.

619 4525 848 4583 lectione
889 4527 1030 4581 inter
1067 4524 1399 4592 apocryphas
1428 4524 1728 4592 scripturas
1757 4540 1862 4578 non
1894 4524 2187 4592 recenseri,

621 4596 758 4651 sicut
781 4597 834 4648 in
856 4597 974 4650 cod.
1005 4591 1109 4648 viri
1135 4593 1201 4646 cl.
1225 4591 1589 4663 Justelli.Nec
1609 4607 1705 4647 suo
1735 4602 1974 4663 tempore
2002 4591 2192 4651 recen-

621 4666 782 4719 situm
808 4665 976 4720 fuisse
1020 4663 1093 4717 ita
1133 4671 1362 4716 testatur
1408 4661 1730 4732 llincmarus
1770 4661 1966 4732 Opitsc.
1993 4683 2040 4719 c.
2073 4665 2141 4719 25
2175 4684 2188 4719 :

628 4753 646 4785 ι
677 4734 782 4789 Sed
809 4742 864 4788 et
891 4736 1080 4788 beatus
1126 4732 1375 4786 Gelasius
1420 4732 1474 4784 in
1519 4729 1784 4802 catalogo,
1815 4729 1910 4802 qui
1953 4733 2075 4789 libri
2123 4737 2191 4790 ab

619 4803 856 4858 Ecclesia
889 4804 1236 4872 recipiantur,
1267 4801 1333 4854 de
1375 4802 1459 4855 his
1491 4801 1855 4870 apostolbrum
1884 4802 2192 4860 Canonibus

618 4874 805 4935 tacuit,
956 4887 1053 4955 nec
1068 4873 1216 4955 inter
1245 4872 1548 4955 apocrypha
1568 4886 1662 4955 eos
1682 4873 1862 4955 misit...
1885 4892 1914 4953 ι.
1930 4874 1985 4927 5ο
2007 4872 2190 4955 Neque

618 4942 871 5011 opuscula
901 4940 1212 4994 Tertulliani
1236 4941 1385 5009 inter
1410 4942 1716 5062 procrypha
1768 4942 1916 5012 rejici
1948 4960 1960 4995 :
1993 4940 2190 5000 rectius

619 5025 748 5062 sane
767 5026 929 5062 quam
958 5010 1010 5062 in
1036 5010 1215 5062 editis.
1246 5024 1366 5062 cum
1460 5011 1786 5062 ieronvmus.
1819 5011 1971 5062 cuius
1993 5012 2188 5062 iudicia

619 5010 748 5081 sane
767 5026 929 5081 quam
958 5010 1010 5064 in
1036 5010 1215 5081 editis,
1246 5024 1366 5081 cum
1410 5010 1786 5081 Hieronymus,
1819 5010 1971 5080 cujus
1990 5012 2190 5081 judicia

618 5080 755 5160 mire
780 5077 1066 5160 laudantur
1093 5093 1123 5131 a
1165 5077 1398 5160 Gelasio,
1449 5079 1513 5160 de
1547 5077 1682 5160 ipsis
1722 5081 1795 5134 ita
1825 5077 2108 5160 scripserit
2135 5085 2189 5138 in

616 5147 860 5234 catalogo
899 5148 1233 5234 scriptorum~
1283 5145 1789 5234 ecclesiasticarum.
1839 5169 1862 5232 ι
1887 5145 2042 5234 ‘V'idi
2090 5169 2188 5234 ego

617 5215 902 5286 quemdam
927 5215 1168 5288 Paulum
1195 5215 1526 5288 Concordize,
1569 5219 1712 5288 quod
1743 5219 1995 5288 oppidum
2027 5215 2190 5277 Italia:

616 5283 718 5350 est,
748 5301 931 5340 senem
957 5286 1047 5354 qui
1074 5300 1132 5356 se
1157 5285 1298 5339 beati
1333 5283 1605 5356 Cypriani‘
1631 5286 1744 5355 jam
1770 5283 1988 5356 grandis
2013 5295 2190 5348 mtatis

615 5356 906 5420 notarium,
931 5369 1052 5408 cum
1081 5355 1205 5424 ipse,
1219 5355 1503 5409 admodum
1521 5368 1664 5410 esset
1678 5355 1988 5413 adolescens
2005 5360 2190 5417 Romae

615 5427 816 5500 vidisse
867 5423 1432 5500 diceret,’relerreq_u_e
1479 5427 1582 5500 sibi
1632 5428 1868 5500 solitum,
1915 5446 2187 5500 nunquam

613 5496 940 5566 Cyprianum
970 5493 1171 5566 absque
1197 5493 1509 5566 Tertulliani
1560 5495 1787 5552 lectione
1834 5513 1996 5553 unam
2043 5493 2187 5554 diem

611 5563 1019 5640 prgterissezac
1044 5565 1143 5640 sibi
1161 5563 1588 5640 crebrodicere:
1620 5567 1696 5622 Da
1711 5569 2036 5640 magistrum,
2060 5571 2190 5629 Ter-

616 5633 894 5688 tullianum
920 5633 1169 5688 videlicet
1197 5633 1521 5702 signiﬁcans.
1563 5655 1582 5688 ι

683 5703 711 5744 δ
741 5702 905 5758 Cone.
937 5703 1126 5760 Carth.
1157 5719 1240 5770 ιιι,
1267 5719 1316 5757 c.
1344 5703 1432 5756 47.

2370 4526 2383 4575 i
2425 4527 2587 4580 Cone.
2618 4524 2799 4579 Aurel.
2829 4524 2989 4589 m,’c.
3023 4524 3072 4578 7.

2369 4596 2393 4635 ιι
2426 4595 2492 4649 1η
2532 4595 2792 4666 synodali.
2834 4596 3149 4666 Etrcaztera
3207 4594 3586 4666 desiderantur
3613 4598 3672 4652 in
3700 4597 3866 4654 editis.

2295 4666 2494 4721 Verum
2519 4664 2618 4736 pro
2647 4665 2731 4719 bis
2765 4664 3289 4736 substituunturialia
3319 4681 3438 4736 qua:
3470 4666 3542 4718 ita
3565 4667 3863 4723 habentur:

2299 4754 2317 4786 ι
2353 4737 2455 4803 Qui
2481 4734 2659 4790 tamen
2687 4743 2743 4788 et
2784 4735 2924 4790 hanc
2947 4734 3350 4790 excusationem
3379 4734 3481 4788 sibi
3512 4740 3740 4792 noverit
3764 4752 3868 4792 esse

2293 4806 2578 4868 sublatam,
2607 4805 2651 4859 si
2679 4803 2977 4860 absentiam
3025 4819 3177 4858 suam
3207 4805 3470 4859 divisione
3508 4808 3684 4863 sortis
3711 4808 3870 4862 credi.

2291 4873 2470 4930 derint
2487 4875 2866 4930 excusandam.
2907 4893 2926 4924 ι
2959 4872 3065 4928 Sed
3113 4889 3236 4927 cum
3264 4876 3344 4928 vir
3373 4874 3441 4929 cl.
3468 4873 3518 4928 ι.
3551 4876 3867 4931 Sirmondus

2291 4945 2382 5027 qui
2403 4946 2455 5000 in
2470 4945 2618 5027 alios
2645 4959 2879 5027 canones
2927 4943 3522 5027 minimamfe‘rborom
3556 4947 3866 5027 discrepati-

2291 5013 2421 5068 tiam
2454 5014 2862 5077 diligentissime
2909 5013 3136 5077 notavit,
3181 5013 3313 5067 nihil
3340 5015 3406 5067 ad
3455 5014 3601 5069 hunc.
3629 5013 3867 5070 animad-

2289 5083 2532 5165 verterit,
2556 5082 2722 5166 liquet
2748 5084 2916 5164 istam_
2951 5082 3319 5166 collectionem
3345 5083 3786 5152 antiquissimam
3807 5085 3865 5139 ab

2290 5153 2407 5222 ipso
2435 5169 2541 5208 non
2560 5152 2726 5207 fuisse
2744 5152 3122 5207 examinatam.

2371 5223 2386 5262 ι
2415 5224 2578 5277 Cone.
2604 5222 2918 5276 Aurasicani
2950 5237 2964 5274 ι
2997 5237 3117 5275 can.
3145 5222 3234 5275 29.

2364 5304 2401 5332 ω
2419 5292 2620 5347 Concil.
2656 5292 2824 5346 cclcb.
2855 5307 2994 5345 anno
3016 5292 3216 5345 Christi
3238 5290 3342 5346 805
3365 5292 3554 5346 titulus
3584 5294 3768 5349 docet.

2291 5367 2295 5371 ’
2363 5373 2390 5401 η
2420 5363 2475 5415 In
2505 5361 2874 5431 ed.,ialiqugam
2904 5362 3049 5430 prius
3078 5377 3291 5414 causam
3315 5378 3593 5431 suggerere
3619 5365 3834 5419 audeat.

2364 5440 2388 5467 ο
2415 5431 2594 5485 Fiant.
2627 5429 2753 5498 Leg.
2779 5429 2960 5498 lvo,p.
2988 5446 3105 5490 \'Ill,
3133 5446 3253 5499 cap.
3281 5432 3400 5484 168.

2365 5513 2391 5550 ι»
2416 5501 2486 5554 Ea
2534 5509 2619 5555 est
2665 5499 2839 5554 lluﬁni
2887 5500 3278 5569 interpretatio,
3331 5516 3454 5568 qua:
3476 5516 3506 5552 a
3534 5504 3753 5558 caeteris
3774 5517 3859 5557 sua

2289 5573 2553 5627 brevitate
2574 5571 2842 5642 discrepat
2869 5588 2880 5622 :
2911 5585 3016 5642 qua
3059 5570 3248 5642 eadem
3275 5570 3357 5642 uti
3383 5571 3632 5626 solebant
3654 5641 3657 5642 ν
3680 5573 3861 5642 synodi

2291 5643 2598 5696 Gallicanis.
2630 5640 2777 5710 Unde
2805 5639 3038 5710 synodus
3060 5639 3395 5693 Arelatensis
3421 5655 3482 5700 ιι,
3506 5656 3628 5694 can.
3651 5639 3862 5704 7,’hunc

2293 5726 2554 5766 canonem
2580 5707 3019 5764 similiter'ret‘ert
3071 5724 3138 5762 ex
3171 5723 3360 5778 magna
3392 5712 3598 5778 synodo
3625 5710 3856 5766 Nicena.
