4020 6360
145 343 253 404 ἑθΊ

817 460 955 515 Era
992 461 1045 515 2.
1578 454 1605 477 θ

224 576 293 633 Ut
338 590 511 646 neque
539 590 710 646 nuper
748 584 1055 646 assumptus
1105 591 1169 631 ex
1210 575 1503 645 gentilitate
1532 586 1582 637 α,
1630 590 1721 628 ac-

144 674 306 736 cepto
324 665 608 736 baptismo,
625 672 912 734 antequam
932 666 1146 719 cautius
1172 665 1532 727 examinetur,
1563 661 1723 717 cleri-

144 768 247 810 cus
278 754 373 809 ﬁat
396 755 445 807 δ.

501 847 684 903 Conon
720 845 1082 911 Ca'sariensis,
1115 858 1137 885 ε
1170 862 1279 901 (cra
1317 844 1371 899 8.

224 957 283 1014 Si
324 957 475 1028 cuius
514 971 652 1013 uxor
703 956 1021 1012 adulterium
1074 956 1365 1018 commisit,
1398 954 1499 1009 iste
1530 952 1598 1007 ad
1627 952 1730 1007 mi-

143 1051 434 1108 nisterium
481 1049 909 1109 ecclesiasticum
952 1047 1165 1117 penitus
1217 1045 1426 1099 admitti
1478 1059 1584 1099 non
1630 1043 1725 1097 de-

144 1142 261 1195 DCI.

485 1224 667 1280 Conon
689 1224 1016 1297 Epaunensis
1037 1221 1090 1287 δ,
1112 1234 1220 1277 cera
1248 1222 1317 1276 26
1351 1233 1395 1275 ε.

222 1333 302 1389 Ne
328 1332 521 1400 laicus,
547 1334 650 1389 nisi
674 1333 931 1403 religione
971 1330 1271 1401 prtemissa,
1328 1328 1557 1385 clericus
1586 1328 1732 1383 ον(ιί⁴⁹

142 1431 334 1480 netur.

494 1513 677 1569 Conon
707 1512 1094 1568 Aurelianensis
1132 1509 1177 1575 ί,
1208 1526 1314 1565 (τινα
1339 1508 1390 1563 6.

228 1649 255 1688 ⁸
279 1645 615 1702 Omnimodis
642 1646 985 1709 observetur,
1024 1659 1093 1698 ne
1131 1642 1270 1697 ullus
1304 1658 1366 1696 ex
1413 1642 1563 1695 laicis
1610 1649 1733 1694 ante

142 1738 445 1794 annualem
484 1738 911 1800 conversionem,
966 1734 1049 1789 vel
1095 1740 1307 1787 aetatem
1340 1733 1651 1802 legitimam,
1683 1730 1736 1784 id

1005 346 1322 405 CANONES
1348 345 1647 401 .SELECTI
1685 346 1778 401 EX
1816 345 1972 401 VET.
2014 343 2170 400 CAN.
2213 341 2535 399 GULLECT.

3282 346 3388 402 998

1744 467 1795 525 Α
1824 457 1983 511 latur.
2014 455 2111 523 Qui
2144 464 2322 509 tamen
2353 455 2396 510 si
2427 454 2780 524 periculosam
2835 454 3203 511 infirmitatem
3247 457 3270 500 ι
3316 459 3399 513 in-

1822 545 2111 608 currcrint,
2164 545 2417 598 viaticum
2473 542 2627 615 [Ed.,
2680 546 2872 599 viatica
2921 546 3248 621 communio]
3294 548 3402 609 illis

1822 650 1929 690 non
1958 643 2200 705 negetur.

2004 743 2261 815 Scriptum
2287 746 2340 797 in
2365 746 2578 815 epistola
2608 744 2810 800 Zosimi
2833 765 2999 818 paptc,
3036 766 3143 804 mra
3174 749 3226 803 7.

1894 850 1995 920 Qui
2050 850 2212 905 aliam
2264 868 2428 920 quam
2474 854 2757 923 virginem,
2791 857 2904 911 sive
2929 866 3051 927 post
3072 860 3399 929 baptismum

1825 942 1939 999 sive
1966 949 2089 995 ante
2115 942 2459 1011 baptismum,
2504 944 2655 998 duxit
2680 962 2921 1009 uxorem,
2960 963 3064 1002 non
3092 951 3406 1008 admittatur

1828 1030 1895 1085 ad
1922 1030 2144 1083 clerum.
2176 1031 2233 1083 lu
2264 1031 2529 1101 baptismo
2568 1032 2585 1071 ι
2617 1036 2759 1089 enim
2786 1037 3011 1091 crimina
3039 1039 3405 1109 dimittuntur,

1828 1137 1935 1176 non
1961 1132 2193 1191 accepta:
2219 1125 2405 1179 uxoris
2441 1129 2768 1181 consortium
2798 1130 3090 1185 relaxatur.

2506 1236 2645 1291 /Era
2673 1240 2725 1294 8.

1905 1338 2049 1397 Satis
2068 1344 2211 1398 enim
2241 1346 2533 1401 absurdum
2557 1356 2641 1404 est
2686 1365 2908 1406 uxorem
2934 1364 3056 1410 ante
3080 1356 3407 1426 baptismum

1833 1442 2134 1501 acceptam,
2175 1445 2297 1505 post
2338 1437 2665 1507 baptismum
2709 1457 2814 1496 non
2839 1445 3088 1513 imputari
3116 1468 3128 1501 :
3161 1466 3283 1504 cum
3309 1468 3408 1508 nec

1766 1513 1793 1543 ⁹
1836 1531 2013 1577 tamen
2056 1525 2111 1578 in
2161 1528 2411 1581 secundis
2454 1530 2654 1599 nuptiis
2703 1534 2866 1588 etiam
2919 1548 3041 1605 post
3086 1540 3407 1611 baptismum

1836 1613 1994 1671 factis
2021 1630 2052 1669 a
2082 1618 2362 1672 sacerdote
2386 1620 2685 1676 benedictio
2717 1626 3053 1684 tribuaturm.

2263 1730 2443 1785 Canon
2483 1743 2511 1770 ιι
2538 1734 2854 1791 Arelatensis
2889 1739 2921 1793 5
2943 1750 2985 1795 ο.

145 1842 259 1897 est,
287 1831 361 1885 25
389 1844 653 1919 annorum,
680 1829 960 1919 diaconus,
1015 1833 1071 1919 ei
1108 1824 1176 1879 50
1217 1823 1496 1919 presbyter
1523 1822 1734 1919 οτάξηθ·
1774 1841 1814 1899 Β
1912 1836 1986 1890 De
2012 1838 2097 1892 his
2125 1854 2259 1908 quos
2298 1841 2553 1897 clericatu
2581 1845 2800 1915 alligare
2832 1847 2962 1919 [Αι.,
2995 1851 3266 1909 clericatui
3296 1857 3403 1912 alli-

144 1930 245 1975 tur
276 1938 289 1973 :
327 1921 400 1974 ita
423 1927 482 1972 ut
505 1918 534 1957 ιι
560 1918 657 1987 ipsi
685 1916 775 1985 qui
804 1914 1085 1969 ordinandi
1111 1920 1237 1967 sunt
1261 1912 1463 1974 clerici,
1496 1909 1739 1979 regulare

147 2010 471 2065 custodiant
494 2007 749 2068 studium,
776 2018 843 2058 ne
870 2010 961 2057 aut
986 2003 1212 2057 duarum
1259 2015 1489 2054 uxorum
1516 2000 1615 2062 vir,
1648 2006 1743 2052 aut

143 2108 395 2170 renuth
445 2097 689 2159 maritus,
739 2103 831 2148 aut
886 2092 1257 2163 paenitentiam
1310 2090 1606 2159 professus,
1649 2096 1742 2141 aut

144 2190 287 2247 semi
337 2188 541 2260 [scmus
584 2188 639 2240 in
679 2186 799 2249 ed.;
824 2184 982 2248 alias,
1012 2171 1219 2253 senius]
1251 2196 1497 2250 corpore,
1530 2179 1614 2233 vel
1649 2178 1740 2248 qui

143 2281 367 2351 publice
393 2278 682 2348 aliquando
709 2284 957 2345 arreptus
991 2282 1095 2337 est,
1144 2273 1211 2327 ad
1258 2272 1595 2342 supradictos
1620 2285 1741 2340 gra-

148 2369 253 2424 dus
312 2375 714 2439 promoveatur.
765 2365 916 2433 Quod
963 2366 1007 2419 si
1039 2364 1215 2418 sciens
1242 2363 1524 2431 episcOpus
1552 2369 1738 2415 contra

149 2459 270 2513 haec
304 2466 506 2512 statuta
536 2456 799 2525 agendum
831 2470 950 2509 esse
976 2453 1283 2515 crediderit,
1312 2452 1359 2506 is
1391 2451 1482 2520 qui
1527 2451 1742 2506 ordina-

146 2560 238 2605 tus
269 2557 357 2604 est
388 2552 406 2590 ί
437 2550 677 2619 privetur
698 2545 874 2601 oliicio
902 2563 914 2598 :
943 2553 999 2601 et
1025 2545 1111 2599 ille
1148 2545 1430 2614 episcopus
1469 2559 1568 2612 pro
1591 2543 1740 2596 ordi-

147 2643 393 2697 nationis
418 2640 720 2695 temeritate
751 2654 844 2694 sex
873 2637 1148 2693 mensibus
1190 2650 1221 2688 a
1264 2634 1600 2689 celebrandis
1628 2632 1743 2687 olli-

144 2733 248 2787 ciis
274 2739 667 2801 sequestretur.
693 2728 845 2796 Quod
867 2729 911 2783 si
933 2728 1130 2782 missas
1155 2728 1297 2781 intra
1322 2734 1581 2780 statutum
1607 2733 1742 2778 tem-

146 2839 252 2894 pus
302 2822 487 2878 facere
530 2821 953 2891 praesumpserit,
1001 2836 1099 2891 per
1151 2834 1349 2874 annum
1374 2819 1646 2887 integrum
1676 2814 1741 2868 ab

144 2918 401 2971 omnium
431 2914 664 2970 fratrum
686 2914 953 2969 cbaritate
978 2914 1241 2983 privetur.
1271 2910 1347 2965 De
1367 2923 1596 2980 quorum
1620 2923 1744 2976 pro-

146 3006 487 3062 motionibus
513 3005 559 3059 si
585 3005 707 3073 quis
734 3004 964 3059 clericus
994 3010 1086 3057 aut
1135 3000 1270 3055 civis
1316 3000 1470 3054 testis
1524 2999 1746 3054 exstite-

144 3098 222 3151 rit
252 3095 268 3147 i
306 3110 453 3150 anno
480 3109 587 3148 uno
617 3092 767 3165 [Ed.,
799 3108 940 3147 anno
968 3088 1198 3162 integro]
1226 3090 1605 3144 communione
1630 3086 1745 3157 pel-

216 3284 246 3312 ι
271 3264 357 3326 De
374 3273 488 3327 vita
517 3269 601 3325 vel
626 3270 1034 3327 conversatione
1056 3267 1261 3339 gentili.

218 3342 250 3383 ι)
282 3342 495 3396 Eadem
544 3358 665 3396 cum
711 3343 973 3396 brevitate
1023 3338 1239 3393 exhibet
1280 3338 1422 3392 hunc
1471 3352 1734 3393 canonem

142 3412 397 3485 synodus
426 3429 463 3465 ιι
494 3411 695 3485 Αΐθξέὶιλ.
727 3427 847 3465 can.
871 3411 947 3485 _l_._
978 3409 1155 3475 Quare
1201 3408 1326 3485 licet
1375 3408 1552 3460 minus
1579 3425 1737 3461 accu-

142 3477 285 3539 rate
302 3483 587 3535 videantur
602 3480 906 3550 hujusmodi
935 3477 1402 3547 interpretationes
1430 3492 1536 3530 non
1557 3484 1737 3550 tamen

142 3562 279 3608 sunt
337 3548 764 3615 contemnendm,
812 3551 920 3603 imo
963 3562 1157 3617 magna
1210 3561 1332 3601 cum
1392 3548 1737 3600 veneratione

142 3621 517 3690 suscipienda:
563 3629 727 3673 sunt:
760 3622 1388 3690 quippemcuuiuprop‘ter
1440 3631 1593 3690 suam
1642 3630 1736 3669 ve-

142 3685 417 3747 tustatem
438 3691 505 3744 ab
532 3690 766 3758 antiquis
778 3685 1025 3743 conciliis
1048 3685 1341 3742 Gallicanis
1361 3686 1736 3740 auctoritatem

143 3761 448 3829 accipiant.

218 3843 244 3870 ε
272 3826 749 3883 ’Νεοειεεαήεηδὲι
778 3826 961 3898 Erisca
1000 3829 1193 3897 interp.
1236 3842 1335 3881 nec
1378 3826 1599 3897 Dionys.
1640 3839 1739 3879 nec

140 3900 369 3972 Isidori-
576 3970 584 3972 ,
632 3964 663 3972 .-

220 3970 251 4009 ὃ
280 3967 855 4046 ξξρίιοηειιςὶδὶοῃείιίῇ
877 3984 925 4024 c.
955 3967 1040 4023 37.

200 4052 260 4108 ,ὲ
280 4033 669 4097 Ηῐωςῑιῖηεωε
699 4042 765 4095 ab
792 4041 876 4095 ed.
909 4048 1019 4093 tam
1059 4036 1304 4093 diversus
1333 4035 1535 4108 indicat
1564 4033 1742 4108 diverf

141 4103 274 4169 sum
317 4126 533 4182 quoque
570 4127 700 4182 esse,
729 4105 1545 4182 aliorumcanonumordinem.
1588 4103 1741 4182 Quod

143 4186 230 4239 vir
263 4173 350 4236 Cl:
374 4180 423 4234 J.
448 4173 771 4236 Sirmondus
797 4180 850 4233 in
898 4178 1019 4232 aliis
1068 4176 1311 4229 conciliis
1339 4174 1532 4243 saepius
1554 4173 1741 4227 obser-

142 4264 263 4314 vat,
295 4262 355 4305 et
374 4252 609 4305 maxime
634 4248 1028 4305 observandum
1057 4260 1177 4301 esse
1207 4247 1383 4307 docet,
1414 4251 1475 4296 ut
1500 4243 1602 4296 alia
1634 4257 1743 4296 ma-

133 4322 291 4391 joris
316 4320 575 4377 momenti
600 4322 938 4389 detegantur.

223 4413 248 4453 ί
288 4410 499 4466 Concil.
529 4408 712 4463 Aurel.
742 4425 823 4472 ιιι,
851 4423 899 4462 c.
933 4407 984 4459 7.

154 4574 157 4575 ν
222 4507 254 4545 8
290 4501 351 4557 ιι]
375 4502 462 4555 ed.
491 4500 843 4570 expositionis
868 4511 1034 4553 causa
1057 4496 1300 4566 qumdam
1329 4492 1617 4547 adduntur.

216 4594 247 4674 ιζ
284 4590 348 4644 In
380 4590 467 4676 ed:
500 4589 619 4676 χοε
637 4589 993 4676 ipsisiquoque
1006 4587 1108 4676 Jqui
1153 4581 1433 4638 ordinandi
1462 4592 1582 4636 sunt
1632 4580 1740 4636 cle-
1768 4616 1820 4676 Β

138 4664 269 4726 rici,
314 4659 543 4730 regulari
562 4657 887 4711 custodiatur
911 4657 1105 4710 studio.

221 4755 237 4793 ἱ
286 4748 542 4818 Suscepto
568 4747 727 4817 juxta
746 4747 1028 4799 anteriores
1054 4760 1275 4798 canones
1301 4742 1550 4811 privetur,
1574 4751 1680 4796 etc.

221 4839 237 4889 i
279 4837 389 4892 llic
414 4838 467 4890 in
497 4836 581 4890 ed.
610 4835 790 4904 aliqua
814 4836 1015 4888 inserta
1041 4841 1189 4886 sunt.

218 4933 247 4971 ιι
278 4931 349 4985 V'.
380 4928 447 4984 cl.
475 4927 525 4982 J.
568 4927 884 4983 Sirmondus
916 4945 928 4977 τ
956 4925 1058 4991 Qui
1095 4936 1267 4979 tamen
1307 4926 1354 4978 si
1376 4927 1743 4995 periculosam.

138 5003 222 5056 Ita
252 4999 639 5069 Lugdunensis
665 5006 721 5051 et
741 4997 1402 5069 collectionesantiqum,
1423 5005 1478 5069 at
1504 4996 1744 5069 Pithoeu-

137 5088 256 5195 gus
273 5065 689 5193 st'khemensis
718 5075 777 5121 ut
802 5066 1001 5136 vulgati
1027 5083 1039 5118 :
1079 5065 1181 5130 Qui
1218 5066 1262 5119 si
1304 5067 1358 5119 in
1387 5065 1745 5134 inﬁrmitatem

179 5143 269 5196 eci
316 5140 475 5193 crint.

224 5230 247 5270 ι
291 5229 374 5283 Ex
399 5228 625 5297 epistola
652 5226 944 5297 innocentii
968 5225 988 5278 Ι
1018 5226 1087 5279 ad
1106 5226 1420 5281 Victricium
1436 5227 1759 5296 episcopum.

139 5296 519 5369 Bothomag.,
552 5314 674 5367 cap.
707 5296 742 5351 ὕ
770 5306 825 5351 et
849 5296 901 5349 6.

220 5405 269 5432 ιιι
288 5391 424 5458 Qua:
447 5391 682 5445 citantur
701 5404 770 5443 ex
797 5387 1022 5458 epistola
1045 5387 1266 5451 Zosimi,
1294 5402 1397 5441 non
1423 5387 1652 5458 amplius
1669 5386 1749 5458 le-

224 5456 386 5516 ntur.
403 5460 663 5527 Quocirca
689 5460 813 5513 licet
829 5456 1099 5526 conjicere
1121 5460 1260 5512 hanc
1276 5457 1575 5526 epistolam,
1596 5456 1749 5524 cujus

168 5527 726 5604 ﬁgmentumrefert
750 5528 994 5604 collectio
1015 5527 1133 5604 cod.
1160 5528 1572 5604 H.._desiderari
1590 5546 1620 5604 _:
1647 5527 1747 5581 nisi

141 5596 501 5675 quisl'qrsan
527 5599 727 5654 dixerit
743 5598 849 5675 ista
892 5598 1165 5675 pertinere
1208 5597 1275 5675 ad
1305 5597 1561 5675 epistolas
1590 5596 1746 5649 Inno-

142 5667 332 5727 centii
359 5669 403 5734 l,
426 5686 487 5725 ac
514 5669 814 5737 praesertim
839 5668 995 5736 epist.
1012 5668 1078 5721 ad
1098 5667 1411 5737 Victricium
1439 5668 1750 5737 episcopum

144 5734 687 5810 Rotbomagensem,
710 5739 799 5792 ubi
828 5734 907 5792 sic
942 5753 1059 5807 cap.
1092 5736 1126 5791 5
1159 5756 1171 5791 :
1203 5758 1222 5788 ι
1253 5734 1322 5791 Ut
1350 5737 1394 5790 si
1420 5734 1541 5804 quis
1566 5734 1750 5789 mulie-

1843 1927 1979 1999 gari]
2008 1928 2120 1996 ipsa
2151 1930 2273 1984 vita:
2300 1933 2471 1999 gratia
2501 1937 2755 2004 suggerit,
2786 1938 2830 1991 si
2862 1936 3001 1993 forte
3030 1940 3332 2013 iuternupta
3359 1956 3412 2002 et

1842 2020 2107 2087 duplicata
2142 2024 2484 2077 matrimonia
2534 2026 2849 2091 inciderint,
2881 2046 2985 2085 non
3018 2032 3157 2087 ultra
3199 2038 3411 2092 subdia-

1840 2118 2089 2163 conatum
2138 2111 2531 2168 ecclesiasticas
2569 2118 2783 2187 capiant
2827 2121 3131 2191 dignitates.
3176 2125 3327 2192 Quod
3370 2128 3412 2181 si

1840 2197 1968 2254 facti
1998 2199 2224 2255 forsitan
2258 2213 2403 2269 sunt,
2431 2206 2497 2258 ab
2519 2207 2886 2266 ecclesiastico
2915 2223 3294 2270 removeantur
3329 2215 3412 2271 of-

1841 2290 1983 2347 ﬁcio.

2305 2392 2331 2431 P
2365 2380 2545 2437 Canon
2583 2387 2956 2455 apostolorum.

1914 2488 1969 2544 Si
2000 2490 2120 2560 quis
2147 2491 2352 2546 ancillae
2377 2508 2435 2547 se
2466 2495 2763 2561 miscuerit,
2795 2514 2901 2555 non
2936 2510 3114 2571 potest
3151 2507 3413 2568 accedere

1842 2580 1910 2634 ad
1949 2595 2043 2636 eos
2070 2582 2286 2637 ordines
2315 2585 2405 2652 qui
2432 2587 2881 2655 cognominantur
2908 2592 2961 2645 in
2992 2592 3157 2649 clero.

2252 2698 2305 2750 Ν
2308 2701 2666 2755 εοεωεανὶεηδῗ
2669 2719 2693 2755 s
2709 2743 2723 2766 ,
2763 2721 2879 2775 cap.
2922 2704 3008 2759 12.

1913 2818 1939 2858 ει
1970 2808 2027 2863 Si
2054 2808 2176 2877 quis
2204 2808 2257 2861 in
2285 2809 2598 2878 (egritudine
2627 2810 2787 2865 fuerit
2813 2815 3117 2883 baptizatus
3139 2858 3154 2884 ,
3186 2823 3413 2894 presby-

1843 2907 1927 2954 ter
1951 2900 2186 2954 ordinari
2214 2916 2318 2954 non
2348 2901 2547 2954 debet.-
2567 2901 2683 2956 Non
2714 2903 2856 2957 enim
2886 2905 3018 2961 ﬁdes
3048 2907 3190 2965 illius
3217 2920 3299 2966 est
3328 2928 3415 2966 vo-

1844 2994 2094 3055 luntaria,
2128 2992 2221 3046 scd
2247 3008 2313 3045 ex
2342 2994 2664 3047 necessitate
2692 3012 2703 3047 :
2735 2996 2836 3049 nisi
2859 2996 2997 3051 forte
3025 3001 3223 3057 raritas
3249 3003 3394 3058 homi

1844 3100 1971 3138 num
2003 3092 2181 3153 cogat,
2209 3092 2301 3136 aut
2326 3098 2425 3152 pro
2452 3081 2571 3152 eius
2599 3086 2741 3140 bono
2769 3087 2949 3142 studio
2973 3097 3027 3142 et
3052 3088 3176 3147 ﬁde.

1763 3271 1812 3335 ο
1844 3281 1980 3340 rem,
2005 3263 2128 3317 licet
2150 3264 2338 3340 laicus,
2356 3265 2505 3319 duxit
2524 3282 2768 3332 uxorem,
2790 3270 2904 3324 sive
2929 3279 3051 3323 ante
3070 3271 3419 3340 baptismum,

1842 3336 1956 3415 sive
2002 3342 2123 3415 post
2174 3335 2528 3415 baptismum,
2576 3350 2681 3415 non
2711 3341 3053 3415 adn_iittatur_
3076 3335 3163 3415 ad:
3193 3335 3418 3405 clerum,

1840 3404 1966 3479 quia
2016 3404 2202 3456 eodem
2262 3404 2390 3455 vitio
2445 3404 2977 3479 videtur_exclusus.
3020 3408 3090 3479 ln
3149 3404 3421 3479 baptismo

1840 3474 2010 3553 enim,
2046 3491 2063 3521 ι
2111 3480 2303 3553 (uetera
2334 3480 2393 3524 ut
2422 3489 2601 3553 supra.
2656 3476 2817 3553 Et,__ex
2849 3493 2966 3547 cap.
3007 3478 3072 3553 6,_
3110 3474 3237 3547 post
3268 3480 3372 3534 alia
3403 3498 3417 3533 :

1848 3560 1866 3593 ι
1898 3541 2041 3614 Satis
2063 3542 2206 3614 enim
2236 3541 2526 3596 absurdum
2556 3553 2660 3607 est,
2690 3541 2930 3614 aliquenf
2950 3541 3170 3602 credere
3194 3564 3419 3604 uxorem

1842 3620 1966 3665 ante
2016 3611 2706 3685 baptis:num_acceptam,
2768 3611 2888 3684 post
2930 3617 3255 3685 baptismum
3312 3634 3420 3675 non

1842 3681 2139 3755 computari
2172 3699 2183 3732 :
2216 3696 2334 3755 cum
2365 3680 2664 3755 benedictio
2689 3680 2807 3753 qua:
2851 3702 2947 3755 per
2974 3680 3305 3742 sacerdotem
3332 3704 3424 3744 su-

1842 3750 2572 3827 pernubenlesimponitur,
2614 3750 2722 3827 non
2771 3750 3051 3827 materiam
3079 3756 3420 3827 delinquendi

1843 3819 2077 3902 dedisse,
2102 3821 2195 3902 sed
2241 3819 2467 3902 formam
2498 3822 2735 3877 tenuisse
2773 3824 2906 3895 legis
2929 3840 2959 3879 a
2987 3826 3097 3881 Deo
3122 3819 3423 3897 antiiluitus

1846 3891 2102 3945 institutae
2127 3891 2400 3943 doceatur.
2438 3910 2456 3943 ι

1918 3988 1943 4015 υ
1975 3978 2070 4058 ilic
2096 3992 2266 4058 canon
2293 3978 2604 4058 desumptus
2624 3989 2705 4035 est
2726 3996 2792 4036 ex
2814 3984 3040 4039 concilio
3064 3984 3418 4054 Arausicane,

1846 4063 1966 4103 can.
1998 4047 2091 4110 25,
2124 4048 2265 4101 sicut
2287 4048 2468 4117 plures
2495 4050 2607 4103 alii.

1919 4146 1943 4173 ο
1982 4138 2045 4191 V.
2073 4136 2227 4212 cl._._l.
2259 4137 2576 4212 Sirmondus
2604 4141 2657 4212 in
2689 4142 2831 4197 hunc
2855 4143 3031 4197 locum
3055 4146 3340 4212 observat,
3366 4148 3422 4203 in

1846 4216 2053 4262 vetusta
2095 4207 2407 4262 collectione
2459 4209 2577 4263 cod.
2626 4210 2893 4268 Pithmani
2923 4215 3026 4268 dici
3057 4207 3423 4271 canonem-45

1847 4277 2059 4332 concilii
2086 4277 2419 4332 Arelatensis
2445 4294 2507 4332 ιι.

1850 4440 1862 4451 ι
1922 4380 1950 4419 p
1977 4368 2117 4451 liuic
2146 4369 2341 4450 canoni
2377 4387 2481 4451 non
2520 4370 2844 4451 inscribitur
2872 4390 3126 4429 numerus
3148 4416 3162 4441 ,
3191 4386 3246 4431 et
3273 4378 3424 4433 deest

1850 4440 1901 4520 in
1925 4440 2035 4502 ed.,
2058 4440 2161 4520 nisi
2189 4440 2316 4520 quis
2340 4441 2730 4520 malueriteum
2756 4443 2963 4520 referre
2976 4446 3046 4520 ad
3068 4461 3189 4500 can.
3218 4448 3305 4510 18,
3328 4450 3421 4517 qui

1850 4510 1934 4588 ita
1962 4524 2027 4588 ex
2066 4510 2509 4588 interpretatione
2552 4511 2829 4581 Dionysii:
2878 4514 2986 4588 «_Si
3034 4517 3156 4583 quis
3204 4510 3419 4572 viduam

1851 4586 1943 4633 aut
1975 4582 2198 4646 ejectam
2238 4582 2533 4648 acceperit,
2573 4589 2664 4633 aut
2702 4582 3071 4648 meretricem,
3115 4594 3207 4639 aut
3251 4588 3421 4641 ancil-

1846 4649 1953 4702 lam
1983 4649 2118 4724 ,_vel
2157 4648 2390 4717 aliquam
2441 4652 2508 4704 de
2547 4652 2612 4704 iis
2661 4667 2779 4718 qua:
2834 4652 3061 4724 publicis
3104 4658 3425 4724 spectaculis

1846 4719 2249 4807 mancipamur,
2266 4736 2380 4807 non
2408 4729 2584 4807 potest
2602 4735 2729 4807 esse
2761 4719 3066 4791 episcopus,
3083 4719 3189 4805 aut
3206 4727 3425 4807 presby-

1844 4797 1949 4853 ter,
1965 4790 2344 4861 autdiaconus,
2360 4799 2547 4861 autkex
2558 4805 2741 4843 eorum
2763 4790 2987 4846 numero
3005 4794 3094 4861 qui
3119 4790 3419 4850 ministerio

1846 4873 2001 4913 sacro
2030 4858 2355 4912 deserviunt.
2391 4878 2408 4909 ι
2444 4857 2549 4912 Sed
2577 4861 2694 4929 siis
2718 4860 2831 4929 ipse
2866 4871 2949 4915 est
2974 4857 3165 4926 canon,
3194 4866 3420 4921 manife—

1847 4937 1988 5006 stum
2013 4936 2095 4981 est
2116 4929 2256 5006 sicut
2279 4943 2345 4981 ex
2369 4928 3134 5006 ceterisaliis,'Dionysianam
3153 4936 3419 5006 interpre-

1852 4998 2107 5071 tationem
2131 4997 2402 5052 collectori
2420 4999 2504 5071 vix
2522 4998 2686 5053 fuisse
2702 4997 2913 5071 notam;
2929 5018 2989 5056 ac
3003 5003 3228 5071 proinde
3244 4997 3423 5061 Garuli

1851 5067 2027 5148 Magni
2043 5076 2279 5148 tempora
2286 5069 2619 5148 praecedere,
2635 5070 2719 5148 cui
2738 5086 2858 5148 cum
2872 5070 2987 5139 ejus
2992 5067 3272 5148 exemplar
3282 5076 3427 5129 obla‘

1851 5136 1965 5214 tum
1982 5136 2169 5191 fuisset
2185 5138 2252 5214 ab
2271 5136 2656 5214 Adrianopapa
2672 5138 2711 5204 Ι,
2728 5136 2978 5211 deinceps
2991 5136 3314 5214 Diony'siana
3335 5146 3425 5200 illa

1851 5206 2159 5287 Qrmcorum
2195 5206 2634 5287 interpuetationc
2677 5206 2951 5287 perpetud
2973 5214 3055 5287 usi
3093 5206 3219 5287 sunt
3245 5214 3422 5287 Galli:

1849 5277 1991 5331 sicut
2018 5277 2085 5329 de
2105 5277 2348 5355 conciliis
2368 5277 2692 5355 Gallicanis.
2721 5277 2819 5355 sub
2839 5281 3111 5355 Ludovico
3139 5284 3232 5339 Pio
3257 5285 3426 5355 impe-

1850 5355 2050 5410 ratore,
2079 5348 2397 5415 caeterisque
2420 5348 2870 5415 subsequentibus
2909 5353 3164 5409 observat
3200 5357 3284 5408 vir
3324 5348 3423 5411 do—

1849 5417 2123 5469 ctissimus
2157 5417 2878 5492 _(_‘.bristOphornsjustellus
2917 5422 2970 5474 in
3013 5423 3325 5492 praefatione
3358 5428 3425 5479 de

1850 5487 2256 5567 veterehcodice
2284 5485 2562 5543 Canouum
2590 5489 2847 5545 Ecclesia:
2882 5485 3165 5559 universae,
3202 5492 3425 5564 ejusque

1854 5563 2196 5611 auctoritate.

1922 5656 1949 5695 ιι
1981 5645 2165 5701 Prisca
2198 5645 2391 5717 interp.
2422 5663 2520 5701 nec
2546 5642 2762 5719 Dion'ys.
2791 5665 2889 5704 nec
2915 5651 3119 5705 lsidori.
