4020 6360
620 294 731 354 999

942 399 1127 460 Conon
1150 412 1175 442 α
1210 399 1588 465 Romanorum,
1618 415 1725 453 αντα
1751 397 1784 451 5
1810 398 1861 450 ιι.

687 506 710 536 ο
739 491 848 549 Hos
876 499 1135 563 praeterea
1162 494 1253 558 qui
1283 488 1594 543 siceularem
1619 487 1795 557 adepti
1825 495 2148 557 potestatem
2172 529 2187 554 ,

612 586 778 658 huius
806 584 958 658 [Ed.,
981 580 1091 653 jus]
1124 580 1303 635 saeculi
1330 586 1687 633 exercuerunt
1726 579 1960 659 negotia,
1993 572 2190 633 inimu-

615 694 713 734 ues
754 692 783 730 a
822 680 1044 745 peccato
1068 685 1187 725 esse
1214 684 1319 722 non
1365 683 1521 737 posse
1558 667 1898 736 perspicuum
1926 675 2025 720 est.
2057 667 2191 720 Dum

616 769 760 825 enim
785 760 989 836 gladius
1026 766 1287 821 exeritur,
1322 766 1413 811 aut
1437 756 1700 825 judicium
1732 755 1860 827 [Eat
1891 756 2041 820 add.,
2066 772 2195 810 con-

616 856 808 929 fertur]
836 854 1112 924 injustam,
1139 859 1232 905 aut
1251 858 1519 904 tormenta
1541 856 1866 903 exercentur
1888 847 2015 918 [Εά.
2042 847 2192 912 add.,

617 965 716 1022 pro
737 946 1055 1004 necessitate
1079 939 1409 1011 causarum],
1435 949 1528 994 aut
1549 939 1899 994 saecularibus
1922 954 1980 992 se
2004 937 2191 1009 [Edct.,

617 1035 821 1107 curam]
854 1033 1109 1089 exhibent
1147 1030 1527 1099 voluptatibus.
1570 1028 1735 1098 [ΕΜ.
1783 1027 1933 1091 add.,
1970 1027 2198 1097 Propter

617 1128 730 1184 huic
768 1122 970 1195 omnia]
1013 1122 1078 1176 Hi
1127 1122 1260 1175 tales
1286 1120 1514 1175 multum
1544 1120 1644 1174 sibi
1689 1127 1964 1188 praestant,
1999 1119 2044 1173 si
2085 1121 2200 1188 epi-

617 1223 893 1286 scopatum
941 1227 1045 1267 non
1075 1210 1329 1265 affectent
1349 1245 1364 1273 ,
1392 1210 1485 1264 sed
1512 1209 1536 1248 d
1565 1217 1785 1279 agentes
1819 1209 2196 1278 pmnitentiam

618 1312 929 1361 mercantur
954 1309 1104 1357 certo
1131 1310 1372 1370 tempore
1410 1298 1574 1371 [Edd.
1607 1296 1755 1362 add.,
1785 1296 2026 1368 impleto]
2067 1297 2200 1351 alta-

619 1393 770 1449 ribus
794 1387 1011 1447 sociari.

954 1500 1135 1555 Conon
1162 1497 1556 1559 Aurasicorum,
1583 1512 1692 1549 (cra
1714 1494 1783 1549 24
1811 1506 1855 1548 ε.

688 1595 765 1651 De
793 1592 1001 1649 idoneis
1029 1599 1084 1646 et
1105 1587 1504 1660 probatiorihus
1534 1586 1666 1640 viris
1692 1584 1710 1623 ί
1740 1586 1787 1638 si
1825 1583 1965 1638 forte
1997 1582 2202 1638 incide-

622 1688 732 1744 rint
754 1683 1020 1755 duplicata
1051 1678 1418 1742 matrimonia,
1446 1692 1552 1730 non
1578 1675 1720 1730 ultra
1752 1673 2197 1728 subdiaconatum

621 1758 1016 1833 ecclesiasticas
1046 1764 1258 1839 capiant
1288 1766 1595 1838 dignitates.

1099 1881 1125 1920 ⁸
1158 1874 1339 1934 Canon
1378 1873 1734 1929 Tauriuensis.

696 1991 880 2062 Neque
906 1991 998 2061 qui
1024 1998 1146 2061 post
1167 1988 1494 2058 baptismum
1515 2002 1709 2041 causas
1728 1993 1955 2056 egerunt
1980 1993 2075 2040 aut
2095 1984 2193 2039 ad-

624 2084 1084 2145 ministraverunt,
1116 2095 1290 2149 neque
1320 2094 1387 2132 ex
1411 2077 1735 2141 curialibus,
1760 2090 1936 2144 neque
1961 2074 2055 2145 qui
2080 2083 2201 2144 post

623 2175 951 2244 baptismum
976 2171 1217 2227 coronati
1252 2168 1469 2223 fuerunt
1490 2208 1506 2233 ,
1535 2165 1619 2221 vel
1657 2166 2021 2221 sacerdotium
2056 2165 2201 2235 quod

622 2264 823 2321 dicitur
850 2262 1274 2326 substinucrunt,
1302 2275 1401 2314 nec
1424 2259 1516 2328 qui
1541 2258 1806 2313 editiones
1837 2256 2080 2326 publicas
2115 2272 2203 2312 ce-

623 2354 921 2418 lebrarunt,
953 2354 1128 2408 modis
1146 2352 1396 2407 omnibus
1427 2358 1682 2405 caveatur
1708 2364 1775 2403 ne
1799 2365 1865 2402 ex
1896 2350 1980 2404 his
2018 2351 2084 2405 ad
2114 2365 2204 2404 or-

622 2443 804 2501 dinem
830 2442 1255 2498 eeclesiasticum
1283 2440 1474 2510 aliquis
1502 2440 1843 2510 provehatur.

1026 2551 1093 2605 In
1123 2553 1149 2592 h
1179 2550 1395 2622 epistola
1422 2549 1609 2604 Leonis
1636 2565 1803 2621 papa'.

696 2666 807 2723 Nec
834 2680 927 2722 eos
949 2665 1152 2737 passim
1181 2664 1249 2719 ad
1268 2664 1515 2720 ordinem
1557 2679 1768 2719 sacrum
1798 2664 1919 2733 quis
1957 2664 2207 2720 admittat

627 2755 817 2832 [Edd.,
848 2756 1206 2811 admittuntur
1232 2753 1479 2825 passim],
1509 2754 1704 2823 quibus
1734 2754 1881 2808 nulla
1911 2755 2166 2810 natalium
2185 2794 2199 2819 ,

629 2846 772 2902 nulla
802 2861 1013 2901 morum
1036 2845 1270 2916 dignitas
1301 2842 1663 2914 suffragatur:
1696 2854 1749 2898 et
1775 2846 1866 2914 qui
1904 2861 1933 2899 a
1975 2846 2207 2901 dominis

696 2988 725 3017 ι
756 2976 850 3031 Vir
876 2974 944 3029 cl.
972 2973 1020 3028 J.
1047 2972 1361 3028 Sirmondus
1389 2990 1403 3025 :
1439 2993 1458 3024 ι
1479 2974 1536 3027 In
1565 2973 1750 3027 codice
1779 2973 2091 3027 Fossatensi
2123 2973 2204 3027 di-

627 3043 768 3100 citur
790 3062 807 3113 :7
831 3042 1068 3113 Synodus
1108 3042 1463 3113 Romanorum
1505 3043 1573 3097 ad
1620 3040 1798 3096 Gallos
1843 3045 2047 3113 episcop
2081 3059 2105 3097 ε
2149 3049 2204 3096 et

626 3093 1095 3195 ﬁumina},
1110 3093 1587 3195 ‘qiutpasiasju
1616 3093 1821 3195 lam-eg.
1840 3093 2061 3195 aqua
2085 3093 2201 3194 est;
2228 3093 2277 3157 Ο

627 3181 686 3239 In
726 3181 1104 3252 antiquissima
1145 3197 1274 3236 vero
1308 3181 1633 3235 collectione
1680 3181 1884 3252 codicis
1940 3181 2205 3252 Pithmani

626 3250 873 3312 Curiones
894 3250 1247 3321 Romanorum
1278 3252 1595 3321 simpliciter
1632 3251 1987 3320 appellantur.
2019 3251 2110 3305 Sic
2148 3252 2202 3305 in

668 3320 949 3376 uibusdam
996 3322 1165 3375 codex
1209 3320 1520 3376 Pithmanus
1563 3322 1834 3376 consentit
1860 3335 1982 3375 cum
2018 3321 2206 3375 codice

627 3390 1039 3454 IIerovalIiano,
1076 3390 1131 3444 in
1157 3390 1477 3459 quibusdam
1526 3405 1656 3445 vero
1702 3391 1823 3445 aliis
1876 3391 2202 3456 dissentire,

626 3462 799 3543 exiis
814 3475 935 3543 quae
953 3459 1077 3543 jam.
1099 3461 1455 3543 supracitata
1484 3460 1903 3543 sunt_,ndignosci
1931 3468 2125 3543 potest.
2147 3480 2189 3543 ﬂ)

700 3532 728 3572 ιι
756 3529 859 3600 Qui
884 3530 1042 3600 vulgo
1065 3530 1379 3600 inscribitur
1397 3546 1570 3600 canon
1596 3529 1662 3583 {0
1685 3529 1912 3583 vdeatur
1934 3529 1969 3583 5
1998 3530 2051 3583 in
2078 3530 2201 3583 coll.

627 3600 748 3655 cod.
782 3598 846 3654 ιι.
878 3614 944 3654 ac
967 3598 1215 3654 similiter
1242 3599 1297 3654 in
1320 3600 1504 3655 codice
1522 3599 1855 3663 Fossatensi,
1886 3608 1948 3653 ut
1973 3608 2207 3653 testatur

628 3671 712 3723 vir
735 3668 822 3739 Δ(ιι.
854 3666 902 3722 «1.
934 3669 1272 3739 Sirmondus.
1304 3669 1369 3739 In
1405 3670 1490 3723 ed.
1522 3685 1572 3725 c.
1614 3669 1682 3722 10
1733 3669 1866 3723 Can.
1917 3669 2072 3723 Rom.
2113 3670 2207 3739 qui

629 3736 990 3807 subjiciuntur
1030 3738 1272 3807 epistolis
1298 3738 1592 3793 Innocentii
1620 3739 1674 3793 in
1698 3739 1794 3793 ult.
1824 3739 1991 3793 Cone.
2024 3738 2111 3792 ed.

708 3819 729 3846 α
768 3806 994 3862 Constat
1012 3806 1416 3877 antiquissimos
1438 3824 1558 3863 esse
1582 3810 1681 3863 hos
1700 3824 1954 3863 canones.
1973 3807 2080 3862 Sed
2101 3823 2209 3877 quo

634 3886 878 3947 tempore
903 3885 960 3932 et
985 3892 1017 3931 a
1044 3892 1151 3947 quo
1176 3878 1378 3932 conditi
1408 3878 1516 3931 sint
1537 3917 1552 3941 ,
1584 3893 1689 3932 non
1720 3877 2059 3947 exploratum
2085 3893 2208 3932 esse

636 3946 840 4028 indicat
866 3954 1030 4028 caput
1058 3946 1124 3999 70
1148 3947 1275 4028 coll.
1307 3948 1425 4002 cod.
1458 3948 1547 4008 H.,
1573 3948 1663 4001 ubi
1691 3946 1968 4028 catalogus
1997 3948 2210 4028 episeo-

632 4026 823 4086 porum
851 4015 949 4086 qui
968 4015 1303 4086 supradictus
1330 4032 1562 4071 canones
1587 4015 1937 4072 confecerunt
1962 4026 2056 4071 aut
2078 4032 2211 4071 con-

633 4084 939 4151 ﬁrmarunt,
964 4084 1167 4143 nullum
1198 4086 1422 4141 istorum
1442 4095 1716 4141 auctorem
1744 4086 2115 4142 recenset.\'ir
2138 4086 2207 4141 cI.

632 4151 681 4207 J.
722 4152 1219 4226 Sinnondusputat
1244 4171 1349 4209 non
1388 4156 1600 4226 inanem
1645 4156 1874 4211 fortasse
1904 4152 2211 4226 Opinionem

632 4237 790 4295 esse],
815 4224 866 4295 isi
896 4225 1018 4295 quis
1046 4224 1413 4280 Innocentium
1443 4225 1465 4279 I
1490 4227 1679 4280 horum
1719 4224 1995 4281 auctorem
2044 4224 2213 4280 fuisse

631 4291 1133 4364 conjiciatherum
1161 4295 1205 4349 si
1237 4310 1343 4350 non
1370 4295 1685 4359 Innocentii,
1716 4295 1906 4351 saltem
1930 4295 2209 4364 cujusdam

630 4370 719 4417 est
744 4364 934 4485 Ἑλικοᾶί
959 4363 1234 4429 Romante,
1259 4380 1378 4434 mite
1404 4366 1619 4420 decreta
1642 4366 1936 4421 Innocentii
1961 4363 2208 4420 attende-

631 4432 723 4485 rit.
799 4434 965 4485 tenim
986 4450 1157 4485 canon
1183 4436 1548 4485 sunracitatus
1570 4438 1821 4485 convenit
1841 4451 1964 4485 cum
1986 4451 2106 4485 ean.
2135 4434 2206 4485 40

631 4446 723 4487 ιή.

629 4515 717 4571 ep.
746 4500 1043 4560 Innocentii
1091 4506 1160 4559 ad
1205 4500 1538 4559 Victrieium.
1587 4503 1769 4559 Canon
1816 4505 1855 4558 I.
1891 4504 1951 4558 C.
1988 4500 2206 4558 [ticum

630 4584 750 4643 cap.
776 4572 879 4643 ης
911 4572 1153 4641 ejusdem
1201 4574 1441 4643 epistol-.13
1485 4589 1661 4627 canon
1709 4574 1745 4626 ‘2
1785 4589 1907 4628 cum
1949 4589 2068 4643 cap.
2118 4575 2203 4629 15.

632 4637 786 4713 Quod
826 4637 967 4698 idem
996 4644 1063 4698 de
1092 4637 1411 4713 quibusdam
1440 4643 1560 4697 aliis
1588 4643 1691 4696 dici
1721 4651 1917 4713 potest.

700 4708 728 4748 ἀ
756 4710 1009 4778 Quaedam
1041 4708 1155 4770 alia
1175 4714 1374 4768 inscrta
1399 4720 1526 4765 sunt
1555 4713 1606 4766 in
1636 4713 1721 4766 ed.

706 4792 729 4820 ο
756 4783 923 4837 Cone.
944 4784 1284 4840 Aransicaui.
1316 4800 1364 4838 c.
1396 4782 1480 4834 15.

706 4849 727 4888 ί
760 4850 892 4914 Edd.
918 4856 1039 4910 add.
1069 4871 1082 4908 :
1117 4874 1134 4904 ι
1172 4855 1318 4919 Quos
1361 4849 1637 4906 clericatui
1679 4849 1883 4920 alligari
1931 4851 2047 4920 ipsa
2086 4851 2211 4906 vita:

631 4921 805 5010 gratia
833 4926 1087 4998 suggerit.
1114 4944 1132 4976 ι
1161 4924 1291 4978 Vide
1321 4936 1482 4990 supra
1518 4934 1780 4974 canonem
1800 4920 1867 4975 45
1890 4937 2043 4976 conc.
2067 4920 2208 4977 Are-

636 5003 729 5049 'rat.
758 5011 816 5049 tt.
2208 5011 2213 5015 ‘

704 5067 733 5115 β
762 5063 861 5118 llic
886 5077 1061 5120 canon
1082 5063 1135 5116 in
1165 5062 1286 5115 edd.
1324 5059 1679 5125 desideratur.

636 5133 735 5255 ph
768 5131 935 5201 Epist.
966 5132 1158 5187 Leonis
1180 5132 1200 5185 I
1225 5132 1292 5185 ad
1333 5132 1614 5201 episcOpos
1648 5147 1747 5202 per
1770 5130 2123 5202 Campaniam
2158 5138 2216 5186 et

683 5215 916 5255 noenum.
2146 5222 2149 5223 ν

683 5215 916 5255 ιςεηιιιιι.
2146 5222 2149 5223 ⁷

711 5273 728 5310 ί
762 5268 897 5341 Adii.
924 5270 983 5323 in
1010 5268 1097 5341 ed.
1126 5278 1417 5341 {tanquam
1462 5270 1661 5341 servilis
1685 5270 1855 5324 vilitas
1878 5272 2019 5325 hunc
2045 5272 2212 5324 hono-

636 5354 745 5411 rem
764 5338 1099 5411 juregcapiat.
1136 5338 1280 5411 Illud
1299 5340 1623 5411 superfluum
1651 5347 1736 5394 est
1762 5341 2212 5411 quodiantiquis-

639 5408 776 5480 sima
802 5408 1047 5480 collectio
1066 5411 1184 5465 cod.
1212 5410 1338 5466 Her.
1361 5408 1656 5466 admittere
1677 5408 1883 5480 nequit.
1914 5408 2205 5474 Przete'rea,

629 5478 778 5552 jure,
805 5478 956 5552 deest
980 5481 1032 5535 in
1059 5480 1387 5552 epistolisAS.
1427 5482 1621 5552 Leonis
1662 5478 1814 5552 novin
1853 5480 2007 5543 edit,
2038 5480 2091 5534 in
2127 5496 2212 5536 se-

639 5549 812 5602 cunda
832 5551 953 5605 coll.
984 5549 1109 5607 can:
1134 5552 1254 5606 cod.
1284 5550 1407 5605 ller.
1438 5561 1491 5605 et
1517 5551 1636 5604 aliis
1658 5551 1774 5605 cod.
1808 5565 1963 5615 mss.,
1997 5565 2104 5618 quo
2132 5558 2213 5604 ta-

639 5632 761 5743 ﬁczi
787 5621 995 5675 sublato
1020 5622 1302 5684 vocabulo,
1329 5637 1393 5675 ex
1421 5621 1504 5675 his
1531 5620 1709 5675 verbis
1735 5619 1823 5675 vix
1852 5620 1992 5677 ullus
2020 5634 2213 5678 sensus

697 5704 764 5743 tet
789 5701 983 5743 potest.

697 5704 764 5744 tet
787 5701 983 5760 potest.

1470 287 1789 346 CANONES
1829 285 2114 343 SEI.ECTI
2154 285 2244 342 EX
2288 287 2440 345 VET.
2476 288 2631 346 CAN.
2673 289 3003 349 COLLECT.

3719 294 3843 353 £000

2229 400 2266 462 ι
2293 400 2405 455 suis
2432 401 2733 458 libertatem
2762 404 3017 473 consequi
3042 402 3265 471 minium
3286 412 3600 474 potuerunt,
3622 405 3692 462 ad
3711 405 3844 465 fasti-

2292 490 2437 559 gium
2461 484 2745 547 sacerdotii
2774 495 2789 533 ί
2821 493 3039 563 provehi
3068 510 3176 549 non
3203 494 3435 550 audeant
3462 495 3651 567 [Edd.,
3673 513 3846 569 prove-

2294 580 2537 654 buntur].
2569 578 2637 637 Et
2658 580 2924 651 quomodo
2952 598 3008 639 se
3040 585 3272 654 probare
3298 602 3457 656 posse
3482 586 3595 642 Deo
3634 592 3845 647 credun-

2295 678 2403 733 tur,
2432 671 2524 739 qui
2552 671 2782 726 domiuis
2802 673 2915 726 suis
2939 674 3169 728 necdum
3195 677 3411 744 probari
3440 676 3632 749 [Edd.,
3657 694 3714 735 se
3736 698 3846 752 pro-

2293 758 2445 830 bare]
2480 762 2806 830 potuerunt?
2844 762 3045 831 Duplex
3080 764 3261 834 itaque
3291 766 3343 820 in
3374 767 3477 822 hac
3507 763 3660 838 parte
3685 782 3847 829 reatus

2295 855 2379 901 est
2403 887 2417 912 ,
2457 847 2598 916 quod
2644 857 2696 903 et
2742 865 2955 905 sacrum
2982 851 3343 908 ministerium
3378 857 3637 911 consortii
3665 858 3845 917 vilitate

2293 930 2571 1010 polluitur,
2597 948 2652 995 et
2672 942 3009 996 dominorum
3036 942 3049 993 i
3079 942 3204 1012 jura
3224 945 3526 1001 solvantur.
3553 947 3635 1003 Ab
3661 949 3741 1006 his
3763 940 3848 1008 ita-

2296 1043 2419 1097 que,
2444 1029 2641 1083 fratres
2658 1070 2673 1095 ,
2698 1045 2887 1085 omnes
2914 1040 3107 1089 vestrae
3134 1034 3426 1104 provinciie
3452 1037 3755 1093 abstineant
3777 1056 3848 1096 sa-

2297 1120 2575 1185 cerdotes;
2604 1120 2629 1159 ¹ι
2656 1121 2750 1174 sed
2779 1129 2835 1174 et
2863 1121 2932 1176 ab
2958 1122 3107 1187 aliis,
3136 1124 3227 1193 qui
3268 1125 3516 1194 originali
3558 1135 3655 1181 aut
3695 1128 3847 1199 aliqua

2298 1211 2601 1265 conditione
2642 1211 2863 1282 obligati
2910 1222 3037 1267 sunt
3066 1211 3112 1281 ι,
3142 1214 3246 1271 nisi
3293 1214 3433 1271 forte
3456 1232 3645 1273 eorum
3689 1224 3848 1289 petitio

2300 1301 2408 1373 [ΑΙ.
2445 1300 2570 1355 add.
2610 1309 2705 1356 aut
2726 1302 2996 1375 voluntas]
3037 1306 3329 1361 accesserit
3351 1346 3367 1371 ,
3396 1309 3491 1377 qui
3528 1308 3729 1378 aliquid
3764 1311 3846 1367 sibi

2198 1432 2205 1437 .
2298 1391 2354 1446 in
2388 1405 2481 1445 eos
2505 1391 2776 1446 vindicant
2798 1394 3102 1462 potestatis.
3134 1396 3301 1450 Debet
3330 1398 3476 1452 enim
3498 1413 3623 1454 esse
3652 1403 3718 1454 ab
3751 1402 3848 1456 aliis

2248 1484 2583 1550 °immunis,
2634 1489 2725 1555 qui
2772 1487 2969 1542 divinae
3011 1489 3218 1543 militia:
3267 1489 3430 1545 fuerit
3479 1495 3844 1563 aggregandus.

2301 1585 2341 1613 ω
2368 1575 2433 1628 Et
2461 1586 2486 1611 η
2514 1590 2637 1630 eum
2665 1575 2955 1646 unicuique
2980 1578 3285 1633 constiterit
3321 1579 3516 1634 natalis
3544 1581 3785 1637 honestas
3803 1593 3847 1638 et

2301 1680 2510 1720 morum
2541 1706 2557 1732 ,
2612 1679 2733 1722 esse
2782 1666 2942 1720 debet
2994 1669 3135 1723 sacri
3189 1668 3373 1724 altaris
3429 1670 3725 1728 ministerio
3777 1688 3848 1728 so-

2227 1760 2274 1821 B
2302 1753 2546 1809 ciandus.

2538 1844 2605 1900 In
2631 1854 2655 1881 °
2685 1846 2901 1918 cpistola
2925 1846 3217 1903 Innocentii
3243 1865 3415 1919 papa,
3442 1866 3561 1921 cap.
3591 1848 3646 1906 2.

2368 1935 2796 1993 Catechumenus
2819 1938 2911 2009 qui
2938 1946 3063 1993 ante
3088 1939 3417 2008 baptismum
3444 1957 3664 1998 uxorem
3684 1943 3836 2007 duxit,

2298 2037 2353 2084 et
2379 2038 2501 2098 post
2526 2027 2851 2098 baptismum
2879 2030 3057 2094 aliam,
3086 2032 3156 2086 ad
3183 2030 3410 2100 gradum
3432 2033 3615 2089 venire
3648 2051 3743 2090 non
3763 2052 3847 2106 po-

2302 2127 2425 2173 test.
2452 2120 2603 2186 Quod
2648 2120 2694 2174 si
2737 2120 2858 2188 quis
2885 2118 3106 2188 objiciat
3149 2122 3294 2190 quod
3344 2120 3402 2176 in
3451 2122 3697 2192 baptismo
3731 2141 3842 2179 cum

2302 2210 2621 2265 criminibus
2665 2209 2915 2266 omnibus
2955 2219 3009 2266 et
3050 2211 3153 2266 hoc
3181 2211 3252 2266 sit
3282 2212 3576 2268 absolutum
3599 2229 3614 2267 :
3638 2216 3841 2269 interro-

2302 2313 2458 2375 getur
2482 2304 2527 2358 si
2555 2304 2731 2359 hocin
2753 2300 3019 2373 baptismo
3045 2300 3281 2360 abluitur
3301 2305 3449 2374 quod
3475 2314 3733 2375 peccatum
3753 2322 3849 2361 non

2303 2406 2419 2464 est,
2452 2398 2579 2453 dum
2622 2399 2821 2454 ducere
2849 2414 3072 2454 uxorem
3100 2397 3361 2453 Dominus
3400 2399 3678 2470 permisit,
3710 2398 3853 2453 etiam

2306 2487 2597 2543 Salomone
2624 2496 2855 2544 testante
2880 2489 2971 2558 qui
2998 2488 3071 2542 ait
3100 2507 3112 2542 :
3142 2487 3188 2540 Α
3210 2487 3319 2541 Deo
3347 2498 3573 2558 paratur
3591 2489 3696 2542 viro
3722 2504 3853 2553 uxor,

2303 2587 2352 2632 et
2380 2579 2601 2632 maritus
2628 2579 2800 2632 uxori.
2832 2573 2899 2632 Et
2922 2578 2968 2632 si
2999 2585 3111 2634 tres
3140 2572 3390 2631 habuerit
3419 2577 3478 2632 in
3515 2580 3682 2633 veteri
3710 2578 3855 2633 humi.

2304 2684 2390 2732 ne,
2425 2669 2529 2723 erit
2567 2667 2616 2723 ei
2658 2683 2777 2737 qua:
2804 2668 2860 2722 in
2888 2668 3159 2737 baptismo
3187 2674 3269 2722 est
3292 2676 3508 2737 quarta.
3547 2667 3712 2735 Quis,
3745 2683 3852 2732 oro,

2306 2757 2447 2814 istud
2473 2773 2580 2811 non
2607 2756 2749 2811 dicat
2773 2764 2962 2811 contra
2989 2756 3228 2828 Apostoli
3253 2756 3581 2813 sententiam
3604 2798 3619 2820 ,
3648 2760 3734 2828 qui
3758 2759 3852 2812 ait:

2308 2846 2476 2902 Unius
2500 2847 2681 2900 uxoris
2704 2847 2871 2901 virum
2899 2846 2965 2899 P?

2381 2977 2395 3029 i
2602 2978 2657 3031 in
2677 2978 2762 3061 ed:
2787 2988 3044 3061 quantum
3069 2976 3139 3029 ad
3177 2975 3377 3030 illicita
3418 2978 3767 3047 usurpationis
3798 2987 3858 3031 te-

2308 3056 2601 3104 meritatem
2623 3056 2861 3117 pertinet.
3852 3100 3857 3107 Α

2381 3118 2408 3158 ιι
2437 3117 2568 3172 Edd.
2603 3135 2616 3170 :
2640 3116 2708 3169 Et
2732 3132 2834 3170 non
2854 3122 3055 3169 tantum
3079 3109 3143 3169 ab
3172 3111 3253 3169 liis
3271 3156 3286 3177 ,
3311 3114 3403 3169 sed
3445 3115 3511 3168 ab
3564 3110 3670 3171 illis
3706 3117 3855 3169 etiam

2307 3187 2465 3258 Apud
2507 3186 2685 3258 Grat.,
2708 3186 2832 3258 dist.
2856 3183 2945 3258 54,
2971 3186 3107 3258 cpi
3138 3203 3150 3237 :
3178 3182 3282 3258 Sed
3309 3187 3470 3239 etiam
3493 3185 3561 3238 ab
3586 3184 3701 3240 aliis
3726 3186 3860 3256 origi-

2308 3254 2474 3312 nariis
2495 3255 2571 3311 vel
2599 3257 2689 3326 qui
2719 3254 2880 3308 alicui
2906 3254 3212 3307 conditioni.

2384 3347 2403 3387 1
2434 3347 2573 3401 Add.
2602 3347 2655 3400 in
2678 3346 2762 3399 ed.
2792 3361 2805 3398 τ
2847 3342 3101 3414 Volumus
3130 3345 3428 3414 temperari.

2379 3429 2419 3457 ιιι
2437 3416 2572 3471 Adii.
2600 3417 2651 3470 in
2680 3415 2766 3468 ed.
2795 3431 2807 3467 :
2840 3413 2909 3467 Ut
2934 3430 2983 3485 a
3009 3414 3195 3467 castris
3222 3413 3534 3485 dominicis,
3564 3415 3733 3485 quibus
3756 3415 3854 3484 ejus

2307 3503 2495 3610 xamen
2523 3485 2821 3551 ascribitur,
2852 3480 3011 3537 nullis
3051 3484 3373 3538 necessitatis
3420 3480 3646 3538 vinculis
3684 3480 3859 3539 abstra-

2345 3566 2485 3612 atur.

2379 3658 2407 3687 ιι
2438 3646 2507 3701 Et
2532 3664 2649 3701 cum
2672 3645 2950 3715 unicuique
2978 3651 3033 3698 et
3062 3651 3258 3715 cetera
3288 3642 3340 3698 id
3367 3643 3454 3698 ed.
3490 3643 3863 3715 desiderantur,

2310 3719 2556 3789 quamvis
2571 3717 2786 3789 omnino
2807 3714 3150 3789 requirantur
3167 3714 3236 3767 ad
3255 3729 3474 3768 sensum
3495 3714 3863 3783 complendum,

2309 3782 2431 3844 eum
2463 3788 2614 3841 initio
2639 3786 2836 3840 dixerit
2874 3782 2941 3838 ad
2973 3782 3220 3837 ordinem
3249 3797 3464 3837 sacrum
3504 3782 3746 3838 eos’non
3769 3798 3863 3838 esse

2310 3859 2699 3917 admittendos,
2743 3854 2937 3923 quibus
2978 3851 3123 3923 nulla
3167 3853 3865 3923 natalium,rnullagmorura

2308 3928 2542 3997 dignitas
2592 3921 2929 3997 suffragatur.
2988 3921 3081 3975 Sic
3120 3923 3324 3997 optima
3374 3922 3594 3978 collect.
3644 3922 3766 3978 Cod.
3810 3922 3862 3975 Il.

2311 3990 2430 4067 quae
2467 3990 2891 4067 superﬂuasunt
2922 4007 3028 4046 non
3066 3990 3333 4059 admittit,
3366 4008 3467 4048 nec
3490 4008 3621 4063 qua:
3647 4006 3866 4048 necessa-

2312 4064 2394 4120 ria
2427 4064 2551 4122 sunt
2574 4064 2792 4120 omittit.

2386 4145 2410 4172 ο
2438 4137 2606 4206 Epist.
2656 4135 2931 4189 Innocent.
2986 4136 3009 4193 ι
3061 4136 3130 4192 ad
3176 4133 3461 4204 episcopos
3518 4130 3862 4193 Macedonia.

2312 4222 2430 4278 cap.
2464 4207 2547 4261 11.

2385 4310 2411 4348 p
2442 4294 2544 4352 Tot
2567 4295 2688 4350 add.
2719 4294 2772 4348 in
2798 4293 2977 4358 editis,
3008 4303 3225 4365 tamque
3251 4295 3502 4348 diversus
3537 4294 3683 4365 ordo
3708 4290 3870 4365 verbo-

2315 4382 2432 4422 rum
2457 4407 2470 4426 ,
2502 4374 2562 4419 ut
2604 4365 2705 4418 nisi
2737 4365 2916 4418 omnia
2946 4363 3323 4432 exhibeantttr,
3352 4372 3561 4433 quanta
3590 4364 3664 4418 sit
3699 4363 3869 4433 discite-

799 4434 965 4488 tenim
986 4450 1157 4507 canon
1183 4430 1548 4507 sup-racitatus
1570 4438 1964 4507 convenitcuin
1986 4451 2106 4507 cap.
2135 4434 2206 4488 40
2242 4436 2288 4495 D
2312 4438 2511 4507 pautia,
2538 4436 2770 4507 perspici
2793 4450 2905 4507 non
2936 4435 3125 4507 possit.
3155 4435 3246 4489 Sic
3283 4430 3446 4507 igitur
3484 4432 3595 4487 ista
3626 4433 3680 4487 in
3706 4433 3790 4507 ed.
3810 4430 3870 4484 le-

2311 4501 2508 4578 guntur
2538 4501 2554 4559 Ξ
2587 4523 2605 4554 ‹
2642 4501 2841 4578 Deinde
2878 4501 3115 4578 ponitur,
3161 4501 3706 4578 nonAdicioportere
3745 4501 3871 4578 biga-

2312 4571 2479 4641 inum,
2505 4589 2628 4629 eum
2650 4572 2740 4642 qui
2767 4571 3184 4629 catechumenus
3212 4572 3462 4642 habuerit
3503 4581 3676 4641 atque
3708 4571 3868 4625 amise-

2313 4648 2384 4701 rit
2410 4660 2654 4707 uxorein,
2671 4641 2730 4697 si
2759 4652 2882 4712 post
2902 4644 3231 4714 baptismum
3256 4641 3418 4714 fuerit
3443 4642 3616 4714 aliam
3644 4642 3871 4714 sortitus.

2313 4730 2541 4783 eamque
2564 4709 2797 4783 primam
2825 4709 3020 4775 videri,
3048 4729 3171 4782 qua:
3208 4727 3348 4783 novo
3393 4712 3609 4783 homini
3653 4709 3872 4781 copulata

2315 4788 2426 4841 sit:
2458 4781 2585 4853 quia
2614 4782 2743 4836 illud
2770 4781 3105 4853 coniugium,
3146 4798 3246 4851 per
3287 4781 3541 4853 baptismi
3590 4794 3873 4853 sacramen-

2316 4868 2453 4921 tum,
2475 4850 2596 4908 cum
2625 4852 2835 4907 caateris
2858 4850 3175 4907 criminibus
3198 4853 3270 4907 sit
3296 4851 3561 4905 ablutum.
3596 4850 3751 4917 Quod
3774 4862 3874 4903 eum

2315 4926 2381 4979 de
2403 4938 2509 4979 una
2529 4923 2713 4991 utique
2738 4921 2955 4991 dicitur,
2980 4931 3127 4977 certe
3157 4921 3200 4976 si
3236 4931 3348 4975 tres
3388 4921 3682 4985 habuerit,
3702 4990 3707 4991 ί
3725 4921 3775 4973 in
3798 4932 3872 4991 ve—

2312 5003 2426 5049 tere
2446 4989 2652 5062 positus
2676 4990 3150 5067 homine,_ux_ores,
3175 4992 3281 5045 erit
3304 4991 3524 5067 ei,_quae
3546 4998 3677 5067 post
3698 4989 3874 5067 baptiso

2314 5060 2463 5118 muni
2500 5068 2691 5130 quarta
2724 5068 2845 5125 est,
2881 5061 2960 5115 sic
3005 5060 3482 5130 interpretantibus
3534 5060 3758 5130 prima:
3789 5060 3875 5109 vir-

2352 5134 2453 5187 inis
2488 5128 2639 5199 teque
2682 5145 2877 5200 nomen
2920 5128 3189 5200 accipiet,
3232 5143 3351 5198 qua:
3389 5137 3592 5200 quarto
3620 5128 3779 5200 ducta
3810 5132 3873 5180 est

2330 5196 2448 5257 oce.
2476 5196 2609 5268 Quis
2628 5198 2934 5274 (oro)_is_tud
2958 5196 3064 5274 non
3092 5196 3759 5274 videateont'ra'Apostdi
3776 5210 3875 5274 ᾡς

2312 5266 2663 5343 praeceptum,
2690 5266 2883 5343 quiuit
2899 5287 2929 5343 _:_
2946 5271 3102 5343 unius
3127 5270 3311 5343 uxoris
3328 5268 3497 5343 virum
3520 5266 3764 5343 oportere
3780 5266 3875 5334 ﬁeri

2310 5336 2669 5416 Sacerdotem?
2698 5336 2803 5396 Sed
2827 5337 3080 5416 obiicitur
3117 5339 3261 5407 quod
3298 5338 3351 5392 in
3391 5336 3668 5416 baptismo
3699 5345 3873 5416 totum.

2350 5410 2569 5481 uidquid
2596 5411 2650 5465 in
2674 5419 2856 5465 vetere
2882 5405 3098 5465 homine
3122 5405 3331 5481 gestum
3371 5405 3497 5481 est,_
3515 5405 3591 5481 sit
3641 5405 3873 5461 solutum.

2350 5427 2569 5481 umqqu
2596 5427 2650 5465 in
2674 5427 2856 5465 vetere
2883 5427 3098 5465 nomine
3122 5427 3331 5479 gesmm
3371 5427 3474 5469 esu,
3515 5427 3591 5459 su
3641 5427 3873 5461 senatuin.

2310 5427 2484 5536 Dicite
2507 5481 2661 5545 mihi,
2683 5495 2806 5536 cum
2827 5496 2958 5549 pace
2980 5487 3156 5533 vestra
3184 5477 3394 5549 loquor,
3419 5475 3657 5531 crimina
3690 5484 3877 5549 tantum

2312 5551 2654 5607 dimittuntur
2690 5551 2746 5604 in
2771 5544 3072 5619 baptismo,
3112 5564 3181 5619 an
3219 5544 3274 5602 et
3301 5546 3394 5600 illa
3423 5560 3557 5619 qua:
3598 5544 3876 5619 secundum

2312 5621 2446 5694 legis
2468 5628 2744 5694 praecepta
2779 5614 2858 5672 ae'
2874 5618 2974 5671 .Dei
3000 5618 3242 5671 instituta
3263 5614 3877 5694 commeatui-{Uxorem

2314 5682 2533 5756 dicere,
2556 5682 2761 5748 crimen
2782 5697 2884 5751 est,
2905 5704 2971 5742 an
2997 5703 3103 5743 non
3126 5695 3207 5742 est
3228 5682 3431 5741 crimen
3449 5686 3473 5741 ἲ
3490 5682 3547 5738 Si
3571 5685 3783 5740 crimen
3806 5688 3874 5735 est
