4020 6360
611 360 750 417 Ιθύὗ

606 554 882 619 decretura
910 560 1015 615 duo
1042 558 1205 627 aliqui
1230 564 1320 611 aut
1344 564 1455 611 tres
1476 554 1938 611 eontradixeriut:
1971 552 2064 607 illa
2091 554 2188 608 ob-

607 652 779 707 tiueat
804 648 1097 713 sententia,
1130 648 1185 703 in
1222 661 1326 717 qua
1367 645 1550 718 plures
1589 660 1812 700 numero
1859 643 2057 699 fuerint
2100 658 2187 699 sa-

611 743 880 798 cerdotes.
2032 744 2034 747 ‘

935 831 1115 887 Conon
1143 828 1591 902 Carthaginiensis,
1619 847 1727 885 tera
1755 829 1789 884 4
1820 843 1867 884 θ.

681 929 749 983 Ει
783 925 911 982 illud
941 924 1283 980 statuendum
1319 932 1423 987 est,
1449 934 1509 977 ut
1542 922 1758 992 quando
1786 923 1853 977 ad
1886 920 2191 991 eligendum

611 1006 918 1091 episcopum
948 1013 1358 1071 converterimus
1378 1056 1392 1080 ,
1425 1013 1471 1068 si
1508 1029 1612 1084 qua
1650 1013 2003 1069 contradictio
2033 1012 2194 1067 fuerit

610 1113 824 1175 oborta,
860 1105 1157 1181 (Nonnulla
1192 1105 1317 1158 add.
1349 1106 1404 1159 in
1432 1105 1578 1178 edd.)
1614 1121 1722 1160 non
1764 1112 2093 1174 prmsumant
2124 1102 2193 1158 ad

611 1200 946 1273 purgandum
974 1213 1098 1254 eum
1122 1200 1213 1270 qui
1239 1197 1569 1253 ordinandus
1592 1204 1677 1251 est
1699 1204 1810 1249 tres
1835 1213 1848 1248 :
1882 1194 1975 1249 sed
2011 1201 2195 1264 postu-

611 1294 790 1349 lentur
809 1305 971 1361 super
997 1290 1160 1362 ιζιςιιά.
1198 1290 1324 1344 add.
1372 1287 1557 1360 super]
1590 1296 1723 1352 tres,
1751 1303 1893 1341 unus
1921 1286 2005 1342 vel
2025 1288 2150 1351 ,duo
2176 1300 2190 1339 :

610 1369 666 1437 et
687 1382 741 1437 in
760 1379 945 1436 eadem
961 1380 1199 1436 Ecclesia
1225 1379 1414 1453 [Edd.,
1438 1377 1613 1451 plebe]
1637 1378 1722 1433 cui
1745 1377 2072 1433 ordinandus
2089 1384 2193 1441 est,

612 1470 974 1527 discutiantur
1016 1470 1193 1541 primo
1234 1484 1480 1541 persona:
1527 1467 2050 1524 eontradicentium:
2100 1481 2198 1536 po-

612 1574 815 1620 stremo
840 1563 1003 1619 etiam
1035 1563 1123 1617 illa
1151 1577 1271 1632 qua:
1296 1560 1640 1631 objiciuntur,
1677 1565 2105 1627 pertractentur;
2143 1564 2196 1609 et

614 1671 736 1725 cum
762 1642 1022 1727 purgatus
1044 1654 1208 1711 fuerit
1234 1654 1333 1709 sub
1369 1662 1656 1722 conspectu
1680 1649 1871 1720 plebis,
1898 1647 2194 1702 ordinetur.

979 1765 1158 1822 Canon
1180 1765 1521 1831 Arelatensis,
1548 1781 1654 1819 arra
1679 1763 1742 1818 21
1776 1763 1823 1816 δ.

688 1862 743 1919 In
766 1861 1103 1918 ordinatione
1128 1857 1286 1931 (Var.
1340 1855 1486 1929 edd.)
1515 1857 1750 1927 episcopi
1793 1856 1880 1911 hic
1924 1854 2056 1909 ordo
2083 1868 2197 1908 ser-

615 1966 802 2021 vetur,
831 1963 891 2009 ut
918 1954 1093 2025 primo
1131 1951 1250 2007 loco
1288 1950 1578 2005 venalitate
1608 1948 1691 2002 vel
1731 1946 2025 2002 ambitione
2070 1944 2197 1999 sub-

619 2057 789 2112 mota,
838 2054 949 2101 tres
994 2043 1229 2113 episcopi
1266 2041 1367 2114 [ab
1406 2039 1704 2113 episcopis]
1735 2037 2099 2100 nominentur,
2131 2034 2197 2088 de

618 2139 817 2209 quibus
844 2134 1027 2192 clerici
1057 2133 1140 2188 vel
1170 2133 1314 2188 cives
1342 2146 1468 2202 erga
1504 2147 1672 2186 unum
1699 2126 1927 2199 eligendi
1966 2125 2201 2180 habeant

618 2239 961 2306 potestatem.

931 2321 1116 2377 Conon
1140 2317 1531 2373 Aurelianensis
1560 2316 1596 2383 2
1619 2326 1669 2382 ο,
1699 2331 1805 2370 a’ra
1829 2312 1883 2367 5.

689 2416 985 2487 Episcopus
1024 2414 1077 2467 in
1120 2412 1342 2466 civitate
1361 2450 1375 2474 ,
1408 2410 1461 2464 in
1491 2424 1594 2477 qua
1624 2422 1722 2477 per
1746 2405 2024 2460 decretum
2048 2400 2202 2472 eligi-

621 2520 733 2575 tur,
759 2507 1076 2563 ordinetur:
1121 2501 1279 2574 (Var.
1316 2500 1463 2571 cdd.)
1493 2498 1629 2554 etin
1663 2495 1893 2552 ecclesia
1937 2493 2025 2548 cui
2066 2506 2204 2563 pne-

620 2600 835 2672 futurus
871 2606 958 2653 est
984 2602 1352 2651 consecretur.
1401 2592 1458 2645 Si
1496 2604 1628 2644 vero
1654 2586 1949 2643 necessitas
1973 2586 2075 2639 hoc
2105 2583 2203 2637 im-

620 2691 770 2761 plere
793 2703 899 2743 non
924 2687 1147 2759 patitur,
1165 2679 1461 2754 (Nonnulla
1488 2679 1615 2734 add.
1644 2680 1697 2731 in
1718 2675 1862 2747 edd.)
1881 2682 1974 2728 aut
1995 2673 2046 2727 in
2069 2687 2205 2743 pne-

621 2779 796 2837 scntia
824 2771 1245 2845 metropolitani,
1276 2777 1368 2825 aut
1392 2784 1517 2824 cum
1554 2765 1671 2846 ejus
1694 2763 2016 2821 auctoritate
2062 2762 2205 2815 intra

622 2870 954 2945 provinciam
976 2865 1195 2922 omnino
1220 2880 1250 2917 a
1270 2857 1810 2931 comprovincialibus
1835 2854 2132 2910 ordinetur.

993 2955 1176 3009 Canon
1203 2950 1574 3023 apostolorum,
1600 2962 1708 3001 cera
1736 2945 1826 2999 2|.

694 3052 721 3093 (ι
749 3048 1042 3106 Eunuchus
1067 3060 1162 3116 per
1186 3041 1443 3097 invidiam
1465 3080 1479 3104 ,
1520 3038 1605 3092 vel
1646 3037 1698 3090 in
1727 3034 2101 3107 persecutione
2128 3031 2207 3087 fa-

623 3151 768 3205 ctus,
794 3137 879 3192 vel
902 3136 947 3191 si
973 3135 1051 3190 sic
1079 3139 1240 3187 natus
1264 3131 1367 3195 est,
1393 3128 1439 3182 si
1464 3127 1657 3198 dignus
1683 3133 1786 3185 est.
1812 3121 2075 3178 eﬁiciatur
2093 3120 2205 3191 epi-

632 3245 845 3302 scopas.

1075 3314 1255 3371 Canon
1286 3310 1556 3372 Nicwnus,
1583 3323 1689 3362 (cra
1715 3305 1767 3359 4.

701 3422 725 3451 ε
757 3410 828 3466 Ut
856 3410 1160 3481 episcopus,
1195 3402 1240 3459 si
1284 3401 1399 3457 ﬁeri
1442 3406 1637 3469 potest,
1663 3412 1693 3450 a
1722 3394 1885 3449 totius
1919 3389 2211 3462 provincia:

629 3480 899 3575 episcopis
921 3499 1218 3555 ordinetur.
1250 3493 1307 3549 Si
1333 3506 1463 3546 vero
1483 3490 1584 3543 hoc
1609 3485 1822 3542 diﬁicile
1851 3495 1956 3548 est,
1981 3498 2086 3536 non
2108 3480 2213 3535 mi-

628 3571 734 3649 nus
756 3589 965 3664 [quam]
996 3605 1027 3643 a
1058 3587 1262 3642 tribus:
1288 3583 1360 3638 ita
1384 3590 1561 3636 tamen
1591 3586 1649 3633 ut
1679 3573 2075 3646 metmpolitani
2098 3571 2211 3642 epi-

630 3663 779 3753 scopi
803 3681 888 3737 vel
911 3677 1220 3752 prmsentia,
1244 3672 1537 3729 auctoritas
1561 3668 1667 3741 [vel
1694 3664 1981 3736 pnesentia
2008 3663 2091 3717 vel
2117 3676 2214 3715 au-

630 3771 879 3844 ctoritas]
917 3771 1199 3826 habeatur.
1232 3766 1451 3834 Absque
1474 3778 1540 3817 eo
1565 3758 1959 3817 ordinationem
2001 3753 2213 3809 irritam

634 3864 882 3921 volumus
912 3860 1055 3934 [esse
1082 3853 1410 3926 voluerunt].
1490 3876 1499 3883 -

1316 3944 1453 4002 Afra
1487 3943 1539 3997 7.

626 4081 634 4087 -
711 4042 733 4085 ί
766 4042 825 4101 Si
850 4042 991 4098 forte
1027 4040 1081 4095 in
1109 4035 1410 4093 ordinando
1436 4033 1687 4104 episeopo
1724 4031 1831 4086 duo
1854 4029 1940 4085 vel
1969 4036 2080 4083 tres
2108 4026 2217 4083 dis-

635 4136 876 4195 sentiant
895 4133 1026 4207 {pro
1055 4131 1232 4199 aliqua
1260 4123 1647 4195 contentione],
1678 4121 2007 4190 reliquorum
2033 4128 2217 4174 aucto-

624 4230 788 4290 .ritas,
815 4233 871 4281 et
894 4224 1163 4297 praecipue
1201 4215 1595 4288 metropolitani
1625 4228 1746 4268 cum
1772 4210 1984 4268 cretcris
2013 4208 2218 4264 ﬁrmior

634 4322 920 4380 habeatur.
1005 4392 1008 4395 λ
1596 4374 1597 4377 η

995 4408 1178 4467 Canon
1201 4409 1226 4446 κ
1256 4403 1611 4467 Laodicensis,
1644 4417 1752 4455 trra
1784 4399 1870 4453 l2.

1461 352 1777 411 CANON‘ES
1815 349 2102 410 SELECTI
2136 349 2231 406 EX
2264 348 2420 407 VET.
2461 347 2615 404 CAN".
2658 336 2991 404 COLLECT

605 471 812 535 habito,
841 475 896 525 et
924 483 1087 524 sccun
1107 465 1217 521 lum
1246 465 1680 520 Eeclesiasticam
1715 461 1952 532 regulam
1980 460 2183 516 factum
2211 462 2265 523 Δ

3716 347 3832 405 1001

2643 477 2826 532 Conon
2862 478 2877 519 ί
2915 478 3221 550 Africanus,
3260 494 3367 533 trra
3401 477 3414 528 i
3456 479 3507 533 i.

2358 609 2460 676 Qui
2494 609 2775 679 episcopus
2800 607 3132 665 ordinandus
3158 618 3260 673 eSt,
3286 617 3415 665 ante
3438 610 3781 679 examinetur,
3797 615 3835 672 si

2288 711 2481 758 natura
2510 702 2746 772 prudens
2773 708 2877 767 est,
2901 702 2948 756 si
2974 701 3240 765 docibilis,
3268 703 3313 757 si
3340 704 3580 758 moribus
3604 711 3837 774 tempera-

2290 800 2400 857 tus,
2440 791 2486 846 si
2512 792 2622 846 vita
2650 800 2852 857 castus,
2880 792 2927 846 si
2964 791 3199 857 sobrius,
3235 793 3279 847 si
3326 807 3538 864 semper
3561 794 3643 848 sui
3669 798 3836 865 negotii

2289 897 2491 937 vacans
2519 878 2656 953 [suis
2691 881 2923 950 negotiis
2945 881 3167 953 cavens]
3191 920 3206 948 ,
3236 883 3281 937 si
3312 883 3620 939 hominibus
3645 885 3837 941 affabilis

2292 972 2362 1046 [si
2388 972 2626 1036 humilis,
2662 972 2708 1027 si
2730 972 2980 1045 ali‘abilis]
3001 1014 3015 1037 ,
3060 974 3107 1027 si
3135 972 3436 1038 litteratus,
3468 975 3512 1029 si
3541 975 3594 1029 in
3620 974 3727 1046 lege
3751 977 3836 1031 Do-

2290 1064 2424 1118 mini
2449 1063 2767 1128 instructus,
2794 1062 2838 1117 si
2864 1061 2918 1116 in
2952 1060 3375 1131 Scripturamm-
3393 1063 3642 1118 sensibus
3663 1076 3836 1130 cautus,

2292 1154 2340 1211 si
2386 1153 2441 1209 in
2475 1154 2817 1225 dogmatibus
2843 1152 3228 1208 ecclesiasticis
3260 1136 3611 1209 exercitatus.
3651 1157 3711 1211 Et
3737 1168 3838 1213 ante

2292 1244 2495 1308 omnia,
2522 1244 2569 1298 si
2594 1242 2717 1297 ﬁdei
2739 1243 3059 1298 documenta
3084 1242 3263 1297 verbis
3288 1244 3625 1315 simplicibus
3645 1258 3835 1311 asserat,

2294 1339 2348 1395 id
2376 1346 2460 1395 est
2498 1338 2737 1402 Patrem,
2778 1337 2972 1392 Filium
3015 1346 3072 1391 et
3115 1336 3375 1407 Spiritum
3420 1346 3667 1392 sanctum
3705 1355 3836 1393 unum

2296 1430 2465 1487 Deum
2498 1446 2618 1487 esse
2649 1429 2999 1495 conﬁrmans,
3032 1437 3309 1500 totamque
3335 1430 3389 1485 in
3430 1430 3695 1485 Trinitate
3716 1428 3838 1503 [Tri-

2295 1520 2503 1593 nitatis]
2529 1520 2784 1576 deitatem
2810 1520 3245 1587 eoessentialem,
3267 1529 3322 1575 et
3338 1522 3837 1585 consubstantialem,

2295 1622 2352 1667 et
2377 1612 2788 1677 comternalem,
2825 1620 2883 1666 et
2926 1612 3412 1681 coomnipotentem
3456 1613 3774 1681 praedicans:
3803 1615 3840 1669 si

2295 1704 2534 1775 singulas
2569 1718 3005 1774 unamquamque
3043 1702 3397 1775 [singularem
3432 1703 3718 1775 quamque]
3746 1719 3841 1774 per-

2230 1813 2275 1874 n
2300 1814 2489 1854 sonam
2519 1797 2573 1852 in
2602 1796 2865 1853 Trinitate
2887 1796 3104 1866 plenum
3146 1796 3340 1861 Deum,
3364 1806 3422 1851 et
3457 1806 3601 1851 totas
3628 1806 3726 1851 tres
3746 1813 3843 1868 per-

2300 1906 2461 1947 sonas
2484 1904 2651 1944 unum
2678 1888 2847 1943 Deum
2877 1888 2903 1927 ι
2930 1904 2944 1941 :
2986 1887 3031 1942 si
3060 1887 3487 1941 incarnationem
3517 1887 3736 1941 divinam
3756 1902 3839 1941 non

2300 1981 2353 2036 in
2382 1979 2541 2034 Patre
2571 1993 2742 2049 neque
2767 1978 2819 2032 in
2850 1976 3053 2048 Spiritu
3083 1986 3273 2032 sancto
3300 1975 3525 2041 factam,
3552 1978 3643 2031 sed
3666 1978 3713 2033 in
3733 1977 3842 2032 Fiiio

2258 2120 2263 2125 .
2301 2078 2506 2125 tantum
2548 2068 2640 2141 [In
2665 2067 2785 2122 edd.
2825 2068 2953 2122 add.
2979 2067 3224 2139 credat];
3261 2075 3323 2123 ut
3348 2068 3439 2137 qui
3464 2070 3655 2122 eratin
3680 2067 3841 2121 divini-

2302 2173 2411 2218 tate
2432 2164 2526 2219 Dei
2543 2163 2720 2218 Patris
2741 2161 2929 2225 Filius,
2952 2162 3068 2232 ipse
3090 2161 3241 2216 ﬁeret
3262 2162 3316 2216 in
3337 2162 3658 2216 humanitate
3674 2159 3833 2232 [Edd.,

2301 2255 2539 2319 homine,
2585 2256 2777 2309 rectius
2822 2250 2985 2325 Coll.]
3035 2252 3270 2308 hominis
3312 2253 3511 2306 matris
3534 2250 3840 2313 ﬁlius,Deus

2301 2360 2463 2401 verus
2489 2362 2557 2401 ex
2582 2346 2744 2401 Patre
2765 2385 2779 2409 ,
2818 2355 2875 2399 et
2904 2345 3067 2399 homo
3112 2360 3276 2399 verus
3320 2360 3387 2398 ex
3434 2350 3634 2405 matre,
3660 2354 3844 2395 carnem

2302 2451 2367 2492 ex
2419 2436 2611 2492 matris
2658 2434 2958 2489 visceribus
3012 2435 3219 2489 habens
3260 2445 3318 2489 et
3364 2435 3605 2489 animam
3647 2432 3847 2491 rationa-

2303 2527 2503 2592 bilem;
2543 2524 2701 2581 simul
2731 2525 2785 2578 in
2827 2539 2892 2580 eo
2935 2524 3107 2579 amba:
3143 2534 3374 2589 natoue,
3426 2522 3481 2577 id
3526 2525 3617 2577 est
3646 2521 3850 2576 inomoet

2304 2617 2470 2682 Deus,
2519 2632 2661 2671 unus
2705 2614 2898 2681 Filius,
2946 2631 3087 2669 unus
3128 2616 3400 2678 Christus,
3440 2630 3585 2668 unus
3611 2614 3848 2675 Dominus,

2304 2706 2545 2762 omnium
2573 2721 2692 2775 quae
2722 2712 2847 2759 sunt
2892 2712 2946 2759 et
2988 2716 3178 2760 auctor
3213 2714 3268 2759 et
3296 2704 3561 2759 Dominus
3600 2715 3653 2759 et
3678 2713 3851 2759 creator

2306 2813 2431 2853 eum
2478 2797 2637 2852 Patre
2677 2803 2733 2851 et
2764 2795 2970 2866 Spiritu
3010 2787 3236 2850 sancto:
3279 2796 3371 2866 qui
3414 2811 3615 2866 passus
3652 2797 3716 2849 sit
3751 2810 3851 2848 vera

2307 2891 2559 2962 passione
2586 2888 2768 2944 carnis
2786 2897 2842 2943 et
2863 2897 3109 2943 mortuus
3131 2887 3280 2960 [vera
3302 2888 3550 2958 corporis
3573 2888 3653 2941 sui
3674 2883 3851 2955 morte],

2308 2980 2715 3049 resurrexitque
2742 2994 2872 3034 vera
2899 2979 3081 3035 carnis
3106 2994 3216 3034 sua:
3245 2979 3670 3043 resurrectione,
3689 2986 3737 3032 et
3754 2991 3852 3030 vera

2311 3072 2506 3126 anima:
2530 3070 2897 3141 resumptione
2916 3111 2932 3135 ,
2958 3070 3010 3124 in
3048 3086 3155 3141 qua
3184 3071 3366 3125 veniet
3400 3068 3651 3140 judicare
3670 3069 3797 3123 vivos
3814 3075 3856 3120 et

2232 3160 2282 3227 C
2309 3172 2572 3219 mortuos.
2597 3160 2956 3228 Quaamndum
2975 3169 3062 3216 est
3088 3161 3249 3215 etiam
3279 3162 3348 3215 ab
3372 3177 3462 3224 eo,
3488 3162 3529 3216 si
3567 3161 3694 3215 Novi
3714 3168 3761 3214 et
3778 3158 3860 3210 Ve-

2312 3253 2445 3308 teris
2476 3251 2834 3311 Testamenti,
2860 3252 2914 3307 id
2937 3260 3021 3306 est
3047 3250 3180 3322 legis
3208 3260 3265 3306 et
3287 3252 3677 3321 prophetarum
3697 3259 3745 3304 et
3759 3262 3860 3317 spo—

2311 3345 2601 3410 stolorum,
2652 3360 2818 3399 unum
2875 3344 3232 3413 eumdemque
3281 3344 3465 3397 crefat
3521 3354 3782 3397 auctorem
3819 3345 3861 3392 et

2312 3439 2503 3493 Deum.
2536 3434 2593 3491 Si
2623 3436 2865 3491 diabolus
2893 3450 2999 3489 non
3025 3450 3125 3505 per
3152 3435 3539 3498 conditionem,
3575 3434 3669 3488 sed
3688 3447 3771 3503 per
3792 3445 3861 3483 ar-

2310 3528 2533 3583 bitrium
2562 3527 2741 3581 factus
2764 3526 2835 3582 sit
2861 3525 3054 3581 malus.
3085 3525 3447 3594 Quaerendum
3474 3525 3645 3579 etiam
3676 3524 3737 3578 ab
3758 3520 3862 3575 cesi

2312 3616 2503 3672 credat
2538 3616 2696 3687 hujus
2723 3631 2886 3686 quam
2916 3625 3217 3687 gestamus,
3244 3625 3297 3670 et
3333 3630 3439 3670 non
3474 3614 3702 3668 alterius
3718 3611 3862 3667 carnis

2315 3708 2768 3764 resurrectionem
2792 3726 2805 3761 :
2835 3707 2882 3762 si
2910 3707 3095 3762 credat
3129 3704 3392 3775 judicium
3422 3705 3704 3769 futurum,
3738 3712 3783 3757 et
3802 3716 3865 3754 rc-

2310 3807 2564 3871 eepturos
2611 3800 2851 3871 singulos
2894 3815 2994 3869 pro
3026 3800 3110 3854 his
3138 3814 3258 3869 qua:
3301 3799 3354 3853 in
3384 3812 3555 3853 carne
3604 3801 3865 3870 gesserunt.

2314 3890 2399 3947 vel
2445 3906 2658 3962 pcenam
2701 3890 2783 3945 vel
2831 3890 3098 3962 gloriam:
3148 3890 3193 3945 si
3242 3891 3460 3960 nuptias
3495 3906 3611 3945 non
3658 3886 3864 3960 prohibet
3966 3934 3967 3967 Ε

2317 3979 2672 4052 [improbet].
2724 3978 2793 4033 Et
2832 3989 3044 4046 cretam,
3089 3995 3206 4034 cum
3231 3979 3417 4050 quibus
3454 3981 3671 4033 omnino
3711 3989 3861 4030 conre-

2316 4071 2466 4125 m'unt
2486 4072 2567 4125 rd.
2611 4070 2652 4125 ι.

2655 4203 2835 4259 (Zenon
2859 4204 3271 4267 Aurelianensis,
3299 4218 3406 4257 a‘ra
3435 4202 3469 4255 4
3501 4214 3568 4255 ιι.

2389 4326 2418 4354 ιι
2446 4316 2892 4388 Metropolitanus
2916 4317 3186 4382 omnibus,
3217 4317 3262 4373 si
3292 4316 3409 4371 lieri
3440 4324 3646 4386 potest,
3966 4316 3967 4371 l

2321 4407 2465 4461 tibus
2506 4405 3052 4477 eomprovincialibus
3087 4406 3355 4477 episcopis
3387 4406 3709 4469 ordinetur;
3738 4403 3800 4456 ita
3829 4406 3874 4451 ιιι
3966 4420 3967 4477 ί

709 4531 738 4572 ιι
766 4528 838 4586 Ut
865 4526 1100 4599 epiSCOpi
1129 4520 1660 4593 metropolitanorum
1692 4514 1896 4584 judicio
1913 4554 1927 4574 ,
1952 4521 2003 4567 et
2030 4528 2217 4568 eorum

2322 4497 2422 4566 ipsi
2469 4497 2883 4568 metropolitano
2927 4505 2953 4532 ο
2983 4497 3323 4568 privilegium
3369 4496 3660 4551 ordinandi
3699 4498 3873 4548 maneat

636 4584 1008 4694 episcoporum
1027 4584 1120 4686 qui
1149 4584 1464 4675 circa-sunt,
1488 4607 1855 4678 provehantur
1879 4604 1945 4658 ad
1968 4603 2222 4657 eeclesia-
2324 4589 2390 4645 de
2416 4591 2553 4661 i950.
2578 4606 2737 4660 quem
2776 4589 3131 4694 grdinationis
3157 4589 3488 4645 consuetudo
3516 4588 3762 4659 requirit.
3785 4584 3875 4686 ius

638 4714 831 4771 sticam
850 4717 1170 4782 potestatem
1194 4723 1207 4771 ;
1231 4705 1286 4760 hi
1310 4702 1562 4761 videlicet
1586 4698 1678 4767 qui
1701 4696 1932 4767 plurimo
1958 4703 2220 4764 tempore,

640 4813 756 4861 tam
783 4804 836 4860 in
862 4801 1028 4857 verbo
1055 4798 1176 4854 lidei
1206 4811 1369 4867 quam
1394 4800 1555 4848 rectae
1572 4786 2009 4875 conversationis
2040 4802 2223 4841 exem-

639 4893 754 4967 plo,
773 4893 984 4967 probati
1009 4890 1232 4945 fuerint.

716 5102 745 5131 ι
770 5087 935 5145 Cone.
967 5088 1249 5158 Carthag.,
1280 5103 1328 5140 c.
1361 5085 1449 5158 il).

716 5160 747 5201 δ
771 5159 935 5214 Cone.
963 5155 1265 5221 Arelatfu,
1288 5172 1335 5211 c.
1365 5155 1453 5209 54.

717 5240 743 5269 ε
768 5228 934 5284 Cone.
965 5226 1147 5282 Aurel.
1176 5228 1263 5291 tv;
1305 5228 1357 5280 in
1386 5224 1508 5280 edd.
1542 5238 1591 5278 c.
1622 5224 1675 5278 5.

715 5299 744 5340 ἀ
772 5297 889 5380 μω]
917 5296 1549 5380 est-‘DionySLiuterpt-ct.

718 5380 745 5410 ο
771 5367 971 5439 lnterp.
996 5362 1196 5423 Ruﬁni.
1222 5367 1341 5423 ΥΠ.
1367 5362 1632 5438 synodum
1662 5364 1789 5418 Arei
1827 5373 1864 5418 t.
1899 5380 1960 5427 Il,
1987 5380 2035 5417 e.
2066 5362 2117 5416 5.

721 5437 745 5480 ί
773 5438 972 5493 Intern.
1003 5438 1127 5492 Ruf.
1259 5441 1279 5459 ⁸

799 5448 972 5508 nterp.
1003 5441 1127 5492 Ruf.
1259 5441 1279 5459 ⁸

717 5510 748 5553 ⁸
770 5507 1075 5571 Laodiceni,
1103 5524 1151 5563 e.
1178 5508 1265 5562 12.
1592 5556 1595 5559 η

713 5580 745 5624 Ιι
776 5577 893 5636 Non
917 5579 1146 5635 multum
1168 5578 1349 5633 dili‘ert
1363 5577 1433 5631 ab
1461 5576 1685 5644 interpr.
1715 5575 1931 5646 Dionys.

723 5651 743 5695 ι
775 5647 974 5707 Statut.
1003 5648 1149 5705 Eccl.
1180 5647 1349 5717 antiq.
1378 5647 1511 5717 Vide
1537 5661 1720 5716 supra.
1804 5711 1808 5714 ἠ

719 5719 735 5772 i
776 5721 832 5776 ln
860 5721 979 5777 cod.
1020 5719 1184 5774 Barb.
1225 5713 1459 5788 primum
1498 5713 1789 5787 hoc—eaput
1827 5713 2067 5784 fungitur
2105 5715 2223 5769 vice

647 5790 976 5866 praelationis
1001 5790 1340 5861 seqtmntium
1365 5802 1488 5858 cap.

2327 4660 2505 4737 tamen
2534 4681 2976 4749 metropolitanus
3001 4695 3033 4734 a
3062 4680 3608 4750 comprovincialibus
3627 4675 3873 4749 episcopis.
3966 4660 3967 4711 l

2325 4773 2468 4828 sicut
2509 4771 2728 4826 decreta
2766 4771 2911 4826 sedis
2941 4770 3248 4841 apostolica:
3285 4770 3590 4834 continent,
3637 4770 3877 4823 cumcon‘

2326 4877 2489 4915 sensu
2534 4861 2857 4916 clericorum
2901 4868 2953 4915 et
3001 4860 3202 4915 civium
3228 4859 3497 4929 eligatur:
3541 4860 3674 4929 quia
3701 4868 3875 4927 anteum

2396 5086 2423 5124 ιι
2454 5082 2510 5138 In
2539 5082 2660 5137 edd.
2690 5082 3068 5137 desiderantur
3090 5080 3252 5136 verba
3284 5090 3419 5134 totas
3445 5122 3458 5134 .
3488 5120 3501 5132 .
3538 5120 3554 5135 .
3588 5080 3770 5134 Deum.

2401 5153 2419 5192 ι
2461 5154 2540 5208 Ex
2585 5152 2670 5208 his
2715 5154 2854 5207 sicut
2894 5167 2959 5206 ex
3004 5151 3126 5207 aliis
3172 5150 3512 5220 perspicuum
3566 5150 3650 5213 ﬁt,
3692 5150 3876 5203 Patrum

2323 5224 2698 5285 Alricanorum
2738 5224 2974 5286 decreta,
3014 5228 3349 5276 seustatuta
3378 5219 3641 5276 Ecclesia:
3668 5219 3875 5285 antiqua.

2324 5312 2430 5351 non
2453 5294 2621 5349 fuisse
2650 5293 3003 5361 interpolata;
3046 5291 3142 5347 sed
3172 5291 3412 5360 exceptis
3450 5300 3665 5345 tantum
3693 5288 3878 5361 quibus

2324 5368 2446 5442 dam
2484 5364 2650 5425 variis
2688 5352 3039 5442 lectionibus,
3082 5377 3202 5432 qua:
3238 5352 3458 5442 quidem
3500 5352 3725 5417 Sensum
3763 5352 3880 5412 nullo

2323 5436 2484 5491 modo
2508 5442 2740 5498 mutant,
2768 5434 2973 5503 integra
2998 5434 3382 5503 permansisse.

2397 5519 2436 5545 ιιι
2463 5505 2690 5559 Concilii
2720 5521 2780 5560 ιιι
2811 5502 3111 5565 Aureliam,
3141 5517 3189 5555 e.
3213 5503 3265 5556 5.

2396 5586 2423 5614 η
2446 5575 2630 5642 Quzed.
2664 5575 2718 5630 in
2747 5574 2832 5628 ed.
2859 5563 3548 5643 priceeduntexpositionis
3578 5584 3746 5643 causa
3781 5563 3881 5643 add.

2397 5654 2422 5681 ο
2454 5639 2842 5716 Μεινοροζὶιιιπὶ
2863 5639 3364 5716 ἡμῶνοηρζὶξαὶιὶε.
3398 5640 3539 5696 Pith.
3570 5649 3631 5716 et
3661 5639 3884 5716 Lugdn._tlt

2325 5715 2548 5820 vnlgalti.
2589 5705 2634 5770 α’
2663 5705 3237 5784 ηὶεινοροΙὶταηο.’Ὓ’ἰιΙ.
3279 5720 3437 5767 notas
3483 5728 3532 5766 v.
3579 5712 3652 5767 cl.
3700 5705 3764 5765 Jf
3791 5705 3881 5760 Si?

2326 5803 2524 5845 ιιιοιιαι.
