4020 6360
241 359 383 416 1005

1077 361 1392 417 (ΣΑΝΟΝΕΞ
1434 362 1717 418 SELECTI
1762 363 1854 417 EX
1896 365 2050 420 VET.
2095 364 2250 420 CAN.
2292 364 2622 423 COLLECT.

3347 377 3488 434 1006

237 487 343 544 cst,
374 477 513 532 sicut
542 477 652 548 ipsa
682 477 836 533 sedes
858 479 1148 548 apostolica
1178 479 1332 542 dixit,
1363 486 1421 532 ut
1445 478 1534 548 qui
1563 479 1812 532 omnibus
1840 481 1886 540 Α
1913 477 2029 546 ejus
2057 487 2291 534 teneant.
2333 479 2534 536 Cretera
2582 487 3050 554 pra'temtittimus,
3101 506 3131 541 η
3173 491 3358 558 quibus
3387 510 3488 546 non

230 573 624 644 praeponendns
653 580 755 634 est,
788 571 856 624 ab
883 572 1130 625 omnibus
1159 571 1406 643 eligatur.

542 661 725 717 Conon
751 676 774 703 α
807 663 1196 740 Aurelianensis
1220 663 1274 728 4,
1297 681 1405 718 (ει-π
1431 665 1483 720 9.

303 753 373 810 Ut
398 757 590 812 vivente
615 757 848 826 episcopo
869 755 1002 809 alter
1025 773 1126 808 non
1152 757 1420 810 ordinetur
1438 758 1811 828 episc0pns.-—

225 845 418 901 Nullus
446 846 657 900 vivente
695 847 944 917 episcopo
985 847 1122 902 alius
1165 859 1496 919 supponatur
1540 849 1701 920 [Nulli
1730 850 1810 904 vi-

223 937 370 991 venti
404 944 488 1006 ep.
519 937 935 1008 superponatur]
956 979 971 1001 ,
1003 947 1097 992 aut
1131 941 1571 1009 superordinetur
1598 941 1808 1011 episco-

220 1041 342 1097 pus,
375 1028 479 1082 nisi
509 1028 648 1083 forte
677 1029 728 1083 in
755 1029 872 1100 ejus
911 1029 1028 1090 loco
1056 1046 1214 1101 quem
1241 1033 1485 1102 capitalis
1515 1033 1667 1104 culpa
1713 1035 1807 1089 de-

213 1118 436 1188 jecerit.

628 1209 692 1264 In
719 1210 932 1280 epistola
964 1211 992 1252 ὶι
1018 1212 1218 1266 Zosimi
1243 1230 1410 1284 paptt’.

293 1296 422 1352 Htec
471 1298 526 1352 in
570 1300 792 1369 singulis
833 1301 1088 1371 gradibus
1127 1303 1462 1359 observanda
1507 1315 1633 1361 sunt
1661 1316 1800 1362 tem-

215 1399 373 1454 pora.
415 1387 473 1441 Si
517 1388 588 1442 ab
631 1388 853 1444 infantia
883 1392 1262 1449 ecclesiasticis
1293 1395 1488 1468 (Deest)
1526 1399 1798 1469 mysteriis

213 1477 303 1531 vel
344 1478 660 1534 ministeriis
706 1496 898 1536 nomen
926 1483 1157 1549 dederit,
1198 1485 1339 1540 inter
1369 1486 1598 1543 lectores
1629 1505 1799 1559 usque

207 1565 272 1622 in
300 1583 373 1622 xx
401 1569 575 1623 aetatis
596 1585 704 1623 sure
727 1586 923 1624 annum
951 1573 1261 1628 continuata
1281 1575 1656 1631 observatione
1675 1594 1796 1648 per-

209 1659 393 1716 duret.
423 1660 481 1716 Si
507 1662 708 1732 majore
731 1663 1014 1733 :etatejam
1039 1665 1234 1737 [major
1247 1665 1359 1736 jam
1379 1677 1435 1724 et
1455 1669 1791 1744 grandzevus]

205 1753 543 1818 accesserit,
587 1753 662 1807 ita
693 1764 752 1808 ut
787 1764 909 1824 post
947 1756 1270 1826 baptismum
1295 1760 1483 1814 statim
1514 1776 1571 1814 se
1600 1761 1791 1816 divinae

1915 567 2210 637 discrepant
2267 569 2407 623 edita
2451 583 2641 641 pra'ter
2701 573 3079 631 distinctionem
3134 595 3481 645 numerorum,

1914 675 2071 729 quam
2101 659 2298 713 nullam
2327 662 2410 714 hic
2433 663 2584 716 habet
2606 664 2726 719 coll.
2763 667 2880 720 cod.
2910 667 3040 722 Her.
3135 657 3137 660 ’

2189 751 2244 790 ’ί
2278 751 2458 807 Conon
2503 755 2870 824 Africanorum
2914 776 3042 814 trra.
3090 761 3175 815 10.

1985 837 2056 893 Ut
2078 839 2361 910 episcopus
2390 843 2591 912 absque
2631 847 2852 902 consilio
2886 849 3317 922 presbyterorum
3353 853 3483 925 [cle-

1912 926 2170 1000 ricorum]
2204 944 2444 995 suorum,
2473 931 2696 988 clericos
2718 950 2822 990 non
2844 937 3074 1002 ordinet,
3105 940 3177 994 ita
3205 950 3265 995 ut
3283 943 3481 1002 civium

1911 1020 2307 1075 conniventiam
2333 1031 2388 1077 et
2415 1023 2722 1079 testimonia
2749 1027 2995 1096 acquirat
3031 1029 3280 1104 [quaerat]
3315 1036 3365 1088 Β.

2547 1115 2708 1169 Αἶγα.
2743 1117 2837 1170 13.

1979 1203 2004 1241 h
2037 1200 2107 1256 Iit
2135 1203 2186 1257 in
2216 1204 2586 1261 sacerdotibus
2617 1206 2930 1266 ordinandis
2950 1211 3111 1268 etiam
3137 1221 3271 1268 retas
3300 1216 3478 1285 requi—

1908 1301 2079 1348 ratur.

2260 1385 2444 1441 Conon
2465 1387 2875 1456 Aurelianensis,
2900 1408 3008 1446 trra
3035 1394 3124 1448 55.

1981 1474 2235 1530 iPlacuit
2276 1476 2328 1530 in
2367 1477 2706 1536 ordinatione
2754 1482 2989 1552 episcopi
3041 1484 3182 1539 hunc
3229 1486 3472 1540 ordinem

1902 1567 2197 1631 custodiri,
2245 1574 2305 1622 ut
2333 1567 2386 1620 in
2416 1568 2590 1636 primo
2621 1571 2737 1626 loco
2775 1573 3064 1629 venalitatc
3109 1577 3189 1630 vel
3221 1579 3471 1633 ambitio-

1901 1673 1969 1711 ne
1994 1657 2260 1721 submota,
2294 1666 2405 1713 tres
2420 1658 2489 1712 ab
2515 1661 2779 1732 episcopis
2801 1665 3161 1725 nominentur.
3186 1667 3253 1724 de
3278 1670 3473 1739 quibus

1899 1746 2082 1802 clerici
2123 1747 2209 1802 vel
2250 1747 2396 1803 cives
2432 1764 2559 1821 erga
2605 1767 2770 1806 unum
2807 1753 3036 1824 eligendi
3064 1755 3292 1812 habeant
3314 1765 3472 1829 pate-

209 1843 422 1897 militia:
451 1843 722 1898 desideret
759 1845 1073 1914 mancipari,
1104 1847 1181 1901 sic
1217 1847 1372 1919 [sive]
1400 1849 1541 1903 inter
1567 1848 1792 1905 lectores
1823 1831 1867 1890 Β
1897 1844 2112 1893 “alem-

210 1931 301 1986 vel
323 1933 624 1988 exorcistas
649 1934 1013 2004 quinquennio
1042 1944 1287 1991 teneatur
1313 1957 1326 1990 :
1367 1946 1422 1992 et
1444 1939 1637 1993 exinde
1669 1956 1797 1994 aco-

213 2021 405 2090 lythus
441 2022 524 2076 vel
550 2023 909 2079 subdiaconus
936 2035 1166 2096 quatuor
1191 2044 1362 2083 annos
1389 2037 1495 2084 stet
1530 2029 1656 2101 [Ed.
1687 2048 1792 2084 om.

211 2114 348 2186 stet]
378 2133 391 2167 :
422 2123 478 2169 et
501 2116 578 2170 sic
604 2116 673 2172 ad
698 2117 1014 2172 diaconatus
1047 2118 1494 2187 benedictionem,
1539 2123 1583 2177 si
1623 2139 1795 2178 merc-

211 2216 328 2272 tur,
360 2209 603 2262 accedat.
632 2209 686 2263 in
713 2225 820 2279 quo
844 2211 1030 2265 ordine
1055 2213 1290 2282 quinque
1331 2230 1502 2270 annos
1530 2218 1575 2270 si
1619 2217 1792 2272 incul-

207 2309 339 2370 pate
379 2315 437 2354 se
474 2301 740 2370 gesserit;
779 2299 1058 2372 (erdam
1079 2304 1205 2358 add.
1243 2306 1296 2358 in
1319 2306 1465 2376 edd.)
1495 2307 1792 2380 suifragan-

207 2395 355 2449 tibus
385 2396 593 2448 meritis
620 2393 942 2466 [stipendiis]
965 2411 1062 2466 per
1090 2406 1168 2452 tot
1196 2399 1392 2470 gradus
1415 2403 1644 2471 prOpriac
1667 2403 1789 2456 lidei

205 2490 584 2554 documentis,
630 2490 948 2560 presbyterii
996 2493 1356 2548 sacerdotium
1383 2496 1581 2565 poterit
1620 2494 1784 2568 [Edd.

204 2599 314 2636 om.
351 2581 571 2654 poterit]
602 2583 918 2652 promereri.
953 2583 1026 2638 De
1054 2600 1160 2654 quo
1197 2585 1332 2650 loco,
1377 2587 1423 2640 si
1471 2587 1618 2642 illuxit
1660 2603 1787 2643 exa-

201 2675 347 2728 ctior
369 2675 480 2728 vita
508 2676 574 2729 ad
599 2673 768 2730 bonos
797 2689 974 2730 mores
1001 2677 1332 2746 perduxerit,
1361 2694 1625 2734 summum
1654 2697 1787 2751 pon-

201 2764 470 2820 tificatum
497 2780 715 2834 sperare
736 2765 929 2819 debet:
966 2766 1068 2820 hac
1101 2776 1278 2823 tamen
1319 2769 1433 2836 lege
1461 2780 1695 2838 servata,
1724 2781 1784 2827 ut

201 2869 386 2924 neque
428 2855 694 2926 bigamus,
743 2871 916 2924 neque
961 2857 1227 2926 paenitens
1267 2856 1374 2928 [AL
1421 2859 1571 2925 add.,
1609 2875 1783 2931 neque

197 2948 384 3003 viduae
408 2947 657 3020 maritus]
685 2948 752 3002 ad
782 2949 880 3002 bos
907 2949 1105 3018 gradus
1149 2951 1319 3020 possit
1343 2951 1572 3006 admitti.
1613 2953 1776 3019 Sane,

199 3051 264 3096 ut
298 3043 466 3097 etiam
490 3041 800 3096 defensores
831 3041 1101 3104 Ecclesiae,
1131 3043 1222 3111 qui
1263 3059 1326 3098 ex
1367 3043 1516 3099 laicis
1558 3046 1776 3114 fuerint,

195 3136 511 3206 supradicta
535 3135 906 3191 observatione
933 3143 1233 3201 teneantur,
1262 3137 1306 3190 si
1336 3139 1631 3192 meruerint
1659 3153 1777 3195 esse
1804 3175 1853 3242 ο

196 3225 254 3280 in
287 3226 478 3280 ordine
505 3225 810 3281 clericatus.

196 3349 222 3378 θ
279 3355 451 3394 CAPUT
524 3354 901 3395 OﬂDlNATIOSIS
961 3355 1380 3396 NINISTERIORCM
1436 3359 1775 3400 OFFICIALIL'II

845 3426 1102 3465 ECCLESIJE
1113 3451 1126 3463 .

232 3500 313 3554 De
339 3500 669 3554 ordinatione
703 3501 922 3571 episcopi
945 3541 980 3623 2!
1005 3501 1286 3572 presbyteri
1323 3513 1372 3556 et
1425 3501 1741 3574 reliquorum

850 3588 939 3623 ara
985 3588 1127 3623 nam.

849 3588 1127 3640 graanmn.

268 3659 296 3699 δ
325 3659 624 3730 Episcopus
659 3675 782 3714 eum
822 3660 1122 3724 ordinatur,
1156 3659 1262 3714 duo
1289 3660 1522 3730 episcopi
1559 3669 1776 3716 teneant

193 3750 618 3822 Evangeliorum
651 3750 846 3804 librum
890 3765 1051 3819 super
1083 3750 1346 3805 cervicem
1383 3749 1517 3818 ejus,
1554 3761 1609 3805 et
1637 3767 1775 3806 unus

190 3843 390 3898 fundat
417 3857 581 3912 super
611 3857 733 3895 eum
786 3841 914 3912 [ano
939 3857 1100 3911 super
1139 3857 1261 3896 eum
1309 3841 1582 3913 fundente]
1615 3843 1775 3900 bene-

191 3933 489 3989 dictionem
521 3949 536 3987 :
576 3931 768 4001 reliqui
813 3946 1001 3986 omnes
1024 3931 1114 4000 qui
1143 3932 1361 3998 adsunt,
1387 3932 1634 3986 manibus
1663 3931 1774 3986 suis

188 4035 362 4097 caput
386 4026 506 4095 ejus
538 4033 780 4095 tangant.
813 4036 834 4063 ε
861 4023 1153 4094 Presbyter
1181 4039 1302 4079 cum
1327 4024 1624 4088 ordinatur,
1660 4025 1774 4093 epi-

188 4133 362 4188 sc0po
391 4132 515 4171 eum
544 4116 914 4180 benedicente,
947 4122 1002 4168 et
1031 4129 1248 4168 manum
1284 4123 1445 4182 snper
1473 4123 1630 4182 caput
1655 4113 1772 4182 ejus

188 4216 436 4271 tenente,
492 4205 700 4278 [etiam]
757 4221 943 4260 omnes
991 4205 1289 4274 presbyteri
1333 4205 1424 4275 qui
1479 4213 1770 4273 pr.esentes

186 4308 340 4365 sunt,
368 4313 562 4353 manus
589 4313 714 4353 suas
733 4296 889 4366 juxta
921 4313 1142 4352 manum
1163 4296 1398 4367 episc0pi
1425 4311 1586 4366 super
1611 4304 1770 4366 caput

262 4463 288 4491 ⁸
319 4451 486 4506 Cone.
517 4451 697 4505 Aurel.
728 4468 780 4514 v,
809 4467 858 4506 c.
894 4449 976 4504 12.

262 4522 290 4592 ἓν
338 4523 437 4590 Ep.
479 4523 681 4575 Zozimi
726 4538 875 4591 papae
921 4521 986 4574 ad
1033 4519 1358 4592 Ilesychium
1396 4518 1764 4576 Salonitanum
1796 4529 1846 4590 υ

180 4591 524 4663 episcopum,
553 4607 666 4663 cap.
700 4593 752 4645 5.

261 4673 285 4700 ο
323 4659 388 4715 In
418 4663 537 4715 cod.
575 4659 733 4714 Barb.
777 4669 901 4716 ante
940 4659 1153 4715 Statuta
1199 4660 1344 4714 Eccl.
1376 4660 1544 4729 antiq.
1591 4675 1638 4713 c.
1672 4661 1758 4722 90,

183 4741 468 4801 tanquam]
501 4731 836 4801 sequentium
877 4730 1372 4801 canonumtitulus
1407 4731 1701 4801 prtefigitur
1747 4748 1758 4784 :

183 4799 954 4868 Recapitulatio,ordinationis
989 4799 1284 4868 o/ficialium
1314 4799 1581 4853 Ecclesiae.

256 4871 283 4909 ἀ
326 4869 425 4925 Est
458 4886 580 4924 can.
619 4870 687 4925 90
714 4871 766 4923 in
789 4871 906 4924 cod.
952 4869 1135 4934 Barb.,
1177 4877 1232 4923 et
1271 4884 1424 4924 conc.
1456 4885 1508 4923 tv
1550 4870 1760 4935 Cartb.,

180 4956 234 4996 c.
272 4941 326 4994 1.

262 5021 286 5050 ε
327 5009 461 5065 Can.
496 5011 554 5064 9|
584 5011 636 5064 in
667 5025 717 5065 e.
744 5009 902 5062 Barb.
927 5017 981 5063 et
1012 5024 1164 5063 conc.
1215 5025 1266 5063 tv
1313 5009 1592 5078 Cartltag.,
1629 5025 1679 5064 c.
1701 5009 1758 5075 2,

179 5089 240 5133 et
268 5081 351 5135 sic
377 5081 556 5135 cteteri
592 5097 712 5135 can.
743 5080 1162 5149 distinguuntur.

261 5149 281 5188 τ
329 5149 531 5204 Statut.
563 5150 708 5205 Eccl.
739 5148 930 5216 antiq.,
964 5149 1078 5204 sive
1097 5165 1249 5204 conc.
1271 5165 1324 5203 tv
1347 5148 1560 5215 Cartlt.,
1583 5165 1633 5203 c.
1669 5149 1758 5204 22.

183 5217 296 5274 Sed
328 5221 384 5275 in
415 5222 534 5275 eod.
558 5221 718 5274 Barb.
751 5235 796 5274 c.
831 5219 915 5272 10.
1121 5266 1124 5268 ,

261 5294 288 5331 ε
328 5292 465 5346 Add.
501 5291 553 5344 in
593 5306 728 5345 nova
756 5290 840 5343 ed.
868 5289 1033 5344 Cone.
1063 5289 1162 5344 hoc
1190 5289 1304 5344 loco
1335 5305 1454 5358 qua:
1487 5287 1678 5342 desunt
1704 5288 1759 5343 in

181 5361 380 5416 codice
402 5360 687 5416 Teleriano
712 5361 851 5414 sicut
873 5360 923 5413 in
951 5359 1071 5413 coll.
1103 5362 1222 5414 cod.
1248 5361 1314 5414 ll.

259 5431 286 5468 ἰ
330 5431 429 5485 llic
459 5448 632 5485 canon
651 5432 709 5484 in
738 5429 876 5483 Stat.
909 5430 1031 5483 Eccl
1075 5431 1244 5499 antiq.
1283 5431 1396 5484 sive
1439 5431 1490 5483 in
1529 5444 1681 5482 conc.
1710 5444 1761 5483 tv

184 5500 378 5555 Cartli.
405 5502 760 5556 desideratur.
797 5499 926 5554 Vide
950 5515 1100 5553 conc.
1132 5516 1189 5554 ιιι
1219 5501 1429 5565 Carth.,
1459 5516 1508 5553 e.
1540 5499 1592 5552 4.

261 5572 276 5610 ί
323 5571 672 5626 Desideratur
697 5570 750 5623 in
777 5584 928 5624 conc.
954 5570 1136 5624 Aurel.
1165 5570 1270 5624 Sed
1293 5571 1411 5624 vide
1437 5584 1588 5624 conc.
1613 5568 1758 5623 Arel.

187 5654 252 5698 ιι.
284 5655 346 5710 e.
372 5641 461 5706 54,
486 5651 539 5694 et
561 5655 721 5710 supra
758 5639 1003 5710 citatum.
1036 5655 1144 5692 cera
1171 5640 1260 5692 5|.

259 5710 272 5758 1'
328 5709 420 5764 Sic
469 5711 597 5764 olim
627 5707 818 5763 Callic.
874 5708 1110 5762 Ecclesia
1165 5724 1398 5762 canones
1452 5707 1760 5762 Grtccorum

188 5781 499 5834 summatim
537 5779 1008 5848 interpretabatur.
1052 5779 1201 5844 Quod
1240 5779 1358 5834 licet
1397 5779 1759 5834 observat'ein

2216 1929 2395 1985 Conon
2427 1930 2858 1988 Chalcedonensis
2877 1974 2893 1998 ,
2922 1951 3030 1989 (vra
3063 1935 3146 1990 12.

1970 2017 1984 2067 i
2028 2018 2096 2074 Ut
2115 2035 2456 2093 nequaquam
2482 2023 2536 2077 in
2567 2025 2700 2079 duos
2733 2027 3172 2098 metropolitanos
3194 2029 3468 2100 provincia

1896 2111 2184 2168 dividatur.

2483 2204 2711 2263 CAPUT
2753 2209 2880 2262 Vill.

1893 2304 1959 2343 NE
1998 2306 2051 2344 IN
2090 2307 2192 2346 [NA
2230 2309 2486 2349 CIVITA'I'E
2541 2313 2644 2350 Ι)υο
2679 2311 2800 2352 51ΝΤ
2839 2313 3070 2354 EPISCOPI
3097 2339 3113 2362 ν

2384 2382 2559 2420 ελιιιιδ
2594 2383 2975 2440 EPISCOI'ORL'H.

2303 2452 2483 2508 Canon
2516 2456 2796 2521 Maenas,
2827 2476 2934 2513 tera
2959 2460 3044 2515 10.

1961 2536 1986 2576 ιι
2018 2537 2094 2592 Ne
2121 2538 2172 2593 in
2203 2557 2306 2593 una
2335 2541 2553 2598 civitate
2579 2545 2682 2599 duo
2711 2545 2820 2598 sint
2843 2547 3098 2617 episcopi.

2240 2631 2421 2688 Canon
2449 2635 2859 2703 Aurelianensis,
2885 2656 2992 2693 trra
3019 2641 3106 2697 18.

1962 2720 1979 2761 ι
2017 2723 2217 2779 Vicarii
2247 2727 2646 2798 episcoporum,
2680 2746 2814 2800 quos
2842 2731 3014 2786 Grzeci
3045 2735 3460 2809 chorepiscopos

1884 2811 2102 2879 dicunt,
2136 2817 2412 2871 constituti
2441 2827 2565 2872 sunt
2600 2821 2666 2875 ad
2695 2823 2998 2890 exemplum
3034 2841 3137 2878 mi
3165 2828 3455 2884 seniorum.

1885 2903 1990 2958 Sed
2030 2914 2284 2975 tanquam
2330 2909 2636 2964 sacerdotes
2689 2921 2908 2980 propter
2957 2914 3365 2972 sollicitudinem
3405 2929 3462 2973 et

1881 2995 2116 3051 studium
2143 2997 2198 3052 in
2223 3014 2489 3070 pauperes
2517 3000 2766 3067 oll‘erant,
2791 3011 2845 3058 et
2875 3006 3215 3063 honorabiles
3243 3008 3375 3063 ﬁant
3395 3023 3456 3062 ω.

2471 3110 2697 3170 CAPUT
2749 3115 2817 3172 IX

2007 3215 2072 3254 Dii
2110 3216 2415 3259 οιωιΝΑΝυο
2452 3220 2702 3260 EPISCOPO
2741 3223 2903 3262 INTBA
2939 3225 3134 3265 IIENSES
3173 3229 3324 3268 τιιεε.

2196 3291 2377 3346 Canon
2404 3292 2870 3362 Chalcedonensis,
2903 3315 3010 3353 (ενα

1949 3391 1975 3419 ιι
2004 3379 2211 3436 Placuit
2251 3393 2450 3438 sach
2496 3387 2721 3454 synodo,
2754 3387 2894 3442 intra
2927 3400 3034 3445 tres
3062 3406 3276 3449 menses
3303 3394 3452 3450 ordi-

1877 3475 2120 3530 nationes
2140 3477 2511 3546 episcoporum
2536 3477 2817 3532 celebrari.

2497 3570 2722 3627 CAPUT
2761 3571 2826 3626 Χ.

2084 3673 2149 3712 DE
2186 3675 2472 3715 ORDINATIS
2507 3677 2788 3725 EI‘ISCONS,
2830 3679 2926 3717 NEC
2967 3677 3240 3721 RECEPTIS.

1946 3755 1972 3782 ο
2003 3745 2059 3802 Si
2103 3749 2223 3818 quis
2268 3751 2551 3820 episcopus
2598 3766 2704 3804 non
2756 3754 3052 3821 susceperit
3091 3754 3346 3823 ollicium,
3394 3769 3450 3814 et

1873 3854 2058 3893 curam
2102 3839 2282 3909 populi
2323 3841 2425 3895 sibi
2451 3842 2744 3906 commissi,
2784 3846 3156 3900 communione
3184 3849 3442 3915 privetur,

1872 3945 2151 3999 usquequo
2175 3931 2480 3985 consentiat
2498 3932 2734 3986 obedire.
2765 3932 3023 3988 Similiter
3039 3937 3336 4008 presbyter,
3364 3941 3446 3994 vel

1872 4023 2147 4077 diaconus.
2190 4022 2246 4077 Si
2278 4039 2406 4078 vero
2443 4038 2541 4094 pro
2590 4024 2791 4078 malitia
2832 4026 3013 4096 pepuli
3055 4039 3302 4100 receptus
3338 4047 3445 4088 non

1870 4116 2052 4182 fuerit,
2082 4115 2193 4186 ipse
2229 4116 2444 4185 quidem
2475 4124 2689 4170 maneat
2723 4117 3025 4187 episcopus.
3088 4120 3283 4178 Clerici
3315 4136 3460 4197 vero.

1869 4210 2104 4264 civitatis
2127 4209 2501 4264 communione
2529 4209 2831 4277 priventur,
2871 4227 2936 4264 eo
2972 4213 3113 4281 quod
3139 4215 3444 4272 cruditates

1869 4300 2225 4355 inobedientis
2249 4298 2428 4368 populi
2455 4314 2559 4352 non
2584 4298 2816 4353 fuerunt.

3173 2315 3242 2355 ET
3281 2315 3347 2356 οε
3383 2316 3464 2355 τί·-

1868 4451 2056 4521 synozl.
2088 4449 2226 4504 Call.
2255 4459 2309 4504 et
2329 4449 2516 4521 [Rufini
2538 4449 2735 4519 interp.

1942 4524 1964 4561 Ιί
2005 4522 2077 4574 Ex
2108 4523 2296 4590 interp.
2324 4520 2522 4584 Ruﬁni,
2553 4537 2656 4590 qua
2683 4519 2839 4575 simili
2872 4520 2937 4574 de
2969 4519 3088 4575 aliis
3113 4523 3302 4577 conci].
3335 4523 3436 4579 Ec-

1868 4591 2029 4645 clesia
2061 4591 2198 4644 Gall.
2231 4592 2500 4643 utebatur.

1944 4661 1959 4700 ι
2003 4661 2350 4715 Desideratur
2383 4661 2432 4713 in
2463 4659 2584 4712 edd.

1936 4733 2103 4785 mIste
2150 4747 2322 4785 canon
2369 4731 2422 4782 in
2469 4730 2712 4783 conciliis
2749 4728 3024 4786 Aurelian.
3074 4725 3430 4796 desideratur,

1865 4801 2285 4872 desumptusque
2315 4815 2430 4872 esse
2455 4800 2668 4872 videtur
2691 4815 2752 4853 ex
2771 4801 3011 4872 [concilio
3041 4799 3434 4872 Seoca‘sariem

1865 4872 1928 4933 si,
1961 4869 2081 4926 cani
2123 4869 2212 4933 15;
2259 4869 2410 4937 cujus
2452 4870 2853 4938 interpretatio,
2889 4885 3007 4940 qua;
3063 4869 3258 4939 legitur
3290 4871 3431 4940 apud

1866 4942 2127 4995 lsidorum
2160 4941 2508 4994 Mercatorem
2530 4980 2544 5003 ,
2592 4940 2769 4994 verbis
2799 4938 3222 5008 praecedentibus
3264 4938 3432 4996 multo

1863 5013 2092 5065 similior
2138 5019 2220 5065 est
2263 5025 2422 5080 quam
2471 5009 2810 5078 Dionysiana.
2869 5010 2959 5063 Sic
2989 5009 3151 5080 igitur
3171 5010 3430 5064 exinter-

1863 5083 2160 5151 pretatione
2207 5079 2392 5151 lsidori
2433 5097 2474 5151 :7
2511 5098 2528 5130 ι
2571 5081 2770 5134 Vicaril
2814 5087 2988 5134 autem
3035 5081 3425 5151 episcoporum,

1862 5149 1997 5220 quos
2039 5151 2208 5205 Grzeci
2261 5150 2674 5220 chorepiscopos
2727 5159 2956 5214 vocant,
3001 5149 3276 5205 constituti
3307 5160 3431 5204 sunt

1862 5219 2074 5288 quidem
2127 5222 2191 5274 ad
2238 5219 2541 5288 exemplum
2598 5221 2930 5290 septuaginta
2979 5222 3292 5290 seniorum;
3334 5221 3428 5274 sed

1863 5299 2118 5358 tattu'luant
2162 5290 2625 5344 consacerdotales
2670 5289 2888 5360 propter
2920 5289 3328 5345 sollicitudinem
3372 5299 3431 5352 et

1861 5363 2097 5415 studium
2123 5361 2266 5430 quod
2314 5360 2370 5413 in
2402 5374 2664 5430 pauperes
2691 5368 2852 5430 agunt
2874 5400 2888 5426 ,
2919 5360 3147 5417 offerant
3181 5367 3236 5416 et
3263 5361 3430 5416 hono-

1863 5431 2058 5486 rabiles
2083 5431 2395 5485 habeantur.
2429 5451 2448 5482 ι

1935 5513 1963 5540 ιι
2002 5503 2228 5570 interpr.
2265 5501 2483 5570 Dionys.

1936 5581 1961 5610 ο
1997 5573 2107 5626 Nec
2137 5567 2325 5625 auctor
2353 5567 2452 5624 néc
2480 5585 2734 5626 numerus
2764 5568 3092 5626 inscribitur.
3143 5567 3279 5624 Vide
3302 5583 3404 5624 con

1865 5643 2044 5697 cilium
2097 5641 2369 5703 Antioch.,
2418 5657 2466 5694 c.
2501 5641 2584 5697 l7.
2621 5641 2713 5704 l8;
2758 5641 2889 5696 Can.
2921 5641 3022 5695 sub
3050 5638 3267 5694 nomine
3300 5652 3430 5707 apo-

1866 5714 2012 5780 sl0|.,
2042 5728 2090 5767 c.
2115 5713 2204 5767 55.
2243 5711 2424 5765 Prisca
2449 5712 2725 5779 interpret.
