4020 6360
232 364 368 422 1009

584 476 765 531 Conon
793 472 1139 547 Epannensis,
1161 490 1269 529 aera
1293 472 1361 527 55
1383 485 1431 526 ι.

296 566 366 623 Ut
398 567 681 636 episcopus
707 567 799 621 ille
816 566 905 637 qui
933 565 1114 635 plures
1150 565 1312 619 habet
1353 562 1592 625 clericos,
1636 560 1791 615 alteri

223 658 477 727 episcopo
497 673 684 723 unum,
710 656 754 711 si
774 670 993 710 necesse
1014 663 1115 719 est,
1136 653 1397 723 largiatur
1414 652 1787 707 ordinandum.

598 745 779 801 Canon
810 745 1174 809 Antiochenus,
1206 759 1313 796 tera
1340 742 1429 795 2L
1580 750 1581 753 ‘

294 841 323 878 δ
362 839 659 909 Episcopus
689 838 757 892 ab
785 837 890 891 alia
928 835 1182 905 parochia
1222 847 1562 903 nequaquam
1597 831 1794 901 migret

222 930 291 984 ad
338 930 525 993 aliam,
566 944 664 984 nec
701 936 887 998 sponte
925 943 1022 981 sua
1050 942 1271 997 prorsus
1306 926 1565 989 insiliens,
1604 938 1704 978 nec
1738 922 1792 975 vi

218 1031 441 1077 coactus
467 1037 497 1074 a
528 1020 757 1091 populis,
784 1033 883 1073 nec
909 1018 975 1072 ab
999 1018 1266 1087 episcopis
1296 1017 1619 1071 necessitate
1642 1030 1790 1068 com-

216 1111 426 1180 pulsus.
453 1111 665 1165 Maneat
686 1110 739 1164 in
763 1108 1025 1173 Ecclesia,
1052 1123 1210 1176 quam
1229 1108 1477 1178 primitus
1499 1122 1529 1160 a
1553 1106 1660 1161 Deo
1678 1119 1794 1159 sor-

218 1202 353 1258 titus
374 1209 477 1256 est.
1393 1192 1419 1220 ⁸

570 1287 751 1342 Canon
775 1286 1224 1350 Chalcedonensis,
1252 1301 1358 1340 αντα
1384 1286 1435 1340 8.

296 1392 318 1418 ε
362 1376 553 1432 Clerici
584 1376 677 1446 qui
716 1376 1078 1446 prmficiuntur
1116 1375 1367 1445 ptochiis,
1409 1374 1489 1427 vel
1526 1374 1614 1441 qui
1648 1372 1793 1426 ordi—

217 1480 423 1526 nantur
454 1469 796 1524 monasteriis
828 1476 882 1523 et
912 1468 1178 1532 basilicis,
1211 1468 1310 1521 sub
1341 1466 1575 1536 episcopi
1605 1480 1795 1519 secun-

215 1563 348 1618 dum
389 1561 705 1626 traditiones
742 1558 959 1612 Patrum
988 1566 1252 1628 potestate
1279 1564 1665 1627 permaneant:
1694 1570 1794 1609 nec

215 1669 320 1724 per
356 1650 749 1707 contumaciam
801 1650 868 1704 ab
911 1649 1161 1719 episcopo
1210 1663 1307 1702 suo
1356 1646 1637 1701 dissiliant.
1689 1644 1791 1711 Qui

214 1761 351 1801 vero
380 1745 565 1800 audire
597 1744 870 1798 renuerint
900 1742 1265 1813 hujuscemodi
1291 1740 1538 1809 formam,
1567 1740 1611 1795 si
1634 1739 1789 1793 cleri-

211 1839 268 1893 ci
316 1845 440 1891 sunt
466 1876 481 1901 ,
525 1849 791 1891 canonum
838 1832 1263 1904 correptionibus
1308 1828 1692 1899 subjacebunt;
1743 1829 1787 1884 si

211 1940 399 1985 autem
442 1928 565 1983 laici
603 1928 687 1983 vel
734 1926 981 1981 monachi
1016 1925 1234 1991 fuerint,
1270 1924 1644 1980 communione
1682 1921 1791 1992 pri-

210 2037 319 2076 ven
326 2032 433 2079 tur.

883 2107 1017 2163 lEra
1057 2108 1146 2163 20.

286 2202 315 2242 ἀ
350 2201 589 2257 Clericos
619 2202 672 2256 in
704 2198 929 2254 ecclesia
963 2198 1347 2261 ministrantes,
1388 2195 1435 2250 si
1478 2195 1532 2249 in
1572 2194 1792 2248 alterius

209 2290 453 2346 civitatis
494 2288 721 2343 ecclesia
763 2286 947 2342 statuti
990 2285 1223 2349 fuerint,
1264 2293 1475 2355 Oportet
1512 2291 1793 2338 contentos

207 2396 370 2445 esse,
403 2380 456 2434 in
487 2379 681 2449 quibus
708 2378 775 2432 ab
804 2378 956 2431 initio
984 2376 1293 2430 ministrare
1318 2374 1651 2437 debuerunt;
1694 2388 1788 2427 ex—

208 2470 387 2540 ceptis
422 2469 526 2523 illis
567 2468 680 2537 qui,
718 2468 962 2537 proprias
1000 2466 1304 2520 amittentes
1341 2464 1682 2534 provincias,
1724 2479 1791 2518 ex

209 2559 540 2615 necessitate
576 2559 645 2612 ad
679 2556 839 2611 aliam
878 2555 1163 2610 ecclesiam
1203 2554 1548 2608 transierunt.
1592 2551 1792 2621 Siquis

209 2657 395 2703 autem
410 2648 690 2717 episcopus
701 2655 820 2716 post
832 2647 969 2700 hanc
980 2645 1342 2701 definitionem
1369 2643 1664 2712 susceperit
1685 2642 1792 2697 cle-

211 2743 387 2796 ticum
423 2742 491 2795 ad
531 2741 693 2795 alium
727 2741 1035 2810 episcopum
1069 2740 1457 2809 pertinentem,
1484 2736 1705 2807 placuit,
1734 2743 1793 2789 et

209 2840 522 2901 susceptum
551 2841 605 2886 et
630 2832 1009 2902 suscipientem
1033 2830 1411 2885 communione
1432 2829 1653 2901 privari,
1689 2828 1787 2882 do-

214 2938 323 2976 nec
348 2923 395 2977 is
417 2923 509 2992 qui
536 2923 877 2993 migraverat,
906 2930 1226 2977 revertatur.

572 3012 753 3067 Conon
790 3012 1211 3077 Aurelianensis;
1242 3028 1349 3065 αντα
1379 3011 1432 3064 2.

1073 360 1387 417 CANONBS
1426 356 1712 415 SELECTI
1751 357 1841 412 EX
1883 357 2038 413 VET.
2075 358 2230 412 CAN.
2276 360 2609 415 COLLECT.

1814 472 1871 530 Δ

3322 364 3469 418 1011)

2205 467 2388 524 Canon
2436 469 2826 541 Hipponiensis,
2871 487 2977 525 arra
3004 470 3072 524 Ἠ
3098 470 3144 523 i.

1962 556 2041 613 Ne
2086 558 2417 614 interventor
2462 559 2648 632 [Edd.,
2696 560 3041 631 intercessor]
3086 561 3366 630 episcopus
3409 564 3475 616 in.

1891 649 2168 715 cathedra,
2217 649 2373 720 (Var.
2415 650 2559 722 edd.)
2602 652 2694 705 ubi
2739 652 3071 706 interventor
3095 658 3209 713 est,
3235 652 3415 706 sedeat
3446 672 3471 707 ε’

1893 739 2053 812 (Αάά.
2078 741 2202 812 aliq.
2227 743 2281 795 in
2302 742 2444 814 edd.)
2471 744 2564 798 sed
2585 743 2713 799 dare
2732 758 2947 813 operam
2976 752 3205 813 oportet,
3237 752 3294 798 ut
3324 745 3464 799 intra

1892 847 2090 886 annum
2116 834 2401 902 episcopus
2435 834 2627 904 populo
2667 836 2843 889 detur.
2884 835 3036 902 Quod
3078 838 3127 891 si
3166 836 3464 908 neglectum

1892 920 2073 984 fuerit,
2103 937 2243 975 anno
2269 931 2517 991 exempto
2540 924 2869 978 interventor
2898 924 2984 977 ille
3015 924 3272 989 discedat,
3302 923 3463 993 (mul-

1891 1021 1999 1066 tum
2046 1030 2157 1066 var.
2182 1014 2327 1085 edd.)
2355 1024 2410 1069 et
2433 1014 2568 1069 alius
2597 1015 2929 1071 interventor
2952 1015 3147 1087 populo
3178 1017 3464 1085 tribuatur,

1868 1103 1983 1172 ‘qui
2009 1103 2059 1157 ei
2086 1104 2391 1173 episcopum
2419 1105 2716 1173 provideat.

2240 1194 2425 1249 Canon
2458 1196 2727 1266 Regensis,
2769 1197 2793 1236 ιε
2835 1214 2941 1251 arra
2959 1238 2972 1250 .
2997 1237 3010 1251 .
3031 1238 3043 1251 .
3066 1238 3079 1251 .
3105 1196 3146 1250 ι.

1962 1285 2048 1357 (In
2085 1286 2206 1340 edd.
2230 1302 2347 1340 can.
2376 1286 2453 1357 7.)
2483 1298 2522 1325 ω
2551 1286 2608 1341 Si
2638 1288 2920 1356 episcopus
2956 1289 3119 1343 alium
3158 1288 3465 1356 episcopum

1889 1376 2099 1429 venerit
2135 1375 2389 1443 sepelire,
2430 1390 2600 1445 usque
2640 1377 2708 1431 ad
2742 1377 3093 1445 septimanam
3127 1376 3365 1433 defuncti
3405 1379 3468 1431 li-

1891 1475 2011 1522 ceat
2039 1465 2155 1534 ejus
2175 1467 2458 1536 exsequias
2489 1467 2801 1531 celebrare;
2830 1467 3004 1530 aliter,
3033 1468 3136 1521 nisi
3173 1483 3268 1537 per
3307 1485 3469 1524 man-

1891 1556 2075 1611 datum
2103 1549 2516 1627 metropolitani.
2550 1556 2627 1612 Ne
2654 1558 2775 1626 quis
2797 1559 3167 1629 episcoporum
3199 1560 3279 1617 ad:
3294 1558 3470 1615 eccle-

1892 1644 2046 1707 siam,
2079 1661 2198 1716 qua:
2224 1662 2379 1701 suum
2406 1646 2649 1703 amiserit
2669 1648 3026 1713 sacerdotem,
3056 1650 3305 1715 accedat,
3340 1664 3410 1706 ne
3437 1667 3467 1705 a

1892 1734 2048 1805 plebe
2075 1736 2392 1806 decipiatur.

2246 1824 2428 1880 Canon
2458 1825 2776 1882 Arelatensis
2802 1838 2849 1892 ι’,
2888 1845 2995 1883 a’ra
3024 1828 3114 1884 20.

1962 1915 2269 1987 Presbyteri
2290 1916 2374 1971 vel
2394 1916 2601 1971 diaconi
2624 1916 2642 1985 Ῐ
2648 1918 2715 1971 de
2734 1920 3061 1989 presbyteris
3084 1919 3165 1973 vel
3183 1918 3467 1991 diaconis],

1890 2008 1984 2076 qui
2014 2009 2129 2063 loca
2156 2023 2271 2072 sua,
2309 2009 2361 2063 in
2398 2010 2592 2078 quibus
2618 2011 2852 2066 ordinati
2886 2021 3029 2077 sunt,
3068 2012 3265 2084 [solent
3291 2013 3473 2068 dimit-

1895 2106 2008 2151 tere
2039 2106 2094 2151 et
2132 2098 2200 2153 ad
2238 2098 2343 2152 alia
2383 2098 2499 2153 loca
2527 2114 2586 2153 se
2616 2101 3196 2173 transferuntjabsque
3228 2100 3469 2169 iussione

1893 2186 2095 2257 (Desid.
2124 2188 2178 2240 in
2204 2187 2349 2259 edd.)
2380 2188 2615 2259 episcopi
2648 2189 2731 2244 sui
2759 2190 3081 2256 dimiserint,
3110 2191 3466 2265 deponantur.

2479 2304 2706 2362 CAPUT
2738 2306 2874 2363 XVI.

1996 2406 2061 2446 DE
2096 2408 2407 2450 PEREGRINIS
2434 2411 2714 2460 EPISCOI’IS,
2747 2413 2845 2451 νει
2884 2413 3143 2463 CLERICIS,
3173 2413 3268 2453 εει]
3297 2415 3362 2453 AD

2311 2481 2627 2522 COXITATUM
2673 2484 3049 2524 PERGEN'I'IBUS.
3245 2482 3247 2485 ’

2138 2549 2145 2558 ’
2208 2563 2233 2591 °
2273 2554 2454 2612 Canon
2488 2559 2894 2623 Aurelianensis,
2936 2579 3042 2615 trra
3071 2562 3155 2617 19.

1962 2644 2264 2717 Peregrinis
2292 2649 2577 2718 episcopis,
2605 2666 2727 2706 cum
2758 2651 2811 2705 in
2840 2652 2972 2707 urbe
2992 2652 3229 2715 veniunt,
3267 2652 3469 2723 placuit

1893 2734 2069 2790 locum
2095 2737 2243 2801 dare,
2274 2745 2333 2791 ut
2358 2738 2606 2793 offerant.

2281 2839 2309 2880 P
2348 2828 2528 2884 Canon
2560 2829 2830 2897 Nicwnus,
2862 2848 2969 2885 ma
3000 2831 3083 2884 10.

1960 2930 1988 2969 ς
2028 2919 2328 2991 Episcopus
2363 2922 2455 2990 qui
2502 2922 2556 2975 in
2606 2923 2780 2977 canali
2828 2923 3148 2977 constitutus
3192 2930 3296 2987 est,
3347 2939 3471 2978 cum

1891 3010 2324 3078 progredientem
2350 3011 2657 3081 episc0pum
2686 3011 2899 3077 viderit,
2926 3013 3162 3081 inquirat
3182 3015 3468 3068 transitum

292 3116 317 3143 ε
356 3104 584 3160 Ministri
624 3106 677 3158 in
701 3105 1106 3174 quibuscunque
1138 3103 1270 3160 locis
1301 3102 1533 3158 ordinati
1566 3100 1785 3169 fuerint,
1815 3147 1862 3212 Ο
1889 3098 2026 3167 ejus,
2062 3116 2359 3171 causasque
2414 3102 2613 3168 videat,
2656 3118 2762 3172 quo
2800 3103 2986 3158 tendat
3019 3112 3292 3175 agnoscat.
3325 3105 3394 3159 Et
3422 3106 3465 3159 si

214 3196 274 3249 in
307 3196 438 3268 ipsis
468 3203 809 3265 perseverent
834 3195 877 3249 ί.

872 3283 944 3338 [Ε
950 3301 1009 3337 ra
1044 3284 1135 3338 ‘20.

294 3380 319 3418 ⁶
358 3376 512 3444 Quod
538 3377 582 3432 si
610 3378 677 3433 ad
703 3378 865 3433 alium
891 3377 1066 3432 locum
1095 3392 1151 3433 se
1184 3373 1474 3431 transferre
1500 3373 1789 3439 voluerint,

211 3468 579 3537 deponantur.

613 3556 792 3613 Canon
823 3558 1093 3623 Nicwnus,
1125 3574 1231 3613 tera
1256 3557 1319 3612 21
1351 3557 1400 3611 ιι.

290 3649 352 3704 Si
384 3650 665 3719 episcopus
699 3649 764 3703 de
802 3648 1017 3702 civitate
1060 3663 1156 3703 sua
1191 3647 1498 3703 ambitionis
1527 3662 1690 3702 causa
1727 3648 1796 3703 ad

207 3741 382 3797 aliam
409 3740 740 3811 migraverit,
763 3756 861 3795 nec
885 3739 1023 3794 laica
1048 3740 1099 3795 ei
1123 3740 1428 3795 communio
1447 3739 1789 3796 concedatur.

870 3833 1008 3887 [Era
1045 3832 1134 3888 22.

290 3926 304 3963 ί
342 3922 415 3978 Ut
451 3924 730 3993 episcopus
774 3923 840 3977 ad
881 3922 1040 3976 aliam
1075 3923 1425 3992 provinciam,
1462 3924 1513 3977 in
1541 3938 1643 3992 qua
1670 3932 1795 3978 sunt

204 4014 480 4086 episcopi,
501 4030 606 4069 non
635 4023 890 4079 transeat,
914 4015 1016 4070 nisi
1038 4014 1173 4069 forte
1193 4031 1222 4069 a
1242 4014 1499 4071 fratribus
1517 4017 1789 4072 invitetur.

292 4158 326 4218 a_
364 4144 423 4218 In
473 4145 558 4201 ed.
604 4162 861 4203 numerus
903 4162 1008 4202 non
1044 4149 1481 4218 przetergreditur
1524 4164 1643 4205 can.
1685 4148 1790 4216 £0;

206 4216 363 4271 unde
385 4217 485 4271 iste
514 4233 685 4273 canon
715 4227 769 4271 et
792 4217 880 4271 alii
906 4216 1297 4272 desiderantur.

294 4286 323 4325 ιι
366 4285 566 4359 Parum
586 4287 850 4359 differtab
873 4288 1067 4357 interp.
1086 4289 1319 4359 ADionys.

294 4367 317 4427 εξ
363 4355 564 4427 Interp.
594 4374 692 4412 nec
712 4356 929 4427 Dionys.
960 4355 1059 4411 nec
1083 4357 1208 4412 Isid.

289 4424 316 4464 ἀ
362 4424 559 4499 Ρπιιῐι]
590 4427 767 4499 differt
794 4424 861 4481 ab
886 4427 1084 4499 interp.
1101 4428 1337 4499 ADionys.

298 4507 323 4535 ε
366 4495 474 4550 Iste
496 4511 665 4551 canon
690 4498 746 4551 in
771 4512 921 4553 conc.
951 4495 1133 4552 Aurel.
1165 4495 1631 4553 edfdcsideratur.

297 4564 317 4603 ί
367 4564 564 4619 Eadem
602 4567 765 4621 verba
789 4568 1025 4622 citantur
1052 4583 1118 4621 ex
1142 4568 1439 4623 Arelatensi
1464 4569 1708 4631 concilio,
1740 4569 1795 4624 in

207 4633 375 4689 libris
415 4635 751 4690 decretorum
795 4652 860 4690 ex
898 4637 1151 4693 Gandavo
1195 4639 1425 4704 habitis,
1467 4648 1522 4694 et
1570 4640 1796 4695 vetustis

206 4704 340 4761 cod.
381 4706 692 4760 monasterii
722 4704 777 4759 S.
810 4706 1054 4761 Bavonis.

294 4777 319 4814 ⁸
351 4774 432 4828 Ex
463 4790 613 4830 conc.
637 4775 837 4830 Arelat.
861 4790 901 4840 ι,
926 4793 975 4831 c.
1001 4777 1089 4833 Ἡ.

287 4844 317 4884 ιι
367 4843 552 4899 Canon
592 4852 677 4900 est
712 4862 729 4900 ι
760 4861 910 4901 conc.
943 4846 1310 4909 Sardicensis;
1339 4862 1439 4902 cur
1484 4847 1557 4903 ita
1600 4849 1796 4903 citetur

203 4914 338 4970 vide
360 4913 727 4983 praefationem
753 4930 804 4968 v.
831 4915 897 4969 cl.
920 4915 1129 4971 Justelli
1154 4918 1219 4971 de
1239 4917 1410 4973 veteri
1429 4919 1612 4973 codice
1630 4934 1794 4975 cano-

202 4999 348 5039 num
372 4983 623 5039 Ecclesia:
650 4985 932 5039 universre.

293 5054 311 5093 ί
348 5050 538 5128 Conon
566 5062 649 5108 est
670 5070 908 5128 meone.
934 5054 1287 5111 Sardicensis.
1315 5055 1498 5112 Prisca
1517 5058 1792 5128 interpret.

203 5136 318 5194 nec
348 5122 591 5194 Qionys.,
615 5139 714 5179 nec
744 5124 951 5179 lsidori.

290 5192 303 5241 i
353 5191 551 5265 Tribus
587 5194 731 5265 locis
757 5194 1059 5265 hicicanon
1080 5194 1305 5265 legitur:
1342 5195 1395 5249 in
1422 5211 1574 5251 conc.
1608 5197 1794 5253 Carth.

205 5277 269 5331 v,
302 5276 352 5315 c.
380 5262 622 5331 8;,conc.
650 5264 808 5331 vulgo
828 5264 970 5319 dicto
990 5262 1262 5329 Africano,
1290 5281 1338 5320 c.
1357 5265 1515 5331 4l,et
1537 5268 1592 5320 in
1615 5269 1799 5323 codice

207 5330 369 5386 Eccl.
396 5330 563 5386 Afric.
594 5348 642 5386 c.
677 5330 764 5387 74.

290 5401 318 5440 ¹ι
361 5400 457 5457 Vir
475 5402 542 5456 cl.
564 5399 613 5455 J.
638 5400 954 5458 Sirmondus
979 5402 1032 5457 in
1070 5404 1181 5459 suis
1214 5404 1357 5459 notis
1384 5404 1451 5460 ad
1487 5405 1591 5461 hoc
1619 5409 1799 5463 conci-

206 5468 349 5542 lium
376 5489 388 5523 :
420 5470 713 5542 t‘liegense,
754 5473 949 5542 inquit,
990 5473 1043 5526 in
1081 5474 1351 5529 veteribus
1371 5475 1540 5539 libris,
1562 5491 1669 5531 non
1702 5476 1802 5532 Re-

208 5541 412 5612 giense.
444 5539 502 5595 In
536 5539 873 5611 quibusdam,
905 5543 1141 5612 synodus
1162 5543 1345 5599 habita
1365 5546 1419 5599 in
1441 5545 1675 5601 civitate.
1710 5545 1801 5604 Sic

208 5608 271 5686 et
299 5608 675 5686 Faustusfqui
698 5608 981 5686 episcopus
1006 5611 1286 5686 Regiensis
1313 5613 1417 5669 dici
1442 5615 1602 5686 vulgo
1640 5616 1797 5684 solet,

210 5678 287 5764 ab
306 5680 545 5764 antiquis
573 5678 922 5764 scriptoribus
943 5678 1202 5764 Regensis
1230 5678 1587 5764 nuncupatur,
1615 5694 1670 5741 et
1691 5678 1801 5742 ter-'-

214 5750 470 5805 ritorium
497 5750 735 5822 lic-genae
763 5767 791 5806 a
823 5750 1080 5823 Gregorio
1110 5750 1526 5810 Turonensi'lib.
1565 5750 1655 5825 iv,
1676 5772 1792 5828 rep

1891 3205 1992 3261 per
2016 3193 2363 3250 ambitionem
2382 3196 2572 3265 pergit,
2604 3212 2777 3265 neque
2801 3197 2854 3250 in
2878 3197 3072 3252 litteris
3094 3196 3211 3266 ejus
3240 3195 3473 3254 subscri-

1893 3282 2006 3351 bat,
2036 3299 2211 3355 neque
2235 3286 2288 3341 in
2311 3287 2689 3343 communione
2709 3305 2830 3344 eum
2860 3291 3100 3362 recipiat.

2512 3378 2651 3433 ῶνα
2699 3380 2765 3435 19
2801 3392 2844 3434 τ.

1967 3478 1987 3505 ι
2030 3467 2213 3522 Liceat
2235 3468 2542 3539 episcopum
2570 3471 2828 3525 accedere
2850 3472 2916 3526 ad
2939 3474 3303 3541 possessiones
3322 3491 3469 3543 suas,

1893 3566 1952 3613 ut
1980 3559 2226 3629 diSponat
2251 3558 2484 3613 fructum
2509 3558 2708 3615 laboris
2733 3562 2833 3615 sui.
2871 3562 2937 3616 Et
2960 3564 3005 3617 si
3025 3580 3121 3634 per
3142 3573 3250 3621 tres
3272 3567 3474 3623 hebdoo

1894 3648 2083 3703 madas
2113 3649 2311 3703 morari
2352 3663 2570 3704 necesse
2612 3659 2713 3715 est,
2760 3651 2814 3705 in
2854 3652 2967 3707 suis
3010 3655 3189 3723 potius
3232 3656 3476 3713 ecclesiis

1894 3747 2133 3795 moretur
2155 3757 2168 3792 :
2194 3749 2286 3794 aut
2319 3740 2365 3795 si
2399 3755 2504 3811 qua
2536 3742 2780 3811 proxima
2816 3750 2900 3797 est
2932 3742 3155 3811 civitas,
3187 3755 3368 3802 tamen
3406 3764 3476 3803 ne

1895 3831 2009 3886 sine
2028 3830 2255 3886 ecclesia
2281 3833 2529 3887 videatur
2554 3833 2695 3888 diem
2724 3834 2901 3890 facere
2922 3837 3251 3893 Dominicam
3277 3837 3466 3911 [Supp.

1896 3921 2023 3976 illuc
2048 3921 2313 3994 accedat].
2364 3922 2441 3977 Ita
2474 3931 2652 3979 tamen
2680 3925 2747 3979 ad
2772 3927 3166 3995 possessionem
3190 3929 3474 3999 episcopus

1895 4012 2136 4081 accedat,
2164 4021 2224 4067 ut
2251 4029 2425 4084 neque
2455 4030 2542 4070 res
2572 4014 2876 4072 domestica:
2904 4032 3002 4088 per
3032 4019 3327 4075 absentiam
3358 4020 3475 4091 ejus

1894 4144 1983 4201 54.
2010 4164 2027 4197 ›
2070 4146 2254 4216 Itaque
2280 4155 2516 4221 veterem
2546 4146 2829 4221 lectionem
2860 4149 3145 4204 confirmat
3170 4152 3477 4221 antiquissi-

1895 4232 1982 4271 ma
2013 4232 2280 4291 canonum
2312 4218 2710 4291 collectio_cod.
2755 4219 2908 4284 IIer.,
2949 4236 3067 4288 (ιιιίυ
3107 4218 3317 4291 utique
3348 4238 3471 4277 cum

1894 4287 2166 4341 veteribus
2185 4287 2302 4341 cod.
2336 4288 2623 4342 consentit.

1972 4356 1989 4395 ι
2037 4356 2169 4428 ᾼΞηι
2195 4357 2308 4411 sive
2332 4374 2586 4413 numerus
2616 4357 2718 4426 legi
2745 4375 2847 4413 non
2878 4360 3071 4428 pomit.

1966 4439 2006 4466 ω
2036 4427 2195 4481 Varie
2229 4428 2369 4482 idem
2400 4444 2572 4483 canon
2597 4429 2791 4498 legitur
2811 4427 3002 4496 in’ed.,
3036 4430 3117 4483 his
3132 4429 3335 4485 scilicet
3354 4446 3477 4485 ver-

1818 4490 1875 4554 ι)
1898 4498 2017 4581 bis:
2048 4515 2065 4547 ι
2089 4499 2205 4580 haec
2225 4490 2998 4581 autemnomniaeisequiarum
3020 4509 3278 4581 tempore,
3303 4516 3476 4581 usque

1896 4569 1981 4639 ad
2006 4568 2286 4639 scptimam
2326 4569 2560 4625 defuncti
2591 4570 2729 4624 diem
2769 4568 2908 4639 aget.
2952 4570 3103 4639 Exin
3130 4568 3192 4623 se
3232 4568 3477 4625 ecclesia

1900 4637 2161 4703 referens,
2195 4640 2502 4693 mandatum
2528 4637 2921 4708 metropolitani
2954 4638 3111 4693 simul
3146 4653 3268 4693 cum
3303 4640 3477 4694 omni-

1896 4709 2004 4779 bus
2038 4709 2239 4763 sanctis
2271 4710 2536 4779 episcopis
2564 4710 2889 4777 opperietur.
2932 4708 3043 4763 Nec
3081 4709 3361 4779 quisquam
3407 4708 3477 4779 ad

1896 4778 2202 4841 ecclesiam,
2230 4778 2349 4847 quin
2379 4794 2644 4833 summum
2670 4778 2926 4833 amiserat
2970 4778 3323 4841 sacerdotem,
3363 4778 3475 4847 nisi

1896 4845 2291 4918 metropolitani
2317 4848 2509 4903 litteris
2547 4848 2822 4918 invitatus,
2859 4849 3109 4914 accedat;
3150 4863 3218 4903 ne
3256 4863 3287 4902 a
3321 4845 3477 4917 plebe

1897 4918 2195 4987 decipiatur
2218 4927 2272 4988 et
2300 4920 2407 4988 vim
2432 4918 2540 4988 pati
2563 4917 2795 4972 voluisse
2831 4920 3093 4973 videatur.
3118 4938 3137 4969 ι
3193 4917 3251 4973 Si
3288 4924 3474 4988 nostra

1897 4985 2140 5043 collectio
2164 5003 2194 5040 a
2220 4985 2267 5040 ι.
2302 4985 2587 5042 Sirmondo
2618 4988 2807 5042 fuisset
2827 4988 3153 5053 examinata,
3183 4996 3388 5042 tantam
3416 4986 3475 5041 in

1896 5060 2087 5128 eodem
2123 5072 2327 5111 canone
2365 5058 2779 5127 discrepantiam
2804 5058 3045 5128 profecto
3070 5074 3173 5113 non
3203 5057 3474 5112 omisisset

1896 5128 1980 5181 vir
2021 5127 2479 5196 diligentissimus,
2528 5129 2620 5197 qui
2663 5129 2720 5185 in
2765 5127 2899 5185 alios
2927 5143 3161 5185 canones
3203 5128 3459 5188 minimas

1896 5197 2182 5251 varietates
2208 5198 2532 5253 observavit.

1968 5277 1997 5305 ιι
2021 5266 2183 5321 Cone.
2217 5267 2359 5320 Arei.
2393 5283 2429 5330 ι,
2462 5284 2511 5323 c.
2538 5268 2626 5323 21.

1970 5343 1994 5371 ο
2023 5336 2104 5409 Et
2127 5337 2369 5409 _concilio
2387 5337 2589 5394 Arelat.
2618 5355 2657 5402 ι,
2690 5352 2736 5391 c.
2766 5338 2851 5394 19.

1901 5477 1954 5530 in
1969 5405 2397 5530 Egoiécégordq
2421 5422 2471 5463 c.
2487 5409 2572 5474 11,
2592 5410 2645 5463 in
2662 5409 2855 5481 interp.
2880 5408 3100 5485 Dionys.
3120 5418 3173 5467 et
3191 5408 3316 5469 Isid.
3338 5429 3353 5479 ;
3376 5410 3473 5468 sed

1899 5492 1954 5532 ιη
1980 5492 2072 5532 UP.
2104 5492 2152 5531 Ο.
2184 5492 2273 5530 Συ.

1968 5558 1994 5598 q
2033 5545 2216 5620 Iirisca
2241 5547 2436 5620 interp.
2464 5564 2564 5604 nec
2591 5550 2807 5620 Dionys.
2836 5564 2936 5605 nec
2957 5550 3084 5607 Isid.

1892 5628 1996 5693 ,Ι
2042 5616 2470 5693 Conc._S_a_rdic.,
2497 5636 2547 5674 c.
2575 5620 2642 5675 12
2670 5616 2921 5677 ἰιίϐινωο.
2948 5637 2961 5687 ;
2994 5636 3043 5675 ε.
3084 5618 3151 5675 15
3174 5618 3230 5677 in
3270 5618 3471 5693 interp.

1898 5688 2100 5747 Dionys
2129 5694 2181 5742 et
2208 5686 2332 5741 Isid.

1976 5770 1994 5797 ι
2036 5758 2215 5815 Prisca
2247 5758 2523 5830 interpret.
2554 5775 2651 5817 nec
2680 5760 2896 5831 Dionys.
2928 5774 3027 5816 nec
3062 5760 3187 5814 Isid.
