4020 6360
603 302 737 356 1011

1455 307 1772 365 CANONES
1811 306 2095 367 SELECTI
2131 308 2225 364 EX
2259 308 2417 365 VET.
2457 309 2613 367 CAN.
2651 311 2986 371 COLLECT.

3711 323 3821 383 loli

601 415 984 473 detrimentum
1022 420 1354 487 sustineant;
1386 430 1442 476 et
1477 437 1544 477 ne
1580 419 1891 490 frequenter
1917 419 2181 474 veniendo
2210 427 2253 489 Α
2283 420 2621 489 postmodum
2666 422 2749 478 vel
2771 424 2873 494 ipsi
2900 424 2965 479 de
2993 437 3053 481 se
3102 425 3307 498 aliquid
3346 429 3695 491 criminosum
3727 451 3823 495 con.

598 510 667 563 ad
692 508 965 566 civitatem
993 510 1237 579 alterius,
1276 512 1632 583 suspicionem
1651 509 1928 580 iactantiae
1951 510 2037 566 vel
2062 525 2182 568 am-

598 599 825 657 bitionis
852 600 1114 658 incurrat.

1168 690 1400 750 CAPUT
1456 691 1618 749 XVII.

2282 512 2413 573 R3881
2451 523 2597 583 sunt,
2637 516 2721 571 vel
2771 518 2839 572 ab
2859 517 2983 574 aliis
3025 520 3215 575 revicti
3246 520 3347 595 [id]
3376 525 3712 595 objiciuntur.

2662 604 2846 661 Conon
2891 607 3245 679 Epauuemis.
3282 630 3393 668 tera
3422 614 3507 669 I9.

2352 693 2533 752 Abbas
2558 696 2603 753 si
2629 698 2682 752 in
2706 699 2863 769 culpa
2891 702 3194 771 reperiatur
3221 702 3340 776 [aut
3363 705 3607 780 fraude],
3632 701 3686 764 et
3702 711 3823 771 inno-

597 816 665 859 ΒΕ
688 817 960 861 ποιιιιΑτιε
985 819 1415 869 PBREGRINOIIUH,
1437 822 1507 860 ΕΤ
1525 820 1767 862 ειειιιοιε
1789 820 1905 861 SINE
1930 820 2186 863 LITTERIS

2282 791 2493 839 centem
2524 800 2583 841 se
2606 801 2857 844 asserens
2883 790 2952 845 ab
2971 790 3229 862 episcopo
3281 810 3382 851 suo
3407 796 3658 867 accipere
3675 801 3823 858 nolue-

1183 891 1606 934 AIBULANTIBUS.

982 986 1164 1044 Canon
1189 988 1563 1054 Antiocheam,
1596 1004 1704 1043 cera
1743 987 1796 1043 8.

665 1091 698 1123 ο.
747 1077 962 1134 Nullum
1016 1081 1422 1152 peregrinorum
1466 1081 1671 1152 absque
1715 1082 1944 1139 formata
1984 1082 2182 1155 suscipi

602 1178 835 1239 oportet.

1122 1242 1262 1297 Era
1304 1242 1339 1299 9
1385 1241 1526 1316 [σαη.
1573 1243 1652 1316 8].

665 1329 851 1402 Neque
877 1334 1221 1408 presbyteros
1240 1336 1308 1391 ad
1334 1337 1581 1409 regiones
1607 1337 1926 1409 longinquas
1951 1338 2178 1395 canoni-

593 1435 690 1477 eas
717 1420 972 1492 epistolas
991 1426 1143 1491 dare,
1164 1427 1268 1482 nisi
1290 1427 1358 1482 ad
1380 1426 1662 1499 episcopos
1686 1427 1946 1484 ﬁnitimos
1968 1429 2176 1499 simpli-

590 1528 684 1572 ces
708 1514 966 1586 epistolas
994 1516 1232 1572 mittere.

1213 1607 1242 1649 ι’
1279 1608 1421 1663 ίΕνα
1463 1607 1548 1665 IO.

661 1697 892 1753 Vicariis
919 1714 1051 1753 vero
1076 1699 1450 1771 episcoporum
1493 1698 1754 1755 formatas
1782 1699 1961 1756 facere
1991 1699 2170 1755 liceat.

913 1791 1093 1846 Conon
1119 1790 1579 1858 Chalcedonensis,
1608 1808 1716 1846 tera
1754 1792 1839 1848 II.

661 1888 685 1919 ι
723 1876 927 1935 Omnes
948 1880 1132 1949 inopes
1155 1880 1242 1935 vel
1264 1880 1565 1951 indigentes
1585 1881 1882 1935 subsidium
1904 1895 2025 1936 cum
2048 1895 2178 1951 pro-

591 1970 813 2026 batioue
842 1978 1032 2041 petant
1065 1971 1440 2044 apostolicum,
1468 1970 1556 2026 vel
1582 1986 1706 2027 cum
1733 1970 1976 2041 paciﬁcis
2004 1971 2179 2027 eccle-

590 2059 825 2115 siasticis
846 2061 1215 2115 tantummodo
1242 2059 1671 2133 proﬁciscantur,
1695 2067 1750 2116 et
1768 2074 1874 2114 non
1900 2075 2171 2116 commen-

590 2151 823 2217 datitiis,
850 2152 975 2224 quia
1002 2151 1453 2207 commendatitiae
1480 2151 1883 2207 houestioribus
1906 2151 2174 2220 personis.

802 2242 983 2299 Conon
1010 2243 1365 2310 Laodicenis,
1405 2260 1513 2298 aera
1539 2243 1608 2299 28
1645 2241 1787 2315 [cum
1836 2240 1951 2316 4|].

664 2333 693 2373 ά
720 2334 835 2391 Non
864 2344 1078 2407 oportet
1116 2337 1395 2391 ministros
1428 2335 1635 2402 altaris,
1680 2335 1764 2390 vel
1794 2335 1958 2391 etiam
1981 2334 2177 2391 laicum

591 2428 709 2483 sine
747 2431 1019 2486 canonicis
1048 2430 1244 2485 litteris
1268 2470 1283 2496 ,
1325 2430 1379 2485 id
1419 2439 1503 2486 est
1540 2429 1791 2498 formata,
1838 2430 2019 2502 aliquo
2044 2444 2175 2504 pro-

597 2520 785 2576 licisci.

893 2609 1075 2666 Conon
1107 2609 1567 2677 Chalcedonensis,
1614 2629 1724 2669 tera
1764 2612 1850 2669 15.

669 2717 694 2745 ο
727 2705 1050 2778 Peregrinos
1086 2706 1313 2762 clericos
1340 2708 1393 2763 in
1433 2708 1595 2763 aliam
1650 2708 1924 2763 civitatem
1977 2715 2176 2778 prtetcr

588 2797 1054 2856 commendatitias
1072 2799 1282 2857 litteras
1305 2799 1388 2856 sui
1406 2798 1642 2872 episcopi
1663 2840 1679 2869 ,
1728 2816 1991 2873 nusquam
2019 2801 2173 2873 peni-

592 2894 684 2943 tus,
704 2889 1012 2946 ministrare
1048 2892 1267 2947 debere.

822 2977 1003 3033 Cauon
1036 2982 1362 3051 Aguthcnsis,
1393 2999 1500 3038 tera
1528 2982 1597 3037 26
1645 2981 1788 3055 [eam
1816 2983 1931 3057 38].

2282 875 2355 930 rit
2401 891 2770 936 successorem
2786 920 2802 945 ,
2851 881 2920 938 ad
2954 883 3354 957 metropolitani
3385 885 3654 956 judicium
3693 890 3822 948 deda-

2281 974 2459 1024 catur.

2871 1063 3033 1120 Era.
3057 1065 3149 1121 22.

2352 1151 2378 1191 ιι
2409 1151 2464 1208 Si
2489 1153 2752 1211 diaconus
2802 1165 2897 1212 aut
2933 1156 3092 1229 (Var.
3140 1159 3290 1231 edd.)
3328 1165 3621 1238 presbyter
3659 1169 3822 1230 crimen

2278 1245 2509 1337 capitale
2534 1249 2913 1337 commiserit,_
2934 1252 3212 1322 depositus
3242 1254 3336 1327 [ab
3384 1257 3548 1314 ochii
3606 1261 3812 1337 honore],

2278 1330 2333 1385 in
2374 1334 2705 1388 monasterio
2731 1335 3063 1402 retrudatur,
3097 1339 3170 1394 ibi
3194 1345 3585 1412 tantummodo,
3618 1330 3815 1417 quandiu

2278 1421 2474 1477 vixerit
2516 1426 2897 1482 communione
2916 1430 3200 1485 sumenda.

2593 1515 2777 1572 Carum
2808 1519 3227 1587 Aurelianensis,
3252 1540 3362 1577 arra
3392 1524 3426 1579 6
3455 1523 3499 1581 ι.

2346 1605 2403 1660 Si
2431 1608 2690 1665 diaconus
2710 1618 2804 1666 aut
2824 1612 3109 1685 presbyter
3143 1614 3349 1671 crimen
3374 1617 3610 1686 capitale
3644 1621 3821 1679 commi-

2276 1699 2429 1764 serit,
2459 1699 2619 1757 simul
2668 1709 2726 1756 et
2766 1701 2944 1758 ollicio
2971 1714 3027 1758 et
3075 1706 3456 1763 communione
3497 1710 3744 1781 privetur.

2206 1771 2254 1834 Β
2913 1792 3204 1851 [Εναθω.
3296 1830 3297 1833 η

2348 1878 2508 1953 (Add.
2561 1881 2616 1935 in
2649 1882 2795 1956 edd.)
2857 1881 2915 1938 Si
2967 1885 3093 1954 quis
3119 1885 3351 1944 clericus
3391 1887 3712 1949 adulter-asse
3743 1901 3818 1951 aut

2275 1970 2553 2027 confessus
2578 1971 2664 2026 vel
2695 1974 2929 2029 revictus
2967 1974 3150 2043 fuerit,
3210 1977 3489 2047 depositus
3511 1982 3580 2037 ab
3606 1982 3754 2039 oﬂicio
3772 1992 3814 2049 et

2275 2059 2655 2115 communione
2675 2076 2955 2130 concessa,
2980 2062 3059 2136 [in
3088 2067 3447 2141 monasterio]
3483 2078 3592 2126 toto
3615 2081 3813 2143 tempore

2273 2151 2398 2205 vita:
2421 2165 2534 2205 sua:
2562 2152 2894 2208 retrudatur.

2923 2243 3183 2300 Era9'

2345 2330 2405 2386 Si
2448 2332 2570 2402 quis
2595 2334 2824 2391 clericus
2849 2333 3054 2392 furtum
3072 2347 3165 2392 aut
3185 2338 3477 2397 falsitatem
3505 2342 3815 2410 commiserit,

2272 2423 2397 2492 quia
2425 2425 2672 2493 capitalia
2699 2436 2827 2482 sunt
2848 2427 2986 2502 [ipsa
3007 2430 3286 2503 crimina],
3313 2434 3681 2490 communione
3704 2450 3811 2493 eon-

2272 2531 2445 2583 eessa,
2474 2518 2542 2572 ab
2569 2517 2760 2574 ordine
2783 2518 3127 2590 degradetur.

2985 2612 3189 2669 Δι’ναῖ
3216 2622 3263 2670 ο.

2341 2698 2529 2756 Nullus
2548 2700 2866 2760 clericorum
2888 2720 2920 2761 a
2946 2705 3296 2774 subdiacono,
3318 2717 3373 2764 et
3404 2724 3590 2780 supra,
3621 2709 3701 2782 (In
3721 2712 3816 2770 cdd.

2271 2791 2395 2846 add.
2433 2794 2699 2867 qua'dam)
2748 2811 2873 2852 cum
2924 2811 3095 2853 uxore
3128 2812 3295 2867 quam
3315 2808 3443 2854 ante
3492 2798 3651 2871 (Var.
3701 2800 3818 2869 add.)

2271 2884 2460 2940 habuit
2479 2885 2788 2943 misceatur.
2814 2888 2966 2956 Quod
3004 2889 3049 2945 si
3072 2888 3283 2955 fecerit,
3308 2890 3446 2946 laica
3472 2893 3816 2949 communione

2271 2991 2526 3033 concessa
2580 2977 2933 3053 [contentus],
2990 2979 3152 3050 (Λεία.
3205 2982 3450 3053 ᾳιιιεάαηι
3500 2984 3557 3036 in
3607 2982 3737 3052 edd.)
3766 2982 3817 3033 ab

660 3071 854 3128 Clerici
893 3074 979 3129 vel
1018 3075 1180 3129 etiam
1217 3077 1485 3143 monachi,
1516 3076 1681 3150 [Edd.
1729 3093 1834 3131 om.
1890 3076 2165 3151 monachi]
2194 3121 2240 3184 ε
2271 3067 2446 3127 οίῙῘοὶο
2470 3072 2788 3184 ἀθροιιαιιιιη.
2811 3072 2965 3157 Quod
2993 3073 3039 3129 si
3075 3073 3254 3130 sciens
3281 3072 3444 3146 (Var.
3472 3074 3815 3184 edd.)

590 3163 709 3223 sine
759 3165 1212 3222 commendatitiis
1254 3166 1449 3222 litteris
1493 3167 1576 3223 sui
1629 3168 1866 3238 episcopi
1892 3168 2167 3225 licentiam

588 3254 750 3329 (Var.
780 3256 924 3328 edd.)
959 3271 1064 3311 non
1086 3257 1365 3327 patiantur
1404 3260 1684 3332 evagandi.
1742 3259 1762 3297 τ
1791 3259 1946 3327 Quod
1991 3261 2037 3316 si
2071 3277 2168 3318 eos

582 3349 872 3402 verborum
894 3349 1159 3404 correctio
1178 3364 1284 3403 non
1300 3350 1689 3416 emendaverit,
1720 3352 1885 3410 etiam
1923 3354 2165 3411 verberi-

578 3440 686 3495 bus
711 3446 1067 3496 coerceantur
1126 3438 1435 3512 [statuimus
1456 3442 1741 3516 coerceri].

945 3530 1128 3586 Conon
1158 3531 1507 3603 Epattnensis,
1538 3548 1647 3588 (era
1668 3533 1702 3588 5
1729 3536 1774 3588 ε.

649 3625 974 3700 Presbytero
995 3626 1081 3681 vel
1106 3626 1354 3693 diacono,
1379 3627 1494 3682 sine
1520 3627 1782 3683 antistitis
1807 3628 1892 3685 sui
1918 3629 1946 3669 ιι
1973 3628 2166 3686 litteris

579 3717 896 3785 ambulanti,
965 3720 1397 3774 communionem
1427 3718 1607 3775 nullus
1630 3720 1925 3790 impendat.

902 3808 1084 3865 Conon
1111 3811 1521 3877 Aurelianensis,
1568 3828 1678 3867 (cra
1715 3813 1805 3869 18.

652 3899 889 3955 Clericos
914 3901 968 3955 in
990 3902 1217 3957 aliorum
1241 3902 1551 3958 civitatibus
1572 3902 1657 3957 vel
1699 3904 1990 3962 territoriis
2016 3923 2166 3964 como

581 4002 880 4052 morantes.
912 3995 980 4048 ad
1003 3994 1205 4051 nullum
1234 3996 1520 4053 clericatus
1546 3998 1807 4053 honorem
1835 4000 2038 4073 absque
2077 4002 2161 4058 sui

580 4100 844 4143 consensu
866 4088 1100 4161 episcopi
1130 4090 1326 4149 debent
1355 4096 1659 4165 promoveri
1690 4098 1734 4152 ί.

1154 4203 1383 4262 CAPUT
1421 4207 1606 4264 XVIII.

575 4303 846 4360 ρυΔιιτιῐιι
871 4311 971 4354 γει.
995 4311 1095 4351 eno
1114 4312 1461 4361 eumesunrz'r
1505 4316 1693 4357 CULPIS
1712 4317 1933 4367 QCISQDE
1957 4318 2160 4362 θεοκλ-

1252 4386 1448 4424 υετυιι.

1003 4455 1184 4511 Canem
1209 4457 1493 4530 Nyca’nus,
1525 4476 1632 4513 (ora
1656 4461 1742 4515 ll.

653 4543 669 4598 i
718 4545 784 4601 Et
830 4546 875 4603 si
911 4545 1049 4603 forte
1075 4549 1366 4606 indiscrete
1390 4551 1457 4605 ad
1501 4551 1864 4608 sacerdotium
1886 4555 2156 4626 provecti,

647 4714 672 4775 ξι
715 4701 899 4775 Prisca
912 4702 1121 4775 rinterp.
1139 4719 1239 4757 nec
1264 4702 1482 4775 Dionys.
1496 4717 1613 4775 inec
1639 4702 1767 4775 Isid.

647 4772 673 4810 ιι
715 4771 832 4845 ξίφη
871 4771 1214 4845 distinguitur
1242 4771 1530 4845 aipruioed.
1559 4773 1611 4827 in
1632 4774 1755 4845 edd.

649 4852 669 4913 ξ
710 4843 896 4913 Prisca
928 4843 1120 4913 interp.
1153 4858 1251 4898 nec
1284 4843 1499 4913 Dionys.
1528 4857 1627 4897 nec
1666 4843 1793 4897 Isid.

644 4907 671 4948 ιι
700 4910 889 4984 Prisca
920 4907 1114 4984 interi).
1151 4928 1251 4968 nec
1272 4907 1492 4984 pionvs.
1525 4928 1622 4966 nec
1649 4913 1773 4984 Isid.

566 5022 574 5035 .
650 4990 673 5053 ξ
699 4978 885 5053 Prisca
918 4978 1113 5052 interi).
1144 4999 1244 5037 nec
1272 4978 1490 5053 Dion-ys.
1522 4998 1622 5053 nec
1646 4983 1778 5053 Isid.
1822 5039 1826 5043 .

650 5047 671 5086 τ
698 5050 831 5107 Vide
859 5068 1012 5108 conc.
1050 5047 1366 5109 Veneticum
1395 5047 1435 5119 ι’,
1466 5069 1516 5109 c.
1547 5052 1600 5120 5,
1628 5052 1685 5109 6.

649 5119 675 5192 F
717 5120 880 5192 gone.
904 5123 1109 5192 Epaon,
1140 5139 1188 5177 c.
1218 5121 1270 5192 6.

646 5188 674 5226 ιι
720 5190 842 5245 Var.
870 5188 993 5247 edd.
1033 5192 1142 5248 Sed
1168 5191 1289 5247 vide
1309 5191 1505 5248 concil.
1545 5191 1728 5248 Aurel.
1754 5210 1835 5260 ιιι,
1860 5210 1907 5250 c.
1943 5194 2028 5261 15,
2053 5196 2143 5252 ubi

575 5258 677 5334 iste
705 5276 875 5334 canon
902 5262 1124 5332 perinde
1157 5263 1449 5334 rcitaturrut
1475 5263 1671 5334 legitur
1699 5265 1751 5319 in
1776 5258 1896 5320 coll.

652 5330 672 5372 ί
704 5332 810 5404 Iste
828 5330 1008 5404 canon
1030 5333 1268 5404 pertinet
1316 5333 1384 5387 ad
1429 5330 1716 5404 mobilium
1752 5334 2141 5391 Aurelianense

571 5416 659 5469 ιιι,
714 5418 765 5458 c.
790 5402 876 5469 15,
918 5410 1012 5457 aut
1032 5402 1103 5458 ad
1124 5420 1156 5457 v
1184 5419 1362 5468 conc.,
1387 5417 1434 5457 c.
1464 5403 1517 5468 5,
1548 5404 1639 5457 ubi
1666 5404 1807 5459 idem
1832 5419 2025 5461 sensus
2053 5420 2140 5460 re-

572 5473 746 5544 fertur
787 5473 977 5544 paucis
1028 5474 1206 5528 verbis
1255 5472 1637 5544 mutatis,Sic
1681 5475 1880 5529 veroin
1908 5475 2141 5532 concilio

573 5542 886 5617 Aurel.,'__c.
915 5542 1005 5611 15,
1065 5544 1292 5617 habetur
1321 5558 1337 5599 :
1370 5562 1388 5594 ‹
1417 5543 1598 5617 Deliis
1642 5558 1770 5617 vero
1798 5544 2011 5617 clericis
2044 5548 2139 5617 qui

572 5614 672 5683 sub
693 5614 930 5683 qualibet
968 5615 1248 5670 occasione
1267 5624 1359 5669 aut
1387 5613 1693 5669 conditione
1723 5614 1775 5669 in
1805 5614 2034 5669 aliorum
2060 5613 2139 5671 ci-

573 5682 831 5738 vitatilms
873 5686 958 5741 vel
1012 5686 1301 5742 territoriis
1352 5684 1678 5740 crediderint
1714 5685 2134 5749 immorandum,

572 5765 643 5807 ne
689 5754 756 5809 ad
777 5756 943 5812 ullum
968 5756 1251 5814 clericatus
1278 5759 1535 5813 honorem
1558 5755 1760 5826 absque
1782 5755 1864 5810 sui
1893 5754 2143 5827 episcopi

2178 4462 2232 4528 D

2268 3176 2369 3231 pus
2393 3177 2525 3217 suus
2550 3161 2728 3217 taliter
2777 3164 2972 3233 egisse,
3020 3171 3077 3218 et
3133 3178 3258 3220 eum
3288 3173 3476 3234 postea
3515 3166 3591 3240 ad
3612 3163 3812 3220 alliciunt

2267 3254 2565 3320 admiserit,
2585 3254 2759 3310 tribus
2788 3254 3065 3310 mensibus
3084 3271 3206 3310 cum
3227 3255 3549 3325 poenitentia
3576 3254 3664 3327 [ad
3686 3268 3815 3325 agen-

2264 3342 2389 3400 dam
2414 3343 2815 3419 paenitentiam]
2864 3346 2936 3403 sit
2982 3361 3012 3400 a
3034 3362 3133 3401 suo
3157 3345 3333 3401 olIicio
3353 3356 3732 3417 sequestratus.

2905 3437 3045 3494 {Era
3076 3438 3107 3491 7
3143 3450 3191 3493 ι).

2306 3526 2530 3607 ,ΟΜ-ἰοὶ
2562 3529 2728 3602 [Εάά.
2775 3530 2904 3585 add.
2957 3530 3050 3602 qui
3100 3545 3226 3584 cum
3279 3544 3479 3585 uxores
3528 3545 3640 3584 non
3681 3527 3815 3583 babe-

2264 3620 2422 3693 rent]
2464 3622 2843 3677 benedictione
2892 3629 3145 3690 suscepta
3198 3619 3243 3674 si
3294 3619 3549 3690 conjugia
3609 3617 3815 3675 credide-

2266 3713 2375 3767 rint
2430 3712 2694 3781 eligenda,
2749 3713 2842 3782 qui
2889 3713 3132 3767 volentes
3177 3711 3382 3783 absque
3422 3711 3555 3787 ulla
3586 3710 3816 3765 reclamao

2266 3803 2412 3859 tione
2485 3803 2543 3858 in
2593 3811 2753 3859 actate
2805 3803 3042 3874 legitima
3106 3803 3324 3858 fuerunt
3384 3804 3664 3871 ordinati,
3718 3815 3819 3858 cum

2263 3893 2394 3962 ipsis
2427 3892 2741 3949 mulieribus
2764 3891 2924 3967 [quas
2953 3891 3283 3964 acceperint]
3317 3894 3698 3950 communione
3729 3890 3817 3961 pel-

2261 3983 2464 4040 lantur.
2519 3983 2672 4052 Quod
2701 3986 2748 4040 si
2795 3985 2999 4040 invitus
3045 3993 3137 4040 aut
3170 3984 3471 4041 reclamans
3499 3986 3665 4041 fuerit
3696 3983 3815 4041 ordi-

2262 4083 2444 4141 natus,
2497 4076 2795 4146 deponatur
2825 4076 2893 4131 ab
2926 4074 3120 4140 ollicio,
3177 4076 3273 4131 sed
3319 4092 3428 4131 non
3463 4079 3820 4134 communione

2260 4167 2510 4237 pellatur.
2549 4166 2848 4237 Episcopus
2889 4168 2980 4237 qui
3029 4167 3256 4223 invitum
3307 4177 3401 4223 aut
3454 4169 3819 4239 reclamaan

2260 4256 2593 4312 ordinaverit
2623 4256 3051 4329 [prtesumpserit
3076 4257 3381 4330 ordinare],
3417 4262 3639 4316 annuali
3667 4242 3819 4331 pecui-

2260 4351 2439 4404 tentiae
2460 4349 2702 4405 subditus
2730 4349 2924 4405 missas
2947 4348 3125 4405 facere
3151 4365 3255 4405 non
3288 4361 3608 4425 praesumat.

2939 4450 3080 4505 {Era
3112 4450 3177 4504 l7
3207 4461 3259 4506 ιι.

2327 4542 2407 4597 De
2442 4544 2523 4597 his
2545 4543 2635 4615 qui
2664 4544 2719 4598 in
2745 4542 2918 4598 aliena
2949 4544 3159 4599 dioecesi
3205 4543 3423 4600 clericos
3469 4546 3737 4601 ordinant.
3764 4572 3818 4585 -

2254 4702 2457 4785 scripto
2479 4710 2639 4772 atque
2659 4716 2924 4787 consensu
2942 4701 3171 4787 debeant
3190 4702 3519 4787 promoveri.
3554 4721 3572 4752 ι
3605 4702 3819 4787 Itaque-

2254 4770 2442 4843 que'in
2495 4770 2648 4828 co'nc.
2693 4773 2877 4827 Aurel.
2915 4788 2969 4835 γ,
2995 4787 3046 4826 c.
3078 4771 3110 4825 5
3145 4790 3156 4826 :
3194 4770 3220 4821 ⁷(
3256 4770 3325 4826 Ut
3348 4771 3527 4826 nullus
3580 4773 3819 4826 clericum

2251 4859 2349 4899 seu
2375 4843 2629 4898 lectorem
2653 4843 2909 4905 alienum,
2958 4843 3076 4897 sine
3126 4842 3209 4896 siti
3256 4842 3502 4896 cessionc
3559 4841 3818 4912 pontiﬁcis

2250 4913 2335 4967 vel
2354 4928 2692 4984 promovere,
2712 4911 2798 4967 vel
2825 4912 2928 4969 sibi
2952 4912 3280 4981 quibuslibet
3306 4911 3713 4967 conditionibus
3734 4925 3817 4963 auo

2251 4984 2372 5040 deat
2393 4985 2687 5045 vindicare.
2721 5003 2740 5035 ι

2322 5052 2336 5104 i
2402 5053 2602 5123 Interp.
2641 5052 2839 5108 Ruﬁni.
2877 5052 2997 5109 Vid.
3042 5052 3200 5120 epist.
3237 5052 3271 5107 6
3314 5050 3538 5107 Joannis
3578 5049 3811 5123 papae".

2319 5124 2346 5164 ¹ί
2396 5124 2516 5179 Vid.
2546 5121 2731 5194 titulos
2782 5138 3048 5178 canonum
3076 5123 3473 5178 Gallicanorum
3510 5121 3639 5194 post
3664 5121 3812 5191 epist.

2244 5193 2466 5264 Ioannis
2498 5209 2647 5264 papas
2666 5193 2730 5249 ll.

2323 5262 2340 5302 ι
2389 5259 2761 5320 Οοιιέ.’Λιιι·ε1.
2787 5278 2828 5327 ι,
2850 5278 2901 5318 c.
2930 5264 2982 5319 9.
3002 5263 3123 5320 Vid.
3148 5261 3334 5317 titulos
3358 5277 3626 5318 canonum
3648 5259 3811 5317 Calli-

2243 5349 2525 5400 canorum,
2572 5335 2700 5389 dist.
2731 5334 2823 5399 81,
2845 5349 2913 5389 ex
2953 5349 3107 5389 conc.
3136 5333 3341 5387 Arelat.
3362 5350 3403 5397 ι,
3433 5348 3483 5387 c.
3515 5333 3603 5387 11.

2313 5415 2352 5444 ω
2374 5403 2540 5459 Cone.
2569 5403 2753 5459 Aurel.
2784 5420 2868 5468 ιιι,
2903 5418 2951 5457 c.
2982 5403 3037 5458 8.
3073 5403 3187 5458 Vid.
3219 5404 3370 5459 eosd.
3414 5400 3620 5461 titulos.

2309 5485 2339 5514 ιι
2367 5472 2620 5555 Ejusdem
2643 5489 2796 5530 conc.
2840 5490 2921 5555 tri,
2950 5490 2999 5529 c.
3023 5473 3078 5530 8.

2312 5556 2338 5583 ο
2365 5544 2550 5613 Ejusd.
2582 5560 2761 5610 conc.,
2786 5560 2836 5599 c.
2858 5545 2913 5599 2.

2311 5626 2339 5701 ξ’
2363 5615 2546 5701 ξξςιεάε
2575 5630 2727 5671 conc.
2754 5630 2837 5701 ιιι,
2868 5615 3001 5701 c..7.

2308 5698 2333 5740 ιι
2383 5685 2567 5744 Eiusd.
2595 5701 2748 5742 conc.
2781 5685 2965 5742 Aurel.
3000 5702 3080 5752 ιιι,
3108 5700 3156 5740 c.
3192 5685 3275 5740 15.
