  <div class='ocr_page' id='page_1' title='image "/cluster/home/n/w/nwhite01/storage/ocr_20150623/99/hvd.32044015466790/548.png"; bbox 0 0 4020 6360; ppageno 0'>
   <div class='ocr_carea' id='block_1_1' title="bbox 204 309 341 370">
    <p class='ocr_par' dir='ltr' id='par_1_1' title="bbox 204 309 341 370">
     <span class='ocr_line' id='line_1_1' title="bbox 204 309 341 370; baseline -0.022 0"><span class='ocrx_word' id='word_1_1' title='bbox 204 309 341 370; x_wconf 68' lang='grc'><strong>1023</strong></span> 
     </span>
    </p>
   </div>
   <div class='ocr_carea' id='block_1_2' title="bbox 195 521 1777 588">
    <p class='ocr_par' dir='ltr' id='par_1_2' title="bbox 195 521 1777 588">
     <span class='ocr_line' id='line_1_2' title="bbox 195 521 1777 588; baseline 0 -11"><span class='ocrx_word' id='word_1_2' title='bbox 195 522 549 586; x_wconf 88' lang='lat' dir='ltr'><strong>ordinaverit,</strong></span> <span class='ocrx_word' id='word_1_3' title='bbox 577 521 659 576; x_wconf 92' lang='lat' dir='ltr'><strong>vel</strong></span> <span class='ocrx_word' id='word_1_4' title='bbox 702 521 891 576; x_wconf 89' lang='lat' dir='ltr'><strong>altaria</strong></span> <span class='ocrx_word' id='word_1_5' title='bbox 947 525 1369 588; x_wconf 92' lang='lat' dir='ltr'><strong>consecraverit,</strong></span> <span class='ocrx_word' id='word_1_6' title='bbox 1427 524 1648 578; x_wconf 70' lang='lat' dir='ltr'><strong>remotis</strong></span> <span class='ocrx_word' id='word_1_7' title='bbox 1691 523 1777 578; x_wconf 89' lang='lat' dir='ltr'><strong>his</strong></span> 
     </span>
    </p>
   </div>
   <div class='ocr_carea' id='block_1_3' title="bbox 194 615 1775 687">
    <p class='ocr_par' dir='ltr' id='par_1_3' title="bbox 194 615 1775 687">
     <span class='ocr_line' id='line_1_3' title="bbox 194 615 1775 687; baseline -0.001 -16"><span class='ocrx_word' id='word_1_8' title='bbox 194 632 329 687; x_wconf 90' lang='lat' dir='ltr'><strong>quos</strong></span> <span class='ocrx_word' id='word_1_9' title='bbox 356 615 646 679; x_wconf 74' lang='lat' dir='ltr'><strong>ordinavit,</strong></span> <span class='ocrx_word' id='word_1_10' title='bbox 665 616 852 671; x_wconf 88' lang='lat' dir='ltr'><strong>altaris</strong></span> <span class='ocrx_word' id='word_1_11' title='bbox 879 625 1055 670; x_wconf 89' lang='lat' dir='ltr'><strong>tamen</strong></span> <span class='ocrx_word' id='word_1_12' title='bbox 1076 619 1480 671; x_wconf 78' lang='lat' dir='ltr'><strong>consecratione</strong></span> <span class='ocrx_word' id='word_1_13' title='bbox 1504 625 1775 683; x_wconf 88' lang='lat' dir='ltr'><strong>manente,</strong></span> 
     </span>
    </p>
   </div>
   <div class='ocr_carea' id='block_1_4' title="bbox 193 710 1779 782">
    <p class='ocr_par' dir='ltr' id='par_1_4' title="bbox 193 710 1779 782">
     <span class='ocr_line' id='line_1_4' title="bbox 193 710 1779 782; baseline -0.001 -16"><span class='ocrx_word' id='word_1_14' title='bbox 193 720 561 782; x_wconf 75' lang='lat' dir='ltr'><strong>transgressor</strong></span> <span class='ocrx_word' id='word_1_15' title='bbox 589 726 856 766; x_wconf 69' lang='lat' dir='ltr'><strong>canonum</strong></span> <span class='ocrx_word' id='word_1_16' title='bbox 908 727 1109 765; x_wconf 88' lang='lat' dir='ltr'><strong>annum</strong></span> <span class='ocrx_word' id='word_1_17' title='bbox 1137 726 1167 764; x_wconf 92' lang='lat' dir='ltr'><strong>a</strong></span> <span class='ocrx_word' id='word_1_18' title='bbox 1198 711 1486 766; x_wconf 88' lang='lat' dir='ltr'><strong>missarum</strong></span> <span class='ocrx_word' id='word_1_19' title='bbox 1536 710 1779 766; x_wconf 87' lang='lat' dir='ltr'><strong>celebra-</strong></span> 
     </span>
    </p>
   </div>
   <div class='ocr_carea' id='block_1_5' title="bbox 195 804 637 860">
    <p class='ocr_par' dir='ltr' id='par_1_5' title="bbox 195 804 637 860">
     <span class='ocr_line' id='line_1_5' title="bbox 195 804 637 860; baseline -0.002 0"><span class='ocrx_word' id='word_1_20' title='bbox 195 805 340 860; x_wconf 83' lang='lat' dir='ltr'><strong>tione</strong></span> <span class='ocrx_word' id='word_1_21' title='bbox 381 804 637 859; x_wconf 80' lang='lat' dir='ltr'><strong>cessabit.</strong></span> 
     </span>
    </p>
   </div>
   <div class='ocr_carea' id='block_1_6' title="bbox 573 894 1366 959">
    <p class='ocr_par' dir='ltr' id='par_1_6' title="bbox 573 894 1366 959">
     <span class='ocr_line' id='line_1_6' title="bbox 573 894 1366 959; baseline 0.003 -10"><span class='ocrx_word' id='word_1_22' title='bbox 573 895 754 949; x_wconf 84' lang='lat' dir='ltr'><strong>Canou</strong></span> <span class='ocrx_word' id='word_1_23' title='bbox 783 894 1137 959; x_wconf 68' lang='lat' dir='ltr'><strong>Ca’sariensis,</strong></span> <span class='ocrx_word' id='word_1_24' title='bbox 1176 913 1284 951; x_wconf 79' lang='lat' dir='ltr'><strong>tera</strong></span> <span class='ocrx_word' id='word_1_25' title='bbox 1316 897 1366 951; x_wconf 79' lang='lat' dir='ltr'><strong>l.</strong></span> 
     </span>
    </p>
   </div>
   <div class='ocr_carea' id='block_1_7' title="bbox 261 985 1778 1058">
    <p class='ocr_par' dir='ltr' id='par_1_7' title="bbox 261 985 1778 1058">
     <span class='ocr_line' id='line_1_7' title="bbox 261 985 1778 1058; baseline -0.003 -15"><span class='ocrx_word' id='word_1_26' title='bbox 261 987 342 1043; x_wconf 88' lang='lat' dir='ltr'><strong>De</strong></span> <span class='ocrx_word' id='word_1_27' title='bbox 386 986 696 1058; x_wconf 77' lang='lat' dir='ltr'><strong>presbyteris</strong></span> <span class='ocrx_word' id='word_1_28' title='bbox 757 986 1154 1054; x_wconf 82' lang='lat' dir='ltr'><strong>fornicantibus.</strong></span> <span class='ocrx_word' id='word_1_29' title='bbox 1182 1018 1252 1027; x_wconf 98' lang='lat'><strong>—</strong></span> <span class='ocrx_word' id='word_1_30' title='bbox 1310 988 1337 1027; x_wconf 73' lang='grc' dir='ltr'><strong>ι)</strong></span> <span class='ocrx_word' id='word_1_31' title='bbox 1367 986 1657 1058; x_wconf 81' lang='lat' dir='ltr'><strong>Presbyter</strong></span> <span class='ocrx_word' id='word_1_32' title='bbox 1685 985 1778 1055; x_wconf 86' lang='lat' dir='ltr'><strong>qui</strong></span> 
     </span>
    </p>
   </div>
   <div class='ocr_carea' id='block_1_8' title="bbox 192 1077 1768 1148">
    <p class='ocr_par' dir='ltr' id='par_1_8' title="bbox 192 1077 1768 1148">
     <span class='ocr_line' id='line_1_8' title="bbox 192 1077 1768 1148; baseline -0.003 -14"><span class='ocrx_word' id='word_1_33' title='bbox 192 1096 423 1137; x_wconf 76' lang='lat' dir='ltr'><strong>uxorem</strong></span> <span class='ocrx_word' id='word_1_34' title='bbox 449 1079 681 1143; x_wconf 79' lang='lat' dir='ltr'><strong>duxerit,</strong></span> <span class='ocrx_word' id='word_1_35' title='bbox 713 1079 1030 1148; x_wconf 82' lang='lat' dir='ltr'><strong>deponatur.</strong></span> <span class='ocrx_word' id='word_1_36' title='bbox 1059 1078 1116 1133; x_wconf 89' lang='lat' dir='ltr'><strong>Si</strong></span> <span class='ocrx_word' id='word_1_37' title='bbox 1137 1079 1436 1135; x_wconf 90' lang='lat' dir='ltr'><strong>fornicatus</strong></span> <span class='ocrx_word' id='word_1_38' title='bbox 1465 1077 1648 1142; x_wconf 90' lang='lat' dir='ltr'><strong>fuerit,</strong></span> <span class='ocrx_word' id='word_1_39' title='bbox 1672 1085 1768 1131; x_wconf 90' lang='lat' dir='ltr'><strong>aut</strong></span> 
     </span>
    </p>
   </div>
   <div class='ocr_carea' id='block_1_9' title="bbox 192 1169 1778 1242">
    <p class='ocr_par' dir='ltr' id='par_1_9' title="bbox 192 1169 1778 1242">
     <span class='ocr_line' id='line_1_9' title="bbox 192 1169 1778 1242; baseline -0.002 -16"><span class='ocrx_word' id='word_1_40' title='bbox 192 1173 518 1227; x_wconf 76' lang='lat' dir='ltr'><strong>adulterium</strong></span> <span class='ocrx_word' id='word_1_41' title='bbox 549 1171 901 1236; x_wconf 86' lang='lat' dir='ltr'><strong>commiserit,</strong></span> <span class='ocrx_word' id='word_1_42' title='bbox 939 1172 1007 1226; x_wconf 90' lang='lat' dir='ltr'><strong>ab</strong></span> <span class='ocrx_word' id='word_1_43' title='bbox 1040 1170 1270 1226; x_wconf 80' lang='lat' dir='ltr'><strong>ecclesia</strong></span> <span class='ocrx_word' id='word_1_44' title='bbox 1321 1171 1607 1242; x_wconf 87' lang='lat' dir='ltr'><strong>abjiciatur</strong></span> <span class='ocrx_word' id='word_1_45' title='bbox 1636 1169 1778 1224; x_wconf 88' lang='lat' dir='ltr'><strong>inter</strong></span> 
     </span>
    </p>
   </div>
   <div class='ocr_carea' id='block_1_10' title="bbox 193 1263 1185 1335">
    <p class='ocr_par' dir='ltr' id='par_1_10' title="bbox 193 1263 1185 1335">
     <span class='ocr_line' id='line_1_10' title="bbox 193 1263 1185 1335; baseline -0.002 -16"><span class='ocrx_word' id='word_1_46' title='bbox 193 1264 365 1320; x_wconf 88' lang='lat' dir='ltr'><strong>laicos</strong></span> <span class='ocrx_word' id='word_1_47' title='bbox 402 1265 468 1319; x_wconf 88' lang='lat' dir='ltr'><strong>ad</strong></span> <span class='ocrx_word' id='word_1_48' title='bbox 508 1263 880 1334; x_wconf 72' lang='lat' dir='ltr'><strong>pmnitentiam</strong></span> <span class='ocrx_word' id='word_1_49' title='bbox 903 1265 1185 1335; x_wconf 79' lang='lat' dir='ltr'><strong>agendam.</strong></span> 
     </span>
    </p>
   </div>
   <div class='ocr_carea' id='block_1_11' title="bbox 535 1355 1370 1426">
    <p class='ocr_par' dir='ltr' id='par_1_11' title="bbox 535 1355 1370 1426">
     <span class='ocr_line' id='line_1_11' title="bbox 535 1355 1370 1426; baseline 0 -17"><span class='ocrx_word' id='word_1_50' title='bbox 535 1355 720 1410; x_wconf 78' lang='lat' dir='ltr'><strong>Conon</strong></span> <span class='ocrx_word' id='word_1_51' title='bbox 745 1357 1115 1426; x_wconf 78' lang='lat' dir='ltr'><strong>Ancyritanus,</strong></span> <span class='ocrx_word' id='word_1_52' title='bbox 1151 1371 1258 1410; x_wconf 62' lang='lat' dir='ltr'><strong>atra</strong></span> <span class='ocrx_word' id='word_1_53' title='bbox 1280 1355 1370 1410; x_wconf 75' lang='lat'><strong>20.</strong></span> 
     </span>
    </p>
   </div>
   <div class='ocr_carea' id='block_1_12' title="bbox 269 1445 1780 1522">
    <p class='ocr_par' dir='ltr' id='par_1_12' title="bbox 269 1445 1780 1522">
     <span class='ocr_line' id='line_1_12' title="bbox 269 1445 1780 1522; baseline -0.004 -16"><span class='ocrx_word' id='word_1_54' title='bbox 269 1464 293 1490; x_wconf 71' lang='grc' dir='ltr'><strong>ε</strong></span> <span class='ocrx_word' id='word_1_55' title='bbox 339 1449 396 1506; x_wconf 90' lang='lat' dir='ltr'><strong>Si</strong></span> <span class='ocrx_word' id='word_1_56' title='bbox 424 1451 546 1522; x_wconf 91' lang='lat' dir='ltr'><strong>quis</strong></span> <span class='ocrx_word' id='word_1_57' title='bbox 567 1448 886 1505; x_wconf 82' lang='lat' dir='ltr'><strong>adulterium</strong></span> <span class='ocrx_word' id='word_1_58' title='bbox 914 1449 1268 1513; x_wconf 87' lang='lat' dir='ltr'><strong>commiserit,</strong></span> <span class='ocrx_word' id='word_1_59' title='bbox 1311 1465 1384 1503; x_wconf 88' lang='lat' dir='ltr'><strong>vn</strong></span> <span class='ocrx_word' id='word_1_60' title='bbox 1417 1447 1574 1502; x_wconf 91' lang='lat' dir='ltr'><strong>annis</strong></span> <span class='ocrx_word' id='word_1_61' title='bbox 1604 1445 1780 1517; x_wconf 78' lang='lat' dir='ltr'><strong>pumi-</strong></span> 
     </span>
    </p>
   </div>
   <div class='ocr_carea' id='block_1_13' title="bbox 196 1537 1778 1611">
    <p class='ocr_par' dir='ltr' id='par_1_13' title="bbox 196 1537 1778 1611">
     <span class='ocr_line' id='line_1_13' title="bbox 196 1537 1778 1611; baseline -0.005 -12"><span class='ocrx_word' id='word_1_62' title='bbox 196 1543 364 1599; x_wconf 80' lang='lat' dir='ltr'><strong>tentia</strong></span> <span class='ocrx_word' id='word_1_63' title='bbox 385 1541 688 1611; x_wconf 82' lang='lat' dir='ltr'><strong>completis,</strong></span> <span class='ocrx_word' id='word_1_64' title='bbox 733 1540 1032 1611; x_wconf 75' lang='lat' dir='ltr'><strong>presbyteri</strong></span> <span class='ocrx_word' id='word_1_65' title='bbox 1083 1540 1166 1594; x_wconf 87' lang='lat' dir='ltr'><strong>vel</strong></span> <span class='ocrx_word' id='word_1_66' title='bbox 1194 1539 1403 1593; x_wconf 89' lang='lat' dir='ltr'><strong>diaconi</strong></span> <span class='ocrx_word' id='word_1_67' title='bbox 1436 1539 1488 1592; x_wconf 90' lang='lat' dir='ltr'><strong>in</strong></span> <span class='ocrx_word' id='word_1_68' title='bbox 1518 1537 1778 1592; x_wconf 88' lang='lat' dir='ltr'><strong>laicorum</strong></span> 
     </span>
    </p>
   </div>
   <div class='ocr_carea' id='block_1_14' title="bbox 194 1634 914 1692">
    <p class='ocr_par' dir='ltr' id='par_1_14' title="bbox 194 1634 914 1692">
     <span class='ocr_line' id='line_1_14' title="bbox 194 1634 914 1692; baseline -0.01 0"><span class='ocrx_word' id='word_1_69' title='bbox 194 1635 576 1692; x_wconf 88' lang='lat' dir='ltr'><strong>communione</strong></span> <span class='ocrx_word' id='word_1_70' title='bbox 602 1634 914 1688; x_wconf 84' lang='lat' dir='ltr'><strong>reddantur.</strong></span> 
     </span>
    </p>
   </div>
   <div class='ocr_carea' id='block_1_15' title="bbox 557 1713 1458 1787">
    <p class='ocr_par' dir='ltr' id='par_1_15' title="bbox 557 1713 1458 1787">
     <span class='ocr_line' id='line_1_15' title="bbox 557 1713 1458 1787; baseline -0.002 -8"><span class='ocrx_word' id='word_1_71' title='bbox 557 1723 740 1780; x_wconf 81' lang='lat' dir='ltr'><strong>Conon</strong></span> <span class='ocrx_word' id='word_1_72' title='bbox 769 1713 1168 1787; x_wconf 72' lang='lat' dir='ltr'><strong>l’aleutinensis,</strong></span> <span class='ocrx_word' id='word_1_73' title='bbox 1199 1739 1306 1776; x_wconf 74' lang='lat' dir='ltr'><strong>trra</strong></span> <span class='ocrx_word' id='word_1_74' title='bbox 1342 1723 1376 1778; x_wconf 76' lang='lat'><strong>5</strong></span> <span class='ocrx_word' id='word_1_75' title='bbox 1409 1721 1458 1777; x_wconf 73' lang='grc' dir='ltr'>ἀ.</span> 
     </span>
    </p>
   </div>
   <div class='ocr_carea' id='block_1_16' title="bbox 1056 307 2601 374">
    <p class='ocr_par' dir='ltr' id='par_1_16' title="bbox 1056 307 2601 374">
     <span class='ocr_line' id='line_1_16' title="bbox 1056 307 2601 374; baseline 0.006 -10"><span class='ocrx_word' id='word_1_76' title='bbox 1056 308 1374 365; x_wconf 69' lang='grc' dir='ltr'><strong>(ΣΛΝΟΝΕΞ</strong></span> <span class='ocrx_word' id='word_1_77' title='bbox 1415 307 1702 365; x_wconf 84' lang='lat' dir='ltr'><strong>SELECTI</strong></span> <span class='ocrx_word' id='word_1_78' title='bbox 1743 310 1834 364; x_wconf 73' lang='lat' dir='ltr'><strong>EX</strong></span> <span class='ocrx_word' id='word_1_79' title='bbox 1876 311 2030 368; x_wconf 70' lang='lat' dir='ltr'><strong>VET.</strong></span> <span class='ocrx_word' id='word_1_80' title='bbox 2070 311 2227 368; x_wconf 81' lang='lat' dir='ltr'><strong>CAN.</strong></span> <span class='ocrx_word' id='word_1_81' title='bbox 2269 313 2601 374; x_wconf 83' lang='lat' dir='ltr'><strong>COLLECT.</strong></span> 
     </span>
    </p>
   </div>
   <div class='ocr_carea' id='block_1_17' title="bbox 199 431 1848 504">
    <p class='ocr_par' dir='ltr' id='par_1_17' title="bbox 199 431 1848 504">
     <span class='ocr_line' id='line_1_17' title="bbox 199 431 1848 504; baseline -0.001 -15"><span class='ocrx_word' id='word_1_82' title='bbox 199 434 496 504; x_wconf 80' lang='lat' dir='ltr'><strong>Episcopus</strong></span> <span class='ocrx_word' id='word_1_83' title='bbox 534 443 559 472; x_wconf 75' lang='grc' dir='ltr'>α</span> <span class='ocrx_word' id='word_1_84' title='bbox 603 432 648 486; x_wconf 91' lang='lat' dir='ltr'><strong>si</strong></span> <span class='ocrx_word' id='word_1_85' title='bbox 701 431 752 485; x_wconf 82' lang='lat' dir='ltr'><strong>in</strong></span> <span class='ocrx_word' id='word_1_86' title='bbox 795 431 1016 487; x_wconf 84' lang='lat' dir='ltr'><strong>alterius</strong></span> <span class='ocrx_word' id='word_1_87' title='bbox 1044 431 1265 488; x_wconf 74' lang='lat' dir='ltr'><strong>dimcesi</strong></span> <span class='ocrx_word' id='word_1_88' title='bbox 1315 434 1520 488; x_wconf 89' lang='lat' dir='ltr'><strong>alienos</strong></span> <span class='ocrx_word' id='word_1_89' title='bbox 1544 433 1770 489; x_wconf 80' lang='lat' dir='ltr'><strong>clericos</strong></span> <span class='ocrx_word' id='word_1_90' title='bbox 1800 438 1848 494; x_wconf 79' lang='grc' dir='ltr'><strong>Α</strong></span> 
     </span>
    </p>
   </div>
   <div class='ocr_carea' id='block_1_18' title="bbox 3320 327 3460 384">
    <p class='ocr_par' dir='ltr' id='par_1_18' title="bbox 3320 327 3460 384">
     <span class='ocr_line' id='line_1_18' title="bbox 3320 327 3460 384; baseline 0.014 -2"><span class='ocrx_word' id='word_1_91' title='bbox 3320 327 3460 384; x_wconf 71' lang='grc' dir='ltr'><strong>1οη</strong></span> 
     </span>
    </p>
   </div>
   <div class='ocr_carea' id='block_1_19' title="bbox 2195 434 3110 508">
    <p class='ocr_par' dir='ltr' id='par_1_19' title="bbox 2195 434 3110 508">
     <span class='ocr_line' id='line_1_19' title="bbox 2195 434 3110 508; baseline 0.007 -18"><span class='ocrx_word' id='word_1_92' title='bbox 2195 434 2378 490; x_wconf 81' lang='lat' dir='ltr'><strong>Conon</strong></span> <span class='ocrx_word' id='word_1_93' title='bbox 2403 437 2790 508; x_wconf 79' lang='lat' dir='ltr'><strong>Apostolorum,</strong></span> <span class='ocrx_word' id='word_1_94' title='bbox 2821 457 2928 493; x_wconf 84' lang='lat' dir='ltr'><strong>a&#39;m</strong></span> <span class='ocrx_word' id='word_1_95' title='bbox 2962 439 3030 495; x_wconf 79' lang='lat'><strong>&#39;50</strong></span> <span class='ocrx_word' id='word_1_96' title='bbox 3064 442 3110 496; x_wconf 81' lang='lat' dir='ltr'><strong>t.</strong></span> 
     </span>
    </p>
   </div>
   <div class='ocr_carea' id='block_1_20' title="bbox 1953 523 3464 608">
    <p class='ocr_par' dir='ltr' id='par_1_20' title="bbox 1953 523 3464 608">
     <span class='ocr_line' id='line_1_20' title="bbox 1953 523 3464 608; baseline 0.011 -30"><span class='ocrx_word' id='word_1_97' title='bbox 1953 525 1978 564; x_wconf 80' lang='grc' dir='ltr'><strong>Ιι</strong></span> <span class='ocrx_word' id='word_1_98' title='bbox 2012 523 2072 579; x_wconf 89' lang='lat' dir='ltr'><strong>Si</strong></span> <span class='ocrx_word' id='word_1_99' title='bbox 2119 525 2242 596; x_wconf 88' lang='lat' dir='ltr'><strong>quis</strong></span> <span class='ocrx_word' id='word_1_100' title='bbox 2266 527 2552 598; x_wconf 91' lang='lat' dir='ltr'><strong>episcopus</strong></span> <span class='ocrx_word' id='word_1_101' title='bbox 2586 528 2766 583; x_wconf 63' lang='lat' dir='ltr'><strong>seculi</strong></span> <span class='ocrx_word' id='word_1_102' title='bbox 2789 537 3056 599; x_wconf 83' lang='lat' dir='ltr'><strong>potestate</strong></span> <span class='ocrx_word' id='word_1_103' title='bbox 3097 546 3248 600; x_wconf 90' lang='lat' dir='ltr'><strong>usus,</strong></span> <span class='ocrx_word' id='word_1_104' title='bbox 3289 544 3345 590; x_wconf 91' lang='lat' dir='ltr'><strong>et</strong></span> <span class='ocrx_word' id='word_1_105' title='bbox 3365 551 3464 608; x_wconf 87' lang='lat' dir='ltr'><strong>per</strong></span> 
     </span>
    </p>
   </div>
   <div class='ocr_carea' id='block_1_21' title="bbox 1879 616 3464 700">
    <p class='ocr_par' dir='ltr' id='par_1_21' title="bbox 1879 616 3464 700">
     <span class='ocr_line' id='line_1_21' title="bbox 1879 616 3464 700; baseline 0.009 -29"><span class='ocrx_word' id='word_1_106' title='bbox 1879 616 2038 682; x_wconf 89' lang='lat' dir='ltr'><strong>hanc,</strong></span> <span class='ocrx_word' id='word_1_107' title='bbox 2067 618 2352 673; x_wconf 89' lang='lat' dir='ltr'><strong>ecclesiam</strong></span> <span class='ocrx_word' id='word_1_108' title='bbox 2394 620 2656 685; x_wconf 86' lang='lat' dir='ltr'><strong>obtineat,</strong></span> <span class='ocrx_word' id='word_1_109' title='bbox 2707 621 3005 691; x_wconf 85' lang='lat' dir='ltr'><strong>deponatur</strong></span> <span class='ocrx_word' id='word_1_110' title='bbox 3034 637 3048 677; x_wconf 91' lang='lat'><strong>:</strong></span> <span class='ocrx_word' id='word_1_111' title='bbox 3080 631 3138 678; x_wconf 90' lang='lat' dir='ltr'><strong>et</strong></span> <span class='ocrx_word' id='word_1_112' title='bbox 3175 617 3464 700; x_wconf 68' lang='lat' dir='ltr'><strong>segregen-</strong></span> 
     </span>
    </p>
   </div>
   <div class='ocr_carea' id='block_1_22' title="bbox 1880 709 2828 782">
    <p class='ocr_par' dir='ltr' id='par_1_22' title="bbox 1880 709 2828 782">
     <span class='ocr_line' id='line_1_22' title="bbox 1880 709 2828 782; baseline 0.003 -20"><span class='ocrx_word' id='word_1_113' title='bbox 1880 715 1969 762; x_wconf 88' lang='lat' dir='ltr'><strong>tur</strong></span> <span class='ocrx_word' id='word_1_114' title='bbox 1989 725 2176 765; x_wconf 85' lang='lat' dir='ltr'><strong>omnes</strong></span> <span class='ocrx_word' id='word_1_115' title='bbox 2199 709 2274 765; x_wconf 91' lang='lat' dir='ltr'><strong>illi</strong></span> <span class='ocrx_word' id='word_1_116' title='bbox 2304 710 2394 782; x_wconf 92' lang='lat' dir='ltr'><strong>qui</strong></span> <span class='ocrx_word' id='word_1_117' title='bbox 2410 709 2828 766; x_wconf 90' lang='lat' dir='ltr'><strong>communicant.</strong></span> 
     </span>
    </p>
   </div>
   <div class='ocr_carea' id='block_1_23' title="bbox 2547 801 2804 856">
    <p class='ocr_par' dir='ltr' id='par_1_23' title="bbox 2547 801 2804 856">
     <span class='ocr_line' id='line_1_23' title="bbox 2547 801 2804 856; baseline 0 0"><span class='ocrx_word' id='word_1_118' title='bbox 2547 801 2685 856; x_wconf 64' lang='lat' dir='ltr'><strong>{Era</strong></span> <span class='ocrx_word' id='word_1_119' title='bbox 2714 801 2804 856; x_wconf 71' lang='grc'><strong>45.</strong></span> 
     </span>
    </p>
   </div>
   <div class='ocr_carea' id='block_1_24' title="bbox 1948 891 3463 966">
    <p class='ocr_par' dir='ltr' id='par_1_24' title="bbox 1948 891 3463 966">
     <span class='ocr_line' id='line_1_24' title="bbox 1948 891 3463 966; baseline 0.008 -18"><span class='ocrx_word' id='word_1_120' title='bbox 1948 891 2188 948; x_wconf 84' lang='lat' dir='ltr'><strong>Clericus</strong></span> <span class='ocrx_word' id='word_1_121' title='bbox 2231 894 2496 950; x_wconf 89' lang='lat' dir='ltr'><strong>ebrietate</strong></span> <span class='ocrx_word' id='word_1_122' title='bbox 2520 897 2788 962; x_wconf 86' lang='lat' dir='ltr'><strong>serviens,</strong></span> <span class='ocrx_word' id='word_1_123' title='bbox 2845 907 2939 952; x_wconf 89' lang='lat' dir='ltr'><strong>aut</strong></span> <span class='ocrx_word' id='word_1_124' title='bbox 2985 898 3215 962; x_wconf 88' lang='lat' dir='ltr'><strong>desinat.</strong></span> <span class='ocrx_word' id='word_1_125' title='bbox 3244 913 3338 960; x_wconf 86' lang='lat' dir='ltr'><strong>aut</strong></span> <span class='ocrx_word' id='word_1_126' title='bbox 3369 904 3463 966; x_wconf 82' lang='lat' dir='ltr'><strong>de-</strong></span> 
     </span>
    </p>
   </div>
   <div class='ocr_carea' id='block_1_25' title="bbox 1877 993 2128 1052">
    <p class='ocr_par' dir='ltr' id='par_1_25' title="bbox 1877 993 2128 1052">
     <span class='ocr_line' id='line_1_25' title="bbox 1877 993 2128 1052; baseline 0.008 -15"><span class='ocrx_word' id='word_1_127' title='bbox 1877 993 2128 1052; x_wconf 89' lang='lat' dir='ltr'><strong>ponatur.</strong></span> 
     </span>
    </p>
   </div>
   <div class='ocr_carea' id='block_1_26' title="bbox 2376 1074 3000 1135">
    <p class='ocr_par' dir='ltr' id='par_1_26' title="bbox 2376 1074 3000 1135">
     <span class='ocr_line' id='line_1_26' title="bbox 2376 1074 3000 1135; baseline 0.01 -6"><span class='ocrx_word' id='word_1_128' title='bbox 2376 1074 2558 1130; x_wconf 83' lang='lat' dir='ltr'><strong>Conon</strong></span> <span class='ocrx_word' id='word_1_129' title='bbox 2604 1077 2911 1134; x_wconf 77' lang='lat' dir='ltr'><strong>Matiecnsts</strong></span> <span class='ocrx_word' id='word_1_130' title='bbox 2956 1080 3000 1135; x_wconf 77' lang='grc' dir='ltr'>ι.</span> 
     </span>
    </p>
   </div>
   <div class='ocr_carea' id='block_1_27' title="bbox 1950 1166 3466 1247">
    <p class='ocr_par' dir='ltr' id='par_1_27' title="bbox 1950 1166 3466 1247">
     <span class='ocr_line' id='line_1_27' title="bbox 1950 1166 3466 1247; baseline 0.009 -26"><span class='ocrx_word' id='word_1_131' title='bbox 1950 1166 2007 1221; x_wconf 90' lang='lat' dir='ltr'><strong>Si</strong></span> <span class='ocrx_word' id='word_1_132' title='bbox 2063 1167 2218 1240; x_wconf 87' lang='lat' dir='ltr'><strong>[Item</strong></span> <span class='ocrx_word' id='word_1_133' title='bbox 2265 1167 2607 1224; x_wconf 86' lang='lat' dir='ltr'><strong>decernimus</strong></span> <span class='ocrx_word' id='word_1_134' title='bbox 2631 1178 2691 1223; x_wconf 90' lang='lat' dir='ltr'><strong>ut</strong></span> <span class='ocrx_word' id='word_1_135' title='bbox 2742 1171 2942 1236; x_wconf 90' lang='lat' dir='ltr'><strong>nullus,</strong></span> <span class='ocrx_word' id='word_1_136' title='bbox 2998 1172 3130 1244; x_wconf 83' lang='lat' dir='ltr'><strong>etc.]</strong></span> <span class='ocrx_word' id='word_1_137' title='bbox 3180 1175 3466 1247; x_wconf 83' lang='lat' dir='ltr'><strong>presbyter</strong></span> 
     </span>
    </p>
   </div>
   <div class='ocr_carea' id='block_1_28' title="bbox 1877 1260 3466 1332">
    <p class='ocr_par' dir='ltr' id='par_1_28' title="bbox 1877 1260 3466 1332">
     <span class='ocr_line' id='line_1_28' title="bbox 1877 1260 3466 1332; baseline 0.006 -15"><span class='ocrx_word' id='word_1_138' title='bbox 1877 1260 2156 1317; x_wconf 88' lang='lat' dir='ltr'><strong>confertus</strong></span> <span class='ocrx_word' id='word_1_139' title='bbox 2177 1261 2320 1328; x_wconf 91' lang='lat' dir='ltr'><strong>cibo,</strong></span> <span class='ocrx_word' id='word_1_140' title='bbox 2365 1271 2459 1316; x_wconf 92' lang='lat' dir='ltr'><strong>aut</strong></span> <span class='ocrx_word' id='word_1_141' title='bbox 2506 1262 2814 1332; x_wconf 88' lang='lat' dir='ltr'><strong>crapulatus</strong></span> <span class='ocrx_word' id='word_1_142' title='bbox 2843 1265 2986 1328; x_wconf 91' lang='lat' dir='ltr'><strong>vino,</strong></span> <span class='ocrx_word' id='word_1_143' title='bbox 3038 1267 3304 1322; x_wconf 76' lang='lat' dir='ltr'><strong>sacriﬁcia</strong></span> <span class='ocrx_word' id='word_1_144' title='bbox 3333 1285 3466 1326; x_wconf 91' lang='lat' dir='ltr'><strong>con-</strong></span> 
     </span>
    </p>
   </div>
   <div class='ocr_carea' id='block_1_29' title="bbox 1879 1353 3440 1431">
    <p class='ocr_par' dir='ltr' id='par_1_29' title="bbox 1879 1353 3440 1431">
     <span class='ocr_line' id='line_1_29' title="bbox 1879 1353 3440 1431; baseline 0.008 -25"><span class='ocrx_word' id='word_1_145' title='bbox 1879 1360 2134 1416; x_wconf 91' lang='lat' dir='ltr'><strong>trectare,</strong></span> <span class='ocrx_word' id='word_1_146' title='bbox 2176 1361 2270 1406; x_wconf 91' lang='lat' dir='ltr'><strong>aut</strong></span> <span class='ocrx_word' id='word_1_147' title='bbox 2319 1355 2512 1409; x_wconf 90' lang='lat' dir='ltr'><strong>missas</strong></span> <span class='ocrx_word' id='word_1_148' title='bbox 2557 1353 2736 1409; x_wconf 82' lang='lat' dir='ltr'><strong>facere</strong></span> <span class='ocrx_word' id='word_1_149' title='bbox 2767 1355 3015 1427; x_wconf 86' lang='lat' dir='ltr'><strong>[privatis</strong></span> <span class='ocrx_word' id='word_1_150' title='bbox 3045 1358 3302 1431; x_wconf 87' lang='lat' dir='ltr'><strong>festisque</strong></span> <span class='ocrx_word' id='word_1_151' title='bbox 3349 1361 3440 1418; x_wconf 84' lang='lat' dir='ltr'><strong>die</strong></span> 
     </span>
    </p>
   </div>
   <div class='ocr_carea' id='block_1_30' title="bbox 1878 1446 3463 1523">
    <p class='ocr_par' dir='ltr' id='par_1_30' title="bbox 1878 1446 3463 1523">
     <span class='ocr_line' id='line_1_30' title="bbox 1878 1446 3463 1523; baseline 0.006 -22"><span class='ocrx_word' id='word_1_152' title='bbox 1878 1446 1979 1501; x_wconf 89' lang='lat' dir='ltr'><strong>bus</strong></span> <span class='ocrx_word' id='word_1_153' title='bbox 2020 1448 2421 1520; x_wconf 78' lang='lat' dir='ltr'><strong>concelebrare]</strong></span> <span class='ocrx_word' id='word_1_154' title='bbox 2453 1452 2872 1520; x_wconf 73' lang='lat' dir='ltr'><strong>prresumpscrit,</strong></span> <span class='ocrx_word' id='word_1_155' title='bbox 2932 1451 3088 1523; x_wconf 80' lang='lat' dir='ltr'><strong>(Var.</strong></span> <span class='ocrx_word' id='word_1_156' title='bbox 3120 1464 3164 1507; x_wconf 89' lang='lat' dir='ltr'><strong>et</strong></span> <span class='ocrx_word' id='word_1_157' title='bbox 3198 1454 3304 1509; x_wconf 85' lang='lat' dir='ltr'><strong>alia</strong></span> <span class='ocrx_word' id='word_1_158' title='bbox 3332 1456 3463 1512; x_wconf 87' lang='lat' dir='ltr'><strong>add.</strong></span> 
     </span>
    </p>
   </div>
   <div class='ocr_carea' id='block_1_31' title="bbox 1879 1538 3463 1616">
    <p class='ocr_par' dir='ltr' id='par_1_31' title="bbox 1879 1538 3463 1616">
     <span class='ocr_line' id='line_1_31' title="bbox 1879 1538 3463 1616; baseline 0.008 -24"><span class='ocrx_word' id='word_1_159' title='bbox 1879 1538 1933 1592; x_wconf 84' lang='lat' dir='ltr'><strong>in</strong></span> <span class='ocrx_word' id='word_1_160' title='bbox 1959 1540 2066 1611; x_wconf 89' lang='lat' dir='ltr'><strong>ed.)</strong></span> <span class='ocrx_word' id='word_1_161' title='bbox 2096 1539 2253 1609; x_wconf 74' lang='lat' dir='ltr'><strong>juxta</strong></span> <span class='ocrx_word' id='word_1_162' title='bbox 2301 1558 2536 1597; x_wconf 88' lang='lat' dir='ltr'><strong>canones</strong></span> <span class='ocrx_word' id='word_1_163' title='bbox 2563 1541 2848 1600; x_wconf 76' lang='lat' dir='ltr'><strong>Africanos</strong></span> <span class='ocrx_word' id='word_1_164' title='bbox 2898 1545 3212 1616; x_wconf 83' lang='lat' dir='ltr'><strong>dignitatem</strong></span> <span class='ocrx_word' id='word_1_165' title='bbox 3241 1549 3463 1605; x_wconf 82' lang='lat' dir='ltr'><strong>amittat</strong></span> 
     </span>
    </p>
   </div>
   <div class='ocr_carea' id='block_1_32' title="bbox 1879 1631 2120 1687">
    <p class='ocr_par' dir='ltr' id='par_1_32' title="bbox 1879 1631 2120 1687">
     <span class='ocr_line' id='line_1_32' title="bbox 1879 1631 2120 1687; baseline -0.004 0"><span class='ocrx_word' id='word_1_166' title='bbox 1879 1631 2120 1687; x_wconf 84' lang='lat' dir='ltr'><strong>honoris.</strong></span> 
     </span>
    </p>
   </div>
   <div class='ocr_carea' id='block_1_33' title="bbox 2222 1723 3141 1797">
    <p class='ocr_par' dir='ltr' id='par_1_33' title="bbox 2222 1723 3141 1797">
     <span class='ocr_line' id='line_1_33' title="bbox 2222 1723 3141 1797; baseline 0.009 -19"><span class='ocrx_word' id='word_1_167' title='bbox 2222 1723 2404 1781; x_wconf 85' lang='lat' dir='ltr'><strong>Cauon</strong></span> <span class='ocrx_word' id='word_1_168' title='bbox 2431 1726 2806 1797; x_wconf 79' lang='lat' dir='ltr'><strong>apostolorum,</strong></span> <span class='ocrx_word' id='word_1_169' title='bbox 2841 1745 2947 1784; x_wconf 52' lang='lat' dir='ltr'><strong>atra</strong></span> <span class='ocrx_word' id='word_1_170' title='bbox 2983 1730 3054 1784; x_wconf 65' lang='grc'><strong>40</strong></span> <span class='ocrx_word' id='word_1_171' title='bbox 3080 1742 3141 1786; x_wconf 80' lang='grc' dir='ltr'><strong>ηι.</strong></span> 
     </span>
    </p>
   </div>
   <div class='ocr_carea' id='block_1_34' title="bbox 269 1789 3462 1892">
    <p class='ocr_par' dir='ltr' id='par_1_34' title="bbox 269 1789 3462 1892">
     <span class='ocr_line' id='line_1_34' title="bbox 269 1789 3462 1892; baseline 0.008 -35"><span class='ocrx_word' id='word_1_172' title='bbox 269 1813 552 1887; x_wconf 57' lang='lat' dir='ltr'><strong>(Quantam</strong></span> <span class='ocrx_word' id='word_1_173' title='bbox 583 1814 708 1868; x_wconf 71' lang='lat' dir='ltr'><strong>add,</strong></span> <span class='ocrx_word' id='word_1_174' title='bbox 741 1814 796 1866; x_wconf 76' lang='lat' dir='ltr'><strong>in</strong></span> <span class='ocrx_word' id='word_1_175' title='bbox 823 1813 943 1866; x_wconf 75' lang='lat' dir='ltr'><strong>edd.</strong></span> <span class='ocrx_word' id='word_1_176' title='bbox 978 1809 1422 1881; x_wconf 61' lang='lat' dir='ltr'><strong>Diaconusll’ar.</strong></span> <span class='ocrx_word' id='word_1_177' title='bbox 1447 1809 1592 1880; x_wconf 83' lang='lat' dir='ltr'><strong>edd.)</strong></span> <span class='ocrx_word' id='word_1_178' title='bbox 1615 1823 1768 1881; x_wconf 83' lang='lat' dir='ltr'><strong>pres-</strong></span> <span class='ocrx_word' id='word_1_179' title='bbox 1801 1789 1849 1848; x_wconf 80' lang='grc' dir='ltr'><strong>Β</strong></span> <span class='ocrx_word' id='word_1_180' title='bbox 1924 1816 2238 1886; x_wconf 80' lang='lat' dir='ltr'><strong>Episcopus,</strong></span> <span class='ocrx_word' id='word_1_181' title='bbox 2257 1789 3014 1890; x_wconf 64' lang='lat' dir='ltr'><strong>presbyter,diaeonus,aleae,</strong></span> <span class='ocrx_word' id='word_1_182' title='bbox 3033 1823 3135 1878; x_wconf 90' lang='lat' dir='ltr'><strong>hoc</strong></span> <span class='ocrx_word' id='word_1_183' title='bbox 3149 1823 3462 1892; x_wconf 86' lang='lat' dir='ltr'><strong>esttabulis,</strong></span> 
     </span>
    </p>
   </div>
   <div class='ocr_carea' id='block_1_35' title="bbox 195 1901 1775 1980">
    <p class='ocr_par' dir='ltr' id='par_1_35' title="bbox 195 1901 1775 1980">
     <span class='ocr_line' id='line_1_35' title="bbox 195 1901 1775 1980; baseline -0.006 -17"><span class='ocrx_word' id='word_1_184' title='bbox 195 1911 375 1980; x_wconf 63' lang='lat' dir='ltr'><strong>liyter,</strong></span> <span class='ocrx_word' id='word_1_185' title='bbox 427 1909 511 1962; x_wconf 87' lang='lat' dir='ltr'><strong>vel</strong></span> <span class='ocrx_word' id='word_1_186' title='bbox 563 1908 848 1977; x_wconf 87' lang='lat' dir='ltr'><strong>cpiscopus</strong></span> <span class='ocrx_word' id='word_1_187' title='bbox 897 1905 943 1960; x_wconf 89' lang='lat' dir='ltr'><strong>si</strong></span> <span class='ocrx_word' id='word_1_188' title='bbox 993 1903 1208 1958; x_wconf 89' lang='lat' dir='ltr'><strong>mortali</strong></span> <span class='ocrx_word' id='word_1_189' title='bbox 1261 1902 1489 1956; x_wconf 91' lang='lat' dir='ltr'><strong>crimine</strong></span> <span class='ocrx_word' id='word_1_190' title='bbox 1539 1901 1775 1955; x_wconf 77' lang='lat' dir='ltr'><strong>dixerint</strong></span> 
     </span>
    </p>
   </div>
   <div class='ocr_carea' id='block_1_36' title="bbox 193 1991 1776 2069">
    <p class='ocr_par' dir='ltr' id='par_1_36' title="bbox 193 1991 1776 2069">
     <span class='ocr_line' id='line_1_36' title="bbox 193 1991 1776 2069; baseline -0.007 -14"><span class='ocrx_word' id='word_1_191' title='bbox 193 2018 253 2055; x_wconf 88' lang='lat' dir='ltr'><strong>se</strong></span> <span class='ocrx_word' id='word_1_192' title='bbox 281 2016 402 2054; x_wconf 87' lang='lat' dir='ltr'><strong>esse</strong></span> <span class='ocrx_word' id='word_1_193' title='bbox 441 2000 692 2069; x_wconf 88' lang='lat' dir='ltr'><strong>pollutos,</strong></span> <span class='ocrx_word' id='word_1_194' title='bbox 735 1997 1072 2066; x_wconf 88' lang='lat' dir='ltr'><strong>deponantur</strong></span> <span class='ocrx_word' id='word_1_195' title='bbox 1103 1993 1156 2066; x_wconf 79' lang='lat' dir='ltr'><strong>[a</strong></span> <span class='ocrx_word' id='word_1_196' title='bbox 1207 1992 1532 2063; x_wconf 88' lang='lat' dir='ltr'><strong>supradictis</strong></span> <span class='ocrx_word' id='word_1_197' title='bbox 1559 1991 1776 2048; x_wconf 84' lang='lat' dir='ltr'><strong>ordina-</strong></span> 
     </span>
    </p>
   </div>
   <div class='ocr_carea' id='block_1_37' title="bbox 195 2086 1775 2159">
    <p class='ocr_par' dir='ltr' id='par_1_37' title="bbox 195 2086 1775 2159">
     <span class='ocr_line' id='line_1_37' title="bbox 195 2086 1775 2159; baseline -0.009 -7"><span class='ocrx_word' id='word_1_198' title='bbox 195 2093 434 2152; x_wconf 88' lang='lat' dir='ltr'><strong>lionibus</strong></span> <span class='ocrx_word' id='word_1_199' title='bbox 459 2087 928 2159; x_wconf 84' lang='lat' dir='ltr'><strong>submoveantur],</strong></span> <span class='ocrx_word' id='word_1_200' title='bbox 957 2087 1115 2157; x_wconf 76' lang='lat' dir='ltr'><strong>(Var.</strong></span> <span class='ocrx_word' id='word_1_201' title='bbox 1147 2086 1293 2157; x_wconf 83' lang='lat' dir='ltr'><strong>edd.)</strong></span> <span class='ocrx_word' id='word_1_202' title='bbox 1327 2086 1442 2140; x_wconf 85' lang='lat' dir='ltr'><strong>sive</strong></span> <span class='ocrx_word' id='word_1_203' title='bbox 1478 2100 1621 2138; x_wconf 72' lang='lat' dir='ltr'><strong>vera:</strong></span> <span class='ocrx_word' id='word_1_204' title='bbox 1647 2099 1775 2137; x_wconf 87' lang='lat' dir='ltr'><strong>con-</strong></span> 
     </span>
    </p>
   </div>
   <div class='ocr_carea' id='block_1_38' title="bbox 193 2175 1776 2250">
    <p class='ocr_par' dir='ltr' id='par_1_38' title="bbox 193 2175 1776 2250">
     <span class='ocr_line' id='line_1_38' title="bbox 193 2175 1776 2250; baseline -0.006 -11"><span class='ocrx_word' id='word_1_205' title='bbox 193 2184 469 2248; x_wconf 75' lang='lat' dir='ltr'><strong>fessionis,</strong></span> <span class='ocrx_word' id='word_1_206' title='bbox 519 2185 602 2239; x_wconf 86' lang='lat' dir='ltr'><strong>vcl</strong></span> <span class='ocrx_word' id='word_1_207' title='bbox 654 2183 938 2238; x_wconf 89' lang='lat' dir='ltr'><strong>mendacii.</strong></span> <span class='ocrx_word' id='word_1_208' title='bbox 993 2180 1177 2250; x_wconf 80' lang='lat' dir='ltr'><strong>Neque</strong></span> <span class='ocrx_word' id='word_1_209' title='bbox 1196 2179 1344 2235; x_wconf 87' lang='lat' dir='ltr'><strong>enim</strong></span> <span class='ocrx_word' id='word_1_210' title='bbox 1367 2177 1572 2233; x_wconf 87' lang='lat' dir='ltr'><strong>absolvi</strong></span> <span class='ocrx_word' id='word_1_211' title='bbox 1608 2177 1660 2231; x_wconf 90' lang='lat' dir='ltr'><strong>in</strong></span> <span class='ocrx_word' id='word_1_212' title='bbox 1691 2175 1776 2230; x_wconf 89' lang='lat' dir='ltr'><strong>bis</strong></span> 
     </span>
    </p>
   </div>
   <div class='ocr_carea' id='block_1_39' title="bbox 194 2263 1776 2346">
    <p class='ocr_par' dir='ltr' id='par_1_39' title="bbox 194 2263 1776 2346">
     <span class='ocr_line' id='line_1_39' title="bbox 194 2263 1776 2346; baseline -0.006 -15"><span class='ocrx_word' id='word_1_213' title='bbox 194 2285 396 2346; x_wconf 90' lang='lat' dir='ltr'><strong>potest,</strong></span> <span class='ocrx_word' id='word_1_214' title='bbox 449 2275 626 2346; x_wconf 83' lang='lat' dir='ltr'><strong>(Deest</strong></span> <span class='ocrx_word' id='word_1_215' title='bbox 667 2276 719 2328; x_wconf 81' lang='lat' dir='ltr'><strong>in</strong></span> <span class='ocrx_word' id='word_1_216' title='bbox 755 2273 900 2344; x_wconf 72' lang='lat' dir='ltr'><strong>edd.)</strong></span> <span class='ocrx_word' id='word_1_217' title='bbox 936 2272 980 2326; x_wconf 91' lang='lat' dir='ltr'><strong>si</strong></span> <span class='ocrx_word' id='word_1_218' title='bbox 1007 2272 1064 2326; x_wconf 84' lang='lat' dir='ltr'><strong>in</strong></span> <span class='ocrx_word' id='word_1_219' title='bbox 1089 2263 1296 2341; x_wconf 63' lang='lat' dir='ltr'><strong>&#39;seipsos</strong></span> <span class='ocrx_word' id='word_1_220' title='bbox 1352 2270 1606 2331; x_wconf 81' lang='lat' dir='ltr'><strong>dixerint,</strong></span> <span class='ocrx_word' id='word_1_221' title='bbox 1633 2268 1776 2337; x_wconf 86' lang='lat' dir='ltr'><strong>quod</strong></span> 
     </span>
    </p>
   </div>
   <div class='ocr_carea' id='block_1_40' title="bbox 195 2359 1779 2435">
    <p class='ocr_par' dir='ltr' id='par_1_40' title="bbox 195 2359 1779 2435">
     <span class='ocr_line' id='line_1_40' title="bbox 195 2359 1779 2435; baseline -0.006 -13"><span class='ocrx_word' id='word_1_222' title='bbox 195 2368 397 2422; x_wconf 87' lang='lat' dir='ltr'><strong>dictum</strong></span> <span class='ocrx_word' id='word_1_223' title='bbox 426 2367 479 2420; x_wconf 90' lang='lat' dir='ltr'><strong>in</strong></span> <span class='ocrx_word' id='word_1_224' title='bbox 509 2366 643 2420; x_wconf 89' lang='lat' dir='ltr'><strong>alios</strong></span> <span class='ocrx_word' id='word_1_225' title='bbox 669 2366 971 2435; x_wconf 90' lang='lat' dir='ltr'><strong>puniretur,</strong></span> <span class='ocrx_word' id='word_1_226' title='bbox 1017 2379 1139 2417; x_wconf 93' lang='lat' dir='ltr'><strong>cum</strong></span> <span class='ocrx_word' id='word_1_227' title='bbox 1164 2361 1340 2417; x_wconf 90' lang='lat' dir='ltr'><strong>omnis</strong></span> <span class='ocrx_word' id='word_1_228' title='bbox 1367 2361 1458 2432; x_wconf 86' lang='lat' dir='ltr'><strong>qui</strong></span> <span class='ocrx_word' id='word_1_229' title='bbox 1489 2360 1588 2415; x_wconf 90' lang='lat' dir='ltr'><strong>sibi</strong></span> <span class='ocrx_word' id='word_1_230' title='bbox 1617 2359 1779 2413; x_wconf 91' lang='lat' dir='ltr'><strong>fuerit</strong></span> 
     </span>
    </p>
   </div>
   <div class='ocr_carea' id='block_1_41' title="bbox 197 2453 1246 2526">
    <p class='ocr_par' dir='ltr' id='par_1_41' title="bbox 197 2453 1246 2526">
     <span class='ocr_line' id='line_1_41' title="bbox 197 2453 1246 2526; baseline -0.006 -14"><span class='ocrx_word' id='word_1_231' title='bbox 197 2457 391 2512; x_wconf 81' lang='lat' dir='ltr'><strong>mortis</strong></span> <span class='ocrx_word' id='word_1_232' title='bbox 428 2473 615 2521; x_wconf 88' lang='lat' dir='ltr'><strong>causa,</strong></span> <span class='ocrx_word' id='word_1_233' title='bbox 647 2457 819 2526; x_wconf 82' lang='lat' dir='ltr'><strong>major</strong></span> <span class='ocrx_word' id='word_1_234' title='bbox 851 2455 1120 2509; x_wconf 89' lang='lat' dir='ltr'><strong>homicida</strong></span> <span class='ocrx_word' id='word_1_235' title='bbox 1154 2453 1246 2507; x_wconf 87' lang='lat' dir='ltr'><strong>sit.</strong></span> 
     </span>
    </p>
   </div>
   <div class='ocr_carea' id='block_1_42' title="bbox 585 2541 1410 2615">
    <p class='ocr_par' dir='ltr' id='par_1_42' title="bbox 585 2541 1410 2615">
     <span class='ocr_line' id='line_1_42' title="bbox 585 2541 1410 2615; baseline -0.006 -14"><span class='ocrx_word' id='word_1_236' title='bbox 585 2547 764 2602; x_wconf 87' lang='lat' dir='ltr'><strong>Canon</strong></span> <span class='ocrx_word' id='word_1_237' title='bbox 787 2547 1091 2615; x_wconf 77' lang='lat' dir='ltr'><strong>Africanus,</strong></span> <span class='ocrx_word' id='word_1_238' title='bbox 1116 2561 1223 2599; x_wconf 75' lang='lat' dir='ltr'><strong>a&#39;ra</strong></span> <span class='ocrx_word' id='word_1_239' title='bbox 1249 2541 1318 2596; x_wconf 71' lang='grc'>44</span> <span class='ocrx_word' id='word_1_240' title='bbox 1364 2553 1410 2596; x_wconf 79' lang='grc' dir='ltr'>ο.</span> 
     </span>
    </p>
   </div>
   <div class='ocr_carea' id='block_1_43' title="bbox 265 2629 1774 2704">
    <p class='ocr_par' dir='ltr' id='par_1_43' title="bbox 265 2629 1774 2704">
     <span class='ocr_line' id='line_1_43' title="bbox 265 2629 1774 2704; baseline -0.01 -6"><span class='ocrx_word' id='word_1_241' title='bbox 265 2639 510 2698; x_wconf 88' lang='lat' dir='ltr'><strong>Clericus</strong></span> <span class='ocrx_word' id='word_1_242' title='bbox 540 2637 857 2700; x_wconf 89' lang='lat' dir='ltr'><strong>maledicus,</strong></span> <span class='ocrx_word' id='word_1_243' title='bbox 910 2637 1251 2704; x_wconf 78' lang='lat' dir='ltr'><strong>maximeque</strong></span> <span class='ocrx_word' id='word_1_244' title='bbox 1299 2633 1351 2688; x_wconf 92' lang='lat' dir='ltr'><strong>in</strong></span> <span class='ocrx_word' id='word_1_245' title='bbox 1384 2629 1774 2694; x_wconf 87' lang='lat' dir='ltr'><strong>sacerdotibus,</strong></span> 
     </span>
    </p>
   </div>
   <div class='ocr_carea' id='block_1_44' title="bbox 192 2723 1776 2804">
    <p class='ocr_par' dir='ltr' id='par_1_44' title="bbox 192 2723 1776 2804">
     <span class='ocr_line' id='line_1_44' title="bbox 192 2723 1776 2804; baseline -0.008 -18"><span class='ocrx_word' id='word_1_246' title='bbox 192 2741 418 2804; x_wconf 77' lang='lat' dir='ltr'><strong>cogatur</strong></span> <span class='ocrx_word' id='word_1_247' title='bbox 447 2731 512 2784; x_wconf 86' lang='lat' dir='ltr'><strong>ad</strong></span> <span class='ocrx_word' id='word_1_248' title='bbox 538 2728 912 2799; x_wconf 88' lang='lat' dir='ltr'><strong>postulandam</strong></span> <span class='ocrx_word' id='word_1_249' title='bbox 943 2727 1176 2780; x_wconf 85' lang='lat' dir='ltr'><strong>veniam.</strong></span> <span class='ocrx_word' id='word_1_250' title='bbox 1208 2726 1267 2780; x_wconf 93' lang='lat' dir='ltr'><strong>Si</strong></span> <span class='ocrx_word' id='word_1_251' title='bbox 1297 2723 1550 2788; x_wconf 91' lang='lat' dir='ltr'><strong>noluerit,</strong></span> <span class='ocrx_word' id='word_1_252' title='bbox 1582 2723 1776 2792; x_wconf 78' lang='lat' dir='ltr'><strong>degra-</strong></span> 
     </span>
    </p>
   </div>
   <div class='ocr_carea' id='block_1_45' title="bbox 194 2812 1778 2891">
    <p class='ocr_par' dir='ltr' id='par_1_45' title="bbox 194 2812 1778 2891">
     <span class='ocr_line' id='line_1_45' title="bbox 194 2812 1778 2891; baseline -0.009 -12"><span class='ocrx_word' id='word_1_253' title='bbox 194 2827 372 2888; x_wconf 85' lang='lat' dir='ltr'><strong>detur,</strong></span> <span class='ocrx_word' id='word_1_254' title='bbox 408 2838 508 2876; x_wconf 89' lang='lat' dir='ltr'><strong>nec</strong></span> <span class='ocrx_word' id='word_1_255' title='bbox 528 2836 766 2891; x_wconf 89' lang='lat' dir='ltr'><strong>unquam</strong></span> <span class='ocrx_word' id='word_1_256' title='bbox 807 2819 876 2874; x_wconf 89' lang='lat' dir='ltr'><strong>ad</strong></span> <span class='ocrx_word' id='word_1_257' title='bbox 898 2817 1133 2874; x_wconf 79' lang='lat' dir='ltr'><strong>cilicium</strong></span> <span class='ocrx_word' id='word_1_258' title='bbox 1166 2817 1370 2890; x_wconf 85' lang='lat' dir='ltr'><strong>absque</strong></span> <span class='ocrx_word' id='word_1_259' title='bbox 1407 2812 1778 2870; x_wconf 80' lang='lat' dir='ltr'><strong>satisfactione</strong></span> 
     </span>
    </p>
   </div>
   <div class='ocr_carea' id='block_1_46' title="bbox 198 2922 500 2972">
    <p class='ocr_par' dir='ltr' id='par_1_46' title="bbox 198 2922 500 2972">
     <span class='ocr_line' id='line_1_46' title="bbox 198 2922 500 2972; baseline -0.013 -2"><span class='ocrx_word' id='word_1_260' title='bbox 198 2922 500 2972; x_wconf 69' lang='grc' dir='ltr'><strong>τεγοωιιιτ.</strong></span> 
     </span>
    </p>
   </div>
   <div class='ocr_carea' id='block_1_47' title="bbox 871 2999 1181 3057">
    <p class='ocr_par' dir='ltr' id='par_1_47' title="bbox 871 2999 1181 3057">
     <span class='ocr_line' id='line_1_47' title="bbox 871 2999 1181 3057; baseline -0.01 0"><span class='ocrx_word' id='word_1_261' title='bbox 871 2999 1009 3057; x_wconf 67' lang='grc' dir='ltr'><strong>Αἶγα</strong></span> <span class='ocrx_word' id='word_1_262' title='bbox 1034 3000 1102 3057; x_wconf 67' lang='grc'><strong>45</strong></span> <span class='ocrx_word' id='word_1_263' title='bbox 1137 2999 1181 3054; x_wconf 68' lang='grc' dir='ltr'>τ.</span> 
     </span>
    </p>
   </div>
   <div class='ocr_carea' id='block_1_48' title="bbox 264 3111 1850 3200">
    <p class='ocr_par' dir='ltr' id='par_1_48' title="bbox 264 3111 1850 3200">
     <span class='ocr_line' id='line_1_48' title="bbox 264 3111 1850 3200; baseline -0.006 -25"><span class='ocrx_word' id='word_1_264' title='bbox 264 3119 508 3176; x_wconf 83' lang='lat' dir='ltr'><strong>Clericus</strong></span> <span class='ocrx_word' id='word_1_265' title='bbox 527 3118 620 3188; x_wconf 91' lang='lat' dir='ltr'><strong>qui</strong></span> <span class='ocrx_word' id='word_1_266' title='bbox 643 3117 1040 3182; x_wconf 86' lang='lat' dir='ltr'><strong>adulationibus</strong></span> <span class='ocrx_word' id='word_1_267' title='bbox 1065 3125 1120 3172; x_wconf 90' lang='lat' dir='ltr'><strong>et</strong></span> <span class='ocrx_word' id='word_1_268' title='bbox 1153 3113 1549 3187; x_wconf 81' lang='lat' dir='ltr'><strong>proditionibus</strong></span> <span class='ocrx_word' id='word_1_269' title='bbox 1592 3111 1772 3182; x_wconf 76' lang='lat' dir='ltr'><strong>vagari</strong></span> <span class='ocrx_word' id='word_1_270' title='bbox 1800 3135 1850 3200; x_wconf 66' lang='grc' dir='ltr'><strong>α</strong></span> 
     </span>
    </p>
   </div>
   <div class='ocr_carea' id='block_1_49' title="bbox 194 3203 1772 3286">
    <p class='ocr_par' dir='ltr' id='par_1_49' title="bbox 194 3203 1772 3286">
     <span class='ocr_line' id='line_1_49' title="bbox 194 3203 1772 3286; baseline -0.008 -15"><span class='ocrx_word' id='word_1_271' title='bbox 194 3212 634 3286; x_wconf 71' lang='lat' dir='ltr'><strong>deprehenditur,</strong></span> <span class='ocrx_word' id='word_1_272' title='bbox 691 3211 760 3266; x_wconf 89' lang='lat' dir='ltr'><strong>ab</strong></span> <span class='ocrx_word' id='word_1_273' title='bbox 801 3211 977 3267; x_wconf 82' lang='lat' dir='ltr'><strong>cilicio</strong></span> <span class='ocrx_word' id='word_1_274' title='bbox 1023 3210 1324 3280; x_wconf 88' lang='lat' dir='ltr'><strong>deponatur</strong></span> <span class='ocrx_word' id='word_1_275' title='bbox 1378 3203 1772 3281; x_wconf 80' lang='lat' dir='ltr'><strong>[degradctur].</strong></span> 
     </span>
    </p>
   </div>
   <div class='ocr_carea' id='block_1_50' title="bbox 863 3320 1171 3377">
    <p class='ocr_par' dir='ltr' id='par_1_50' title="bbox 863 3320 1171 3377">
     <span class='ocr_line' id='line_1_50' title="bbox 863 3320 1171 3377; baseline 0 -1"><span class='ocrx_word' id='word_1_276' title='bbox 863 3322 1001 3376; x_wconf 70' lang='grc' dir='ltr'><strong>Αἶγα</strong></span> <span class='ocrx_word' id='word_1_277' title='bbox 1025 3320 1094 3377; x_wconf 71' lang='lat' dir='ltr'><strong>8-i-</strong></span> <span class='ocrx_word' id='word_1_278' title='bbox 1125 3324 1171 3376; x_wconf 75' lang='grc'>⁸.</span> 
     </span>
    </p>
   </div>
   <div class='ocr_carea' id='block_1_51' title="bbox 264 3428 1776 3506">
    <p class='ocr_par' dir='ltr' id='par_1_51' title="bbox 264 3428 1776 3506">
     <span class='ocr_line' id='line_1_51' title="bbox 264 3428 1776 3506; baseline -0.005 -15"><span class='ocrx_word' id='word_1_279' title='bbox 264 3433 325 3492; x_wconf 88' lang='lat' dir='ltr'><strong>Si</strong></span> <span class='ocrx_word' id='word_1_280' title='bbox 353 3436 704 3506; x_wconf 73' lang='lat' dir='ltr'><strong>poenitentem</strong></span> <span class='ocrx_word' id='word_1_281' title='bbox 730 3435 908 3490; x_wconf 84' lang='lat' dir='ltr'><strong>sciens</strong></span> <span class='ocrx_word' id='word_1_282' title='bbox 931 3435 1213 3503; x_wconf 88' lang='lat' dir='ltr'><strong>episcopus</strong></span> <span class='ocrx_word' id='word_1_283' title='bbox 1237 3430 1590 3494; x_wconf 89' lang='lat' dir='ltr'><strong>ordinaverit,</strong></span> <span class='ocrx_word' id='word_1_284' title='bbox 1616 3428 1776 3483; x_wconf 88' lang='lat' dir='ltr'><strong>ambo</strong></span> 
     </span>
    </p>
   </div>
   <div class='ocr_carea' id='block_1_52' title="bbox 193 3521 1773 3600">
    <p class='ocr_par' dir='ltr' id='par_1_52' title="bbox 193 3521 1773 3600">
     <span class='ocr_line' id='line_1_52' title="bbox 193 3521 1773 3600; baseline -0.006 -16"><span class='ocrx_word' id='word_1_285' title='bbox 193 3527 556 3600; x_wconf 76' lang='lat' dir='ltr'><strong>degradentur</strong></span> <span class='ocrx_word' id='word_1_286' title='bbox 581 3527 934 3582; x_wconf 90' lang='lat' dir='ltr'><strong>etordinator</strong></span> <span class='ocrx_word' id='word_1_287' title='bbox 986 3534 1040 3579; x_wconf 91' lang='lat' dir='ltr'><strong>et</strong></span> <span class='ocrx_word' id='word_1_288' title='bbox 1091 3524 1370 3580; x_wconf 87' lang='lat' dir='ltr'><strong>ordinatus</strong></span> <span class='ocrx_word' id='word_1_289' title='bbox 1419 3521 1550 3593; x_wconf 83' lang='grc' dir='ltr'><strong>[Αι.,</strong></span> <span class='ocrx_word' id='word_1_290' title='bbox 1609 3521 1773 3575; x_wconf 88' lang='lat' dir='ltr'><strong>etiam</strong></span> 
     </span>
    </p>
   </div>
   <div class='ocr_carea' id='block_1_53' title="bbox 197 3611 1775 3687">
    <p class='ocr_par' dir='ltr' id='par_1_53' title="bbox 197 3611 1775 3687">
     <span class='ocr_line' id='line_1_53' title="bbox 197 3611 1775 3687; baseline -0.003 -17"><span class='ocrx_word' id='word_1_291' title='bbox 197 3618 263 3672; x_wconf 88' lang='lat' dir='ltr'><strong>ab</strong></span> <span class='ocrx_word' id='word_1_292' title='bbox 290 3618 632 3687; x_wconf 88' lang='lat' dir='ltr'><strong>episcopatus</strong></span> <span class='ocrx_word' id='word_1_293' title='bbox 661 3615 743 3669; x_wconf 89' lang='lat' dir='ltr'><strong>sui</strong></span> <span class='ocrx_word' id='word_1_294' title='bbox 770 3615 1052 3670; x_wconf 90' lang='lat' dir='ltr'><strong>ordinandi</strong></span> <span class='ocrx_word' id='word_1_295' title='bbox 1079 3615 1342 3670; x_wconf 80' lang='lat' dir='ltr'><strong>duntaxat</strong></span> <span class='ocrx_word' id='word_1_296' title='bbox 1367 3620 1632 3683; x_wconf 85' lang='lat' dir='ltr'><strong>potestate</strong></span> <span class='ocrx_word' id='word_1_297' title='bbox 1663 3611 1775 3681; x_wconf 88' lang='lat' dir='ltr'><strong>pri-</strong></span> 
     </span>
    </p>
   </div>
   <div class='ocr_carea' id='block_1_54' title="bbox 197 3705 395 3779">
    <p class='ocr_par' dir='ltr' id='par_1_54' title="bbox 197 3705 395 3779">
     <span class='ocr_line' id='line_1_54' title="bbox 197 3705 395 3779; baseline 0.01 -21"><span class='ocrx_word' id='word_1_298' title='bbox 197 3705 395 3779; x_wconf 87' lang='lat' dir='ltr'><strong>vetur].</strong></span> 
     </span>
    </p>
   </div>
   <div class='ocr_carea' id='block_1_55' title="bbox 897 3772 1200 3830">
    <p class='ocr_par' dir='ltr' id='par_1_55' title="bbox 897 3772 1200 3830">
     <span class='ocr_line' id='line_1_55' title="bbox 897 3772 1200 3830; baseline 0 -3"><span class='ocrx_word' id='word_1_299' title='bbox 897 3772 1035 3828; x_wconf 63' lang='lat' dir='ltr'><strong>Afra</strong></span> <span class='ocrx_word' id='word_1_300' title='bbox 1061 3773 1130 3830; x_wconf 83' lang='lat'><strong>85</strong></span> <span class='ocrx_word' id='word_1_301' title='bbox 1148 3773 1200 3827; x_wconf 73' lang='grc' dir='ltr'><strong>ιι.</strong></span> 
     </span>
    </p>
   </div>
   <div class='ocr_carea' id='block_1_56' title="bbox 265 3883 1772 3959">
    <p class='ocr_par' dir='ltr' id='par_1_56' title="bbox 265 3883 1772 3959">
     <span class='ocr_line' id='line_1_56' title="bbox 265 3883 1772 3959; baseline -0.003 -17"><span class='ocrx_word' id='word_1_302' title='bbox 265 3886 529 3942; x_wconf 85' lang='lat' dir='ltr'><strong>Similiter</strong></span> <span class='ocrx_word' id='word_1_303' title='bbox 553 3887 748 3959; x_wconf 88' lang='lat' dir='ltr'><strong>[Simili</strong></span> <span class='ocrx_word' id='word_1_304' title='bbox 803 3887 1081 3942; x_wconf 71' lang='lat' dir='ltr'><strong>sententia:</strong></span> <span class='ocrx_word' id='word_1_305' title='bbox 1133 3883 1454 3956; x_wconf 85' lang='lat' dir='ltr'><strong>subjacebit]</strong></span> <span class='ocrx_word' id='word_1_306' title='bbox 1485 3899 1530 3938; x_wconf 68' lang='lat' dir='ltr'><strong>sn</strong></span> <span class='ocrx_word' id='word_1_307' title='bbox 1561 3883 1772 3953; x_wconf 87' lang='lat' dir='ltr'><strong>cpisco-</strong></span> 
     </span>
    </p>
   </div>
   <div class='ocr_carea' id='block_1_57' title="bbox 192 3976 1770 4051">
    <p class='ocr_par' dir='ltr' id='par_1_57' title="bbox 192 3976 1770 4051">
     <span class='ocr_line' id='line_1_57' title="bbox 192 3976 1770 4051; baseline -0.003 -17"><span class='ocrx_word' id='word_1_308' title='bbox 192 3994 296 4051; x_wconf 89' lang='lat' dir='ltr'><strong>pus</strong></span> <span class='ocrx_word' id='word_1_309' title='bbox 346 3980 524 4035; x_wconf 89' lang='lat' dir='ltr'><strong>sciens</strong></span> <span class='ocrx_word' id='word_1_310' title='bbox 549 3980 878 4034; x_wconf 89' lang='lat' dir='ltr'><strong>ordinaverit</strong></span> <span class='ocrx_word' id='word_1_311' title='bbox 902 3977 1205 4050; x_wconf 90' lang='lat' dir='ltr'><strong>[clericum]</strong></span> <span class='ocrx_word' id='word_1_312' title='bbox 1258 3993 1379 4032; x_wconf 93' lang='lat' dir='ltr'><strong>eum</strong></span> <span class='ocrx_word' id='word_1_313' title='bbox 1410 3978 1501 4046; x_wconf 91' lang='lat' dir='ltr'><strong>qui</strong></span> <span class='ocrx_word' id='word_1_314' title='bbox 1532 3976 1770 4042; x_wconf 85' lang='lat' dir='ltr'><strong>viduam,</strong></span> 
     </span>
    </p>
   </div>
   <div class='ocr_carea' id='block_1_58' title="bbox 191 4068 1745 4141">
    <p class='ocr_par' dir='ltr' id='par_1_58' title="bbox 191 4068 1745 4141">
     <span class='ocr_line' id='line_1_58' title="bbox 191 4068 1745 4141; baseline -0.004 -16"><span class='ocrx_word' id='word_1_315' title='bbox 191 4078 290 4126; x_wconf 80' lang='lat' dir='ltr'><strong>aut</strong></span> <span class='ocrx_word' id='word_1_316' title='bbox 314 4071 674 4141; x_wconf 87' lang='lat' dir='ltr'><strong>repudiatam,</strong></span> <span class='ocrx_word' id='word_1_317' title='bbox 701 4078 791 4124; x_wconf 90' lang='lat' dir='ltr'><strong>aut</strong></span> <span class='ocrx_word' id='word_1_318' title='bbox 814 4070 1104 4125; x_wconf 86' lang='lat' dir='ltr'><strong>secundam</strong></span> <span class='ocrx_word' id='word_1_319' title='bbox 1125 4068 1313 4123; x_wconf 88' lang='lat' dir='ltr'><strong>habuit</strong></span> <span class='ocrx_word' id='word_1_320' title='bbox 1341 4083 1589 4123; x_wconf 76' lang='lat' dir='ltr'><strong>uxorem.</strong></span> <span class='ocrx_word' id='word_1_321' title='bbox 1743 4078 1745 4080; x_wconf 83' lang='lat'>&#39;</span> 
     </span>
    </p>
   </div>
   <div class='ocr_carea' id='block_1_59' title="bbox 597 4177 1416 4245">
    <p class='ocr_par' dir='ltr' id='par_1_59' title="bbox 597 4177 1416 4245">
     <span class='ocr_line' id='line_1_59' title="bbox 597 4177 1416 4245; baseline -0.002 -11"><span class='ocrx_word' id='word_1_322' title='bbox 597 4177 780 4234; x_wconf 76' lang='lat' dir='ltr'><strong>Conon</strong></span> <span class='ocrx_word' id='word_1_323' title='bbox 806 4178 1144 4245; x_wconf 74' lang='lat' dir='ltr'><strong>Arelatensis,</strong></span> <span class='ocrx_word' id='word_1_324' title='bbox 1176 4196 1285 4234; x_wconf 78' lang='lat' dir='ltr'><strong>tera</strong></span> <span class='ocrx_word' id='word_1_325' title='bbox 1307 4178 1339 4231; x_wconf 89' lang='lat'><strong>7</strong></span> <span class='ocrx_word' id='word_1_326' title='bbox 1374 4180 1416 4232; x_wconf 74' lang='grc' dir='ltr'>ι.</span> 
     </span>
    </p>
   </div>
   <div class='ocr_carea' id='block_1_60' title="bbox 264 4292 1773 4365">
    <p class='ocr_par' dir='ltr' id='par_1_60' title="bbox 264 4292 1773 4365">
     <span class='ocr_line' id='line_1_60' title="bbox 264 4292 1773 4365; baseline -0.001 -16"><span class='ocrx_word' id='word_1_327' title='bbox 264 4293 323 4349; x_wconf 91' lang='lat' dir='ltr'><strong>Si</strong></span> <span class='ocrx_word' id='word_1_328' title='bbox 347 4295 633 4364; x_wconf 90' lang='lat' dir='ltr'><strong>episcopus</strong></span> <span class='ocrx_word' id='word_1_329' title='bbox 661 4295 884 4350; x_wconf 87' lang='lat' dir='ltr'><strong>alterius</strong></span> <span class='ocrx_word' id='word_1_330' title='bbox 899 4295 1156 4352; x_wconf 89' lang='lat' dir='ltr'><strong>clericum</strong></span> <span class='ocrx_word' id='word_1_331' title='bbox 1178 4294 1294 4350; x_wconf 90' lang='lat' dir='ltr'><strong>sine</strong></span> <span class='ocrx_word' id='word_1_332' title='bbox 1319 4308 1585 4350; x_wconf 89' lang='lat' dir='ltr'><strong>consensu</strong></span> <span class='ocrx_word' id='word_1_333' title='bbox 1609 4292 1773 4365; x_wconf 82' lang='lat' dir='ltr'><strong>[epis-</strong></span> 
     </span>
    </p>
   </div>
   <div class='ocr_carea' id='block_1_61' title="bbox 190 4386 1767 4463">
    <p class='ocr_par' dir='ltr' id='par_1_61' title="bbox 190 4386 1767 4463">
     <span class='ocr_line' id='line_1_61' title="bbox 190 4386 1767 4463; baseline -0.003 -19"><span class='ocrx_word' id='word_1_334' title='bbox 190 4388 324 4463; x_wconf 76' lang='lat' dir='ltr'><strong>tela]</strong></span> <span class='ocrx_word' id='word_1_335' title='bbox 358 4390 441 4444; x_wconf 90' lang='lat' dir='ltr'><strong>sui</strong></span> <span class='ocrx_word' id='word_1_336' title='bbox 471 4390 706 4461; x_wconf 86' lang='lat' dir='ltr'><strong>episcopi</strong></span> <span class='ocrx_word' id='word_1_337' title='bbox 727 4388 938 4458; x_wconf 79' lang='lat' dir='ltr'><strong>(Quwd.</strong></span> <span class='ocrx_word' id='word_1_338' title='bbox 985 4388 1110 4442; x_wconf 83' lang='lat' dir='ltr'><strong>add.</strong></span> <span class='ocrx_word' id='word_1_339' title='bbox 1143 4389 1197 4442; x_wconf 86' lang='lat' dir='ltr'><strong>in</strong></span> <span class='ocrx_word' id='word_1_340' title='bbox 1239 4386 1384 4458; x_wconf 79' lang='lat' dir='ltr'><strong>edd.)</strong></span> <span class='ocrx_word' id='word_1_341' title='bbox 1417 4386 1767 4448; x_wconf 89' lang='lat' dir='ltr'><strong>ordinaverit,</strong></span> 
     </span>
    </p>
   </div>
   <div class='ocr_carea' id='block_1_62' title="bbox 1877 1909 3462 1976">
    <p class='ocr_par' dir='ltr' id='par_1_62' title="bbox 1877 1909 3462 1976">
     <span class='ocr_line' id='line_1_62' title="bbox 1877 1909 3462 1976; baseline 0.006 -14"><span class='ocrx_word' id='word_1_342' title='bbox 1877 1917 1972 1962; x_wconf 84' lang='lat' dir='ltr'><strong>aut</strong></span> <span class='ocrx_word' id='word_1_343' title='bbox 1992 1909 2242 1963; x_wconf 89' lang='lat' dir='ltr'><strong>ebrietati</strong></span> <span class='ocrx_word' id='word_1_344' title='bbox 2259 1910 2523 1976; x_wconf 85' lang='lat' dir='ltr'><strong>serviens,</strong></span> <span class='ocrx_word' id='word_1_345' title='bbox 2541 1921 2630 1966; x_wconf 93' lang='lat' dir='ltr'><strong>aut</strong></span> <span class='ocrx_word' id='word_1_346' title='bbox 2643 1912 2872 1976; x_wconf 89' lang='lat' dir='ltr'><strong>desinat,</strong></span> <span class='ocrx_word' id='word_1_347' title='bbox 2891 1922 2983 1967; x_wconf 88' lang='lat' dir='ltr'><strong>aut</strong></span> <span class='ocrx_word' id='word_1_348' title='bbox 2996 1923 3142 1969; x_wconf 85' lang='lat' dir='ltr'><strong>certe</strong></span> <span class='ocrx_word' id='word_1_349' title='bbox 3159 1917 3462 1972; x_wconf 87' lang='lat' dir='ltr'><strong>damnetur.</strong></span> 
     </span>
    </p>
   </div>
   <div class='ocr_carea' id='block_1_63' title="bbox 2288 1999 3084 2068">
    <p class='ocr_par' dir='ltr' id='par_1_63' title="bbox 2288 1999 3084 2068">
     <span class='ocr_line' id='line_1_63' title="bbox 2288 1999 3084 2068; baseline 0.008 -14"><span class='ocrx_word' id='word_1_350' title='bbox 2288 1999 2467 2055; x_wconf 80' lang='lat' dir='ltr'><strong>Conon</strong></span> <span class='ocrx_word' id='word_1_351' title='bbox 2499 2002 2773 2068; x_wconf 67' lang='lat' dir='ltr'><strong>Nicotaus,</strong></span> <span class='ocrx_word' id='word_1_352' title='bbox 2805 2010 2914 2059; x_wconf 72' lang='lat' dir='ltr'><strong>tera</strong></span> <span class='ocrx_word' id='word_1_353' title='bbox 2945 2005 3007 2060; x_wconf 91' lang='lat' dir='ltr'><strong>l8</strong></span> <span class='ocrx_word' id='word_1_354' title='bbox 3035 2015 3084 2060; x_wconf 75' lang='grc' dir='ltr'>η.</span> 
     </span>
    </p>
   </div>
   <div class='ocr_carea' id='block_1_64' title="bbox 1949 2089 3466 2166">
    <p class='ocr_par' dir='ltr' id='par_1_64' title="bbox 1949 2089 3466 2166">
     <span class='ocr_line' id='line_1_64' title="bbox 1949 2089 3466 2166; baseline 0.003 -20"><span class='ocrx_word' id='word_1_355' title='bbox 1949 2098 1974 2125; x_wconf 84' lang='grc' dir='ltr'>ο</span> <span class='ocrx_word' id='word_1_356' title='bbox 2010 2089 2202 2146; x_wconf 86' lang='lat' dir='ltr'><strong>Clerici</strong></span> <span class='ocrx_word' id='word_1_357' title='bbox 2238 2089 2566 2157; x_wconf 90' lang='lat' dir='ltr'><strong>fenerantes,</strong></span> <span class='ocrx_word' id='word_1_358' title='bbox 2604 2100 2658 2147; x_wconf 91' lang='lat' dir='ltr'><strong>et</strong></span> <span class='ocrx_word' id='word_1_359' title='bbox 2713 2093 2804 2162; x_wconf 90' lang='lat' dir='ltr'><strong>qui</strong></span> <span class='ocrx_word' id='word_1_360' title='bbox 2857 2095 3184 2150; x_wconf 90' lang='lat' dir='ltr'><strong>centesimas</strong></span> <span class='ocrx_word' id='word_1_361' title='bbox 3239 2094 3466 2166; x_wconf 78' lang='lat' dir='ltr'><strong>exigunt</strong></span> 
     </span>
    </p>
   </div>
   <div class='ocr_carea' id='block_1_65' title="bbox 1874 2181 3458 2254">
    <p class='ocr_par' dir='ltr' id='par_1_65' title="bbox 1874 2181 3458 2254">
     <span class='ocr_line' id='line_1_65' title="bbox 1874 2181 3458 2254; baseline 0.003 -19"><span class='ocrx_word' id='word_1_362' title='bbox 1874 2181 1960 2238; x_wconf 88' lang='lat' dir='ltr'><strong>vel</strong></span> <span class='ocrx_word' id='word_1_363' title='bbox 1986 2197 2176 2237; x_wconf 86' lang='lat' dir='ltr'><strong>usuras</strong></span> <span class='ocrx_word' id='word_1_364' title='bbox 2203 2198 2268 2238; x_wconf 79' lang='lat' dir='ltr'><strong>ex</strong></span> <span class='ocrx_word' id='word_1_365' title='bbox 2299 2182 2540 2252; x_wconf 91' lang='lat' dir='ltr'><strong>quolibet</strong></span> <span class='ocrx_word' id='word_1_366' title='bbox 2565 2184 2800 2254; x_wconf 80' lang='lat' dir='ltr'><strong>negotio,</strong></span> <span class='ocrx_word' id='word_1_367' title='bbox 2840 2182 3162 2252; x_wconf 82' lang='lat' dir='ltr'><strong>dejiciantur</strong></span> <span class='ocrx_word' id='word_1_368' title='bbox 3192 2185 3255 2240; x_wconf 89' lang='lat' dir='ltr'><strong>de</strong></span> <span class='ocrx_word' id='word_1_369' title='bbox 3294 2185 3458 2245; x_wconf 88' lang='lat' dir='ltr'><strong>clero.</strong></span> 
     </span>
    </p>
   </div>
   <div class='ocr_carea' id='block_1_66' title="bbox 2205 2272 3146 2343">
    <p class='ocr_par' dir='ltr' id='par_1_66' title="bbox 2205 2272 3146 2343">
     <span class='ocr_line' id='line_1_66' title="bbox 2205 2272 3146 2343; baseline 0.002 -16"><span class='ocrx_word' id='word_1_370' title='bbox 2205 2272 2389 2328; x_wconf 76' lang='lat' dir='ltr'><strong>Cotton</strong></span> <span class='ocrx_word' id='word_1_371' title='bbox 2423 2273 2790 2343; x_wconf 81' lang='lat' dir='ltr'><strong>Apostolorum</strong></span> <span class='ocrx_word' id='word_1_372' title='bbox 2813 2315 2826 2338; x_wconf 92' lang='lat'><strong>,</strong></span> <span class='ocrx_word' id='word_1_373' title='bbox 2868 2292 2996 2328; x_wconf 71' lang='lat' dir='ltr'><strong>(era.</strong></span> <span class='ocrx_word' id='word_1_374' title='bbox 3018 2315 3031 2328; x_wconf 94' lang='lat'><strong>.</strong></span> <span class='ocrx_word' id='word_1_375' title='bbox 3051 2316 3064 2328; x_wconf 90' lang='lat'><strong>.</strong></span> <span class='ocrx_word' id='word_1_376' title='bbox 3102 2287 3146 2329; x_wconf 75' lang='grc' dir='ltr'><strong>ι’.</strong></span> 
     </span>
    </p>
   </div>
   <div class='ocr_carea' id='block_1_67' title="bbox 1947 2364 3460 2435">
    <p class='ocr_par' dir='ltr' id='par_1_67' title="bbox 1947 2364 3460 2435">
     <span class='ocr_line' id='line_1_67' title="bbox 1947 2364 3460 2435; baseline 0.001 -15"><span class='ocrx_word' id='word_1_377' title='bbox 1947 2365 2272 2435; x_wconf 84' lang='lat' dir='ltr'><strong>Episcopus,</strong></span> <span class='ocrx_word' id='word_1_378' title='bbox 2303 2364 2606 2434; x_wconf 77' lang='lat' dir='ltr'><strong>presbyter,</strong></span> <span class='ocrx_word' id='word_1_379' title='bbox 2653 2364 2912 2418; x_wconf 86' lang='lat' dir='ltr'><strong>diaconus</strong></span> <span class='ocrx_word' id='word_1_380' title='bbox 2951 2380 3018 2419; x_wconf 90' lang='lat' dir='ltr'><strong>ne</strong></span> <span class='ocrx_word' id='word_1_381' title='bbox 3071 2382 3307 2435; x_wconf 86' lang='lat' dir='ltr'><strong>unquam</strong></span> <span class='ocrx_word' id='word_1_382' title='bbox 3357 2381 3460 2421; x_wconf 70' lang='lat' dir='ltr'><strong>sa:-</strong></span> 
     </span>
    </p>
   </div>
   <div class='ocr_carea' id='block_1_68' title="bbox 1876 2456 3316 2529">
    <p class='ocr_par' dir='ltr' id='par_1_68' title="bbox 1876 2456 3316 2529">
     <span class='ocr_line' id='line_1_68' title="bbox 1876 2456 3316 2529; baseline -0.001 -16"><span class='ocrx_word' id='word_1_383' title='bbox 1876 2460 2088 2515; x_wconf 88' lang='lat' dir='ltr'><strong>culares</strong></span> <span class='ocrx_word' id='word_1_384' title='bbox 2117 2474 2277 2514; x_wconf 91' lang='lat' dir='ltr'><strong>curas</strong></span> <span class='ocrx_word' id='word_1_385' title='bbox 2301 2465 2600 2513; x_wconf 90' lang='lat' dir='ltr'><strong>assumant.</strong></span> <span class='ocrx_word' id='word_1_386' title='bbox 2628 2456 2721 2511; x_wconf 91' lang='lat' dir='ltr'><strong>Sin</strong></span> <span class='ocrx_word' id='word_1_387' title='bbox 2755 2457 2928 2523; x_wconf 88' lang='lat' dir='ltr'><strong>aliter,</strong></span> <span class='ocrx_word' id='word_1_388' title='bbox 2961 2458 3316 2529; x_wconf 89' lang='lat' dir='ltr'><strong>deponantur.</strong></span> 
     </span>
    </p>
   </div>
   <div class='ocr_carea' id='block_1_69' title="bbox 2126 2548 3212 2621">
    <p class='ocr_par' dir='ltr' id='par_1_69' title="bbox 2126 2548 3212 2621">
     <span class='ocr_line' id='line_1_69' title="bbox 2126 2548 3212 2621; baseline -0.003 -16"><span class='ocrx_word' id='word_1_389' title='bbox 2126 2551 2309 2605; x_wconf 85' lang='lat' dir='ltr'><strong>Cunon</strong></span> <span class='ocrx_word' id='word_1_390' title='bbox 2356 2548 2718 2613; x_wconf 76' lang='lat' dir='ltr'><strong>Cwsarieusis,</strong></span> <span class='ocrx_word' id='word_1_391' title='bbox 2750 2566 2858 2604; x_wconf 74' lang='lat' dir='ltr'><strong>tera</strong></span> <span class='ocrx_word' id='word_1_392' title='bbox 2889 2552 2922 2605; x_wconf 92' lang='lat'>8</span> <span class='ocrx_word' id='word_1_393' title='bbox 2951 2548 3093 2620; x_wconf 68' lang='lat' dir='ltr'><strong>icon.</strong></span> <span class='ocrx_word' id='word_1_394' title='bbox 3135 2548 3212 2621; x_wconf 87' lang='lat'><strong>9].</strong></span> 
     </span>
    </p>
   </div>
   <div class='ocr_carea' id='block_1_70' title="bbox 1947 2639 3459 2712">
    <p class='ocr_par' dir='ltr' id='par_1_70' title="bbox 1947 2639 3459 2712">
     <span class='ocr_line' id='line_1_70' title="bbox 1947 2639 3459 2712; baseline 0.002 -20"><span class='ocrx_word' id='word_1_395' title='bbox 1947 2652 1975 2692; x_wconf 74' lang='grc' dir='ltr'><strong>(ι</strong></span> <span class='ocrx_word' id='word_1_396' title='bbox 2010 2641 2066 2696; x_wconf 90' lang='lat' dir='ltr'><strong>Si</strong></span> <span class='ocrx_word' id='word_1_397' title='bbox 2093 2642 2214 2711; x_wconf 91' lang='lat' dir='ltr'><strong>quis</strong></span> <span class='ocrx_word' id='word_1_398' title='bbox 2235 2641 2521 2712; x_wconf 82' lang='lat' dir='ltr'><strong>presbyter</strong></span> <span class='ocrx_word' id='word_1_399' title='bbox 2543 2639 2825 2696; x_wconf 79' lang='lat' dir='ltr'><strong>confessus</strong></span> <span class='ocrx_word' id='word_1_400' title='bbox 2847 2640 3031 2706; x_wconf 86' lang='lat' dir='ltr'><strong>fuerit,</strong></span> <span class='ocrx_word' id='word_1_401' title='bbox 3055 2641 3197 2710; x_wconf 92' lang='lat' dir='ltr'><strong>quod</strong></span> <span class='ocrx_word' id='word_1_402' title='bbox 3223 2647 3349 2696; x_wconf 90' lang='lat' dir='ltr'><strong>ante</strong></span> <span class='ocrx_word' id='word_1_403' title='bbox 3374 2657 3459 2697; x_wconf 79' lang='lat' dir='ltr'><strong>or-</strong></span> 
     </span>
    </p>
   </div>
   <div class='ocr_carea' id='block_1_71' title="bbox 1878 2732 3461 2802">
    <p class='ocr_par' dir='ltr' id='par_1_71' title="bbox 1878 2732 3461 2802">
     <span class='ocr_line' id='line_1_71' title="bbox 1878 2732 3461 2802; baseline -0.001 -13"><span class='ocrx_word' id='word_1_404' title='bbox 1878 2733 2205 2789; x_wconf 88' lang='lat' dir='ltr'><strong>dinationem</strong></span> <span class='ocrx_word' id='word_1_405' title='bbox 2235 2747 2389 2787; x_wconf 88' lang='lat' dir='ltr'><strong>suam</strong></span> <span class='ocrx_word' id='word_1_406' title='bbox 2439 2732 2703 2801; x_wconf 89' lang='lat' dir='ltr'><strong>corporali</strong></span> <span class='ocrx_word' id='word_1_407' title='bbox 2747 2742 2971 2802; x_wconf 86' lang='lat' dir='ltr'><strong>peccato</strong></span> <span class='ocrx_word' id='word_1_408' title='bbox 3003 2733 3182 2802; x_wconf 88' lang='lat' dir='ltr'><strong>lapsus</strong></span> <span class='ocrx_word' id='word_1_409' title='bbox 3216 2741 3317 2797; x_wconf 90' lang='lat' dir='ltr'><strong>est,</strong></span> <span class='ocrx_word' id='word_1_410' title='bbox 3352 2748 3461 2788; x_wconf 88' lang='lat' dir='ltr'><strong>non</strong></span> 
     </span>
    </p>
   </div>
   <div class='ocr_carea' id='block_1_72' title="bbox 1875 2822 3462 2896">
    <p class='ocr_par' dir='ltr' id='par_1_72' title="bbox 1875 2822 3462 2896">
     <span class='ocr_line' id='line_1_72' title="bbox 1875 2822 3462 2896; baseline 0.003 -20"><span class='ocrx_word' id='word_1_411' title='bbox 1875 2823 2094 2894; x_wconf 87' lang='lat' dir='ltr'><strong>quidem</strong></span> <span class='ocrx_word' id='word_1_412' title='bbox 2137 2822 2349 2886; x_wconf 76' lang='lat' dir='ltr'><strong>offerat,</strong></span> <span class='ocrx_word' id='word_1_413' title='bbox 2377 2831 2593 2876; x_wconf 86' lang='lat' dir='ltr'><strong>maneat</strong></span> <span class='ocrx_word' id='word_1_414' title='bbox 2628 2831 2804 2876; x_wconf 89' lang='lat' dir='ltr'><strong>tamen</strong></span> <span class='ocrx_word' id='word_1_415' title='bbox 2857 2823 2910 2877; x_wconf 90' lang='lat' dir='ltr'><strong>in</strong></span> <span class='ocrx_word' id='word_1_416' title='bbox 2941 2823 3064 2878; x_wconf 90' lang='lat' dir='ltr'><strong>aliis</strong></span> <span class='ocrx_word' id='word_1_417' title='bbox 3109 2823 3298 2879; x_wconf 75' lang='lat' dir='ltr'><strong>oﬂieiis</strong></span> <span class='ocrx_word' id='word_1_418' title='bbox 3332 2838 3462 2896; x_wconf 90' lang='lat' dir='ltr'><strong>pro-</strong></span> 
     </span>
    </p>
   </div>
   <div class='ocr_carea' id='block_1_73' title="bbox 1875 2915 2479 2988">
    <p class='ocr_par' dir='ltr' id='par_1_73' title="bbox 1875 2915 2479 2988">
     <span class='ocr_line' id='line_1_73' title="bbox 1875 2915 2479 2988; baseline -0.002 -18"><span class='ocrx_word' id='word_1_419' title='bbox 1875 2925 1998 2988; x_wconf 90' lang='lat' dir='ltr'><strong>pter</strong></span> <span class='ocrx_word' id='word_1_420' title='bbox 2027 2915 2314 2972; x_wconf 90' lang='lat' dir='ltr'><strong>utilitatem</strong></span> <span class='ocrx_word' id='word_1_421' title='bbox 2345 2916 2479 2986; x_wconf 87' lang='lat' dir='ltr'><strong>ejus.</strong></span> 
     </span>
    </p>
   </div>
   <div class='ocr_carea' id='block_1_74' title="bbox 1911 3031 3426 3114">
    <p class='ocr_par' dir='ltr' id='par_1_74' title="bbox 1911 3031 3426 3114">
     <span class='ocr_line' id='line_1_74' title="bbox 1911 3031 3426 3114; baseline 0.003 -26"><span class='ocrx_word' id='word_1_422' title='bbox 1911 3031 2152 3102; x_wconf 83' lang='lat' dir='ltr'><strong>Epistola</strong></span> <span class='ocrx_word' id='word_1_423' title='bbox 2199 3031 2501 3087; x_wconf 71' lang='lat' dir='ltr'><strong>lformisda:</strong></span> <span class='ocrx_word' id='word_1_424' title='bbox 2557 3049 2709 3114; x_wconf 57' lang='lat' dir='ltr'><strong>pupa?</strong></span> <span class='ocrx_word' id='word_1_425' title='bbox 2758 3052 2852 3104; x_wconf 81' lang='lat' dir='ltr'><strong>per</strong></span> <span class='ocrx_word' id='word_1_426' title='bbox 2897 3036 3166 3090; x_wconf 74' lang='lat' dir='ltr'><strong>universas</strong></span> <span class='ocrx_word' id='word_1_427' title='bbox 3219 3039 3426 3108; x_wconf 80' lang='lat' dir='ltr'><strong>provin-</strong></span> 
     </span>
    </p>
   </div>
   <div class='ocr_carea' id='block_1_75' title="bbox 2561 3115 2764 3158">
    <p class='ocr_par' dir='ltr' id='par_1_75' title="bbox 2561 3115 2764 3158">
     <span class='ocr_line' id='line_1_75' title="bbox 2561 3115 2764 3158; baseline 0.01 -2"><span class='ocrx_word' id='word_1_428' title='bbox 2561 3121 2672 3157; x_wconf 82' lang='lat' dir='ltr'><strong>ctas</strong></span> <span class='ocrx_word' id='word_1_429' title='bbox 2723 3115 2764 3158; x_wconf 75' lang='grc' dir='ltr'>τ.</span> 
     </span>
    </p>
   </div>
   <div class='ocr_carea' id='block_1_76' title="bbox 1945 3192 3458 3267">
    <p class='ocr_par' dir='ltr' id='par_1_76' title="bbox 1945 3192 3458 3267">
     <span class='ocr_line' id='line_1_76' title="bbox 1945 3192 3458 3267; baseline 0.003 -18"><span class='ocrx_word' id='word_1_430' title='bbox 1945 3192 2005 3249; x_wconf 90' lang='lat' dir='ltr'><strong>Si</strong></span> <span class='ocrx_word' id='word_1_431' title='bbox 2035 3205 2056 3232; x_wconf 75' lang='grc'>⁸</span> <span class='ocrx_word' id='word_1_432' title='bbox 2089 3193 2211 3262; x_wconf 91' lang='lat' dir='ltr'><strong>quis</strong></span> <span class='ocrx_word' id='word_1_433' title='bbox 2241 3192 2500 3248; x_wconf 90' lang='lat' dir='ltr'><strong>diaconus</strong></span> <span class='ocrx_word' id='word_1_434' title='bbox 2525 3235 2540 3258; x_wconf 94' lang='lat'><strong>,</strong></span> <span class='ocrx_word' id='word_1_435' title='bbox 2581 3195 2664 3250; x_wconf 91' lang='lat' dir='ltr'><strong>vel</strong></span> <span class='ocrx_word' id='word_1_436' title='bbox 2691 3196 2993 3266; x_wconf 80' lang='lat' dir='ltr'><strong>presbyter,</strong></span> <span class='ocrx_word' id='word_1_437' title='bbox 3020 3205 3142 3267; x_wconf 91' lang='lat' dir='ltr'><strong>post</strong></span> <span class='ocrx_word' id='word_1_438' title='bbox 3179 3207 3458 3266; x_wconf 90' lang='lat' dir='ltr'><strong>acceptam</strong></span> 
     </span>
    </p>
   </div>
   <div class='ocr_carea' id='block_1_77' title="bbox 1875 3284 3460 3344">
    <p class='ocr_par' dir='ltr' id='par_1_77' title="bbox 1875 3284 3460 3344">
     <span class='ocr_line' id='line_1_77' title="bbox 1875 3284 3460 3344; baseline 0.003 -4"><span class='ocrx_word' id='word_1_439' title='bbox 1875 3284 2305 3340; x_wconf 88' lang='lat' dir='ltr'><strong>benedictionem</strong></span> <span class='ocrx_word' id='word_1_440' title='bbox 2331 3285 2599 3338; x_wconf 90' lang='lat' dir='ltr'><strong>leviticam</strong></span> <span class='ocrx_word' id='word_1_441' title='bbox 2623 3301 2743 3339; x_wconf 90' lang='lat' dir='ltr'><strong>cum</strong></span> <span class='ocrx_word' id='word_1_442' title='bbox 2784 3303 2952 3340; x_wconf 75' lang='lat' dir='ltr'><strong>uxore</strong></span> <span class='ocrx_word' id='word_1_443' title='bbox 2993 3302 3090 3340; x_wconf 91' lang='lat' dir='ltr'><strong>sua</strong></span> <span class='ocrx_word' id='word_1_444' title='bbox 3121 3288 3460 3344; x_wconf 85' lang='lat' dir='ltr'><strong>incontinens</strong></span> 
     </span>
    </p>
   </div>
   <div class='ocr_carea' id='block_1_78' title="bbox 1878 3375 3458 3444">
    <p class='ocr_par' dir='ltr' id='par_1_78' title="bbox 1878 3375 3458 3444">
     <span class='ocr_line' id='line_1_78' title="bbox 1878 3375 3458 3444; baseline 0.001 -14"><span class='ocrx_word' id='word_1_445' title='bbox 1878 3377 2171 3441; x_wconf 90' lang='lat' dir='ltr'><strong>invenitur,</strong></span> <span class='ocrx_word' id='word_1_446' title='bbox 2196 3376 2263 3430; x_wconf 91' lang='lat' dir='ltr'><strong>ab</strong></span> <span class='ocrx_word' id='word_1_447' title='bbox 2304 3375 2481 3430; x_wconf 82' lang='lat' dir='ltr'><strong>cilicio</strong></span> <span class='ocrx_word' id='word_1_448' title='bbox 2507 3375 2810 3444; x_wconf 89' lang='lat' dir='ltr'><strong>abjiciatur.</strong></span> <span class='ocrx_word' id='word_1_449' title='bbox 2845 3378 2984 3431; x_wconf 79' lang='lat' dir='ltr'><strong>Ecce</strong></span> <span class='ocrx_word' id='word_1_450' title='bbox 3016 3378 3458 3432; x_wconf 87' lang='lat' dir='ltr'><strong>manifestissime</strong></span> 
     </span>
    </p>
   </div>
   <div class='ocr_carea' id='block_1_79' title="bbox 1877 3467 3455 3538">
    <p class='ocr_par' dir='ltr' id='par_1_79' title="bbox 1877 3467 3455 3538">
     <span class='ocr_line' id='line_1_79' title="bbox 1877 3467 3455 3538; baseline 0 -14"><span class='ocrx_word' id='word_1_451' title='bbox 1877 3477 2091 3525; x_wconf 84' lang='lat' dir='ltr'><strong>constat</strong></span> <span class='ocrx_word' id='word_1_452' title='bbox 2111 3467 2250 3538; x_wconf 87' lang='lat' dir='ltr'><strong>quod</strong></span> <span class='ocrx_word' id='word_1_453' title='bbox 2278 3469 2570 3523; x_wconf 88' lang='lat' dir='ltr'><strong>secundum</strong></span> <span class='ocrx_word' id='word_1_454' title='bbox 2600 3473 2616 3505; x_wconf 70' lang='grc' dir='ltr'>ί</span> <span class='ocrx_word' id='word_1_455' title='bbox 2649 3469 2831 3522; x_wconf 89' lang='lat' dir='ltr'><strong>titulos</strong></span> <span class='ocrx_word' id='word_1_456' title='bbox 2857 3469 3199 3538; x_wconf 86' lang='lat' dir='ltr'><strong>antiquorum</strong></span> <span class='ocrx_word' id='word_1_457' title='bbox 3237 3469 3455 3524; x_wconf 81' lang='lat' dir='ltr'><strong>Patrum</strong></span> 
     </span>
    </p>
   </div>
   <div class='ocr_carea' id='block_1_80' title="bbox 1878 3558 3454 3630">
    <p class='ocr_par' dir='ltr' id='par_1_80' title="bbox 1878 3558 3454 3630">
     <span class='ocr_line' id='line_1_80' title="bbox 1878 3558 3454 3630; baseline 0.001 -17"><span class='ocrx_word' id='word_1_458' title='bbox 1878 3559 2086 3630; x_wconf 81' lang='lat' dir='ltr'><strong>[sancto</strong></span> <span class='ocrx_word' id='word_1_459' title='bbox 2135 3558 2338 3627; x_wconf 88' lang='lat' dir='ltr'><strong>Spiritu</strong></span> <span class='ocrx_word' id='word_1_460' title='bbox 2392 3567 2711 3628; x_wconf 76' lang='lat' dir='ltr'><strong>suggerente</strong></span> <span class='ocrx_word' id='word_1_461' title='bbox 2765 3558 3132 3630; x_wconf 87' lang='lat' dir='ltr'><strong>conscriptos]</strong></span> <span class='ocrx_word' id='word_1_462' title='bbox 3183 3575 3213 3614; x_wconf 90' lang='lat' dir='ltr'><strong>a</strong></span> <span class='ocrx_word' id='word_1_463' title='bbox 3265 3568 3454 3614; x_wconf 89' lang='lat' dir='ltr'><strong>saneto</strong></span> 
     </span>
    </p>
   </div>
   <div class='ocr_carea' id='block_1_81' title="bbox 1875 3648 3452 3719">
    <p class='ocr_par' dir='ltr' id='par_1_81' title="bbox 1875 3648 3452 3719">
     <span class='ocr_line' id='line_1_81' title="bbox 1875 3648 3452 3719; baseline 0 -17"><span class='ocrx_word' id='word_1_464' title='bbox 1875 3648 2080 3703; x_wconf 84' lang='lat' dir='ltr'><strong>Joanne</strong></span> <span class='ocrx_word' id='word_1_465' title='bbox 2131 3663 2267 3718; x_wconf 86' lang='lat' dir='ltr'><strong>papa</strong></span> <span class='ocrx_word' id='word_1_466' title='bbox 2317 3649 2683 3710; x_wconf 87' lang='lat' dir='ltr'><strong>transmissos,</strong></span> <span class='ocrx_word' id='word_1_467' title='bbox 2736 3656 2790 3702; x_wconf 91' lang='lat' dir='ltr'><strong>et</strong></span> <span class='ocrx_word' id='word_1_468' title='bbox 2819 3664 3047 3703; x_wconf 79' lang='lat' dir='ltr'><strong>cccxvm</strong></span> <span class='ocrx_word' id='word_1_469' title='bbox 3077 3649 3452 3719; x_wconf 86' lang='lat' dir='ltr'><strong>episcoporum</strong></span> 
     </span>
    </p>
   </div>
   <div class='ocr_carea' id='block_1_82' title="bbox 1876 3739 3452 3806">
    <p class='ocr_par' dir='ltr' id='par_1_82' title="bbox 1876 3739 3452 3806">
     <span class='ocr_line' id='line_1_82' title="bbox 1876 3739 3452 3806; baseline 0.001 -12"><span class='ocrx_word' id='word_1_470' title='bbox 1876 3741 2172 3795; x_wconf 89' lang='lat' dir='ltr'><strong>sententias</strong></span> <span class='ocrx_word' id='word_1_471' title='bbox 2242 3755 2474 3794; x_wconf 89' lang='lat' dir='ltr'><strong>canones</strong></span> <span class='ocrx_word' id='word_1_472' title='bbox 2531 3739 2794 3795; x_wconf 82' lang='lat' dir='ltr'><strong>Gallicani</strong></span> <span class='ocrx_word' id='word_1_473' title='bbox 2849 3740 3128 3795; x_wconf 89' lang='lat' dir='ltr'><strong>continere</strong></span> <span class='ocrx_word' id='word_1_474' title='bbox 3183 3741 3452 3806; x_wconf 87' lang='lat' dir='ltr'><strong>videntur,</strong></span> 
     </span>
    </p>
   </div>
   <div class='ocr_carea' id='block_1_83' title="bbox 1875 3832 3450 3905">
    <p class='ocr_par' dir='ltr' id='par_1_83' title="bbox 1875 3832 3450 3905">
     <span class='ocr_line' id='line_1_83' title="bbox 1875 3832 3450 3905; baseline -0.001 -17"><span class='ocrx_word' id='word_1_475' title='bbox 1875 3835 2018 3905; x_wconf 89' lang='lat' dir='ltr'><strong>quod</strong></span> <span class='ocrx_word' id='word_1_476' title='bbox 2070 3832 2248 3887; x_wconf 81' lang='lat' dir='ltr'><strong>(lcrici</strong></span> <span class='ocrx_word' id='word_1_477' title='bbox 2299 3833 2352 3886; x_wconf 90' lang='lat' dir='ltr'><strong>in</strong></span> <span class='ocrx_word' id='word_1_478' title='bbox 2405 3832 2726 3887; x_wconf 89' lang='lat' dir='ltr'><strong>adulterium</strong></span> <span class='ocrx_word' id='word_1_479' title='bbox 2756 3833 3107 3903; x_wconf 84' lang='lat' dir='ltr'><strong>deprehensi,</strong></span> <span class='ocrx_word' id='word_1_480' title='bbox 3145 3842 3200 3888; x_wconf 92' lang='lat' dir='ltr'><strong>et</strong></span> <span class='ocrx_word' id='word_1_481' title='bbox 3227 3842 3320 3887; x_wconf 88' lang='lat' dir='ltr'><strong>aut</strong></span> <span class='ocrx_word' id='word_1_482' title='bbox 3349 3833 3450 3902; x_wconf 87' lang='lat' dir='ltr'><strong>ipsi</strong></span> 
     </span>
    </p>
   </div>
   <div class='ocr_carea' id='block_1_84' title="bbox 1875 3925 3452 3984">
    <p class='ocr_par' dir='ltr' id='par_1_84' title="bbox 1875 3925 3452 3984">
     <span class='ocr_line' id='line_1_84' title="bbox 1875 3925 3452 3984; baseline 0.001 -3"><span class='ocrx_word' id='word_1_483' title='bbox 1875 3925 2128 3984; x_wconf 85' lang='lat' dir='ltr'><strong>confessi.</strong></span> <span class='ocrx_word' id='word_1_484' title='bbox 2158 3935 2249 3980; x_wconf 90' lang='lat' dir='ltr'><strong>aut</strong></span> <span class='ocrx_word' id='word_1_485' title='bbox 2277 3926 2342 3979; x_wconf 90' lang='lat' dir='ltr'><strong>ab</strong></span> <span class='ocrx_word' id='word_1_486' title='bbox 2395 3925 2516 3980; x_wconf 90' lang='lat' dir='ltr'><strong>aliis</strong></span> <span class='ocrx_word' id='word_1_487' title='bbox 2550 3925 2735 3980; x_wconf 89' lang='lat' dir='ltr'><strong>revicti</strong></span> <span class='ocrx_word' id='word_1_488' title='bbox 2761 3927 2827 3979; x_wconf 90' lang='lat' dir='ltr'><strong>ad</strong></span> <span class='ocrx_word' id='word_1_489' title='bbox 2849 3926 3108 3982; x_wconf 89' lang='lat' dir='ltr'><strong>honorem</strong></span> <span class='ocrx_word' id='word_1_490' title='bbox 3141 3926 3316 3982; x_wconf 89' lang='lat' dir='ltr'><strong>redire</strong></span> <span class='ocrx_word' id='word_1_491' title='bbox 3343 3943 3452 3982; x_wconf 90' lang='lat' dir='ltr'><strong>non</strong></span> 
     </span>
    </p>
   </div>
   <div class='ocr_carea' id='block_1_85' title="bbox 1874 4018 3453 4093">
    <p class='ocr_par' dir='ltr' id='par_1_85' title="bbox 1874 4018 3453 4093">
     <span class='ocr_line' id='line_1_85' title="bbox 1874 4018 3453 4093; baseline -0.001 -16"><span class='ocrx_word' id='word_1_492' title='bbox 1874 4030 2118 4093; x_wconf 89' lang='lat' dir='ltr'><strong>possunt.</strong></span> <span class='ocrx_word' id='word_1_493' title='bbox 2139 4018 2339 4090; x_wconf 83' lang='lat' dir='ltr'><strong>thuia</strong></span> <span class='ocrx_word' id='word_1_494' title='bbox 2360 4020 2590 4074; x_wconf 85' lang='lat' dir='ltr'><strong>fortasse</strong></span> <span class='ocrx_word' id='word_1_495' title='bbox 2605 4035 2708 4074; x_wconf 89' lang='lat' dir='ltr'><strong>non</strong></span> <span class='ocrx_word' id='word_1_496' title='bbox 2731 4019 2944 4084; x_wconf 87' lang='lat' dir='ltr'><strong>desunt,</strong></span> <span class='ocrx_word' id='word_1_497' title='bbox 2962 4020 3158 4089; x_wconf 91' lang='lat' dir='ltr'><strong>quibus</strong></span> <span class='ocrx_word' id='word_1_498' title='bbox 3173 4036 3271 4090; x_wconf 90' lang='lat' dir='ltr'><strong>pro</strong></span> <span class='ocrx_word' id='word_1_499' title='bbox 3287 4019 3453 4076; x_wconf 90' lang='lat' dir='ltr'><strong>nimia</strong></span> 
     </span>
    </p>
   </div>
   <div class='ocr_carea' id='block_1_86' title="bbox 1875 4107 3453 4185">
    <p class='ocr_par' dir='ltr' id='par_1_86' title="bbox 1875 4107 3453 4185">
     <span class='ocr_line' id='line_1_86' title="bbox 1875 4107 3453 4185; baseline -0.001 -19"><span class='ocrx_word' id='word_1_500' title='bbox 1875 4113 2076 4185; x_wconf 88' lang='lat' dir='ltr'><strong>pietate</strong></span> <span class='ocrx_word' id='word_1_501' title='bbox 2089 4125 2248 4181; x_wconf 90' lang='lat' dir='ltr'><strong>supra</strong></span> <span class='ocrx_word' id='word_1_502' title='bbox 2265 4111 2490 4180; x_wconf 89' lang='lat' dir='ltr'><strong>scripta,</strong></span> <span class='ocrx_word' id='word_1_503' title='bbox 2506 4119 2819 4165; x_wconf 89' lang='lat' dir='ltr'><strong>sanctorum</strong></span> <span class='ocrx_word' id='word_1_504' title='bbox 2832 4108 3053 4164; x_wconf 84' lang='lat' dir='ltr'><strong>Patrum</strong></span> <span class='ocrx_word' id='word_1_505' title='bbox 3081 4109 3341 4163; x_wconf 89' lang='lat' dir='ltr'><strong>severitas</strong></span> <span class='ocrx_word' id='word_1_506' title='bbox 3357 4107 3453 4164; x_wconf 86' lang='lat' dir='ltr'><strong>mi-</strong></span> 
     </span>
    </p>
   </div>
   <div class='ocr_carea' id='block_1_87' title="bbox 1875 4202 3452 4274">
    <p class='ocr_par' dir='ltr' id='par_1_87' title="bbox 1875 4202 3452 4274">
     <span class='ocr_line' id='line_1_87' title="bbox 1875 4202 3452 4274; baseline -0.003 -14"><span class='ocrx_word' id='word_1_507' title='bbox 1875 4206 2020 4260; x_wconf 91' lang='lat' dir='ltr'><strong>nime</strong></span> <span class='ocrx_word' id='word_1_508' title='bbox 2044 4203 2272 4274; x_wconf 89' lang='lat' dir='ltr'><strong>placeat,</strong></span> <span class='ocrx_word' id='word_1_509' title='bbox 2303 4203 2478 4258; x_wconf 88' lang='lat' dir='ltr'><strong>sciant</strong></span> <span class='ocrx_word' id='word_1_510' title='bbox 2505 4219 2562 4258; x_wconf 91' lang='lat' dir='ltr'><strong>se</strong></span> <span class='ocrx_word' id='word_1_511' title='bbox 2587 4211 2640 4256; x_wconf 89' lang='lat' dir='ltr'><strong>et</strong></span> <span class='ocrx_word' id='word_1_512' title='bbox 2665 4217 2891 4258; x_wconf 79' lang='lat' dir='ltr'><strong>cccxvut</strong></span> <span class='ocrx_word' id='word_1_513' title='bbox 2931 4202 3303 4271; x_wconf 84' lang='lat' dir='ltr'><strong>episcoporum</strong></span> <span class='ocrx_word' id='word_1_514' title='bbox 3331 4213 3377 4266; x_wconf 81' lang='grc' dir='ltr'><strong>ιι,</strong></span> <span class='ocrx_word' id='word_1_515' title='bbox 3397 4208 3452 4256; x_wconf 92' lang='lat' dir='ltr'><strong>et</strong></span> 
     </span>
    </p>
   </div>
   <div class='ocr_carea' id='block_1_88' title="bbox 1875 4290 3447 4367">
    <p class='ocr_par' dir='ltr' id='par_1_88' title="bbox 1875 4290 3447 4367">
     <span class='ocr_line' id='line_1_88' title="bbox 1875 4290 3447 4367; baseline -0.004 -17"><span class='ocrx_word' id='word_1_516' title='bbox 1875 4296 1969 4367; x_wconf 91' lang='lat' dir='ltr'><strong>qui</strong></span> <span class='ocrx_word' id='word_1_517' title='bbox 2010 4296 2248 4366; x_wconf 90' lang='lat' dir='ltr'><strong>reliquos</strong></span> <span class='ocrx_word' id='word_1_518' title='bbox 2277 4309 2515 4350; x_wconf 89' lang='lat' dir='ltr'><strong>canones</strong></span> <span class='ocrx_word' id='word_1_519' title='bbox 2558 4292 2972 4356; x_wconf 88' lang='lat' dir='ltr'><strong>constituerunt,</strong></span> <span class='ocrx_word' id='word_1_520' title='bbox 2999 4290 3080 4343; x_wconf 87' lang='lat' dir='ltr'><strong>vel</strong></span> <span class='ocrx_word' id='word_1_521' title='bbox 3121 4299 3447 4356; x_wconf 87' lang='lat' dir='ltr'><strong>statuerunt,</strong></span> 
     </span>
    </p>
   </div>
   <div class='ocr_carea' id='block_1_89' title="bbox 1876 4377 3449 4454">
    <p class='ocr_par' dir='ltr' id='par_1_89' title="bbox 1876 4377 3449 4454">
     <span class='ocr_line' id='line_1_89' title="bbox 1876 4377 3449 4454; baseline -0.006 -12"><span class='ocrx_word' id='word_1_522' title='bbox 1876 4387 2171 4442; x_wconf 89' lang='lat' dir='ltr'><strong>sententias</strong></span> <span class='ocrx_word' id='word_1_523' title='bbox 2215 4383 2607 4454; x_wconf 77' lang='lat' dir='ltr'><strong>reprehendere</strong></span> <span class='ocrx_word' id='word_1_524' title='bbox 2649 4381 2732 4436; x_wconf 89' lang='lat' dir='ltr'><strong>vel</strong></span> <span class='ocrx_word' id='word_1_525' title='bbox 2763 4381 3035 4435; x_wconf 87' lang='lat' dir='ltr'><strong>damnare.</strong></span> <span class='ocrx_word' id='word_1_526' title='bbox 3079 4378 3185 4433; x_wconf 91' lang='lat' dir='ltr'><strong>Sed</strong></span> <span class='ocrx_word' id='word_1_527' title='bbox 3218 4377 3449 4434; x_wconf 86' lang='lat' dir='ltr'><strong>fortasse</strong></span> 
     </span>
    </p>
   </div>
   <div class='ocr_carea' id='block_1_90' title="bbox 189 4468 3446 4553">
    <p class='ocr_par' dir='ltr' id='par_1_90' title="bbox 189 4468 3446 4553">
     <span class='ocr_line' id='line_1_90' title="bbox 189 4468 3446 4553; baseline -0.005 -15"><span class='ocrx_word' id='word_1_528' title='bbox 189 4485 474 4538; x_wconf 87' lang='lat' dir='ltr'><strong>ordinatus</strong></span> <span class='ocrx_word' id='word_1_529' title='bbox 513 4485 812 4553; x_wconf 88' lang='lat' dir='ltr'><strong>deponatur</strong></span> <span class='ocrx_word' id='word_1_530' title='bbox 831 4524 846 4548; x_wconf 97' lang='lat'><strong>,</strong></span> <span class='ocrx_word' id='word_1_531' title='bbox 880 4492 935 4538; x_wconf 89' lang='lat' dir='ltr'><strong>et</strong></span> <span class='ocrx_word' id='word_1_532' title='bbox 975 4482 1252 4538; x_wconf 89' lang='lat' dir='ltr'><strong>ordinator</strong></span> <span class='ocrx_word' id='word_1_533' title='bbox 1278 4480 1450 4536; x_wconf 89' lang='lat' dir='ltr'><strong>tribus</strong></span> <span class='ocrx_word' id='word_1_534' title='bbox 1499 4479 1772 4534; x_wconf 88' lang='lat' dir='ltr'><strong>mensibus</strong></span> <span class='ocrx_word' id='word_1_535' title='bbox 1801 4475 1851 4537; x_wconf 82' lang='grc' dir='ltr'>υ</span> <span class='ocrx_word' id='word_1_536' title='bbox 1877 4477 2050 4548; x_wconf 90' lang='lat' dir='ltr'><strong>major</strong></span> <span class='ocrx_word' id='word_1_537' title='bbox 2079 4486 2164 4532; x_wconf 88' lang='lat' dir='ltr'><strong>est</strong></span> <span class='ocrx_word' id='word_1_538' title='bbox 2190 4478 2245 4532; x_wconf 91' lang='lat' dir='ltr'><strong>in</strong></span> <span class='ocrx_word' id='word_1_539' title='bbox 2277 4476 2380 4532; x_wconf 88' lang='lat' dir='ltr'><strong>illis</strong></span> <span class='ocrx_word' id='word_1_540' title='bbox 2405 4477 2580 4546; x_wconf 86' lang='lat' dir='ltr'><strong>pietas</strong></span> <span class='ocrx_word' id='word_1_541' title='bbox 2595 4487 2756 4544; x_wconf 91' lang='lat' dir='ltr'><strong>quam</strong></span> <span class='ocrx_word' id='word_1_542' title='bbox 2784 4473 2836 4526; x_wconf 92' lang='lat' dir='ltr'><strong>in</strong></span> <span class='ocrx_word' id='word_1_543' title='bbox 2867 4468 3189 4539; x_wconf 88' lang='lat' dir='ltr'><strong>supradictis</strong></span> <span class='ocrx_word' id='word_1_544' title='bbox 3215 4483 3446 4523; x_wconf 76' lang='lat' dir='ltr'><strong>cccxvnt</strong></span> 
     </span>
    </p>
   </div>
   <div class='ocr_carea' id='block_1_91' title="bbox 187 4575 856 4645">
    <p class='ocr_par' dir='ltr' id='par_1_91' title="bbox 187 4575 856 4645">
     <span class='ocr_line' id='line_1_91' title="bbox 187 4575 856 4645; baseline -0.001 -16"><span class='ocrx_word' id='word_1_545' title='bbox 187 4575 572 4630; x_wconf 88' lang='lat' dir='ltr'><strong>communione</strong></span> <span class='ocrx_word' id='word_1_546' title='bbox 595 4575 856 4645; x_wconf 89' lang='lat' dir='ltr'><strong>privetur.</strong></span> 
     </span>
    </p>
   </div>
   <div class='ocr_carea' id='block_1_92' title="bbox 263 4701 1770 4761">
    <p class='ocr_par' dir='ltr' id='par_1_92' title="bbox 263 4701 1770 4761">
     <span class='ocr_line' id='line_1_92' title="bbox 263 4701 1770 4761; baseline 0.001 -3"><span class='ocrx_word' id='word_1_547' title='bbox 263 4717 288 4744; x_wconf 78' lang='grc' dir='ltr'>ιι</span> <span class='ocrx_word' id='word_1_548' title='bbox 345 4703 480 4758; x_wconf 86' lang='lat' dir='ltr'><strong>Edd.</strong></span> <span class='ocrx_word' id='word_1_549' title='bbox 515 4719 531 4758; x_wconf 86' lang='lat'><strong>:</strong></span> <span class='ocrx_word' id='word_1_550' title='bbox 563 4724 582 4757; x_wconf 73' lang='grc' dir='ltr'>ι</span> <span class='ocrx_word' id='word_1_551' title='bbox 621 4705 676 4760; x_wconf 88' lang='lat' dir='ltr'><strong>in</strong></span> <span class='ocrx_word' id='word_1_552' title='bbox 706 4707 967 4761; x_wconf 83' lang='lat' dir='ltr'><strong>diceceses</strong></span> <span class='ocrx_word' id='word_1_553' title='bbox 996 4703 1197 4759; x_wconf 85' lang='lat' dir='ltr'><strong>alienas</strong></span> <span class='ocrx_word' id='word_1_554' title='bbox 1217 4704 1283 4758; x_wconf 91' lang='lat' dir='ltr'><strong>ad</strong></span> <span class='ocrx_word' id='word_1_555' title='bbox 1309 4702 1516 4758; x_wconf 87' lang='lat' dir='ltr'><strong>alienos</strong></span> <span class='ocrx_word' id='word_1_556' title='bbox 1544 4701 1770 4759; x_wconf 88' lang='lat' dir='ltr'><strong>clericos</strong></span> 
     </span>
    </p>
   </div>
   <div class='ocr_carea' id='block_1_93' title="bbox 180 4773 1772 4840">
    <p class='ocr_par' dir='ltr' id='par_1_93' title="bbox 180 4773 1772 4840">
     <span class='ocr_line' id='line_1_93' title="bbox 180 4773 1772 4840; baseline 0.001 -13"><span class='ocrx_word' id='word_1_557' title='bbox 180 4774 542 4840; x_wconf 84' lang='lat' dir='ltr'><strong>ordinandos,</strong></span> <span class='ocrx_word' id='word_1_558' title='bbox 569 4777 653 4830; x_wconf 86' lang='lat' dir='ltr'><strong>vel</strong></span> <span class='ocrx_word' id='word_1_559' title='bbox 694 4774 1056 4832; x_wconf 88' lang='lat' dir='ltr'><strong>consecranda</strong></span> <span class='ocrx_word' id='word_1_560' title='bbox 1100 4774 1292 4828; x_wconf 87' lang='lat' dir='ltr'><strong>altaria</strong></span> <span class='ocrx_word' id='word_1_561' title='bbox 1315 4773 1523 4830; x_wconf 89' lang='lat' dir='ltr'><strong>irruere</strong></span> <span class='ocrx_word' id='word_1_562' title='bbox 1550 4789 1656 4829; x_wconf 90' lang='lat' dir='ltr'><strong>non</strong></span> <span class='ocrx_word' id='word_1_563' title='bbox 1683 4773 1772 4829; x_wconf 83' lang='lat' dir='ltr'><strong>de-</strong></span> 
     </span>
    </p>
   </div>
   <div class='ocr_carea' id='block_1_94' title="bbox 181 4843 1426 4912">
    <p class='ocr_par' dir='ltr' id='par_1_94' title="bbox 181 4843 1426 4912">
     <span class='ocr_line' id='line_1_94' title="bbox 181 4843 1426 4912; baseline -0.002 -11"><span class='ocrx_word' id='word_1_564' title='bbox 181 4843 286 4901; x_wconf 85' lang='lat' dir='ltr'><strong>bet</strong></span> <span class='ocrx_word' id='word_1_565' title='bbox 316 4863 329 4898; x_wconf 93' lang='lat'>:</span> <span class='ocrx_word' id='word_1_566' title='bbox 362 4846 505 4912; x_wconf 89' lang='lat' dir='ltr'><strong>quod</strong></span> <span class='ocrx_word' id='word_1_567' title='bbox 534 4846 579 4900; x_wconf 90' lang='lat' dir='ltr'><strong>si</strong></span> <span class='ocrx_word' id='word_1_568' title='bbox 604 4846 810 4901; x_wconf 87' lang='lat' dir='ltr'><strong>fecerit.</strong></span> <span class='ocrx_word' id='word_1_569' title='bbox 846 4867 863 4898; x_wconf 77' lang='grc' dir='ltr'><strong>ι</strong></span> <span class='ocrx_word' id='word_1_570' title='bbox 894 4845 1100 4900; x_wconf 71' lang='lat' dir='ltr'><strong>Czetera</strong></span> <span class='ocrx_word' id='word_1_571' title='bbox 1123 4854 1184 4898; x_wconf 94' lang='lat' dir='ltr'><strong>ut</strong></span> <span class='ocrx_word' id='word_1_572' title='bbox 1219 4843 1274 4897; x_wconf 90' lang='lat' dir='ltr'><strong>in</strong></span> <span class='ocrx_word' id='word_1_573' title='bbox 1303 4844 1426 4898; x_wconf 93' lang='lat' dir='ltr'><strong>coll.</strong></span> 
     </span>
    </p>
   </div>
   <div class='ocr_carea' id='block_1_95' title="bbox 264 4913 1426 4988">
    <p class='ocr_par' dir='ltr' id='par_1_95' title="bbox 264 4913 1426 4988">
     <span class='ocr_line' id='line_1_95' title="bbox 264 4913 1426 4988; baseline -0.002 -20"><span class='ocrx_word' id='word_1_574' title='bbox 264 4915 293 4954; x_wconf 70' lang='grc' dir='ltr'>δ</span> <span class='ocrx_word' id='word_1_575' title='bbox 348 4913 530 4988; x_wconf 66' lang='lat' dir='ltr'><strong>[’risca</strong></span> <span class='ocrx_word' id='word_1_576' title='bbox 556 4917 758 4988; x_wconf 85' lang='lat' dir='ltr'><strong>interp.</strong></span> <span class='ocrx_word' id='word_1_577' title='bbox 783 4932 882 4971; x_wconf 89' lang='lat' dir='ltr'><strong>nec</strong></span> <span class='ocrx_word' id='word_1_578' title='bbox 909 4917 1131 4988; x_wconf 77' lang='lat' dir='ltr'><strong>Dionys.</strong></span> <span class='ocrx_word' id='word_1_579' title='bbox 1175 4913 1426 4988; x_wconf 81' lang='lat' dir='ltr'><strong>nec_lsi_d.</strong></span> 
     </span>
    </p>
   </div>
   <div class='ocr_carea' id='block_1_96' title="bbox 261 4983 1400 5070">
    <p class='ocr_par' dir='ltr' id='par_1_96' title="bbox 261 4983 1400 5070">
     <span class='ocr_line' id='line_1_96' title="bbox 261 4983 1400 5070; baseline 0 -34"><span class='ocrx_word' id='word_1_580' title='bbox 261 4995 286 5070; x_wconf 67' lang='grc' dir='ltr'><strong>ξ</strong></span> <span class='ocrx_word' id='word_1_581' title='bbox 310 4983 1132 5070; x_wconf 36' lang='lat' dir='ltr'><strong>&quot;Prisca&#39;interp..nec.Dionis:</strong></span> <span class='ocrx_word' id='word_1_582' title='bbox 1149 4999 1250 5070; x_wconf 74' lang='lat' dir='ltr'><strong>nec</strong></span> <span class='ocrx_word' id='word_1_583' title='bbox 1276 4983 1400 5070; x_wconf 50' lang='lat' dir='ltr'><strong>lsnid.</strong></span> 
     </span>
    </p>
   </div>
   <div class='ocr_carea' id='block_1_97' title="bbox 258 5052 1768 5112">
    <p class='ocr_par' dir='ltr' id='par_1_97' title="bbox 258 5052 1768 5112">
     <span class='ocr_line' id='line_1_97' title="bbox 258 5052 1768 5112; baseline 0.001 -3"><span class='ocrx_word' id='word_1_584' title='bbox 258 5054 286 5094; x_wconf 72' lang='grc' dir='ltr'><em>δ</em></span> <span class='ocrx_word' id='word_1_585' title='bbox 307 5053 476 5111; x_wconf 86' lang='lat' dir='ltr'><strong>Cone.</strong></span> <span class='ocrx_word' id='word_1_586' title='bbox 504 5052 771 5112; x_wconf 81' lang='lat' dir='ltr'><strong>Valentini</strong></span> <span class='ocrx_word' id='word_1_587' title='bbox 793 5074 841 5112; x_wconf 91' lang='lat' dir='ltr'><strong>c.</strong></span> <span class='ocrx_word' id='word_1_588' title='bbox 869 5056 921 5110; x_wconf 73' lang='grc'>4.</span> <span class='ocrx_word' id='word_1_589' title='bbox 950 5052 1068 5111; x_wconf 69' lang='grc' dir='ltr'><strong>νίἆ.</strong></span> <span class='ocrx_word' id='word_1_590' title='bbox 1096 5054 1278 5109; x_wconf 91' lang='lat' dir='ltr'><strong>titulos</strong></span> <span class='ocrx_word' id='word_1_591' title='bbox 1301 5052 1578 5110; x_wconf 77' lang='lat' dir='ltr'><strong>Canopum</strong></span> <span class='ocrx_word' id='word_1_592' title='bbox 1602 5052 1768 5110; x_wconf 87' lang='lat' dir='ltr'><strong>Calli-</strong></span> 
     </span>
    </p>
   </div>
   <div class='ocr_carea' id='block_1_98' title="bbox 181 5125 1210 5195">
    <p class='ocr_par' dir='ltr' id='par_1_98' title="bbox 181 5125 1210 5195">
     <span class='ocr_line' id='line_1_98' title="bbox 181 5125 1210 5195; baseline -0.003 -15"><span class='ocrx_word' id='word_1_593' title='bbox 181 5141 452 5180; x_wconf 84' lang='lat' dir='ltr'><strong>canorum</strong></span> <span class='ocrx_word' id='word_1_594' title='bbox 490 5141 576 5195; x_wconf 91' lang='lat' dir='ltr'><strong>ep.</strong></span> <span class='ocrx_word' id='word_1_595' title='bbox 606 5125 830 5182; x_wconf 82' lang='lat' dir='ltr'><strong>Joannis</strong></span> <span class='ocrx_word' id='word_1_596' title='bbox 855 5143 895 5181; x_wconf 91' lang='grc' dir='ltr'>ιι</span> <span class='ocrx_word' id='word_1_597' title='bbox 921 5126 1210 5195; x_wconf 86' lang='lat' dir='ltr'><strong>subjectos.</strong></span> 
     </span>
    </p>
   </div>
   <div class='ocr_carea' id='block_1_99' title="bbox 264 5192 1762 5263">
    <p class='ocr_par' dir='ltr' id='par_1_99' title="bbox 264 5192 1762 5263">
     <span class='ocr_line' id='line_1_99' title="bbox 264 5192 1762 5263; baseline -0.001 -13"><span class='ocrx_word' id='word_1_598' title='bbox 264 5209 288 5234; x_wconf 77' lang='grc' dir='ltr'><strong>ο</strong></span> <span class='ocrx_word' id='word_1_599' title='bbox 313 5195 480 5250; x_wconf 89' lang='lat' dir='ltr'><strong>Cone.</strong></span> <span class='ocrx_word' id='word_1_600' title='bbox 511 5192 697 5252; x_wconf 86' lang='lat' dir='ltr'><strong>Carth.</strong></span> <span class='ocrx_word' id='word_1_601' title='bbox 723 5198 938 5252; x_wconf 91' lang='lat' dir='ltr'><strong>nomine</strong></span> <span class='ocrx_word' id='word_1_602' title='bbox 960 5192 1035 5260; x_wconf 71' lang='lat' dir='ltr'><strong>Iv,</strong></span> <span class='ocrx_word' id='word_1_603' title='bbox 1057 5213 1106 5250; x_wconf 91' lang='lat' dir='ltr'><strong>c.</strong></span> <span class='ocrx_word' id='word_1_604' title='bbox 1131 5194 1222 5258; x_wconf 82' lang='lat'><strong>57,</strong></span> <span class='ocrx_word' id='word_1_605' title='bbox 1251 5208 1342 5251; x_wconf 88' lang='lat' dir='ltr'><strong>seu</strong></span> <span class='ocrx_word' id='word_1_606' title='bbox 1370 5193 1548 5263; x_wconf 91' lang='lat' dir='ltr'><strong>potius</strong></span> <span class='ocrx_word' id='word_1_607' title='bbox 1565 5192 1762 5249; x_wconf 90' lang='lat' dir='ltr'><strong>Statut.</strong></span> 
     </span>
    </p>
   </div>
   <div class='ocr_carea' id='block_1_100' title="bbox 180 5263 1218 5334">
    <p class='ocr_par' dir='ltr' id='par_1_100' title="bbox 180 5263 1218 5334">
     <span class='ocr_line' id='line_1_100' title="bbox 180 5263 1218 5334; baseline -0.002 -16"><span class='ocrx_word' id='word_1_608' title='bbox 180 5264 341 5319; x_wconf 81' lang='lat' dir='ltr'><strong>Eccl.</strong></span> <span class='ocrx_word' id='word_1_609' title='bbox 380 5267 581 5334; x_wconf 89' lang='lat' dir='ltr'><strong>antiq.;</strong></span> <span class='ocrx_word' id='word_1_610' title='bbox 613 5269 665 5321; x_wconf 92' lang='lat' dir='ltr'><strong>in</strong></span> <span class='ocrx_word' id='word_1_611' title='bbox 691 5269 810 5323; x_wconf 87' lang='lat' dir='ltr'><strong>cod.</strong></span> <span class='ocrx_word' id='word_1_612' title='bbox 850 5268 1008 5320; x_wconf 73' lang='lat' dir='ltr'><strong>llarb.</strong></span> <span class='ocrx_word' id='word_1_613' title='bbox 1039 5282 1086 5321; x_wconf 88' lang='lat' dir='ltr'><strong>c.</strong></span> <span class='ocrx_word' id='word_1_614' title='bbox 1131 5263 1218 5317; x_wconf 69' lang='grc'><strong>44.</strong></span> 
     </span>
    </p>
   </div>
   <div class='ocr_carea' id='block_1_101' title="bbox 264 5330 1761 5460">
    <p class='ocr_par' dir='ltr' id='par_1_101' title="bbox 264 5330 1761 5460">
     <span class='ocr_line' id='line_1_101' title="bbox 264 5330 1761 5460; baseline 0.001 -73"><span class='ocrx_word' id='word_1_615' title='bbox 264 5335 285 5373; x_wconf 77' lang='grc' dir='ltr'>ί</span> <span class='ocrx_word' id='word_1_616' title='bbox 347 5330 625 5460; x_wconf 51' lang='lat' dir='ltr'><strong>ldsegi&#39;est</strong></span> <span class='ocrx_word' id='word_1_617' title='bbox 647 5354 793 5392; x_wconf 89' lang='lat' dir='ltr'><strong>num.</strong></span> <span class='ocrx_word' id='word_1_618' title='bbox 846 5338 898 5392; x_wconf 85' lang='grc' dir='ltr'><strong>ἱιι</strong></span> <span class='ocrx_word' id='word_1_619' title='bbox 943 5339 1064 5392; x_wconf 90' lang='lat' dir='ltr'><strong>cod.</strong></span> <span class='ocrx_word' id='word_1_620' title='bbox 1115 5335 1308 5402; x_wconf 88' lang='lat' dir='ltr'><strong>Barb.;</strong></span> <span class='ocrx_word' id='word_1_621' title='bbox 1355 5346 1509 5392; x_wconf 77' lang='lat' dir='ltr'><strong>Cone.</strong></span> <span class='ocrx_word' id='word_1_622' title='bbox 1573 5330 1761 5389; x_wconf 88' lang='lat' dir='ltr'><strong>Carth.</strong></span> 
     </span>
     <span class='ocr_line' id='line_1_102' title="bbox 310 5421 481 5460; baseline 0.018 -3"><span class='ocrx_word' id='word_1_623' title='bbox 310 5421 366 5459; x_wconf 88' lang='lat' dir='ltr'><strong>c.</strong></span> <span class='ocrx_word' id='word_1_624' title='bbox 467 5445 481 5460; x_wconf 94' lang='lat'><strong>.</strong></span> 
     </span>
    </p>
   </div>
   <div class='ocr_carea' id='block_1_102' title="bbox 174 5419 481 5466">
    <p class='ocr_par' dir='ltr' id='par_1_102' title="bbox 174 5419 481 5466">
     <span class='ocr_line' id='line_1_103' title="bbox 174 5419 481 5466; baseline 0 -6"><span class='ocrx_word' id='word_1_625' title='bbox 174 5419 258 5466; x_wconf 74' lang='lat' dir='ltr'><strong>IV,</strong></span> <span class='ocrx_word' id='word_1_626' title='bbox 310 5421 366 5459; x_wconf 74' lang='grc' dir='ltr'>ς.</span> <span class='ocrx_word' id='word_1_627' title='bbox 391 5419 481 5460; x_wconf 71' lang='grc' dir='ltr'><strong>δῦ.</strong></span> 
     </span>
    </p>
   </div>
   <div class='ocr_carea' id='block_1_103' title="bbox 261 5472 1759 5543">
    <p class='ocr_par' dir='ltr' id='par_1_103' title="bbox 261 5472 1759 5543">
     <span class='ocr_line' id='line_1_104' title="bbox 261 5472 1759 5543; baseline 0.001 -13"><span class='ocrx_word' id='word_1_628' title='bbox 261 5477 290 5516; x_wconf 73' lang='grc' dir='ltr'><em>ε</em></span> <span class='ocrx_word' id='word_1_629' title='bbox 310 5475 393 5530; x_wconf 93' lang='lat' dir='ltr'><strong>ld.</strong></span> <span class='ocrx_word' id='word_1_630' title='bbox 426 5491 576 5530; x_wconf 87' lang='lat' dir='ltr'><strong>num.</strong></span> <span class='ocrx_word' id='word_1_631' title='bbox 600 5477 653 5532; x_wconf 92' lang='lat' dir='ltr'><strong>in</strong></span> <span class='ocrx_word' id='word_1_632' title='bbox 683 5479 804 5533; x_wconf 92' lang='lat' dir='ltr'><strong>cod.</strong></span> <span class='ocrx_word' id='word_1_633' title='bbox 829 5477 1022 5543; x_wconf 88' lang='lat' dir='ltr'><strong>Barb.;</strong></span> <span class='ocrx_word' id='word_1_634' title='bbox 1073 5493 1224 5533; x_wconf 91' lang='lat' dir='ltr'><strong>conc.</strong></span> <span class='ocrx_word' id='word_1_635' title='bbox 1264 5476 1450 5532; x_wconf 88' lang='lat' dir='ltr'><strong>Carth.</strong></span> <span class='ocrx_word' id='word_1_636' title='bbox 1489 5489 1564 5538; x_wconf 80' lang='lat' dir='ltr'><strong>tv,</strong></span> <span class='ocrx_word' id='word_1_637' title='bbox 1588 5489 1637 5529; x_wconf 93' lang='lat' dir='ltr'><strong>c.</strong></span> <span class='ocrx_word' id='word_1_638' title='bbox 1671 5472 1759 5531; x_wconf 87' lang='lat'><strong>68.</strong></span> 
     </span>
    </p>
   </div>
   <div class='ocr_carea' id='block_1_104' title="bbox 255 5545 1512 5610">
    <p class='ocr_par' dir='ltr' id='par_1_104' title="bbox 255 5545 1512 5610">
     <span class='ocr_line' id='line_1_105' title="bbox 255 5545 1512 5610; baseline 0.002 -12"><span class='ocrx_word' id='word_1_639' title='bbox 255 5547 286 5585; x_wconf 70' lang='grc' dir='ltr'><strong>ιι</strong></span> <span class='ocrx_word' id='word_1_640' title='bbox 321 5545 404 5599; x_wconf 88' lang='lat' dir='ltr'><strong>Id.</strong></span> <span class='ocrx_word' id='word_1_641' title='bbox 435 5562 490 5600; x_wconf 92' lang='lat' dir='ltr'><strong>n.</strong></span> <span class='ocrx_word' id='word_1_642' title='bbox 535 5548 588 5601; x_wconf 91' lang='lat' dir='ltr'><strong>in</strong></span> <span class='ocrx_word' id='word_1_643' title='bbox 615 5549 734 5603; x_wconf 91' lang='lat' dir='ltr'><strong>cod.</strong></span> <span class='ocrx_word' id='word_1_644' title='bbox 760 5548 821 5602; x_wconf 87' lang='grc' dir='ltr'>Β.</span> <span class='ocrx_word' id='word_1_645' title='bbox 844 5565 859 5610; x_wconf 77' lang='grc' dir='ltr'>ς</span> <span class='ocrx_word' id='word_1_646' title='bbox 885 5564 1037 5603; x_wconf 92' lang='lat' dir='ltr'><strong>conc.</strong></span> <span class='ocrx_word' id='word_1_647' title='bbox 1062 5565 1114 5603; x_wconf 84' lang='lat' dir='ltr'><strong>tv</strong></span> <span class='ocrx_word' id='word_1_648' title='bbox 1138 5548 1320 5603; x_wconf 89' lang='lat' dir='ltr'><strong>Carth.</strong></span> <span class='ocrx_word' id='word_1_649' title='bbox 1349 5564 1396 5601; x_wconf 89' lang='lat' dir='ltr'><strong>c.</strong></span> <span class='ocrx_word' id='word_1_650' title='bbox 1425 5548 1512 5601; x_wconf 80' lang='lat'><strong>69.</strong></span> 
     </span>
    </p>
   </div>
   <div class='ocr_carea' id='block_1_105' title="bbox 262 5615 916 5682">
    <p class='ocr_par' dir='ltr' id='par_1_105' title="bbox 262 5615 916 5682">
     <span class='ocr_line' id='line_1_106' title="bbox 262 5615 916 5682; baseline 0.006 -13"><span class='ocrx_word' id='word_1_651' title='bbox 262 5615 280 5656; x_wconf 76' lang='grc' dir='ltr'><strong>ί</strong></span> <span class='ocrx_word' id='word_1_652' title='bbox 317 5616 486 5670; x_wconf 88' lang='lat' dir='ltr'><strong>Cone.</strong></span> <span class='ocrx_word' id='word_1_653' title='bbox 510 5616 658 5672; x_wconf 84' lang='lat' dir='ltr'><strong>Arel.</strong></span> <span class='ocrx_word' id='word_1_654' title='bbox 683 5634 738 5682; x_wconf 90' lang='lat' dir='ltr'><strong>v,</strong></span> <span class='ocrx_word' id='word_1_655' title='bbox 767 5635 816 5673; x_wconf 92' lang='lat' dir='ltr'><strong>c.</strong></span> <span class='ocrx_word' id='word_1_656' title='bbox 862 5619 916 5672; x_wconf 84' lang='lat'><strong>7.</strong></span> 
     </span>
    </p>
   </div>
   <div class='ocr_carea' id='block_1_106' title="bbox 258 5685 1325 5759">
    <p class='ocr_par' dir='ltr' id='par_1_106' title="bbox 258 5685 1325 5759">
     <span class='ocr_line' id='line_1_107' title="bbox 258 5685 1325 5759; baseline 0.002 -21"><span class='ocrx_word' id='word_1_657' title='bbox 258 5697 272 5759; x_wconf 60' lang='grc' dir='ltr'>ξ</span> <span class='ocrx_word' id='word_1_658' title='bbox 317 5685 380 5759; x_wconf 81' lang='lat' dir='ltr'><strong>_C.</strong></span> <span class='ocrx_word' id='word_1_659' title='bbox 413 5687 551 5742; x_wconf 71' lang='lat' dir='ltr'><strong>19in</strong></span> <span class='ocrx_word' id='word_1_660' title='bbox 588 5689 708 5752; x_wconf 87' lang='lat' dir='ltr'><strong>Gr.,</strong></span> <span class='ocrx_word' id='word_1_661' title='bbox 739 5704 788 5742; x_wconf 91' lang='lat' dir='ltr'><strong>e.</strong></span> <span class='ocrx_word' id='word_1_662' title='bbox 823 5689 882 5742; x_wconf 77' lang='lat'><strong>5|</strong></span> <span class='ocrx_word' id='word_1_663' title='bbox 935 5689 1072 5758; x_wconf 83' lang='lat' dir='ltr'><strong>apud</strong></span> <span class='ocrx_word' id='word_1_664' title='bbox 1110 5688 1325 5759; x_wconf 77' lang='lat' dir='ltr'><strong>Diueys.</strong></span> 
     </span>
    </p>
   </div>
   <div class='ocr_carea' id='block_1_107' title="bbox 259 5756 920 5827">
    <p class='ocr_par' dir='ltr' id='par_1_107' title="bbox 259 5756 920 5827">
     <span class='ocr_line' id='line_1_108' title="bbox 259 5756 920 5827; baseline 0.006 -17"><span class='ocrx_word' id='word_1_665' title='bbox 259 5757 288 5794; x_wconf 85' lang='grc' dir='ltr'><strong>¹ι</strong></span> <span class='ocrx_word' id='word_1_666' title='bbox 323 5756 522 5826; x_wconf 87' lang='lat' dir='ltr'><strong>lntcrp.</strong></span> <span class='ocrx_word' id='word_1_667' title='bbox 563 5775 667 5813; x_wconf 91' lang='lat' dir='ltr'><strong>non</strong></span> <span class='ocrx_word' id='word_1_668' title='bbox 705 5759 920 5827; x_wconf 80' lang='lat' dir='ltr'><strong>Dionys.</strong></span> 
     </span>
    </p>
   </div>
   <div class='ocr_carea' id='block_1_108' title="bbox 1871 4559 3447 4645">
    <p class='ocr_par' dir='ltr' id='par_1_108' title="bbox 1871 4559 3447 4645">
     <span class='ocr_line' id='line_1_109' title="bbox 1871 4559 3447 4645; baseline -0.008 -17"><span class='ocrx_word' id='word_1_669' title='bbox 1871 4572 2158 4645; x_wconf 88' lang='lat' dir='ltr'><strong>episcopis,</strong></span> <span class='ocrx_word' id='word_1_670' title='bbox 2187 4569 2362 4638; x_wconf 91' lang='lat' dir='ltr'><strong>major</strong></span> <span class='ocrx_word' id='word_1_671' title='bbox 2383 4569 2435 4625; x_wconf 89' lang='lat' dir='ltr'><strong>in</strong></span> <span class='ocrx_word' id='word_1_672' title='bbox 2459 4568 2564 4622; x_wconf 88' lang='lat' dir='ltr'><strong>illis</strong></span> <span class='ocrx_word' id='word_1_673' title='bbox 2592 4563 2961 4620; x_wconf 87' lang='lat' dir='ltr'><strong>misericordia</strong></span> <span class='ocrx_word' id='word_1_674' title='bbox 2987 4576 3149 4631; x_wconf 87' lang='lat' dir='ltr'><strong>quam</strong></span> <span class='ocrx_word' id='word_1_675' title='bbox 3181 4559 3233 4616; x_wconf 90' lang='lat' dir='ltr'><strong>in</strong></span> <span class='ocrx_word' id='word_1_676' title='bbox 3258 4567 3447 4615; x_wconf 86' lang='lat' dir='ltr'><strong>sancto</strong></span> 
     </span>
    </p>
   </div>
   <div class='ocr_carea' id='block_1_109' title="bbox 1948 4696 2877 4761">
    <p class='ocr_par' dir='ltr' id='par_1_109' title="bbox 1948 4696 2877 4761">
     <span class='ocr_line' id='line_1_110' title="bbox 1948 4696 2877 4761; baseline -0.01 -3"><span class='ocrx_word' id='word_1_677' title='bbox 1948 4703 1965 4743; x_wconf 77' lang='grc' dir='ltr'>ι</span> <span class='ocrx_word' id='word_1_678' title='bbox 1997 4704 2202 4758; x_wconf 86' lang='lat' dir='ltr'><strong>Coucil.</strong></span> <span class='ocrx_word' id='word_1_679' title='bbox 2226 4699 2708 4761; x_wconf 84' lang='lat' dir='ltr'><strong>Matisconensisu,</strong></span> <span class='ocrx_word' id='word_1_680' title='bbox 2741 4713 2789 4751; x_wconf 90' lang='lat' dir='ltr'><strong>c.</strong></span> <span class='ocrx_word' id='word_1_681' title='bbox 2823 4696 2877 4749; x_wconf 81' lang='lat'><strong>5.</strong></span> 
     </span>
    </p>
   </div>
   <div class='ocr_carea' id='block_1_110' title="bbox 1942 4761 3444 4839">
    <p class='ocr_par' dir='ltr' id='par_1_110' title="bbox 1942 4761 3444 4839">
     <span class='ocr_line' id='line_1_111' title="bbox 1942 4761 3444 4839; baseline -0.007 -10"><span class='ocrx_word' id='word_1_682' title='bbox 1942 4787 1982 4814; x_wconf 82' lang='grc' dir='ltr'>ω</span> <span class='ocrx_word' id='word_1_683' title='bbox 2008 4775 2070 4828; x_wconf 74' lang='grc'><strong>41</strong></span> <span class='ocrx_word' id='word_1_684' title='bbox 2106 4775 2162 4828; x_wconf 79' lang='lat' dir='ltr'><strong>in</strong></span> <span class='ocrx_word' id='word_1_685' title='bbox 2189 4775 2310 4837; x_wconf 87' lang='lat' dir='ltr'><strong>Gr.,</strong></span> <span class='ocrx_word' id='word_1_686' title='bbox 2337 4789 2386 4826; x_wconf 93' lang='lat' dir='ltr'><strong>c.</strong></span> <span class='ocrx_word' id='word_1_687' title='bbox 2436 4771 2506 4824; x_wconf 70' lang='grc'><strong>42</strong></span> <span class='ocrx_word' id='word_1_688' title='bbox 2547 4770 2686 4839; x_wconf 89' lang='lat' dir='ltr'><strong>apud</strong></span> <span class='ocrx_word' id='word_1_689' title='bbox 2711 4768 2926 4839; x_wconf 72' lang='lat' dir='ltr'><strong>Dionys.</strong></span> <span class='ocrx_word' id='word_1_690' title='bbox 2961 4763 3240 4823; x_wconf 87' lang='lat' dir='ltr'><strong>Paululum</strong></span> <span class='ocrx_word' id='word_1_691' title='bbox 3265 4761 3444 4820; x_wconf 81' lang='lat' dir='ltr'><strong>ditfert</strong></span> 
     </span>
    </p>
   </div>
   <div class='ocr_carea' id='block_1_111' title="bbox 1870 4843 2408 4913">
    <p class='ocr_par' dir='ltr' id='par_1_111' title="bbox 1870 4843 2408 4913">
     <span class='ocr_line' id='line_1_112' title="bbox 1870 4843 2408 4913; baseline -0.017 -11"><span class='ocrx_word' id='word_1_692' title='bbox 1870 4848 1938 4902; x_wconf 83' lang='lat' dir='ltr'><strong>ab</strong></span> <span class='ocrx_word' id='word_1_693' title='bbox 1966 4846 2159 4913; x_wconf 86' lang='lat' dir='ltr'><strong>interp.</strong></span> <span class='ocrx_word' id='word_1_694' title='bbox 2193 4843 2408 4912; x_wconf 75' lang='lat' dir='ltr'><strong>Dionys.</strong></span> 
     </span>
    </p>
   </div>
   <div class='ocr_carea' id='block_1_112' title="bbox 1943 4907 2598 4981">
    <p class='ocr_par' dir='ltr' id='par_1_112' title="bbox 1943 4907 2598 4981">
     <span class='ocr_line' id='line_1_113' title="bbox 1943 4907 2598 4981; baseline -0.015 -10"><span class='ocrx_word' id='word_1_695' title='bbox 1943 4928 1968 4954; x_wconf 83' lang='lat'><strong>&quot;</strong></span> <span class='ocrx_word' id='word_1_696' title='bbox 1999 4916 2058 4970; x_wconf 86' lang='lat' dir='ltr'><strong>C.</strong></span> <span class='ocrx_word' id='word_1_697' title='bbox 2088 4907 2154 4969; x_wconf 66' lang='grc' dir='ltr'><strong>Π)</strong></span> <span class='ocrx_word' id='word_1_698' title='bbox 2181 4907 2374 4981; x_wconf 81' lang='lat' dir='ltr'><strong>interp.</strong></span> <span class='ocrx_word' id='word_1_699' title='bbox 2404 4907 2598 4965; x_wconf 82' lang='lat' dir='ltr'><strong>Rufini.</strong></span> 
     </span>
    </p>
   </div>
   <div class='ocr_carea' id='block_1_113' title="bbox 1943 4984 2370 5054">
    <p class='ocr_par' dir='ltr' id='par_1_113' title="bbox 1943 4984 2370 5054">
     <span class='ocr_line' id='line_1_114' title="bbox 1943 4984 2370 5054; baseline -0.016 -14"><span class='ocrx_word' id='word_1_700' title='bbox 1943 4994 1967 5021; x_wconf 88' lang='grc' dir='ltr'><strong>ο</strong></span> <span class='ocrx_word' id='word_1_701' title='bbox 2003 4987 2150 5054; x_wconf 82' lang='lat' dir='ltr'><strong>Sing.</strong></span> <span class='ocrx_word' id='word_1_702' title='bbox 2172 4984 2370 5054; x_wconf 81' lang='lat' dir='ltr'><strong>interp.</strong></span> 
     </span>
    </p>
   </div>
   <div class='ocr_carea' id='block_1_114' title="bbox 1943 5047 3233 5118">
    <p class='ocr_par' dir='ltr' id='par_1_114' title="bbox 1943 5047 3233 5118">
     <span class='ocr_line' id='line_1_115' title="bbox 1943 5047 3233 5118; baseline -0.004 -12"><span class='ocrx_word' id='word_1_703' title='bbox 1943 5065 1970 5106; x_wconf 73' lang='grc' dir='ltr'>ρ</span> <span class='ocrx_word' id='word_1_704' title='bbox 1995 5047 2127 5109; x_wconf 67' lang='grc' dir='ltr'><strong>(Στειιῖ</strong></span> <span class='ocrx_word' id='word_1_705' title='bbox 2160 5053 2193 5106; x_wconf 86' lang='grc'>6</span> <span class='ocrx_word' id='word_1_706' title='bbox 2229 5053 2283 5106; x_wconf 82' lang='grc' dir='ltr'><strong>ὶη</strong></span> <span class='ocrx_word' id='word_1_707' title='bbox 2309 5047 2517 5118; x_wconf 68' lang='lat' dir='ltr'><strong>Graeco.</strong></span> <span class='ocrx_word' id='word_1_708' title='bbox 2555 5063 2676 5103; x_wconf 88' lang='lat' dir='ltr'><strong>can.</strong></span> <span class='ocrx_word' id='word_1_709' title='bbox 2712 5047 2990 5118; x_wconf 79' lang='lat' dir='ltr'><strong>7interpr.</strong></span> <span class='ocrx_word' id='word_1_710' title='bbox 3015 5047 3233 5118; x_wconf 81' lang='lat' dir='ltr'><strong>Dionys.</strong></span> 
     </span>
    </p>
   </div>
   <div class='ocr_carea' id='block_1_115' title="bbox 1937 5115 2839 5205">
    <p class='ocr_par' dir='ltr' id='par_1_115' title="bbox 1937 5115 2839 5205">
     <span class='ocr_line' id='line_1_116' title="bbox 1937 5115 2839 5205; baseline -0.004 -29"><span class='ocrx_word' id='word_1_711' title='bbox 1937 5138 1965 5176; x_wconf 76' lang='grc' dir='ltr'><strong>(ι</strong></span> <span class='ocrx_word' id='word_1_712' title='bbox 1991 5126 2192 5205; x_wconf 68' lang='lat' dir='ltr'><strong>interp.</strong></span> <span class='ocrx_word' id='word_1_713' title='bbox 2211 5138 2310 5205; x_wconf 76' lang='lat' dir='ltr'><strong>pec</strong></span> <span class='ocrx_word' id='word_1_714' title='bbox 2339 5115 2554 5205; x_wconf 57' lang='lat' dir='ltr'><strong>Dionvs.</strong></span> <span class='ocrx_word' id='word_1_715' title='bbox 2586 5134 2692 5205; x_wconf 49' lang='lat' dir='ltr'><strong>nec.</strong></span> <span class='ocrx_word' id='word_1_716' title='bbox 2714 5117 2839 5205; x_wconf 74' lang='lat' dir='ltr'><strong>Isid.</strong></span> 
     </span>
    </p>
   </div>
   <div class='ocr_carea' id='block_1_116' title="bbox 1942 5185 3433 5261">
    <p class='ocr_par' dir='ltr' id='par_1_116' title="bbox 1942 5185 3433 5261">
     <span class='ocr_line' id='line_1_117' title="bbox 1942 5185 3433 5261; baseline -0.006 -13"><span class='ocrx_word' id='word_1_717' title='bbox 1942 5206 1962 5234; x_wconf 71' lang='grc' dir='ltr'><strong><em>τ</em></strong></span> <span class='ocrx_word' id='word_1_718' title='bbox 1991 5196 2089 5248; x_wconf 83' lang='lat' dir='ltr'><strong>llic</strong></span> <span class='ocrx_word' id='word_1_719' title='bbox 2116 5185 2297 5247; x_wconf 84' lang='lat' dir='ltr'><strong>titulus</strong></span> <span class='ocrx_word' id='word_1_720' title='bbox 2317 5185 2583 5261; x_wconf 75' lang='lat' dir='ltr'><strong>posterius</strong></span> <span class='ocrx_word' id='word_1_721' title='bbox 2606 5189 2819 5261; x_wconf 76' lang='lat' dir='ltr'><strong>videtur</strong></span> <span class='ocrx_word' id='word_1_722' title='bbox 2843 5187 3076 5261; x_wconf 84' lang='lat' dir='ltr'><strong>scriptus</strong></span> <span class='ocrx_word' id='word_1_723' title='bbox 3103 5185 3157 5261; x_wconf 92' lang='lat' dir='ltr'><strong>in_</strong></span> <span class='ocrx_word' id='word_1_724' title='bbox 3184 5185 3303 5240; x_wconf 92' lang='lat' dir='ltr'><strong>cod.</strong></span> <span class='ocrx_word' id='word_1_725' title='bbox 3332 5199 3433 5240; x_wconf 90' lang='lat' dir='ltr'><strong>ms.</strong></span> 
     </span>
    </p>
   </div>
   <div class='ocr_carea' id='block_1_117' title="bbox 1867 5256 3436 5334">
    <p class='ocr_par' dir='ltr' id='par_1_117' title="bbox 1867 5256 3436 5334">
     <span class='ocr_line' id='line_1_118' title="bbox 1867 5256 3436 5334; baseline -0.004 -17"><span class='ocrx_word' id='word_1_726' title='bbox 1867 5265 2133 5334; x_wconf 78' lang='lat' dir='ltr'><strong>Quidquid</strong></span> <span class='ocrx_word' id='word_1_727' title='bbox 2154 5264 2243 5326; x_wconf 90' lang='lat' dir='ltr'><strong>sit,</strong></span> <span class='ocrx_word' id='word_1_728' title='bbox 2281 5256 2340 5334; x_wconf 68' lang='lat' dir='ltr'><strong>ut</strong></span> <span class='ocrx_word' id='word_1_729' title='bbox 2366 5261 2594 5334; x_wconf 80' lang='lat' dir='ltr'><strong>ipsamet</strong></span> <span class='ocrx_word' id='word_1_730' title='bbox 2612 5256 3217 5326; x_wconf 44' lang='lat' dir='ltr'><strong>demonstrat&#39;epistola,</strong></span> <span class='ocrx_word' id='word_1_731' title='bbox 3241 5269 3436 5329; x_wconf 81' lang='lat' dir='ltr'><strong>perpe-</strong></span> 
     </span>
    </p>
   </div>
   <div class='ocr_carea' id='block_1_118' title="bbox 1867 5330 2602 5392">
    <p class='ocr_par' dir='ltr' id='par_1_118' title="bbox 1867 5330 2602 5392">
     <span class='ocr_line' id='line_1_119' title="bbox 1867 5330 2602 5392; baseline -0.012 -1"><span class='ocrx_word' id='word_1_732' title='bbox 1867 5330 1983 5392; x_wconf 77' lang='lat' dir='ltr'><strong>ram</strong></span> <span class='ocrx_word' id='word_1_733' title='bbox 2010 5330 2258 5388; x_wconf 75' lang='lat' dir='ltr'><strong>tribuitur</strong></span> <span class='ocrx_word' id='word_1_734' title='bbox 2285 5330 2602 5386; x_wconf 72' lang='lat' dir='ltr'><strong>liormisdze.</strong></span> 
     </span>
    </p>
   </div>
   <div class='ocr_carea' id='block_1_119' title="bbox 1938 5395 3440 5466">
    <p class='ocr_par' dir='ltr' id='par_1_119' title="bbox 1938 5395 3440 5466">
     <span class='ocr_line' id='line_1_120' title="bbox 1938 5395 3440 5466; baseline -0.006 -7"><span class='ocrx_word' id='word_1_735' title='bbox 1938 5417 1958 5443; x_wconf 74' lang='grc' dir='ltr'><strong>ε</strong></span> <span class='ocrx_word' id='word_1_736' title='bbox 1992 5406 2154 5459; x_wconf 85' lang='lat' dir='ltr'><strong>Cone.</strong></span> <span class='ocrx_word' id='word_1_737' title='bbox 2197 5402 2390 5455; x_wconf 87' lang='lat' dir='ltr'><strong>Araus.</strong></span> <span class='ocrx_word' id='word_1_738' title='bbox 2435 5416 2481 5466; x_wconf 82' lang='grc' dir='ltr'><strong>ι,</strong></span> <span class='ocrx_word' id='word_1_739' title='bbox 2530 5415 2579 5455; x_wconf 93' lang='lat' dir='ltr'><strong>c.</strong></span> <span class='ocrx_word' id='word_1_740' title='bbox 2615 5397 2718 5462; x_wconf 73' lang='lat'><strong>25;</strong></span> <span class='ocrx_word' id='word_1_741' title='bbox 2753 5411 2905 5453; x_wconf 89' lang='lat' dir='ltr'><strong>conc.</strong></span> <span class='ocrx_word' id='word_1_742' title='bbox 2949 5395 3337 5453; x_wconf 80' lang='lat' dir='ltr'><strong>Aurelianense</strong></span> <span class='ocrx_word' id='word_1_743' title='bbox 3368 5409 3440 5460; x_wconf 72' lang='grc' dir='ltr'><strong>ν,</strong></span> 
     </span>
    </p>
   </div>
   <div class='ocr_carea' id='block_1_120' title="bbox 1865 5474 3009 5609">
    <p class='ocr_par' dir='ltr' id='par_1_120' title="bbox 1865 5474 3009 5609">
     <span class='ocr_line' id='line_1_121' title="bbox 1865 5474 3009 5609; baseline -0.004 -13"><span class='ocrx_word' id='word_1_744' title='bbox 1865 5490 1914 5530; x_wconf 54' lang='grc' dir='ltr'><strong>θ’</strong></span> <span class='ocrx_word' id='word_1_745' title='bbox 1943 5474 2120 5597; x_wconf 43' lang='lat' dir='ltr'><strong>t4.Var.</strong></span> <span class='ocrx_word' id='word_1_746' title='bbox 2145 5543 2196 5597; x_wconf 90' lang='lat' dir='ltr'><strong>iu</strong></span> <span class='ocrx_word' id='word_1_747' title='bbox 2228 5541 2350 5596; x_wconf 83' lang='lat' dir='ltr'><strong>edd.</strong></span> <span class='ocrx_word' id='word_1_748' title='bbox 2375 5549 2430 5596; x_wconf 89' lang='lat' dir='ltr'><strong>et</strong></span> <span class='ocrx_word' id='word_1_749' title='bbox 2457 5556 2541 5609; x_wconf 91' lang='lat' dir='ltr'><strong>ap.</strong></span> <span class='ocrx_word' id='word_1_750' title='bbox 2566 5538 2718 5595; x_wconf 85' lang='lat' dir='ltr'><strong>Crat.</strong></span> <span class='ocrx_word' id='word_1_751' title='bbox 2761 5537 2885 5594; x_wconf 91' lang='lat' dir='ltr'><strong>dist.</strong></span> <span class='ocrx_word' id='word_1_752' title='bbox 2923 5537 3009 5592; x_wconf 85' lang='lat'><strong>50.</strong></span> 
     </span>
    </p>
   </div>
   <div class='ocr_carea' id='block_1_121' title="bbox 1936 5609 3436 5679">
    <p class='ocr_par' dir='ltr' id='par_1_121' title="bbox 1936 5609 3436 5679">
     <span class='ocr_line' id='line_1_122' title="bbox 1936 5609 3436 5679; baseline -0.01 -9"><span class='ocrx_word' id='word_1_753' title='bbox 1936 5627 1961 5654; x_wconf 75' lang='grc' dir='ltr'><strong>ιι</strong></span> <span class='ocrx_word' id='word_1_754' title='bbox 1991 5613 2126 5669; x_wconf 85' lang='lat' dir='ltr'><strong>Add.</strong></span> <span class='ocrx_word' id='word_1_755' title='bbox 2167 5614 2221 5668; x_wconf 93' lang='lat' dir='ltr'><strong>in</strong></span> <span class='ocrx_word' id='word_1_756' title='bbox 2251 5613 2336 5666; x_wconf 81' lang='lat' dir='ltr'><strong>ed.</strong></span> <span class='ocrx_word' id='word_1_757' title='bbox 2373 5630 2386 5666; x_wconf 86' lang='lat'><strong>:</strong></span> <span class='ocrx_word' id='word_1_758' title='bbox 2425 5630 2442 5660; x_wconf 76' lang='grc' dir='ltr'><strong>ε</strong></span> <span class='ocrx_word' id='word_1_759' title='bbox 2470 5612 2744 5679; x_wconf 64' lang='lat' dir='ltr'><strong>Praecepta</strong></span> <span class='ocrx_word' id='word_1_760' title='bbox 2777 5616 2831 5663; x_wconf 90' lang='lat' dir='ltr'><strong>et</strong></span> <span class='ocrx_word' id='word_1_761' title='bbox 2857 5609 3036 5679; x_wconf 90' lang='lat' dir='ltr'><strong>sancti</strong></span> <span class='ocrx_word' id='word_1_762' title='bbox 3065 5619 3215 5676; x_wconf 78' lang='lat' dir='ltr'><strong>papae</strong></span> <span class='ocrx_word' id='word_1_763' title='bbox 3245 5610 3436 5657; x_wconf 78' lang='lat' dir='ltr'><strong>aucto-</strong></span> 
     </span>
    </p>
   </div>
   <div class='ocr_carea' id='block_1_122' title="bbox 1808 5678 3085 5752">
    <p class='ocr_par' dir='ltr' id='par_1_122' title="bbox 1808 5678 3085 5752">
     <span class='ocr_line' id='line_1_123' title="bbox 1808 5678 3085 5752; baseline -0.012 -9"><span class='ocrx_word' id='word_1_764' title='bbox 1808 5690 1818 5696; x_wconf 82' lang='grc'><em>’</em></span> <span class='ocrx_word' id='word_1_765' title='bbox 1863 5685 2098 5752; x_wconf 86' lang='lat' dir='ltr'><strong>ritatcm,</strong></span> <span class='ocrx_word' id='word_1_766' title='bbox 2127 5691 2178 5740; x_wconf 90' lang='lat' dir='ltr'><strong>ct</strong></span> <span class='ocrx_word' id='word_1_767' title='bbox 2205 5682 2416 5738; x_wconf 84' lang='lat' dir='ltr'><strong>illorum</strong></span> <span class='ocrx_word' id='word_1_768' title='bbox 2438 5678 2751 5752; x_wconf 74' lang='lat' dir='ltr'><strong>pontificum</strong></span> <span class='ocrx_word' id='word_1_769' title='bbox 2777 5678 2887 5748; x_wconf 86' lang='lat' dir='ltr'><strong>qui.</strong></span> <span class='ocrx_word' id='word_1_770' title='bbox 2928 5686 3029 5732; x_wconf 88' lang='lat' dir='ltr'><strong>etc.</strong></span> <span class='ocrx_word' id='word_1_771' title='bbox 3069 5697 3085 5727; x_wconf 75' lang='grc' dir='ltr'>ι</span> 
     </span>
    </p>
   </div>
  </div>
