4020 6360
618 384 621 385 ν
688 330 830 391 1015

1530 298 1849 406 ctuosa-ss
1887 331 2174 389 semen
2210 330 2303 388 ex
2340 330 2498 388 ver.
2535 333 2692 390 CAN.
2734 332 3065 395 COLLECT.

3703 354 3799 414 {Oli

653 510 661 516 ,
684 445 1025 531 [apostolico]
1057 447 1264 509 Joanne
1307 464 1467 523 papa,
1493 452 1669 523 major
1707 452 1943 511 charitas
1992 467 2156 522 quam
2198 451 2253 505 in
2280 450 2328 510 Α
2356 446 2409 501 in
2433 448 2536 503 hoc
2563 449 2803 519 periculo
2830 452 3042 509 mittere
3062 452 3274 509 omnino
3299 468 3399 511 non
3415 458 3565 516 audeo
3584 463 3706 534 :quia
3732 484 3800 527 nec

680 540 905 613 reliquis
946 541 1149 598 sanctis
1191 541 1555 598 sacerdotibus
1588 542 1681 611 qui
1725 542 1840 597 haec
1878 541 2121 613 exempla
2171 541 2256 599 vel
2354 535 2480 591 talia
2532 548 2656 594 sunt
2688 542 2882 596 merita
2930 558 3071 609 mea,
3108 552 3166 598 ut
3197 545 3411 602 aliorum
3446 562 3635 620 peccata
3670 557 3712 612 in
3740 577 3798 617 me

679 633 922 691 remedia
945 634 1074 707 [hoc
1096 650 1196 705 pro
1232 634 1475 705 exemplo
1501 634 1583 689 vel
1608 633 1869 707 remedio]
1901 635 2254 690 ecclesiarum

680 723 798 780 suis
826 722 1225 781 deﬁnitionibus
1241 723 1704 783 deliberaverunt?
1732 724 1797 779 Et
1824 724 1945 781 ideo
1970 730 2253 793 aut‘prona

652 812 905 895 [plena]
958 816 1233 871 voluntate
1283 816 1566 888 prmceptis
1629 815 1841 873 illorum
1891 815 2248 879 consentiant,

681 903 841 975 (Var.
880 905 1024 976 edd.)
1046 912 1140 959 aut
1163 906 1414 960 omnibus
1439 905 1545 960 illis
1574 905 1874 960 contrarios
1914 919 1973 959 se
1999 913 2053 960 et
2080 902 2251 969 inimi-

681 1012 776 1053 cos
798 1011 916 1052 esse
936 1005 1285 1066 cognoscant,
1310 996 1440 1064 Qua:
1464 1005 1549 1052 est
1586 996 1809 1067 iustitia:
1837 994 2056 1051 inimica
2100 995 2252 1050 beni-

675 1089 877 1164 gnitas,
901 1088 1121 1164 palpare
1163 1088 1504 1152 criminosos,
1535 1096 1590 1142 et
1617 1086 1839 1141 vulnera
1866 1101 2052 1147 eorum
2082 1099 2251 1155 usque

680 1178 741 1235 in
766 1179 906 1235 diem
925 1175 1116 1247 judicii
1138 1178 1379 1246 incurata
1402 1177 1650 1243 servare?
1686 1175 1839 1249 Quod
1875 1175 1920 1231 si
1956 1191 2047 1231 eos
2073 1175 2248 1230 duris-

680 1271 873 1334 simam
894 1270 1270 1341 paenitentiam
1296 1285 1391 1340 per
1418 1269 1601 1339 plures
1643 1283 1813 1325 annos
1855 1282 2015 1339 agere
2043 1268 2250 1321 videre-

677 1378 819 1429 mus,
848 1363 928 1418 sic
956 1375 983 1404 ι
1024 1372 1080 1430 et
1117 1363 1347 1432 idipsum
1396 1370 1450 1416 et
1497 1361 1655 1415 saluti
1710 1375 1897 1414 eorum
1943 1359 2243 1423 consulere,

675 1464 735 1516 ut
772 1462 826 1515 et
845 1470 1111 1511 canonum
1136 1454 1453 1511 deberemus
1473 1460 1672 1517 statuta
1694 1466 1932 1506 servare.
1957 1449 2090 1507 Cum
2121 1463 2248 1503 vero

678 1547 731 1601 in
750 1547 1018 1618 aliquibus
1032 1564 1131 1603 nec
1150 1546 1492 1617 compunctio
1513 1544 1848 1610 humilitatis,
1863 1558 1961 1598 nec
1991 1541 2246 1597 instantia

673 1638 862 1693 orandi
900 1638 986 1694 vel
1013 1638 1297 1709 plangendi
1351 1645 1627 1707 appareat,
1669 1649 1770 1691 nec
1814 1635 2030 1690 beatum
2078 1632 2248 1688 David

2350 629 2598 699 excipere
2624 645 2946 701 praesumam
2988 650 3002 687 :
3054 649 3152 690 nec
3183 642 3377 691 tantam
3403 639 3702 710 eloquentiam
3733 650 3799 705 lia-

2347 718 2473 784 beo,
2509 727 2569 773 ut
2593 728 2717 776 ante
2747 722 2982 777 tribunal
3022 721 3219 779 Christi
3255 735 3431 781 contra
3454 736 3604 787 tantos
3626 750 3676 791 ac
3704 738 3799 798 tales

2349 820 2565 869 sanctos
2604 816 2930 881 sacerdotes,
2957 816 3047 885 qui
3077 831 3306 877 canones
3338 827 3633 889 statuerunt,
3663 843 3796 888 causa:

2348 904 2528 959 dicere
2554 905 2779 977 possim.
2807 906 2999 962 Videat
3021 909 3396 979 unusquisque,
3415 914 3495 981 qui
3514 914 3645 971 aliter
3658 921 3796 978 sentire

2346 993 2432 1049 vel
2471 994 2759 1051 observare
2805 995 3060 1065 disponit,
3097 998 3327 1067 qualiter
3366 1003 3519 1069 possit
3543 1004 3588 1058 in
3621 1006 3688 1061 die
3701 1007 3796 1075 judi-

2347 1082 2416 1137 cii
2444 1083 2667 1139 reddere
2696 1085 2979 1139 rationem.
3009 1086 3121 1156 Ego
3164 1086 3219 1141 in
3261 1098 3502 1156 quantum
3527 1092 3645 1147 vires
3668 1096 3796 1165 digna-

2348 1181 2439 1227 tur
2482 1174 2611 1229 dare
2634 1173 2800 1241 Deus,
2832 1175 2954 1231 volo
2979 1192 3166 1231 eorum
3204 1180 3607 1250 prmeeptiouibus
3644 1185 3795 1243 obedire

2349 1263 2642 1339 [studere];
2685 1268 2812 1337 quia
2850 1282 2973 1322 cum
3011 1268 3118 1324 illis
3145 1283 3251 1324 non
3281 1270 3435 1335 rixas,
3477 1273 3558 1328 sed
3585 1288 3795 1343 pacem,et

2344 1355 2772 1427 qualemcunque
2794 1368 3003 1427 partem
3037 1358 3238 1415 habere
3263 1359 3507 1417 desidero.
3532 1356 3589 1417 Et
3618 1363 3694 1420 hoc
3713 1366 3792 1420 dili-

2344 1457 2533 1518 genter
2569 1449 2952 1505 attendendum
2990 1459 3091 1513 est,
3141 1460 3201 1507 ut
3239 1451 3312 1508 illi
3341 1451 3501 1525 [Quod
3525 1456 3563 1510 si
3586 1459 3793 1512 secundum

2344 1541 2488 1608 quod
2515 1539 2775 1610 scriptum
2802 1550 2905 1608 est,
2955 1542 3054 1607 illi,
3084 1542 3217 1617 etc.]
3266 1544 3437 1601 clerici
3471 1547 3548 1617 qui
3570 1548 3625 1603 ad
3660 1565 3793 1607 uxores

2343 1630 2592 1700 proprias
2620 1631 2863 1698 redeunt,
2888 1632 2956 1687 ad
2988 1632 3254 1707 integrum
3274 1637 3340 1691 ab
3366 1636 3522 1693 ollicio
3554 1640 3793 1710 suspendan-

672 1726 975 1794 imitentur,
1032 1729 1123 1798 qui
1176 1728 1311 1783 dixit
1342 1746 1355 1781 :
1391 1726 1595 1781 Laoabo
1640 1744 1732 1797 per
1783 1724 2016 1795 singulas
2073 1735 2244 1779 noctes
2278 1788 2318 1801 __
2346 1730 2454 1777 tur.
2480 1723 2546 1779 Et
2593 1724 2673 1779 sic
2700 1725 2865 1779 etiam
2898 1725 3096 1796 digami
3145 1734 3202 1782 et
3246 1727 3623 1801 interuuptarum
3653 1734 3790 1800 mariti,

670 1815 862 1869 tectum
890 1832 1080 1880 meum,
1106 1816 1351 1888 lacrgmis
1390 1816 1518 1872 meis
1561 1826 1782 1870 stratum
1824 1831 1993 1869 meum
2042 1815 2087 1868 ri
2091 1814 2242 1889 ﬂlbu.
2278 1788 2322 1851 Β
2348 1814 2440 1883 qui
2468 1814 2655 1884 utique
2685 1830 2800 1870 rem
2845 1815 3049 1871 licitam
3087 1814 3316 1885 faciunt,
3352 1819 3515 1875 clerici
3542 1829 3678 1878 tamen
3695 1825 3791 1879 ordi-

673 1907 741 1962 Et
779 1907 911 1963 illud
960 1926 974 1962 :
1024 1907 1261 1975 Cinerem
1309 1911 1441 1964 sicut
1493 1924 1681 1980 panem
1734 1906 2155 1974 munducabam,
2202 1917 2250 1961 et

672 2008 851 2073 potum
878 2015 1048 2054 meum
1069 2015 1185 2053 cum
1212 2001 1332 2058 item
1357 1999 1657 2071 miscebam,
1680 2019 1779 2059 nec
1809 2018 1903 2059 eos
1929 2000 2147 2073 jejuniis
2166 1998 2247 2053 vel

671 2085 993 2159 lectionibus
1043 2114 1232 2156 κέλεαι-ε
1283 2100 1590 2161 videamus;
1654 2110 1939 2168 possumus
1985 2106 2246 2165 agnosce—

648 2182 768 2259 re,
800 2193 844 2249 sl
876 2193 941 2249 ad
962 2186 1218 2250 honerem
1239 2189 1528 2262 pristinum
1574 2187 1837 2252 redirent,
1882 2200 2005 2241 cum
2044 2190 2247 2253 quanta

672 2284 1017 2357 negligentia,
1047 2292 1103 2343 et
1130 2298 1251 2338 cum
1278 2288 1480 2355 quanto
1501 2289 1687 2348 tepore
1719 2275 2032 2351 [torpore],
2069 2282 2125 2337 et
2147 2273 2248 2328 ini-

666 2375 809 2431 mica
844 2375 1036 2430 animae
1056 2373 1345 2433 securitate
1366 2376 1765 2443 permanerent,
1794 2367 2074 2422 credentes
2102 2363 2246 2436 quod

666 2466 750 2523 sic
790 2467 871 2521 eis
908 2481 1025 2541 .non
1058 2474 1180 2521 acta
1226 2464 1383 2537 digne
1419 2461 1738 2535 pmniteutia
1772 2458 2039 2516 dimiserit
2078 2455 2242 2522 Deus,

671 2557 940 2630 quomodo
962 2566 1017 2613 et
1037 2556 1346 2613 sacerdotes
1372 2554 1659 2611 indulsisse
1684 2552 1953 2608 videntur.
1986 2550 2127 2605 Vere
2168 2548 2246 2604 di-

669 2665 735 2708 co
754 2690 770 2716 ,
809 2649 937 2720 quia
966 2648 1043 2704 illi
1074 2648 1175 2719 ipsi
1199 2648 1394 2718 quibus
1419 2662 1540 2701 cum
1567 2644 1870 2717 periculosa
1900 2650 1956 2696 et
1976 2639 2110 2696 falsa
2142 2639 2244 2696 mi-

666 2739 962 2795 sericordia
1006 2737 1287 2807 indulgere
1326 2735 1592 2802 videmur,
1644 2749 1768 2791 cum
1824 2740 1951 2787 ante
2001 2729 2240 2786 tribunal

666 2827 870 2885 Christi
913 2844 1013 2898 pro
1060 2828 1228 2883 tantis
1272 2825 1509 2897 peccatis
1554 2824 1843 2881 damnandi
1889 2820 2237 2885 advenerim,

667 2930 859 2974 contra
883 2933 982 2974 nos
1008 2919 1151 2989 ipsos
1175 2933 1366 2973 causas
1396 2917 1590 2973 dicturi
1614 2924 1758 2979 sunt,
1784 2914 2023 2969 dicentes
2052 2927 2069 2966 :
2096 2911 2237 2982 quod

667 3010 797 3063 dum
826 3009 1172 3079 asperitatem
1196 3009 1392 3080 lingua:
1410 3023 1598 3064 eorum
1627 3007 1959 3076 expavimus,
1985 3013 2079 3059 aut
2102 3003 2237 3058 falsa

2346 1905 2463 1961 nari
2493 1921 2600 1960 non
2629 1914 2874 1977 possunt,
2906 1908 3029 1962 etsi
3068 1908 3304 1963 ordinati
3332 1907 3528 1975 fuerint,
3548 1906 3787 1981 dejiciantur,

2348 1996 2413 2051 de
2459 1996 2654 2075 quibus
2700 1997 2864 2053 etiam
2911 2006 3127 2055 sanctus
3180 1998 3404 2055 Faustus
3446 2003 3494 2056 in
3531 2003 3693 2073 epistola
3723 2021 3787 2060 sua

2346 2089 2482 2155 dixit
2511 2107 2524 2142 :
2565 2106 2582 2140 ι
2610 2088 2795 2145 Perdit
2819 2090 3049 2161 gratiam
3099 2092 3419 2157 consecrati,
3455 2093 3533 2163 qui
3566 2094 3786 2150 adbch

2346 2178 2489 2233 cium
2513 2180 2627 2233 vult
2666 2190 2689 2218 ο
2722 2180 2960 2235 excitare
2989 2179 3291 2255 [exercere]
3339 2184 3520 2239 mariti.
3546 2204 3559 2236 ι
3582 2184 3674 2239 Cum
3698 2185 3779 2240 hac

2344 2291 2374 2332 a
2401 2276 2565 2332 tantis
2592 2291 2657 2332 ac
2686 2276 2882 2333 talibus
2910 2277 3042 2332 viris
3067 2285 3270 2334 statuta
3300 2277 3421 2341 sint,
3454 2294 3541 2351 qua
3558 2278 3785 2334 conscientia

2343 2367 2629 2437 quisquam
2661 2366 2842 2422 dicere
2882 2368 3101 2439 poterit,
3147 2368 3294 2438 quod
3324 2368 3409 2423 ille
3450 2369 3526 2439 qui
3562 2368 3786 2423 adulterium

2342 2458 2692 2524 commiserit,
2721 2459 2916 2514 iterum
2947 2460 3014 2515 ad
3049 2460 3313 2515 honorem
3340 2461 3502 2516 redire
3518 2458 3789 2530 possitiouod

2341 2550 2387 2605 si
2418 2550 2611 2621 aliquis
2640 2551 2784 2606 dicat
2818 2568 2830 2603 :
2861 2550 2999 2622 Ergo
3026 2566 3197 2621 negas
3232 2551 3612 2607 misericordiam
3634 2550 3713 2612 Dei,
3729 2549 3789 2619 qui

2340 2640 2478 2695 dixit
2508 2658 2519 2692 :
2552 2639 2692 2694 Nolo
2719 2649 2942 2695 mortem
2982 2642 3295 2711 peccatoris,
3324 2641 3411 2695 sed
3438 2651 3485 2695 ut
3503 2647 3790 2695 convertater

2340 2734 2494 2788 vivat.
2526 2732 2593 2787 Et
2623 2733 2755 2790 illud
2788 2750 2801 2788 :
2836 2732 3091 2804 Nunquid
3120 2734 3215 2806 qui
3255 2734 3410 2798 cadit,
3446 2749 3535 2787 non
3569 2730 3725 2801 adjiciat
3754 2737 3791 2781 at

2339 2828 2615 2899 resurgat?
2650 2827 2719 2881 Et
2773 2809 3013 2900 peccator
3064 2827 3117 2881 in
3171 2842 3465 2899 quacunque
3504 2825 3574 2879 die
3605 2836 3791 2877 comm

2338 2919 2523 2990 fuerit,
2576 2934 2753 2973 omnes
2796 2918 3096 2988 iniquitates
3153 2917 3271 2987 ejus
3331 2915 3548 2970 oblivioni
3585 2911 3789 2965 tradentur.

2340 3008 2523 3082 (ναν.)
2555 3011 2636 3065 Ad
2668 3011 2811 3066 banc
2843 3008 3206 3078 objectionem
3231 3009 3393 3064 libera
3416 3024 3531 3064 voce
3563 3003 3792 3076 respondere

668 3096 1035 3166 blandimenta
1058 3105 1113 3154 et
1132 3098 1461 3177 periculosas
1480 3096 1816 3153 adulationes
1835 3095 2067 3150 libenter
2089 3108 2238 3150 acce-
2260 3141 2307 3206 ο
2337 3112 2394 3159 ει
2419 3119 2705 3176 possumus
2746 3113 2801 3159 ει
2842 3103 3118 3159 debemus,
3155 3103 3311 3158 Absit
3332 3118 3364 3158 ει
3390 3101 3547 3167 nobis,
3570 3107 3619 3154 ut
3651 3099 3698 3153 de
3715 3095 3792 3149 istis

667 3190 865 3269 pimus,
887 3204 985 3249 nos
1027 3205 1139 3257 eos,
1167 3188 1324 3263 (Var.
1370 3207 1458 3261 ap.
1485 3187 1661 3261 Grut.)
1696 3190 1822 3245 dum
1849 3188 1956 3243 illis
1976 3185 2238 3242 inutiliter
2261 3185 2307 3206 "
2340 3198 2627 3253 sententiis
2653 3198 2934 3253 videamur
2961 3196 3047 3251 vel
3088 3195 3285 3251 leviter
3333 3195 3570 3250 dubitare.
3609 3185 3792 3247 Μιιὶιίε-

668 3277 1068 3351 indulgeremus
1091 3280 1146 3335 in
1172 3280 1405 3351 peccatis
1417 3292 1753 3349 permanere,
1768 3286 1861 3334 aut
1880 3279 1992 3348 ipsa
2016 3284 2238 3347 peccata

669 3368 832 3428 etiam
860 3385 1058 3441 augere
1100 3369 1508 3441 permiserimus
1533 3410 1549 3435 ,
1595 3384 1703 3425 non
1733 3369 2079 3425 recordantes
2107 3366 2238 3422 illud

667 3462 812 3538 quod
854 3461 909 3517 in
940 3461 1117 3522 Veteri
1141 3461 1487 3527 Testamento
1517 3461 1776 3531 scriptum
1802 3465 1886 3514 est
1911 3501 1924 3525 ,
1977 3459 2105 3528 quia
2131 3473 2236 3511 uno

667 3544 910 3623 peccante
954 3562 1135 3608 contra
1175 3570 1349 3608 omnes
1378 3553 1457 3606 ira
1482 3552 1579 3607 Dei
1603 3551 1855 3607 desaeviet
1881 3550 1930 3605 ι).
1957 3548 2002 3605 Ο
2022 3549 2193 3620 pietas
2219 3549 2231 3602 !

668 3658 703 3697 ο
729 3642 1125 3699 misericordia!
1151 3645 1243 3699 uni
1268 3658 1510 3714 parcere,
1538 3651 1592 3697 et
1616 3657 1804 3698 omnes
1833 3639 2015 3713 (ναι-π)
2049 3653 2234 3695 exem-

667 3735 758 3805 plo
799 3737 941 3792 malo
986 3738 1041 3792 in
1088 3738 1374 3794 discrimen
1430 3738 1717 3793 adducere.
1766 3735 1885 3794 Non
1932 3736 2008 3791 ita
2045 3735 2237 3791 suadet

671 3834 729 3889 S.
757 3833 937 3909 (Van)
962 3835 1258 3909 Cyprianus
1290 3837 1425 3909 (Lib.
1458 3837 1522 3891 de
1549 3836 1754 3909 Lapsis)
1801 3836 1987 3892 dicens
2018 3850 2033 3890 :
2077 3854 2096 3887 ι
2132 3835 2237 3903 Qui

666 3934 983 4005 peccantem
1006 3927 1184 3982 verbis
1207 3926 1543 3983 adulantibus
1569 3927 1767 4007 palpat,
1794 3927 2053 3998 peccandi
2074 3924 2235 3980 fomi-

668 4021 780 4077 tem
805 4015 1195 4081 snbministrat,
1219 4032 1318 4083 nec
1354 4018 1549 4087 premit
1578 4016 1868 4091 [reprimit]
1895 4018 2114 4083 delicta,
2141 4018 2235 4072 sed

667 4102 831 4161 fovet.
871 4124 890 4157 ι
920 4105 987 4175 Et
1014 4105 1243 4163 iterum?
1268 4126 1284 4158 ι
1317 4102 1601 4187 imperitus
1628 4116 1711 4164 est
1737 4108 1978 4164 medicus
1997 4108 2087 4177 qui
2112 4117 2235 4164 ante

666 4196 927 4266 deiectam
964 4198 1300 4268 putredinem
1328 4201 1637 4271 superducit
1671 4200 1880 4256 vulneri
1922 4200 2234 4257 cicatricem

667 4285 917 4359 (Multum
956 4305 1065 4347 uar.
1097 4291 1151 4344 in
1177 4289 1342 4362 edd,).
1380 4310 1398 4344 ι
1430 4290 1497 4346 Ει
1540 4291 1660 4347 ideo
1696 4292 1980 4363 diligenter
2007 4307 2235 4362 perpen-

2339 3291 2474 3345 siine
2502 3290 2644 3345 enim
2698 3291 2971 3346 credimus
3007 3291 3154 3361 quod
3200 3292 3248 3347 is
3287 3290 3376 3362 qui
3424 3300 3573 3357 usque
3601 3282 3652 3338 ad
3685 3280 3789 3334 ﬁnal

2337 3381 2463 3437 vita:
2483 3397 2594 3436 suae
2621 3382 2994 3451 pcenitentiam
3023 3384 3186 3454 digne
3214 3383 3419 3455 egerit,
3464 3393 3560 3433 non
3595 3372 3712 3431 solum
3737 3368 3787 3421 in-

2337 3472 2667 3542 dulgentiam
2701 3474 2967 3544 accipiet,
3008 3476 3102 3530 sed
3146 3476 3310 3530 etiam
3356 3472 3420 3527 ad
3442 3470 3586 3524 vitam
3619 3471 3791 3520 :ctemm

2338 3562 2582 3635 [praemia
2608 3562 2832 3635 aeterna]
2857 3565 3157 3635 perveniet.
3202 3564 3423 3635 Propter
3449 3556 3646 3635 regulam
3674 3559 3791 3606 tamen

2336 3651 2778 3718 ecclesiasticam,
2803 3661 2857 3708 et
2878 3663 3099 3724 propter
3128 3655 3467 3724 antiquorum
3488 3649 3666 3703 Patrum
3680 3644 3791 3695 statu-

2335 3754 2390 3800 ta
2405 3785 2417 3807 ,
2440 3760 2561 3815 quae
2588 3745 2729 3801 absit
2755 3760 2786 3799 a
2807 3746 2967 3802 nobis
2986 3754 3047 3801 ut
3070 3755 3169 3802 aut
3193 3744 3562 3817 reprehendere
3585 3733 3793 3792 autdiscu-

2334 3845 2451 3892 tere
2477 3835 2789 3901 audeamus,
2805 3851 2929 3892 cum
2953 3838 3241 3893 credamus
3254 3837 3396 3911 [eum
3426 3846 3568 3905 quem
3590 3817 3792 3888 credimus]

2322 3925 2401 3993 [ad
2420 3926 2586 3981 vitam
2609 3935 2868 3983 aeternam
2887 3936 3302 3999 postperactam
3315 3921 3640 3999 paenitentiam
3658 3912 3792 3968 venire.

2333 4019 2401 4075 ad
2431 4020 2689 4083 honorem
2718 4018 3008 4077 clericatus
3049 4022 3348 4078 secundum
3373 4025 3614 4076 tantorum
3646 4009 3794 4064 Patrum

2332 4116 2600 4181 prtecepta
2622 4109 2871 4164 novimus
2893 4125 3001 4164 non
3033 4111 3233 4167 debere
3264 4107 3486 4172 reverti;
3523 4106 3569 4159 in
3592 4107 3743 4155 tantum
3759 4096 3797 4144 ut

2334 4201 2388 4256 in
2416 4200 2711 4256 canonibus
2732 4201 2991 4271 scriptum
3010 4200 3109 4257 sit:
3130 4200 3157 4240 δ
3184 4220 3202 4253 ι
3229 4201 3306 4256 Ne
3334 4198 3466 4254 ullus
3484 4205 3678 4264 unquam

2332 4307 2429 4347 cus
2456 4291 2724 4362 pcenitens
2754 4290 3051 4346 ordinetur.
3093 4311 3111 4343 ι
3158 4291 3227 4346 Et
3255 4291 3301 4347 si
3345 4289 3431 4344 ille
3477 4285 3558 4357 qui
3582 4277 3796 4344 υιιτοιιυι

666 4378 806 4444 dite,
853 4379 898 4434 si
939 4387 1032 4435 aut
1055 4388 1249 4455 potest,
1285 4388 1380 4440 aut
1422 4381 1579 4436 debet
1608 4381 1746 4449 fieril
1776 4390 1837 4436 ut
1877 4390 2146 4437 tantorum
2170 4396 2234 4435 ac
2329 4399 2365 4454 p
2384 4383 2725 4448 rnitentiam,
2755 4383 3003 4451 quamvis
3025 4397 3146 4437 eam
3175 4381 3409 4453 perfecte
3430 4383 3560 4449 agat,
3581 4367 3797 4438 ποηροίδί

667 4470 879 4539 talium,
898 4486 1033 4541 quos
1056 4487 1219 4544 supra
1245 4473 1681 4538 memoravimus,
1705 4474 2042 4529 sacerdotum
2071 4490 2232 4531 cano-
2258 4489 2307 4549 ι)
2333 4476 2615 4545 cpiscopus
2643 4480 2735 4528 aut
2756 4474 3039 4544 presbyter
3064 4474 3328 4537 ordinari,
3350 4472 3420 4526 ita
3457 4475 3511 4523 ut
3536 4458 3705 4521 etiamsi

666 4578 763 4618 nes
790 4571 1210 4631 contemnentes,
1250 4564 1405 4621 aliter
1428 4580 1590 4635 quam
1636 4565 1711 4620 illi
1759 4573 2090 4631 statuerunt,
2138 4568 2234 4623 ob-

665 4668 884 4713 servare
925 4653 1011 4709 vel
1059 4669 1218 4735 agere
1251 4670 1669 4725 praesumamus;
1718 4657 1987 4728 praecipue
2019 4672 2141 4712 cum
2186 4659 2232 4713 si

666 4743 881 4799 illorum
914 4759 1141 4799 cccxvnr
1194 4744 1590 4815 episcoporum,
1627 4745 1725 4816 qui
1764 4761 1864 4815 per
1911 4762 2098 4803 omnes
2126 4748 2233 4805 Ec-

667 4832 862 4889 clesias
896 4833 1123 4889 mncilia
1152 4832 1270 4889 ﬁeri
1298 4831 1482 4905 (γαν.)
1531 4841 1849 4899 statuerunt,
1899 4844 2007 4893 tam
2045 4844 2233 4892 saneta

667 4922 882 4977 decreta
907 4921 1331 4992 neglexerimus,
1360 4936 1465 4977 non
1511 4921 1682 4977 solum
1714 4922 1833 4979 illos
1877 4923 2235 4995 despiciemus

672 5009 1022 5081 (Αάά.ῳιωάσ.
1047 5012 1104 5065 in
1131 5010 1277 5081 edd.)
1301 5011 1397 5066 sed
1424 5018 1479 5067 et
1500 5009 1782 5067 Africanos
1809 5011 2157 5086 [pontifices],
2181 5024 2236 5069 et

672 5114 862 5163 omnes
876 5100 1128 5170 reliquos,
1144 5101 1235 5171 qui
1258 5100 1388 5172 ipsis
1399 5101 1770 5158 ordinantibus
1782 5118 1879 5173 per
1899 5113 2075 5165 totum
2087 5119 2237 5160 mun-

675 5190 804 5249 dum
828 5206 930 5262 pro
957 5191 1320 5259 ecclesiastica
1349 5191 1628 5263 disciplina
1680 5192 1879 5263 aliquid
1911 5202 2235 5261 statuerunt,

674 5294 798 5341 cum
836 5290 1058 5352 peccato
1101 5282 1295 5345 animae
1318 5290 1516 5339 nostra:
1542 5292 1964 5343 contemnemus.
2011 5286 2124 5358 Ego
2152 5302 2238 5343 me

741 5469 771 5535 ς
798 5457 901 5535 ﬂio
923 5457 1075 5515 locus
1097 5459 1247 5535 varie
1273 5467 1330 5516 et
1364 5460 1419 5519 in
1439 5459 1524 5515 ed.
1558 5460 1718 5531 apud.
1749 5459 1902 5520 Grat.
1945 5460 2160 5535 legitur.

744 5528 776 5579 ιν
800 5528 915 5586 Huc
941 5544 1112 5599 usque
1139 5528 1291 5593 Crat.

576 5648 595 5659 .
693 5670 726 5674 __
746 5609 770 5638 ε
794 5598 1158 5674 ilieronymus
1179 5599 1307 5674 lib._r
1335 5599 1592 5674 adversus
1608 5598 1947 5674 Iovinianum
1972 5619 1985 5655 :
2010 5620 2029 5653 ε
2052 5600 2237 5674 Quan-

675 5670 779 5746 t_l_lu_
792 5670 987 5746 impleo
1002 5667 1194 5746 'mariti
1219 5668 1481 5746 (ξξζίίιῇιιιιιἱ
1501 5687 1608 5726 non
1642 5671 1839 5746 impleo
1865 5667 2196 5746 Christiani,
2211 5693 2230 5726 ι

676 5739 748 5796 Et
766 5740 818 5797 in
842 5739 1082 5813 a'pologia
1105 5755 1205 5813 pro
1237 5740 1388 5798 libris
1417 5741 1675 5798 adversus
1702 5739 1874 5800 Joviu.
1906 5760 1920 5798 :
1958 5761 1978 5796 ‹
2014 5743 2237 5813 Quando

2333 4543 2691 4637 ignorantiam
2739 4543 3019 4620 ordinatus
3061 4564 3263 4631 fuerit,
3312 4561 3575 4632 deiiciatur
3598 4574 3617 4609 :-
3640 4550 3708 4607 ille
3737 4543 3797 4615 qui

2333 4656 2535 4711 invitus
2570 4657 2639 4711 ad
2683 4652 3054 4726 paenitentiam
3104 4656 3370 4726 agendam
3415 4654 3467 4707 in
3508 4639 3796 4704 monasterium

2333 4746 2568 4802 mittitur
2591 4747 2641 4819 (ο
2662 4754 2718 4802 et
2740 4747 2928 4818 utique
2953 4748 3082 4817 quid
3110 4748 3276 4814 aliud,
3317 4762 3472 4817 quam
3498 4740 3728 4813 pauitans
3747 4729 3798 4783 δί’

2332 4838 2536 4894 cendus
2558 4837 2711 4908 est?)
2729 4878 2753 4905 ,η
2781 4851 2887 4907 qua
2910 4837 3258 4893 'couscientia
3303 4836 3371 4892 ad
3414 4828 3716 4891 sacerdotium
3744 4831 3796 4871 η-

2334 4927 2447 4982 dire
2484 4926 2854 4995 permittitur?
2899 4923 3067 4991 Nemo
3112 4926 3246 4982 mihi
3275 4925 3378 4982 alia
3425 4919 3643 4994 qua'libet
3669 4914 3796 4967 conm
3882 4950 3883 4955 η

2333 5014 2711 5071 auctoritatem
2742 5014 2889 5071 sedis
2934 5014 3262 5086 apostolicae.
3310 5013 3391 5069 vel
3435 5018 3601 5068 contra
3639 5009 3795 5059 cccxnu

2332 5106 2707 5185 episcoporum
2733 5114 3021 5177 praecepta,
3045 5106 3131 5163 vel
3151 5105 3475 5178 reliquorum
3497 5096 3797 5185 uacanti?

2318 5177 2451 5251 ‘tuta
2473 5194 2690 5265 obiiciat
2708 5214 2721 5249 :
2738 5196 2864 5266 quia
2890 5196 3147 5267 quidquid
3174 5177 3363 5253 contra
3397 5194 3588 5251 illorum

2334 5300 2479 5354 nem,
2494 5284 2549 5340 in
2572 5284 2767 5356 quibus
2790 5284 3047 5358 Spiritum
3067 5296 3317 5347 sanctum
3330 5299 3446 5341 esse
3464 5267 3799 5348 locutumcredi-

2335 5460 2539 5532 impleo
2551 5460 2733 5532 mariti
2752 5457 3016 5532 ofﬁcium,
3031 5474 3138 5516 non
3165 5458 3360 5529 impleo
3372 5446 3697 5513 continentis.»
3714 5434 3796 5497 W1-

2334 5528 2447 5587 not.
2479 5531 2547 5585 ad
2577 5530 2727 5586 Pmn.
2750 5528 2956 5585 Theod.

2401 5600 2430 5640 ει
2458 5600 2622 5656 Cone.
2670 5598 2979 5670 Rom._sub
3025 5598 3205 5656 Hilam
3250 5612 3380 5670 pp.,
3431 5608 3544 5650 can.
3594 5586 3652 5653 ὃς
3687 5587 3794 5637 αα
3878 5616 3879 5669 ξ

2333 5671 2804 5743 Agat_hens.,_can_.
2828 5666 2918 5724 45.

2408 5751 2430 5781 ε
2459 5740 2634 5796 Locus
2656 5740 2709 5795 in
2730 5738 2816 5795 ed.
2847 5747 3155 5810 corruptus.
