4020 6360
187 351 329 413 {017

1039 354 1356 412 CANONES
1393 355 1678 412 SELECTI
1711 355 1804 412 EX
1844 354 2000 412 VET.
2037 354 2192 412 CAN.
2244 355 2556 415 COLLEC'I'

3288 365 3429 423 ‘lOI8

164 489 329 536 vmus,
369 469 571 526 dictum
593 466 776 533 fuerit,
797 467 1039 552 recipere
1063 485 1168 524 non
1196 470 1368 525 solum
1392 470 1757 535 temerarium,
1787 473 1839 530 Α
1862 478 2025 525 certae
2051 469 2391 526 necessitatis
2427 471 2689 537 exoritur,
2724 469 3054 542 [poscentem
3081 474 3428 552 baptismum]

186 565 282 621 sed
309 565 474 618 etiam
497 562 857 631 periculosum
893 561 1010 616 essle
1039 579 1144 616 non
1187 563 1392 618 dubito.
1417 563 1582 618 Valde
1609 563 1754 618 enim

183 665 369 712 metuo
416 664 473 708 et
515 652 874 709 contremisco
912 652 1057 708 illam
1113 653 1511 708 damnationem
1537 693 1551 716 ,
1595 667 1756 721 quam

184 746 308 801 Heli
363 741 615 800 sacerdos
650 752 870 813 pr0pter
922 741 1139 798 stultam
1175 743 1562 813 indulgentiam
1618 744 1760 797 acci-

183 853 317 906 pere
343 836 564 899 meruit,
588 835 677 903 qui
705 850 802 904 pro
830 848 894 888 eo
929 833 1071 902 quod
1101 833 1239 887 ﬁlios
1266 849 1392 887 suos
1427 833 1759 904 negligenter

183 927 494 996 castigavit,
522 934 576 979 et
617 939 710 978 eos
755 939 853 978 nec
893 925 1100 977 caedere
1145 939 1244 976 nec
1292 923 1758 978 excommunicare

182 1018 376 1082 voluit,
405 1016 506 1084 ipsi
534 1014 624 1068 filii
655 1029 762 1068 uno
788 1013 875 1068 die
900 1013 1066 1067 occisi
1100 1021 1244 1075 sunt,
1275 1020 1329 1064 et
1360 1029 1465 1065 xxx
1498 1012 1665 1066 millia
1693 1012 1759 1066 de

180 1107 386 1178 popqu
431 1103 709 1159 interfecta
737 1111 879 1156 sunt.
933 1101 999 1155 Et
1051 1110 1200 1155 arcta
1243 1100 1548 1156 testamenti
1602 1107 1756 1170 capta

181 1207 293 1261 est,
319 1206 374 1252 et
403 1197 514 1268 ipse
547 1203 688 1248 retro
731 1191 930 1248 cadetis
970 1191 1155 1247 fractis
1183 1191 1481 1246 cervicibus
1517 1199 1759 1244 mortuus

180 1299 290 1353 est,
323 1295 379 1342 et
418 1301 612 1340 nomen
660 1284 827 1352 ipsius
855 1283 921 1337 de
939 1283 1086 1340 Jibro
1127 1282 1250 1336 vita:
1293 1281 1524 1336 deletum
1574 1287 1657 1333 est
1705 1287 1760 1334 et

179 1397 210 1436 e
234 1389 424 1436 contra
447 1379 694 1436 Phinees,
723 1376 814 1444 qui
845 1390 939 1445 pro
964 1390 1028 1428 eo
1056 1375 1198 1443 quod
1227 1371 1342 1425 zelo
1387 1371 1479 1424 Dei
1523 1385 1760 1424 commo-

181 1481 272 1526 tus
303 1471 438 1525 duos
473 1469 744 1522 adulteros
772 1464 1018 1536 [pariter]
1050 1462 1332 1525 interfecit,
1381 1470 1552 1515 totum
1591 1476 1758 1529 popu-

181 1562 300 1616 lum
339 1561 406 1615 de
439 1559 528 1615 Dei
553 1556 735 1629 (ναν.)
775 1556 853 1609 ira
891 1554 1157 1609 liberavit.
1203 1551 1313 1606 Nec
1341 1552 1443 1606 hoc
1472 1551 1592 1606 ideo
1617 1553 1756 1614 dico,

180 1660 241 1705 ut
274 1652 416 1705 sicut
446 1650 535 1704 ille
578 1647 723 1711 fecit,
755 1646 914 1700 etiam
945 1660 1085 1699 nunc
1128 1659 1225 1713 per
1261 1652 1489 1698 mortem
1516 1641 1758 1710 corporis

178 1742 494 1798 sacerdotes
521 1739 730 1794 Domini
773 1739 1000 1794 debeant
1027 1737 1324 1800 vindicare;
1355 1735 1449 1788 sed
1489 1734 1614 1804 quia
1645 1748 1753 1792 me-

1859 560 2026 616 liceat
2052 563 2349 631 baptizare.

2479 633 2618 688 Αῖνα
2653 633 2723 688 22
2763 636 2807 688 ε.

1927 721 1984 777 Si
2028 723 2258 779 clericus
2304 722 2458 795 [Quis
2488 725 2811 779 clericorum
2839 725 2984 780 circa
3026 726 3108 799 se]
3139 727 3434 785 districtio-

1857 826 1977 866 ncm
2006 811 2121 883 [aut
2151 813 2548 884 tractationem]
2572 815 2654 868 sui
2683 815 2917 884 episcopi
2953 824 3106 886 putat
3153 817 3431 892 injustam,

1858 902 2016 968 (Add.
2045 904 2384 974 quaedamin
2422 903 2567 973 edd.)
2597 912 2843 958 recurrat
2880 905 2947 958 ad
2985 905 3267 975 synodum.
3349 965 3352 967 λ

2245 993 2424 1047 Canon
2455 992 2801 1064 Epaunensis,
2830 1011 2934 1048 tera
2961 995 3049 1050 28.

1928 1081 1986 1136 Si
2024 1084 2306 1154 episc0pus
2352 1090 2476 1136 ante
2519 1084 2755 1137 damnati
2798 1084 3186 1138 absolutionem
3233 1084 3433 1140 obierit

1858 1171 2028 1244 [obitu
2058 1171 2340 1244 rapiatur],
2383 1184 2686 1227 correctum
2715 1181 2805 1227 aut
2829 1175 3181 1244 pmnitentem
3215 1189 3433 1232 succes-

1858 1263 1968 1316 sori
1993 1263 2178 1317 licebit
2200 1262 2496 1316 absolvere.

2229 1352 2409 1406 Conon
2439 1353 2786 1420 Arelatensis,
2820 1371 2927 1408 (era
2955 1356 2988 1408 4
3007 1356 3057 1409 δ.

1929 1441 1999 1497 Ut
2039 1442 2337 1512 presbyter,
2385 1443 2758 1513 presbyterum
2805 1443 2968 1516 [£ch
2999 1463 3102 1498 om.
3143 1446 3428 1518 presbyte-

1862 1533 2036 1606 rum],
2079 1535 2390 1599 diaconum,
2421 1541 2515 1587 aut
2542 1535 2924 1590 subdiaconum
2956 1538 3021 1591 de
3049 1537 3236 1592 ordine
3266 1538 3430 1609 depo-

1859 1642 1988 1681 nere
2030 1627 2213 1682 nescio
2255 1642 2353 1681 suo
2394 1627 2646 1696 episcopo
2686 1643 2792 1682 non
2838 1637 3146 1697 praesumat.
3198 1629 3350 1696 Quod
3385 1630 3432 1685 si
3523 1648 3527 1653 ·

1861 1715 2068 1782 fecerit,
2097 1717 2183 1771 ille
2212 1717 2265 1771 in
2296 1717 2472 1772 ollicio
2497 1716 2582 1772 vel
2613 1719 2989 1774 communione
3020 1718 3329 1788 recipiatur,
3376 1729 3434 1774 et

179 1835 290 1890 lius
311 1843 414 1900 est,
437 1843 498 1889 ut
519 1833 883 1902 unusquisque
904 1845 1070 1900 parvo
1095 1839 1333 1897 tempore
1357 1829 1411 1882 in
1432 1827 1534 1880 hoc
1559 1825 1756 1880 mundo

1877 1808 1946 1863 lle
1986 1824 2128 1864 anno
2157 1809 2368 1880 integro
2411 1810 2788 1866 communione
2817 1809 2972 1882 (Var.
3004 1821 3050 1865 et
3077 1812 3249 1881 quwd.
3279 1813 3431 1886 add.)

179 1925 402 2000 [donec
445 1925 574 1979 vivit
611 1923 985 1978 verecundiam
1032 1918 1121 1991 et]
1171 1919 1538 1974 confusionem
1580 1917 1757 1971 'susti-

180 2025 330 2080 neat,
375 2030 536 2084 quam
575 2021 759 2084 postea
789 2011 855 2065 ad
896 2009 1153 2079 supplicia
1205 2016 1404 2062 mterna
1432 2006 1709 2076 perveniat
1742 2024 1754 2059 :

179 2119 235 2164 et
260 2109 492 2162 multum
527 2106 576 2160 ei
605 2104 792 2158 utilius
824 2112 908 2157 est
933 2109 1154 2170 propter
1179 2099 1405 2153 aliorum
1428 2097 1756 2167 exemplum,

179 2203 422 2274 quandiu
444 2200 593 2264 vivit,
626 2205 865 2252 remotus
900 2197 967 2250 ab
997 2196 1197 2249 honore
1223 2191 1590 2262 pmnitentiam
1614 2197 1756 2260 agat,

179 2305 233 2347 et
263 2291 561 2346 remedium
593 2289 692 2343 sibi
738 2287 791 2342 in
839 2287 926 2341 die
957 2284 1294 2340 necessitatis
1338 2282 1598 2351 acquirat.
1632 2279 1762 2346 Qui-

179 2397 399 2451 cunque
451 2379 705 2449 parvitati
743 2392 877 2432 mea:
924 2377 976 2430 in
1025 2376 1128 2429 hac
1179 2388 1341 2428 causa
1382 2370 1609 2424 voluerit
1643 2383 1761 2422 esse

179 2487 470 2535 onerosus,
499 2469 643 2524 aliud
693 2483 1009 2537 responsum
1051 2466 1099 2520 ei
1161 2481 1268 2518 non
1320 2464 1449 2517 dare
1499 2461 1758 2524 delibero,

181 2560 292 2616 nisi
321 2560 465 2631 quod
510 2557 802 2628 supradicti
847 2569 1081 2611 canones
1131 2555 1407 2609 continere
1436 2551 1684 2604 videntur
1710 2561 1757 2603 α.

183 2670 254 2742 ιη
279 2672 500 2746 cpistola
543 2673 571 2712 δ
619 2671 799 2728 Siricii
833 2687 982 2794 pgp‘rze
1133 2666 1407 2722 Genesium
1444 2665 1758 2733 episcopum,

256 2869 281 2897 ε
309 2857 597 2926 Presbyter
621 2854 712 2925 qui
753 2853 882 2908 dicit
919 2868 976 2907 se
1005 2850 1234 2913 nescire,
1267 2849 1311 2903 si
1340 2848 1621 2917 cpiscopus
1665 2846 1764 2900 fuit
1821 2837 1827 2845 ’

186 2949 285 3020 qui
309 2964 426 3002 eum
460 2947 750 3010 ordinavit,
779 2954 834 3000 et
880 2946 1154 3014 aliquanto
1196 2952 1434 3012 tempore
1466 2943 1658 2996 missas
1687 2940 1762 2994 fe-

184 3041 284 3105 cit,
319 3049 375 3094 et
399 3049 584 3110 postea
631 3038 853 3092 dimisso
905 3037 1079 3092 ollicio
1132 3051 1354 3090 uxorem
1400 3035 1574 3098 duxit,
1622 3035 1765 3088 hunc

1862 1908 1917 1953 et
1939 1900 2114 1955 cilicio
2138 1900 2400 1972 privetur.

2489 1971 2627 2026 /Era
2654 1972 2794 2028 29‘.

1931 2061 2206 2132 (Quaedam
2248 2079 2360 2117 var.
2411 2071 2460 2117 et
2510 2063 2636 2116 add.
2689 2063 2744 2116 in
2792 2062 2937 2134 edd.)
2986 2061 3436 2118 Acommunione

1859 2169 2169 2224 SiISpensos,
2207 2171 2314 2209 non
2341 2155 2515 2210 solum
2544 2172 2572 2210 a
2604 2156 2945 2221 clericorum,
2976 2157 3069 2210 Sed
3098 2157 3260 2210 etiam
3295 2172 3325 2211 a
3354 2165 3437 2212 to-

1859 2247 1963 2300 tius
1988 2246 2164 2316 populi
2193 2246 2459 2314 colloquio
2485 2255 2540 2300 et
2566 2247 2817 2301 convictu
2845 2246 3047 2316 placuit
3071 2247 3282 2301 excludi

2205 2335 2389 2390 Conon
2419 2336 2770 2407 apostolorum
2789 2378 2803 2401 ,
2844 2354 2951 2390 azra
2982 2338 3014 2390 9
3039 2335 3082 2390 ί.

1928 2426 2252 2496 Episcopus,
2295 2427 2600 2497 presbyter,
2643 2436 2738 2480 aut
2765 2427 3026 2482 diaconus
3057 2427 3100 2480 si
3130 2440 3226 2495 pro
3252 2426 3438 2482 crimi—

1859 2518 2018 2572 nibus
2055 2517 2293 2572 damnati
2332 2515 2568 2584 fuerint,
2622 2518 2844 2574 minime
2891 2519 3270 2574 communione
3315 2519 3432 2589 pri-

1858 2617 2072 2662 ventur.

2246 2678 2428 2734 Conon
2460 2679 2730 2744 Nica'nus,
2761 2695 2870 2734 tera
2899 2678 2968 2732 26
2990 2679 3036 2732 ιι.

1936 2767 1955 2809 1
1988 2769 2320 2840 Degradatus
2355 2770 2637 2840 episcopus
2674 2770 2720 2823 si
2760 2769 3029 2840 appellare
3063 2769 3331 2836 voluerit,
3377 2781 3437 2827 et

1861 2859 2162 2930 confugerit
2189 2861 2258 2915 ad
2286 2861 2597 2929 episcopum
2626 2860 2882 2915 Romamn
2911 2861 3191 2928 Ecclesiae,
3231 2871 3286 2918 et
3320 2863 3433 2932 ipse

1862 2967 1959 3022 pro
1985 2967 2049 3005 eo
2075 2952 2416 3022 rescripserit
2435 2952 2700 3021 episcopis
2721 2951 2811 3020 qui
2838 2951 2890 3005 in
2917 2951 3139 3006 ﬁnitima
3160 2952 3436 3021 provincia

1865 3050 2011 3107 sunt,
2042 3043 2142 3112 ipsi
2172 3042 2457 3112 diligenter
2483 3043 2666 3096 omnia
2696 3043 2990 3110 inquirant,
3019 3051 3074 3097 et
3094 3041 3248 3111 juxta
3276 3043 3438 3098 fidem

182 3131 760 3202 pseudopresbyterum
789 3129 909 3198 quis
939 3129 1177 3198 ambigat
1201 3142 1320 3183 esse
1351 3124 1763 3182 detestabilem?
1791 3152 1836 3212 ο
1866 3133 2110 3187 veritatis
2137 3131 2412 3186 definiant.
2459 3131 2612 3198 Quod
2641 3133 2684 3186 si
2715 3132 2995 3202 episcopus
3028 3131 3302 3188 Romanus
3340 3149 3440 3204 pro

183 3222 294 3278 Pro
329 3237 439 3291 quo
476 3221 692 3276 omnino
730 3216 1061 3286 abjiciendus
1102 3224 1211 3282 est,
1243 3224 1298 3271 et
1339 3217 1395 3270 in
1433 3215 1761 3274 monasterio

182 3312 254 3379 ad
305 3312 684 3390 penitentiam
738 3312 886 3367 omni
945 3319 1184 3379 tempore
1239 3311 1362 3365 vitae
1414 3323 1525 3368 suae
1582 3316 1762 3362 retru-

183 3404 414 3460 dendus.
437 3429 483 3472 λς
506 3461 523 3471 ,,
774 3471 1001 3529 CAPUT
1038 3471 1179 3534 XIX.

185 3598 254 3638 DE
290 3598 526 3648 EXPULSO
563 3599 627 3639 AB
663 3598 939 3648 ECCLESIA,
976 3599 1044 3637 ET
1080 3599 1144 3636 DE
1182 3595 1628 3638 EXCOIHUNICATO
1666 3593 1766 3634 νει.

668 3669 918 3708 DANNA‘I'O
952 3671 1017 3708 ΑΒ
1055 3668 1282 3708 οιτιειο.

567 3764 748 3821 Conon
785 3767 1173 3832 Antiochensis,
1208 3783 1315 3820 atra
1345 3766 1398 3821 2.

262 3882 288 3921 ἀ
317 3881 638 3959 Quicunque
665 3897 731 3937 ex
763 3881 908 3936 clero
949 3881 1314 3952 deprehensus
1354 3880 1518 3936 fuerit
1553 3894 1770 3936 excom-

185 3974 484 4044 municatis
515 3974 933 4038 communicare,
964 3972 1064 4027 iste
1087 3972 1328 4041 privetur
1371 3971 1768 4030 communione.

550 4084 729 4141 Canon
752 4084 1158 4148 Aurelianensis,
1176 4100 1283 4138 tera
1312 4085 1346 4138 5
1369 4095 1413 4138 θ.

263 4199 323 4258 Si
346 4200 468 4270 quis
491 4197 602 4270 [ab]
621 4198 892 4267 episcopo,
908 4195 992 4250 vel
1016 4195 1081 4249 de
1102 4193 1355 4248 Ecclesiae
1368 4191 1451 4247 vel
1467 4191 1533 4246 de
1553 4189 1770 4261 proprio

188 4291 312 4362 iure
353 4287 645 4344 crediderit
673 4287 874 4355 aliquid
904 4285 1272 4356 repetendum,
1309 4283 1354 4338 si
1381 4282 1513 4337 nihil
1541 4277 1771 4336 convicii

191 4395 294 4450 aut
340 4382 736 4440 criminationis
771 4380 1052 4449 objecerit,
1081 4394 1204 4433 eum
1253 4392 1353 4448 pro
1382 4375 1494 4432 sola
1539 4390 1774 4432 conven-

1864 3229 2118 3276 accusato
2154 3222 2526 3291 presbyterum
2557 3220 2622 3274 de
2649 3220 2816 3276 latere
2843 3235 2940 3275 suo
2965 3222 3202 3286 miserit,
3247 3221 3446 3278 habeat

1864 3314 1980 3384 ejus
2005 3313 2386 3368 auctoritatem
2415 3326 2445 3364 a
2473 3327 2578 3380 quo
2606 3313 2801 3366 missus
2827 3321 2932 3367 est.

2420 3418 2486 3456 DE
2526 3417 2890 3458 INTEBDICTIS.

2204 3491 2387 3548 Canon
2416 3491 2800 3563 Apostolorum,
2833 3508 2942 3546 (era
2967 3492 3037 3547 28
3065 3503 3125 3546 ω.

1937 3586 1997 3644 Si
2021 3585 2141 3656 quis
2169 3585 2447 3654 depositus
2471 3597 2571 3653 pro
2599 3583 2764 3638 certis
2790 3582 3107 3637 criminibus
3135 3595 3299 3636 ausus
3329 3581 3444 3637 fuco

1864 3679 1937 3736 rit
1965 3685 2254 3732 attrectare
2275 3673 2632 3730 ministerium
2652 3672 2756 3728 sibi
2787 3673 3152 3738 interdictum,
3177 3671 3245 3727 ab
3269 3671 3445 3728 eccle-

1866 3769 1950 3826 sia
1977 3767 2262 3838 abjiciatur

2240 3857 2425 3913 Conon
2452 3858 2834 3920 Antiochensis,
2867 3873 3066 3912 (πω...

1867 3972 1869 3974 ·
1941 3962 1970 3990 ιι
1993 3952 2051 4006 Si
2080 3951 2202 4020 quis
2226 3949 2503 4019 depositus
2527 3949 2592 4003 de
2620 3947 2767 4002 clero
2793 3947 3198 4016 praesumpserit
3220 3945 3445 4016 gradum

1869 4045 1972 4101 sibi
2001 4044 2368 4106 interdictum,
2400 4047 2510 4093 tam
2543 4040 2739 4108 ipsum,
2771 4053 2932 4106 quam
2962 4039 3009 4092 ei
3043 4024 3446 4092 communican-

1871 4147 1985 4201 tes,
2027 4137 2117 4205 qui
2159 4134 2274 4204 ejus
2312 4140 2683 4204 coguoverunt
2710 4131 3064 4196 sententiam,
3111 4131 3177 4185 ab
3205 4129 3446 4185 Ecclesia

1872 4227 2034 4297 abjici
2061 4233 2294 4295 oportet.

2264 4313 2448 4368 Conon
2473 4312 2810 4379 Arctatensis,
2840 4329 2948 4368 trra
2974 4310 3060 4364 16.

1945 4405 2048 4473 Qui
2093 4420 2193 4476 pro
2238 4404 2432 4459 delicto
2476 4418 2574 4459 suo
2619 4419 2650 4458 a
2693 4402 3067 4457 communione
3107 4407 3444 4470 separantur,

191 4482 346 4548 “one
371 4493 403 4531 ³
437 4473 815 4532 communione
845 4467 1172 4546 [Ecclesia]
1205 4483 1312 4523 non
1353 4466 1515 4522 liceat
1555 4467 1774 4523 submo’
1797 4489 1850 4550 Β
1882 4466 2112 4570 [pl-acuit.
2127 4495 2209 4568 ut]
2230 4497 2284 4550 in
2308 4496 2504 4564 quibus
2533 4495 2665 4549 locis
2690 4494 2887 4548 fuerint
2912 4492 3139 4555 exclusi,
3164 4466 3216 4544 in
3239 4490 3448 4545 eisdem

190 4573 312 4628 veri

839 4653 974 4720 ΛΕιά
1009 4653 1058 4708 9-
1092 4652 1135 4708 τ.

271 4774 336 4834 Si
387 4773 646 4839 diaconus
675 4778 767 4825 aut
794 4770 1096 4839 presbyter,
1126 4781 1226 4837 pro
1274 4776 1430 4821 reatu
1459 4780 1557 4822 suo
1605 4779 1664 4820 se
1711 4766 1778 4820 ab

197 4866 396 4933 altaris
423 4864 800 4920 communione
824 4865 923 4918 sub
961 4863 1270 4933 paenitentis
1295 4861 1628 4932 professione
1653 4861 1781 4914 sub-

198 4957 471 5026 moverit;
510 4957 556 5012 si
604 4957 706 5029 [sic
732 4955 976 5028 quoque]
1023 4955 1114 5010 alii
1167 4953 1467 5019 defuerint,
1521 4960 1576 5007 et
1617 4966 1780 5007 causa

275 5083 304 5114 ι
333 5069 480 5124 Nihil
511 5070 736 5140 amplius
759 5069 958 5124 habere
984 5068 1101 5124 cod.
1136 5067 1512 5140 Corbeiensem
1535 5072 1590 5118 et
1611 5063 1778 5140 Pi.tb.,

199 5149 407 5197 caetera
431 5156 560 5195 vero
587 5135 651 5194 ex
676 5141 832 5194 unico
865 5139 1153 5194 Rhemensi
1175 5137 1446 5207 descripta
1471 5151 1590 5190 esse
1610 5135 1782 5188 anim—

202 5210 445 5278 advertit
463 5226 514 5264 v.
549 5209 616 5265 cI.
639 5209 686 5263 J.
716 5209 1054 5265 Sirmondus.

278 5282 310 5322 ιι
339 5279 466 5350 Haec
498 5280 723 5350 epistola
753 5281 1108 5350 desideratur.

281 5362 304 5389 ε
343 5349 479 5405 Vide
511 5348 790 5419 epistolam
839 5350 905 5404 ad
955 5348 1296 5419 Himerium,_
1332 5362 1364 5419 [ι
1417 5360 1525 5419 qua
1568 5357 1780 5408 sensus,

206 5434 320 5490 non
345 5421 464 5490 ipsa
488 5414 654 5476 verba
682 5420 1171 5490 deprehenduntur.
1182 5417 1300 5490 Sed
1332 5414 1634 5490 Stephanus
1656 5430 1780 5484 pap.

203 5487 275 5552 ll,
309 5486 385 5545 in_
413 5505 556 5560 resp.
605 5491 672 5545 ad
715 5486 867 5544 varia.
891 5488 1131 5560 consulta
1181 5487 1313 5542 Brit.
1348 5486 1780 5560 monachorum,

209 5575 333 5686 22p].
368 5560 436 5615 l0
480 5555 548 5616 e'x
595 5561 753 5632 epist.
810 5559 988 5614 Siricii
1038 5559 1224 5623 refert,
1257 5566 1316 5613 ut
1348 5557 1542 5629 legitur
1589 5555 1644 5611 in
1681 5555 1784 5611 hac

282 5702 310 5741 εἰ
351 5700 631 5772 Interpret.
673 5715 772 5772 nec
797 5699 1015 5772 Dionys.
1045 5715 1145 5756 nec
1167 5698 1292 5756 Isid.

291 5785 313 5814 ι
346 5769 508 5827 Cone.
541 5770 723 5827 Aurel.
749 5787 790 5838 ι,
813 5786 862 5826 c.
894 5769 946 5826 6.

1877 4587 2090 4660 [eodem
2115 4584 2257 4658 loco]
2285 4586 2718 4641 communionem
2743 4590 3160 4651 consequantur.

2474 4675 2699 4732 CAPUT
2738 4673 2855 4730 XX.

2005 4785 2073 4827 DX
2107 4784 2302 4827 OBDINE
2340 4781 2744 4827 ECCLESIASTICO
2781 4782 2850 4820 ΕΤ
2889 4779 3098 4820 OFFICIO
3135 4776 3320 4818 IISSE.

2256 4784 2302 4823 te
2340 4784 2466 4823 εοοι
2505 4784 2744 4821 susnco
2781 4784 2850 4820 ετ
2889 4784 3072 4820 omen

2256 4857 2437 4914 Canon
2464 4784 2815 4928 Epaunensis,
2847 4873 2954 4911 αντα
2982 4856 3072 4910 Ἦ.

1949 4953 2033 5010 Ad
2059 4951 2375 5008 celebranda
2399 4950 2577 5006 divina
2606 4948 2778 5005 ollicia
2802 4949 3042 5005 ordinem
3064 4962 3225 5017 quem
3251 4953 3453 5001 metro-

1958 5067 1978 5107 ΐ
2011 5068 2262 5137 Ejusdem
2290 5082 2465 5132 conc.,
2497 5081 2547 5120 c.
2575 5063 2659 5137 12.

1957 5140 1981 5178 ε
2011 5136 2174 5193 COnc.
2207 5137 2388 5191 Aurel.
2422 5153 2504 5200 ιιι,
2535 5151 2585 5190 c.
2615 5136 2706 5190 20.

1954 5209 1980 5248 ιι
2009 5208 2172 5263 Cone.
2201 5207 2345 5262 Arei.
2369 5222 2420 5271 γ,
2453 5223 2501 5262 c.
2527 5205 2580 5259 4.

1960 5279 1976 5318 ί
2008 5278 2172 5334 Cone.
2201 5277 2406 5331 Arelat.
2435 5293 2492 5340 ιι,
2523 5292 2570 5332 c.
2597 5274 2686 5330 49.

1959 5347 2068 5405 iC.
2115 5347 2188 5402 25
2235 5348 2431 5417 interp.
2482 5347 2698 5416 Dionys.
2728 5383 2745 5410 ,
2795 5358 2825 5397 a
2875 5358 2982 5412 qua
3027 5340 3296 5413 discrepat
3338 5339 3456 5395 haec

1886 5427 2211 5566 ιιηξὲὶόιιιείι.
2241 5486 2581 5566 Sartlicensis
2607 5501 2656 5540 c.
2684 5484 2893 5566 5ju1§ta
2918 5481 3014 5539 Gr.

1963 5559 1978 5599 1
2010 5560 2206 5630 ιςιιίνξη)ἶ
2236 5573 2334 5612 nec
2358 5557 2576 5630 Dionys.
2604 5571 2703 5610 nec
2727 5555 2853 5609 Isid.
2889 5621 2972 5630 HM
3036 5629 3040 5630 ί
3076 5621 3088 5630 _
3129 5627 3137 5630 _
3209 5618 3219 5630 ,

1953 5640 1995 5670 ἠ
2017 5629 2076 5683 C.
2099 5621 2170 5684 29
2194 5628 2386 5697 interp.
2417 5621 2655 5696 Dionys.,
2687 5640 2844 5697 aqua
2871 5621 3048 5678 differt
3075 5621 3178 5675 ista
3206 5621 3404 5688 interp.

1960 5712 1985 5740 ιι
2010 5700 2204 5770 Interp.
2231 5695 2574 5769 ncc'Dionys’.
2602 5712 2699 5754 nec
2721 5695 2824 5750 Isid
3361 5717 3364 5719 ·
