4020 6360
697 248 838 308 ma

1542 258 1860 320 CANONES
1900 263 2189 324 SELECTl
2226 268 2319 324 EX
2370 273 2517 329 VET.
2554 272 2711 331 CAN.
2754 278 3085 338 COLLECT.

3722 314 3813 377 ωΞῦ

695 361 917 433 politani
949 370 1161 429 tenent,
1203 375 1227 403 ιι
1248 367 1603 435 provinciales
1636 386 1822 427 eorum
1860 374 2146 433 observare
2172 379 2266 434 de-
2291 387 2340 445 Α
2368 395 2474 436 non
2503 381 2690 451 debeo,
2717 402 2821 456 pax
2849 389 2921 443 sit
2946 392 3246 449 necessaria
3265 392 3528 464 iudicanda
3547 406 3810 500 [inmunda].

695 452 843 500 bent.
2365 486 2463 500 ..,...
2491 488 2648 500 mm...
2690 487 2892 500 μη.-.
2926 480 3164 500 “his”-
3252 486 3266 500 .
3416 491 3426 500 .

694 452 843 505 bent.

694 542 936 612 Epistula
979 545 1275 606 Innocentii
1287 569 1590 692 ὧιέξιιὲηὲει
1610 556 1921 666 ιριεειεηιὶιιηι
1967 563 2264 635 episcopum

762 702 822 761 Si
848 704 1091 765 instituta
1119 710 1502 775 ecclesiastica.
1528 725 1589 771 ut
1610 727 1733 773 sunt
1758 735 1789 773 a
1810 721 1985 778 beatis
2010 726 2264 795 apostolis

692 796 910 864 tradita,
942 799 1152 873 integra
1182 802 1376 858 vellent
1403 821 1623 862 servare
1664 813 1972 869 sacerdotes
2015 816 2259 885 Domini,

691 885 838 940 nulla
882 886 1199 956 diversitas,
1245 893 1390 947 nulla
1434 896 1670 953 varietas
1710 900 1763 954 in
1806 901 1937 971 ipsis
1983 904 2262 962 ordinibus

689 988 756 1030 ac
800 980 1292 1037 consecrationibus
1336 983 1645 1041 haberetur.
1713 988 1819 1045 Sed
1866 994 2009 1064 quod
2060 994 2263 1070 [dum]

688 1069 1087 1138 unusquisque,
1133 1088 1239 1128 non
1269 1078 1411 1145 quod
1442 1079 1697 1135 traditum
1721 1091 1835 1151 est,
1864 1086 1958 1140 sed
1985 1088 2127 1156 quod
2156 1069 2259 1145 sibi

686 1159 859 1216 visum
887 1161 1079 1230 fuerit,
1109 1165 1213 1222 hoc
1238 1172 1472 1226 aestimat
1500 1188 1619 1230 esse
1646 1179 1967 1247 tenendum;
2015 1183 2138 1239 inde
2179 1185 2260 1239 di-

684 1262 842 1306 versa
871 1251 924 1307 in
954 1254 1182 1313 diversis
1211 1258 1344 1314 locis
1367 1260 1472 1334 [vel
1490 1264 1751 1339 ccclesiis]
1781 1272 1951 1326 teneri
1982 1271 2095 1344 [aut
2121 1274 2259 1330 cele-

684 1339 855 1415 brari]
904 1345 1235 1404 videantur:
1269 1349 1427 1423 (Var.
1473 1356 1618 1430 edd.)
1667 1359 1792 1415 hinc
1839 1361 1899 1417 ﬁt
1945 1339 2255 1423 scandalum

683 1432 913 1503 populis,
960 1437 1053 1506 qui
1082 1438 1207 1494 dum
1235 1446 1479 1500 nesciunt
1523 1449 1838 1508 traditiones
1875 1456 2124 1526 antiquas
2152 1458 2253 1513 hu-

682 1537 839 1577 mana
865 1531 1277 1600 praesumptione
1305 1545 1607 1609 corruptas,
1626 1547 1817 1609 putant
1843 1544 1944 1599 sibi
1974 1554 2065 1601 aut
2086 1548 2256 1603 eccle-

680 1613 789 1668 sias
830 1632 935 1672 non
977 1622 1300 1691 convenire,
1351 1634 1445 1681 aut
1491 1631 1760 1698 apostolos
1796 1635 1880 1688 vel
1930 1637 2254 1706 apostolicos

2365 486 2463 542 per
2489 488 2650 542 quam
2686 487 2896 535 constet
2926 480 3175 551 populum
3202 486 3268 540 ad
3294 491 3458 545 omnia
3485 510 3587 564 qua:
3609 502 3651 558 in
3673 480 3812 580 mysi;

2365 562 2461 617 riis
2492 573 2723 635 aguntur
2740 572 2974 638 atquein
2998 572 3233 630 Ecclesia
3253 562 3583 655 celebrantur,

2361 667 2681 711 consensum
2700 698 2723 722 ,ἢ
2753 674 2816 713 ac
2847 659 3002 717 ﬁnita
3028 678 3144 719 esse
3167 667 3312 736 pacis
3343 659 3662 739 coneludenitis
3684 659 3807 760 signa:

2361 742 2484 798 culo
2529 745 2985 806 demonstrentur.
3040 753 3189 828 (Cap.
3216 757 3292 830 2.)
3330 759 3401 818 De
3444 742 3811 841 Mmhibusieio

2361 836 2673 906 recitandis,
2704 850 2994 913 antequam
3024 862 3210 917 pacem
3234 848 3463 928 [preces]
3478 864 3684 921 sacerdos
3701 836 3809 943 atque

2358 942 2547 985 eorum
2573 931 2894 1001 oblationes,
2934 953 3167 1007 quorum.
3202 945 3409 1001 nomina
3450 953 3679 1012 recitanda
3709 931 3805 1032 sunt,

2359 1032 2455 1072 sua
2481 1021 2721 1078 oratione
2749 1029 3117 1095 commendet,
3142 1046 3303 1101 quam
3325 1038 3615 1106 superﬂuum
3635 1048 3713 1114 sit,
3732 1021 3806 1121 ipse

2357 1123 2453 1179 per
2477 1117 2622 1164 tuam
2651 1114 2990 1182 prudentiam
3020 1125 3388 1191 recognoscis:
3415 1136 3482 1193 ut,
3503 1130 3630 1200 cujus
3645 1114 3804 1198 hostiam

2357 1200 2587 1257 necdum
2631 1203 2742 1259 Deo
2785 1205 2982 1264 oil‘eras
3006 1249 3023 1274 ,
3074 1211 3191 1282 ejus
3238 1230 3425 1272 nomen
3467 1230 3575 1276 ante
3613 1226 3801 1297 insinues,

2359 1292 2540 1368 (ναν.)
2590 1311 2712 1351 cum
2762 1297 2835 1354 illi
2884 1301 3213 1374 incognitum
3250 1308 3378 1363 nihil
3414 1310 3493 1365 sit.
3536 1292 3802 1395 Prius(i’¢r.]

2355 1385 2499 1439 enim
2528 1387 2825 1444 oblationes
2853 1399 2978 1446 sunt
3002 1398 3453 1467 commendandae,
3479 1419 3535 1458 ac
3560 1414 3659 1464 tunc
3678 1385 3802 1469 eorum

2354 1475 2570 1529 nomina
2591 1493 2822 1547 quorum
2849 1491 2995 1549 sunt,
3015 1485 3292 1555 edicenda,
3314 1498 3371 1545 ut
3387 1492 3514 1548 inter
3528 1511 3653 1554 sacra
3669 1512 3803 1572 myste.

2354 1564 2433 1618 ria
2458 1566 2820 1634 nominentur,
2838 1586 2942 1631 non
2968 1573 3109 1629 inter
3127 1576 3232 1633 alia
3253 1593 3366 1648 quae
3385 1592 3498 1637 ante
3512 1564 3801 1659 praemittimus,

2354 1664 2414 1709 ut
2456 1656 2588 1726 ipsis
2633 1662 2904 1729 mysteriis
2928 1664 3069 1719 viam
3098 1666 3294 1725 futuris
3318 1673 3545 1739 precibus
3568 1656 3798 1748 aperiamus.

2363 1706 2385 1708 ,ν
2400 1706 2412 1709 _
2458 1706 2585 1726 _r-__
2633 1706 2683 1712 ---
2725 1706 2903 1718 ..-ν-..υ
2938 1706 3069 1719 van-Il
3098 1706 3235 1723 ιιιιυι
3249 1706 3294 1725 Ιῦ
3356 1706 3545 1729 Ιυυιυυθ
3568 1706 3591 1731 i

680 1706 826 1762 viros
851 1715 1121 1769 contraria
1150 1719 1383 1774 sensisse
1410 1718 1527 1792 [aut
1553 1723 1622 1778 ab
1649 1727 1904 1795 apostolis
1930 1730 2012 1784 vel
2040 1740 2251 1800 apostoo
2286 1727 2326 1786 Β
2354 1743 2507 1817 (Cap.
2528 1745 2607 1819 '5.)
2627 1706 2710 1802 né
2723 1752 3101 1822 consignandis
3118 1772 3250 1813 vero
3271 1706 3539 1818 initiantibus
3556 1706 3800 1825 mtiliiestnm

813 1798 943 1825 cog-:4-
966 1806 1337 1825 t-A—l———!-“‘*
1368 1824 1389 1825 "
1426 1811 1437 1822 .
1499 1811 1512 1825 '
1594 1819 1605 1825 ⁴
1705 1814 1721 1825 .-
1775 1815 1807 1825 Λ
1856 1817 1867 1825 -
2059 1819 2076 1825 -
2153 1821 2163 1825 ‘
2227 1820 2245 1825 Δ

678 1793 797 1851 lieis
813 1798 946 1855 viris
962 1806 1401 1863 contrarietatem
1424 1793 1744 1886 inductam].
1769 1815 1900 1884 Quis
1915 1833 2043 1889 ergo
2059 1793 2246 1893 [enim]

678 1887 888 1942 nesciat
908 1887 1023 1960 [aut
1048 1906 1153 1947 non
1181 1895 1448 1971 advertat]
1470 1900 1524 1956 id
1547 1904 1688 1972 quod
1718 1920 1748 1958 a
1775 1887 2013 1978 principe
2038 1887 2253 1979 aposto;

677 1977 851 2031 torum
878 1978 1037 2037 Petro
1066 1984 1322 2042 traditum
1350 1997 1461 2055 est,
1500 2001 1558 2047 et
1579 1994 1683 2049 hoc
1710 2013 1851 2053 nunc
1876 1977 2045 2069 usique
2073 1977 2252 2059 custo-

676 2064 838 2133 ditur,
865 2068 933 2124 ab
957 2073 1203 2129 omnibus
1230 2075 1427 2135 debere
1455 2084 1680 2151 servari,
1711 2102 1813 2142 nec
1839 2064 2124 2159 superduci
2156 2103 2250 2149 aut

676 2155 940 2217 introduci
969 2165 1171 2235 aliquid
1198 2170 1343 2239 quod
1374 2170 1555 2247 (ναν.)
1597 2174 1712 2245 ejus
1739 2155 2109 2239 auctoritatem
2141 2202 2247 2242 non

674 2247 888 2315 habeat,
922 2263 944 2291 ε
964 2258 1266 2323 praesertim
1290 2275 1413 2316 cum
1441 2263 1513 2318 sit
1533 2266 1899 2335 manifestum,
1918 2287 2015 2341 per
2032 2289 2249 2335 omnem.

671 2334 900 2406 Italiam,
933 2340 1153 2412 Gallias,
1183 2345 1491 2419 Hispanias,
1526 2353 1789 2424 Africam,
1816 2334 1977 2430 atque
2006 2361 2245 2421 Siciliam

670 2433 723 2479 et
751 2425 955 2485 insulas
985 2431 1384 2505 interjacentes,
1412 2442 1616 2499 nullum
1643 2425 1939 2507 instituisse
1966 2454 2239 2521 ecclesias,

669 2514 772 2570 nisi
810 2532 903 2573 eos
942 2536 1078 2591 quos
1103 2529 1424 2587 venerabilis
1462 2535 1733 2605 apostolus
1762 2537 1956 2597 Petrus
1996 2551 2090 2600 aut
2127 2514 2244 2613 ejus

667 2618 1009 2667 successores
1035 2618 1430 2677 constituerunt
1458 2626 1808 2684 sacerdotes?
1838 2630 1946 2685 Aut
1970 2632 2169 2703 legant,
2195 2636 2243 2690 si

666 2694 721 2753 in
746 2697 831 2755 his
851 2703 1146 2770 provinciis
1168 2708 1305 2765 alius
1324 2710 1349 2750 ἀ
1368 2714 1648 2786 episcopus
1668 2718 1939 2776 invenitur
1956 2723 2243 2782 docuisse?

666 2787 734 2847 Et
760 2788 941 2863 (γαν.)
976 2808 1097 2850 cum
1129 2814 1404 2869 nunquam
1434 2804 1734 2874 invenient,
1772 2820 1985 2885 Oportet
2010 2830 2104 2871 eos
2137 2817 2242 2874 hoc

664 2882 816 2949 sequi
842 2883 982 2951 quod
1013 2886 1254 2944 Ecclesia
1294 2891 1535 2949 Romana
1576 2882 1858 2966 custodit,
1893 2918 1961 2958 ex
1998 2921 2107 2974 qua
2145 2921 2240 2966 eos

664 2969 986 3040 principium
1013 2978 1288 3048 accepisse
1311 2997 1417 3037 non
1444 2985 1661 3041 dubium
1689 2997 1774 3044 est
1797 3009 1809 3045 :
1840 3007 1907 3046 ne
1934 2969 2059 3050 dum
2083 3011 2241 3066 pcre-

663 3060 833 3128 grinis
880 3066 1269 3125 assertionibus
1321 3074 1574 3142 student,
1630 3089 1791 3150 caput
1842 3060 2237 3144 institutionum
2264 3066 2307 3127 θ

664 3148 949 3208 vidcantur
993 3158 1242 3217 amittere
1289 3161 1639 3242 [omittere].
1697 3148 1857 3243 Same
1899 3175 2237 3237 dilectionem

664 3248 810 3296 tuam
842 3245 909 3298 ad
941 3249 1126 3305 urbem
1156 3254 1398 3323 venisse,
1440 3275 1505 3315 ac
1531 3261 1806 3319 nobiscum
1837 3266 2022 3341 (γαν.)
2047 3271 2114 3326 ad
2142 3287 2235 3329 ec-

660 3330 878 3390 clesiam
907 3342 1222 3399 convenisse
1248 3361 1355 3402 non
1383 3349 1603 3411 dubium
1630 3363 1729 3421 est,
1760 3364 1815 3411 et
1840 3374 2000 3428 quem
2030 3377 2236 3420 morem

659 3425 743 3479 vel
771 3426 822 3481 in
851 3437 1232 3493 consecrandis
1262 3443 1553 3510 mysteriis,
1584 3446 1668 3503 vel
1693 3448 1746 3503 in
1774 3453 1985 3509 cmteris
2013 3457 2234 3525 agendis

658 3513 922 3595 [arcanis]
956 3532 1171 3595 teneat,
1216 3536 1552 3603 cognovisse.
1580 3552 1603 3578 θ
1626 3541 1781 3609 Quod
1818 3544 2061 3602 suilicere
2090 3551 2237 3605 arbi-

658 3616 837 3666 trarer
871 3614 938 3669 ad
977 3617 1410 3681 informationem
1451 3628 1692 3686 ecclesize
1733 3641 1838 3690 tua:
1861 3636 1947 3691 vel
1974 3637 2234 3695 reforma-

656 3699 858 3757 tionem
883 3744 897 3769 ,
944 3707 1048 3763 nisi
1094 3713 1519 3780 praedecessores
1562 3722 1640 3776 tui
1682 3723 1859 3780 minus
1896 3727 2097 3798 aliquid
2140 3739 2235 3787 aut

654 3791 813 3848 aliter
832 3802 1102 3857 tenuerint
1125 3808 1449 3866 sacerdotes.
1487 3813 1581 3869 Vel
1606 3824 1754 3873 certe
1781 3828 1907 3876 sunt
1928 3791 2115 3894 aliqui,
2139 3827 2231 3896 qui

656 3882 818 3977 aliter
839 3902 1001 3957 quam
1030 3893 1273 3953 Romana
1299 3900 1541 3961 Ecclesia
1574 3908 1856 3977 observat,
1902 3882 2233 3973 lucc-obser-

655 3974 832 4031 vanda
860 3978 1061 4037 dicant.
1095 3984 1333 4053 Quorum
1358 4009 1455 4050 nos
1477 3998 1723 4056 notitiam
1750 3974 1855 4058 non
1882 4004 2227 4078 haberemus,

657 4062 762 4119 nisi
812 4067 879 4123 de
928 4071 1195 4144 aliquibus
1250 4096 1348 4139 nos
1401 4088 1758 4147 consulendos
1803 4109 1925 4151 esse
1975 4098 2224 4157 dixisses.

657 4153 865 4256 Quibus
911 4161 1117 4221 idcirco
1152 4175 1564 4245 respondemus,
1613 4198 1719 4237 non
1754 4186 1897 4255 quod
1937 4196 1991 4243 te
2025 4153 2226 4261 aliquid

654 4243 903 4315 ignorare
942 4256 1258 4329 credamus;
1312 4267 1407 4322 sed
1450 4278 1512 4323 ut
1552 4243 1745 4345 majori
1772 4243 2225 4339 ‘auetoritatelvel

650 4342 772 4393 tuos
796 4339 1067 4415 instituas,
1086 4352 1170 4406 vel
1196 4355 1241 4409 si
1269 4358 1358 4427 qui
1388 4375 1420 4413 a
1448 4339 1705 4423 Romanis
1732 4368 2011 4441 [Romanae
2035 4375 2225 4431 Eccle-

651 4429 769 4504 siae]
798 4435 1224 4503 institutionibus
1253 4460 1467 4521 errant,
1506 4465 1600 4511 aut
1624 4429 1995 4532 commoneas,
2022 4476 2117 4523 aut
2144 4470 2224 4526 in-

654 4521 835 4583 dicare
872 4546 978 4590 non
1005 4535 1250 4606 diti‘eras;
1300 4550 1359 4596 ut
1402 4546 1545 4601 scire
1570 4549 1847 4608 valeamus
1875 4556 1964 4625 qui
1996 4558 2105 4613 sint
2129 4562 2223 4631 qui

573 4640 580 4651 -
651 4622 746 4670 aut
776 4620 1039 4677 novitates
1065 4627 1353 4697 inducunt,
1399 4644 1491 4690 aut
1516 4637 1739 4696 alterius
1765 4620 2021 4700 Ecclesize
2061 4620 2221 4718 quam

651 4704 910 4766 Romanae
947 4715 1261 4773 existimant
1300 4728 1715 4785 consuetudines
1741 4732 1922 4809 (Van)
1951 4753 2072 4795 esse
2110 4757 2222 4797 ser-

649 4794 874 4854 vandas.
904 4801 924 4841 f
945 4802 1135 4861 Pacem
1154 4808 1320 4881 igitur
1336 4817 1532 4872 asseris
1551 4829 1676 4875 ante
1698 4794 1940 4882 confecta
1963 4834 2218 4902 mysteria

649 4891 910 4993 quosdam
954 4898 1164 4966 populis
1200 4902 1487 4971 imperare,
1518 4911 1601 4965 vel
1639 4913 1739 4968 sibi
1781 4916 1924 4973 inter
1961 4891 2219 4993 sea-[Deest

647 4976 728 5050 se]
751 4984 1056 5043 sacerdotes
1079 4990 1321 5050 tradere:
1348 5012 1470 5053 cum
1492 5010 1616 5071 post
1635 5006 1839 5074 omnia,
1859 5024 1981 5079 qua:
2006 4976 2218 5083 aperire

766 5154 1126 5253 Entelompfes
1161 5171 1280 5253 cod.
1311 5174 1390 5230 sic
1418 5175 1601 5253 legunt
1625 5198 1639 5235 :
1672 5183 1892 5253 quidam
1921 5202 2051 5246 vero
2077 5210 2215 5248 com-

766 5193 787 5210 ι
810 5193 902 5213 uc
940 5193 1126 5221 UIIIIIUS
1161 5193 1280 5225 CUU.
1311 5193 1390 5230 SIC
1418 5193 1466 5232 le
1542 5193 1599 5234 nt
1625 5198 1639 5235 ἶ
1672 5193 1834 5253 quida

641 5226 1003 5310 precaria-les.
1031 5235 1145 5291 Vid.
1166 5248 1281 5310 not.
1308 5259 1358 5298 v.
1382 5247 1450 5300 el.
1469 5193 1840 5310 TJSirmondi.

680 5318 683 5319 ν
717 5293 746 5334 1³
768 5296 875 5362 AL,
903 5293 1520 5373 innocentiusrbeeen'tio
1546 5293 1861 5395 .
1907 5328 2210 5402 Eugubino.

718 5375 740 5445 ξ
766 5366 1019 5445 Quaedam
1049 5375 1103 5429 in
1130 5381 1250 5436 edd.
1270 5386 1400 5442 add.
1431 5392 1717 5445 superﬂua.

724 5399 739 5402 ν
767 5399 1019 5453 Quartam
1049 5399 1103 5429 ιιι
1130 5399 1250 5436 eoa.
1270 5399 1400 5442 add.
1431 5399 1717 5459 superﬂua.
1995 5399 2016 5402 ⁷

711 5432 739 5545 ς
759 5435 1121 5545 (attigatis?
1151 5450 1696 5545 aiifsjupouolorum,
1742 5482 1864 5523 cum
1893 5484 1998 5525 non
2025 5473 2212 5545 loqua-

641 5506 826 5614 ἓξὲξ
1157 5523 1251 5614 sed
1278 5506 1443 5614 deriis
1466 5545 1601 5614 quos
1629 5506 1971 5597 successores
1999 5506 2210 5614 $853-

642 5570 825 5658 lorum
841 5570 1249 5658 cpnstimerunt—
1258 5570 1581 5658 3236115012;

718 5657 741 5685 ο
763 5647 844 5704 Ab
868 5650 953 5709 his
977 5670 1148 5727 usque
1168 5662 1235 5719 ad
1254 5647 1345 5721 illa
1356 5647 1788 5741 acclini-Quibus
1814 5681 2028 5753 idcirco,
2056 5684 2206 5745 loeus

2350 1845 2458 1899 est,
2501 1854 2608 1893 non
2636 1841 2704 1895 ab
2730 1840 2835 1897 alio
2859 1859 3020 1914 quam
3048 1847 3117 1902 ab
3144 1849 3390 1918 episcopo
3418 1850 3517 1906 ﬁeri
3540 1854 3678 1910 licere.
3710 1858 3799 1914 Nam

2349 1928 2651 1999 presbyteri
2672 1971 2695 1996 ,.
2724 1930 2855 1988 licet
2884 1934 2995 1989 sint
3019 1938 3244 1993 secundi
3276 1936 3441 2012 [Deest
3466 1946 3659 2019 secundi]
3678 1963 3799 2003 sacer.

2350 2017 2533 2083 dotes,
2580 2022 2924 2092 pontiﬁcatus
2967 2033 3145 2083 tamen
3177 2030 3377 2101 apicem
3405 2049 3500 2088 non
3525 2017 3685 2091 habent.
3719 2037 3797 2093 Hoc

2350 2118 2530 2165 autem
2564 2114 2893 2182 pontiﬁcium
2934 2117 3062 2173 solis
3096 2120 3327 2177 debetur
3358 2124 3585 2196 episcopis
3604 2126 3707 2198 [Haec
3724 2145 3793 2182 au-

2347 2208 2455 2254 tem
2500 2203 2841 2279 pontiﬁcibus
2870 2207 2997 2267 solis
3033 2208 3288 2284 deberi],
3337 2221 3396 2268 ut
3437 2215 3700 2286 consignant,
3728 2215 3795 2276 vel

2344 2293 2678 2362 paracletum
2706 2294 2963 2376 Spiritum
2989 2300 3224 2356 tradant.
3249 2302 3318 2374 (ν
3324 2304 3425 2376 ar.)
3447 2304 3543 2361 Non
3564 2307 3689 2361 solum
3704 2323 3795 2363 onl-

2345 2385 2569 2439 suetudo
2597 2372 2963 2445 ecclesiastica
3002 2392 3105 2451 hoc
3144 2394 3490 2455 demonstrat,
3526 2411 3667 2452 verum
3689 2398 3797 2453 etiam

2345 2472 2435 2534 illa
2462 2473 2623 2533 lectio
2657 2479 3023 2548 apostolon
3049 2498 3175 2553 quae
3204 2487 3395 2540 asserit
3428 2486 3609 2541 Petrum
3631 2486 3796 2542 etimn-

2342 2581 2466 2621 nem
2499 2580 2619 2622 esse
2648 2556 2903 2635 directos,
2941 2572 3033 2641 qui
3072 2581 3285 2628 tantum
3316 2575 3460 2648 [jam]
3486 2577 3798 2645 baptizatistra-

2342 2657 2472 2713 dant
2500 2657 2760 2730 Spiritum
2789 2670 3053 2719 sanctum.
3100 2665 3241 2721 Nam
3269 2669 3583 2740 presbyteris,
3606 2686 3679 2724 seu
3698 2678 3799 2723 eum

2341 2749 2678 2819 episcopum,
2727 2765 2823 2808 seu
2868 2762 3132 2823 praesente
3162 2759 3430 2828 episcopo,
3471 2775 3574 2814 eum
3612 2759 3801 2829 baptizari

2343 2835 2506 2909 |Edd.
2540 2855 2642 2895 om.
2673 2857 2795 2898 cum
2823 2843 3145 2917 baptizant],
3182 2847 3469 2907 chrismate
3496 2865 3656 2920 ungere
3678 2845 3800 2919 (νοτ.)

2339 2927 2465 2983 licet
2489 2928 2818 3003 baptizatos,
2856 2935 2950 2990 sed
2981 2938 3123 3005 quod
3156 2938 3226 2993 ab
3253 2939 3491 3009 episcopo
3515 2937 3649 2992 fuerit
3669 2951 3797 2991 conse-

2342 3029 2549 3076 cratum
2575 3039 2589 3076 :
2621 3039 2727 3080 non
2759 3032 2938 3082 tamen
2967 3027 3300 3095 frontemex
3324 3032 3500 3087 eodem
3523 3031 3621 3086 oleo
3642 3031 3798 3100 signare.

2337 3112 2481 3181 quod
2509 3112 2638 3169 solis
2668 3114 2893 3171 debetur
2918 3119 3211 3188 episcopis,
3259 3137 3379 3176 cum
3409 3122 3598 3176 tradunt
3618 3118 3799 3190 Spiritum

2336 3202 2686 3271 paracletum.
2706 3205 2880 3261 Verba
2904 3222 3033 3262 vero
3058 3210 3243 3265 dicere.
3266 3227 3369 3267 non
3394 3226 3606 3284 possum,
3624 3223 3675 3263 ne
3686 3205 3799 3277 magis

2335 3294 2563 3362 prodere
2587 3297 2894 3366 providear,
2936 3315 3101 3370 quam
3131 3303 3483 3360 consolationi
3507 3301 3588 3376 [ad
3612 3295 3799 3357 consulta-

2336 3383 2561 3457 tionem]
2588 3390 2934 3458 respondere.

2721 3496 2905 3552 Conon
2936 3499 3215 3568 Nica‘nus,
3248 3521 3355 3559 (era
3384 3505 3446 3560 i9
3470 3507 3513 3561 ⁸.

2401 3583 2429 3623 ιι
2457 3582 2520 3637 lli
2547 3586 2637 3654 qui
2665 3585 2921 3643 ol‘i‘eren'li
2951 3592 3282 3649 sacriﬁcium
3320 3605 3609 3666 potestatem
3641 3593 3797 3653 habent.

2331 3690 2528 3744 corpus
2565 3675 2764 3733 Christi
2810 3682 3106 3753 porrigant.
3164 3687 3413 3745 Maneant
3448 3687 3629 3743 diaconi
3664 3686 3704 3740 in
3738 3699 3799 3738 sua

2326 3780 2604 3833 mensura,
2641 3775 2695 3821 et
2726 3770 2995 3840 accipiant
3022 3776 3409 3833 eucharistiam
3438 3778 3684 3834 secundum
3705 3772 3801 3829 ordi-

2329 3868 2452 3908 nem
2483 3862 2603 3924 post
2628 3858 2991 3928 presbyteros.
3045 3861 3202 3930 Quod
3248 3867 3293 3922 si
3340 3867 3456 3938 quis
3496 3882 3589 3921 non
3617 3863 3799 3919 vultesse

2327 3943 2625 4015 subjectus,
2652 3954 2826 4003 cesset
2854 3962 2973 4005 esse
3003 3952 3286 4012 diaconus.
3330 3957 3477 4026 Quod
3513 3957 3553 4013 si
3587 3971 3671 4010 non
3694 3951 3802 4006 fuerit

2325 4050 2564 4106 praesens
2592 4038 2873 4109 episcopus
2906 4049 3000 4097 aut
3036 4046 3342 4118 presbyter,
3382 4057 3501 4104 tunc
3531 4046 3699 4103 diaconi
3718 4043 3801 4098 dent

2325 4126 2709 4185 eucharistiam
2736 4131 2790 4186 in
2816 4133 3092 4205 populum.

2629 4238 2812 4296 Canon
2841 4241 3293 4319 Carthaginiensis,
3326 4268 3431 4306 trra
3455 4251 3519 4307 59
3544 4252 3558 4291 ί

2387 4350 2466 4407 ~Ut
2493 4352 2777 4420 diaconus,
2808 4367 3073 4426 praesente
3101 4361 3359 4435 episeopo
3386 4356 3718 4437 [presbytero].
3740 4369 3804 4410 ω·

2325 4441 2635 4501 charistiam
2666 4445 2935 4520 [corporis
2960 4450 3189 4528 Christi]
3217 4456 3435 4526 populo,
3476 4453 3634 4526 (γαν.)
3672 4451 3709 4509 si
3738 4460 3803 4505 no-

2323 4550 2475 4592 eesse
2501 4537 2591 4603 sit,
2612 4537 2798 4608 jussus
2821 4551 3024 4615 eroget.

2967 4655 3246 4714 Αἴναϐἱ.

2390 4759 2712 4819 Chrismatis
2740 4767 3075 4823 consecratio
3102 4767 3419 4845 [confectio]
3446 4781 3497 4828 et
3524 4764 3803 4827 reconciliatio

2317 4850 2693 4918 paenitendum
2726 4856 2929 4927 absque
2954 4858 3194 4927 periculo
3224 4864 3413 4917 mortis
3456 4860 3603 4936 [ΕΑΔ.
3624 4876 3705 4915 om.
3722 4855 3800 4910 abs.

2315 4954 2431 5008 per.
2461 4940 2585 5014 m.],
2618 4941 2798 5017 (Van)
2826 4945 2912 5000 vel
2941 4952 3283 5008 consecratio
3311 4952 3567 5025 virginum
3592 4968 3620 5006 a
3643 4946 3803 5020 preshi'

2316 5030 2448 5085 teris
2478 5047 2586 5087 non
2612 5031 2726 5089 ﬁat.

2310 5203 2329 5216 Ὀ

2442 5206 2515 5261 ita
2542 5209 2864 5291 depravatus
2886 5213 3081 5287 legitur
3104 5217 3157 5273 in
3181 5219 3269 5276 ed.
3292 5229 3353 5275 ut
3377 5219 3518 5278 nullo
3540 5217 3675 5275 modo
3694 5209 3802 5270 initl-

2312 5272 2942 5439 1igiined.
2968 5357 3166 5439 capi.
3360 5430 3397 5439 _
3452 5430 3472 5439 _
3507 5430 3563 5439 Μ
3624 5427 3640 5439 ¹
3668 5426 3679 5439 ⁸

2384 5417 2410 5501 ξ
2435 5416 2491 5501 [ιι
2521 5417 2586 5493 G.
2604 5416 3055 5501 _18‘_et.interpret'.
3082 5427 3327 5501 Dionys.;
3360 5430 3482 5486 Ruf.
3505 5430 3597 5495 20;
3624 5426 3723 5483 Isid.
3742 5417 3800 5475 ii.

2379 5485 2407 5564 ξι
2435 5485 2735 5564 §ingularis
2764 5485 3042 5564 interpret.

2385 5555 2647 5638 iJStaEuta
2686 5561 2832 5638 13‘ch
2873 5555 3093 5638 antiqua
3132 5568 3187 5623 in
3228 5569 3349 5626 cod.
3386 5570 3537 5625 Barb.
3563 5568 3652 5632 l8;
3688 5571 3799 5617 ωηεν
3896 5604 3897 5623 η

2309 5623 2493 5712 Carth.
2520 5644 2591 5694 1v,
2615 5646 2664 5712 ε.
2960 5623 3020 5712 β’
3057 5708 3069 5712 _
3209 5623 3307 5712 _7_
3379 5709 3390 5712 _
3510 5708 3595 5712 μ,
3764 5696 3784 5712 ..

2383 5693 2399 5745 i
2433 5693 2595 5754 Cone.
2610 5694 2874 5765 Carthﬁn.
2894 5721 2940 5761 c.
2960 5707 2993 5762 5
3010 5724 3024 5776 ;
3043 5708 3109 5781 _in
3126 5708 3244 5784 cod.
3270 5709 3474 5768 Eccles.
3493 5708 3700 5765 African.
3714 5696 3797 5756 c.6-
