4020 6360
135 312 278 407 {est

991 345 1308 402 CANONES
1349 340 1636 400 SELECTI
1675 339 1768 394 EX
1811 338 1966 395 VET.
2008 335 2164 393 CAN.
2207 333 2538 391 COLLECT.

3245 329 3384 388 1022

204 477 234 507 α
257 461 336 518 De
362 459 778 516 reconciliatione
804 459 1157 530 paenitentiam
1181 476 1282 512 non
1295 456 1484 527 .ﬁenda
1510 474 1542 509 a
1566 471 1710 526 pres-
1736 455 1786 513 Δ
1813 455 2099 519 ponantur,
2119 447 2460 503 nisiclericos
2480 442 2855 513 cujuscunque
2869 443 3156 513 parmcbim
3179 443 3385 501 vicinos

134 555 351 627 θνητὴ.
373 581 448 596 --
473 551 779 620 Presbyteri
826 557 882 603 et
924 549 1135 604 diaconi
1179 559 1375 618 prteter
1406 548 1714 616 episc0pum

137 646 274 704 nihil
302 649 643 715 pratentent.
681 639 815 693 Nam
844 639 1055 694 Domini
1085 640 1309 709 pepulus
1337 637 1436 708 ipsi
1465 636 1718 691 commis-

136 753 232 792 sus
259 745 375 800 est,
417 742 473 788 et
511 749 609 804 pro
637 731 920 785 animabus
945 745 1131 785 eorum
1162 731 1275 800 ipse
1304 728 1610 783 redditurus
1634 733 1718 780 est

138 828 429 884 rationem.

457 918 640 975 Conon
668 917 1124 987 Carthaginiensis,
1156 931 1263 970 cera
1289 914 1324 967 Ξ
1346 914 1395 966 ιι.

207 1013 383 1068 Nemo
408 1012 465 1066 in
492 1010 740 1080 precibus
763 1008 848 1063 vel
873 1007 1086 1062 Patrem
1112 1022 1210 1077 pro
1235 1004 1389 1067 Filio,
1413 1001 1496 1057 vel
1525 1001 1720 1056 Filium

134 1121 236 1178 pro
262 1103 428 1158 Patre
458 1102 718 1158 nominet.
761 1100 828 1154 Et
864 1115 986 1154 cum
1013 1097 1169 1151 altari
1198 1095 1459 1150 assistunt
1489 1091 1720 1163 [assisti-

135 1191 270 1266 tur],
300 1207 516 1263 semper
537 1192 606 1247 ad
630 1190 847 1245 Patrem
875 1189 1140 1259 dirigatur
1165 1185 1360 1242 oratio.

798 1277 1122 1333 zEraBC..

203 1373 526 1442 Quicunque
562 1385 754 1442 preces
781 1369 881 1424 sibi
910 1367 1125 1422 aliunde
1153 1366 1172 1438 (
1183 1366 1336 1436 Var.)
1368 1365 1578 1429 scribit,
1611 1380 1719 1420 non

133 1467 212 1519 eis
243 1473 448 1526 utatur,
481 1463 584 1516 nisi
616 1461 766 1530 prius
795 1475 888 1513 eas
915 1474 1037 1513 cum
1059 1457 1456 1514 .structioribus
1495 1456 1720 1528 [instru—
1767 1462 1772 1466 '

133 1554 425 1624 ctioribus]
454 1553 712 1607 fratribus
737 1551 1046 1606 contulerit.

132 1644 375 1701 “Conon
422 1643 724 1699 Maticeitsis
773 1641 836 1695 de
885 1641 1142 1766 obftétione
1193 1640 1370 1712 populi
1414 1639 1718 1710 offerenda,

837 1729 945 1766 tera

837 1729 880 1766 fl?
886 1729 945 1764 ra

1815 553 1935 593 esse
1984 538 2288 606 contingat,
2338 535 2431 605 qui
2480 535 2648 590 sacris
2697 535 3013 604 pignoribus
3064 532 3385 609 [cineribus]

1812 627 2070 698 psallendi
2102 627 2400 696 frequentia
2430 625 2776 680 famulentur.
2809 626 2824 664 ί
2856 623 3008 692 Quod
3032 625 3078 680 si
3107 625 3182 680 illi
3208 625 3391 682 defue—

1816 722 1963 786 rint,
1993 735 2101 776 non
2143 728 2268 774 ante
2317 719 2534 790 proprie
2579 716 2827 790 [pmprii]
2875 718 3058 773 clerici
3111 716 3223 788 [In
3261 716 3384 770 edd.

1816 812 1957 867 deest
1980 812 2183 885 clerici]
2214 812 2550 876 ordinentur,
2575 827 2737 880 quam
2768 811 2847 866 eis
2873 819 3187 883 competens
3213 811 3388 866 victus

1817 912 1873 958 et
1895 905 2121 960 vestitus
2141 903 2441 959 substantia
2475 903 2780 973 deputetur.

2392 993 2618 1049 CAPUT
2646 993 2810 1048 XXII.

2049 1101 2280 1141 ALTARIA
2317 1102 2418 1142 NON
2456 1102 2726 1142 SACRANDA
2767 1103 2870 1143 NISI
2911 1104 3160 1144 LAPIDEA.

2030 1176 2210 1232 Conon
2259 1177 2606 1247 Epaunensis,
2639 1195 2746 1232 αντα
2785 1179 2854 1233 25
2893 1177 3032 1250 [eam
3061 1179 3174 1251 26].

1888 1265 2093 1319 Altaria
2117 1265 2221 1320 nisi
2250 1265 2458 1336 lapidea
2483 1265 2790 1321 chrismatis
2817 1265 2829 1316 i
2869 1267 3123 1322 unctione
3148 1281 3255 1322 non
3294 1279 3389 1339 sa-

1820 1365 2058 1411 CI‘CIIIUI‘.

2377 1423 2603 1480 CAPUT
2640 1425 2828 1480 XXIII.

2423 1531 2488 1571 DE
2528 1532 2806 1574 BAPTISIO.

2203 1604 2386 1661 Conon
2416 1605 2734 1670 Maticensis,
2764 1623 2870 1660 wra
2895 1608 2928 1662 5
2966 1609 3013 1660 Ιι.

1893 1697 2170 1752 Relationc
2191 1697 2548 1767 quorumdam
2571 1698 2932 1767 comperimus
2951 1696 3206 1766 quosdam
3225 1695 3391 1767 [Edd.

202 1805 492 1877 (Quaedam
521 1804 646 1857 add.
679 1805 735 1857 in
763 1802 908 1873 edd.)
945 1803 1314 1863 Decernimus,
1366 1811 1427 1856 ut
1471 1801 1722 1856 omnibus
1755 1814 1799 1874 Β
1824 1807 1929 1844 om.
1963 1790 2245 1861 quosdam]
2278 1789 2613 1844 Christianos
2634 1805 2740 1842 non
2766 1790 3055 1844 observare
3097 1787 3393 1858 legitimum

134 1897 330 1952 diebus
358 1894 674 1957 Dominicis,
708 1893 940 1964 [altaris]
976 1909 1130 1947 sacra
1155 1891 1355 1947 oblatio
1381 1892 1450 1946 ab
1474 1891 1726 1955 omnibus

133 1987 271 2041 viris
317 1995 373 2041 et
419 1985 736 2040 mulieribus
761 1983 1020 2038 offeratur
1050 1993 1158 2038 tam
1202 1984 1357 2053 panis
1386 1999 1547 2052 quam
1574 1983 1682 2036 vini
1709 1996 1723 2035 :

134 2086 194 2129 ut
219 2091 324 2146 per
355 2075 455 2129 has
480 2073 780 2151 oblationes
798 2072 1262 2144 [inunolationes],
1289 2071 1570 2144 (Qua-dam
1597 2071 1723 2124 add.

134 2167 186 2222 in
213 2165 368 2236 edd.)
401 2173 749 2235 peccatorum
779 2163 1015 2218 fascibus
1052 2172 1306 2227 careant,
1353 2171 1408 2217 et
1441 2177 1563 2215 cum
1593 2161 1728 2216 Abel

135 2257 214 2309 vel
245 2256 464 2310 caeteris
485 2255 648 2326 justis
675 2253 1068 2326 [offerentibus]
1109 2261 1420 2307 mereantur
1445 2268 1565 2307 esse
1597 2267 1724 2306 con-

134 2358 336 2401 sortes.
362 2345 562 2400 Omnes
583 2353 761 2400 autem
784 2346 874 2414 qui
897 2343 1077 2415 (ναν.)
1101 2343 1466 2398 definitionem
1488 2350 1728 2395 nostram

133 2455 228 2510 per
257 2438 682 2493 inobedientiam
712 2451 977 2491 evacuare
1005 2434 1354 2500 contendunt,
1385 2434 1728 2488 anathemate

132 2530 524 2602 pereellantur.

796 2597 934 2651 Λῖνα
963 2596 996 2651 8
1025 2608 1070 2650 ε.

204 2694 301 2762 (Ιη
333 2693 454 2747 edd.
488 2691 729 2763 qua'dam
759 2689 1101 2762 prwcedunt.)
1143 2688 1402 2758 Reliquire
1431 2686 1729 2742 sacrificio-

136 2803 286 2848 rum,
336 2802 460 2854 qua:
504 2793 625 2854 post
671 2785 865 2839 missas
908 2785 1052 2855 [post
1079 2791 1354 2851 peractam
1384 2781 1626 2853 missam]
1670 2782 1725 2836 in

133 2877 392 2934 sacrario
420 2876 852 2945 supersederim;
898 2881 1090 2943 quarta
1134 2881 1188 2925 et
1228 2879 1378 2926 sexta
1409 2871 1544 2926 feria
1575 2872 1728 2926 inuo—

133 2971 394 3026 ceutibus
419 2969 758 3042 [innocentes
785 2968 852 3021 ab
881 2967 969 3020 illo
996 2964 1148 3032 cujus
1187 2967 1408 3019 interest
1445 2965 1511 3017 ad
1547 2963 1725 3017 eccle-

134 3064 276 3118 siam
315 3057 672 3130 adducantur]
715 3059 984 3112 indicatur
1007 3055 1270 3126 jejunium
1304 3055 1379 3127 [et
1417 3056 1617 3109 indicto
1649 3055 1728 3108 eis

1828 1880 2113 1948 baptisma,
2142 1879 2232 1947 qui
2263 1893 2396 1948 pene
2415 1894 2512 1949 per
2536 1877 2774 1947 singulos
2795 1878 2909 1932 dies
2930 1893 2994 1932 ac
3034 1875 3217 1949 (Van)
3243 1886 3397 1931 nata—

1826 1971 1941 2024 litia
1966 1978 2264 2040 martyrum
2296 1968 2434 2023 ﬁlios
2467 1984 2592 2023 suos
2627 1969 2922 2037 baptizant,
2949 1968 3019 2021 ita
3052 1975 3112 2021 ut
3158 1967 3246 2021 vix
3289 1967 3396 2021 duo

1827 2060 1910 2115 vel
1938 2069 2048 2114 tres
2076 2059 2416 2128 reperiantur
2437 2059 2492 2112 in
2518 2067 2705 2114 sancto
2733 2058 3068 2127 Pascha,qui
3089 2073 3186 2128 per
3205 2071 3398 2126 aquam

1828 2159 1882 2206 et
1911 2150 2172 2219 Spiritum
2203 2159 2450 2204 sanctum
2481 2157 2884 2218 regenerentur.
2937 2147 3142 2202 Idcirco
3187 2146 3402 2201 censui-

1828 2257 1947 2296 mus
1975 2249 2034 2296 ut
2061 2256 2126 2296 ex
2155 2243 2259 2296 hoc
2283 2249 2526 2310 tempore
2552 2241 2730 2296 nullus
2754 2240 3100 2309 permittatur
3122 2238 3247 2292 talia
3278 2252 3402 2307 per-

1827 2342 2067 2403 petrare,
2093 2341 2292 2403 prieter
2320 2333 2440 2386 illos
2465 2347 2600 2401 quos
2629 2331 2918 2386 infirmitas
2940 2331 3127 2395 nimia,
3158 2337 3253 2384 aut
3285 2328 3402 2384 dies

1827 2432 2102 2478 extremus
2126 2423 2399 2493 compellit
2430 2422 2615 2494 [.4dd.,
2644 2422 2769 2476 filiis
2791 2421 2902 2476 suis
2923 2421 3250 2491 baptismum
3277 2433 3403 2490 per-

1828 2513 2052 2586 cipere].
2083 2514 2312 2583 Ideoque
2341 2513 2694 2584 praesentibus
2734 2511 3186 2566 admonitionibus
3220 2527 3249 2564 a
3288 2511 3404 2566 suis

1827 2603 2103 2658 erroribus
2128 2603 2212 2658 vel
2243 2603 2543 2673 ignorantia
2593 2602 2853 2666 revocati,
2895 2615 3082 2655 omnes
3108 2600 3326 2654 omnino
3369 2613 3404 2655 a

1829 2695 1916 2750 die
1953 2695 2362 2766 quadragesima
2391 2710 2511 2749 cum
2542 2693 2836 2747 infantibus
2866 2692 2977 2746 suis
3004 2692 3071 2745 ad
3120 2691 3404 2746 ecclesiam

1828 2788 2119 2843 observare
2176 2787 2551 2858 praecipimus,
2593 2792 2653 2840 ut
2702 2784 3097 2853 impositionem
3147 2799 3404 2840 manuum

1829 2879 1993 2933 certis
2018 2880 2207 2934 diebus
2243 2879 2441 2948 adepti,
2473 2884 2528 2932 et
2552 2876 2690 2932 sacri
2727 2875 2832 2931 olei
2882 2875 3088 2945 liquore
3133 2875 3404 2944 peruncti,

1830 2969 2052 3039 legitimi
2075 2970 2179 3024 dici
2207 2969 2498 3024 festivitate
2523 2967 2796 3031 fruantur,
2819 2975 2874 3021 et
2902 2981 3058 3021 sacro
3085 2967 3406 3035 baptismate

1834 3068 2246 3130 regenercntur;
2297 3074 2403 3128 quo
2445 3059 2675 3129 possint,
2709 3059 2753 3113 si
2778 3059 2884 3112 vita
2937 3073 3120 3112 comes
3146 3057 3326 3121 fuerit,
3355 3065 3404 3110 c‘l

126 3151 390 3226 jejunio],
427 3161 480 3207 et
507 3166 830 3222 conspersus
855 3149 980 3202 vino
1009 3147 1224 3202 easdem
1254 3146 1512 3216 reliquias
1537 3160 1727 3200 omnes
1757 3157 1803 3220 ε
1833 3151 2124 3206 honoribus
2150 3150 2576 3206 sacerdotalibus
2599 3149 2765 3221 fungi,
2793 3159 2845 3204 et
2865 3149 3154 3219 singularis
3179 3148 3408 3202 celebra-

131 3247 434 3317 accipiant.

432 3337 615 3392 Conon
643 3333 1033 3388 Aurelianensis
1059 3331 1115 3397 2,
1149 3348 1255 3386 (era
1293 3331 1359 3384 M
1395 3330 1438 3384 ί.

199 3432 320 3506 (In
377 3430 497 3485 edd.
531 3427 773 3499 qurrdam
821 3423 1085 3496 prreced.)
1126 3423 1409 3477 Missarum
1447 3420 1732 3476 celebritas

131 3522 488 3600 [celebratio]
531 3517 782 3588 (Multum
811 3533 920 3570 var.
948 3514 1090 3586 edd.)
1122 3515 1174 3568 in
1209 3512 1492 3584 prfecipuis
1526 3510 1730 3564 festivi-

130 3599 371 3678 tatibus,
394 3615 526 3668 bora
561 3610 723 3664 tertia
752 3607 1038 3661 inchoetur
1067 3623 1080 3657 ε
1114 3621 1219 3674 quo
1251 3602 1464 3657 facilius
1497 3603 1612 3670 ipso
1651 3599 1732 3654 of-

129 3707 260 3760 ficio
293 3703 569 3772 expedito,
597 3705 620 3740 ε
645 3699 796 3753 boris
827 3698 1257 3767 competentibus
1282 3695 1386 3748 alia
1409 3693 1583 3749 oflicia
1606 3708 1730 3762 per-

131 3798 450 3854 solvantur.

482 3883 666 3939 Conon
698 3880 1203 3954 apostolorunt,(era
1234 3876 1296 3930 δι
1332 3878 1381 3929 ιι.

202 3979 321 4046 Qui
377 3991 486 4032 non
542 3983 894 4044 perseverant
943 3971 996 4024 in
1045 3970 1322 4025 oratione.
1354 3983 1453 4021 nec
1488 3974 1730 4021 sanctam

128 4069 581 4128 communionem
631 4061 1138 4135 percipiunt,velut
1179 4057 1578 4128 inquietudines
1626 4055 1729 4110 Ec-

129 4164 323 4217 desim
348 4164 748 4214 commoventes
770 4153 1148 4208 communione
1175 4150 1477 4220 priventur.

530 4245 714 4300 Conon
744 4242 1078 4313 Agat/tensis,
1122 4257 1229 4294 (vra
1258 4239 1346 4292 44.

197 4338 652 4396 Benedictionem
698 4348 860 4404 super
905 4333 1116 4402 plebem
1176 4331 1230 4385 iu
1287 4329 1515 4385 ecclesia
1568 4327 1730 4390 dare,

127 4423 419 4507 [fundere]
429 4472 444 4495 ,
463 4438 556 4484 aut
570 4427 919 4498 pmnitentem
941 4426 993 4478 in
1007 4423 1236 4478 ecclesia
1249 4423 1569 4478 benedicere
1582 4435 1734 4490 pres-

130 4529 256 4598 byte
271 4541 331 4581 ro
361 4539 470 4578 non
495 4522 622 4576 licet
648 4518 887 4591 [penitus
912 4533 1016 4571 non
1048 4513 1253 4585 licebit]

743 4606 968 4664 CAPUT
1005 4606 1149 4661 XXI.

344 4725 414 4764 DE
455 4721 720 4769 BELIQIFIIS
755 4716 1070 4759 SANCTORUN
1112 4714 1180 4754 ετ
1219 4714 1526 4753 ORATOBIIS.

360 4799 547 4853 Conon
590 4796 953 4868 Epatmenst's,
982 4811 1090 4848 rem
1123 4794 1192 4847 26
1231 4793 1373 4866 [εαη.

205 4891 548 4946 Sanctorum
598 4888 842 4958 reliquiae
888 4888 944 4942 iu
990 4887 1242 4941 oratoriis
1294 4885 1575 4940 villaribus
1625 4902 1731 4940 non

203 5074 231 5102 ι
265 5060 580 5130 Superioris
597 5060 822 5114 canonis
845 5059 1004 5123 ratio,
1031 5074 1151 5130 qua:
1179 5059 1231 5112 in
1255 5060 1339 5114 ed.
1372 5059 1728 5118 desideratur.

207 5134 239 5171 ιι
266 5129 442 5186 Cone.
467 5131 909 5201 Carthaginensis
935 5146 1016 5194 ιιι,
1045 5129 1207 5201 ο.25.

208 5213 233 5241 ε
263 5202 325 5256 In
357 5201 445 5255 ed.
475 5200 820 5269 distinguitur
847 5215 878 5252 a
905 5200 1250 5270 praecedenti.

204 5273 234 5312 ει
265 5273 441 5327 Cone.
468 5270 877 5334 Matiscouensis
901 5269 962 5337 ιι,
991 5285 1040 5326 c.
1067 5269 1120 5323 4.

212 5356 237 5382 ε
268 5341 462 5411 Ejusd.
490 5356 640 5397 conc.
669 5356 717 5395 c.
745 5339 796 5395 6.

214 5415 238 5453 τ
271 5412 464 5466 Aurel.
487 5427 572 5475 ιιι,
599 5427 648 5465 c.
679 5411 767 5465 14.

210 5485 242 5526 ι
284 5481 486 5536 Fusius
504 5497 697 5552 expon.
730 5482 784 5536 in
813 5481 935 5538 edd.

209 5552 424 5626 h‘C_an.
463 5551 806 5626 9_ili’Grmco,
837 5569 886 5606 c.
919 5553 986 5606 l0
1025 5553 1220 5622 interp.
1263 5551 1477 5624 Dionys.
1501 5595 1514 5620 ,
1548 5569 1578 5608 a
1625 5570 1729 5626 qua

130 5622 431 5691 paululum
458 5617 636 5676 differt
663 5617 763 5676 ista
788 5623 981 5692 interp.

219 5696 241 5767 ξ
303 5693 381 5746 De
411 5693 704 5767 appendice
735 5693 855 5752 ista,
876 5709 993 5767 quae
1021 5709 1125 5767 non
1157 5703 1331 5750 exstat
1360 5696 1498 5767 apud
1527 5694 1726 5752 Burch.

127 5771 187 5818 et
221 5762 472 5830 Ivonem,
498 5762 615 5818 για.
642 5769 754 5818 not.
783 5779 834 5817 v.
866 5762 932 5818 cl.
956 5762 1004 5819 J.
1041 5765 1202 5825 Sirm.

1833 3242 1977 3297 tione
2003 3239 2310 3296 festivitatis
2337 3239 2736 3311 [celebrationis
2755 3239 3093 3294 solemnitate
3115 3237 3270 3309 frui].

2181 3329 2364 3384 Canou
2403 3330 2773 3394 Laodicensis,
2811 3345 2920 3382 (ora
2961 3329 3048 3382 45.

1907 3423 1925 3462 1
1960 3422 2113 3492 Quod
2141 3438 2246 3478 non
2283 3430 2496 3490 oportet
2524 3435 2849 3490 quemquam
2893 3420 2961 3474 ad
2989 3421 3262 3489 baptisma
3286 3424 3404 3490 post

1829 3517 1963 3572 duas
1988 3513 2417 3585 quadragesima:
2446 3512 2809 3568 hebdomadas
2839 3511 3051 3566 admitti

2490 3606 2627 3661 ΛΞι-ιι
2657 3607 2746 3661 46.

1901 3715 1940 3744 ιιι
1961 3702 2111 3770 Quod
2131 3708 2378 3772 oporteat
2395 3714 2488 3754 eos
2507 3701 2604 3769 qui
2617 3699 2685 3753 ad
2709 3699 2974 3769 baptisma
2987 3697 3228 3762 veniunt,
3245 3695 3407 3751 ﬁdem

1830 3791 2062 3855 discere,
2093 3798 2145 3845 et
2178 3791 2365 3859 quinta
2397 3787 2534 3844 feria
2564 3789 2910 3843 hebdomadas
2938 3785 3158 3856 majoris
3200 3786 3406 3855 cpisco-

1830 3899 1900 3953 po
1923 3892 2016 3938 aut
2039 3883 2359 3954 presbytero
2394 3880 2709 3936 memoriter
2737 3880 2982 3934 reddere.

2487 3971 2626 4025 Αἰνα
2652 3971 2741 4024 47.

1904 4077 1930 4112 ιι
1963 4065 2190 4136 Oportet
2226 4080 2321 4119 eos
2353 4064 2445 4134 qui
2474 4065 2528 4118 in
2556 4063 2874 4135 aegritudine
2907 4062 3212 4134 percipiunt
3240 4061 3406 4131 bapti-

1833 4174 2029 4223 smum,
2056 4158 2213 4212 fidem
2243 4157 2572 4225 perdiscere,
2602 4164 2656 4210 et
2682 4155 2822 4211 scire
2843 4154 2994 4224 cujus
3017 4154 3258 4209 muneris
3283 4167 3410 4224 par-

1833 4249 2024 4318 ticipes
2044 4249 2171 4305 facti
2195 4257 2338 4304 sunt.

2182 4341 2367 4397 Canon
2417 4342 2720 4412 Africanus,
2751 4359 2859 4396 rem
2894 4340 2964 4396 25
3005 4349 3050 4393 °.

1904 4437 2216 4506 Baptizandi
2246 4452 2443 4491 nomen
2474 4452 2631 4491 suum
2653 4434 2798 4498 dent,
2825 4442 2877 4487 et
2901 4433 2988 4487 diu
3019 4432 3117 4486 sub
3145 4431 3272 4504 [Ed.
3301 4447 3404 4487 om.

1761 4511 1813 4571 Ῑ)
1838 4526 1958 4599 sub]
1987 4527 2311 4582 abstinentia
2338 4527 2448 4580 vini
2479 4535 2532 4581 et
2557 4526 2832 4591 carnium,
2859 4539 2922 4578 ac
2953 4538 3143 4577 manus
3187 4521 3410 4594 imposi‘

1834 4619 1980 4674 tione
2007 4621 2199 4676 crebro
2220 4619 2509 4675 examinati
2537 4619 2833 4688 percipiant
2859 4616 3202 4685 baptismum.

2469 4709 2774 4762 /Era‘MP.

1903 4801 2164 4873 Neophyti
2187 4802 2494 4871 aliquandiu
2518 4809 2572 4856 et
2601 4801 2764 4872 [Edd.
2789 4816 2891 4852 om.
2917 4797 2993 4870 et]
3027 4815 3056 4852 a
3082 4794 3401 4852 lautioribus

1832 4893 2004 4961 epulis
2025 4902 2080 4946 et
2105 4892 2426 4961 spectaculis
2446 4900 2501 4946 et
2527 4890 2844 4961 conjugibus
2866 4887 3191 4943 abstineant.

1907 5063 1919 5113 i
1970 5063 2358 5135 Lugdunensis,
2383 5064 2629 5135 unguine,
2645 5063 2912 5135 quomodo
2934 5073 2986 5119 et
3006 5061 3145 5133 apud
3168 5060 3399 5126 Ivonem,
3437 5059 3442 5063 ’

1833 5150 1884 5203 p.
1907 5151 2136 5259 :uégaz.
2161 5134 2422 5259 :gge
2446 5133 2556 5190 not.
2577 5135 2737 5260 v.3cl.
2759 5133 2810 5189 J.
2837 5135 3001 5190 Sirm.

2047 5221 2078 5256 ιι
2121 5244 2134 5258 .
2189 5224 2192 5228 ·
2273 5221 2288 5257 ι
2390 5221 2610 5260 n.n.c.
2678 5244 2692 5258 .

2047 5221 2134 5258 IIC.
2161 5221 2446 5258 mauscon.
2475 5221 2536 5258 ll.
2562 5221 2610 5258 (ξ.
2639 5221 2692 5258 ὁ.

1911 5220 1932 5244 ι
1969 5220 2134 5259 ωηο.
2161 5220 2446 5259 mauscon.
2475 5221 2536 5270 ιι,
2562 5221 2610 5259 c.
2639 5220 2692 5260 ὁ.

1911 5273 1928 5312 1
1970 5275 2250 5346 Paululum
2278 5274 2454 5330 differt
2476 5277 2543 5330 ab
2573 5276 2769 5345 interp.
2795 5275 3014 5346 Dionys.

1906 5356 1945 5383 ω
1969 5344 2253 5416 Interpret.
2280 5360 2380 5400 nec
2408 5345 2628 5416 Dionys.
2660 5344 2759 5400 nec
2786 5345 2912 5400 Isid.

1906 5425 1933 5453 ιι
1971 5415 2171 5488 Interp.
2199 5431 2299 5488 nec
2323 5415 2668 5488 Dionysfnec
2695 5416 2818 5488 Isid.

1906 5494 1930 5520 ο
1972 5481 2185 5541 Stattfta
2227 5487 2372 5541 Eccl.
2418 5481 2670 5555 antiqua;
2725 5487 2780 5541 in
2823 5485 2944 5542 cod.
2995 5484 3158 5541 Barb.
3204 5499 3256 5540 c.
3296 5481 3395 5547 25;

1833 5556 2269 5628 coucLCartbag.
2292 5574 2364 5624 ιν,
2395 5573 2442 5612 c.
2467 5557 2553 5611 8L

1905 5637 1933 5678 P
2139 5619 2283 5685 Eccl.
2312 5619 2463 5696 ant.;
2493 5628 2546 5682 in
2576 5627 2693 5684 cod.
2718 5627 2876 5683 Barb.
2907 5644 2956 5683 c.
2989 5626 3090 5691 2i;
3137 5641 3187 5680 c.
3209 5619 3399 5681 Carth.

1905 5741 1909 5753 .
1939 5713 1987 5753 c.
2097 5717 2128 5753 .‘

1833 5713 1909 5767 iv,
1939 5713 1987 5754 c.
2022 5713 2128 5754 eo.
