4020 6360
719 274 860 334 1025

1347 387 1485 442 .Era
1519 387 1660 441 41⁸.

791 477 986 535 Mulier
1012 476 1298 548 baptizare
1325 493 1430 532 non
1466 484 1778 546 prmsumat.

1071 566 1252 622 Canon
1281 566 1676 629 Aurasicorum,
1709 581 1817 618 tera
1838 564 1874 617 2
1891 564 1942 616 ι’.

791 657 1007 714 Nullum
1036 657 1425 718 ministrorum,
1463 655 1556 724 qui
1604 655 1914 724 baptizandi
1953 651 2154 722 recepit
2181 649 2296 706 oili-

719 750 886 813 cium,
910 749 1026 806 sine
1053 747 1344 801 chrismate
1363 761 1590 815 usquam
1623 745 1822 800 debere
1865 743 2138 814 progredi,
2167 742 2290 812 quia

723 839 866 894 inter
889 851 986 892 nos
1013 837 1214 908 placuit
1240 847 1261 874 ε
1295 837 1461 892 semel
1483 833 1788 890 chrismari.
1815 833 1890 886 De
1915 848 1980 886 eo
2002 841 2178 886 autem
2201 831 2292 900 qui

721 931 776 986 in
808 930 1128 999 baptismate
1163 929 1482 982 necessitate
1511 925 1740 981 faciente
1785 923 1968 996 (γαν.)
2002 925 2118 978 sine
2147 922 2292 977 chri-

720 1028 895 1076 smate
922 1017 1107 1083 fuerit,
1130 1017 1185 1070 in
1215 1015 1626 1071 confirmatione
1669 1013 1924 1068 sacerdos
1972 1027 2095 1067 eum
2143 1024 2292 1066 com-

716 1117 938 1169 moneat
967 1109 1016 1166 ἀ.

1035 1199 1217 1260 Canon
1273 1197 1879 1261 Neoctesariensis,cvra
1918 1195 1971 1249 6.

794 1304 818 1333 ο
836 1290 1197 1360 Prmgnantes,
1223 1287 1269 1342 si
1297 1302 1517 1342 necesse
1543 1287 1630 1352 sit,
1654 1293 1866 1355 oportet
1885 1281 2167 1352 baptizari.
2200 1279 2292 1336 Ni-

717 1381 797 1438 bil
838 1389 1019 1436 autem
1060 1379 1114 1433 in
1143 1379 1246 1432 hoc
1277 1384 1615 1432 sacramento
1637 1388 1922 1429 commune
1951 1380 2032 1427 est
2058 1372 2134 1426 illi
2157 1412 2170 1436 ,
2200 1372 2292 1440 qui

716 1472 894 1528 editur
923 1489 936 1524 :
969 1469 1096 1541 quia
1123 1468 1369 1522 voluntas
1395 1473 1450 1521 et
1477 1465 1704 1520 liberum
1743 1463 2030 1517 arbitrium
2058 1461 2111 1516 in
2160 1476 2288 1517 con-

717 1567 956 1627 fessione
983 1564 1310 1621 declaratur.

1055 1651 1237 1708 Canon
1264 1647 1634 1722 apostolorum,
1666 1663 1774 1702 cera
1800 1645 1870 1702 48
1908 1644 1950 1699 τ.

1497 337 1510 351 ι
1571 271 1888 330 CANONES
1925 269 2212 327 SELECTI
2247 269 2339 325 EX
2382 271 2538 328 VET.
2580 273 2734 330 CAN.
2773 273 3100 331 COLLECT.

3747 296 3836 357 τοξι

2315 388 2362 444 Δ
2395 388 2716 443 necessitate
2741 405 2864 444 cum
2901 405 3028 444 vase
3055 399 3146 446 aut
3175 407 3296 447 cum
3324 397 3550 454 manibus
3572 415 3684 470 aqua
3705 407 3747 464 in
3771 428 3835 468 no.

2395 475 2779 567 minesanctae
2814 477 3091 532 Trinitatis
3139 480 3498 550 baptizaverit,
3533 486 3722 548 ﬁrmiter
3751 513 3833 567 per.

2393 565 2651 631 manebit,
2674 568 2975 635 praesertim
3002 585 3120 623 cum
3164 573 3446 630 necessitas
3473 577 3564 633 hoc
3595 565 3831 652 erm".

3048 658 3185 712 Ᾱίτα
3225 659 3308 714 16.

2461 745 2540 800 De
2564 747 2862 817 presbytero
2890 750 2978 818 qui
3023 749 3228 819 ignorat
3270 754 3537 809 orationem
3577 758 3828 824 Dominimt.

2389 868 2461 876 —
2493 846 2516 872 ο
2540 837 2829 909 Presbyter
2857 841 2948 908 qui
2977 841 3273 896 orationem
3300 840 3602 902 Dominicam
3622 867 3703 906 non
3723 864 3832 927 tenet,

2390 942 2491 982 nec
2525 929 2847 1000 symbolum,
2872 946 3046 1000 neque
3077 932 3330 1000 psalmos,
3357 936 3400 990 si
3427 938 3668 1010 episcopus
3687 944 3758 1000 fuit
3774 953 3828 1018 qui

2389 1035 2512 1075 eum
2534 1023 2820 1086 benedixit,
2839 1024 2928 1078 hic
2950 1024 3182 1094 primum
3201 1026 3429 1081 omnium
3442 1029 3827 1106 dignitatem,quam

2390 1112 2575 1167 illicite
2603 1115 2973 1183 przesumpsit,
2999 1115 3214 1170 amittat
3241 1135 3252 1169 :
3280 1125 3333 1171 et
3355 1119 3450 1173 sub
3490 1120 3689 1177 districta
3720 1132 3826 1195 peni-

2391 1203 2556 1258 tentia
2580 1205 2725 1258 omni
2758 1214 2998 1274 tempore
3027 1206 3152 1261 vitae
3181 1222 3291 1260 suae
3313 1208 3365 1261 in
3412 1214 3688 1267 monasterio
3715 1217 3824 1286 degat.

2390 1290 2628 1347 Infantes
2662 1309 2815 1358 vero,
2838 1311 2973 1364 quos
3014 1295 3068 1350 in
3111 1304 3297 1352 sancta
3341 1296 3577 1355 Trinitate
3614 1303 3823 1373 baptizavit,

2389 1383 2646 1452 baptizati
2667 1394 3039 1453 permaneant.

3041 1477 3184 1532 {Era
3223 1478 3308 1532 i7.

2464 1577 2493 1618 ι⁵
2520 1566 2622 1634 Qui
2664 1583 2793 1623 vero
2838 1569 2912 1623 ita
2957 1569 3256 1638 baptizant,
3304 1578 3361 1624 ut
3387 1571 3581 1626 dicant:
3620 1575 3664 1627 In
3684 1577 3823 1631 nomine

2393 1657 2572 1713 Patris
2600 1675 2802 1730 mergo,
2834 1661 2888 1714 in
2915 1660 3134 1714 nomine
3177 1660 3298 1715 Filii
3352 1677 3533 1732 mergo,
3586 1674 3629 1720 et
3669 1665 3821 1735 Spiritus

793 1753 820 1792 ⁸
840 1748 898 1805 Si
919 1746 1211 1818 quisj'ma
1233 1750 1559 1815 Ρηεθρῑυῖη
1581 1739 1790 1794 Domini
1810 1754 1916 1792 “0"
1937 1735 2290 1807 ¹)³ι)ίίιεινενίι
2317 1724 2365 1787 Β
2393 1750 2562 1804 sancti
2593 1724 2795 1819 mergo.
2825 1750 2889 1804 lii
2915 1751 3007 1820 qui
3037 1751 3109 1804 ita
3137 1759 3264 1805 sunt
3300 1724 3552 1819 baptizati,
3577 1756 3653 1809 etsi
3674 1724 3823 1821 rustice,

719 1839 778 1896 in
807 1838 1023 1894 nomine
1051 1835 1249 1900 Patris,
1281 1841 1336 1888 et
1374 1831 1527 1896 Filii,
1551 1838 1606 1886 et
1631 1829 1866 1900 Spiritus
1889 1828 2080 1891 sancti,
2113 1826 2208 1882 sed
2236 1826 2292 1880 in

719 1929 895 1983 tribus
921 1928 1038 1983 sine
1064 1925 1215 1980 initio
1238 1922 1538 1994 principiis,
1567 1929 1661 1976 aut
1711 1921 1769 1975 in
1813 1919 1987 1974 tribus
2030 1917 2172 1982 filiis,
2199 1925 2292 1971 aut

724 2019 780 2073 in
803 2018 973 2074 tribus
991 2015 1296 2089 paracletis,
1324 2013 1642 2082 deponatur.

1315 2105 1322 2111 ”
1351 2105 1488 2159 ίΕνα
1514 2105 1583 2159 49
1607 2105 1660 2158 ιι.

799 2204 814 2243 ί
848 2200 905 2255 Si
936 2201 1057 2270 quis
1083 2214 1187 2254 non
1232 2197 1432 2254 trinam
1482 2195 1806 2250 mersionem
1846 2195 2006 2250 unius
2049 2194 2288 2265 mysterii

719 2291 981 2355 celebrat,
1012 2291 1332 2360 deponatur.

1039 2376 1221 2432 Canon
1249 2374 1658 2441 Auruncorum,
1685 2391 1792 2429 aera
1829 2374 1889 2428 il
1927 2372 1972 2427 i.

788 2467 979 2524 Subito
998 2468 1372 2524 obtumescens
1410 2465 1602 2538 [prout
1619 2473 1793 2520 status
1817 2463 1934 2532 ejus
1956 2462 2072 2536 est]
2114 2464 2288 2533 bapti-

719 2559 833 2616 zari
857 2567 951 2614 aut
978 2559 1345 2631 paenitentiam
1369 2557 1615 2628 accipere
1641 2563 1848 2626 potest;
1905 2555 1952 2610 si
1998 2555 2288 2609 voluntatis

717 2652 1004 2722 praeteritae
1053 2651 1356 2707 testimonia
1401 2648 1572 2723 (Var.
1611 2658 1659 2702 et
1699 2648 1823 2702 add.
1854 2649 1909 2702 in
1942 2646 2103 2718 edd.)
2139 2645 2288 2714 justa

719 2740 939 2797 fuerint.

1221 2829 1360 2884 Αῗνα
1390 2831 1454 2885 12
1484 2831 1624 2901 (can.
1659 2829 1766 2902 15].

795 2920 1112 2974 Amentibus
1153 2935 1486 2991 quacunque
1513 2920 1730 2990 pietatis
1773 2924 1918 2985 sunt,
1940 2910 2287 2975 conferantur

722 3009 1113 3083 [conferenda].

901 3101 968 3155 In
989 3099 1204 3172 epistcla
1233 3101 1401 3155 sancti
1431 3098 1606 3154 Siricii
1648 3117 1814 3171 paper,
1859 3116 1966 3154 trra
2021 3099 2103 3153 l4.

795 3191 822 3231 Ιι
861 3190 1148 3262 Presbyter
1169 3192 1258 3261 qui
1295 3191 1350 3244 in
1384 3191 1508 3245 vino
1545 3189 1784 3259 baptizat
1819 3190 2064 3259 proxima
2101 3203 2288 3245 neces-

721 3282 900 3347 sitate,
926 3289 985 3336 ut
1011 3296 1151 3351 mger
1180 3295 1286 3335 non
1329 3279 1678 3350 periclitetur,
1700 3294 1798 3349 pro
1824 3279 1915 3334 tali
1943 3296 2002 3334 re
2049 3280 2190 3334 nulla
2237 3283 2288 3336 ei

724 3371 879 3442 culpa
904 3371 1224 3426 ascribatur.
1257 3369 1312 3424 Si
1342 3385 1472 3425 vero
1509 3384 1646 3438 aqua
1675 3369 1881 3436 aderat,
1911 3379 1967 3425 et
1993 3371 2288 3426 necessitas

720 3463 845 3518 talis
870 3479 976 3517 non
1000 3463 1245 3532 urgebat,
1281 3461 1369 3516 hic
1402 3461 1774 3515 communione
1798 3459 2062 3529 privetur,
2090 3467 2144 3513 et
2169 3475 2287 3528 poe-

720 3552 964 3606 nitentia:
1001 3551 1370 3606 submittatur.
1399 3549 1576 3604 Infans
1612 3565 1741 3605 vero
1778 3549 1886 3614 ille,
1910 3549 1955 3604 si
2003 3549 2057 3603 in
2101 3556 2288 3603 sancta

722 3644 988 3700 Trinitate
1013 3642 1318 3714 baptizatus
1339 3651 1443 3707 est,
1467 3644 1521 3696 in
1541 3658 1605 3698 eo
1623 3642 1889 3712 baptismo
1902 3648 2214 3713 permaneat
2244 3641 2285 3694 ι.

1378 3733 1516 3788 Αἶγα
1544 3733 1631 3787 l5.

791 3839 830 3867 ω
871 3825 929 3882 Si
963 3825 1222 3882 infantem
1269 3825 1323 3880 in
1369 3825 1608 3894 periculo
1653 3825 1999 3881 constitutum
2046 3825 2290 3894 proxima

793 4017 819 4045 ι
849 4003 987 4058 Stat.
1031 4002 1180 4059 Eccl.
1218 4011 1363 4070 ant.;
1418 4003 1474 4058 in
1511 4003 1632 4059 cod.
1683 4003 1843 4058 Barb.
1887 4019 1937 4058 c.
1977 4002 2076 4070 il;
2131 4019 2284 4058 conc.

722 4074 906 4130 Carth.
935 4089 1010 4139 tv,
1033 4090 1083 4130 c.
1117 4071 1238 4126 100.

794 4146 821 4184 δ
862 4145 925 4199 ν.
951 4143 1019 4198 cl.
1059 4143 1258 4197 Fronto
1283 4141 1504 4198 Ducams
1536 4161 1548 4197 :
1585 4161 1604 4192 ι
1651 4141 1709 4196 ln
1739 4141 1924 4198 codice
1955 4142 2164 4202 Tiliano
2203 4145 2292 4202 hic

721 4230 895 4271 canon
937 4215 1202 4284 secundus
1244 4222 1328 4266 est
1356 4230 1369 4265 :
1400 4214 1627 4284 primus
1647 4222 1824 4266 autem
1853 4214 1943 4283 qui
1971 4215 2230 4284 sequitur.
2265 4234 2284 4267 ι

795 4297 816 4324 ε
846 4285 910 4339 ν.
936 4284 1002 4355 cl.
1036 4282 1086 4355 ι,
1111 4282 1277 4338 Sirm.
1309 4299 1376 4355 ;__«
1402 4281 1885 4355 semet‘chrismari,‘
1921 4281 2122 4355 vulgati
2146 4285 2293 4338 codi-

722 4371 832 4418 ces,
857 4363 911 4412 et
932 4354 1242 4417 Gratianus,
1269 4352 1473 4424 aliique
1495 4353 1825 4416 collectores,
1851 4352 2092 4408 semel'in
2125 4355 2290 4424 bapti-

2391 1847 2571 1894 tamen
2597 1839 2651 1894 in
2684 1840 2900 1895 nomine
2924 1848 3126 1895 sanctae
3154 1840 3430 1895 Trinitatis
3454 1841 3656 1912 baptizati
3672 1854 3760 1900 sunt

2849 1947 2914 1986 DE
2952 1947 3192 1986 ITERA'I'O
3231 1947 3496 1987 BAPTISHO.

3040 2019 3183 2074 Αἶγα
3218 2019 3310 2073 2L

2407 2117 2413 2123 ‘
2457 2111 2822 2182 (Desideratur
2852 2114 2907 2168 in
2933 2113 3078 2184 edd.)
3108 2112 3216 2180 Qui
3247 2114 3313 2167 ad
3348 2113 3560 2169 iteratum
3587 2115 3810 2184 baptismum

2387 2202 2806 2271 suscipiendum,
2857 2203 2941 2257 vel
2987 2212 3134 2258 metu
3172 2205 3365 2269 coacti,
3410 2205 3486 2258 vel
3509 2220 3638 2260 errore
3667 2205 3811 2274 decepti

2387 2303 2534 2358 sunt,
2564 2303 2750 2349 etnon
2777 2311 2834 2350 se
2860 2304 3013 2350 extra
3055 2297 3339 2352 catholicae
3384 2296 3493 2353 fidei
3537 2309 3815 2351 sacramentum

2387 2388 2563 2458 egisse
2601 2397 2951 2456 cognoscunt,
2997 2405 3105 2444 non
3159 2390 3430 2444 societatis
3469 2399 3638 2453 nostra,
3662 2388 3733 2442 nisi
3755 2403 3817 2456 per

2388 2493 2580 2533 manus
2615 2480 3010 2549 impositionem
3049 2481 3312 2550 episcopi,
3361 2480 3706 2536 communionem
3730 2478 3817 2531 reci-

2386 2569 2556 2639 piant,
2608 2579 2850 2640 tcmpora
2880 2587 3010 2627 vero
3036 2573 3280 2642 episcopi
3329 2574 3635 2628 constituente
3670 2569 3812 2640 judicio,

2386 2672 2547 2733 prout
2583 2679 2970 2720 conversorum
3013 2666 3230 2724 animos
3264 2667 3449 2722 viderit
3479 2665 3550 2719 vel
3592 2663 3816 2733 perspeten't

2387 2769 2506 2809 esse
2527 2755 2769 2820 devotos,
2797 2757 3056 2811 habentes
3080 2758 3249 2812 etiam
3284 2756 3468 2811 seniles
3485 2763 3650 2815 :etates,
3669 2751 3814 2805 intuitus

2385 2853 2441 2900 et
2470 2828 3227 2918 periculorumkgritudines.
3254 2847 3309 2902 ln
3325 2848 3501 2916 quibus
3516 2846 3552 2898 si
3565 2844 3659 2913 quis
3673 2843 3723 2896 ita
3736 2856 3812 2909 gra-

2387 2937 2525 2990 viter
2555 2946 2793 3007 urgetur,
2830 2946 2889 2992 ut
2919 2939 2983 2992 de
3011 2938 3187 2993 salute
3213 2937 3326 3006 ejus
3355 2937 3810 3006 desperetur,commu-

2311 3072 2359 3134 ϐ
2389 3029 2566 3085 nionis
2589 3031 2761 3102 gratia
2791 3031 3166 3086 subveniatur.

2742 3120 2924 3175 Canon
2969 3121 3344 3193 apostolorum,
3382 3137 3477 3176 trra
3499 3118 3572 3173 46.

2461 3223 2484 3250 τ
2524 3212 2580 3268 Si
2615 3213 2735 3283 quis
2760 3229 2883 3268 eum
2906 3213 2998 3282 qui
3025 3220 3178 3267 recte
3218 3213 3503 3282 baptizatus
3521 3204 3806 3274 est,sciensre~

2387 3304 2759 3374 baptizavcrit,
2805 3304 3119 3372 deponatur.

2952 3393 3186 3451 CAPUT
3234 3394 3395 3452 XXV.

2389 3504 2453 3543 ne
2507 3503 2939 3543 CONFIRUA'I'IONE
2981 3502 2995 3540 :
3065 3504 3133 3542 ετ
3186 3504 3404 3543 Ριιλκυιλ
3452 3502 3498 3540 IN
3543 3493 3726 3538 ecetssu
3755 3486 3815 3527 μοι(

2424 3574 2580 3612 FIANT
2607 3573 2620 3610 Σ
2656 3574 2723 3612 ΕΤ
2749 3575 2884 3620 QUOD
2917 3574 3001 3612 DIE
3024 3573 3281 3613 DONINICO
3309 3573 3434 3613 GENU
3456 3570 3543 3610 NON
3565 3558 3796 3608 ιἰεςτλτσι.

2739 3647 2804 3701 In
2830 3647 3046 3717 epistola
3069 3647 3098 3700 Ι
3123 3647 3410 3702 Innocentii
3434 3659 3578 3716 papam

2463 3749 2484 3778 τ
2507 3739 2665 3796 Liber
2691 3738 2912 3811 [Verum
2938 3748 2994 3794 et
3020 3738 3107 3792 illa
3133 3737 3316 3811 lectio]
3344 3738 3550 3793 Actuum
3569 3726 3816 3803 apostoiomm

2389 3831 2583 3886 asserit
2625 3829 2844 3884 Petrum
2871 3838 2928 3885 et
2974 3827 3242 3886 Joannem
3284 3845 3398 3885 esse
3423 3829 3637 3888 directos,
3666 3817 3730 3888 qui
3749 3823 3818 3868 tan-

2389 4002 2661 4084 eiitantem
2699 4001 2960 4084 infantem
2992 4002 3306 4084 baptizavit,
3330 3997 3528 4084 nullaAei
3551 3990 3702 4084 exinde

2390 4073 2538 4127 bitur
2561 4071 2735 4140 culpa.
2769 4070 3008 4126 Infantes
3036 4058 3115 4126 sic
3142 4058 3482 4140 permaneant
3515 4067 3560 4120 in
3601 4065 3692 4140 ipso
3714 4058 3819 4140 bapti-

2391 4158 2527 4197 smo.
2554 4133 2686 4194 Nam
2717 4143 2762 4196 si
2789 4157 2926 4211 aqua
2955 4141 3122 4195 adfuit
3143 4133 3403 4211 'pmesens,
3426 4139 3503 4211 ille
3525 4133 3741 4211 presbyter
3751 4138 3818 4211 Et:

2391 4205 2857 4276 communicetur;
2908 4221 2962 4265 et
3013 4205 3341 4282 poeni-tentia:
3393 4205 3819 4282 subntittaturuqutt

2391 4292 2579 4338 contra
2627 4274 2889 4336 canonum
2934 4274 3255 4335 sententiam
3305 4274 3815 4350 agereupnesltWPWLAf

2393 4353 2559 4406 Recte
2603 4351 2669 4404 ad
2717 4352 3013 4420 marginem
3053 4351 3220 4405 Cone.
3258 4339 3403 4406 norat
3424 4339 3543 4420 edii-
3569 4339 3820 4420 υοιὶδωῗ.

721 4404 908 4486 uincit;
1267 4404 2288 4493 Eiiérb'éé'r’tinnEét'débapiiém’aie
2317 4432 2366 4492 υ
2391 4404 2601 4493 verba:
2635 4404 2874 4488 Infante”:
2914 4404 3362 4493 sicrpertnnneant
3417 4419 3466 4471 in
3504 4404 3817 4493 ipsonbaptft'fvltft

723 4497 831 4565 agi.
875 4493 982 4549 Sed
1023 4508 1145 4565 cum
1190 4493 1305 4547 haec
1330 4493 1493 4565 verba
1542 4493 1594 4546 in
1626 4493 1870 4565 antiquis
1891 4494 2285 4565 exemplaribus

723 4561 829 4620 non
861 4565 988 4642 s_i_nt,
1014 4573 1067 4618 et
1095 4563 1363 4642 glossema
1379 4564 1610 4632 sapiant,
1636 4561 1948 4642 religiofuit
1983 4561 2062 4618 ea‘
2084 4564 2287 4642 _ret_i_ne-

723 4650 803 4691 re.
839 4655 857 4686 ι
881 4634 959 4688 Ex
981 4648 1085 4704 quo
1107 4631 1255 4704 patet
1279 4631 1475 4700 ubique
1498 4631 1873 4704 cumantiquis
1892 4632 2286 4703 exemplaribus

722 4702 1025 4761 consentire
1047 4702 1418 4758 collectionem
1449 4702 1568 4757 cod.
1597 4702 1863 4755 Herovall.

791 4773 816 4814 ἀ
857 4775 1010 4844 Apud
1043 4774 1238 4828 Burch.
1265 4780 1321 4826 et
1358 4773 1504 4826 lvon.
1543 4790 1556 4826 :
1588 4773 1642 4826 in
1678 4770 2072 4837 conﬁrmatione
2115 4786 2288 4825 sacer-

721 4845 858 4900 dotis
885 4844 1199 4914 perﬁcietur.

798 4927 821 4954 ε
857 4911 1050 4984 Interp.
1070 4928 1180 4984 inec
1201 4911 1417 4984 Dionys.
1442 4927 1543 4967 nec
1563 4911 1687 4967 lsid.

798 4983 818 5024 ί
858 4985 914 5038 In
937 4983 1029 5038 Gr.
1055 4983 1143 5040 48.

797 5056 823 5094 3
859 5051 1086 5108 Cain-49
1116 5054 1170 5108 in
1200 5052 1396 5121 interp.
1428 5051 1646 5122 Dionys.
1668 5089 1684 5116 ,
1725 5065 1755 5103 a
1784 5064 1891 5120 qua
1921 5047 2211 5120 discrepat.

799 5123 824 5162 ιι
866 5123 923 5177 ln
951 5122 1044 5177 Gr.
1069 5123 1158 5177 49.

891 5139 923 5177 11
951 5139 1044 5177 ω’.
1069 5139 1158 5177 ἂν.

805 5193 821 5262 ἓ
862 5193 1143 5261 interpret.
1187 5192 1428 5262 Dionys.,
1461 5207 1491 5244 a
1517 5204 1624 5262 quo
1645 5189 1932 5262 discrepat.

799 5260 812 5312 i
861 5262 921 5317 C.
949 5260 1018 5315 1‘2
1042 5277 1193 5317 conc.
1230 5260 1565 5317 Aurasicani.

797 5333 824 5372 Ιί
867 5332 1209 5401 Desideratur
1236 5333 1290 5387 in
1322 5333 1408 5389 ed.
1439 5348 1524 5401 ep.
1554 5329 1752 5386 Siricii.

802 5401 820 5442 ι
861 5400 1058 5456 Eadem
1083 5402 1266 5470 paucis
1285 5398 1708 5457 verbis'mutatis
1729 5402 1964 5456 citantur
1981 5415 2046 5456 ex
2061 5398 2282 5471 epistola

728 5472 906 5528 Siricii
927 5472 992 5526 ad
1009 5473 1312 5542 episcopum
1328 5472 1622 5528 Himerium
1639 5470 2145 5526 Tarraconensem’a
2163 5470 2286 5542 Ste-

727 5545 906 5613 phano
927 5557 1063 5613 papa
1077 5541 1122 5597 ll
1136 5541 1201 5596 in
1216 5543 1326 5598 suis
1347 5544 1412 5598 ad
1426 5543 1573 5596 varia
1588 5543 1830 5597 consulta
1841 5542 1978 5613 Brit.
2004 5541 2286 5613 monacho-

730 5611 849 5667 rum
877 5611 1147 5684 responsis
1164 5629 1286 5684 cap.
1313 5614 1368 5666 li
1385 5654 1399 5678 ,
1424 5614 1523 5667 hoc
1546 5613 1703 5666 modo
1722 5630 1747 5684 γε
1770 5631 1797 5684 ξ(
1833 5611 1890 5666 Si
1918 5611 1970 5666 in
1995 5612 2117 5684 vino
2140 5611 2282 5684 quis,

725 5682 1008 5756 propterea
1037 5683 1178 5756 quod
1206 5682 1396 5756 aquam
1423 5698 1528 5740 non
1558 5682 1882 5750 inveniebat,
1900 5682 2116 5738 omnino
2145 5682 2284 5753 peri-

2389 4507 2507 4547 esse
2529 4480 2790 4561 glossema
2819 4499 2910 4545 aut
2939 4506 2968 4545 e
2993 4480 3234 4561 margine
3258 4491 3316 4561 in
3336 4480 3566 4561 textum'a
3588 4480 3751 4561 librario

2389 4553 2858 4624 mere'intrusum,
2887 4569 2980 4614 aut
3005 4575 3069 4614 ex
3097 4553 3353 4630 proximis
3376 4554 3641 4630 caminibus
3673 4553 3820 4630 Itym:

2388 4608 2979 4686 ἕὶιῖίεῖιὲἶὶὲᾶἱιέἰξὶιῖιῆ
2991 4608 3706 4698 ρὖιῖἔῆἱέζ”ιὶιὲιῖέειῃεοάαῆ
3723 4608 3820 4666 debet

2387 4700 2616 4757 lectione
2645 4695 3048 4760 accuratissima
3076 4702 3196 4756 cod.
3228 4695 3580 4754 Herovalliani.

2457 4783 2498 4810 ω
2526 4771 2715 4844 pesid.
2747 4770 2798 4844 in
2827 4772 2912 4844 ed.
2941 4787 3026 4844 ep.
3052 4770 3213 4844 Sirio.
3291 4839 3303 4844 _
3352 4837 3366 4844 _
3645 4824 3692 4844 ΑΒ

2458 4850 2485 4878 ιι
2524 4840 2724 4912 Eadem
2753 4817 2837 4912 sic,
2860 4817 3211 4912 leguitturtiit
3259 4837 3449 4894 eisdem
3499 4824 3714 4912 responsis

2387 4912 2550 4984 pbani
2573 4910 2637 4976 ll,
2667 4926 2786 4980 cap.
2820 4911 2886 4964 12
2912 4897 2941 4964 ξ’
2966 4927 2987 4962 ι
3022 4910 3079 4984 Si
3120 4910 3244 4984 licet
3276 4897 3818 4984 ρετ-ηωςεξῖιθέεπὲἇὲῗ

2387 4967 2882 5046 concha,'attt'cutn
2909 4979 3187 5046 manibus,
3211 4967 3396 5033 infanti
3424 4977 3472 5048 in
3495 4967 3741 5048 inibit-tim}?

2387 5023 2884 5132 sanitate:
3419 5023 3819 5132 W222i:

2385 5103 2669 5192 instiga},
2698 5103 2744 5192 si
2786 5103 2845 5174 in
2860 5103 2869 5104 ί
2885 5103 3100 5176 nomine
3120 5103 3325 5176 sanctae
3364 5103 3611 5192 'h'initatis
3634 5103 3818 5192 ρετξςξξξξ

2385 5174 2830 5255 fueritmrmiter
2855 5174 3189 5260 permanebit
3218 5208 3230 5244 :
3255 5185 3535 5260 praesertim
3569 5189 3668 5234 cum
3702 5174 3819 5223 Μεθ’

2385 5263 2518 5317 sitas
2553 5263 2654 5316 hoc
2673 5269 2946 5330 exposcat.
2994 5281 3012 5312 ι
3089 5289 3111 5300 -
3779 5296 3804 5352 ﬂ

2459 5340 2483 5352 Α
2532 5331 2686 5352 1.--:J
2746 5331 2795 5352 ε-
2834 5332 2893 5352 ,Δ
2938 5345 2990 5352 -_
3036 5330 3125 5352 σε..
3162 5331 3258 5352 11:1
3308 5324 3436 5352 ἡ---
3479 5318 3620 5352 Ειοσιῑι
3657 5318 3764 5352 MM

2459 5340 2483 5367 ο
2532 5331 2708 5456 ῗὲεἰᾱ.
2745 5318 2799 5385 in
2829 5332 3016 5401 ed.ep.
3036 5330 3144 5386 Sir.
3162 5331 3278 5387 Vid.
3305 5324 3456 5397 Resp.
3479 5318 3637 5391 Steplt-
3657 5318 3764 5383 ρειρπ
3779 5318 3817 5356 ¹¹ν

2459 5418 2503 5456 ο.
2604 5441 2617 5454 .
3778 5433 3801 5456 ,ι

2386 5417 2503 5457 080.
2532 5417 2617 5456 ‘Ib.

2451 5418 2750 5549 ξ’ἑέέὶᾶθτ.
2779 5470 2833 5525 in
2852 5470 2938 5525 ed.
2969 5487 3055 5549 ep.
3083 5470 3241 5528 Sirie.
3280 5470 3430 5539 Resp.
3469 5459 3626 5530 Steph.
3647 5458 3755 5523 Pii)"
3777 5433 3816 5497 θ’

2387 5557 2504 5611 cap.
2534 5541 2620 5595 14.
2972 5545 2973 5549 “
3003 5541 3017 5542 ί

2454 5624 2481 5662 ιι
2519 5612 2714 5691 interp.
2748 5626 2852 5691 non
2871 5610 3106 5691 _Dionys.

2461 5694 2480 5720 τ
2518 5683 2644 5752 Cap.
2676 5683 2727 5738 5.
2757 5683 2892 5737 me
2915 5699 3094 5753 supra.
