4020 6360
163 350 308 408 1025

155 476 277 524 tum
307 463 459 539 [jam]
501 464 784 535 baptizatis
809 462 1065 533 Spiritum
1091 464 1300 519 darent.
1342 463 1475 517 Nam
1503 463 1724 532 presby-
1755 465 1798 523 Α

154 558 315 622 teris,
358 571 452 611 seu
480 565 631 608 extra
656 553 984 623 episcopum,
1030 553 1141 607 sive
1168 561 1434 623 praesente
1474 553 1725 621 episcopo

152 663 285 705 cum
318 646 481 719 [Edd.
510 662 612 698 om.
644 644 789 715 cum]
839 644 1136 712 baptizant,
1186 643 1477 698 chrismate
1522 656 1726 712 ungere

151 737 305 801 licet,
333 736 425 792 sed
453 735 593 804 quod
623 736 689 789 ab
718 735 967 804 episcopo
996 732 1157 787 fuerit
1202 741 1596 798 consecratum,
1620 748 1725 786 non

153 835 340 882 tamen
383 825 608 880 frontem
640 839 707 878 ex
732 824 917 877 eodem
950 822 1111 895 [oleo]
1155 824 1388 891 signare,
1415 823 1558 891 quod
1600 822 1727 877 solis

151 917 387 972 debetur
425 915 709 985 episcopis,
754 930 876 969 cum
918 914 1138 969 tradunt
1186 913 1446 983 Spiritum
1491 911 1728 981 paracle-

150 1018 296 1062 tum.

470 1094 649 1150 Canon
686 1096 1088 1160 Aurasicorum,
1124 1112 1233 1149 (era
1277 1094 1312 1148 2
1362 1106 1411 1147 ε.

220 1187 361 1244 Cum
389 1188 698 1243 chrismatis
723 1188 891 1256 ipsius
918 1188 1132 1242 nonnisi
1158 1202 1261 1241 una
1300 1184 1601 1240 benedictio
1621 1191 1723 1247 est,

147 1294 262 1333 non
292 1279 646 1348 prmiudicans
677 1279 987 1347 quidquam,
1025 1278 1119 1332 sed
1146 1287 1205 1332 ut
1230 1278 1256 1317 δ
1284 1292 1392 1332 non
1421 1274 1724 1331 necessaria

148 1370 421 1424 habeatur
456 1370 684 1439 repetita
726 1369 1057 1423 chrismatio.

472 1457 653 1513 Canon
689 1459 1044 1523 Arelatensis,
1085 1474 1193 1513 (era
1239 1458 1309 1511 26
1354 1468 1401 1510 α.

216 1549 546 1603 Ηεετειίειιιιι
571 1546 908 1619 [Hrereticos]
941 1547 993 1600 in
1030 1547 1218 1600 mortis
1261 1546 1573 1601 discrimine
1599 1560 1728 1599 con-

143 1644 428 1706 stitutum,
453 1642 497 1696 si
524 1640 819 1696 catholicus
848 1654 966 1695 esse
996 1640 1286 1703 desiderat,
1314 1649 1369 1692 et
1392 1638 1482 1710 [si]
1511 1638 1721 1707 episco-

142 1749 249 1804 pus
280 1732 445 1796 desit,
474 1747 503 1785 a
526 1732 839 1802 presbytero
864 1746 985 1785 cum
1021 1729 1330 1785 chrismatis
1352 1729 1724 1784 benedictione

143 1823 460 1892 consignari
485 1823 703 1893 placuit.

506 1912 687 1967 Canon
729 1912 1088 1983 Epaunensis,
1138 1929 1245 1966 (era
1287 1911 1370 1965 16.

212 2008 387 2080 [Adet
416 2008 467 2060 in
506 2006 625 2060 edd.
652 2023 669 2060 :
714 2006 1058 2075 presbyteros
1096 2014 1319 2075 prepter
1349 2005 1576 2059 salutem
1605 2005 1722 2059 ani-

142 2112 364 2150 marum
419 2111 579 2165 quam
608 2096 661 2149 in
704 2096 918 2150 cunctis
964 2094 1259 2166 optamus.]
1312 2095 1617 2163 Desperatis
1667 2102 1721 2149 et

140 2187 592 2243 decumbentibus
651 2186 940 2251 haereticis,
1001 2186 1045 2240 si
1105 2186 1515 2240 conversionem
1574 2185 1723 2239 subi-

143 2288 255 2334 tam
305 2286 519 2347 petant,
566 2293 596 2330 a
660 2279 974 2347 presbytero
1028 2275 1185 2348 [Var.
1229 2275 1375 2347 edd.]
1427 2276 1717 2330 chrismate

139 2370 509 2442 permittimus
531 2369 823 2422 subveniri.
856 2368 1007 2435 Quod
1032 2384 1218 2421 omnes
1244 2367 1508 2431 conversi,
1532 2367 1578 2421 si
1605 2366 1722 2420 sani

140 2468 291 2524 sunt,
321 2460 393 2513 ab
420 2459 669 2528 episcopo
694 2459 943 2513 noverint
964 2460 1339 2528 expetendum.

208 2549 239 2589 ἀ
280 2548 679 2604 Ρωιιίιειιιίὺιιε
722 2558 903 2602 autem
955 2549 1264 2602 chrismatis
1307 2548 1489 2603 unctio
1516 2547 1722 2602 infundi

140 2652 250 2694 nou
283 2647 483 2708 potest,
515 2639 639 2707 quia
679 2654 847 2709 genus
888 2646 971 2693 est
996 2640 1340 2694 sacramenti.
1369 2638 1504 2693 Nam
1529 2639 1724 2708 quibus

140 2733 359 2800 reliqua
406 2740 740 2787 sacramenta
784 2741 1064 2803 negantur,
1097 2734 1363 2803 quomodo
1406 2735 1508 2788 hoc
1556 2748 1725 2804 genus

142 2820 365 2894 [unum]
389 2832 606 2892 putatur
635 2839 789 2893 posse
810 2835 862 2878 et
890 2824 1034 2878 credi
1066 2823 1371 2896 [concedi]?

536 2915 715 2970 Canon
739 2915 1092 2979 Laodicensis,
1118 2932 1223 2969 cera
1250 2902 1340 2969 98.

212 3004 302 3059 De
322 3006 555 3075 prandiis
588 3007 943 3062 ecclesiarum.
978 3038 1049 3048 —
1083 3019 1105 3046 ε
1142 3009 1201 3061 In
1246 3006 1471 3063 ecclesia
1497 3010 1723 3079 prandia

136 3095 267 3151 ﬁeri
297 3111 407 3150 non
436 3096 652 3153 debere.

547 3189 567 3227 ί
597 3187 779 3242 Canon
808 3187 1083 3256 Nicwnus,
1113 3208 1219 3246 αντα
1244 3190 1334 3245 20.

210 3278 242 3318 ε
268 3272 329 3331 In
363 3275 450 3332 die
473 3276 771 3343 Dominico,
822 3286 877 3333 et
920 3280 976 3333 in
1026 3280 1217 3334 diebus
1245 3279 1613 3347 Pentecostes,
1658 3290 1725 3337 ut

133 3368 327 3425 omnia
366 3366 419 3420 in
463 3367 728 3423 universis
775 3368 907 3423 locis
951 3378 1310 3424 consonanter
1348 3370 1723 3438 observentur,

136 3456 356 3527 placuit
403 3464 591 3511 sancto
619 3457 847 3512 concilio
873 3466 1081 3513 stantes
1117 3458 1341 3514 Domino
1374 3468 1497 3513 vota
1527 3461 1729 3531 persol-

139 3564 300 3604 vere.

708 3640 935 3697 CAPUT
973 3641 1160 3697 XXVI.

131 3746 201 3785 ne
236 3745 472 3795 PASCIIA,
496 3746 566 3785 ετ
596 3746 683 3785 nm
718 3746 1000 3795 DOMINICO,
1034 3749 1102 3786 nr
1140 3748 1383 3796 BEIJQUIS
1413 3746 1727 3788 resrmn-

859 3817 1029 3856 TIBUS.

548 3890 730 3946 Canon
761 3892 1108 3957 Arelatensis,
1139 3909 1246 3947 mra
1288 3894 1339 3948 1.

203 3982 381 4055 (Var.
430 3984 576 4054 edd.)
631 3984 948 4040 Censuimus
1009 3985 1172 4055 igitur
1220 3984 1423 4039 Pascha
1481 3985 1725 4052 Domini,

132 4096 236 4150 per
282 4086 455 4132 totum
478 4078 664 4134 orbem
688 4094 795 4132 uno
823 4079 908 4132 die
931 4078 1229 4133 observari.

469 4168 652 4223 Canon
678 4169 1068 4223 Aurelianensis
1088 4209 1101 4234 ,
1130 4186 1236 4222 (era
1258 4168 1331 4222 22
1368 4170 1417 4221 ιι.

212 4263 293 4320 Ut
332 4261 465 4315 nulli
513 4261 711 4315 civium
754 4259 935 4333 (ναν.)
980 4260 1205 4323 Pascha,
1259 4258 1447 4313 Natale
1496 4258 1726 4319 Domini,

127 4357 223 4411 vel
280 4353 751 4421 Quinquagesimte
777 4352 1145 4406 solemnitates
1171 4351 1239 4405 in.
1254 4350 1379 4404 villa
1408 4350 1571 4403 liceat
1597 4350 1734 4403 cele—

128 4448 461 4524 bprejvrzisi
487 4459 644 4519 quem
680 4446 965 4501 iiitirmitas
1002 4444 1315 4514 probabitur
1334 4443 1592 4499 tenuisse.

213 4634 243 4662 ι
277 4620 333 4673 lu
380 4619 610 4689 vulgatis
638 4618 688 4684 l,
734 4618 827 4673 sed
854 4617 907 4671 in
936 4617 1119 4671 codice
1144 4616 1351 4670 Tiliano
1388 4624 1441 4670 et
1478 4615 1726 4669 omnibus

134 4690 494 4766 antiquistﬂ.
525 4759 536 4766 _
623 4758 637 4766 _
700 4758 710 4766 .
950 4706 953 4707 '
995 4757 1005 4766 ι
1129 4758 1142 4766 _
1460 4752 1470 4766 ι

209 4764 243 4801 b
278 4755 385 4813 ista
415 4759 574 4813 lectio
623 4758 783 4828 hujus
819 4757 1061 4821 canonis,
1111 4758 1176 4828 de
1215 4770 1318 4824 qua
1362 4755 1505 4828 acris
1547 4755 1727 4808 admo-

131 4832 273 4885 dum
305 4830 508 4897 agitata
541 4828 639 4882 fuit
662 4825 799 4881 inter
836 4828 1075 4880 eruditos
1097 4827 1245 4881 viros
1273 4825 1563 4897 contentio,
1595 4840 1725 4897 con-

136 4894 640 4954 ﬁrmat'veriorem
692 4912 811 4951 esse
857 4898 1178 4950 sententiam
1218 4911 1269 4947 v.
1309 4894 1373 4947 cl.
1433 4911 1496 4949 ac
1530 4894 1726 4948 doctis-

133 4970 270 5025 simi
296 4969 349 5023 J.
388 4967 677 5026 Sirmondi.
713 4968 865 5036 cujus
891 4967 1010 5021 vide
1042 4975 1197 5020 notas
1224 4964 1556 5036 posthumas.

218 5050 243 5078 ε
287 5039 455 5093 Cone.
490 5038 735 5092 Arausic.
765 5032 793 5089 ι’
813 5077 826 5101 ,
857 5052 904 5091 c.
940 5038 957 5088 l
986 5054 999 5099 ;
1033 5052 1186 5089 conc.
1214 5032 1416 5088 Arelat.
1466 5052 1526 5100 ιι,
1558 5050 1607 5087 c.
1638 5032 1725 5086 26.

215 5109 243 5149 ἃ
277 5108 572 5162 Innocentii
601 5108 618 5159 l
654 5122 736 5175 ep.
769 5108 834 5159 ad
880 5106 1216 5169 Decentium,
1243 5121 1361 5174 cap.
1391 5107 1445 5159 8.

221 5191 246 5219 ε
273 5179 507 5247 lnterpr.
549 5192 649 5230 nec
674 5178 888 5245 Dionys.
927 5175 1168 5247 neelsid.

224 5249 243 5286 τ
306 5242 611 5301 Ηίθόειιιοιι
649 5242 915 5299 omittitur
953 5262 981 5299 a
1032 5242 1244 5305 Rufino,
1300 5252 1354 5297 et
1392 5242 1731 5297 desideratur

134 5320 195 5372 in
230 5317 360 5371 cod.
406 5316 555 5371 Eccl.
587 5316 743 5369 Rom.
780 5315 910 5371 Vide
950 5324 1061 5369 not.
1100 5331 1151 5369 v.
1188 5315 1256 5371 el.
1299 5310 1462 5370 Sirm.
1494 5312 1559 5367 ad
1589 5311 1730 5365 hunc

138 5388 426 5442 codicem.

221 5460 246 5497 8
276 5458 481 5525 lnterp.
509 5471 608 5510 nec
646 5455 1007 5526 Dionys._nec
1045 5453 1171 5510 Isid.

218 5529 244 5566 ιι
266 5546 269 5547 ⁷
290 5524 460 5581 Cone.
498 5526 678 5580 Aurel.
710 5542 723 5578 ι
749 5567 762 5587 ,
787 5524 841 5580 Vc.
870 5524 959 5578 “25.

228 5600 243 5637 ί
290 5597 461 5651 Cone.
508 5595 915 5650 Matisconensis
945 5612 1019 5656 ιι,
1061 5610 1107 5649 c.
1144 5594 1199 5648 2.

225 5665 238 5715 i
282 5666 492 5721 Concil.
530 5665 952 5721 Matisconeusis.
994 5680 1064 5726 ιι,
1096 5682 1144 5718 c.
1184 5664 1235 5718 l.

228 5737 249 5773 ι
284 5736 449 5790 Multa
491 5736 798 5805 pmcedunt
819 5736 871 5788 in
896 5751 1015 5788 ean.

1012 349 1330 406 CANONES
1370 349 1652 405 SELECTI
1686 349 1777 405 EX
1819 350 1973 405 VET.
2013 349 2165 404 CAN.
2206 349 2533 405 COLLECT.

1758 4480 1806 4541 D

3246 356 3271 408 1
3281 350 3387 410 026

2177 458 2357 512 Conon
2382 459 2685 513 Mazicensis
2705 500 2719 524 ,
2764 477 2871 516 tera
2903 462 2938 516 2
2984 465 3025 515 i.

1898 548 2099 604 Pascha
2130 550 2311 618 itaque
2340 558 2605 615 nostrum,
2632 551 2685 604 in
2725 567 2831 621 quo
2862 569 3105 608 summus
3125 553 3392 616 Sacerdos

1826 657 1889 695 ac
1913 640 2155 695 Pontifex
2184 656 2281 709 pro
2322 641 2523 695 nostris
2566 641 2774 697 delictis
2818 644 3122 700 immolatus
3151 655 3234 701 est
3275 646 3390 720 [Αι.

1825 731 1950 784 add.
1992 730 2190 784 nullam
2226 732 2428 785 habens
2471 732 2872 788 obnoxietatem
2926 735 3178 807 peccati],
3229 737 3393 793 debe-

1826 847 1944 886 mus
1969 847 2156 885 omnes
2198 828 2387 885 festive
2431 828 2815 904 [festivissime]
2865 834 3061 899 colere,
3099 844 3155 890 et
3192 837 3392 893 sedula!

1826 921 2213 977 observationis
2247 922 2555 977 sinceritate
2585 923 2637 975 in
2663 924 2909 978 omnibus
2937 928 3179 980 venerari
3210 945 3222 980 :
3253 937 3313 983 ut
3336 930 3392 984 in

1830 1015 1931 1069 illis
1956 1013 2306 1068 sanctissimis
2349 1023 2552 1082 septem
2582 1015 2787 1079 diebus,
2820 1017 2995 1071 nullus
3022 1019 3218 1074 servile
3256 1036 3395 1092 opus

1827 1104 2019 1157 audeat
2057 1101 2263 1165 facere;
2315 1101 2407 1156 sed
2435 1118 2621 1157 omnes
2649 1103 2851 1175 [simul]
2902 1108 3204 1175 coadunati,
3239 1111 3395 1181 bymé-

1826 1194 1912 1248 nis
1980 1193 2321 1262 paschalibus
2372 1193 2709 1262 indulgentes
2754 1188 2955 1266 (l’ar.)'
2985 1212 3394 1267 perseveranter

1826 1292 2022 1339 nostra:
2046 1286 2343 1353 praesentia:
2380 1283 2717 1338 devotionem
2761 1287 3085 1353 quotidianis
3113 1292 3395 1347 sacrificiis

1826 1384 2176 1439 ostentemus,
2207 1375 2485 1429 laudantes
2526 1384 2827 1430 creatorem
2869 1392 2932 1431 ac
2960 1388 3394 1449 regeneratorem

1826 1474 2068 1519 nostrum
2097 1480 2338 1534 vespere,
2383 1480 2541 1518 mane
2586 1473 2641 1519 et
2680 1467 2923 1520 meridie.

2179 1556 2359 1609 Canon
2401 1557 2735 1623 Maticensis,
2776 1578 2885 1614 tera
2931 1562 2954 1615 1
2994 1561 3038 1617 i.

1897 1645 1923 1684 ιι
1957 1643 2234 1700 Custodite
2258 1646 2422 1701 .diem
2460 1648 2816 1716 Dominicum,
2844 1653 2935 1721 qui
2969 1669 3069 1709 nos
3096 1656 3270 1713 denuo
3295 1674 3394 1730 pec

1827 1738 1985 1808 perit,
2013 1747 2066 1792 et
2108 1754 2137 1791 a
2185 1741 2420 1809 peccatis
2450 1743 2699 1797 omnibus
2740 1744 3008 1802 liberavit.
3056 1750 3243 1806 Nullus
3291 1768 3394 1809 no-

1825 1839 1995 1883 strum
2034 1829 2316 1904 [vestrum]
2352 1832 2522 1886 litium
2561 1834 2836 1890 fomitibus
2862 1847 3036 1902 vacet,
3062 1841 3239 1895 nullus
3267 1858 3395 1898 cau-

1823 1932 2004 1972 sarum
2030 1920 2269 1974 actiones
2294 1929 2565 1986 exerceat,
2596 1939 2752 1977 nemo
2780 1925 2880 1978 sibi
2911 1926 3072 1980 talem
3096 1933 3396 1985 necessitat-

1822 2012 1931 2060 tem
1981 2008 2253 2073 exhibeat,
2302 2025 2420 2079 quae
2459 2010 2646 2081 jugum
2695 2013 2994 2069 cervicibus
3041 2015 3395 2091 iuvencorum

1821 2100 2096 2167 imponere
2126 2109 2299 2171 cogat.
2331 2102 2514 2157 Estote
2552 2118 2739 2158 omnes
2781 2104 2835 2157 in
2888 2105 3099 2176 hymnis
3138 2118 3193 2164 et
3229 2109 3399 2167 laudi-

1822 2191 1923 2247 bus
1941 2191 2056 2257 Dei,
2090 2192 2292 2257 animo,
2322 2209 2657 2264 corporeque
2684 2197 2878 2251 intenti

2104 2283 2284 2337 Canon
2313 2285 2727 2351 Aurelianensis,
2774 2307 2882 2344 arra
2944 2291 3005 2344 21
3074 2292 3114 2346 ι.

1892 2372 2025 2439 Quia
2053 2388 2369 2444 persuasum
2415 2386 2498 2430 est
2545 2377 2799 2450 [populis]
2831 2380 2917 2433 die
2951 2382 3229 2438 Dominico
3274 2399 3398 2440 cum

1823 2463 2059 2529 caballis,
2101 2474 2155 2519 et
2179 2467 2376 2531 bubus,
2415 2476 2507 2521 aut
2527 2470 2788 2524 vehiculis
2826 2471 3017 2526 itinera
3042 2475 3125 2541 agi
3167 2492 3274 2529 non
3304 2478 3401 2531 de-

1821 2552 1948 2607 bere
1972 2568 1986 2607 :
2019 2570 2192 2625 neque
2218 2553 2379 2610 ullam
2408 2574 2518 2612 rem
2547 2560 2611 2612 ad
2640 2562 2836 2616 victum
2865 2579 3190 2633 prtcpararc,
3219 2568 3301 2622 vel
3329 2566 3399 2625 ad

1823 2646 2053 2700 nitorem
2101 2648 2292 2704 domus
2332 2648 2415 2705 vel
2470 2653 2702 2707 hominis
2738 2657 3097 2723 pertinentem
3134 2652 3400 2715 ullatenus

1822 2751 2097 2801 exercere,
2150 2738 2291 2809 (qua:
2345 2756 2432 2795 res
2478 2744 2649 2813 magis
2701 2744 2768 2798 ad
2812 2744 3090 2802 Iudaicam
3121 2764 3286 2818 quam
3332 2744 3401 2804 ad

1823 2828 2179 2884 Christianam
2228 2833 2627 2887 observantiam
2668 2837 2901 2904 pertinet
2940 2837 3235 2909 [pertinere
3270 2856 3399 2910 pro-

1822 2916 2027 2989 batur])
2059 2919 2111 2973 id
2157 2922 2448 2975 statuimus
2490 2930 2549 2975 ut
2594 2923 2680 2977 die
2723 2924 3025 2989 Dominico,
3084 2928 3226 2994 quod
3275 2938 3402 2983 ante

1824 3006 1941 3061 ﬁeri
1970 3008 2140 3073 licuit,
2164 3009 2342 3065 liceat.
2370 3011 2443 3065 De
2465 3026 2629 3080 opere
2658 3023 2834 3069 tamen
2864 3016 3047 3079 rurali,
3079 3017 3131 3070 id
3169 3026 3253 3071 est
3280 3034 3400 3073 ara-

1750 3132 1799 3198 c
1830 3105 1883 3152 ta
1917 3110 1956 3137 ω
1982 3099 2157 3165 vinea,
2202 3101 2459 3167 sectione,
2503 3103 2841 3168 excussione,
2891 3116 3099 3171 exarto,
3148 3106 3232 3161 vel
3279 3123 3405 3179 sepe

1828 3192 2136 3248 censuimus
2180 3195 2587 3260 abstinendum;
2618 3212 2725 3265 quo
2751 3194 2960 3251 facilius
3011 3196 3075 3251 ad
3118 3198 3404 3254 ecclesiam

1825 3283 2122 3348 venientes,
2148 3284 2411 3339 orationis
2434 3288 2620 3353 gratiae
2645 3297 2855 3341 vacent.
2885 3287 3037 3353 Quod
3078 3290 3123 3343 si
3154 3291 3405 3345 inventus

1826 3369 1988 3428 fuerit
2011 3375 2132 3443 quis
2157 3373 2209 3427 in
2236 3376 2488 3444 operibus
2517 3392 2677 3446 supra
2714 3378 2948 3446 scriptis,
2976 3394 3093 3447 quae
3114 3379 3404 3435 interdicta

1826 3474 1971 3530 sunt,
2013 3463 2115 3536 [se]
2145 3480 2425 3531 exercere;
2472 3467 2705 3535 qualiter
2736 3468 3005 3522 emendari
3056 3469 3248 3523 debeat
3294 3485 3402 3523 non

1828 3554 1882 3608 in
1922 3553 2070 3608 Laici
2100 3554 2458 3621 districtione,
2486 3557 2580 3611 sed
2618 3556 2673 3609 in
2713 3557 3008 3611 sacerdotis
3050 3559 3404 3628 castigatione

1830 3646 2111 3699 consistat.

1912 3755 2091 3810 Canon
2134 3756 2525 3812 Aurelianensis
2575 3758 2645 3881 rei:
2695 3760 2867 3813 missa:
2903 3762 3308 3827 exspectatione,

2423 3844 2529 3881 (vra
2679 3839 2725 3881 ιι.

2423 3844 2529 3881 (ενα
2575 3839 2645 3881 ⁸21
2679 3839 2725 3881 Π.

1899 3938 2033 3993 Cum
2064 3941 2130 3993 ad
2155 3940 2503 3994 celebrandas
2541 3941 2735 3995 missas
2762 3939 2840 4012 [in
2874 3939 2969 3996 Dei
3008 3941 3247 4014 nomine]
3284 3956 3406 3998 con-

1829 4030 1977 4082 venit
2002 4030 2248 4099 populus,
2292 4045 2398 4084 non
2434 4038 2558 4085 ante
2584 4030 2822 4084 discedat
2854 4046 3017 4099 quam
3054 4032 3231 4086 missa:
3256 4046 3408 4086 com-

1833 4121 2081 4189 pleamur
2113 4120 2312 4192 [missae
2346 4121 2659 4177 solemnitas
2689 4122 3065 4194 compleatur].
3092 4122 3159 4176 Et
3179 4122 3267 4176 ubi
3294 4124 3408 4191 epi-

1831 4228 2025 4282 scopus
2049 4221 2072 4247 °
2104 4213 2284 4277 fuerit,
2318 4214 2745 4269 benedictionem
2783 4215 3052 4283 accipiant
3083 4214 3401 4270 sacerdotis.

2445 4327 2583 4381 Αἶγα
2620 4328 2692 4384 28
2746 4339 2773 4378 ι)

1901 4442 2197 4512 Episcopus
2231 4441 2274 4496 si
2303 4441 2613 4497 infirmitate
2641 4458 2748 4497 non
2776 4441 2936 4497 fuerit
2958 4442 3265 4511 impeditus,
3306 4456 3401 4497 ec-

1901 4617 1919 4655 ι
1951 4617 2154 4673 Concil.
2184 4614 2366 4671 Aurel.
2408 4632 2502 4679 ιιι,
2530 4632 2578 4671 c.
2612 4616 2700 4670 ‘28.

1898 4700 1938 4727 ιιι
1967 4688 2114 4741 Mult.
2139 4704 2255 4740 var.
2285 4689 2404 4741 Vid.
2430 4694 2543 4742 not.
2571 4702 2621 4739 v.
2647 4687 2714 4740 cl.
2734 4685 2782 4741 J.
2808 4685 3097 4741 Sirmondi.

1900 4769 1928 4797 ιι
1973 4758 2136 4812 Cone.
2170 4757 2354 4811 Aurel.
2386 4774 2436 4819 l,
2463 4772 2510 4810 c.
2538 4756 2626 4808 26.

1902 4837 1925 4862 ο
1966 4829 2061 4883 Vir
2096 4827 2165 4882 cl.
2222 4825 2270 4880 J.
2325 4826 2644 4880 Sirmoudus
2689 4840 2703 4877 :
2756 4845 2773 4876 ι
2831 4826 3118 4880 Librorum
3165 4825 3405 4880 omnium

1829 4906 2093 4954 Consensu
2117 4905 2380 4964 expuncta
2405 4904 2488 4950 est
2518 4896 2745 4964 negatio,
2774 4912 2891 4964 qum
2923 4896 2974 4948 in
3008 4895 3235 4964 vulgatis
3261 4902 3402 4957 erat,

1830 4979 2116 5036 manetque
2145 4961 2284 5020 nunc
2312 4966 2471 5036 etiam
2512 4961 2649 5032 apud
2688 4961 3021 5036 Gratianum,
3053 4961 3405 5036 Siepiscopus

1830 5055 1933 5091 non
1962 5033 2140 5106 fuerit,
2170 5052 2265 5104 pro
2293 5051 2400 5103 quo
2444 5035 2786 5106 Burchardus
2824 5036 2915 5089 lib.
2936 5105 2942 5106 γ
2964 5051 3053 5096 ιιι,
3086 5048 3201 5106 cap.
3234 5033 3325 5106 29,
3352 5044 3409 5106 et

1829 5109 1919 5161 lvo
1944 5102 2078 5176 part.
2111 5102 2195 5169 ut,
2240 5102 2357 5173 cap.
2405 5105 2494 5167 54,
2530 5105 2730 5173 legunt,
2761 5106 2817 5160 Si
2864 5105 3132 5176 episcopus
3152 5102 3404 5176 defuerit.

1830 5173 1994 5231 Error
2019 5177 2141 5230 inde
2178 5184 2353 5237 natus,
2382 5178 2508 5243 quia
2530 5176 2859 5229 sacerdotem
2882 5175 2981 5228 hoc
3010 5173 3405 5243 locodﬁiversurn

1830 5262 1950 5302 esse
1975 5254 2230 5314 putarunt
2256 5247 2323 5299 ab
2351 5242 2620 5313 episcopo,
2651 5260 2769 5299 cum
2800 5245 2940 5298 idem
2970 5245 3058 5297 sit.
3093 5242 3409 5314 [Quodn-ir

1831 5312 2175 5370 doctissimus
2203 5312 2598 5378 animadvertit,
2637 5314 2689 5367 id
2729 5329 2943 5384 quoque
2971 5312 3407 5384 manifestissime

1832 5387 2140 5441 declaratur
2168 5401 2373 5439 canone
2409 5400 2631 5454 prorsus
2656 5383 2817 5439 simili
2836 5383 3412 5454 conciliiAurelianen-

1833 5458 1907 5511 sis
1951 5472 2044 5520 ιιι,
2076 5472 2195 5510 can.
2226 5455 2337 5509 ‘29:
2377 5473 2395 5504 ι
2432 5456 2507 5509 De
2550 5454 2729 5508 missis
2768 5453 2943 5508 nullus
2983 5453 3239 5506 laicorum
3284 5457 3411 5520 ante

1834 5517 2090 5587 discedat,
2125 5540 2286 5594 quam
2330 5525 2605 5578 Dominica
2650 5524 2858 5579 dicatur
2886 5524 3090 5594 oratio;
3142 5532 3196 5575 et
3223 5519 3267 5573 si
3295 5517 3410 5589 epi-

1835 5611 2028 5664 scopus
2046 5593 2280 5664 praesens
2308 5594 2487 5656 fuerit,
2519 5595 2635 5664 ejus
2660 5593 2966 5650 benedictio
3002 5596 3359 5660 exspectetur.
3380 5601 3404 5642 ι

1911 5678 1937 5715 ι>
1964 5665 2130 5720 Cone.
2161 5664 2345 5720 Aurel.
2381 5680 2432 5729 ι,
2472 5680 2520 5717 c.
2550 5665 2638 5719 5i.
