4020 6360
165 328 309 387 1025

157 536 316 601 teris,
359 550 452 590 seu
480 544 632 587 extra
656 532 983 602 episcopum,
1029 533 1141 587 sive
1167 542 1433 602 przesente
1473 532 1724 602 episcopo

156 642 285 684 cum
319 624 481 697 [Edd.
510 641 613 677 om.
644 623 789 695 cum]
839 624 1136 692 baptizant,
1186 624 1477 677 chrismate
1522 636 1725 692 ungere

155 715 305 779 licet,
333 715 425 770 sed
452 715 592 783 quod
623 715 689 768 ab
718 714 966 783 episcopo
996 712 1157 767 fuerit
1201 721 1595 777 consecratum,
1618 728 1725 766 non

156 813 340 860 tamen
382 804 607 859 frontem
640 818 707 857 ex
732 803 917 857 eodem
950 802 1110 874 [oleo]
1154 803 1387 871 signare,
1414 803 1558 871 quod
1599 802 1725 857 solis

154 896 386 951 debetur
424 895 708 964 episcopis,
753 910 875 948 cum
917 894 1137 948 tradunt
1184 892 1445 962 Spiritum
1490 892 1726 962 paracle—

153 995 295 1040 tum.

469 1073 649 1129 Canon
686 1076 1087 1140 Aurasicorum,
1123 1091 1231 1129 arra
1276 1073 1311 1128 2
1361 1086 1410 1127 ο.

222 1165 361 1222 Cum
388 1167 697 1221 chrismatis
722 1167 890 1235 ipsius
918 1168 1130 1221 nonnisi
1157 1183 1260 1220 una
1299 1163 1600 1220 benedictio
1620 1171 1722 1227 est,

150 1273 261 1311 non
292 1258 645 1327 prwjudicans
676 1258 985 1326 quidquam,
1024 1257 1118 1312 sed
1145 1267 1204 1311 ut
1229 1258 1255 1297 ι)
1283 1272 1390 1311 non
1420 1255 1723 1311 necessaria

151 1348 420 1402 habeatur
456 1349 682 1418 repetita
725 1349 1055 1402 chrismatio.

471 1436 651 1491 Canon
688 1438 1043 1503 Arelatensis,
1084 1453 1192 1492 (era
1238 1438 1307 1491 26
1353 1448 1400 1490 ο.

218 1528 544 1582 Ηιετειὶοιιιιι
571 1526 907 1598 [Hmreticos]
939 1527 991 1579 in
1028 1527 1217 1580 mortis
1260 1526 1571 1580 discrimine
1598 1540 1726 1580 coa-

146 1622 427 1685 stitutum,
452 1620 495 1674 si
522 1620 818 1675 catholicus
847 1634 965 1674 esse
994 1619 1284 1683 desiderat,
1313 1629 1367 1672 et
1391 1618 1481 1690 [si]
1510 1619 1720 1687 episco-

145 1728 249 1782 pus
280 1711 443 1775 desit,
472 1725 501 1763 a
524 1711 838 1781 presbytero
863 1725 983 1765 cum
1019 1708 1328 1764 chrismatis
1351 1709 1723 1764 benedictione

145 1802 458 1871 consignari
484 1802 701 1871 placuit.

504 1890 685 1946 Canon
727 1891 1086 1962 Epaunensis,
1136 1908 1244 1945 (era
1285 1890 1368 1944 16.

214 1986 384 2059 [Αάά.
412 1986 465 2039 in
504 1986 667 2039 edd.:
712 1985 1056 2054 presbyteros
1094 1993 1317 2055 propter
1347 1985 1574 2039 salutem
1603 1985 1720 2038 ani-

144 2091 362 2129 marum
417 2090 576 2144 quam
606 2074 659 2128 in
701 2076 916 2129 cunctis
963 2074 1256 2145 Optamus]
1311 2075 1615 2143 Desperatis
1666 2083 1719 2129 et

143 2166 589 2222 decumbentibus
648 2165 939 2229 haereticis,
998 2166 1043 2219 si
1102 2165 1514 2219 conversionem
1572 2164 1721 2218 subi-

146 2268 256 2313 tam
303 2264 516 2326 petant,
563 2271 593 2309 a
656 2258 971 2327 presbytero
1026 2254 1182 2327 [Var.
1227 2254 1373 2326 edd.]
1425 2256 1715 2309 chrismate

141 2349 507 2419 permittimus
528 2348 820 2401 subveniri.
854 2346 1005 2414 Quod
1029 2363 1215 2400 omnes
1242 2346 1506 2411 conversi,
1531 2346 1576 2400 si
1602 2346 1719 2399 sani

143 2446 291 2503 sunt,
319 2439 391 2491 ab
416 2438 667 2506 episcopo
691 2438 941 2491 noverint
961 2439 1337 2506 expetendum.

210 2527 239 2567 τι
280 2527 677 2582 Ρωηίιειιιίὺιιε
718 2535 901 2581 autem
952 2528 1262 2581 chrismatis
1304 2527 1487 2583 unctio
1514 2526 1720 2581 infundi

143 2629 250 2671 non
282 2625 480 2685 potest,
512 2618 636 2685 quia
676 2633 844 2687 genus
885 2626 968 2672 est
993 2619 1337 2673 sacramenti.
1365 2618 1501 2672 Nam
1527 2619 1722 2688 quibus

143 2710 356 2779 reliqua
403 2719 737 2767 sacramenta
781 2721 1061 2782 negantur,
1094 2714 1359 2783 quomodo
1404 2714 1505 2768 hoc
1554 2728 1722 2784 genus

144 2798 363 2871 [unum]
387 2810 603 2870 putatur
630 2818 786 2873 posse
806 2814 859 2857 et
887 2803 1032 2857 credi
1064 2802 1368 2875 [concedi]?

533 2893 712 2949 Canon
736 2895 1089 2959 Laodicensis,
1115 2912 1221 2948 wra
1248 2882 1337 2949 28.

210 2982 296 3036 De
318 2985 553 3054 prandiis
586 2986 941 3041 ecclesiarum.
976 3017 1046 3027 —
1080 2998 1102 3025 ε
1139 2988 1197 3041 In
1242 2986 1468 3043 ecclesia
1494 2989 1720 3059 prantia

138 3074 265 3129 ﬁeri
294 3089 403 3129 non
434 3074 649 3131 debere.

545 3168 565 3206 ί
594 3166 776 3221 Canon
805 3166 1079 3235 Nicamus,
1110 3187 1216 3225 trra
1241 3170 1330 3224 20.

211 3256 241 3296 ε
266 3251 327 3310 In
360 3255 446 3310 die
469 3255 769 3321 Dominico,
820 3266 873 3312 et
918 3259 973 3313 in
1024 3259 1214 3314 diebus
1242 3258 1610 3327 Pentecostes,
1654 3271 1722 3317 ut

134 3346 325 3402 omnia
362 3345 415 3398 in
460 3346 726 3401 universis
772 3347 905 3402 locis
948 3358 1306 3403 consonanter
1344 3350 1720 3418 observenm,

138 3435 353 3505 placuit
400 3444 587 3490 sancto
616 3436 844 3491 concilio
870 3446 1077 3492 stantes
1113 3438 1337 3493 Domino
1370 3448 1493 3493 vota
1523 3441 1725 3511 persol-

140 3542 296 3583 vere.

705 3619 931 3675 CAPUT
968 3620 1156 3675 XXVl.

134 3724 201 3763 DE
237 3724 468 3773 ΡΑεειιΑ,
492 3725 562 3763 ΕΤ
593 3725 680 3764 DIE
714 3725 997 3773 DOMINICO,
1031 3727 1098 3765 ET
1136 3727 1379 3775 RELIQUIS
1410 3726 1723 3767 FESTIVITA-

856 3796 1025 3834 TIBUS.

544 3869 726 3924 Conon
757 3871 1073 3925 Arelatensis
1092 3913 1104 3937 ,
1135 3889 1242 3926 azra
1285 3873 1335 3927 i.

204 3960 378 4033 (Var.
427 3963 572 4033 edd.)
627 3963 944 4017 Censuimus
1005 3963 1168 4033 igitur
1215 3963 1419 4019 Pascha
1477 3964 1721 4032 Domini,

133 4074 235 4128 per
279 4064 451 4110 totum
475 4056 660 4113 orbem
684 4072 790 4110 uno
819 4057 904 4111 die
927 4057 1226 4111 observari.

465 4146 649 4201 Canon
674 4147 1064 4201 Aurelianensis
1084 4189 1097 4213 ,
1126 4164 1233 4202 mra
1254 4148 1327 4201 22
1365 4150 1414 4201 ιι.

210 4240 290 4297 Ut
331 4239 461 4293 nulli
510 4239 706 4294 civium
750 4240 768 4312 (
785 4238 931 4311 Var.)
978 4238 1202 4301 Pascha,
1256 4238 1443 4292 Natale
1492 4238 1722 4298 Domini,

126 4334 221 4388 vel
278 4331 746 4400 Quinquagesima:
773 4331 1140 4385 solemnitates
1168 4330 1234 4384 in.
1250 4330 1375 4383 villa
1404 4329 1567 4383 liceat
1593 4329 1731 4383 cele-

128 4426 458 4502 byarei'rrisi
484 4437 641 4497 quem
676 4424 961 4480 inﬁrmitas
998 4423 1311 4493 probabitur
1331 4423 1588 4477 tenuisse.

211 4612 241 4639 II
274 4598 332 4650 in
377 4597 606 4667 vulgatis
636 4597 685 4662 Ι,
729 4596 821 4652 sed
850 4596 903 4649 in
932 4595 1115 4650 codice
1139 4595 1346 4649 Tiliano
1384 4603 1436 4649 et
1474 4594 1722 4648 omnibus

131 4668 410 4737 antiquis,
438 4669 489 4721 2.
624 4736 627 4737 ν
992 4736 999 4737 ί
1128 4736 1135 4737 ί
1456 4733 1465 4737 _
1594 4720 1625 4737 _,

208 4741 241 4778 ι)
277 4733 381 4790 ista
412 4737 570 4791 lectio
619 4736 779 4807 hujus
814 4736 1056 4807 canonis,
1107 4736 1171 4807 de
1211 4750 1313 4803 qua
1358 4733 1501 4807 acris
1543 4734 1723 4787 admo-

130 4809 273 4861 dum
303 4807 503 4874 agitata
536 4807 635 4859 fuit
657 4804 794 4859 inter
831 4806 1069 4859 eruditos
1093 4806 1241 4859 viros
1269 4804 1558 4863 contentio,
1591 4818 1720 4857 con-

135 4879 335 4930 ﬁrmat
373 4879 636 4931 veriorem
687 4890 807 4929 esse
853 4876 1173 4929 sententiam
1214 4890 1265 4926 v.
1305 4874 1369 4927 cl.
1429 4890 1492 4928 ac
1525 4874 1722 4927 doctis-

131 4947 269 5001 simi
296 4945 349 5000 J.
386 4945 673 5003 Sirmondi.
708 4946 860 5014 cujus
886 4945 1005 5000 vide
1037 4954 1193 5000 notas
1220 4945 1551 5014 posthumas.

214 5027 242 5054 ε
286 5015 451 5070 Cone.
486 5016 729 5069 Arausic.
759 5011 786 5067 ι’
808 5056 821 5078 ,
852 5031 899 5069 c.
932 5016 951 5067 Vl
981 5032 994 5079 ;
1028 5030 1181 5069 conc.
1210 5011 1412 5067 Arelat.
1461 5031 1521 5079 ιι,
1553 5030 1602 5066 c.
1633 5011 1720 5065 26.

214 5086 241 5125 ει
276 5084 569 5139 Innocentii
596 5086 614 5137 l
649 5101 731 5153 ep.
764 5086 830 5137 ad
876 5084 1211 5149 lieeeutium,
1238 5100 1356 5153 cap.
1387 5086 1441 5138 8.

217 5168 244 5196 ε
271 5155 502 5224 Interpr.
545 5170 643 5208 nec
669 5156 884 5222 Diouys.
923 5153 1163 5224 neclsid.

221 5226 241 5262 ῐ
305 5221 606 5278 Ηὶιῖέίιιιοιι
644 5221 910 5276 omittitur
949 5241 977 5277 a
1028 5221 1240 5283 Rufino,
1295 5231 1348 5277 et
1387 5222 1727 5276 desideratur

130 5298 190 5349 in
228 5294 359 5348 cod.
404 5294 550 5349 Eccl.
582 5294 738 5348 Rom.
774 5292 906 5348 Vide
945 5302 1057 5347 not.
1095 5310 1146 5347 v.
1184 5293 1251 5349 cl.
1295 5289 1457 5348 Sirm.
1489 5290 1554 5346 ad
1583 5290 1725 5345 hunc

134 5365 422 5419 codicem.

218 5436 245 5474 ε
274 5435 475 5502 lnterp.
503 5449 604 5504 nec
642 5432 857 5504 Diouys.
879 5450 1002 5504 [nec
1041 5432 1166 5488 lsid.

212 5506 242 5544 h
288 5504 456 5559 Cone.
493 5503 674 5559 Aurel.
706 5521 758 5565 ι,
784 5503 837 5558 ⁷ο.
865 5503 955 5557 25.

225 5577 239 5614 ί
288 5573 457 5628 Cone.
502 5574 911 5628 Matisconensis
940 5591 1014 5635 ιι,
1056 5589 1103 5627 c.
1139 5572 1194 5626 2.

221 5642 235 5691 i
280 5643 488 5698 Concil.
525 5643 947 5698 Matisconensis.
990 5658 1059 5705 ιι,
1091 5661 1139 5696 c.
1179 5643 1230 5696 i.

224 5714 247 5751 ¹ι
283 5713 445 5767 Multa
486 5714 793 5782 prteceduut
814 5714 866 5767 in
891 5729 1009 5767 can.

1013 329 1330 385 CANONES
1369 329 1651 385 SELECTI
1686 329 1776 385 EX
1819 330 1972 385 νει.
2012 329 2164 385 CAN.
2207 330 2533 387 COLLECT.

158 456 277 503 tum
307 442 459 519 [jam]
500 443 784 514 baptizatis
809 442 1066 512 Spiritum
1092 444 1299 498 darent.
1341 443 1474 496 Nam
1503 444 1723 512 preshy-
1754 446 1799 503 Α

3245 332 3385 391 1026

2176 439 2357 493 Canon
2383 440 2684 495 Maticensis
2705 482 2720 506 ,
2764 459 2870 498 aera
2902 443 2938 497 2
2984 447 3025 497 ί.

1897 528 2099 585 Pascha
2130 531 2311 599 itaque
2340 540 2604 596 nostrum,
2631 532 2684 585 in
2725 549 2831 602 quo
2862 551 3104 589 summus
3125 534 3391 597 Sacerdos

1824 638 1888 676 ac
1912 621 2155 677 Pontifex
2182 637 2280 691 pro
2322 623 2523 676 nostris
2566 623 2773 679 delictis
2818 626 3122 682 immolatus
3150 636 3233 683 est
3274 627 3389 701 [Αι.

1824 712 1949 765 add.
1991 712 2190 765 nullam
2225 712 2428 766 habens
2470 714 2871 769 obnoxietatem
2926 717 3177 789 peccati],
3227 718 3391 774 debe-

1825 828 1943 867 mus
1968 828 2154 866 omnes
2198 810 2386 867 festive
2430 810 2814 885 [festivissime]
2864 816 3060 881 colere,
3098 825 3153 871 et
3190 819 3390 875 sedula;

1825 903 2212 957 observationis
2246 903 2554 958 sinceritate
2584 905 2637 957 in
2662 906 2908 960 omnibus
2936 909 3178 962 venerari
3208 927 3220 961 :
3250 919 3311 965 ut
3334 912 3390 966 in

1828 995 1930 1049 illis
1955 995 2306 1049 sanctissimis
2348 1004 2550 1063 septem
2580 997 2786 1062 diebus,
2819 999 2995 1053 nullus
3021 1001 3216 1055 servile
3254 1017 3393 1074 opus

1826 1085 2019 1137 audeat
2056 1082 2262 1147 facere;
2314 1083 2406 1137 sed
2434 1099 2620 1139 omnes
2648 1084 2851 1157 [simul]
2901 1089 3202 1157 coadunati,
3236 1092 3393 1163 hyma

1826 1174 1910 1229 nis
1978 1174 2320 1243 paschalibus
2371 1174 2707 1244 indulgentes
2753 1170 2955 1249 (ναν.)’
2984 1195 3392 1249 perseveranter

1825 1272 2021 1319 nostra:
2047 1266 2342 1334 praesentia:
2380 1264 2716 1320 devotionem
2760 1269 3083 1335 quotidianis
3111 1274 3392 1329 sacrificiis

1825 1364 2175 1421 ostentemus,
2205 1357 2483 1410 laudantes
2524 1367 2826 1412 creatorem
2868 1374 2931 1413 ac
2960 1371 3392 1431 regeneratorem

1826 1454 2067 1500 nostrum
2096 1461 2337 1515 vespere,
2381 1462 2540 1500 mane
2585 1455 2639 1500 et
2679 1449 2921 1502 meridie.

2178 1536 2357 1590 Canon
2400 1538 2734 1605 Malicensis,
2774 1559 2884 1596 a’ra
2931 1544 2952 1597 1
2991 1543 3035 1598 i.

1896 1625 1923 1665 ιι
1957 1624 2233 1681 Custodite
2256 1628 2421 1681 .diem
2459 1630 2814 1698 Dominicum,
2843 1635 2934 1703 qui
2968 1652 3066 1691 nos
3094 1638 3267 1695 denuo
3293 1656 3391 1712 pe-

1826 1719 1984 1788 perit,
2012 1728 2065 1773 et
2107 1735 2137 1772 a
2184 1722 2418 1789 peccatis
2449 1724 2698 1779 omnibus
2739 1726 3006 1783 liberavit.
3055 1732 3241 1787 Nullus
3288 1751 3391 1791 no-

1824 1819 1993 1864 strum
2033 1809 2315 1883 [vestrum]
2350 1813 2519 1867 litium
2560 1814 2834 1871 fomitibus
2860 1828 3033 1884 vacet,
3059 1822 3236 1877 nullus
3264 1840 3391 1880 cau-

1822 1913 2001 1952 sarum
2029 1901 2267 1954 actiones
2292 1910 2564 1967 exerceat,
2594 1920 2750 1958 nemo
2777 1906 2877 1959 sibi
2908 1907 3069 1961 talem
3093 1915 3393 1968 necessitas

1820 1993 1929 2040 tem
1979 1988 2251 2053 exhibeat,
2300 2005 2418 2060 quae
2458 1991 2645 2061 jugum
2693 1994 2991 2050 cervicibus
3038 1996 3392 2073 iuvencorum

1820 2080 2095 2148 imponere
2124 2089 2297 2150 cogat.
2328 2082 2513 2137 Estote
2551 2099 2736 2139 omnes
2778 2086 2832 2139 in
2884 2086 3096 2157 hymnis
3135 2098 3190 2145 et
3226 2091 3396 2149 laudi-

1820 2171 1920 2226 bus
1940 2171 2054 2237 Dei,
2089 2172 2290 2237 animo,
2320 2190 2655 2244 corporcque
2683 2177 2875 2232 intenti

2102 2262 2281 2317 Canon
2312 2265 2725 2331 Aurelianensis,
2771 2288 2879 2324 trra
2940 2272 3002 2326 21
3071 2273 3111 2328 Ῑ.

1890 2352 2023 2418 Quia
2051 2368 2367 2423 persuasum
2414 2365 2496 2411 est
2544 2357 2796 2431 [populis]
2829 2361 2915 2414 die
2948 2363 3226 2419 Dominico
3270 2380 3394 2422 cum

1820 2442 2057 2508 caballis,
2099 2453 2153 2498 et
2178 2446 2374 2511 bubus,
2413 2455 2505 2501 aut
2525 2450 2786 2505 vehiculis
2823 2452 3014 2507 itinera
3038 2456 3123 2522 agi
3164 2473 3270 2511 non
3301 2459 3397 2513 de-

1818 2531 1946 2586 bere
1970 2548 1983 2586 :
2018 2550 2190 2605 neque
2217 2532 2377 2590 ullam
2406 2554 2516 2592 rem
2544 2539 2609 2593 ad
2637 2542 2835 2597 victum
2863 2559 3186 2614 pra-parare,
3216 2550 3297 2603 vel
3326 2548 3395 2607 ad

1821 2625 2051 2680 nitorem
2099 2628 2289 2683 domus
2330 2630 2413 2684 vel
2468 2632 2700 2687 hominis
2735 2638 3095 2703 pertinentem
3132 2633 3396 2696 ullatenus

1820 2731 2095 2781 exercere,
2148 2719 2289 2789 (qua:
2342 2736 2429 2775 res
2475 2724 2647 2793 magis
2699 2725 2766 2779 ad
2809 2724 3086 2783 Iudaicam
3117 2745 3282 2799 quam
3328 2725 3397 2786 ad

1820 2808 2178 2864 Christianam
2226 2813 2625 2868 observantiam
2666 2817 2899 2885 pertinet
2938 2818 3231 2889 [pertinere
3267 2838 3395 2891 pro-

1818 2896 2024 2969 batur])
2056 2899 2109 2953 id
2154 2901 2445 2955 statuimus
2488 2911 2546 2955 ut
2592 2904 2678 2957 die
2722 2905 3022 2971 Dominico,
3081 2910 3223 2975 quod
3272 2920 3398 2964 ante

1821 2986 1939 3041 fieri
1967 2988 2137 3054 licuit,
2162 2990 2339 3044 liceat.
2367 2992 2441 3046 De
2462 3007 2627 3061 opere
2655 3003 2831 3049 tamen
2860 2997 3044 3061 rurali,
3077 2998 3128 3051 id
3166 3008 3250 3053 est
3276 3016 3395 3055 ara-

1747 3112 1796 3179 c
1828 3084 1880 3132 ta
1915 3091 1953 3117 ιη
1979 3080 2153 3145 vinea,
2199 3082 2457 3148 sectione,
2501 3084 2838 3150 excussiouc,
2888 3097 3096 3152 exarto,
3144 3088 3228 3143 vel
3275 3105 3400 3160 sepe

1825 3172 2133 3228 censuimus
2177 3175 2585 3241 abstinendum;
2615 3193 2722 3246 quo
2748 3175 2957 3232 facilius
3007 3178 3071 3232 ad
3114 3180 3401 3236 ecclesiam

1823 3264 2118 3328 venientes,
2145 3265 2407 3320 orationis
2432 3267 2617 3334 gratiae
2643 3277 2851 3322 vacent.
2881 3269 3033 3335 Quod
3074 3272 3119 3324 si
3150 3273 3401 3327 inventus

1822 3350 1985 3408 fuerit
2008 3355 2129 3423 quis
2152 3354 2207 3407 in
2234 3357 2485 3424 operibus
2514 3372 2674 3426 supra
2712 3359 2945 3426 scriptis,
2972 3375 3090 3429 qua:
3111 3361 3399 3416 interdicta

1823 3453 1968 3510 sunt,
2010 3443 2111 3516 [se]
2142 3460 2422 3511 exercere;
2468 3447 2702 3516 qualiter
2733 3449 3001 3502 emendari
3053 3451 3244 3504 debeat
3290 3466 3398 3505 non

1825 3535 1879 3589 in
1919 3533 2067 3589 Laici
2096 3535 2455 3599 districtione,
2483 3537 2576 3590 sed
2615 3536 2669 3589 in
2710 3538 3005 3592 sacerdotis
3047 3540 3400 3609 castigatione

1827 3626 2107 3679 consistat.

1908 3735 2088 3791 Canon
2130 3737 2521 3792 Aurelianensis
2571 3739 2635 3792 de
2691 3740 2863 3794 missa:
2901 3743 3305 3808 exsucctatione,

2419 3825 2525 3862 (vra
2571 3809 2641 3861 24
2674 3820 2721 3862 ιι.

1896 3919 2030 3974 Cum
2060 3921 2126 3974 ad
2151 3920 2499 3975 celebrandas
2536 3921 2731 3976 missas
2758 3920 2836 3992 [in
2872 3919 2966 3976 Dei
3005 3922 3244 3995 nomine]
3280 3937 3401 3979 eon-

1825 4010 1973 4062 venit
1999 4010 2245 4079 populus,
2288 4026 2393 4065 non
2430 4018 2554 4065 ante
2580 4010 2819 4065 discedat
2851 4027 3013 4080 quam
3051 4012 3228 4066 missa:
3253 4028 3403 4067 com-

1828 4101 2077 4169 pleantur
2108 4100 2308 4171 [missal
2342 4102 2654 4157 solemnitas
2686 4102 3061 4175 compleatur].
3089 4103 3156 4156 Et
3176 4103 3264 4157 ubi
3290 4105 3403 4172 epi-

1827 4208 2020 4262 scopus
2045 4201 2067 4227 °
2099 4194 2280 4258 fuerit,
2312 4195 2742 4249 benedictionem
2779 4196 3048 4264 accipiant
3079 4194 3396 4250 sacerdotis.

2440 4308 2579 4363 Afra
2616 4308 2688 4364 28
2741 4320 2768 4359 Ρ

1754 4460 1801 4521 D
1897 4422 2192 4492 Episcopus
2226 4422 2271 4477 si
2298 4422 2609 4478 inﬁrmitate
2638 4438 2743 4478 non
2771 4422 3261 4492 fueritimpeditus,
3302 4437 3396 4477 ec-

1898 4597 1913 4636 ¹
1946 4597 2149 4653 Concil.
2179 4595 2362 4650 Aurel.
2402 4613 2498 4661 ιιι,
2526 4613 2574 4652 c.
2607 4598 2695 4651 28.

1812 4710 1815 4711 ν
1894 4680 1933 4707 ιιι
1962 4668 2109 4721 Μιιιι.
2135 4684 2250 4721 var.
2280 4669 2399 4723 th.
2426 4676 2538 4723 not.
2566 4683 2616 4720 v.
2643 4668 2709 4721 cl.
2729 4666 2776 4721 J.
2802 4666 3093 4721 Sirmondi.

1895 4748 1923 4776 ιι
1968 4738 2132 4792 Cone.
2166 4738 2349 4791 Aurel.
2381 4754 2431 4800 ι,
2458 4754 2505 4791 c.
2534 4737 2621 4789 26.

1897 4816 1921 4842 ο
1961 4808 2056 4861 Vir
2091 4807 2161 4862 cl.
2218 4806 2265 4860 J.
2320 4806 2639 4860 Sirmondus
2684 4821 2698 4858 :
2751 4826 2769 4857 ι
2826 4806 3112 4860 Librorum
3160 4806 3400 4861 omnium

1824 4883 2089 4933 'consensu
2112 4885 2376 4944 expuncta
2400 4885 2483 4930 est
2513 4877 2739 4945 negatio,
2769 4893 2886 4944 (pur.
2918 4877 2969 4928 in
3003 4876 3230 4945 vulgatis
3256 4880 3398 4937 erat,

1825 4958 2112 5015 manetque
2140 4942 2280 5001 nunc
2307 4947 2466 5015 etiam
2507 4942 2644 5013 apud
2683 4942 3016 5007 Gratianum,
3048 4942 3111 4998 Si
3134 4947 3401 5015 episcopus

1826 5035 1929 5071 non
1957 5014 2135 5086 fuerit,
2165 5032 2260 5084 pro
2289 5031 2395 5084 quo
2438 5014 2781 5086 Burcbardus
2818 5017 2910 5069 lib.
2959 5032 3047 5078 ιιι,
3081 5030 3196 5086 (κιρ.
3230 5014 3319 5086 29,
3349 5025 3404 5067 et

1822 5088 1914 5141 lvo
1939 5084 2074 5155 part.
2106 5102 2191 5149 ιιι,
2236 5102 2353 5153 cap.
2400 5085 2489 5147 54,
2525 5085 2725 5153 legunt,
2756 5085 2812 5139 Si
2860 5085 3127 5155 episcopus
3152 5084 3398 5155 defuerit.

1824 5154 1989 5210 Error
2014 5157 2136 5210 inde
2174 5163 2349 5218 natus,
2377 5158 2503 5223 quia
2525 5156 2854 5209 sacerdotem
2877 5155 2976 5208 hoc
3005 5154 3400 5209 locodiversum

1825 5241 1945 5281 esse
1970 5234 2226 5294 putarunt
2251 5227 2318 5279 ab
2346 5226 2615 5293 episcopo,
2645 5241 2764 5280 cum
2796 5226 2935 5279 idem
2964 5225 3053 5278 sit.
3088 5242 3106 5275 ι
3125 5223 3305 5294 [Quod
3319 5223 3404 5275 vir

1825 5292 2170 5350 doctissimus
2199 5292 2593 5359 animadvertit,
2632 5295 2683 5348 id
2724 5310 2937 5365 quoque
2965 5292 3402 5365 manifestissime

1827 5366 2135 5421 declaratur
2163 5380 2369 5419 canone
2405 5381 2625 5434 prorsus
2651 5364 2811 5419 simili
2830 5364 3407 5418 conciliiAurclianen—

1828 5438 1902 5511 s_i_s
1945 5452 2038 5511 ιιι,
2071 5452 2190 5491 can.
2222 5436 2289 5489 29
2319 5447 2390 5511 ει
2427 5435 2724 5511 Demissis
2763 5434 2937 5489 nullus
2976 5434 3406 5511 laicorum_ant.e

1829 5507 2084 5567 discedat,
2120 5521 2281 5575 quam
2326 5506 2600 5559 Dominica
2644 5505 2853 5575 dicatur
2880 5503 3085 5575 oratio;
3137 5512 3191 5556 et
3218 5501 3263 5555 si
3289 5501 3405 5570 epi-

1830 5591 2022 5644 scopus
2041 5573 2275 5645 przesens
2302 5574 2483 5637 fuerit,
2514 5575 2629 5644 ejus
2655 5573 2960 5630 benediCtio
2996 5577 3354 5641 exspectetur.
3374 5582 3399 5623 ι

1907 5658 1932 5696 ι)
1959 5645 2124 5700 Cone.
2155 5645 2339 5701 Aurel.
2376 5661 2427 5709 ι,
2468 5661 2515 5697 c.
2545 5645 2632 5698 5L
