4020 6360
156 353 296 413 1029

505 467 683 526 Conon
715 469 1068 536 Lacdicensis,
1098 488 1205 526 trra
1236 473 1301 526 15
1329 483 1377 523 α.

221 562 252 602 δ
283 561 422 616 Solis
443 569 620 619 autem
651 563 947 617 ministerio
975 562 1188 627 deditis,
1214 563 1281 616 ad
1305 563 1472 617 altare
1497 561 1726 634 ingredi,

150 662 206 708 ct
233 651 432 709 ibidem
460 653 857 707 communicare
883 653 1084 707 licebit.

814 743 950 797 {Em
979 742 1066 795 44.

146 873 153 878 -
223 847 247 874 ε
283 834 528 890 Mulieres
555 835 622 890 ad
650 834 815 888 altare
843 835 1049 904 ingredi
1087 849 1192 888 non
1218 843 1444 904 Oportet.

789 924 927 979 {Era
951 924 1019 978 57
1047 923 1096 977 δ.

219 1017 338 1073 Non
368 1025 578 1091 Oportet
605 1016 657 1070 in
694 1016 940 1072 domibus
983 1015 1280 1070 oblationes
1308 1031 1337 1069 a
1365 1014 1730 1070 sacerdotibus

149 1123 485 1164 consecrari.

551 1197 730 1253 Canon
760 1197 1026 1263 Nicmnus,
1055 1213 1162 1251 cera
1195 1194 1258 1248 Η
1285 1206 1328 1248 ε.

218 1291 559 1348 Generaliter
580 1299 755 1344 autem
785 1289 1000 1344 cuilibet
1022 1289 1076 1342 in
1104 1288 1250 1342 exitu
1289 1286 1464 1357 posito
1489 1281 1729 1354 poscenti

149 1383 582 1439 communionem
614 1381 772 1436 tribui
796 1381 863 1434 ab
889 1380 1136 1450 episcopo
1163 1375 1509 1446 probabiliter
1532 1390 1594 1428 ex
1628 1373 1726 1428 ob-

149 1475 196 1527 la
205 1475 350 1526 tione
380 1471 608 1526 decebit.

711 1561 936 1618 CAPUT
974 1560 1168 1616 XXXI.

677 1670 743 1709 DE
773 1669 1194 1708 PRAEDICATIONE.

517 1747 696 1803 Canon
732 1746 1067 1808 Arelatensis,
1103 1761 1208 1798 trra
1231 1743 1265 1796 2
1296 1742 1338 1795 τ.

1004 357 1322 415 (ΖᾸΝΟΝΕΞ
1363 356 1649 415 SELECTI
1692 358 1782 413 EX
1824 359 1980 414 YET.
2021 361 2176 416 CAN.
2217 362 2543 422 COLLECT.

3258 372 3282 425 1
3293 371 3396 428 050

1751 475 1798 532 Α
1829 471 1976 537 rari;
2025 475 2260 543 quandiu
2311 487 2402 531 aut
2454 480 2627 534 redire
2678 481 2866 550 possit,
2920 491 3010 535 aut
3057 481 3248 551 injuria
3287 483 3403 553 ejus

1829 563 2122 617 remedium
2155 569 2439 636 acceperit,
2463 571 2621 624 etiam
2650 570 2797 642 larga
2828 573 3196 629 benevolentia
3225 582 3277 630 ct
3299 576 3402 630 hu—

1826 653 2058 708 manitas
2085 654 2382 710 exhibenda
2413 667 2493 712 est
2522 659 2590 712 ei.

2198 747 2375 802 Canon
2407 750 2730 814 Maticeusis,
2758 769 2863 808 a’ra
2890 755 2945 807 Η
2984 767 3043 807 ιη.

1899 834 2094 904 (Multa
2111 836 2332 906 pra'ccd.
2356 839 2408 890 in
2432 839 2575 907 edd.)
2608 840 2977 908 llospitalitate
3008 839 3187 912 (Var.)
3219 858 3406 898 recon-

1827 926 1997 979 ciliari
2027 926 2069 979 si
2097 928 2216 995 quis
2239 937 2478 983 nostrum
2519 946 2622 984 non
2657 933 3014 997 admonuerit,
3043 942 3136 986 aut
3161 937 3406 1005 exemplo

1831 1013 2174 1089 [exemplum]
2203 1020 2590 1075 exhortationis
2616 1039 2742 1082 sum,
2773 1032 2864 1077 aut
2885 1025 2995 1093 ipse
3022 1041 3078 1077 se
3102 1027 3252 1094 prius
3279 1043 3406 1097 ope-

1829 1106 1938 1158 rari
1967 1122 2070 1160 non
2117 1106 2454 1180 [opercnon]
2501 1113 2946 1180 comprobaverit,
2991 1113 3407 1183 indignationem

1827 1193 2016 1263 procul
2045 1193 2207 1248 dubio
2237 1195 2464 1250 incurrit
2493 1197 2702 1252 Domini
2731 1198 3048 1267 majestatis.
3079 1199 3410 1257 Praedicetu'r

1827 1286 1931 1341 hoc
1953 1285 2107 1354 juxta
2135 1285 2316 1358 (Var.)
2343 1290 2750 1356 possibilitatem
2785 1298 2982 1346 nostra:
3029 1293 3409 1347 mediocritatis

1830 1377 1882 1431 in
1915 1379 2134 1432 auribus
2162 1379 2398 1432 omnium
2438 1379 2882 1434 Christianorum.
3351 1396 3354 1398 ‘

2362 1469 2587 1524 CAPUT
2626 1471 2862 1525 XXXI“.

2199 1550 2380 1604 Canon
2414 1550 2735 1613 Maticcnsis,
2765 1569 2870 1604 trra
2897 1551 2962 1604 ιε
2987 1561 3036 1604 η.

1901 1640 2092 1712 (Multa
2118 1643 2341 1712 prrrcc'd.
2382 1643 2436 1695 in
2471 1641 2614 1712 edd.)
2645 1643 2993 1696 Decernimus
3027 1651 3085 1696 ut
3122 1659 3240 1698 mos
3268 1644 3408 1698 anti-

1831 1748 1970 1801 quus
2000 1747 2031 1786 a
2061 1730 2307 1787 ﬁdelibus
2336 1741 2635 1802 reparetur,
2674 1742 2728 1787 et
2763 1733 2999 1787 decimas
3032 1733 3408 1789 ecclesiasticis

222 1842 338 1896 Hoc
367 1841 528 1894 etiam
553 1850 654 1910 pro
699 1838 1048 1893 aedificatione
1095 1835 1333 1888 omnium
1362 1830 1731 1894 ecclesiarum,
1765 1825 1812 1886 B
1837 1823 2220 1879 famulantibus
2241 1823 2573 1878 cmremoniis
2591 1825 2818 1893 populus
2837 1825 3010 1879 omnis
3031 1823 3243 1879 inferat.
3266 1824 3409 1892 Quas

150 1945 210 1991 et
237 1932 591 2006 proutilitate
617 1930 779 1982 totius
805 1926 983 1996 pepuli
1010 1925 1225 1994 placuit,
1259 1932 1318 1975 ut
1347 1936 1448 1975 non
1478 1920 1648 1974 solum
1680 1919 1734 1971 in

149 2023 479 2085 civitatibus,
511 2019 604 2074 sed
633 2019 793 2072 etiam
821 2017 872 2069 in
915 2014 1162 2068 omnibus
1185 2010 1473 2081 parrechiis
1513 2009 1734 2062 verbum

150 2111 386 2167 faciendi
414 2111 663 2165 daremus
698 2105 1031 2176 presbyteris
1072 2111 1391 2173 potestatem
1421 2118 1432 2151 :
1483 2099 1558 2152 ita
1602 2105 1661 2150 ut
1689 2096 1735 2151 si

151 2203 440 2273 presbyter
487 2215 584 2270 pro
629 2196 938 2252 infirmitate
985 2210 1088 2247 non
1141 2190 1373 2262 potuerit
1417 2188 1728 2258 praedicare,

151 2305 465 2351 sanctorum
491 2292 710 2345 Patrum
740 2287 970 2342 homilize
997 2302 1026 2339 a
1055 2285 1276 2338 diacono
1317 2282 1629 2335 recitentur.
1677 2275 1736 2330 Si

151 2387 297 2440 enim
324 2383 470 2454 digni
497 2391 619 2436 sunt
647 2379 876 2441 diaconi,
906 2375 1045 2446 quod
1077 2374 1320 2429 Christus
1365 2372 1418 2425 in
1449 2367 1736 2437 Evangelio

149 2479 364 2531 locutus
387 2482 490 2539 est,
519 2474 695 2543 legere
720 2489 734 2536 ;
785 2485 952 2539 quare
983 2466 1183 2536 indigni
1222 2464 1501 2518 vidcantur
1528 2471 1736 2514 sancto-

151 2583 270 2623 rum
298 2566 661 2636 expositiones
690 2561 899 2632 publice
929 2557 1199 2613 recitare?

536 2656 714 2709 Canon
744 2653 1046 2721 Africanus,
1075 2665 1180 2702 (rm
1207 2646 1276 2701 50
1308 2647 1354 2698 ε.

223 2748 515 2822 Sacerdote
544 2745 598 2798 in
626 2742 851 2797 ecclesia
877 2740 1100 2794 verbum
1141 2735 1392 2798 faciente,
1419 2729 1512 2802 qui
1553 2743 1736 2803 egres-

150 2857 246 2897 sus
275 2841 343 2896 de
371 2838 634 2893 auditorio
665 2833 844 2899 fuerit,
867 2826 1378 2886 excommunicetur.

786 2947 925 3002 Era
956 2944 1024 3000 55
1050 2943 1100 2995 h.

224 3045 326 3113 Qui
355 3043 439 3098 die
461 3038 682 3096 solemni
709 3033 1069 3106 praetermisso
1107 3027 1346 3086 ecclesia:
1373 3030 1638 3082 conventu
1666 3021 1734 3076 ad

149 3133 459 3209 Spectacula
483 3131 649 3195 vadit,
685 3125 1196 3183 cxcommunicetur.

789 3218 930 3273 Λῖνα
965 3215 1034 3271 51
1070 3217 1112 3269 ί.

149 3369 156 3374 .
225 3316 437 3380 Mulier,
469 3312 711 3384 quamvis
737 3311 892 3365 docta
919 3315 975 3363 et
997 3314 1202 3371 sancta,
1228 3303 1374 3359 viros
1395 3301 1448 3356 in
1470 3305 1732 3355 conventu

151 3409 352 3465 docere
377 3421 481 3460 non
510 3408 797 3475 przesumat

789 3490 925 3546 Ᾱίνα
955 3490 1023 3546 '58
1055 3486 1101 3543 i.

226 3588 446 3652 Laicus,
474 3583 828 3657 przesentibus
852 3580 1087 3648 clericis,
1112 3578 1213 3633 nisi
1249 3576 1379 3648 ipsis
1399 3571 1733 3644 iubentibus.

151 3683 356 3737 docere
380 3695 483 3734 non
509 3683 819 3748 praesumat.

625 3809 628 3814 '
710 3784 934 3840 CAPUT
970 3780 1183 3837 XXXII.

675 3890 740 3931 DE
778 3887 1219 3930 IIOSI‘ITALITATE.

543 3969 724 4024 Canon
747 3968 1049 4038 Africanus,
1075 3980 1182 4018 mra
1209 3960 1278 4015 56
1305 3960 1355 4014 ι.

226 4061 478 4132 Episcopi
505 4060 586 4113 vel
607 4056 923 4128 presbyteri,
948 4056 993 4109 si
1012 4068 1174 4108 causa
1199 4048 1474 4105 visitandte
1495 4043 1748 4126 ecclesia).

152 4155 387 4211 alterius
412 4152 646 4224 episcopi
674 4149 857 4222 (Var.)
885 4147 1121 4211 veniant,
1154 4145 1207 4198 in
1235 4143 1402 4214 gradu
1446 4154 1543 4198 suo
1571 4137 1740 4192 susci-

151 4252 416 4322 piantur:
447 4255 503 4300 et
533 4254 641 4299 tam
662 4245 730 4298 ad
751 4242 974 4298 verbum
999 4237 1299 4293 faciendum
1319 4247 1481 4303 quam
1503 4231 1572 4285 ad
1593 4228 1740 4283 obla-

151 4345 368 4398 tionem
395 4336 814 4394 eonsecrandam
849 4332 1157 4387 invitentur.

563 4425 743 4481 Canon
774 4423 1042 4486 Nica’nus,
1070 4436 1177 4474 trra
1204 4417 1275 4472 9.0
1311 4416 1352 4471 ³.

1831 1916 2174 1981 Sacerdotes,
2204 1923 2297 1969 aut
2327 1915 2380 1968 in
2421 1929 2715 1985 pauperum
2746 1930 2899 1968 usum
2921 1955 2935 1979 ,
2975 1924 3067 1968 aut
3099 1915 3150 1968 in
3175 1914 3408 1982 captivo—

1835 2019 1953 2058 rum
1984 2004 2403 2075 redemptionem
2429 2013 2798 2075 prorogantes,
2825 2006 2937 2060 suis
2956 2005 3290 2059 orationibus
3314 2019 3410 2073 po-

1831 2093 1958 2164 pulo
2003 2109 2194 2163 pacem
2242 2110 2306 2150 ac
2353 2095 2578 2148 salutem
2626 2095 2932 2164 impetrent.
2977 2094 3033 2148 Si
3073 2094 3194 2163 quis
3230 2101 3410 2147 autem

1835 2191 2124 2238 contumax
2147 2185 2346 2238 nostris
2372 2185 2588 2238 statutis
2605 2185 2974 2243 saluberrimis
2997 2183 3176 2248 fuerit,
3199 2199 3229 2236 a
3245 2198 3412 2236 mem-

1833 2273 1948 2328 bris
1977 2272 2231 2328 Ecclesia:
2262 2273 2425 2344 [Edd.
2470 2274 2596 2327 add.
2629 2275 2775 2327 omni
2807 2273 3068 2345 tempore]
3109 2281 3410 2343 separetur.

2371 2362 2596 2418 CAPUT
2635 2363 2872 2417 XXXIV.

1837 2448 1862 2476 °
1902 2457 1966 2496 υε
2005 2457 2209 2507 vmurs,
2253 2457 2490 2496 PUPILLIS
2537 2456 2607 2495 ετ
2667 2457 3023 2506 ιιλυιιειιιιςυδ,
3071 2456 3306 2496 ικῖιιηηδ
3340 2456 3409 2496 ετ

2185 2528 2555 2575 CARCEBANIS,
2585 2529 2654 2566 ΕΤ
2693 2528 2758 2566 DE
2797 2527 3062 2567 LEPROSIS.

1905 2604 2176 2674 Pauperes
2204 2616 2260 2659 et
2293 2619 2451 2659 senes
2476 2604 2717 2659 ecclesia:
2753 2604 2874 2673 plus
2904 2604 3116 2658 czeteris
3145 2603 3413 2656 honoran-

1834 2695 1952 2749 dos.
1988 2706 2014 2744 ρ
2042 2695 2224 2749 Vidute
2250 2709 2370 2761 qua:
2412 2707 2637 2762 corpore
2664 2692 2866 2747 debiles
2901 2699 3055 2756 sunt,
3083 2697 3297 2759 sumptu
3327 2697 3436 2743 ec-"

1833 2786 2032 2852 clesize,
2060 2783 2212 2854 cujus
2234 2785 2406 2838 viduae
2437 2791 2584 2846 sunt,
2614 2789 3002 2836 sustententur.

2463 2873 2602 2927 Αἰνα
2641 2872 2708 2928 58
2737 2882 2785 2924 tl.

1905 2967 1986 3021 Ad
2030 2974 2238 3020 reatum
2289 2963 2525 3034 episcopi
2562 2962 2649 3016 vel
2682 2959 2982 3031 presbyteri
3026 2959 3278 3029 pertinet,
3324 2956 3417 3026 qui

1835 3057 2125 3128 parmchize
2153 3063 2373 3124 pneest,
2405 3053 2448 3107 si
2478 3051 2841 3106 sustentandae
2877 3050 2998 3103 vitae
3036 3063 3196 3102 causa
3239 3047 3419 3100 adole-

1761 3163 1808 3228 c
1837 3149 2132 3203 scentiores
2158 3146 2330 3200 vidua:
2355 3144 2440 3198 vel
2463 3141 2897 3198 sanctimoniales
2916 3141 3236 3196 clericorum
3263 3137 3420 3192 fami-

1838 3239 2162 3293 liaritatibus
2191 3236 2567 3305 subjiciantur.

2478 3325 2616 3378 Afra
2644 3325 2754 3379 19'

1910 3422 2109 3475 Eorum
2131 3419 2220 3489 qui
2248 3432 2512 3488 pauperes
2535 3415 2845 3484 opprimunt
2861 3452 2875 3478 ,
2898 3413 3036 3466 dona
3065 3427 3094 3464 a
3126 3407 3418 3464 sacerdoti-

1836 3509 1938 3566 bus
1967 3509 2266 3564 refutanda.

2225 3600 2402 3654 Canon
2433 3597 2755 3660 Maliccnsis,
2783 3611 2888 3649 wra
2916 3591 2945 3645 7
2975 3605 3020 3644 ε.

1909 3694 2257 3750 Decernimus
2286 3699 2346 3744 ut
2373 3689 2584 3760 judices
2614 3703 2720 3741 non
2753 3686 2900 3756 prius
2946 3683 3136 3737 viduas
3163 3688 3218 3735 et
3244 3679 3417 3751 pUpil-

1837 3791 1918 3844 los
1946 3785 2283 3847 conveniant,
2306 3781 2409 3836 nisi
2431 3776 2638 3851 [quam]
2659 3777 2908 3847 episeopo
2937 3772 3298 3828 nuntiaverint
3327 3787 3420 3826 cu-

1835 3877 1922 3947 jus
1950 3875 2050 3930 sub
2075 3871 2340 3927 velamine
2371 3870 2586 3938 degunt.
2619 3865 2770 3932 Quod
2800 3866 2844 3920 si
2873 3853 3155 3933 cpiscopus
3180 3875 3420 3930 prmsens

1840 3986 1948 4024 non
1973 3966 2151 4030 fuerit,
2177 3963 2555 4018 arebiu‘iacono
2571 3959 2654 4013 vel
2676 3959 2991 4028 presbytero
3013 3954 3224 4008 cuidam
3251 3951 3419 4024 [Edd.

1840 4077 1946 4117 om.
1980 4055 2212 4127 cuidam]
2243 4053 2609 4116 denuntietur,
2640 4060 2699 4104 ut
2726 4050 2929 4120 pariter
2968 4045 3262 4120 [sedentes]
3293 4060 3423 4099 cau-

1841 4165 1932 4207 sas
1958 4163 2145 4204 eorum
2171 4144 2442 4201 communi
2479 4142 2864 4197 deliberatione
2905 4138 3193 4193 tcrminent
3222 4135 3421 4206 [causis

1841 4257 2032 4298 eorum
2058 4238 2316 4294 terminos
2337 4233 2526 4306 ligant]
2551 4231 2784 4301 itajuslc
2805 4245 2867 4285 ac
2893 4237 3062 4293 recte,
3088 4236 3147 4280 ut
3173 4225 3421 4291 deinceps

1844 4332 2126 4387 dotalibus
2147 4328 2431 4382 antedicta:
2451 4339 2694 4394 persona:
2722 4338 2828 4377 non
2849 4326 3172 4390 quassentur
3203 4317 3244 4368 ί.
3267 4313 3420 4380 Quod

1845 4425 1890 4479 si
1922 4425 1968 4478 is
1998 4423 2088 4492 qui
2120 4419 2283 4488 judex
2314 4426 2416 4481 est,
2463 4426 2557 4470 aut
2583 4415 2858 4484 impetitur
2902 4412 2980 4465 eis
3028 4408 3276 4476 injuriam
3302 4419 3422 4476 ges-

233 4521 294 4576 Si
325 4520 519 4590 aliquis
543 4519 648 4572 Vim
675 4528 959 4586 Perpessus
986 4520 1085 4576 θεῖν
1109 4518 1163 4565 el
1184 4509 1364 4578 inique
1389 4506 1664 4574 θκΡιιιειιῧν
1687 4511 1742 4558 ει
1769 4507 1823 4568 D
1848 4517 2010 4580 serit,
2056 4522 2150 4568 aut
2197 4511 2562 4568 deﬁnitionem
2611 4507 2744 4562 tanti
2793 4504 3002 4560 concilii
3053 4511 3420 4571 transgressus

156 4612 375 4666 venerit
410 4607 474 4663 ad
514 4608 673 4662 aliam
713 4605 1004 4667 civitatem,
1049 4617 1153 4654 non
1181 4599 1528 4670 prohibeatur
1556 4597 1744 4650 immo-

239 4801 264 4829 ⁸
294 4788 460 4843 Cone.
489 4783 774 4840 Laodiceni
802 4799 850 4837 c.
885 4783 970 4836 19.

237 4860 269 4899 ἲ»
300 4856 574 4912 Paululum
601 4854 779 4908 differt
797 4854 865 4907 ab
886 4854 1072 4922 interp.
1095 4851 1320 4922 Dionys.

239 4941 264 4966 ε
301 4929 580 4996 lnterpret.
606 4940 705 4978 nec
726 4925 1068 4996 Dionys._nec
1092 4921 1214 4975 Isid.

239 4998 265 5037 ἀ
299 4997 360 5051 C.
392 4988 478 5051 δέ.
503 4997 783 5063 lnterpret.
811 4988 909 5046 nec
938 4992 1153 5063 Dionys.
1187 5005 1285 5044 nec
1312 4988 1435 5063 Isid.

246 5081 269 5106 ε
293 5067 437 5121 Idem
466 5080 610 5119 num.
635 5058 687 5117 in
710 5063 988 5130 interpret.
1013 5058 1161 5124 Ruﬁ,
1182 5076 1212 5113 a
1233 5076 1336 5129 qua
1359 5059 1624 5126 discrepat
1644 5058 1747 5111 hoc

162 5140 289 5192 loco
319 5137 528 5190 sieutet
553 5149 582 5186 a
611 5132 828 5201 Dionys.
859 5140 912 5185 et
941 5131 1063 5184 lsid.
1105 5200 1110 5201 γ
1291 5198 1300 5201 _
1385 5197 1394 5201 Δ
1444 5197 1456 5201 _
1625 5142 1636 5153 ι

248 5209 268 5246 τ
301 5206 435 5263 Vide
481 5203 680 5272 aliquid
729 5197 885 5268 hujus
927 5200 1147 5256 canonis
1192 5197 1398 5263 antiqui
1443 5197 1494 5251 in
1523 5197 1749 5252 concilio

161 5277 472 5334 Arelatensi
500 5291 573 5336 vn,
606 5288 653 5326 c.
689 5272 774 5325 10.

246 5351 272 5389 ε
300 5347 360 5402 In
390 5345 508 5400 cod.
538 5345 695 5398 Barb.
726 5342 925 5396 Statut.
953 5339 1157 5394 Eccles.
1189 5337 1382 5405 antiq.,
1407 5352 1456 5392 c.
1488 5335 1548 5390 '51
1581 5352 1596 5401 ;
1628 5351 1752 5390 con-

160 5420 260 5478 cil.
293 5415 549 5485 Carthag.
573 5428 659 5485 Διν,
687 5426 738 5485 c.
767 5411 855 5465 24.

242 5491 269 5528 h
304 5486 442 5541 Stat.
467 5475 607 5539 Eccl.
629 5475 822 5551 antiq.,
846 5496 892 5535 c.
916 5481 1014 5541 35;
1041 5493 1193 5533 eone.
1216 5477 1563 5551 Qarthagdv,
1585 5491 1632 5529 e.
1660 5475 1747 5551 ἓξ.

249 5560 265 5598 i
301 5556 440 5610 Stat.
468 5553 610 5608 Eccl.
639 5545 777 5618 ant.;
805 5567 854 5605 c.
887 5551 950 5602 '57
979 5567 993 5614 ;
1025 5565 1175 5602 conc.
1205 5545 1456 5618 Carthag.
1491 5561 1566 5607 Iv,
1590 5545 1747 5618 9.99.

245 5626 261 5677 i
301 5626 440 5680 Stat.
471 5623 613 5678 Eccl.
646 5615 781 5684 aut.,
811 5637 859 5675 c.
891 5619 998 5682 58;
1027 5635 1178 5674 conc.
1209 5634 1261 5671 iv
1283 5615 1495 5679 Cartlt.,
1517 5632 1565 5668 (τ.
1592 5615 1677 5668 98.

245 5699 271 5738 ι
301 5695 442 5750 Stat.
471 5694 611 5751 Eccl.
644 5701 788 5754 ant.;
817 5693 870 5747 in
899 5691 1016 5745 cod.
1055 5689 1214 5742 Barb.
1247 5687 1350 5752 56;
1381 5701 1532 5741 conc.
1565 5684 1748 5740 Carth.

171 5785 250 5834 tv,
279 5786 328 5821 c.
360 5767 448 5820 3'5.

1844 4606 2028 4672 fuerit,
2060 4620 2091 4658 a
2119 4602 2492 4659 communione
2520 4597 2894 4668 suspendatur.

1921 4772 1938 4810 ι
1973 4771 2137 4827 Cone.
2190 4767 2346 4825 Sard.
2378 4783 2427 4821 c.
2460 4767 2559 4830 17;
2594 4765 2646 4819 in
2671 4762 2788 4825 Gr.,
2812 4779 2859 4815 c.
2891 4763 2949 4816 2|
2984 4763 3035 4816 in
3063 4763 3256 4831 interp.
3290 4760 3414 4814 Dio-

1845 4859 1965 4914 nys.
1997 4850 2052 4914 et
2069 4841 2269 4914 lsid.._a
2289 4837 2493 4914 quibus
2519 4834 2838 4914 differt-haec
2869 4832 3063 4903 interp.

1917 4926 1956 4952 ιιι
1988 4913 2150 4966 Cone.
2178 4903 2454 4963 Matiscon.
2485 4923 2548 4968 ιι,
2579 4921 2628 4958 c.
2655 4903 2742 4956 11.

1916 4995 1944 5020 ιι
1985 4982 2252 5051 Ejusdem;
2267 4992 2422 5051 conc.
2449 4992 2497 5051 e_.
2531 4975 2582 5028 5.

1920 5059 1944 5087 ο
1982 5040 2190 5104 Siatuta
2216 5046 2357 5101 Eccl.
2381 5046 2631 5115 antiqua;
2657 5043 2710 5097 in
2732 5043 2849 5097 cod.
2874 5041 3031 5096 Barb.
3058 5056 3104 5096 c.
3136 5040 3238 5106 59.;
3265 5051 3418 5094 conc.

1847 5121 2032 5176 Carth.
2065 5137 2138 5182 IV,
2167 5137 2214 5174 c.
2244 5119 2343 5172 85.

1920 5203 1948 5242 Ρ
1985 5191 2039 5244 In
2070 5179 2187 5244 cod.
2214 5188 2370 5242 Barb.
2398 5200 2448 5240 c.
2479 5183 2575 5246 56;
2608 5197 2758 5236 conc.
2791 5181 2973 5235 Carth.
3007 5196 3076 5241 IV,
3108 5196 3158 5233 c.
3192 5179 3314 5232 101.

1917 5273 1945 5312 ιι
1986 5260 2123 5314 Stat.
2153 5257 2296 5312 Eccl.
2328 5263 2439 5310 ant.
2469 5270 2517 5308 c.
2551 5253 2649 5317 68;
2680 5266 2829 5306 conc.
2861 5250 3154 5316 IvICarth.,
3192 5250 3317 5304 102.

1922 5341 1945 5368 τ
1983 5331 2041 5385 ln
2070 5328 2188 5383 cod.
2219 5326 2379 5381 Barb.
2408 5325 2506 5389 69;
2539 5338 2690 5377 conc.
2722 5319 3012 5384 ivCarth.,
3043 5335 3092 5374 c.
3121 5320 3211 5376 94.

1923 5412 1945 5439 ³
1983 5399 2144 5453 Cone.
2181 5397 2457 5450 Matiscon.
2491 5409 2549 5453 ιι,
2581 5408 2628 5446 c.
2664 5393 2745 5445 12.

1931 5473 1946 5506 ι
1990 5470 2052 5523 V.
2086 5468 2153 5521 cl.
2176 5467 2225 5521 .l.
2255 5465 2574 5519 Sirmondus
2602 5480 2614 5515 :
2644 5481 2662 5512 ‹
2693 5461 2927 5523 Divion.,
2957 5476 3058 5513 non
3078 5465 3426 5530 quassantur;

1850 5538 2146 5606 Andegav.,
2173 5552 2274 5588 non
2303 5541 2598 5600 causentur.
2633 5552 2650 5581 ι
2689 5532 2764 5585 Ex
2804 5545 2911 5654 quo
2946 5527 3112 5598 liquet
3155 5527 3424 5582 collectio—

1852 5625 1972 5654 nem
2003 5607 2437 5654 Andegavensem
2466 5617 2626 5654 quam
2649 5602 2784 5654 vidit
2850 5640 2862 5652 .
2895 5598 3233 5654 Sirmondus,
3264 5595 3422 5648 aliam

1852 5625 1972 5664 nem
2001 5595 2437 5676 Kndcgavensem
2466 5597 2626 5676 quam
2649 5602 2784 5676 vidit
2813 5595 2862 5676 .l_.
2895 5595 3422 5676 Sirmondushaliam

1853 5694 1972 5735 esse
1997 5695 2026 5730 a
2051 5666 2253 5739 nostra,
2281 5675 2347 5728 de
2374 5666 2551 5742 qua'J.
2573 5671 2810 5728 Morinos
2836 5671 3046 5726 locutus
3073 5675 3171 5721 est.
3193 5666 3309 5721 \‘id.
3330 5680 3420 5717 no-

1855 5761 2020 5805 stram
2053 5745 2435 5818 pra-lationem.
