4020 6360
716 283 849 342 1051

1033 397 1214 452 Canon
1239 397 1650 458 Aurelianensis.
1681 413 1788 451 arra
1819 396 1887 449 12
1911 409 1958 450 α.

785 489 1036 562 Episcopi
1061 490 1241 562 (Van)
1277 490 1599 560 pauperibus
1622 489 1704 543 vel
1729 489 1957 543 inﬁrmis
1974 529 1988 554 ,
2013 487 2104 557 qui
2133 486 2282 541 debi-

714 580 862 637 litate
904 571 1135 637 faciente
1174 598 1278 636 non
1315 588 1536 652 possunt
1572 581 1684 634 suis
1726 580 1974 634 manibus
2013 579 2278 640 laborare,

711 671 915 726 victum
949 679 1008 727 et
1029 671 1310 735 vestitum,
1348 670 1663 740 inquantum
1686 669 2016 737 possibilitas
2054 675 2136 730 est
2161 666 2281 738 [ha-

711 757 932 832 buerit],
958 761 1274 830 largiantur.
1595 838 1598 842 I

1066 846 1246 900 Canon
1272 845 1651 917 Lugdunensis,
1681 862 1788 900 tera
1811 846 1844 900 6
1872 845 1922 897 ι’.

779 935 988 993 Placuit
1014 937 1196 1009 [etiam
1219 939 1470 993 universo
1495 938 1742 1009 concilio]
1770 946 1827 992 ut
1865 931 2281 1004 uniuscujusque

708 1030 942 1084 civitatis
968 1025 1216 1098 leprnsis,
1240 1029 1328 1098 qui
1354 1029 1490 1082 intra
1514 1029 1838 1083 territorium
1860 1027 2092 1082 civitatis
2113 1025 2279 1094 ipsius

706 1128 830 1174 sunt
857 1117 1175 1192 [nascuntur
1194 1127 1286 1172 aut
1309 1120 1556 1176 videntur
1577 1117 1920 1190 consistere],
1943 1117 2011 1172 ab
2027 1117 2278 1186 episcopo

703 1208 960 1264 Ecclesia:
987 1209 1154 1279 ipsius
1189 1209 1442 1264 alimenta
1471 1218 1526 1263 et
1551 1210 1776 1264 vestitus
1807 1205 1987 1278 (γαν.)
2013 1206 2278 1261 suﬁicien-

702 1304 787 1351 ter
833 1299 1298 1364 administrentur;
1345 1307 1403 1352 ut
1439 1299 1542 1353 illis
1580 1314 1680 1366 per
1725 1298 1860 1352 alias
1901 1297 2148 1352 civitates
2185 1312 2277 1350 va-

701 1389 859 1460 gandi
907 1389 1122 1444 licentia
1166 1389 1475 1458 denegetur.
1525 1388 1670 1459 (Seq.
1718 1381 1886 1441 desid.
1923 1387 1978 1440 in
2016 1381 2160 1456 edd.)
2206 1383 2276 1440 Ut

701 1479 984 1548 episcopus
1015 1479 1277 1550 gubernet
1320 1480 1589 1532 nationem
1623 1478 1906 1531 viduarum
1926 1517 1939 1542 ,
1971 1485 2024 1532 et
2051 1475 2275 1546 pupillo-

701 1584 843 1634 rum,
875 1587 938 1627 ac
963 1571 1368 1642 peregrinorum
1394 1587 1502 1626 non
1530 1586 1626 1640 per
1651 1571 1885 1639 seipsum
1904 1610 1919 1635 ,
1945 1570 2038 1624 sed
2061 1585 2160 1640 per
2186 1585 2274 1623 ar-

697 1659 1068 1716 chidiaconem
1092 1661 1176 1714 vel
1200 1675 1296 1732 per
1323 1662 1846 1732 archipresbyterum
1878 1667 2021 1730 agat.

1017 1751 1199 1808 Conon
1234 1753 1645 1818 Aureiianensis,
1673 1770 1780 1807 tera
1809 1752 1874 1806 17
1906 1763 1952 1806 ο.

767 1844 832 1901 lli
857 1847 946 1916 qui
973 1846 1095 1919 [pro
1119 1848 1528 1918 quibuscunque
1553 1848 1745 1920 culpis]
1770 1849 1821 1902 in
1850 1847 2158 1903 carceribus
2179 1847 2270 1902 de-

695 1944 986 2005 putantur,
1029 1939 1097 1991 ab
1139 1939 1518 1994 archidiacono
1561 1955 1656 1993 seu
1701 1940 1987 2009 prmposito
2031 1939 2269 1993 ecclesia:

693 2026 919 2096 singulis
947 2027 1133 2082 diebus
1156 2028 1447 2084 Dominicis
1484 2029 1844 2098 requirantur,
1883 2038 1944 2084 ut
1976 2030 2269 2084 necessitas

692 2119 994 2175 vinctorum
1019 2121 1311 2176 secundum
1341 2129 1661 2192 praeceptum
1695 2121 1934 2176 divinum
1966 2121 2268 2176 misericor-

693 2207 831 2262 diter
859 2209 1198 2274 sublevetur;
1235 2217 1396 2278 atque
1437 2224 1466 2263 a
1497 2209 1748 2279 pontiﬁce
1779 2209 1806 2249 ἀ
1845 2209 2088 2264 instituta
2124 2207 2265 2264 ﬁdeli

690 2306 746 2352 et
772 2298 1009 2368 diligenti
1034 2313 1283 2368 persona,
1309 2314 1428 2367 qua:
1452 2299 1755 2354 necessaria
1791 2307 1915 2353 sunt
1939 2298 2216 2367 provideat
2247 2315 2260 2350 :

687 2393 749 2441 ut
772 2395 1080 2457 competens
1108 2389 1281 2444 victus
1309 2389 1375 2443 de
1408 2391 1567 2444 domo
1594 2389 1837 2445 ecclesia:
1865 2389 2154 2444 tribuatur.

1309 2480 1449 2535 Αἶγα
1477 2481 1546 2535 20
1580 2493 1626 2535 οδ

757 2566 870 2622 Hoc
901 2567 1060 2640 (Add.
1095 2579 1144 2623 et
1175 2586 1282 2624 var.
1314 2571 1370 2624 in
1394 2571 1538 2641 edd.)
1568 2583 1664 2640 per
1690 2570 1868 2626 omnia
1897 2572 2258 2641 providentur,

685 2665 748 2712 ut
781 2673 889 2712 non
928 2659 1012 2714 his
1050 2660 1190 2715 desit
1230 2662 1595 2717 misericordia
1635 2661 2039 2733 [misericordia
2083 2662 2259 2734 cura],

686 2763 824 2820 quos
846 2764 944 2820 per
971 2752 1160 2806 duram
1191 2752 1554 2808 inﬁrmitatem
1576 2754 1924 2810 intolerabilis
1945 2755 2263 2825 constringit

685 2839 885 2910 inopia.

1234 2931 1458 2988 CAPUT
1495 2934 1711 2989 XXXV.

689 3051 949 3104 ρυλιιτειι
987 3052 1082 3096 RES
1117 3057 1380 3097 ECCLESI£
1419 3045 1696 3098 EPISCOPUS
1729 3060 2009 3100 DISPENSET
2038 3061 2136 3100 νει.
2165 3061 2259 3100 BE-

756 3125 862 3166 ῦΑτ
899 3128 912 3164 2
953 3125 1022 3166 ET
1060 3125 1126 3166 DE
1163 3127 1248 3166 HIS
1283 3126 1398 3174 Oli/li
1439 3126 1492 3168 IN
1530 3125 1724 3168 ΑιτΑιιι
1763 3130 1972 3169 ΒΑΜ-ιλιι
2019 3133 2034 3170 :

755 3195 1010 3236 BASILICIS
1047 3197 1147 3236 PER
1183 3198 1494 3239 PARGZCIIIAS

999 3289 1178 3346 Canon
1220 3294 1630 3362 Aurelianensis,
1661 3313 1770 3351 arra
1797 3297 1863 3352 10
1896 3296 1940 3352 τ.

751 3396 830 3457 De
869 3401 956 3458 his
985 3419 1103 3474 qua:
1131 3403 1184 3459 in
1223 3405 1415 3461 altario
1457 3405 1748 3479 [oblatione
1781 3411 2040 3486 ﬁdelium]
2079 3415 2261 3471 confe-

685 3499 877 3546 runtur
901 3494 1241 3549 medietatem
1267 3497 1367 3551 sibi
1388 3498 1668 3568 episcopus
1695 3498 1949 3568 vindicet,
1980 3512 2034 3558 et
2059 3507 2258 3560 rnedio-

683 3586 844 3633 tatem
871 3579 1050 3653 (ναν.)
1073 3582 1249 3637 clerus
1270 3585 1498 3654 accipiat
1517 3589 1808 3643 secundum
1829 3593 2052 3661 gradum
2074 3595 2258 3648 unius-

683 3669 937 3738 cujusque
963 3670 1370 3740 dispensandam
1397 3714 1411 3739 ,
1451 3675 1665 3746 praediis
1693 3678 1758 3733 de
1788 3682 1932 3735 omni
1962 3685 2256 3740 commodi-

681 3766 789 3811 tate
815 3757 869 3812 in
894 3760 1262 3832 episcOporum
1287 3772 1553 3832 potestate
1583 3767 1920 3826 durantibus.

1308 3854 1531 3910 Era“
1569 3860 1614 3911 3.

748 3938 826 3995 De
854 3939 938 3994 his
963 3956 1080 4010 quae
1109 3942 1160 3996 in
1187 3945 1475 4013 parocbiis,
1505 3948 1558 4000 in
1590 3950 1748 4004 terris
1771 3991 1786 4013 ,
1816 3952 2017 4016 vineis,
2047 3955 2251 4010 manci-

1553 287 1870 345 csa'onss
1900 269 2189 342 'ssuacrt
2225 286 2316 342 sx
2359 288 2510 344 ver.
2551 287 2705 346 CAN.
2745 292 3072 351 accuser.

3719 311 3816 376 i652

2303 399 2357 458 Α
2381 397 2540 451 ritate
2565 398 2862 470 [dignitatis
2886 419 2994 459 suae
3016 405 3376 464 auctoritatem
3381 434 3398 482 ι
3429 412 3536 472 ﬁdei
3558 426 3604 472 et
3623 419 3718 478 vita
3740 441 3816 485 me.

2381 486 2498 541 ritis
2526 499 2751 558 quaerat.

3012 563 3303 624 £ra15i.

2448 649 2828 723 Ut’episcopus
2850 657 3008 712 rebus
3030 655 3294 727 Ecclesiae,
3319 672 3546 736 tanquam
3568 679 3816 735 commenda-

2377 737 2464 803 tis,
2494 755 2601 794 non
2622 750 2873 812 tanquam
2901 749 3129 816 propriis
3154 757 3348 806 utatur.

2905 835 3130 892 CAPUT
3177 841 3398 898 XXXVI.

2482 935 2546 974 DE
2586 937 2748 977 REBUS
2783 940 2914 987 ουκ-8
2947 943 3205 984 SACERDOS
3237 946 3344 986 Sl'lS
3374 949 3584 993 CLERICIB
3611 955 3748 1001 DEDIT.

2736 1015 2916 1071 Canon
2942 1013 3316 1090 Lugdunensis,
3339 1043 3438 1081 arra
3460 1025 3489 1082 5
3511 1028 3550 1084 i.
3639 1061 3642 1066 -

2447 1102 2654 1173 (Quted.
2685 1106 2737 1160 in
2769 1108 2888 1162 edd.
2922 1112 3170 1180 prwced.)
3200 1115 3303 1169 Res
3337 1117 3413 1171 vel
3446 1134 3725 1194 quascunque
3741 1143 3814 1182 mn-

2374 1194 2694 1262 niﬁcentias,
2710 1213 2845 1268 quas
2859 1200 3070 1257 clericis
3085 1206 3519 1265 autservientibus
3538 1227 3626 1268 sua:
3637 1215 3809 1274 Ecclesia

2376 1284 2510 1357 [sive
2539 1283 2604 1342 de
2631 1291 2792 1344 rebus
2826 1291 3076 1349 Ecclesiae
3117 1296 3171 1349 in
3203 1312 3370 1356 usum.
3399 1309 3483 1354 aut
3507 1303 3562 1357 de
3584 1307 3754 1375 propriis
3776 1308 3810 1362 in

2371 1377 2776 1455 proprietatem]
2805 1381 2985 1455 (Var.)
3015 1384 3266 1443 sacerdos
3293 1389 3508 1456 dederit,
3534 1395 3813 1464 subsequente:

2371 1469 2652 1538 pontiﬁces
2689 1487 2796 1526 non
2833 1473 3078 1529 auferant
3118 1475 3433 1548 [nullatenus
3466 1481 3642 1540 auferre
3674 1500 3809 1554 passu-

2372 1559 2563 1632 mant].
2593 1561 2648 1616 Si
2674 1563 2802 1632 quid
2830 1570 3012 1619 tamen
3037 1567 3209 1636 culpa:
3234 1562 3511 1635 exstiterit,
3535 1587 3616 1642 pro
3635 1575 3811 1644 qualitate

2370 1663 2750 1718 personarum,
2779 1653 2863 1708 vel
2901 1657 3080 1724 regula
3121 1673 3377 1714 canonum
3413 1662 3752 1730 precedeutium.
3776 1665 3809 1719 in

2296 1748 2346 1808 Β
2374 1754 2602 1809 persona
2630 1743 2913 1811 habeatur,
2943 1761 3048 1800 non
3081 1747 3134 1802 in
3169 1747 3410 1805 facultate
3433 1749 3662 1809 districtio.

2890 1834 3117 1892 CAPUT
3156 1835 3409 1894 XXXVII.

2660 1937 2726 1978 ι>ε
2765 1940 2926 1980 ιιειςιτε
2963 1943 3080 1990 ρυλε
3120 1945 3380 1986 ECCLESIIS
3415 1949 3608 1987 υΑξιτιῖιι.

2712 2015 2738 2054 ¹ί
2762 2015 2941 2070 Canon
2973 2020 3392 2086 Aurelianensis,
3413 2041 3507 2077 tera
3526 2023 3568 2076 5.

2439 2099 2493 2157 Si
2515 2119 2635 2174 qua:
2653 2105 2952 2164 oblationes
2965 2110 3018 2164 in
3042 2110 3366 2180 quibuslibet
3387 2114 3527 2168 rebus
3542 2121 3654 2183 atque
3668 2131 3802 2186 corpo-

2367 2193 2516 2249 ribus
2537 2197 2741 2254 collata:
2766 2199 2985 2266 fuerint,
3009 2203 3248 2259 basilicis
3275 2206 3327 2259 in
3355 2206 3606 2260 civitatibus
3622 2208 3799 2260 constitu-

2365 2284 2454 2349 tis,
2485 2287 2551 2339 ad
2582 2296 2901 2356 potestatem
2927 2293 3165 2362 episcopi
3197 2295 3493 2366 redigantur
3517 2314 3527 2349 ε
3550 2306 3590 2350 et
3606 2298 3645 2349 in
3659 2295 3739 2362 eius
3757 2297 3806 2348 sit

2365 2381 2591 2434 arbitrio
2621 2385 2762 2452 quod
2800 2384 2868 2438 ad
2909 2389 3307 2455 reparationem
3347 2381 3558 2445 ecclesia:
3583 2397 3650 2442 aut
3679 2389 3804 2440 olser-

2363 2473 2600 2525 vantium
2641 2473 2714 2528 ibi
2749 2474 3105 2533 substantiam
3143 2480 3440 2550 deputatur.
3474 2481 3537 2536 De
3568 2477 3806 2532 fazultatihus

2362 2575 2490 2614 vero
2529 2564 2906 2630 parochiarum
2947 2567 3029 2621 vel
3067 2569 3407 2624 basilicarum
3445 2570 3492 2624 in
3525 2567 3642 2638 pagis
3668 2565 3806 2638 [civita-

2363 2651 2499 2723 tum]
2526 2653 2852 2719 constitutis,
2885 2655 3081 2728 (Deest)
3105 2675 3207 2728 per
3233 2660 3406 2714 omnia
3434 2660 3695 2729 singulorum
3713 2654 3806 2710 loco-

2363 2757 2482 2795 rum
2511 2743 2841 2800 consuetudo
2865 2756 3132 2802 servetur.

2771 2835 2950 2892 Canon
2977 2841 3311 2909 Agat/tensis,
3341 2859 3440 2896 trra
3465 2841 3510 2895 6.

2429 2924 2717 2982 Pontiﬁces
2751 2943 2881 2982 vero
2909 2927 3124 3000 [quibus
3159 2932 3212 2986 in
3251 2947 3447 2986 summo
3469 2927 3706 2985 sacerdotio
3725 2941 3804 2980 oon-

2359 3016 2602 3088 stitutis],
2627 3034 2750 3072 cum
2775 3021 2842 3074 ab
2862 3021 3139 3076 extraneis
3166 3024 3419 3078 duntaxat
3438 3021 3623 3090 aliquid,
3646 3026 3713 3072 aut
3729 3031 3806 3070 cum

2081 3090 2256 3171 ᾖξε
2284 3090 2330 3154 C
2359 3108 2614 3175 ecclesia,
2642 3118 2734 3165 aut
2761 3114 3139 3181 sequestratim
3159 3155 3174 3178 ,
3203 3119 3294 3168 aut
3321 3114 3590 3174 dimittitur,
3617 3117 3684 3164 aut
3701 3101 3807 3161 dona-

2361 3205 2448 3254 tur
2478 3199 2626 3272 (quia
2655 3201 2758 3254 hoc
2783 3201 2869 3256 ille
2895 3203 2989 3272 qui
3015 3204 3206 3268 donat,
3230 3219 3328 3274 pro
3355 3202 3664 3271 redemptione
3683 3196 3808 3252 anime

2359 3306 2464 3346 non
2497 3305 2596 3361 pro
2631 3293 2913 3348 commodo
2953 3296 3254 3350 sacerdotis
3292 3294 3439 3349 oﬁ'ert
3473 3293 3695 3364 [probatur
3711 3286 3808 3341 oder-

2358 3382 2438 3454 rc]
2461 3382 2501 3453 ),
2533 3400 2636 3438 non
2663 3385 2817 3454 quasi
2844 3401 2999 3440 suum
3021 3389 3323 3456 proprium,
3352 3386 3439 3441 sed
3462 3385 3595 3455 quasi
3621 3381 3809 3436 dimissum

2355 3473 2595 3529 ecclesiae
2623 3475 2764 3530 inter
2793 3475 3072 3531 facultates
3099 3477 3346 3533 ecclesize
3373 3474 3707 3544 computabant.
3722 3466 3809 3534 Qui:

2348 3567 2551 3638 justum
2580 3574 2664 3620 est
2693 3574 2752 3619 ut
2778 3567 2916 3621 sicut
2943 3569 3258 3623 sacerdotes
3297 3566 3486 3623 habent
3511 3565 3628 3636 quod
3651 3557 3809 3616 ecclesiis

2353 3655 2607 3710 donatum
2642 3655 2967 3729 [dimissum]
2995 3667 3098 3723 est,
3128 3660 3206 3715 ita
3237 3670 3291 3715 et
3319 3657 3527 3714 ecclesia
3553 3655 3700 3710 habeat
3719 3648 3807 3718 quod

2353 3746 2672 3816 relinquitur
2701 3747 2987 3802 sacerdoti.

2729 3838 2910 3891 Canon
2941 3838 3297 3909 Epaunensis,
3325 3856 3425 3893 a'ra
3458 3836 3527 3889 Η.
3718 3915 3726 3922 ·
3772 3915 3778 3922 .

2419 3928 2672 3998 Quisquis
2699 3928 2940 3984 Clericus
2972 3930 3178 3999 aliquid
3210 3931 3278 3986 de
3305 3915 3808 3984 muniﬁcenthecsksix

680 4025 800 4097 piis,
827 4037 986 4099 atque
1009 4012 1230 4100 peculiis
1257 4033 1327 4105 (ιν
1331 4035 1436 4107 ar.)
1466 4052 1798 4109 quaecunque
1824 4012 2011 4097 ﬁdeles.
2042 4044 2249 4099 obtulc-
2333 4018 2432 4109 μή
2474 4019 2736 4109 senium
2769 4019 3021 4109 3d¢P“"~"
3056 4028 3111 4074 et
3151 4021 3220 4075 ad
3259 4035 3512 4076 summum
3551 4012 3808 4109 δπθηξοξιψ

680 4119 814 4186 rint,
859 4122 1200 4191 antiquorum
1259 4140 1522 4182 canonum
1585 4138 1783 4185 statuta
1839 4143 2142 4201 serventur,
2188 4144 2250 4191 ut

677 4212 853 4265 omnia
880 4213 932 4267 in
964 4215 1196 4284 episcopi
1224 4227 1485 4288 potestate
1509 4223 1821 4279 consistant.
1852 4225 1928 4281 De
1955 4227 2040 4282 his
2067 4235 2246 4284 tamen

676 4316 793 4374 quae
821 4305 875 4359 in
898 4305 1090 4363 altario
1118 4313 1473 4381 accesserint,
1503 4317 1659 4372 tertia
1683 4318 1914 4376 ﬁdeliter
1935 4318 2241 4396 [episcopis]

675 4393 962 4451 deferatur.
1940 4393 1949 4394 ί
2148 4393 2153 4394 7
2233 4393 2240 4396 ⁷
2268 4429 2324 4490 D

1335 4493 1470 4548 Αἶγα
1506 4497 1588 4550 M.

741 4578 940 4635 Omnes
966 4580 1202 4639 basilica:
1239 4600 1356 4654 quae
1391 4601 1488 4656 per
1524 4589 1734 4644 diversa
1768 4600 2090 4649 constructa:
2122 4605 2248 4651 sunt

673 4671 787 4726 loca
823 4671 928 4744 [vel
966 4675 1206 4743 quotidie
1246 4686 1652 4744 construuntur,
1686 4681 1914 4751 placuit,
1953 4687 2244 4741 secundum

672 4762 910 4832 priorum
935 4780 1200 4820 canonum
1227 4767 1487 4841 regulam]
1516 4767 1568 4824 in
1590 4770 1706 4839 ejus
1725 4773 1983 4843 episcopi,
2011 4776 2066 4831 in
2095 4776 2245 4844 cujus

672 4855 944 4910 territorio
965 4857 1081 4912 siue
1104 4867 1256 4922 sunt,
1288 4869 1552 4929 potestate
1574 4863 1887 4918 consistant.

1061 4947 1242 5002 Canon
1272 4950 1572 5020 Africanus,
1605 4971 1712 5008 cera
1742 4955 1776 5009 4
1805 4957 1852 5009 δ.

742 5033 813 5090 Ut
837 5034 1116 5107 episcopus
1143 5040 1301 5096 vilem
1329 5043 1749 5113 supellectilem,
1787 5055 1842 5102 et
1867 5064 2131 5118 mensam,
2177 5070 2246 5113 ac

669 5121 872 5178 victum
899 5141 1185 5198 pauperem
1211 5129 1437 5198 habeat,
1463 5142 1518 5188 et
1544 5134 1854 5207 dignitatem
1880 5153 2031 5195 suam
2058 5152 2244 5199 aucto-

740 5266 767 5327 ξ
805 5255 968 5327 gone.
996 5261 1177 5316 Aurel.
1216 5281 1255 5327 ι.
1284 5280 1332 5319 c.
1366 5265 1452 5322 l6.

738 5323 770 5365 δ
805 5324 968 5401 (_}onc.
997 5323 1252 5401 Lugduni
1273 5351 1353 5390 ιιι.

741 5405 764 5466 ς
805 5396 968 5466 Qonc.
994 5396 1178 5455 Aurel.
1208 5419 1264 5466 v,
1292 5419 1340 5458 c.
1371 5405 1458 5459 20.

736 5463 765 5548 εξ
802 5464 928 5548 Xar.
951 5468 1014 5548 _in
1043 5471 1160 5525 cod.
1179 5463 1536 5548 Lu'gdunensi.
1564 5479 1684 5538 για.
1706 5491 1820 5540 not.
1842 5499 1894 5540 v.
1919 5484 1987 5543 cl.
2005 5484 2054 5543 J.
2071 5488 2232 5546 Sirm.

742 5545 766 5604 φ
802 5533 987 5604 Ejusd.
1021 5553 1172 5594 conc.
1205 5533 1373 5598 eiii.

745 5603 763 5642 ί
804 5603 966 5676 gone.
993 5609 1174 5664 Aurel.
1206 5629 1246 5676 ι,
1277 5628 1324 5666 c.
1357 5613 1436 5669 M.

742 5677 766 5714 κ
804 5672 984 5743 Ejusd.
1013 5693 1186 5747 conc.,
1215 5672 1264 5735 c.
1302 5683 1380 5737 15.

2345 4108 2566 4163 alterius
2589 4108 2824 4163 civitatis
2848 4108 2952 4181 [est
2972 4109 3084 4180 aut]
3105 4109 3272 4165 fuerit
3291 4109 3570 4171 ordinatus,
3595 4100 3705 4173 quod
3719 4099 3808 4152 dono

2346 4199 2576 4268 accepit,
2606 4198 2796 4254 reddat
2823 4217 2837 4253 :
2867 4200 3011 4269 quod
3041 4216 3144 4254 usu
3170 4202 3253 4256 vel
3282 4199 3582 4270 proprietate
3603 4185 3809 4247 secundum

2345 4289 2688 4344 instrumenti
2719 4291 2914 4346 seriem
2944 4292 3209 4360 probatur
3237 4291 3482 4346 habuisse
3514 4278 3706 4361 [emisse]
3730 4289 3811 4347 ρο·-

2346 4384 2535 4438 sideat.

2854 4452 3081 4508 CAPUT
3119 4454 3266 4509 XXX
3276 4453 3401 4508 Vlil.

2415 4581 2478 4625 DE
2507 4584 2671 4626 REBUS
2693 4585 2955 4627 ECCLESIE
2982 4589 3310 4630 ΑΒετιιΑοτιε
3339 4592 3405 4629 ΕΤ
3441 4575 3764 4628 ῦοκτιιλιιιετιι

2724 4679 2905 4736 Canon
2928 4684 3231 4753 Africanus,
3262 4702 3368 4740 trra
3395 4683 3459 4739 50
3492 4682 3528 4736 ι.

2412 4791 2569 4846 irrita
2606 4792 2709 4846 erit
2749 4793 2982 4864 episcopi
3022 4793 3104 4848 vel
3143 4795 3390 4861 donatio,
3427 4794 3502 4849 vel
3533 4787 3734 4849 venditio.
3758 4776 3809 4833 id

2343 4882 2689 4937 commutatio
2723 4882 3098 4939 ecclesiasticae
3133 4885 3210 4940 rei
3247 4887 3448 4956 absque
3475 4874 3811 4948 conventu[con-

2343 4971 2599 5044 niventia]
2627 4981 2682 5028 et
2709 4975 3100 5046 subscriptione
3132 4977 3472 5032 clericorum.

2974 5067 3110 5122 zEra
3131 5069 3201 5123 86
3225 5080 3286 5122 ω.

2410 5152 2512 5221 Qui
2550 5153 2848 5210 oblationes
2881 5156 3256 5214 defunctorum
3305 5166 3494 5229 negant
3523 5149 3731 5210 ecclesiis,
3753 5144 3810 5194 aut

2409 5285 2434 5368 li
2474 5287 2530 5368 ξπ
2703 5289 2898 5368 .Ba'Ih'v
2927 5307 2982 5368 βλ
3007 5291 3074 5357 4;
3103 5293 3299 5368 Gonni].
3341 5292 3595 5368 Carthag,
3623 5294 3737 5368 ηις.
3756 5271 3807 5330 15·

2414 5360 2429 5432 ξ
2473 5355 2532 5432 l_n
2555 5359 2674 5432 cod.
2703 5351 2894 5432 Bari»,
2918 5362 3013 5425 15;
3054 5351 3209 5416 conc.
3239 5364 3486 5432 Carthag.
3513 5351 3574 5422 tv,
3601 5372 3642 5410 c.
3665 5351 3731 5404 51.

2410 5425 2424 5498 i
2472 5428 2677 5498 Concil.
2707 5425 3075 5498 Lugdunensis
3110 5444 3174 5487 ιι.

2406 5497 2434 5536 ¹ί
2473 5497 2634 5553 Cone.
2661 5497 2846 5553 Aurel.
2879 5517 2960 5556 ιιι.

2413 5566 2430 5604 ι
2467 5567 2526 5640 in
2551 5569 2670 5640 cod.
2699 5568 2885 5640 Bari»,
2911 5586 2959 5626 c.
2987 5569 3087 5636 50;
3111 5585 3269 5640 conc.
3301 5571 3561 5640 Carthag,
3594 5581 3634 5620 c.
3661 5557 3766 5640 ὗεν

2415 5585 2430 5604 ι
2467 5585 2526 5621 ιιι
2551 5585 2670 5623 cou.
2700 5585 2885 5636 uarn.,
2911 5586 2959 5626 c.
2987 5585 3087 5636 au;
3219 5587 3269 5628 c.
3301 5585 3561 5640 carthag,
3594 5585 3634 5620 (ι.
3661 5585 3766 5640 σιν

2407 5649 2446 5675 ω
2469 5637 2526 5694 In
2552 5636 2669 5692 md.
2697 5638 2878 5705 Barb.,
2903 5655 2952 5695 c.
2984 5641 3082 5701 86;
3110 5585 3269 5698 me.
3292 5660 3342 5698 tv
3371 5642 3620 5707 Carthag.
3641 5649 3680 5686 θ·
3701 5627 3766 5684 9°-
