4020 6360
212 324 349 382 ιῧεδ

209 542 289 583 .es
311 534 861 593 excommunicentur.

518 619 699 675 Canon
721 624 1140 695 Aurelianensis,
1171 648 1279 685 trra
1308 633 1377 687 26
1404 647 1451 687 ⁸.

266 709 587 778 Abbatibus,
608 715 938 784 presbyteris
957 722 1271 791 czeterisque
1294 726 1578 791 ministris,
1605 727 1671 781 de
1697 742 1775 782 re-

203 812 302 852 nus
332 798 709 856 ecclesiasticis
758 805 840 857 vel
894 822 1047 861 sacro
1093 811 1393 867 ministerio
1426 816 1452 854 ι)
1483 816 1769 885 deputatis,

202 886 284 938 vel
310 886 547 942 alienare
560 889 641 942 vel
661 891 901 961 obligare
915 895 1118 966 absque
1130 900 1522 971 subscriptione
1537 905 1772 975 episcopi

201 975 283 1029 sui
303 991 411 1029 non
438 976 615 1030 liceat.
640 978 791 1045 Quod
812 984 1117 1054 quicunque
1136 994 1559 1060 praasumpserit,
1583 996 1773 1064 degra-

199 1062 358 1116 detur
386 1065 763 1121 communione
790 1085 1047 1127 concessa
1071 1114 1087 1140 ,
1133 1084 1189 1129 et
1227 1077 1368 1146 quod
1399 1087 1601 1133 temere
1638 1062 1771 1137 alie-

197 1162 385 1208 natum
406 1155 839 1234 [praesumptum]
863 1174 965 1232 est,
988 1169 1326 1226 ordinatione
1354 1173 1590 1243 episcopi
1618 1191 1770 1231 τανοδ

195 1252 369 1298 cetur.

835 1344 972 1398 zEra
996 1348 1064 1401 13
1090 1359 1136 1401 ο.

268 1424 452 1479 Rebus
491 1429 731 1486 ecclesiae
760 1434 1165 1506 quibuscunque
1196 1440 1367 1496 modis
1406 1440 1651 1499 alienatis
1692 1446 1769 1500 di-

192 1516 421 1581 spendio
466 1518 710 1574 ecclesiae
740 1521 1134 1593 [instrumentis
1182 1526 1445 1589 inutiliter
1469 1535 1522 1587 in
1552 1536 1768 1605 dispen-

190 1603 345 1656 dium
366 1606 868 1680 ecclesiteobligata
896 1618 1235 1691 noscuntur],
1266 1622 1309 1675 si
1330 1618 1470 1677 intra
1504 1603 1771 1681 tricenna-

192 1692 277 1746 ria
302 1702 546 1764 tempora
570 1702 815 1768 repetitio
831 1708 1063 1775 suppetit
1084 1707 1225 1780 [quae
1245 1720 1365 1766 acta
1388 1714 1555 1785 sunt],
1581 1716 1769 1771 suffra-

189 1796 355 1856 gante
374 1785 586 1854 iustitia
614 1808 712 1861 per
734 1796 1003 1864 publicum

190 1888 535 1935 revocentur.
561 1884 713 1950 Quod
733 1888 779 1941 si
805 1889 871 1954 is,
894 1892 983 1961 qui
998 1906 1084 1947 res
1100 1894 1122 1963 (
1140 1893 1177 1946 ν
1180 1895 1286 1967 ar.)
1312 1897 1565 1953 Ecclesia:
1596 1909 1763 1968 tenet,

185 1969 499 2026 admonitus
537 1973 801 2043 judicium
842 1981 1211 2051 declinaverit,
1241 2002 1518 2059 quousque
1545 1993 1611 2047 ad
1652 1992 1765 2048 dis—

187 2060 500 2115 cussionem
531 2066 733 2131 veniat,
783 2079 875 2124 aut
922 2087 1008 2128 res
1051 2075 1293 2130 ecclesia:
1324 2081 1590 2147 restituat,
1618 2098 1767 2138 com-

187 2153 447 2209 munione
476 2154 736 2224 privetur.
1092 2218 1095 2223 ,

825 2253 963 2308 Afra
994 2256 1065 2310 25
1085 2258 1134 2312 ἀ.

258 2330 315 2385 Si
345 2332 467 2400 quis
497 2350 586 2390 res
621 2339 862 2395 ecclesiae
907 2343 1131 2411 debitas,
1166 2349 1249 2403 vel
1280 2352 1527 2421 proprias
1554 2354 1761 2424 [sacer-

185 2418 330 2474 dotis
346 2421 628 2479 horrcndze
649 2430 960 2497 cupiditatis
979 2434 1257 2509 instinctu]
1288 2418 1653 2512 occupaverit,
1682 2448 1765 2501 vel

185 2511 477 2567 retinuerit
498 2516 693 2585 (Multa
713 2521 839 2575 add.
874 2535 922 2579 et
944 2544 1052 2580 var.
1085 2529 1139 2583 in
1167 2532 1287 2585 edd.
1313 2536 1529 2608 passim)
1557 2546 1649 2593 aut
1669 2555 1766 2609 per

186 2604 289 2659 hoc
311 2607 365 2660 in
381 2606 645 2674 judicium
668 2614 961 2672 electorum
987 2623 1173 2676 venire
1194 2626 1480 2695 distulerit,
1505 2604 1763 2702 usque-ad

184 2696 466 2752 restitutas
502 2699 645 2770 ipsas
682 2720 767 2759 res
803 2713 1176 2767 communione
1210 2718 1471 2785 privetur.
1504 2721 1760 2779 Similiter

184 2785 275 2840 ille
298 2785 513 2858 [similis
534 2794 694 2847 etiam
716 2796 868 2852 bis...
897 2803 1281 2861 retinuerint...
1300 2815 1759 2887 prtesumpserint]

185 2874 279 2942 qui
310 2877 1003 2944 oblationesldefunctorum
1025 2891 1170 2961 jnste
1194 2874 1478 2972 [legaliter]
1511 2874 1763 2961 dimissus

188 2964 474 3021 retinuerit
498 2970 582 3023 vel
608 2973 885 3042 assignare
922 2964 1346 3053 praesumpserit.
1399 2964 1573 3045 Simili
1599 2994 1761 3048 etiam

185 3059 467 3113 sententiae
488 3060 787 3130 subiacebit
813 3067 900 3122 ille
930 3071 1022 3139 qui
1046 3072 1149 3128 hoc
1164 3076 1304 3142 quod
1333 3076 1453 3149 [pro
1480 3081 1761 3139 devotione

184 3145 308 3219 sua]
357 3151 603 3207 ecclesia
637 3155 804 3222 dedit,
834 3175 1090 3218 revocare
1123 3145 1543 3239 prmsumpserit.

517 3242 699 3299 Canon
740 3247 1123 3320 Lugdunensis,
1154 3272 1263 3312 trra
1300 3271 1322 3298 ο
1352 3262 1406 3315 2.

250 3328 311 3384 ld
342 3333 597 3389 convenit
623 3336 1003 3397 inviolabiliter
1029 3346 1325 3413 observari,
1352 3360 1412 3406 ut
1440 3361 1763 3411 testamenta

182 3435 304 3490 qua:
324 3422 510 3478 clerici
538 3424 817 3497 [episeopi,
848 3436 1175 3504 presbyteri,
1203 3455 1297 3493 seu
1322 3441 1588 3499 inferioris
1616 3447 1759 3500 ordia

181 3510 266 3564 nis
290 3510 497 3584 clerici]
535 3518 754 3585 propria
786 3522 1062 3580 voluntate
1088 3528 1440 3597 confecerint,
1472 3534 1554 3588 vel
1590 3537 1757 3591 dona-

179 3602 389 3666 tiones,
418 3614 511 3659 aut
534 3622 866 3680 quascunque
902 3614 1256 3673 instrumenta
1283 3662 1296 3685 ,
1327 3624 1469 3676 omni
1522 3624 1761 3696 [propria

180 3691 461 3751 voluntate
485 3696 836 3765 confecerint,
862 3711 910 3756 et
942 3703 1049 3759 alia
1078 3724 1196 3777 qua:
1224 3710 1374 3781 add]
1406 3691 1759 3780 possibili-tate

178 3782 527 3859 [stabilitate]
555 3790 867 3846 subsistant.
902 3794 957 3849 Id
983 3799 1253 3868 praecipue
1278 3810 1594 3869 statuentes,
1626 3815 1685 3860 ut
1714 3808 1759 3862 si

175 3890 629 3948 quorumcunque
650 3879 1070 3958 [religiosorum]
1099 3889 1345 3945 voluntas
1360 3932 1375 3955 ,
1405 3903 1500 3946 aut
1521 3898 1756 3951 necessi—

178 3972 317 4028 tate,
366 3974 461 4019 aut
508 3968 888 4037 simplicitate,
930 3990 960 4028 a
988 3974 1163 4045 legum
1208 3980 1544 4035 saecularium
1571 3985 1761 4040 ordine

175 4056 578 4125 discrepaverit
608 4058 742 4130 [visa
768 4062 871 4116 fuit
894 4065 1254 4139 discrepare],
1304 4072 1549 4127 voluntas
1580 4083 1759 4131 tamen

175 4144 564 4202 defunctorum
581 4150 771 4205 debeat
795 4153 1112 4211 inconcussa
1136 4175 1375 4215 manere.
1398 4161 1609 4232 (Quwd.
1629 4166 1757 4219 add.

175 4234 237 4288 in
260 4234 409 4305 edd.)
440 4238 513 4291 De
537 4240 732 4307 quibus
759 4243 919 4298 rebus
940 4246 982 4299 si
1011 4248 1132 4316 quis
1148 4250 1349 4320 aliquid
1370 4252 1605 4309 alienare
1626 4271 1760 4324 pra:-

174 4329 496 4396 sumpserit,
540 4346 709 4401 usque
738 4335 804 4389 ad
835 4338 1229 4395 restitutionem
1257 4342 1451 4413 [usque
1481 4345 1547 4399 ad
1578 4362 1761 4401 emen-

172 4415 418 4470 dationis
456 4433 601 4486 suae,
638 4423 722 4477 vel
770 4427 1125 4483 restitutionis
1171 4432 1410 4505 tempus]
1444 4435 1521 4489 rei
1559 4436 1756 4495 oblatae

1055 334 1373 394 CANONES
1412 332 1697 400 SELECTI
1738 345 1829 400 EX
1868 345 2020 403 VET.
2062 348 2216 405 CAN.
2259 351 2588 411 COLLECT.

211 454 323 515 :um
358 426 664 497 difﬁcultate
692 444 947 509 reddunt,
979 456 1229 517 tanquam
1258 455 1529 523 egentium
1558 467 1776 512 necato-
1803 464 1853 521 Α

3296 371 3429 428 1034

2122 460 2303 517 Canon
2336 465 2691 537 Epaunensis,
2721 487 2827 526 trra
2859 474 2888 526 7
2925 474 3075 546 [Cum
3116 480 3191 552 8].

1946 549 2367 623 Presbyterdum
2390 557 2665 615 dioecesim
2690 573 2865 629 tenet,
2908 568 2972 623 de
3021 571 3105 626 bis
3151 549 3269 643 qua:
3296 592 3444 634 eme-

1876 639 1985 703 rit,
2016 650 2107 695 aut
2132 644 2373 700 ecclesia:
2418 650 2633 705 nomine
2678 656 3000 724 scripturam
3028 660 3216 728 faciat,
3255 676 3346 722 aut
3371 670 3445 723 ah

1873 728 1988 797 ejus
2017 746 2177 799 quam
2229 743 2372 791 tenet
2416 737 2657 814 [tenuit]
2697 746 2939 805 ecclesiae
2989 754 3328 811 ordinatione
3354 756 3441 812 di-

1875 820 2079 876 scedat.

2525 914 2663 978 Era
2705 924 2786 979 17.

1942 997 1999 1053 Si
2030 1002 2312 1075 episcopus
2337 1023 2434 1076 per
2479 1019 2857 1070 testamentum
2906 1021 2971 1075 de
3005 1026 3163 1080 rebus
3190 996 3429 1089 ecclesia:

1874 1084 2108 1157 [condito
2134 1099 2452 1151 testamento
2467 1098 2667 1168 aliquid
2701 1102 2765 1157 de
2790 1107 3137 1167 ecclesiastici
3153 1112 3293 1181 juris
3311 1084 3425 1188 pro:

1869 1179 2120 1253 prietate]
2162 1184 2515 1256 delegaverit,
2544 1192 2700 1247 aliter
2720 1210 2824 1249 non
2853 1198 3072 1263 valebit,
3098 1179 3199 1260 nisi
3224 1179 3428 1265 tantum

1872 1267 2001 1342 [vel]
2031 1272 2097 1326 de
2117 1273 2256 1343 juris
2284 1279 2489 1347 proprii
2517 1279 2772 1338 facultate
2800 1288 3144 1357 suppleverit.

2524 1369 2662 1425 zEra
2694 1374 2779 1429 18.

1936 1468 2130 1525 Clerici
2164 1471 2255 1540 qui
2283 1472 2445 1526 etiam
2468 1472 2584 1527 sine
2602 1474 2920 1543 precatoriis
2942 1474 3284 1553 quibuslibet,
3309 1474 3435 1533 diu-

1866 1560 2125 1615 turnitate
2148 1559 2407 1631 [qualibet
2437 1561 2790 1616 diuturnitate
2821 1562 3102 1635 temporis]
3128 1579 3213 1619 res
3241 1566 3308 1620 de
3343 1580 3435 1620 ec:

1866 1649 2046 1706 clesiae
2093 1654 2527 1708 remuneratione
2554 1654 2893 1723 possederint
2918 1654 3065 1726 [cum
3103 1657 3431 1713 auctoritate

1868 1741 2066 1797 domini
2087 1744 2457 1813 gloriosissimi
2486 1746 2742 1815 principis
2762 1746 2979 1819 nostri],
2996 1748 3048 1802 in
3074 1745 3164 1817 jus
3187 1749 3433 1819 proprie-

2088 1798 2118 1813 υ
2154 1798 2189 1799 η
2236 1798 2279 1799 η
2487 1798 2503 1815 ι
2554 1798 3161 1819 αντ---κημ-,ι---στ-
3188 1798 3401 1819 τ--τ--ν

1032 1798 1146 1871 [aut
1166 1802 1765 1877 elec‘ommljudkium
1795 1801 1842 1864 Β
1869 1833 2062 1887 tarium
2088 1836 2488 1904 prmscriptione
2534 1839 2788 1907 temporis
2828 1854 2933 1893 non
2961 1848 3239 1903 vocentur,
3281 1838 3432 1893 dum-

1868 1926 2023 1981 modo
2049 1934 2235 1995 pateat
2272 1942 2359 1983 res
2386 1929 2625 1984 ecclesia:
2655 1930 2838 1985 fuisse.

2251 2017 2432 2072 Canon
2465 2020 2773 2088 Agathensis
2794 2058 2811 2085 ,
2844 2035 2952 2074 (vra
2987 2016 3039 2074 ι1,

1931 2105 2119 2175 Nullus
2159 2105 2364 2178 [clerici
2392 2109 2577 2174 etiam,
2611 2110 2695 2163 vel
2731 2111 3018 2166 saeculares
3062 2109 3175 2182 qui]
3202 2111 3429 2166 oblatio—

1863 2210 1958 2250 nes
1984 2208 2289 2267 parentum,
2312 2208 2404 2253 aut
2429 2200 2675 2265 donatas,
2708 2209 2801 2255 aut
2830 2202 3164 2256 testamentis
3190 2203 3428 2268 relictas,

1861 2295 1953 2340 aut
1982 2289 2125 2357 quod
2151 2289 2264 2358 ipse
2285 2290 2503 2345 donarit
2524 2290 2781 2361 [retinere
2808 2291 3188 2363 perstiterint],
3218 2291 3433 2348 auferat

1863 2374 2128 2447 [ecclesiis
2161 2379 2246 2433 vel
2284 2380 2626 2434 monasteriis
2667 2380 2993 2436 crediderint
3031 2381 3427 2453 auferendum].

1860 2469 1960 2537 Qui
1991 2457 2218 2525 fecerint
2246 2470 2403 2541 (Add.
2434 2481 2480 2524 et
2514 2472 2652 2543 var.)
2701 2472 3047 2542 quoadusque
3075 2486 3138 2527 ea
3179 2473 3420 2539 reddant,

1857 2562 1926 2617 ab
1959 2561 2182 2618 ecclesia
2221 2562 2591 2617 excludantur.

2284 2675 2424 2729 Αἶγα
2461 2693 2508 2730 c.
2556 2676 2652 2731 32.
2703 2665 2858 2749 [Can.
2900 2669 3011 2748 55].

1930 2764 2227 2835 Episcopus
2252 2767 2345 2836 qui
2372 2766 2509 2822 filios
2532 2775 2625 2821 aut
2660 2779 2883 2837 nepotes
2908 2783 3013 2821 non
3044 2767 3205 2822 habet
3228 2766 3436 2847 (Van),

1855 2866 1962 2910 non
1988 2856 2151 2910 alium
2173 2872 2335 2925 quam
2362 2857 2645 2912 ecclesiam
2674 2858 2942 2927 relinquat
2964 2858 3253 2913 haeredem.
3278 2857 3441 2926 Quod,

1858 2945 1926 2999 de
1969 2945 2198 3000 ecclesia
2244 2947 2446 3017 absque
2474 2947 2642 3016 ipsius
2687 2963 2847 3002 causa
2877 2947 3132 3003 distraxit
3184 2947 3253 3019 [si
3304 2949 3437 3019 quid

1860 3034 1926 3089 de
1944 3036 2171 3091 ecclesia
2190 3053 2294 3092 non
2318 3037 2371 3092 in
2393 3037 2633 3093 ecclesia:
2658 3052 2819 3093 causa
2834 3047 2929 3093 aut
2952 3039 3273 3093 necessitate
3285 3054 3428 3109 prae-

1785 3154 1833 3217 C
1862 3126 2131 3197 sumpsit],
2165 3127 2378 3181 irritum
2400 3126 2682 3182 habeatur.
2712 3127 2812 3194 Qui
2842 3143 2971 3183 vero
3000 3129 3135 3185 ﬁlios
3165 3132 3346 3199 habet,
3376 3141 3434 3187 ct

1859 3219 1924 3271 de
1951 3218 2105 3271 bonis
2139 3233 2258 3286 qua:
2284 3218 2514 3287 reliquit,
2555 3221 2621 3275 ab
2644 3221 2947 3277 hmrcdibus
2973 3219 3089 3290 ejus
3110 3224 3436 3279 indemnita‘

1858 3313 1941 3360 tes
1985 3309 2228 3362 ecclesia:
2273 3309 2618 3364 consolentur
2667 3310 3133 3381 [indemnitatibus
3181 3313 3425 3368 ecclesiae

1858 3396 2214 3468 consulatur].

2176 3491 2357 3546 Canon
2395 3492 2767 3562 apostolorum,
2807 3510 2915 3547 arra
2969 3496 2993 3534 ε
3027 3495 3114 3550 '58.

1927 3601 2177 3656 Omnium
2202 3603 2534 3672 negotiorum
2563 3604 3050 3660 ecclesiasticarum
3072 3606 3195 3676 jara
3218 3605 3423 3675 episco-

1854 3708 1955 3763 pus
1980 3694 2195 3759 habeat,
2223 3702 2278 3748 et
2303 3710 2369 3749 ea
2389 3694 2535 3749 velut
2556 3694 2666 3750 Deo
2691 3697 3088 3767 contemplante
3110 3699 3383 3769 dispenset
3408 3718 3422 3753 :

1856 3802 1954 3840 nec
1985 3786 2144 3840 liccat
2166 3785 2367 3855 aliquid
2405 3801 2469 3841 ex
2497 3787 2583 3841 his
2620 3802 2971 3857 przesumere,
3001 3798 3095 3844 aut
3116 3791 3428 3860 parentibus

1855 3880 2087 3951 propriis
2115 3880 2441 3936 condonare.
2467 3879 2618 3947 Quod
2646 3881 2691 3936 si
2713 3896 2976 3951 nauperes
3000 3892 3144 3947 sunt,
3173 3892 3426 3952 tanquam

1854 3972 2180 4043 pauperibus
2202 3971 2592 4036 subministret,
2617 3986 2683 4026 ne
2708 3980 2991 4041 parentum
3019 3973 3303 4029 occasione
3331 3988 3425 4031 ec-

1856 4063 2033 4118 clesiae
2088 4061 2482 4131 depracdentur.

2170 4152 2237 4206 In
2275 4154 2492 4224 epistola
2540 4154 2566 4193 ιι
2608 4153 2907 4224 Symmachi
2942 4173 3112 4227 pnpte.

1926 4265 2300 4321 Possessiencs
2324 4265 2563 4321 ecclesiae
2602 4264 2763 4336 [quas
2790 4267 3160 4337 unusquisque
3183 4266 3425 4322 ecclesia:

1855 4358 2075 4428 proprio
2101 4358 2246 4412 dedit
2273 4366 2364 4411 aut
2401 4357 2621 4427 reliquit
2667 4358 2914 4431 arbitrio]
2965 4358 3202 4430 episcopi
3243 4357 3429 4429 (γαν.)

1858 4448 2093 4502 alienare
2113 4448 2437 4517 quibuslibet
2458 4449 2625 4505 titulis
2639 4458 2732 4505 aut
2753 4450 3122 4506 contractibus
3150 4464 3256 4504 non
3283 4464 3424 4519 pm-

172 4524 208 4561 a
240 4511 515 4566 consortio
538 4515 904 4575 ecclesiastico
953 4530 1006 4576 et
1047 4524 1286 4579 omnium
1328 4526 1758 4587 Christianorum
1786 4510 1836 4569 Ῑ)
1858 4549 2071 4594 sumant
2088 4538 2193 4610 [vel
2205 4540 2303 4593 sub
2321 4554 2639 4611 quocunque
2661 4548 2977 4612 argumento
3001 4554 3107 4595 non
3133 4538 3389 4612 patimur]
3413 4558 3426 4593 :

175 4600 478 4677 [convivio]
510 4608 772 4664 habeatur
797 4621 1088 4669 extraneus
1127 4614 1406 4691 [alienus].

514 4721 694 4777 Canon
717 4724 1124 4796 Aurelianensis,
1153 4748 1261 4785 a'ra
1291 4732 1307 4772 ί
1346 4734 1430 4788 19.

252 4832 357 4899 Qui
379 4847 476 4902 pro
498 4835 781 4893 devotione
795 4856 889 4894 sua
911 4841 1219 4912 [oblationis
1237 4846 1434 4919 studio]
1462 4849 1512 4903 in
1531 4852 1753 4921 campis,

171 4924 267 4980 vel
291 4925 467 4981 vineis
490 4927 709 4997 aliquid,
741 4932 903 4987 etiam
950 4934 1065 4989 sine
1114 4937 1315 5007 scripto
1355 4938 1582 5010 [absque
1629 4944 1761 4997 seri-

171 5016 365 5088 ptura]
390 5021 648 5087 probatur
668 5023 876 5080 dedisse
892 5026 1259 5102 [contulisse];
1288 5030 1332 5086 si
1352 5032 1577 5101 ipsemet
1597 5034 1756 5104 (Add.

173 5117 230 5160 et
263 5107 402 5179 ear.)
458 5110 540 5164 vel
573 5111 799 5181 quilibet
826 5131 889 5170 ea
917 5118 1231 5175 alienavcrit
1254 5163 1269 5188 ,
1311 5124 1657 5195 quoadusque
1684 5134 1763 5180 ta-

174 5196 250 5249 lia
280 5214 507 5267 pervasa
552 5200 721 5273 [Edit.
766 5205 862 5259 ult.
895 5208 1031 5264 male
1057 5251 1072 5277 ,
1121 5213 1397 5286 perversa]
1438 5217 1758 5281 restituerit,

170 5289 564 5345 communione
589 5294 850 5363 privetur.

252 5455 276 5480 η
322 5442 486 5498 Cone.
517 5445 700 5502 Aurel.
735 5464 882 5513 iii,e.
908 5448 995 5507 25.

254 5513 283 5552 δ
328 5514 505 5570 Deest.
541 5517 656 5571 V’id.
686 5529 797 5574 not.
827 5538 879 5574 v.
911 5524 979 5577 cl.
1011 5523 1059 5578 J.
1091 5524 1252 5581 Sirm.

254 5593 277 5620 ε
325 5582 510 5650 Ejusd.
536 5602 687 5642 conc.
717 5605 765 5644 c.
800 5591 884 5645 12.

250 5652 279 5688 ⁴²
326 5652 507 5721 Ejusd.
535 5672 685 5711 conc.
714 5675 759 5712 ο.
788 5661 873 5715 ‘22.

257 5734 281 5762 ⁸
324 5721 486 5779 Cone.
516 5727 680 5796 Lugd.
717 5746 775 5793 ii,
808 5746 854 5784 c.
886 5732 967 5784 ll.

586 5821 862 5883 Parnm.-
908 5823 1130 5887 XCIX.

1860 4631 1961 4686 nisi
1993 4629 2220 4687 forsitan
2239 4632 2451 4688 clericis
2478 4633 2680 4705 (Van),
2703 4646 2929 4704 quorum
2961 4633 3171 4689 meritis
3194 4640 3288 4688 aut
3306 4646 3421 4688 mo-
3450 4656 3453 4659 -

1859 4721 2102 4784 nasterii,
2147 4721 2421 4791 religionis
2470 4722 2684 4786 intuitu,
2735 4731 2828 4777 aut
2886 4723 2938 4777 in
2970 4723 3284 4792 peregrinos
3336 4736 3443 4777 ne--

1858 4810 2084 4865 cessitas
2104 4810 2289 4880 largiri
2314 4811 2562 4866 suaserit.
2587 4811 2675 4866 Sic
2699 4819 2878 4867 tamen
2901 4813 3012 4867 haec
3030 4812 3143 4882 ipsa
3165 4828 3271 4868 non
3294 4826 3423 4887 per-

1856 4910 2041 4971 petuo,
2071 4902 2164 4957 sed
2195 4901 2364 4956 donec
2388 4901 2645 4966 vixerint,
2674 4910 2910 4957 teneant.

2236 5010 2416 5067 Canon
2438 5014 2804 5086 Ancyritanus,
2830 5036 2936 5074 trra
2966 5022 3047 5076 l6.

1928 5122 1954 5162 ἰ
1981 5124 2037 5178 Si
2062 5140 2149 5180 res
2166 5126 2407 5181 ecclesia:
2425 5130 2706 5200 presbyter
2718 5132 3038 5199 vendiderit,
3058 5136 3286 5194 rescisso
3308 5154 3440 5196 con-

1863 5222 2040 5269 tractu
2070 5216 2136 5271 ad
2175 5216 2264 5287 jus
2291 5218 2715 5276 ecclesiasticum
2747 5220 3105 5281 revocentur.
3150 5226 3206 5282 lu
3230 5229 3434 5300 judicio

1864 5314 2045 5362 autem
2066 5307 2300 5378 episcopi
2326 5309 2462 5375 erit,
2493 5311 2536 5364 si
2559 5312 2792 5381 pretium
2830 5309 3288 5394 debeatrecipere
3315 5335 3420 5374 em-

1942 5470 1961 5509 τ
2005 5470 2167 5526 Cone.
2197 5481 2380 5528 Aurel.
2409 5490 2480 5528 tv.

1940 5542 1964 5616 β
2002 5541 2146 5616 (IanL
2160 5542 2228 5597 59
2254 5543 2443 5616 interp.
2483 5542 2700 5616 Dionys.
2732 5561 2761 5599 a
2790 5560 2893 5615 qua
2917 5547 3192 5616 paululum
3235 5547 3427 5604 differt.

1937 5610 1964 5687 ι)
2005 5610 2084 5687 ad
2107 5610 2585 5687 Caesari_um:episc.
2621 5610 2992 5687 Arelatensem
3016 5632 3131 5687 cap.
3165 5617 3214 5672 1.

1945 5683 1959 5721 ί
2006 5679 2201 5749 lnterp.
2235 5697 2351 5736 nec.
2383 5679 2599 5754 Dionys.
2632 5700 2746 5741 nec.
2779 5685 2902 5741 Isid.

2965 5842 3041 5901 33
