4020 6360
575 326 596 376 1
608 323 714 378 035

571 524 833 596 ampliore
861 540 1068 580 summa
1095 541 1191 596 pro
1230 533 1451 594 accepto
1476 527 1648 595 pretio
1676 525 1986 581 reddidisse.

962 613 1141 668 Canon
1173 614 1482 685 Agathensis
1509 655 1523 679 ,
1557 632 1664 668 trra
1696 614 1747 668 6.

640 704 905 775 Quidquid
930 719 1026 772 per
1062 703 1182 759 fidei
1203 705 1548 759 commissum
1579 705 1870 759 dimittitur
1896 705 2135 762 ecclesia:

569 795 690 868 [ant
735 794 1029 849 sacerdotis
1060 794 1274 848 nomine
1303 803 1397 848 aut
1444 792 1708 866 ecclesize]
1759 805 1852 848 aut
1891 793 2133 858 custodi,

570 887 712 940 inter
748 885 1024 938 facultates
1049 884 1287 938 ecclesiae
1329 899 1435 938 non
1463 885 1862 953 computabitur
1889 884 2137 956 [ecclesia

568 975 878 1047 computare
904 984 993 1029 aut
1017 975 1248 1029 retinere
1277 990 1383 1028 non
1413 973 1652 1045 poterit].

1231 1082 1373 1136 {Era
1411 1082 1466 1136 7.

635 1196 873 1252 Casellas
897 1211 1046 1260 vero,
1071 1197 1153 1250 vel
1176 1197 1439 1266 mancipia
1470 1189 1814 1267 [mancipiola
1849 1194 2132 1266 ecclesize],

568 1288 740 1358 (Mult.
789 1288 909 1342 add.
958 1296 1012 1341 et
1049 1287 1174 1341 Var.
1225 1297 1280 1342 et
1313 1288 1365 1341 in
1413 1285 1620 1342 exteris
1657 1301 1775 1354 quae
1821 1286 2136 1357 sequuntur)

567 1389 660 1435 aut
683 1395 808 1434 vasa
834 1379 1115 1433 ministerii
1141 1377 1382 1434 ecclesire
1403 1377 1546 1432 nullo
1575 1377 1732 1431 modo
1758 1385 1980 1446 possunt
2007 1378 2138 1430 alie-

567 1486 718 1525 nare.
769 1469 922 1537 Quod
952 1469 995 1524 si
1027 1470 1318 1524 necessitas
1351 1467 1621 1539 compellit
1666 1475 1815 1523 certa
1850 1482 1950 1537 pro
1989 1467 2140 1521 utili-

569 1567 680 1615 tate
709 1559 969 1623 ecclesiis,
1001 1566 1060 1613 ut
1089 1559 1292 1628 aliquid
1316 1559 1667 1622 distrahatur,
1711 1557 1851 1628 apud
1897 1559 2030 1613 duos
2055 1557 2137 1612 vel

569 1661 682 1706 tres
717 1650 1072 1720 provinciales
1097 1651 1376 1721 episcopos
1414 1666 1576 1705 causa
1621 1651 1959 1705 necessitatis
1987 1664 2137 1703 com-

567 1742 844 1810 probetur,
871 1749 930 1794 ut
966 1741 1032 1796 ab
1056 1741 1186 1811 ipsis
1213 1741 1448 1797 venditio
1474 1739 1758 1795 roboretur
1781 1757 1795 1804 ;
1828 1740 2008 1802 aliter,
2032 1751 2136 1794 non

570 1832 787 1888 valebit.

877 1923 1058 1979 Canon
1089 1925 1497 1988 Aurelianensis,
1530 1941 1636 1978 (vra
1668 1925 1733 1977 15
1763 1936 1809 1976 δ.

643 2015 701 2071 Si
739 2016 969 2072 clericus
1015 2027 1108 2070 aut
1155 2016 1325 2071 laicus
1370 2016 1470 2070 sub
1513 2022 1786 2085 potentum
1845 2013 2142 2083 patrocinio

574 2096 840 2181 [nomine]
873 2123 959 2163 res
983 2105 1226 2163 ecclesiae
1256 2107 1346 2178 [ad
1380 2107 1470 2178 jus
1499 2107 1742 2162 ecclesia:
1788 2105 2137 2177 pertinentes]

571 2205 878 2268 contempto
928 2198 1180 2269 pontifice
1225 2198 1444 2268 petierit
1473 2198 1556 2252 vel
1604 2197 1905 2268 possederit
1935 2196 2142 2268 [petere

572 2287 668 2346 seu
695 2288 972 2359 possidere
1003 2286 1450 2359 praesumpserit],
1484 2286 1762 2359 [primum]
1791 2287 2145 2343 admoneatur

569 2395 690 2450 qua:
707 2379 929 2434 abstulit
949 2379 1178 2433 civiliter
1213 2377 1527 2434 reformare.
1576 2377 1875 2447 (Quantam.
1908 2376 2057 2446 add.)
2083 2375 2140 2429 Si

571 2469 950 2540 contempserit
979 2468 1159 2540 (ναν.)
1187 2485 1216 2522 a
1243 2468 1516 2523 liminibus
1538 2463 1780 2521 ecclesia:
1805 2473 2140 2530 coerceatur,

572 2562 740 2617 donec
760 2575 823 2616 ea
845 2573 968 2616 cum
995 2557 1358 2614 satisfactione
1389 2557 1653 2611 restituat.

909 2648 976 2703 In
1011 2648 1227 2720 epistola
1256 2648 1431 2702 Siricii
1453 2664 1622 2717 papa’,
1656 2664 1761 2728 trra
1791 2645 1841 2700 ἓ.

639 2741 667 2780 ιι
707 2738 765 2794 Si
795 2753 893 2809 per
918 2738 1215 2809 simplicem
1241 2738 1549 2808 episcopum
1598 2753 1683 2792 res
1710 2737 1952 2792 ecclesiae
1980 2737 2141 2792 amis.
2171 2785 2174 2790 .

573 2845 643 2886 sae
690 2829 911 2892 fuerint,
948 2829 1245 2884 successori
1293 2827 1409 2896 ejus
1450 2829 1768 2899 suggerendi
1821 2829 1999 2883 aditus
2034 2826 2142 2883 non

573 2929 797 2991 negetur
821 2937 835 2985 ;
866 2928 921 2974 et
941 2917 1096 2989 juxta
1121 2921 1439 2974 sententiam
1465 2935 1731 2974 canonum
1749 2920 1987 2974 ecclesiae
2009 2935 2145 2989 pra?-

573 3010 826 3076 |udicium
855 3008 998 3064 nullo
1029 3017 1266 3080 tempore
1311 3009 1426 3073 fiat,
1481 3009 1604 3078 quia
1635 3024 1738 3062 una
1767 3019 1850 3063 est
1879 3018 1988 3065 toto
2013 3011 2144 3066 orbe

574 3099 785 3179 diffusa.

949 3190 1127 3245 Canon
1160 3189 1494 3255 Militucnsis,
1523 3207 1629 3246 mra
1665 3193 1744 3247 15.

645 3316 668 3343 ε
709 3302 766 3358 Si
815 3303 935 3372 quis
987 3302 1300 3357 munuscula
1326 3303 1690 3372 cujuscunque
1725 3304 1964 3373 qualibet
2011 3305 2149 3360 scri-

575 3405 728 3466 ptura
766 3393 956 3449 collata
1000 3393 1237 3448 ecclesiae
1284 3391 1632 3460 fraudaverit,
1691 3393 1966 3457 invaserit,
2025 3395 2146 3450 reti-

574 3484 770 3547 nuerit,
803 3483 1134 3552 subrepserit
1152 3522 1166 3546 ,
1194 3491 1248 3536 et
1273 3497 1302 3535 a
1341 3482 1622 3537 sacerdote
1650 3484 2013 3538 commonitus
2039 3493 2145 3538 sta-

574 3574 669 3630 tim
696 3572 888 3629 collata
916 3587 1020 3626 non
1059 3571 1387 3637 reddiderit,
1411 3573 1788 3628 eummunione
1821 3573 2069 3642 pellatur.

958 3683 1138 3738 Canon
1165 3684 1495 3756 Agatltensis,
1523 3703 1632 3741 arra
1663 3686 1752 3740 26.

646 3798 703 3852 Si
740 3797 968 3852 clericus
997 3796 1142 3868 [quis
1171 3797 1236 3852 de
1289 3795 1520 3870 clericis]
1567 3799 1913 3862 documenta,
1949 3803 2144 3872 quibus

576 3889 856 3946 ecclesiam
881 3889 1183 3959 possederit
1209 3888 1474 3961 [ecclesiae
1521 3891 1790 3958 possessio
1831 3891 2140 3964 firmatur],

577 3979 595 4049 (
612 3976 762 4050 Var.)
791 3979 1173 4048 suppresserit,
1201 3979 1492 4049 negaverit,
1520 3986 1613 4033 aut
1632 3980 1953 4038 adversariis
1982 3983 2145 4038 tradi-

577 4067 734 4132 derit,
763 4069 1019 4138 quidquid
1045 4085 1140 4138 per
1183 4070 1561 4124 abstinentiam
1604 4071 1949 4146 [absentiam]
1978 4075 2143 4130 docu-

578 4165 878 4212 mentorum
904 4161 1155 4213 damnum
1190 4159 1435 4215 ecclesia:
1478 4161 1682 4216 illatum
1710 4161 1895 4230 fuerit,
1927 4167 1991 4221 de
2019 4182 2142 4236 pro-

575 4251 708 4321 priis
746 4249 1088 4306 facultatibus
1126 4251 1330 4316 reddat,
1371 4261 1426 4308 et
1463 4257 1844 4312 communione
1876 4258 2138 4327 privetur.

572 4341 622 4396 Is
654 4341 844 4407 etiam,
873 4343 965 4412 qui
992 4343 1046 4396 in
1067 4341 1266 4398 damno
1285 4343 1528 4400 ecclesia:
1555 4347 1908 4403 instrumenta
1945 4349 2142 4404 sollici-

573 4433 770 4488 taverit
788 4430 974 4505 [impie
998 4433 1298 4490 sollicitatis
1323 4436 1693 4509 traditoribus]
1711 4479 1726 4503 ,
1770 4439 1855 4494 vel
1889 4455 2143 4510 suscepe-

577 4524 678 4589 rit,
710 4527 827 4594 pari
851 4527 1118 4582 sententia
1146 4525 1390 4583 feriatur.

878 4615 1061 4671 Conon
1096 4617 1481 4674 Aurelianensis
1501 4661 1516 4684 ,
1548 4637 1657 4675 arra
1683 4623 1753 4676 55
1778 4621 1826 4674 δ.

643 4705 901 4780 Quisquis
920 4711 1148 4781 agellum
1170 4713 1412 4768 ecclesia:
1434 4728 1464 4766 a
1494 4715 1775 4768 sacerdote
1795 4714 2000 4785 ceperit
2022 4731 2145 4786 pos-

575 4797 858 4858 sidendum
888 4798 964 4870 [in
987 4801 1073 4855 die
1099 4802 1222 4856 vita:
1241 4817 1351 4856 suae
1371 4818 1470 4872 pro
1492 4818 1814 4872 quacunque
1837 4805 2142 4860 misericor-

577 4887 665 4943 dia
711 4903 742 4942 a
770 4889 1066 4954 sacerdote,
1107 4891 1192 4945 cui
1221 4899 1459 4960 potestas
1486 4892 1590 4964 est]
1609 4933 1621 4954 ,
1653 4894 2010 4964 quodcunque
2043 4896 2143 4950 ibi-

576 4977 694 5032 dem
715 4975 1025 5048 profecerit,
1050 4980 1315 5035 alienandi
1337 4981 1537 5036 nullam
1561 4983 1756 5038 habeat
1783 4993 2099 5053 potestatem
2125 5004 2139 5040 :

575 5080 671 5121 nec
697 5065 846 5140 [sibi]
872 5079 1123 5137 parentes
1163 5070 1330 5142 ipsius
1351 5071 1550 5141 aliquid
1576 5073 1769 5130 exinde
1818 5074 1906 5131 τρι
1951 5093 2014 5132 ea
2063 5093 2122 5133 re

577 5156 845 5211 aestiment
874 5158 1274 5214 vindicandum.

641 5299 668 5359 ξ
709 5277 870 5359 guno.
898 5289 1081 5345 Aurel.
1123 5307 1260 5359 tv,c.
1285 5292 1375 5348 25.

641 5357 672 5398 δ
709 5357 1056 5414 Desideratur
1083 5362 1136 5415 in
1173 5357 1257 5417 ed.

642 5439 665 5500 ε
708 5427 842 5500 Yide
862 5430 1147 5500 concilium
1174 5433 1602 5500 Arvernenense,
1631 5449 1679 5489 c.
1706 5433 1788 5489 14.

642 5497 669 5537 δ
707 5496 871 5554 Cone.
901 5497 1082 5555 Aurel.
1108 5517 1183 5567 tv,
1211 5517 1260 5556 c.
1283 5503 1373 5557 Ἡ.
1474 5536 1476 5538 τ

641 5580 667 5642 ς
701 5568 1245 5642 gonc._tttCartltag.
1273 5588 1325 5629 c.
1348 5573 1442 5629 49.
1517 5627 1519 5630 .

644 5638 665 5678 ί
697 5637 835 5711 Stat.
868 5639 1014 5711 Eccl.
1062 5637 1230 5698 antia'.
1273 5643 1326 5699 in
1352 5645 1470 5702 cod.
1501 5645 1659 5702 Barb.
1692 5661 1742 5701 c.
1776 5645 1873 5711 l4;
1903 5660 2056 5702 conc.
2088 5661 2139 5698 tv

578 5705 757 5763 Carth.
792 5723 839 5762 c.
873 5709 962 5762 22.

1411 322 1726 380 CANONES
1767 324 2050 380 SELECTI
2091 324 2178 379 EX
2221 322 2374 377 \‘ET.
2419 321 2574 379 CAN.
2613 321 2946 380 COLIJSCT.

570 447 722 508 ptor;
772 437 898 506 quia
945 452 1086 507 saepe
1143 437 1406 507 contingit
1461 439 1839 492 distractarum
1893 440 2133 494 redditus
2164 445 2206 500 Α

3679 322 3820 378 1036

2539 435 2721 493 Canon
2751 435 3201 508 Carthaginensis,
3227 451 3338 490 atra
3363 437 3432 490 5..
3459 441 3503 488 ο.

2302 527 2496 583 Clerici
2519 530 2610 598 qui
2630 529 2832 598 aliquid
2843 535 3159 598 comparant
3180 526 3396 581 nomine
3410 541 3528 589 suo,
3556 533 3818 594 tanquam

2235 635 2413 674 rerum
2443 619 2843 676 Dominicarum
2869 622 3146 676 invasores
3183 627 3471 674 teneantur
3496 617 3823 691 [invasionis

2234 709 2463 765 crimine
2489 718 2774 766 teneantur
2801 710 3067 779 obnoxii],
3115 710 3222 765 nisi
3251 710 3303 763 in
3332 709 3563 764 ecclesia
3607 723 3705 762 sua
3728 723 3824 764 ea-

2236 799 2358 854 dem
2385 800 2662 855 intulerint
2691 799 2985 871 [Admoniti
3015 801 3259 855 ecclesia:
3299 801 3486 854 eadem
3516 800 3639 869 ipsa
3685 815 3819 856 con-

2238 891 2502 963 tulerint].
2541 891 2597 946 Si
2631 901 2812 946 aulem
2848 892 3003 964 [ipsis
3026 893 3244 963 proprie
3262 892 3463 961 aliquid
3489 892 3822 946 liberalitate

2237 981 2481 1051 alicujus,
2506 984 2590 1038 vel
2615 985 2956 1040 successione
2982 983 3342 1055 cognationis]
3357 997 3422 1038 ex
3445 984 3676 1052 propria
3699 999 3822 1036 suco

2236 1074 2478 1128 cessione
2504 1075 2583 1128 eis
2611 1074 2812 1144 aliquid
2859 1075 3169 1139 obvenerit,
3202 1073 3403 1129 faciant
3449 1075 3654 1129 exinde
3674 1073 3819 1142 quod

2236 1174 2421 1217 eorum
2451 1163 2725 1233 proposito
2751 1164 3018 1232 congruit.
3068 1163 3219 1230 Quod
3248 1164 3292 1217 si
3336 1179 3365 1218 a
3401 1178 3502 1218 suo
3540 1164 3821 1234 proposito

2239 1251 2576 1327 [retrorsum]
2603 1256 3029 1310 exorbitaverint
3047 1296 3059 1317 ,
3096 1256 3300 1309 honore
3326 1254 3714 1310 ecclesiastico
3737 1255 3823 1308 in-

2238 1343 2404 1414 digni,
2437 1355 2688 1414 tanquam
2713 1347 2922 1415 reprobi
2953 1347 3282 1416 judicentur.
3547 1343 3550 1345 Α

2763 1473 2989 1531 CAPUT
3024 1475 3265 1529 XXXIX.

2581 1583 2645 1620 DE
2683 1583 3038 1622 CAUSANTIBUS
3071 1585 3139 1622 ET
3174 1584 3460 1624 JUDICIBUS.

2617 1676 2800 1732 Canon
2830 1679 3140 1750 Africanus,
3167 1697 3275 1733 tera
3303 1682 3338 1734 5
3369 1680 3413 1732 ί.

2171 1798 2217 1859 Β
2315 1789 2691 1858 Utepiscopus
2721 1789 2920 1844 nullius
2958 1805 3177 1846 causam
3207 1790 3391 1845 audiat
3435 1792 3642 1861 absque
3685 1807 3821 1863 pm

2242 1883 2415 1938 sentia
2440 1881 2760 1937 clericorum
2806 1897 3047 1947 suorum,
3077 1883 3202 1952 quia
3231 1883 3383 1937 irrita
3413 1885 3521 1938 erit
3550 1887 3815 1940 sentuuis

2240 1971 2496 2043 episcopi,
2527 1972 2632 2026 nisi
2658 1971 2976 2026 clericorum
3004 1973 3291 2041 pnesentia
3326 1973 3698 2029 confirmetur.

2862 2064 3002 2119 Αἰνα
3035 2066 3100 2120 10
3132 2069 3156 2107 ε

2311 2157 2382 2214 Ut
2407 2157 2688 2228 episc0pus
2714 2166 3055 2213 accusatores
3098 2159 3329 2214 fratrum
3358 2162 3797 2216 excommnicrt.

2240 2249 2308 2303 Et
2336 2249 2381 2303 si
2413 2249 2821 2304 emendaverint
2857 2248 3073 2314 vitium,
3105 2251 3437 2318 recipiantur
3479 2252 3541 2305 ad
3563 2267 3800 2306 commu‘

2241 2342 2476 2407 nionem,
2507 2350 2562 2396 et
2587 2357 2693 2396 non
2721 2341 2789 2396 ad
2815 2337 3038 2397 clerum.

2869 2431 3009 2485 Αἶγα
3037 2431 3108 2486 50
3135 2433 3163 2472 δ

2310 2518 2619 2574 Catholicus
2646 2519 2736 2589 qui
2763 2534 2983 2575 causam
3013 2535 3166 2574 suam
3203 2517 3341 2591 [sive
3363 2517 3568 2589 justam
3589 2521 3707 2576 sive
3737 2521 3819 2576 in-

2235 2611 2458 2681 justam]
2488 2612 2555 2666 ad
2576 2610 2838 2679 judicium
2864 2611 3088 2667 alterius
3132 2612 3255 2667 fidei
3289 2611 3490 2680 Iudicis
3529 2625 3821 2684 provocat,-

2240 2703 2758 2759 excommunicetur.

2863 2797 3003 2850 xEra
3032 2793 3100 2848 49.
3135 2799 3175 2850 ί.

2312 2884 2666 2952 Quaerendum
2698 2886 2750 2940 in
2774 2881 2996 2954 judicio,
3028 2887 3309 2956 cujusnam
3337 2886 3407 2940 sit
3432 2885 3689 2949 sationis,
3723 2901 3824 2940 cui

2237 2977 2327 3048 jus
2351 2977 2474 3032 ftdei
2501 2977 2548 3033 is
2575 2977 2665 3047 qui
2696 2985 2930 3040 accusat,
2961 2985 3018 3032 et
3045 2978 3136 3046 qui
3165 2985 3471 3032 accusatur.
3503 2976 3699 3031 Falsus
3727 2992 3824 3032 ac-

2244 3075 2462 3122 cusator
2505 3075 2661 3122 extra
2706 3067 3003 3122 Ecclesiam
3035 3066 3146 3125 fiat.
3192 3067 3363 3122 donec
3407 3067 3721 3137 paenitendo
3767 3079 3824 3118 se

2167 3153 2214 3215 C
2246 3160 2512 3215 emendet.

2867 3247 3009 3303 Afra
3039 3245 3187 3303 521.

2313 3339 2552 3395 Caveant
2598 3333 2809 3407 judices
2861 3339 3125 3402 ecclesize,
3180 3353 3248 3391 ne
3298 3338 3522 3391 absente
3559 3345 3630 3390 eo
3667 3337 3823 3406 cujus

2243 3448 2406 3488 causa
2446 3432 2754 3496 ventilatur,
2804 3431 3127 3486 sententiam
3171 3428 3482 3500 proferant;
3512 3428 3639 3497 quia
3666 3429 3821 3482 irrita

2241 3525 2366 3588 erit,
2398 3523 2506 3578 imo
2531 3531 2587 3578 et
2612 3538 2829 3577 causam
2858 3522 2912 3576 in
2945 3521 3147 3594 synodo
3175 3519 3420 3590 profecto
3453 3518 3673 3574 dabunt.

2867 3612 3008 3666 [Era
3039 3611 3106 3666 53
3139 3612 3187 3664 Ιε.

2313 3704 2610 3774 Episcopus
2651 3702 2837 3774 (Van)
2865 3702 3186 3758 dissidentes
3231 3700 3493 3764 homines,
3536 3699 3601 3754 ad
3630 3715 3828 3771 pacem

2242 3798 2416 3870 magis
2435 3812 2597 3867 quam
2624 3798 2690 3852 ad
2713 3795 2976 3864 judicium
3004 3795 3336 3850 cohortctur.

2441 3889 2622 3945 Canon
2651 3888 3106 3952 Chalcedonensis,
3135 3903 3245 3941 (era
3273 3886 3307 3939 4
3334 3885 3489 3957 [Cum
3517 3884 3595 3956 9].

2317 3983 2335 4024 1
2369 3983 2485 4039 Non
2525 3989 2738 4053 oportet
2775 3981 3004 4038 clericos
3053 3981 3311 4035 habentes
3359 3981 3586 4034 invicem
3631 3979 3832 4032 adveru

2242 4093 2359 4133 sum
2403 4091 2461 4131 se
2503 4075 2713 4146 negotia
2745 4074 3047 4143 relinquere
3091 4071 3364 4142 proprium
3397 4071 3734 4141 episcopum,
3765 4077 3828 4124 et

2241 4167 2308 4220 ad
2336 4163 2613 4220 saecularia
2636 4162 2837 4234 judicia
2869 4162 3156 4217 convolare
3181 4175 3195 4213 :
3226 4161 3320 4215 sed
3349 4160 3524 4230 magis
3545 4159 3688 4229 apud
3732 4175 3832 4229 sy-

2243 4255 2442 4308 nodum
2468 4254 2797 4324 judicentur.

2244 4380 2308 4420 DE
2347 4379 2586 4420 CLERICIS
2620 4379 2709 4427 QUI
2747 4379 2813 4417 AD
2861 4377 3145 4418 SECULARE
3182 4376 3428 4418 JUDICIUI
3475 4377 3822 4417 CONV’OLAST.

2473 4455 2652 4509 Canon
2686 4455 3014 4526 Agathcnsis,
3043 4472 3151 4508 trra
3180 4455 3241 4509 3i
3281 4452 3436 4526 [Cum
3463 4454 3556 4527 52]

2479 4504 2652 4509 "-m—
3183 4504 3241 4509 ν-
3281 4504 3436 4526 ιπη-
3466 4504 3554 4527 η,

2170 4504 2222 4565 D
2313 4544 2553 4600 Clericus
2574 4560 2641 4598 ne
2667 4559 2990 4614 quemquam
3023 4554 3316 4614 praesumat
3339 4544 3476 4616 apud
3505 4544 3830 4600 saecularem

2236 4636 2494 4706 judicem,
2527 4635 2780 4704 episcopo
2806 4650 2914 4689 non
2943 4635 3309 4707 permittente,
3337 4635 3591 4704 pulsare:
3622 4636 3666 4690 si
3705 4637 3830 4706 pul-

2241 4732 2389 4779 satus
2414 4721 2594 4786 fuerit,
2625 4724 2965 4793 respondeat,
2998 4739 3106 4778 non
3133 4734 3397 4796 proponat
3432 4743 3444 4776 ε
3475 4739 3576 4779 nec
3623 4726 3828 4780 audeat

2243 4815 2524 4870 criminale
2568 4817 2840 4886 negotium
2887 4816 2956 4870 ad
2997 4817 3252 4872 steculare
3285 4814 3551 4884 judicium
3578 4815 3831 4885 perfen-e

2244 4907 2321 4978 [in
2347 4907 2548 4977 judicio
2577 4907 2819 4962 smculari
2845 4906 3186 4979 proponere].
3221 4906 3278 4961 Si
3320 4907 3441 4977 quis
3481 4906 3834 4962 saecularium

2243 5011 2338 5066 per
2379 4993 2703 5048 calumniam
2751 4995 3038 5049 ecclesiam
3087 5003 3180 5048 aut
3215 4994 3470 5049 clericum
3518 4993 3830 5066 fatigaverit

2247 5086 2498 5158 [fatigare
2544 5086 2854 5152 tentaverit,
2897 5093 2951 5141 et
2993 5087 3169 5141 victus
3209 5086 3418 5158 fuerit],
3463 5088 3532 5141 ab
3575 5085 3830 5141 ecclesiae

2251 5177 2545 5242 liminibus,
2568 5184 2624 5230 et
2647 5190 2677 5229 a
2704 5176 3078 5230 communione
3107 5175 3544 5248 [catholicorum]
3569 5186 3833 5230 arceatur

2324 5314 2347 5350 ⁸
2377 5309 2434 5363 In
2465 5307 2584 5364 cod.
2611 5309 2768 5362 Barb.
2795 5324 2843 5362 c.
2881 5308 2977 5370 t7;
3011 5323 3163 5362 (ξομε.
3195 5324 3247 5361 tv
3268 5307 3452 5362 Carth.
3481 5321 3529 5361 c.
3561 5306 3652 5361 55.

2318 5382 2348 5419 ιι
2379 5380 2437 5432 1η
2467 5379 2584 5433 cod.
2611 5379 2768 5432 Barb.
2802 5394 2850 5431 c.
2881 5377 2951 5431 50
2977 5394 2990 5442 ;
3022 5394 3176 5431 conc.
3203 5395 3254 5431 tv
3285 5379 3470 5431 Carth.
3503 5392 3552 5432 c.
3583 5377 3675 5431 87.

2327 5448 2424 5502 iln
2451 5449 2571 5503 cod.
2605 5447 2762 5500 Barb.
2793 5463 2843 5500 c.
2875 5447 2974 5511 55;
3005 5463 3158 5501 conc.
3189 5464 3242 5502 tv
3270 5448 3456 5500 Cath.
3485 5461 3536 5501 c.
3562 5446 3654 5500 96.

2322 5517 2358 5567 i.
2374 5518 2429 5572 In
2455 5518 2574 5572 cod.
2601 5517 2760 5570 Barb.
2786 5532 2834 5570 c.
2864 5516 2964 5581 55;
2995 5533 3148 5571 conc.
3179 5534 3232 5572 tv
3261 5516 3445 5572 Carth.
3471 5512 3521 5570 c'.
3548 5516 3642 5570 51.

2321 5589 2344 5626 ι
2375 5588 2432 5641 In
2453 5587 2574 5643 cod.
2604 5585 2765 5640 Bari).
2798 5602 2848 5641 c.
2881 5586 2949 5640 54
2976 5604 2990 5650 ;
3021 5588 3184 5642 Cone.
3221 5604 3271 5642 tv
3295 5588 3478 5643 Carth.
3506 5602 3554 5641 c.
3584 5583 3674 5642 26.

2323 5657 2341 5696 ι
2369 5659 2564 5729 lnterp.
2595 5671 2693 5712 nec
2719 5656 2934 5728 Dionys.
2964 5673 3061 5712 nec
3087 5657 3211 5713 Isid.
