4020 6360
182 337 319 392 1057

1033 324 1355 386 (ΣᾹΝΟΜΞΒ
1391 331 1675 385 SELECTI
1713 329 1804 383 EX
1846 330 2002 386 VET.
2046 332 2200 388 CAN.
2244 334 2575 395 COLLECT.

3280 348 3418 405 1038

173 455 345 510 usque
388 437 457 494 ad
504 438 718 509 dignam
768 438 1141 508 paenitentiam
1189 440 1316 513 [nisi
1368 443 1524 513 digne
1577 440 1748 510 poeni-
1777 441 1825 498 Α
1854 440 1952 508 ipsi
1994 442 2250 499 dirimant
2277 447 2621 516 quaestiones.
2669 459 2726 505 et
2753 449 2968 507 firmum
3001 455 3258 524 probetur
3280 459 3425 530 judi-

176 528 388 601 tuerit].

503 619 686 675 Canon
713 620 1129 688 Aurelianensis,
1160 639 1270 676 (cra
1297 624 1366 678 55
1397 635 1447 676 α.

239 709 489 766 Clericus
519 709 826 782 [cujuslibet
851 710 1068 783 gradus]
1099 713 1214 766 sine
1241 713 1511 781 pontificis
1531 713 1614 767 sui
1633 728 1758 784 per-

171 801 368 865 missu,
414 800 621 855 nullum
665 801 733 856 ad
759 801 1017 858 saeculare
1045 803 1305 872 judicium
1341 812 1632 872 prmsumat
1676 811 1755 857 at-

172 893 394 962 trahere
431 907 446 946 :
477 908 650 961 neque
695 891 833 947 laico
882 891 1209 964 [inconsulto
1248 892 1548 966 sacerdote]
1595 893 1754 948 liceat

171 982 432 1038 clericum
464 983 520 1037 in
550 982 805 1037 saeculare
828 982 1089 1052 judicium
1111 984 1386 1038 exhibere.

547 1073 730 1128 Canon
755 1072 1078 1138 Haticensis,
1108 1091 1217 1129 aera
1242 1074 1310 1128 10
1331 1075 1380 1128 b.

240 1165 312 1220 Et
345 1181 414 1220 ne
440 1165 668 1220 clericus
697 1165 867 1219 inscio
910 1165 1162 1236 episcopo
1191 1167 1256 1222 de
1279 1165 1508 1222 ecclesia
1536 1167 1751 1222 abstra-

167 1255 359 1319 hatur,
400 1263 495 1309 aut
545 1252 796 1320 injuriam
827 1254 1063 1323 aliquam
1105 1255 1386 1324 patiatur:
1418 1256 1513 1310 sed
1557 1257 1601 1310 si
1631 1257 1753 1326 quis

168 1347 434 1401 adversus
469 1345 698 1400 clericos
723 1345 925 1414 aliquid
975 1345 1243 1411 habuerit,
1284 1347 1338 1401 in
1364 1347 1610 1403 notitiam
1640 1351 1753 1418 epi-

168 1436 323 1504 scOpi
369 1435 650 1506 producat,
682 1444 737 1489 et
787 1435 900 1504 ipse
938 1436 1151 1506 justitia
1173 1445 1446 1506 praeeunte
1497 1438 1752 1492 discutiat

167 1539 388 1579 causas.

795 1613 934 1669 Era
964 1614 1036 1670 22
1062 1627 1110 1670 ο.

238 1702 427 1773 Neque
457 1703 640 1776 (Van)
666 1705 831 1774 judex
861 1706 1115 1761 clericum
1139 1708 1341 1777 absque
1369 1722 1530 1764 causa
1559 1703 1738 1764 crimi-

1859 531 2022 586 cium.

2345 623 2486 683 lEra
2514 629 2580 684 M
2611 629 2766 702 [Cum
2803 628 2916 706 15].

1929 709 2077 779 lQui
2126 714 2194 769 ab
2259 719 2511 774 omnibus
2568 722 2838 793 episcOpis
2887 729 3427 796 comprovincialibus

1852 816 2145 858 consonam
2175 809 2380 877 recepit
2406 814 2748 881 sententiam,
2781 816 2850 870 ab
2875 817 2993 874 aliis
3023 820 3247 878 ulterius
3284 825 3429 894 judi-

1849 893 1964 947 cari
1995 909 2099 948 non
2128 897 2346 964 poterit,
2378 900 2480 954 nisi
2521 902 2828 974 episcOpum
2871 905 3127 965 Romanae
3175 893 3428 969 Ecclesiae

1852 982 2219 1052 appellaverit,
2250 995 2309 1041 ut
2340 999 2628 1046 renovetur
2654 1008 2901 1049 examen.
3311 983 3345 1008 ⁶

2169 1073 2351 1130 Canon
2375 1077 2818 1152 Carthagincnsis,
2850 1103 2957 1140 αντα
2985 1089 3020 1141 2
3044 1101 3084 1130 ω

1921 1159 2175 1232 Quisquis
2221 1166 2596 1236 episcoporum
2649 1182 2965 1242 accusatur,
3022 1179 3090 1233 ad
3133 1181 3424 1249 primatem

1850 1252 2140 1319 provinciae
2188 1254 2356 1324 ipsius
2403 1272 2624 1312 causam
2670 1260 2878 1318 deferat
2921 1276 3222 1334 accusator,
3263 1277 3363 1328 nec
3394 1289 3426 1328 ει

1852 1344 2226 1399 communione
2247 1349 2623 1416 suspendatur,
2648 1351 2732 1404 cui
2755 1353 2958 1409 crimen
2979 1355 3296 1426 intenditur,
3323 1362 3428 1418 nisi

1852 1431 1920 1484 ad
1966 1447 2185 1489 causam
2214 1436 2492 1493 dicendam
2525 1437 2840 1510 [electorum
2883 1444 3146 1513 judicium
3193 1449 3278 1504 die
3317 1460 3426 1505 sta-

1853 1520 1990 1592 tuta]
2013 1524 2260 1592 primatis
2291 1525 2484 1582 litteris
2509 1539 2835 1587 convocatus
2859 1535 3080 1591 minime
3103 1542 3423 1606 occurrerit,

1850 1612 1954 1667 hoc
1974 1615 2220 1669 estinter
2253 1615 2439 1689 [infra]
2469 1620 2702 1689 spatium
2732 1625 2934 1680 mensis
2959 1641 3026 1680 ex
3054 1628 3140 1682 die
3167 1645 3271 1699 qua
3301 1647 3426 1687 eum

1851 1704 2059 1762 litteras
2083 1709 2354 1779 accepisse
2383 1712 2704 1768 constiterit.
2733 1713 2884 1781 Quod
2909 1719 2955 1772 si
2986 1718 3238 1795 [aliquas]
3271 1739 3427 1781 veras

167 1790 303 1856 nali,
327 1793 432 1846 hoc
461 1794 891 1858 est,homicidio,
919 1793 1062 1849 furto
1093 1803 1184 1849 aut
1210 1795 1492 1863 maleficio,
1523 1797 1754 1867 adjudi-
1783 1781 1828 1840 Β
1854 1811 2047 1852 causas
2093 1799 2432 1855 necessitatis
2480 1804 2792 1870 probaverit
2838 1781 3007 1877 (Add:
3032 1781 3250 1884 ειιυανί)
3272 1853 3286 1880 ,
3326 1830 3425 1884 pro

164 1885 316 1937 cium
348 1886 649 1953 pertrahat.
681 1885 833 1952 Quod
885 1886 931 1940 si
980 1886 1186 1951 fecerit,
1219 1883 1451 1956 quandiu
1498 1890 1750 1959 episcopo

168 1973 304 2044 [loci
335 1973 501 2045 illius]
530 1975 701 2029 visum
732 1973 896 2030 fuerit
923 1993 935 2030 :
965 1977 1032 2030 ab
1060 1975 1289 2031 ecclesia
1317 1976 1582 2048 [ecclesiae
1607 1978 1751 2033 limi-

168 2064 355 2137 nibus]
385 2074 658 2131 arceatur,
691 2074 746 2120 et
772 2066 1148 2135 communione
1176 2068 1439 2136 privetur.

814 2153 953 2208 /Era
985 2154 1048 2210 l8
1075 2154 1122 2208 ἀ.

237 2241 343 2309 Qui
378 2243 691 2300 innocentes
716 2256 742 2283 ε
771 2243 836 2298 ad
860 2245 1134 2314 principes
1158 2245 1241 2301 vel
1271 2246 1339 2300 ad
1357 2243 1570 2315 judices
1593 2261 1749 2303 accu—

165 2341 308 2396 sant,
344 2334 391 2388 si
425 2334 657 2390 clericus
689 2334 1051 2407 [honoratior]
1080 2344 1182 2401 est,
1209 2337 1532 2407 degradetur
1560 2337 1649 2410 [ab
1671 2338 1751 2394 of-

166 2420 275 2479 ficii
305 2424 389 2478 sui
419 2424 608 2479 ordine
640 2424 976 2496 regradetur]
1016 2439 1031 2477 :
1062 2426 1106 2480 si
1136 2440 1266 2480 vero
1296 2425 1486 2492 laicus,
1508 2443 1749 2483 commu-

166 2513 331 2569 nione
361 2514 622 2584 privetur.

501 2603 682 2657 Canon
708 2602 1154 2674 Carthagmensts,
1185 2622 1294 2660 σῖγα
1323 2606 1409 2661 12.

234 2689 257 2729 ¹
292 2689 354 2745 Si
403 2691 543 2746 inter
567 2693 848 2762 episcopos
892 2695 958 2749 de
1001 2695 1164 2749 rebus
1209 2697 1441 2752 terrenis
1473 2698 1748 2754 contentio

163 2791 285 2838 orta
316 2782 500 2847 fuerit,
529 2781 672 2838 inter
698 2785 822 2838 anni
851 2785 1084 2854 spatium
1112 2801 1210 2855 per
1233 2787 1488 2856 epistolas
1516 2787 1748 2843 fratrum

163 2875 480 2929 commoniti
524 2883 620 2928 aut
649 2875 788 2928 inter
814 2889 871 2930 se
901 2886 994 2930 aut
1041 2876 1094 2929 in
1124 2877 1413 2945 prmsentia
1454 2878 1748 2933 electorum

165 2963 444 3034 negotium
471 2979 665 3018 sanare
691 2963 965 3019 festinent.
1011 2966 1162 3032 Quod
1204 2969 1295 3036 qui
1324 2968 1611 3032 distulerit,
1652 2971 1747 3025 do-

166 3068 270 3107 nec
300 3053 415 3122 ipsa
439 3055 679 3109 causatio
707 3056 1019 3125 abrogetur,
1050 3071 1083 3110 a
1107 3057 1373 3112 charitate
1401 3057 1628 3114 fratrum
1653 3061 1748 3114 ha-

163 3140 362 3197 beatur
387 3147 718 3214 extraneum}

436 3248 440 3252 ‘
471 3234 540 3289 In
565 3236 785 3306 epistola
811 3236 991 3293 Siricit
1017 3255 1189 3311 papae,
1220 3257 1326 3296 tera
1357 3237 1447 3296 52.

234 3324 316 3380 De
341 3326 505 3381 rebus
549 3326 791 3382 ecclesia:
831 3337 950 3384 orta
980 3332 1253 3385 contentio
1282 3333 1350 3386 ad
1380 3333 1746 3403 metropolita-

166 3434 302 3472 num
327 3418 644 3474 deducatur.
672 3420 813 3475 Nihil
841 3421 1001 3476 liceat
1028 3431 1153 3477 ante
1180 3424 1476 3494 principem
1505 3425 1610 3478 ulla
1658 3440 1744 3478 ra-

162 3513 314 3567 tione
347 3513 624 3583 suspendi,
654 3514 746 3568 sed
777 3515 1151 3586 episcOporum
1171 3516 1373 3586 judicio
1403 3520 1740 3574 terminetur.

763 3627 990 3684 CAPUT
1030 3629 1143 3685 XL.

159 3752 227 3791 DE
267 3750 540 3802 EPISCOPO,
579 3753 677 3792 νει.
729 3752 970 3793 CLERICIS
1006 3756 1290 3797 ACCUSATIS
1343 3759 1410 3796 ΕΤ
1452 3756 1745 3798 Αοευδλτοο

769 3824 922 3863 RlBUS
959 3823 1158 3864 EORUM.

573 3897 755 3953 Canon
786 3897 1056 3966 Nicwnus,
1090 3919 1197 3956 aera
1228 3903 1294 3956 M
1322 3905 1364 3956 ε.

229 4009 262 4048 ιι
293 4006 354 4062 Si
383 4009 666 4079 episcopus
688 4008 960 4078 judicatus
1000 4009 1163 4066 fuerit
1211 4012 1265 4065 in
1311 4012 1415 4066 alia
1445 4028 1642 4079 causa,
1689 4025 1744 4070 et

155 4099 280 4169 ipse
306 4098 558 4163 voluerit,
596 4108 885 4155 renovetur
912 4100 1199 4156 concilium
1239 4119 1253 4157 :
1281 4112 1336 4160 et
1361 4106 1630 4162 scribatur
1674 4110 1743 4164 ab

154 4191 436 4262 episcopis
479 4191 572 4260 qui
619 4206 839 4247 causam
870 4195 1318 4250 examinaverunt
1361 4196 1603 4254 Romano
1632 4201 1745 4256 eni-

154 4295 349 4350 scopo,
379 4290 435 4335 et
458 4289 518 4335 ut
540 4281 654 4338 inse
678 4282 1000 4338 iudicaverit
1028 4285 1334 4356 impleatur.

817 4373 1016 4428 [Ἐναὸ
1045 4377 1086 4427 i.

230 4481 252 4510 ι
286 4460 445 4517 Alius
469 4476 598 4518 vero
623 4463 904 4534 episcopus
931 4465 984 4518 in
1013 4465 1133 4520 loco
1159 4467 1295 4536 ejus,
1321 4471 1410 4539 qui
1437 4471 1739 4528 Romanum
1771 4491 1820 4550 ι)

152 4549 478 4620 episcopum
522 4551 828 4622 appellavit,
858 4568 964 4608 non
991 4555 1271 4612 ordinetur
1309 4567 1434 4615 ante
1463 4564 1740 4617 examina-

153 4641 331 4696 tionis
361 4656 602 4696 causam.

382 4732 566 4789 Canon
596 4737 969 4804 Antiochenus,
994 4756 1102 4795 cera
1135 4741 1200 4796 16
1229 4742 1384 4814 [Cum
1417 4745 1526 4818 M].

231 4825 262 4863 ι
293 4823 353 4878 Si
376 4825 660 4897 contigerit
687 4836 747 4881 ut
771 4828 1052 4899 episcopus
1078 4831 1143 4887 de
1172 4834 1438 4890 criminali
1467 4849 1630 4894 causa
1652 4856 1742 4895 aca-

153 4922 410 4979 cnsetur,
436 4923 492 4969 et
524 4916 752 4972 diversa
777 4921 1060 4976 sententiae
1091 4931 1278 4978 contra
1305 4940 1428 4981 eum
1450 4929 1590 4997 apud
1619 4931 1728 5000 epi-

151 5018 362 5074 scOpos
386 5003 753 5074 proferantur;
783 5007 984 5076 placuit
1011 5014 1480 5082 metropolitanum
1516 5017 1741 5074 alterius

148 5095 459 5163 provinciae
487 5098 751 5159 revocari,
781 5109 837 5153 et
857 5100 1061 5171 aliquot
1087 5119 1209 5158 cum
1244 5121 1310 5160 eo
1336 5108 1648 5182 episcopos;
1681 5122 1742 5166 ut

236 5238 265 5298 Ρ
294 5227 462 5298 (ξορα.
495 5229 678 5286 Aurel.
709 5249 790 5298 ιιι,
816 5250 866 5288 c.
899 5235 986 5289 32.

233 5297 266 5336 Β
293 5296 460 5371 ρους.
491 5296 842 5371 Μυιὶεεοιιζι,
877 5321 926 5360 c.
957 5305 1008 5371 7,
1037 5317 1091 5362 et
1115 5324 1151 5362 ll
1202 5324 1252 5365 c.
1283 5309 1366 5366 10.

235 5376 262 5436 ς
294 5365 463 5436 Cone.
491 5369 697 5426 Matisc.
728 5387 768 5436 ι,
796 5365 844 5426 c.
879 5375 929 5428 7.

231 5434 261 5474 δ
289 5435 474 5498 Ejusd.
503 5454 657 5495 conc.
692 5434 859 5498 c.18.

235 5515 264 5578 ε
295 5508 422 5578 Ϊξιικ
454 5508 586 5563 Vide
612 5519 723 5564 not.
756 5512 855 5566 viri
887 5513 952 5568 cl.
978 5515 1028 5569 J.
1061 5516 1354 5578 Sirmondi.

241 5573 264 5611 τ
295 5575 418 5630 Vid.
447 5591 597 5632 conc.
628 5593 683 5634 ιν
709 5579 893 5637 Carth.
921 5599 969 5638 c.
999 5587 1084 5642 59.

241 5645 266 5682 ³
301 5643 468 5699 Cone.
501 5645 806 5705 Sardicens.
839 5668 887 5706 c.
917 5655 968 5708 '5.

232 5713 259 5752 δ
289 5713 421 5768 Var.
447 5718 586 5786 apud
610 5719 828 5790 Dionys.
859 5730 914 5776 et
940 5723 1060 5779 Isid.

1853 1889 2048 1956 quibus
2090 1905 2197 1945 non
2231 1893 2552 1958 occurrerit,
2583 1895 2723 1949 intra
2749 1898 2916 1952 alium
2963 1915 3203 1958 mensem
3248 1921 3423 1962 causa:

1851 1992 1962 2034 suae
1986 1978 2225 2035 dicendae
2255 1979 2564 2056 [integram]
2605 1985 2800 2043 habeat
2845 1988 3189 2059 facultatem;
3237 2012 3423 2052 verum

1850 2076 1971 2135 post
1999 2084 2236 2126 mensem
2260 2075 2552 2129 secundum
2579 2079 2760 2134 tandiu
2791 2095 2897 2135 non
2923 2086 3305 2152 communicet,
3333 2093 3415 2146 do-

1847 2165 1950 2208 nec
1987 2160 2268 2221 purgetur.
2310 2153 2368 2210 Si
2415 2164 2596 2213 autem
2624 2175 2726 2215 nec
2763 2163 3149 2219 adconcilium
3178 2182 3429 2222 anniver-

1846 2241 2046 2297 sarium
2089 2240 2270 2315 (Van)
2299 2249 2622 2314 occurrerit,
2651 2257 2710 2304 ut
2732 2252 2815 2306 vel
2861 2255 2931 2308 ibi
2978 2269 3154 2312 causa:
3185 2273 3297 2314 suae
3325 2269 3436 2315 ter-

1845 2331 2139 2401 minentur,
2170 2336 2282 2405 ipse
2314 2337 2368 2392 in
2396 2353 2454 2394 se
2483 2339 2844 2400 damnationis
2869 2351 3198 2406 sententiam
3227 2353 3431 2410 dixisse

1839 2422 2127 2494 iudicetur.
2162 2425 2427 2498 Tempore
2455 2447 2584 2488 sane
2625 2449 2730 2504 quo
2773 2453 2876 2492 non
2907 2438 3293 2508 communicat,
3326 2461 3430 2502 nec

1842 2513 1896 2568 in
1921 2529 2014 2569 sua
2037 2517 2191 2586 plebe
2233 2520 2482 2590 |ecclesia
2507 2524 2588 2577 vel
2614 2529 2874 2602 parmcia]
2901 2535 3281 2591 communicet.
3319 2537 3436 2593 Αι-.

1841 2617 2062 2687 cusator
2121 2620 2299 2666 autem
2342 2610 2478 2682 ejus,
2531 2615 2576 2669 si
2628 2633 2901 2689 nunquam
2952 2624 3140 2682 diebus
3183 2628 3425 2686 dicenda:

1841 2714 2020 2756 causa:
2047 2701 2296 2770 defuerit,
2343 2722 2374 2761 a
2404 2711 2781 2767 communione
2808 2730 2914 2769 non
2956 2729 3317 2777 removeatur.
3359 2722 3425 2779 Si

1841 2805 1972 2847 vero
2021 2794 2312 2865 aliquando
2352 2797 2603 2867 defuerit,
2657 2801 3003 2874 [subtrahens
3040 2810 3119 2882 se]
3172 2813 3425 2870 restituta

1837 2880 2020 2953 (γαν.)
2055 2887 2433 2944 communione
2481 2892 2760 2962 episcopo,
2815 2897 2930 2966 ipse
2977 2880 3321 2958 removeatur
3365 2903 3423 2976 [a

1835 2978 2210 3034 communione
2243 2983 2587 3056 accusator];
2621 2985 2696 3040 ita
2727 2994 2929 3054 tamen,
2965 2999 3026 3045 ut
3053 2992 3154 3061 ipsi
3192 2994 3424 3051 donetur

1837 3067 1958 3139 [ipsi
1988 3087 2093 3126 non
2121 3073 2411 3147 adimatur]
2443 3075 2671 3134 facultas
2693 3095 2871 3137 causae
2899 3085 3236 3155 peragendae,
3277 3089 3320 3144 si
3361 3105 3424 3147 se

1772 3148 1900 3214 Cad
1928 3160 2071 3216 diem
2101 3177 2388 3220 occurrere
2418 3167 2600 3240 (ναν.)
2633 3170 2887 3237 voluisse,
2925 3176 3019 3230 sed
3045 3191 3150 3233 non
3178 3161 3448 3249 potuisse-

1829 3253 2160 3320 probaverit.
2187 3256 2368 3326 (Mult.
2395 3277 2504 3313 var.
2535 3271 2584 3315 et
2606 3265 2846 3333 quwdam
2870 3267 3022 3339 add.)
3045 3269 3132 3325 Ad
3153 3286 3417 3329 accusan-

1831 3339 1958 3396 dum
1990 3351 2167 3398 tamen
2192 3346 2276 3400 vel
2306 3352 2640 3415 arguendum
2668 3369 2736 3408 ne
2782 3356 2904 3424 quis
2935 3358 3276 3426 admittatur,
3307 3360 3413 3418 nisi

1827 3432 1920 3500 qui
1950 3435 2197 3504 proprias
2221 3452 2436 3504 causas,
2466 3458 2572 3495 non
2597 3451 2777 3498 tamen
2805 3446 3206 3505 ecclesiasticas
3233 3451 3420 3510 dicere

1827 3527 2078 3584 voluerit.
2113 3540 2142 3567 ιι
2171 3527 2226 3585 Si
2243 3534 2526 3606 presbyter
2549 3535 2916 3596 autdiaconus
2933 3539 3415 3610 fuerintaccusati,

1827 3620 2084 3691 adjuncto
2111 3622 2215 3678 sibi
2236 3640 2303 3680 ex
2332 3626 2524 3683 vicinis
2551 3627 2685 3684 locis
2708 3628 2855 3701 [cum
2884 3633 3107 3701 proprio
3132 3635 3414 3708 episcopo]

1826 3710 2066 3783 legitimo
2104 3729 2333 3771 numero
2357 3716 2685 3789 collegarum
2729 3719 2888 3792 [quos
2917 3723 2986 3780 ab
3023 3725 3215 3781 eodem
3254 3741 3416 3782 accu-

1835 3806 1936 3859 sati
1965 3805 2265 3878 petierint,]
2295 3807 2348 3862 in
2377 3811 2678 3882 presbyteri
2715 3815 2932 3872 nomine
2963 3832 3079 3884 sex,
3106 3819 3161 3873 in
3199 3819 3414 3875 diaconi

1825 3903 1938 3949 tres
1961 3896 2200 3967 episcopi
2237 3897 2479 3967 ipsorum
2515 3917 2709 3958 causas
2734 3903 3046 3974 discutiant,
3077 3909 3267 3966 eadem
3296 3911 3414 3966 die-

1827 4000 1945 4039 rum
1974 3985 2060 4041 vel
2104 3987 2444 4055 dilationum,
2475 3999 2530 4047 et
2556 4007 2586 4047 a
2614 3997 2996 4053 communione
3023 4001 3414 4066 remotionum,
3443 4041 3446 4044 ι

1823 4089 1878 4134 et
1901 4081 2236 4139 discussione
2262 4097 2640 4153 personarum,
2669 4089 2812 4144 inter
2838 4101 3186 4150 accusatores
3227 4103 3282 4150 et
3319 4110 3416 4151 eos

1823 4172 1913 4240 qui
1938 4181 2286 4242 accusantur,
2315 4174 2486 4232 forma
2515 4188 2751 4234 servata.
2781 4180 3135 4252 Reliquorum
3167 4183 3420 4256 [clerico-
3519 4165 3530 4174 ’

1822 4261 1969 4328 rum]
2009 4272 2204 4342 autem;
2239 4280 2434 4342 causas
2483 4268 2628 4324 solus
2669 4273 2835 4328 etiam
2864 4270 3150 4342 episcopus
3184 4272 3286 4328 loci
3326 4282 3436 4327 coa‘

1841 4346 2064 4406 gnoscat
2091 4345 2146 4392 et
2174 4337 2346 4395 finiat.

2497 4433 2571 4488 ΑΞ
2577 4451 2636 4488 ra
2675 4436 2759 4491 79.

1916 4535 1972 4590 Si
2012 4537 2298 4607 episcopus
2323 4538 2522 4595 clerico
2547 4540 2631 4595 vel
2668 4540 2804 4596 laico
2847 4541 3054 4596 crimen
3092 4540 3412 4615 injunxerit,

1844 4627 2141 4684 deducatur
2168 4631 2236 4686 ad
2261 4633 2652 4702 probationem.

2172 4742 2353 4798 Canon
2386 4744 2776 4815 Hipponiensis,
2808 4764 2916 4802 rem
2945 4747 3012 4802 67
3031 4756 3076 4802 ο.

1912 4849 2106 4909 Clerici
2147 4853 2424 4926 (Quasdam
2456 4851 2616 4929 add.)
2657 4858 2896 4914 accusati
2942 4875 3041 4929 pro
3083 4859 3329 4928 crimine,
3372 4871 3419 4926 si

1843 4943 2207 4999 innocentiam
2245 4959 2397 4998 suam
2430 4945 2699 5001 voluerint
2732 4964 2996 5015 asserere,
3039 4950 3181 5005 intra
3213 4966 3413 5007 annum

1841 5033 2410 5088 excommunicationis
2435 5036 2536 5090 hoc
2564 5036 2783 5092 faciant.
2817 5038 2872 5094 Si
2899 5053 3029 5096 vero
3051 5041 3189 5096 intra
3216 5053 3412 5096 annum

1841 5136 2062 5177 causam
2101 5138 2256 5178 suam
2291 5139 2397 5180 non
2425 5129 2771 5197 purgaverint
2799 5130 3050 5204 [purgare
3080 5140 3215 5189 cont‘
3235 5144 3418 5202 mqse‘

1921 5253 1936 5294 ί
1975 5251 2141 5310 Cone.
2177 5251 2333 5312 Sard.
2363 5271 2412 5312 e.
2443 5255 2496 5311 4.

1915 5321 1928 5397 l
1965 5325 2094 5397 Yar.
2125 5327 2266 5395 apud
2295 5325 2511 5397 Dionys.
2541 5335 2595 5382 et
2623 5324 2746 5383 lsid.

1915 5394 1940 5432 ¹ι
1969 5393 2173 5464 Ιηιειιρξ
2200 5411 2300 5450 nec
2331 5393 2550 5466 Dionys.
2575 5413 2674 5458 nec
2698 5398 2822 5453 lsid.

1921 5461 1935 5500 ¹
1968 5462 2167 5524 Intern.
2192 5480 2294 5520 nec
2319 5466 2539 5524 Dionvs.
2571 5482 2672 5523 nec
2690 5468 2815 5524 Isid.

1923 5479 1935 5500 ι
1969 5479 2167 5534 Interp.
2192 5480 2294 5520 nec
2320 5479 2539 5537 unonys.
2571 5482 2672 5523 nec
2692 5479 2815 5524 Isid.

1913 5531 2142 5608 {"Conc.
2171 5551 2232 5590 ιιι
2270 5534 2522 5608 Carthag.
2571 5551 2620 5591 c.
2652 5537 2717 5604 7;
2746 5539 2864 5594 cod.
2895 5553 3017 5594 can.
3065 5537 3209 5595 Eccl,
3240 5537 3404 5594 Amo,

1845 5617 1894 5656 θ’
1914 5602 2143 5761 Egone.
2169 5673 2436 5761 t‘x‘iC‘arth.
2467 5692 2514 5761 c.
2541 5675 2616 5761 ἐι
2633 5677 2750 5731 cod.
2781 5693 2977 5761 canae;
3005 5678 3093 5734 20·
3296 5648 3363 5761 ...Ι

1917 5748 1940 5775 °
1981 5740 2143 5799 Cone.
2176 5742 2360 5799 Carth.
2386 5761 2442 5812 v,
2473 5760 2520 5800 c.
2549 5740 2645 5813 ης
2675 5763 2826 5801 conc.
2849 5748 3176 5815 Africanum,
3208 5762 3258 5806 c.
3282 5746 3372 5817 46.
