4020 6360
606 258 613 267 ’
653 283 793 343 I039

649 398 814 479 rint],
843 396 986 456 nulla
1012 412 1200 456 eorum
1246 414 1348 456 vos
1375 399 1583 472 (Deest).
1615 402 1681 457 de
1704 402 1807 457 hac
1846 415 2009 457 causa
2037 409 2222 461 postea
2251 404 2305 462 Α

650 490 914 564 [penitus]
940 491 1208 545 audiatur.

979 577 1159 634 Canon
1187 579 1631 649 Carthaginensis,
1663 595 1772 634 cera
1806 581 1830 634 I
1858 593 1905 634 α.

714 674 780 730 Si
805 674 930 746 quis
947 674 1320 745 episcoporum
1341 672 1427 727 vel
1452 672 1771 728 clericorum
1795 672 2071 744 (Quadam
2094 672 2218 728 add.

650 777 698 820 et
720 766 877 837 van),
907 765 1096 821 relicto
1122 764 1488 819 ecclesiastico
1509 764 1731 833 judicio,
1758 765 1987 834 publicis
2016 780 2074 820 se
2098 781 2225 835 pur-

650 870 782 925 gare
810 853 1039 913 voluerit
1061 852 1300 923 judiciis,
1326 852 1539 908 etiamsi
1569 868 1668 922 pro
1695 854 1787 909 illo
1812 854 1974 909 fuerit
2015 856 2223 925 prolata

651 936 943 1010 sententia,
988 945 1164 999 locum
1213 959 1371 999 suum
1411 945 1654 1011 amittat;
1702 946 1806 1001 hoc
1853 947 1907 1000 in
1955 946 2223 1001 criminall

650 1052 831 1091 causa.
856 1036 912 1090 In
941 1034 1109 1091 titulis
1129 1049 1257 1090 vero
1282 1035 1473 1105 perdat
1490 1036 1632 1104 quod
1652 1035 1833 1101 evicit,
1867 1046 1923 1091 ut
1946 1036 2052 1108 [cui
2079 1038 2222 1091 enim

650 1127 717 1181 ad
742 1127 1014 1197 eligendos
1036 1124 1266 1198 judices]
1294 1126 1526 1196 undique
1549 1126 1804 1182 Ecclesiae
1832 1126 2018 1198 (Van)
2040 1136 2224 1198 pateat

649 1217 963 1271 auctoritas.
994 1216 1112 1285 Ipse
1134 1230 1194 1269 se
1219 1214 1498 1287 indignum
1523 1213 1766 1271 fraterno
1790 1216 2064 1271 consortio
2081 1215 2225 1284 judi-

649 1318 765 1374 cat,
808 1308 899 1378 qui
941 1307 1007 1363 de
1034 1306 1325 1362 universali
1368 1306 1610 1362 Ecclesia
1647 1307 1786 1362 male
1831 1308 2132 1373 sentiendo,
2158 1308 2225 1363 de

648 1398 890 1454 saeculari
912 1397 1116 1469 judicio
1143 1396 1319 1467 poscit
1341 1396 1629 1461 auxilium;
1658 1412 1782 1453 cum
1803 1398 2093 1469 Apostolus
2116 1390 2226 1470 pri-

649 1498 897 1545 vatorum
935 1488 1365 1545 Christianorum
1394 1503 1583 1544 causas
1605 1487 1672 1543 ad
1704 1490 2000 1545 Ecclesiam
2026 1489 2225 1545 deferri

648 1579 833 1653 [atque
880 1579 955 1635 ibi
1002 1578 1372 1651 determinari]
1417 1579 1711 1651 praecipiat.
1756 1579 1910 1651 (Cen.
1943 1578 2053 1652 10.)
2097 1581 2154 1635 Si
2192 1596 2225 1635 a

649 1672 1055 1741 quibuscunque
1074 1670 1347 1741 judicibus
1385 1669 1787 1733 ecclesiasticis,
1817 1671 1909 1725 ubi
1939 1678 2026 1725 est
2052 1670 2227 1740 major

1496 284 1811 343 CANONES
1847 284 2129 343 SELECTI
2164 284 2256 341 EX
2298 276 2451 341 V'ET.
2486 287 2642 344 CAN.
2686 288 3022 351 COLLEC'I'.

3684 315 3779 376 mo

2965 408 3102 463 Ᾰένα
3127 410 3196 466 46
3215 423 3257 465 ε.

2395 490 2496 558 Qui
2527 492 2839 565 frequenter
2863 496 3055 569 litigat,
3084 509 3138 554 et
3166 502 3231 555 ad
3254 512 3575 567 accusandum
3597 513 3780 585 [auun-

2323 585 2484 660 dum]
2537 587 2713 645 facilis
2755 601 2871 657 est,
2912 594 3031 663 ejus
3078 595 3423 653 testimonium
3469 615 3602 662 nemo
3636 610 3779 684 absque

2324 680 2512 748 grandi
2541 682 2941 738 examinatione
2962 683 3249 759 [examine]
3274 688 3493 759 recipiat.

2525 772 2532 779 ’
3004 774 3141 829 Αἶγα
3171 777 3221 831 8.

2400 859 2420 899 ι
2444 858 2544 925 Qui
2569 860 2860 928 majoribus
2884 864 3179 921 sceleribus
3204 868 3429 927 irretitus
3449 882 3536 938 est,
3557 892 3701 935 vocem
3718 880 3780 937 ad-

2325 963 2540 1004 versum
2568 952 2825 1022 majorem
2852 961 2981 1008 natu
3012 971 3121 1011 non
3146 956 3337 1014 habeat
3357 966 3626 1021 accusandi.

2694 1039 2762 1094 In
2791 1043 3010 1112 epistola
3043 1047 3068 1086 8
3095 1045 3325 1102 Silvestri
3350 1069 3502 1123 papm.

2395 1128 2654 1185 Silveswr
2678 1138 2814 1201 papa
2841 1133 2895 1187 in
2922 1136 3128 1204 gremio
3154 1139 3337 1207 synodi
3362 1144 3640 1203 constitutus
3662 1151 3780 1209 dixit:

2322 1219 2611 1290 Presbyter
2655 1222 2915 1277 adversus
2955 1226 3291 1296 episcopum,
3333 1231 3562 1290 diaconus
3597 1238 3783 1299 adversus

2323 1310 2717 1382 presbyterum,
2744 1314 2830 1369 vel
2860 1315 2951 1369 alii
2980 1314 3263 1373 inferiores
3287 1322 3488 1379 ordines
3506 1327 3708 1386 adversus
3725 1347 3782 1388 suc

2323 1403 2567 1473 perieres
2586 1418 2692 1458 non
2722 1404 2851 1459 dent
2876 1409 3294 1464 accusationem.
3327 1409 3598 1482 (Paululum
3621 1424 3721 1492 oar.)
3739 1422 3781 1478 Et

2324 1510 2433 1550 non
2456 1495 2739 1551 damnetur
2761 1513 3003 1553 summus
3023 1502 3221 1570 praesul
3243 1503 3341 1557 nisi
3361 1519 3389 1557 a
3407 1504 3470 1559 72
3491 1509 3694 1578 testibus;
3713 1529 3782 1569 non

2324 1587 2611 1643 damnetur
2638 1591 2919 1663 presbyter
2943 1593 3046 1647 nisi
3070 1610 3100 1648 a
3124 1594 3195 1649 45
3221 1598 3462 1664 testibus;
3486 1601 3688 1658 diaconus
3705 1621 3783 1660 car-

2325 1678 2448 1733 dine
2486 1680 2811 1736 constitutus
2841 1684 2992 1737 urbis
3028 1683 3218 1740 Romae
3252 1704 3354 1742 non
3380 1689 3622 1746 damnetur
3644 1693 3719 1748 nisi
3744 1695 3780 1750 in

648 1777 830 1829 causa,
872 1762 1036 1817 fuerit
1076 1768 1460 1832 provocatum,
1508 1775 1616 1816 non
1655 1761 1735 1816 eis
1776 1761 1949 1826 obsit,
1992 1776 2222 1831 quorum

2191 1776 2222 1814 η
2253 1745 2298 1804 Β
2325 1769 2394 1826 56
2416 1772 2672 1839 testibus;
2703 1774 3060 1831 subdiaconus
3079 1777 3165 1832 vel
3190 1779 3280 1833 alii
3306 1781 3518 1838 minores
3534 1785 3697 1840 ordines
3709 1801 3778 1842 non

648 1854 812 1910 fuerit
859 1851 1034 1909 soluta
1078 1853 1375 1918 sententia;
1409 1852 1453 1908 si
1493 1852 1738 1908 convinci
1770 1867 1876 1907 non
1917 1853 2224 1923 potuerint,

650 1945 732 2000 vel
780 1944 1000 2000 inimico
1045 1943 1226 1998 animo
1246 1943 1537 2014 judicasse,
1566 1942 1649 1996 vel
1694 1941 1871 2011 aliqua
1916 1942 2228 2012 cupiditatis

650 2034 818 2106 gratia
856 2032 963 2105 [vel
1007 2032 1185 2103 aliqua
1227 2033 1519 2103 cupiditate
1558 2032 1643 2086 vel
1691 2032 1887 2105 gratia]
1926 2033 2224 2104 depravati.

650 2125 794 2181 Sane
822 2126 867 2181 si
911 2141 980 2180 ex
1009 2140 1273 2180 consensu
1302 2125 1533 2194 partium
1564 2124 1774 2195 judices
1800 2125 1960 2181 electi
2004 2124 2224 2191 fuerint,

650 2216 859 2271 etiamsi
889 2216 978 2271 hic
1018 2214 1199 2270 minus
1234 2215 1497 2270 habeatur
1541 2214 1727 2287 [etiam
1770 2230 1802 2270 a
1848 2217 2101 2285 pauciore
2129 2232 2230 2271 nu-

649 2322 816 2372 mero,
842 2320 1002 2377 quam
1027 2306 1380 2361 constitutum
1420 2314 1524 2372 est,
1551 2322 1659 2361 non
1699 2307 1859 2362 liceat
1886 2308 2225 2381 provocari],

650 2406 794 2456 recte
820 2396 887 2452 ad
917 2397 1314 2454 accusationem
1344 2413 1452 2455 non
1472 2398 1778 2454 admittitur
1804 2400 1897 2469 qui
1917 2414 2232 2456 excommu-

651 2493 864 2550 nicatus
890 2501 994 2549 est.

1306 2585 1445 2641 Αἶγα
1472 2586 1578 2640 2b.

716 2678 923 2735 Liberti
945 2693 1053 2734 non
1074 2677 1447 2743 admittantur,
1462 2686 1521 2732 ut
1541 2677 1787 2733 dominos
1806 2692 1932 2733 suos
1952 2682 2226 2743 accusent,

634 2786 747 2826 'nec
769 2784 960 2826 omnes
986 2784 1124 2838 quos
1151 2769 1219 2824 ad
1244 2767 1547 2823 accusanda
1570 2768 1796 2822 crimina
1826 2767 2058 2837 publicae
2086 2766 2231 2838 leges
2266 2764 2273 2768 ’

649 2880 756 2920 non
782 2864 1096 2926 admittunt,
1127 2870 1181 2916 et
1204 2875 1394 2917 omnes
1421 2861 1587 2915 etiam
1609 2875 1746 2930 quos
1772 2859 1987 2914 infamis
2018 2859 2230 2915 macula

649 2956 906 3027 aspersit,
935 2954 990 3009 id
1029 2960 1111 3007 est
1156 2949 1509 3023 [histriones]
1543 2950 1968 3021 turpitudinibus
1999 2950 2229 3020 subjecti

649 3047 927 3120 [subjectaa
953 3043 1253 3117 personae];
1294 3059 1397 3099 nec
1422 3043 1686 3107 hazretici,
1716 3043 1829 3097 sive
1870 3044 2102 3114 pagani,
2136 3051 2230 3097 aut

650 3135 838 3197 Iudaei.
862 3138 969 3195 Sed
1013 3146 1193 3193 tamen
1216 3134 1400 3210 (ναν.)
1427 3137 1484 3191 in
1509 3135 1688 3191 causis
1710 3135 1945 3205 propriis
1969 3135 2221 3191 omnibus

649 3233 979 3306 permittitur
1002 3246 1279 3296 accusare,
1309 3231 1474 3285 etiam
1499 3229 1606 3285 illis
1648 3231 1843 3299 quibus
1886 3230 2103 3285 aliunde
2127 3232 2225 3289 de-

650 3332 874 3396 negatur
898 3321 1184 3379 accusandi
1222 3318 1470 3375 facultas.
1503 3316 1657 3390 (Can.
1683 3317 1761 3387 '5.)
1790 3317 2226 3390 Quotiescunque

649 3416 859 3474 clericis
884 3414 974 3487 [ab
993 3409 1418 3483 accusatoribus]
1437 3409 1603 3465 multa
1623 3408 1952 3477 objiciuntur
1973 3411 2219 3477 crimina,

648 3517 704 3563 et
730 3520 898 3561 unum
926 3502 1006 3576 [et
1033 3515 1201 3556 unum
1237 3515 1304 3556 ex
1333 3500 1418 3555 his
1443 3500 1509 3555 de
1534 3514 1643 3570 quo
1666 3500 1819 3571 prius
1842 3500 2056 3573 egerit],
2082 3500 2227 3571 quod

647 3597 878 3667 primum
923 3597 1269 3649 accusatores
1309 3589 1708 3661 proposuerint,
1739 3591 1974 3659 probare
2001 3606 2107 3645 non
2136 3607 2227 3661 po-

649 3687 873 3751 tuerint,
901 3686 970 3739 ad
990 3693 1185 3740 caetera
1212 3681 1517 3736 nullatenus
1543 3678 1673 3751 [jam
1695 3679 1825 3752 non]
1849 3681 2224 3737 admittantur.

647 3778 857 3835 Testes
884 3785 1067 3832 autem
1096 3775 1174 3830 illi
1202 3790 1311 3829 non
1340 3773 1693 3843 recipiantur,
1717 3773 1807 3842 qui
1839 3774 1905 3828 ad
1931 3777 2230 3831 accusatio-

648 3885 773 3926 nem
800 3868 1010 3924 admitti
1037 3867 1395 3938 prohibentur
1422 3864 1546 3936 [nec
1567 3864 1635 3917 ad
1663 3865 2063 3919 accusationem
2091 3881 2231 3935 prm~

648 3962 790 4033 cepti
833 3958 1013 4032 sunt];
1058 3973 1159 4014 nec
1187 3959 1225 4013 ii
1252 3973 1390 4028 quos
1424 3965 1708 4012 accusator
1750 3956 1816 4011 de
1844 3957 2004 4013 domo
2033 3973 2128 4013 sua
2159 3959 2228 4013 ad

650 4053 1017 4110 testimonium
1051 4050 1364 4116 adduxerit,
1400 4063 1576 4119 neque
1612 4045 1794 4120 (ναν.)
1835 4048 1910 4104 illi
1951 4050 2042 4120 qui
2088 4050 2227 4106 infra

648 4162 820 4209 annos
845 4145 1253 4219 quatuordecim
1281 4152 1428 4202 sunt.

1303 4238 1442 4295 Era
1470 4239 1572 4294 ὗε.

714 4334 1011 4390 Accusatus
1042 4332 1126 4388 vel
1168 4337 1469 4395 accusator,
1497 4329 1541 4383 si
1574 4328 1627 4382 in
1664 4343 1731 4384 eo
1758 4326 1878 4383 loco
1908 4325 2092 4400 (ναν.)
2134 4331 2226 4381 ubi

638 4439 808 4480 causa
837 4424 1091 4495 agitatur,
1123 4421 1314 4477 metuit
1341 4420 1574 4489 aliquam
1599 4418 1710 4472 vim
1736 4418 2066 4490 [temerariae
2089 4419 2227 4473 mul-
2256 4439 2306 4500 ι)

647 4515 946 4587 titudinis],
980 4514 1155 4569 locum
1183 4513 1286 4568 sibi
1321 4511 1482 4582 eligat
1518 4510 1848 4581 proximum,
1876 4526 1983 4581 quo
2011 4527 2118 4567 non
2157 4514 2228 4567 sit

643 4605 862 4664 ditlicile
886 4614 1049 4662 testes
1072 4604 1402 4675 producere;
1428 4611 1483 4657 et
1510 4602 1583 4657 ibi
1614 4617 1779 4657 causa
1806 4602 2049 4657 finiatur.

1285 4692 1425 4749 [Era
1453 4694 1523 4749 50
1546 4692 1595 4748 ἀ.
1643 4702 1695 4707 ”

717 4790 1027 4848 Catholicus
1063 4789 1155 4859 qui
1185 4802 1406 4844 causam
1453 4801 1605 4841 suam
1646 4785 1832 4858 [Add.,
1870 4786 2227 4855 sive‘justam

648 4884 761 4940 sive
787 4882 1065 4956 injustam]
1086 4882 1153 4937 ad
1176 4881 1439 4951 judicium
1464 4879 1659 4950 iudicis
1681 4878 1926 4951 [alterius
1947 4879 2095 4937 fideil
2120 4896 2229 4936 non

649 4974 897 5031 catholici
924 4981 1203 5046 provocat,
1234 4969 1749 5029 excommunicetur.

720 5163 745 5190 ι
785 5149 951 5205 Cone.
979 5148 1164 5204 Carth.
1193 5164 1285 5213 ut,
1310 5163 1360 5203 c.
1385 5148 1453 5214 2;
1485 5149 1605 5203 cod.
1633 5163 1752 5202 can.
1783 5164 1833 5203 c.
1864 5149 1949 5203 IS.

719 5222 749 5260 δ
788 5220 953 5276 Cone.
999 5218 1187 5277 Carth.
1210 5234 1307 5284 vn,
1336 5234 1385 5275 c.
1405 5219 1471 5286 2;
1503 5233 1655 5273 conc.
1695 5218 1862 5275 Afric.
1897 5220 2072 5286 c.~96.;
2105 5221 2226 5276 cod.

646 5290 796 5350 Eccl.
828 5289 997 5347 Afric.
1027 5304 1077 5344 c.
1106 5291 1229 5346 119.
1431 5332 1437 5337 .
1552 5333 1556 5337 ,
1656 5336 1659 5337 ,
1980 5302 1983 5305 ν

723 5374 747 5402 ο
787 5360 918 5416 Cod.
949 5374 1069 5415 can.
1098 5360 1306 5415 Eccles.
1333 5358 1577 5416 African.
1608 5373 1657 5413 c.
1685 5359 1775 5413 '50.
1826 5411 1828 5413 ,
1936 5392 1939 5397 ι
2060 5371 2083 5397 ί
2125 5405 2132 5412 .

719 5431 745 5472 «1
786 5430 862 5500 Id.
890 5430 944 5485 in
968 5429 1088 5485 cod.
1115 5430 1274 5500 Barb.
1304 5430 1470 5484 Conc.
1497 5445 1550 5483 iv
1575 5428 1832 5500 Carthag.
1861 5445 1910 5485 c.
1936 5434 2025 5488 87.
2120 5453 2146 5486 .·
2190 5480 2197 5487 .

724 5516 749 5542 ε
784 5499 865 5555 Id.
894 5501 948 5555 in
971 5499 1091 5554 cod.
1110 5498 1275 5554 Barb.
1300 5500 1468 5554 Cone.
1494 5514 1545 5553 tv
1571 5498 1758 5554 Carth.
1786 5498 1834 5555 c.
1860 5501 1946 5555 58.

653 5570 670 5697 ί
711 5573 742 5694 li
789 5570 908 5627 Vid.
940 5569 1069 5641 Cap.
1095 5569 1317 5625 Adriani
1336 5570 1353 5624 ι
1374 5569 1711 5641 lngclramno
1740 5570 1863 5626 data
1884 5587 2002 5642 cap.
2023 5574 2231 5646 l7pau-

675 5660 707 5695 u
731 5657 821 5695 um
848 5656 964 5694 var.

675 5656 821 5695 ulum
848 5656 964 5694 var.

724 5713 749 5757 ε
785 5708 881 5771 ilic
908 5710 1054 5766 locus
1083 5711 1282 5769 citatur
1304 5722 1518 5781 quooue
1543 5711 1610 5765 ab
1641 5710 1874 5780 Egberto
1900 5711 2227 5770 Eboracensi

2253 3091 2303 3156 (Ξ

2327 1864 2667 1931 damnentur,
2695 1867 2797 1921 nisi
2829 1868 2885 1923 in
2912 1868 2943 1921 7
2969 1870 3300 1925 testimonia.

2650 1957 2832 2013 Canon
2863 1958 3319 2027 Chalcedonensis,
3352 1984 3452 2021 trra
3474 1969 3548 2023 52.

2395 2046 2425 2087 ιι
2456 2045 2691 2103 Clericos
2719 2057 2811 2102 aut
2839 2049 3006 2107 laicos
3034 2063 3352 2111 accusantes
3374 2058 3605 2129 episcopos
3627 2062 3685 2116 vel
3703 2063 3778 2118 cle-

2324 2137 2491 2202 ricos,
2516 2139 2718 2208 passim
2743 2148 2798 2195 et
2822 2142 2938 2196 sine
2963 2143 3283 2212 probatione
3305 2149 3369 2203 ad
3395 2151 3693 2206 accusationem
3713 2169 3773 2207 re-

2327 2228 2432 2299 cipi
2463 2244 2569 2284 non
2600 2230 2818 2297 debere,
2843 2233 2945 2287 nisi
2973 2235 3124 2304 prius
3156 2239 3463 2294 discutiatur
3484 2239 3776 2298 existimationis

2327 2320 2528 2391 Opinio.
2566 2323 2581 2363 ί
2613 2321 2845 2389 Placuit,
2882 2333 2942 2379 ut
2968 2341 3189 2398 semper
3229 2331 3282 2385 in
3317 2335 3608 2390 accusatione
3628 2336 3782 2390 clerico-

2329 2427 2447 2467 rum
2474 2413 2606 2468 fides
2628 2422 2684 2468 et
2710 2415 2821 2469 vita
2850 2416 3333 2488 blasphemantium
3360 2434 3673 2494 perscrutetur.
3690 2424 3783 2479 Nam

2330 2500 2513 2556 ﬁdeles
2542 2517 2731 2558 omnes
2771 2514 2924 2560 actus
2969 2508 3210 2566 hominis
3234 2512 3388 2568 debet
3420 2515 3681 2585 praecedere,
3700 2516 3783 2585 quia

2329 2591 2523 2647 dubius
2549 2593 2604 2647 in
2642 2592 2745 2654 fide
2778 2595 3026 2652 infidelis.
3058 2598 3171 2655 Nec
3214 2602 3294 2657 eis
3335 2605 3529 2659 omnino
3551 2605 3787 2660 estcreden-

2329 2678 2457 2738 dum
2483 2684 2573 2753 qui
2610 2694 2703 2739 aut
2729 2688 2973 2745 veritatis
3000 2688 3164 2746 ﬁdem
3193 2690 3450 2765 ignorant,
3474 2706 3553 2751 aut
3578 2712 3659 2751 non
3690 2705 3788 2749 recte

2330 2774 2756 2831 conversationis
2779 2777 3002 2845 ducunt,
3032 2783 3290 2850 quoniam
3320 2784 3443 2840 tales
3465 2784 3593 2840 facile
3615 2794 3657 2840 et
3680 2782 3787 2839 indif-

2332 2864 2569 2922 ferenter
2614 2867 2857 2925 lacerant
2899 2879 2956 2926 et
2990 2874 3354 2932 criminantur
3395 2888 3525 2933 recte
3560 2879 3706 2948 pieque
3733 2875 3787 2930 vi-

2330 2967 2539 3016 ventes.

2974 3057 3049 3111 1E
3057 3076 3111 3113 ra
3161 3061 3252 3116 35.

2400 3168 2414 3217 i
2463 3166 2533 3224 Ut
2558 3168 2737 3226 nullus
2756 3169 2919 3240 judex
2952 3186 3127 3243 neque
3169 3177 3538 3249 presbyterum,
3568 3191 3699 3247 neque
3712 3175 3789 3230 dia-

2327 3274 2521 3314 conum
2548 3260 2632 3315 vel
2660 3261 2934 3328 clericum,
2968 3279 3032 3320 ac
3065 3262 3317 3332 juniores
3360 3268 3576 3323 ecclesia:
3596 3267 3684 3322 sine
3703 3278 3788 3319 om-

2327 3352 2553 3407 scientia
2586 3354 2856 3422 pontificis
2898 3370 2999 3425 per
3039 3373 3098 3413 se
3144 3359 3445 3432 distringat,
3493 3368 3574 3414 aut
3619 3358 3791 3413 damnare

2329 3454 2639 3515 praesumat.
2712 3447 2865 3515 Quod
2896 3449 2958 3503 -si
3001 3449 3234 3517 fecerit,
3283 3454 3351 3508 ab
3389 3453 3591 3508 ecclesia
3611 3451 3674 3507 cui
3700 3449 3792 3503 irro-

2329 3552 2457 3607 gare
2507 3537 2757 3606 iizjuriam
2808 3539 3146 3611 dignoscitur
3173 3584 3191 3608 ,
3242 3545 3419 3598 tandiu
3466 3545 3529 3599 sit
3579 3548 3793 3612 sequestra-

2329 3636 2418 3685 tus
2442 3669 2457 3693 ,
2511 3615 2748 3699 quandiu
2816 3639 2996 3688 reatus
3047 3631 3130 3687 sui
3184 3635 3525 3690 temeritatem
3560 3632 3736 3704 corrigat
3761 3633 3794 3679 et

2330 3720 2601 3777 emendet.

2925 3812 3153 3870 CAPUT
3182 3816 3316 3871 XLI.

2330 3941 2396 3982 DE
2434 3941 2676 3982 CLEBICIS
2714 3942 3007 3991 USURARIIS,
3048 3944 3116 3982 ET
3155 3945 3407 3994 EBIIIOSIS,
3445 3945 3507 3983 ΕΤ
3542 3937 3797 3983 ειυωιῖεεοιι·

2402 4013 2525 4053 Βυδε
2584 4012 2793 4051 CONTRA
2831 4013 3114 4063 CONV’IVIA,
3178 4016 3280 4055 νει.
3318 4012 3729 4058 εΑΝτιωοτυιιριΑ,
3754 4006 3798 4045 ET

2401 4083 2526 4122 ALIA
2564 4083 2734 4123 PLURA
2767 4084 2852 4123 IIIS
2886 4084 3107 4123 SIHILIA.

2743 4178 2924 4234 Conon
2953 4179 3233 4247 Nicotaus,
3284 4199 3390 4237 mra
3413 4163 3497 4236 19.

2404 4293 2429 4332 li
2467 4292 2536 4347 Et
2560 4306 2627 4348 ne
2654 4292 2777 4363 quis
2797 4292 3026 4348 clericus
3046 4309 3244 4350 usuras
3267 4294 3501 4364 accipiat,
3527 4302 3606 4346 aut
3625 4279 3803 4343 frumenti

2330 4381 2414 4436 vel
2442 4382 2553 4435 vini
2583 4381 3003 4451 ampliationem,
3041 4381 3211 4455 [quod
3240 4383 3395 4458 solet]
3435 4385 3486 4438 in
3527 4395 3642 4436 novo
3681 4376 3804 4430 datum

2331 4473 2643 4543 sescuplum
2674 4473 2755 4528 vel
2782 4473 3000 4544 duplum
3030 4476 3218 4547 recipi.
3272 4477 3420 4543 Quod
3459 4478 3501 4531 si
3539 4471 3706 4539 fecerit,
3726 4476 3805 4521 1³η·

2330 4580 2493 4637 quam
2517 4565 2685 4633 turpis
2705 4564 2840 4619 lucri
2866 4580 3016 4620 reum
3038 4565 3415 4635 abjiciendum.

2687 4678 2869 4733 Conon
2893 4678 3237 4746 Arelatensis,
3277 4698 3384 4736 tera
3417 4682 3477 4737 I9
3503 4679 3543 4744 ¹,

2403 4793 2679 4849 Ministros
2723 4792 2833 4865 [De
2876 4792 3175 4866 ministris]
3231 4796 3322 4865 qui
3368 4792 3625 4853 fenerant,
3671 4782 3807 4859 placuit

2324 4889 2483 4959 juxta
2531 4888 2758 4945 formam
2805 4888 3063 4945 divinitus
3104 4890 3283 4966 datam
3315 4906 3346 4945 a
3375 4886 3701 4947 communione
3729 4878 3808 4934 abs;

2333 4979 2512 5036 tineri.
2798 4991 2803 4995 ·
2956 4992 2963 4995 ‘

2331 5156 2482 5227 arch.
2528 5155 2583 5210 in
2611 5165 2850 5227 excerpt.
2901 5159 3031 5221 H2,
3061 5168 3115 5212 et
3150 5159 3202 5213 in
3233 5159 3351 5214 cod.
3402 5176 3496 5214 ms.
3538 5153 3806 5227 capitulorum]

2333 5226 2620 5300 Theodori.
2640 5217 2977 5300 Vim-supra.
3007 5217 3237 5300 Capitul.
3270 5231 3305 5283 l.
3335 5247 3386 5295 γ,
3417 5246 3461 5297 e.
3488 5217 3718 5300 159,'ctin
3736 5217 3803 5274 εει

2330 5297 2553 5370 Adriani
2572 5297 2612 5370 l,
2637 5297 2973 5370 Ingelranino
2994 5297 3152 5363 datis,
3170 5316 3286 5370 cap.
3305 5300 3388 5370 72.
3406 5301 3514 5356 Vid.
3531 5298 3805 5369 Ilincmamﬂl-

2403 5368 2429 5442 l1
2471 5365 2757 5442 Ijaululuit}
2781 5368 2960 5424 diﬂ‘ert
2978 5370 3051 5425 ab
3078 5365 3354 5440 interpret.
3384 5366 3580 5442 Diopng
3666 5392 3671 5403 τ

2409 5435 2676 5513 [fluitem
2705 5438 2956 5513 desunt._
3217 5435 3234 5440 ⁷
3314 5458 3331 5507 ξ
3654 5465 3666 5495 ς

2407 5505 2421 5557 i
2472 5505 2605 5576 Vide
2643 5523 2796 5563 conc.
2834 5510 2979 5563 Arcl.
3011 5526 3062 5576 v,
3094 5526 3141 5566 c.
3174 5512 3255 5566 N.

2406 5576 2429 5647 ιι
2468 5575 2753 5647 Interpret.
2790 5579 2914 5634 Ruf.
3020 5586 3027 5593 ’

2412 5646 2427 5685 ι
2471 5646 2635 5718 Cone.
2667 5648 2816 5704 Arei.
2852 5666 2889 5716 ι,
2915 5667 2962 5705 c.
2994 5653 3076 5709 12.
