  <div class='ocr_page' id='page_1' title='image "/cluster/home/n/w/nwhite01/storage/ocr_20150623/99/hvd.32044015466790/565.png"; bbox 0 0 4020 6360; ppageno 0'>
   <div class='ocr_carea' id='block_1_1' title="bbox 625 408 767 471">
    <p class='ocr_par' dir='ltr' id='par_1_1' title="bbox 625 408 767 471">
     <span class='ocr_line' id='line_1_1' title="bbox 625 408 767 471; baseline 0.021 -4"><span class='ocrx_word' id='word_1_1' title='bbox 625 408 767 471; x_wconf 65' lang='lat'><strong>£045,</strong></span> 
     </span>
    </p>
   </div>
   <div class='ocr_carea' id='block_1_2' title="bbox 571 506 1773 595">
    <p class='ocr_par' dir='ltr' id='par_1_2' title="bbox 571 506 1773 595">
     <span class='ocr_line' id='line_1_2' title="bbox 571 506 1773 595; baseline -0.013 -20"><span class='ocrx_word' id='word_1_2' title='bbox 571 592 574 595; x_wconf 19' lang='grc' dir='ltr'><em>η</em></span> <span class='ocrx_word' id='word_1_3' title='bbox 1029 514 1211 569; x_wconf 86' lang='lat' dir='ltr'><strong>Canon</strong></span> <span class='ocrx_word' id='word_1_4' title='bbox 1230 510 1555 583; x_wconf 78' lang='lat' dir='ltr'><strong>Agathensis,</strong></span> <span class='ocrx_word' id='word_1_5' title='bbox 1588 523 1697 562; x_wconf 70' lang='lat' dir='ltr'><strong>trra</strong></span> <span class='ocrx_word' id='word_1_6' title='bbox 1720 506 1773 561; x_wconf 91' lang='lat'><strong>8.</strong></span> 
     </span>
    </p>
   </div>
   <div class='ocr_carea' id='block_1_3' title="bbox 586 592 2191 684">
    <p class='ocr_par' dir='ltr' id='par_1_3' title="bbox 586 592 2191 684">
     <span class='ocr_line' id='line_1_3' title="bbox 586 592 2191 684; baseline -0.011 -21"><span class='ocrx_word' id='word_1_7' title='bbox 586 660 587 663; x_wconf 44' lang='grc' dir='ltr'><strong>η</strong></span> <span class='ocrx_word' id='word_1_8' title='bbox 694 608 849 684; x_wconf 86' lang='lat' dir='ltr'><strong>[Item</strong></span> <span class='ocrx_word' id='word_1_9' title='bbox 873 604 1078 677; x_wconf 84' lang='lat' dir='ltr'><strong>placuit</strong></span> <span class='ocrx_word' id='word_1_10' title='bbox 1097 602 1179 677; x_wconf 92' lang='lat' dir='ltr'><strong>ut]</strong></span> <span class='ocrx_word' id='word_1_11' title='bbox 1199 599 1519 666; x_wconf 88' lang='lat' dir='ltr'><strong>Clericus,si</strong></span> <span class='ocrx_word' id='word_1_12' title='bbox 1546 597 1736 653; x_wconf 91' lang='lat' dir='ltr'><strong>relicto</strong></span> <span class='ocrx_word' id='word_1_13' title='bbox 1749 592 1924 650; x_wconf 83' lang='lat' dir='ltr'><strong>cilicio</strong></span> <span class='ocrx_word' id='word_1_14' title='bbox 1946 607 2045 649; x_wconf 91' lang='lat' dir='ltr'><strong>suo</strong></span> <span class='ocrx_word' id='word_1_15' title='bbox 2063 606 2191 663; x_wconf 83' lang='lat' dir='ltr'><strong>pro-</strong></span> 
     </span>
    </p>
   </div>
   <div class='ocr_carea' id='block_1_4' title="bbox 621 680 2192 776">
    <p class='ocr_par' dir='ltr' id='par_1_4' title="bbox 621 680 2192 776">
     <span class='ocr_line' id='line_1_4' title="bbox 621 680 2192 776; baseline -0.015 -18"><span class='ocrx_word' id='word_1_16' title='bbox 621 680 743 776; x_wconf 77' lang='lat' dir='ltr'><strong>pter</strong></span> <span class='ocrx_word' id='word_1_17' title='bbox 770 695 1181 757; x_wconf 86' lang='lat' dir='ltr'><strong>districtionem,</strong></span> <span class='ocrx_word' id='word_1_18' title='bbox 1207 692 1274 746; x_wconf 90' lang='lat' dir='ltr'><strong>ad</strong></span> <span class='ocrx_word' id='word_1_19' title='bbox 1302 688 1614 746; x_wconf 65' lang='lat' dir='ltr'><strong>saecularem</strong></span> <span class='ocrx_word' id='word_1_20' title='bbox 1640 681 1919 762; x_wconf 74' lang='lat' dir='ltr'><strong>[iudicem]</strong></span> <span class='ocrx_word' id='word_1_21' title='bbox 1939 680 2192 759; x_wconf 81' lang='lat' dir='ltr'><strong>confuge-</strong></span> 
     </span>
    </p>
   </div>
   <div class='ocr_carea' id='block_1_5' title="bbox 620 770 2192 860">
    <p class='ocr_par' dir='ltr' id='par_1_5' title="bbox 620 770 2192 860">
     <span class='ocr_line' id='line_1_5' title="bbox 620 770 2192 860; baseline -0.013 -16"><span class='ocrx_word' id='word_1_22' title='bbox 620 770 716 855; x_wconf 74' lang='lat' dir='ltr'><strong>rit,</strong></span> <span class='ocrx_word' id='word_1_23' title='bbox 734 796 791 844; x_wconf 90' lang='lat' dir='ltr'><strong>et</strong></span> <span class='ocrx_word' id='word_1_24' title='bbox 818 787 890 860; x_wconf 90' lang='lat' dir='ltr'><strong>[is</strong></span> <span class='ocrx_word' id='word_1_25' title='bbox 908 786 975 842; x_wconf 92' lang='lat' dir='ltr'><strong>ad</strong></span> <span class='ocrx_word' id='word_1_26' title='bbox 999 799 1159 855; x_wconf 85' lang='lat' dir='ltr'><strong>quem</strong></span> <span class='ocrx_word' id='word_1_27' title='bbox 1186 778 1508 855; x_wconf 75' lang='lat' dir='ltr'><strong>confugerit]</strong></span> <span class='ocrx_word' id='word_1_28' title='bbox 1532 778 1622 834; x_wconf 90' lang='lat' dir='ltr'><strong>ille</strong></span> <span class='ocrx_word' id='word_1_29' title='bbox 1660 774 1909 832; x_wconf 76' lang='lat' dir='ltr'><strong>solatium</strong></span> <span class='ocrx_word' id='word_1_30' title='bbox 1935 772 1984 828; x_wconf 89' lang='lat' dir='ltr'><strong>ei</strong></span> <span class='ocrx_word' id='word_1_31' title='bbox 2009 770 2192 825; x_wconf 62' lang='lat' dir='ltr'><strong>defenv</strong></span> 
     </span>
    </p>
   </div>
   <div class='ocr_carea' id='block_1_6' title="bbox 620 858 2188 946">
    <p class='ocr_par' dir='ltr' id='par_1_6' title="bbox 620 858 2188 946">
     <span class='ocr_line' id='line_1_6' title="bbox 620 858 2188 946; baseline -0.013 -12"><span class='ocrx_word' id='word_1_32' title='bbox 620 878 790 937; x_wconf 90' lang='lat' dir='ltr'><strong>sionis</strong></span> <span class='ocrx_word' id='word_1_33' title='bbox 821 858 1187 946; x_wconf 66' lang='lat' dir='ltr'><strong>impenderit,</strong></span> <span class='ocrx_word' id='word_1_34' title='bbox 1238 886 1363 928; x_wconf 92' lang='lat' dir='ltr'><strong>cum</strong></span> <span class='ocrx_word' id='word_1_35' title='bbox 1385 870 1576 926; x_wconf 89' lang='lat' dir='ltr'><strong>eodem</strong></span> <span class='ocrx_word' id='word_1_36' title='bbox 1613 882 1647 923; x_wconf 91' lang='lat' dir='ltr'><strong>a</strong></span> <span class='ocrx_word' id='word_1_37' title='bbox 1673 863 2051 923; x_wconf 90' lang='lat' dir='ltr'><strong>communione</strong></span> <span class='ocrx_word' id='word_1_38' title='bbox 2094 858 2188 919; x_wconf 81' lang='lat' dir='ltr'><strong>Ec-</strong></span> 
     </span>
    </p>
   </div>
   <div class='ocr_carea' id='block_1_7' title="bbox 623 969 1063 1045">
    <p class='ocr_par' dir='ltr' id='par_1_7' title="bbox 623 969 1063 1045">
     <span class='ocr_line' id='line_1_7' title="bbox 623 969 1063 1045; baseline -0.02 -14"><span class='ocrx_word' id='word_1_39' title='bbox 623 972 799 1031; x_wconf 76' lang='lat' dir='ltr'><strong>clesia:</strong></span> <span class='ocrx_word' id='word_1_40' title='bbox 815 969 1063 1045; x_wconf 81' lang='lat' dir='ltr'><strong>pellatur.</strong></span> 
     </span>
    </p>
   </div>
   <div class='ocr_carea' id='block_1_8' title="bbox 764 1046 1815 1117">
    <p class='ocr_par' dir='ltr' id='par_1_8' title="bbox 764 1046 1815 1117">
     <span class='ocr_line' id='line_1_8' title="bbox 764 1046 1815 1117; baseline -0.01 0"><span class='ocrx_word' id='word_1_41' title='bbox 764 1114 765 1117; x_wconf 44' lang='grc' dir='ltr'><strong>η</strong></span> <span class='ocrx_word' id='word_1_42' title='bbox 980 1069 1010 1099; x_wconf 74' lang='grc' dir='ltr'><strong>ι</strong></span> <span class='ocrx_word' id='word_1_43' title='bbox 1039 1057 1219 1113; x_wconf 82' lang='lat' dir='ltr'><strong>Conon</strong></span> <span class='ocrx_word' id='word_1_44' title='bbox 1239 1051 1701 1117; x_wconf 75' lang='lat' dir='ltr'><strong>Maticensis,.a:ra</strong></span> <span class='ocrx_word' id='word_1_45' title='bbox 1728 1046 1815 1106; x_wconf 78' lang='grc'><strong>10.</strong></span> 
     </span>
    </p>
   </div>
   <div class='ocr_carea' id='block_1_9' title="bbox 692 1130 2190 1217">
    <p class='ocr_par' dir='ltr' id='par_1_9' title="bbox 692 1130 2190 1217">
     <span class='ocr_line' id='line_1_9' title="bbox 692 1130 2190 1217; baseline -0.015 -8"><span class='ocrx_word' id='word_1_46' title='bbox 692 1150 764 1209; x_wconf 91' lang='lat' dir='ltr'><strong>Ut</strong></span> <span class='ocrx_word' id='word_1_47' title='bbox 780 1150 999 1206; x_wconf 82' lang='lat' dir='ltr'><strong>ordines</strong></span> <span class='ocrx_word' id='word_1_48' title='bbox 1044 1145 1396 1206; x_wconf 79' lang='lat' dir='ltr'><strong>ecclesiastici</strong></span> <span class='ocrx_word' id='word_1_49' title='bbox 1424 1139 1749 1217; x_wconf 74' lang='lat' dir='ltr'><strong>[presbyteri</strong></span> <span class='ocrx_word' id='word_1_50' title='bbox 1770 1180 1786 1203; x_wconf 90' lang='lat'><strong>,</strong></span> <span class='ocrx_word' id='word_1_51' title='bbox 1815 1134 2051 1201; x_wconf 86' lang='lat' dir='ltr'><strong>diaconi,</strong></span> <span class='ocrx_word' id='word_1_52' title='bbox 2104 1130 2190 1188; x_wconf 91' lang='lat' dir='ltr'><strong>vel</strong></span> 
     </span>
    </p>
   </div>
   <div class='ocr_carea' id='block_1_10' title="bbox 619 1224 2191 1317">
    <p class='ocr_par' dir='ltr' id='par_1_10' title="bbox 619 1224 2191 1317">
     <span class='ocr_line' id='line_1_10' title="bbox 619 1224 2191 1317; baseline -0.014 -18"><span class='ocrx_word' id='word_1_53' title='bbox 619 1242 862 1317; x_wconf 90' lang='lat' dir='ltr'><strong>quolibet</strong></span> <span class='ocrx_word' id='word_1_54' title='bbox 885 1241 1073 1296; x_wconf 83' lang='lat' dir='ltr'><strong>ordine</strong></span> <span class='ocrx_word' id='word_1_55' title='bbox 1110 1235 1316 1309; x_wconf 85' lang='lat' dir='ltr'><strong>clerici]</strong></span> <span class='ocrx_word' id='word_1_56' title='bbox 1346 1236 1377 1277; x_wconf 74' lang='grc' dir='ltr'><strong>ιι</strong></span> <span class='ocrx_word' id='word_1_57' title='bbox 1402 1238 1478 1289; x_wconf 90' lang='lat' dir='ltr'><strong>ita</strong></span> <span class='ocrx_word' id='word_1_58' title='bbox 1510 1233 1764 1304; x_wconf 86' lang='lat' dir='ltr'><strong>episcopo</strong></span> <span class='ocrx_word' id='word_1_59' title='bbox 1787 1243 1886 1284; x_wconf 91' lang='lat' dir='ltr'><strong>suo</strong></span> <span class='ocrx_word' id='word_1_60' title='bbox 1909 1224 2191 1282; x_wconf 73' lang='lat' dir='ltr'><strong>devotione</strong></span> 
     </span>
    </p>
   </div>
   <div class='ocr_carea' id='block_1_11' title="bbox 619 1313 2191 1402">
    <p class='ocr_par' dir='ltr' id='par_1_11' title="bbox 619 1313 2191 1402">
     <span class='ocr_line' id='line_1_11' title="bbox 619 1313 2191 1402; baseline -0.013 -12"><span class='ocrx_word' id='word_1_61' title='bbox 619 1313 936 1390; x_wconf 72' lang='lat' dir='ltr'><strong>obedientize</strong></span> <span class='ocrx_word' id='word_1_62' title='bbox 956 1331 1282 1402; x_wconf 84' lang='lat' dir='ltr'><strong>subjaceant,</strong></span> <span class='ocrx_word' id='word_1_63' title='bbox 1309 1336 1367 1383; x_wconf 91' lang='lat' dir='ltr'><strong>ut</strong></span> <span class='ocrx_word' id='word_1_64' title='bbox 1392 1339 1500 1382; x_wconf 88' lang='lat' dir='ltr'><strong>non</strong></span> <span class='ocrx_word' id='word_1_65' title='bbox 1520 1324 1646 1380; x_wconf 89' lang='lat' dir='ltr'><strong>alibi</strong></span> <span class='ocrx_word' id='word_1_66' title='bbox 1672 1322 1786 1377; x_wconf 90' lang='lat' dir='ltr'><strong>dies</strong></span> <span class='ocrx_word' id='word_1_67' title='bbox 1813 1319 2056 1381; x_wconf 90' lang='lat' dir='ltr'><strong>feriatos,</strong></span> <span class='ocrx_word' id='word_1_68' title='bbox 2084 1313 2191 1370; x_wconf 92' lang='lat' dir='ltr'><strong>nisi</strong></span> 
     </span>
    </p>
   </div>
   <div class='ocr_carea' id='block_1_12' title="bbox 621 1403 2192 1494">
    <p class='ocr_par' dir='ltr' id='par_1_12' title="bbox 621 1403 2192 1494">
     <span class='ocr_line' id='line_1_12' title="bbox 621 1403 2192 1494; baseline -0.013 -15"><span class='ocrx_word' id='word_1_69' title='bbox 621 1425 678 1484; x_wconf 88' lang='lat' dir='ltr'><strong>in</strong></span> <span class='ocrx_word' id='word_1_70' title='bbox 696 1423 815 1494; x_wconf 84' lang='lat' dir='ltr'><strong>ejus</strong></span> <span class='ocrx_word' id='word_1_71' title='bbox 840 1421 1121 1493; x_wconf 86' lang='lat' dir='ltr'><strong>obsequio,</strong></span> <span class='ocrx_word' id='word_1_72' title='bbox 1143 1419 1303 1474; x_wconf 89' lang='lat' dir='ltr'><strong>liceat</strong></span> <span class='ocrx_word' id='word_1_73' title='bbox 1329 1424 1531 1477; x_wconf 85' lang='lat' dir='ltr'><strong>tenere.</strong></span> <span class='ocrx_word' id='word_1_74' title='bbox 1580 1412 1651 1475; x_wconf 77' lang='lat' dir='ltr'><strong>Et</strong></span> <span class='ocrx_word' id='word_1_75' title='bbox 1674 1410 1768 1482; x_wconf 90' lang='lat' dir='ltr'><strong>qui</strong></span> <span class='ocrx_word' id='word_1_76' title='bbox 1788 1409 1892 1466; x_wconf 92' lang='lat' dir='ltr'><strong>hoc</strong></span> <span class='ocrx_word' id='word_1_77' title='bbox 1916 1407 2095 1466; x_wconf 86' lang='lat' dir='ltr'><strong>facere</strong></span> <span class='ocrx_word' id='word_1_78' title='bbox 2115 1403 2192 1463; x_wconf 65' lang='lat' dir='ltr'><strong>div</strong></span> 
     </span>
    </p>
   </div>
   <div class='ocr_carea' id='block_1_13' title="bbox 621 1514 1195 1584">
    <p class='ocr_par' dir='ltr' id='par_1_13' title="bbox 621 1514 1195 1584">
     <span class='ocr_line' id='line_1_13' title="bbox 621 1514 1195 1584; baseline -0.016 -8"><span class='ocrx_word' id='word_1_79' title='bbox 621 1515 834 1576; x_wconf 70' lang='lat' dir='ltr'><strong>stulerit</strong></span> <span class='ocrx_word' id='word_1_80' title='bbox 852 1514 1195 1584; x_wconf 80' lang='lat' dir='ltr'><strong>degradetur.</strong></span> 
     </span>
    </p>
   </div>
   <div class='ocr_carea' id='block_1_14' title="bbox 1277 1600 1531 1658">
    <p class='ocr_par' dir='ltr' id='par_1_14' title="bbox 1277 1600 1531 1658">
     <span class='ocr_line' id='line_1_14' title="bbox 1277 1600 1531 1658; baseline -0.016 1"><span class='ocrx_word' id='word_1_81' title='bbox 1277 1602 1417 1658; x_wconf 66' lang='lat' dir='ltr'><strong>zEra</strong></span> <span class='ocrx_word' id='word_1_82' title='bbox 1444 1600 1531 1656; x_wconf 78' lang='lat' dir='ltr'><strong>li.</strong></span> 
     </span>
    </p>
   </div>
   <div class='ocr_carea' id='block_1_15' title="bbox 568 1680 2191 1771">
    <p class='ocr_par' dir='ltr' id='par_1_15' title="bbox 568 1680 2191 1771">
     <span class='ocr_line' id='line_1_15' title="bbox 568 1680 2191 1771; baseline -0.015 -12"><span class='ocrx_word' id='word_1_83' title='bbox 568 1696 575 1706; x_wconf 91' lang='grc'><em>’</em></span> <span class='ocrx_word' id='word_1_84' title='bbox 691 1700 890 1758; x_wconf 85' lang='lat' dir='ltr'><strong>Omnes</strong></span> <span class='ocrx_word' id='word_1_85' title='bbox 928 1697 1110 1757; x_wconf 81' lang='lat' dir='ltr'><strong>clerici</strong></span> <span class='ocrx_word' id='word_1_86' title='bbox 1159 1693 1431 1771; x_wconf 85' lang='lat' dir='ltr'><strong>[Episcopi</strong></span> <span class='ocrx_word' id='word_1_87' title='bbox 1480 1685 1805 1762; x_wconf 77' lang='lat' dir='ltr'><strong>presbyteri,</strong></span> <span class='ocrx_word' id='word_1_88' title='bbox 1841 1683 1928 1740; x_wconf 90' lang='lat' dir='ltr'><strong>vel</strong></span> <span class='ocrx_word' id='word_1_89' title='bbox 1953 1680 2191 1738; x_wconf 83' lang='lat' dir='ltr'><strong>universi</strong></span> 
     </span>
    </p>
   </div>
   <div class='ocr_carea' id='block_1_16' title="bbox 620 1770 2194 1858">
    <p class='ocr_par' dir='ltr' id='par_1_16' title="bbox 620 1770 2194 1858">
     <span class='ocr_line' id='line_1_16' title="bbox 620 1770 2194 1858; baseline -0.017 -7"><span class='ocrx_word' id='word_1_90' title='bbox 620 1793 994 1851; x_wconf 73' lang='lat' dir='ltr'><strong>honoratiores</strong></span> <span class='ocrx_word' id='word_1_91' title='bbox 1046 1770 1262 1858; x_wconf 86' lang='lat' dir='ltr'><strong>clerici]</strong></span> <span class='ocrx_word' id='word_1_92' title='bbox 1314 1785 1407 1857; x_wconf 89' lang='lat' dir='ltr'><strong>qui</strong></span> <span class='ocrx_word' id='word_1_93' title='bbox 1456 1779 1673 1838; x_wconf 85' lang='lat' dir='ltr'><strong>sublimi</strong></span> <span class='ocrx_word' id='word_1_94' title='bbox 1701 1774 1973 1848; x_wconf 64' lang='lat' dir='ltr'><strong>sapientia:</strong></span> <span class='ocrx_word' id='word_1_95' title='bbox 2020 1770 2194 1844; x_wconf 77' lang='lat' dir='ltr'><strong>digni-</strong></span> 
     </span>
    </p>
   </div>
   <div class='ocr_carea' id='block_1_17' title="bbox 1472 388 3007 457">
    <p class='ocr_par' dir='ltr' id='par_1_17' title="bbox 1472 388 3007 457">
     <span class='ocr_line' id='line_1_17' title="bbox 1472 388 3007 457; baseline -0.009 0"><span class='ocrx_word' id='word_1_96' title='bbox 1472 396 1794 457; x_wconf 82' lang='lat' dir='ltr'><strong>CANONES</strong></span> <span class='ocrx_word' id='word_1_97' title='bbox 1831 391 2120 452; x_wconf 76' lang='lat' dir='ltr'><strong>SELECTI</strong></span> <span class='ocrx_word' id='word_1_98' title='bbox 2154 390 2250 448; x_wconf 73' lang='lat' dir='ltr'><strong>EX</strong></span> <span class='ocrx_word' id='word_1_99' title='bbox 2286 390 2444 448; x_wconf 79' lang='lat' dir='ltr'><strong>VET.</strong></span> <span class='ocrx_word' id='word_1_100' title='bbox 2475 389 2632 449; x_wconf 79' lang='lat' dir='ltr'><strong>CAN.</strong></span> <span class='ocrx_word' id='word_1_101' title='bbox 2671 388 3007 449; x_wconf 77' lang='lat' dir='ltr'><strong>COLLECT.</strong></span> 
     </span>
    </p>
   </div>
   <div class='ocr_carea' id='block_1_18' title="bbox 2207 496 3865 572">
    <p class='ocr_par' dir='ltr' id='par_1_18' title="bbox 2207 496 3865 572">
     <span class='ocr_line' id='line_1_18' title="bbox 2207 496 3865 572; baseline -0.001 -16"><span class='ocrx_word' id='word_1_102' title='bbox 2207 503 2264 563; x_wconf 72' lang='grc' dir='ltr'><strong>Α</strong></span> <span class='ocrx_word' id='word_1_103' title='bbox 2355 499 2384 541; x_wconf 73' lang='grc' dir='ltr'><strong>ιι</strong></span> <span class='ocrx_word' id='word_1_104' title='bbox 2422 500 2481 556; x_wconf 88' lang='lat' dir='ltr'><strong>In</strong></span> <span class='ocrx_word' id='word_1_105' title='bbox 2531 502 2726 572; x_wconf 83' lang='lat' dir='ltr'><strong>quibus</strong></span> <span class='ocrx_word' id='word_1_106' title='bbox 2776 498 3287 557; x_wconf 84' lang='lat' dir='ltr'><strong>commonitionibus</strong></span> <span class='ocrx_word' id='word_1_107' title='bbox 3330 496 3784 569; x_wconf 82' lang='lat' dir='ltr'><strong>metropolitanus</strong></span> <span class='ocrx_word' id='word_1_108' title='bbox 3832 515 3865 554; x_wconf 85' lang='lat' dir='ltr'><strong>a</strong></span> 
     </span>
    </p>
   </div>
   <div class='ocr_carea' id='block_1_19' title="bbox 3720 382 3863 444">
    <p class='ocr_par' dir='ltr' id='par_1_19' title="bbox 3720 382 3863 444">
     <span class='ocr_line' id='line_1_19' title="bbox 3720 382 3863 444; baseline -0.021 0"><span class='ocrx_word' id='word_1_109' title='bbox 3720 382 3863 444; x_wconf 69' lang='grc' dir='ltr'><strong>ιαμ</strong></span> 
     </span>
    </p>
   </div>
   <div class='ocr_carea' id='block_1_20' title="bbox 2287 589 3866 662">
    <p class='ocr_par' dir='ltr' id='par_1_20' title="bbox 2287 589 3866 662">
     <span class='ocr_line' id='line_1_20' title="bbox 2287 589 3866 662; baseline -0.001 -14"><span class='ocrx_word' id='word_1_110' title='bbox 2287 591 2846 662; x_wconf 86' lang='lat' dir='ltr'><strong>comprovincialibus,</strong></span> <span class='ocrx_word' id='word_1_111' title='bbox 2871 589 3356 662; x_wconf 88' lang='lat' dir='ltr'><strong>comprovinciales</strong></span> <span class='ocrx_word' id='word_1_112' title='bbox 3387 605 3421 644; x_wconf 89' lang='lat' dir='ltr'><strong>a</strong></span> <span class='ocrx_word' id='word_1_113' title='bbox 3449 590 3866 662; x_wconf 77' lang='lat' dir='ltr'><strong>metropolitano</strong></span> 
     </span>
    </p>
   </div>
   <div class='ocr_carea' id='block_1_21' title="bbox 2287 680 3663 753">
    <p class='ocr_par' dir='ltr' id='par_1_21' title="bbox 2287 680 3663 753">
     <span class='ocr_line' id='line_1_21' title="bbox 2287 680 3663 753; baseline -0.001 -16"><span class='ocrx_word' id='word_1_114' title='bbox 2287 696 2411 737; x_wconf 90' lang='lat' dir='ltr'><strong>cum</strong></span> <span class='ocrx_word' id='word_1_115' title='bbox 2436 680 2659 751; x_wconf 87' lang='lat' dir='ltr'><strong>reliquis</strong></span> <span class='ocrx_word' id='word_1_116' title='bbox 2678 681 3225 753; x_wconf 85' lang='lat' dir='ltr'><strong>comprovincialibus</strong></span> <span class='ocrx_word' id='word_1_117' title='bbox 3245 680 3663 752; x_wconf 73' lang='lat' dir='ltr'><strong>distringantur.</strong></span> 
     </span>
    </p>
   </div>
   <div class='ocr_carea' id='block_1_22' title="bbox 2653 769 3480 844">
    <p class='ocr_par' dir='ltr' id='par_1_22' title="bbox 2653 769 3480 844">
     <span class='ocr_line' id='line_1_22' title="bbox 2653 769 3480 844; baseline 0.001 -18"><span class='ocrx_word' id='word_1_118' title='bbox 2653 769 2837 828; x_wconf 84' lang='lat' dir='ltr'><strong>Conon</strong></span> <span class='ocrx_word' id='word_1_119' title='bbox 2863 772 3215 844; x_wconf 78' lang='lat' dir='ltr'><strong>Epaunensis,</strong></span> <span class='ocrx_word' id='word_1_120' title='bbox 3246 788 3357 826; x_wconf 70' lang='lat' dir='ltr'><strong>tera</strong></span> <span class='ocrx_word' id='word_1_121' title='bbox 3389 772 3480 827; x_wconf 71' lang='lat'><strong>32.</strong></span> 
     </span>
    </p>
   </div>
   <div class='ocr_carea' id='block_1_23' title="bbox 2356 860 3866 935">
    <p class='ocr_par' dir='ltr' id='par_1_23' title="bbox 2356 860 3866 935">
     <span class='ocr_line' id='line_1_23' title="bbox 2356 860 3866 935; baseline 0.001 -20"><span class='ocrx_word' id='word_1_122' title='bbox 2356 860 2619 916; x_wconf 79' lang='lat' dir='ltr'><strong>Relictam</strong></span> <span class='ocrx_word' id='word_1_123' title='bbox 2650 863 2956 933; x_wconf 78' lang='lat' dir='ltr'><strong>presbyteri</strong></span> <span class='ocrx_word' id='word_1_124' title='bbox 2990 863 3103 918; x_wconf 86' lang='lat' dir='ltr'><strong>sive</strong></span> <span class='ocrx_word' id='word_1_125' title='bbox 3135 862 3348 918; x_wconf 88' lang='lat' dir='ltr'><strong>diaconi</strong></span> <span class='ocrx_word' id='word_1_126' title='bbox 3387 862 3703 933; x_wconf 84' lang='lat' dir='ltr'><strong>quicunque</strong></span> <span class='ocrx_word' id='word_1_127' title='bbox 3727 860 3866 935; x_wconf 80' lang='lat' dir='ltr'><strong>[Re-</strong></span> 
     </span>
    </p>
   </div>
   <div class='ocr_carea' id='block_1_24' title="bbox 2285 948 3865 1026">
    <p class='ocr_par' dir='ltr' id='par_1_24' title="bbox 2285 948 3865 1026">
     <span class='ocr_line' id='line_1_24' title="bbox 2285 948 3865 1026; baseline 0.002 -22"><span class='ocrx_word' id='word_1_128' title='bbox 2285 948 2435 1016; x_wconf 90' lang='lat' dir='ltr'><strong>licta,</strong></span> <span class='ocrx_word' id='word_1_129' title='bbox 2464 958 2595 1016; x_wconf 90' lang='lat' dir='ltr'><strong>etc.,</strong></span> <span class='ocrx_word' id='word_1_130' title='bbox 2633 950 2679 1007; x_wconf 88' lang='lat' dir='ltr'><strong>si</strong></span> <span class='ocrx_word' id='word_1_131' title='bbox 2704 950 3027 1023; x_wconf 83' lang='lat' dir='ltr'><strong>cuicunque]</strong></span> <span class='ocrx_word' id='word_1_132' title='bbox 3055 951 3391 1023; x_wconf 88' lang='lat' dir='ltr'><strong>renupserit,</strong></span> <span class='ocrx_word' id='word_1_133' title='bbox 3430 950 3709 1026; x_wconf 84' lang='lat' dir='ltr'><strong>[eatenus]</strong></span> <span class='ocrx_word' id='word_1_134' title='bbox 3747 967 3865 1007; x_wconf 70' lang='lat' dir='ltr'><strong>enim</strong></span> 
     </span>
    </p>
   </div>
   <div class='ocr_carea' id='block_1_25' title="bbox 2286 1039 3866 1112">
    <p class='ocr_par' dir='ltr' id='par_1_25' title="bbox 2286 1039 3866 1112">
     <span class='ocr_line' id='line_1_25' title="bbox 2286 1039 3866 1112; baseline -0.001 -14"><span class='ocrx_word' id='word_1_135' title='bbox 2286 1041 2475 1098; x_wconf 85' lang='lat' dir='ltr'><strong>eadem</strong></span> <span class='ocrx_word' id='word_1_136' title='bbox 2510 1042 2580 1098; x_wconf 88' lang='lat' dir='ltr'><strong>ab</strong></span> <span class='ocrx_word' id='word_1_137' title='bbox 2616 1041 2856 1100; x_wconf 87' lang='lat' dir='ltr'><strong>Ecclesia</strong></span> <span class='ocrx_word' id='word_1_138' title='bbox 2897 1041 3130 1112; x_wconf 84' lang='lat' dir='ltr'><strong>pellatur</strong></span> <span class='ocrx_word' id='word_1_139' title='bbox 3160 1059 3176 1096; x_wconf 90' lang='lat'><strong>:</strong></span> <span class='ocrx_word' id='word_1_140' title='bbox 3207 1042 3378 1098; x_wconf 90' lang='lat' dir='ltr'><strong>donec</strong></span> <span class='ocrx_word' id='word_1_141' title='bbox 3416 1057 3450 1096; x_wconf 93' lang='lat' dir='ltr'><strong>a</strong></span> <span class='ocrx_word' id='word_1_142' title='bbox 3486 1039 3866 1110; x_wconf 83' lang='lat' dir='ltr'><strong>conjunctione</strong></span> 
     </span>
    </p>
   </div>
   <div class='ocr_carea' id='block_1_26' title="bbox 2288 1132 2838 1205">
    <p class='ocr_par' dir='ltr' id='par_1_26' title="bbox 2288 1132 2838 1205">
     <span class='ocr_line' id='line_1_26' title="bbox 2288 1132 2838 1205; baseline 0.005 -18"><span class='ocrx_word' id='word_1_143' title='bbox 2288 1132 2475 1201; x_wconf 81' lang='lat' dir='ltr'><strong>illicita</strong></span> <span class='ocrx_word' id='word_1_144' title='bbox 2500 1142 2838 1205; x_wconf 86' lang='lat' dir='ltr'><strong>separentur.</strong></span> 
     </span>
    </p>
   </div>
   <div class='ocr_carea' id='block_1_27' title="bbox 2626 1221 3871 1289">
    <p class='ocr_par' dir='ltr' id='par_1_27' title="bbox 2626 1221 3871 1289">
     <span class='ocr_line' id='line_1_27' title="bbox 2626 1221 3871 1289; baseline -0.01 -9"><span class='ocrx_word' id='word_1_145' title='bbox 2626 1223 2808 1280; x_wconf 78' lang='lat' dir='ltr'><strong>Conon</strong></span> <span class='ocrx_word' id='word_1_146' title='bbox 2834 1223 3248 1289; x_wconf 74' lang='lat' dir='ltr'><strong>Aurelianensis,</strong></span> <span class='ocrx_word' id='word_1_147' title='bbox 3276 1238 3387 1277; x_wconf 74' lang='lat' dir='ltr'><strong>tera</strong></span> <span class='ocrx_word' id='word_1_148' title='bbox 3413 1221 3448 1278; x_wconf 87' lang='lat'><strong>9</strong></span> <span class='ocrx_word' id='word_1_149' title='bbox 3481 1222 3529 1275; x_wconf 79' lang='grc' dir='ltr'>ί.</span> <span class='ocrx_word' id='word_1_150' title='bbox 3758 1238 3767 1243; x_wconf 95' lang='grc'>·</span> <span class='ocrx_word' id='word_1_151' title='bbox 3869 1228 3871 1257; x_wconf 50' lang='lat'><strong>1</strong></span> 
     </span>
    </p>
   </div>
   <div class='ocr_carea' id='block_1_28' title="bbox 2361 1309 3865 1385">
    <p class='ocr_par' dir='ltr' id='par_1_28' title="bbox 2361 1309 3865 1385">
     <span class='ocr_line' id='line_1_28' title="bbox 2361 1309 3865 1385; baseline -0.003 -15"><span class='ocrx_word' id='word_1_152' title='bbox 2361 1312 2376 1363; x_wconf 82' lang='lat' dir='ltr'><strong>i</strong></span> <span class='ocrx_word' id='word_1_153' title='bbox 2422 1313 2729 1385; x_wconf 83' lang='lat' dir='ltr'><strong>Presbyteri</strong></span> <span class='ocrx_word' id='word_1_154' title='bbox 2765 1314 2850 1370; x_wconf 92' lang='lat' dir='ltr'><strong>vel</strong></span> <span class='ocrx_word' id='word_1_155' title='bbox 2879 1314 3090 1373; x_wconf 90' lang='lat' dir='ltr'><strong>diaconi</strong></span> <span class='ocrx_word' id='word_1_156' title='bbox 3130 1312 3335 1376; x_wconf 89' lang='lat' dir='ltr'><strong>relicta,</strong></span> <span class='ocrx_word' id='word_1_157' title='bbox 3374 1312 3422 1367; x_wconf 91' lang='lat' dir='ltr'><strong>si</strong></span> <span class='ocrx_word' id='word_1_158' title='bbox 3463 1326 3527 1366; x_wconf 88' lang='lat' dir='ltr'><strong>se</strong></span> <span class='ocrx_word' id='word_1_159' title='bbox 3566 1309 3865 1379; x_wconf 78' lang='lat' dir='ltr'><strong>cuiasan</strong></span> 
     </span>
    </p>
   </div>
   <div class='ocr_carea' id='block_1_29' title="bbox 2288 1402 3684 1477">
    <p class='ocr_par' dir='ltr' id='par_1_29' title="bbox 2288 1402 3684 1477">
     <span class='ocr_line' id='line_1_29' title="bbox 2288 1402 3684 1477; baseline -0.005 -16"><span class='ocrx_word' id='word_1_160' title='bbox 2288 1404 2641 1475; x_wconf 73' lang='lat' dir='ltr'><strong>coniunxerit,</strong></span> <span class='ocrx_word' id='word_1_161' title='bbox 2664 1406 2784 1477; x_wconf 89' lang='lat' dir='ltr'><strong>pari</strong></span> <span class='ocrx_word' id='word_1_162' title='bbox 2809 1404 3362 1462; x_wconf 81' lang='lat' dir='ltr'><strong>cxcommunicatione</strong></span> <span class='ocrx_word' id='word_1_163' title='bbox 3391 1402 3684 1473; x_wconf 74' lang='lat' dir='ltr'><strong>plectatur.</strong></span> 
     </span>
    </p>
   </div>
   <div class='ocr_carea' id='block_1_30' title="bbox 2668 1492 3486 1567">
    <p class='ocr_par' dir='ltr' id='par_1_30' title="bbox 2668 1492 3486 1567">
     <span class='ocr_line' id='line_1_30' title="bbox 2668 1492 3486 1567; baseline -0.004 -16"><span class='ocrx_word' id='word_1_164' title='bbox 2668 1495 2854 1551; x_wconf 85' lang='lat' dir='ltr'><strong>Canon</strong></span> <span class='ocrx_word' id='word_1_165' title='bbox 2880 1494 3275 1567; x_wconf 75' lang='lat' dir='ltr'><strong>Apostolorum,</strong></span> <span class='ocrx_word' id='word_1_166' title='bbox 3299 1510 3408 1549; x_wconf 74' lang='lat' dir='ltr'><strong>tera</strong></span> <span class='ocrx_word' id='word_1_167' title='bbox 3431 1492 3486 1549; x_wconf 80' lang='lat'><strong>6.</strong></span> 
     </span>
    </p>
   </div>
   <div class='ocr_carea' id='block_1_31' title="bbox 2427 1587 3863 1665">
    <p class='ocr_par' dir='ltr' id='par_1_31' title="bbox 2427 1587 3863 1665">
     <span class='ocr_line' id='line_1_31' title="bbox 2427 1587 3863 1665; baseline -0.007 -17"><span class='ocrx_word' id='word_1_168' title='bbox 2427 1589 2498 1648; x_wconf 88' lang='lat' dir='ltr'><strong>Ut</strong></span> <span class='ocrx_word' id='word_1_169' title='bbox 2525 1590 2832 1665; x_wconf 90' lang='lat' dir='ltr'><strong>episcopus,</strong></span> <span class='ocrx_word' id='word_1_170' title='bbox 2866 1591 3179 1662; x_wconf 81' lang='lat' dir='ltr'><strong>presbyter,</strong></span> <span class='ocrx_word' id='word_1_171' title='bbox 3206 1588 3295 1644; x_wconf 88' lang='lat' dir='ltr'><strong>vel</strong></span> <span class='ocrx_word' id='word_1_172' title='bbox 3324 1587 3623 1651; x_wconf 82' lang='lat' dir='ltr'><strong>diaconus,</strong></span> <span class='ocrx_word' id='word_1_173' title='bbox 3645 1598 3863 1639; x_wconf 72' lang='lat' dir='ltr'><strong>uxore-</strong></span> 
     </span>
    </p>
   </div>
   <div class='ocr_carea' id='block_1_32' title="bbox 2289 1675 3863 1753">
    <p class='ocr_par' dir='ltr' id='par_1_32' title="bbox 2289 1675 3863 1753">
     <span class='ocr_line' id='line_1_32' title="bbox 2289 1675 3863 1753; baseline -0.006 -15"><span class='ocrx_word' id='word_1_174' title='bbox 2289 1681 2564 1752; x_wconf 88' lang='lat' dir='ltr'><strong>propriam</strong></span> <span class='ocrx_word' id='word_1_175' title='bbox 2584 1697 2922 1753; x_wconf 84' lang='lat' dir='ltr'><strong>nequaquam</strong></span> <span class='ocrx_word' id='word_1_176' title='bbox 2941 1682 3042 1737; x_wconf 88' lang='lat' dir='ltr'><strong>sub</strong></span> <span class='ocrx_word' id='word_1_177' title='bbox 3063 1681 3288 1738; x_wconf 87' lang='lat' dir='ltr'><strong>obtentu</strong></span> <span class='ocrx_word' id='word_1_178' title='bbox 3305 1678 3586 1751; x_wconf 74' lang='lat' dir='ltr'><strong>religionis</strong></span> <span class='ocrx_word' id='word_1_179' title='bbox 3607 1675 3824 1747; x_wconf 81' lang='lat' dir='ltr'><strong>abjiciat</strong></span> <span class='ocrx_word' id='word_1_180' title='bbox 3843 1690 3863 1729; x_wconf 65' lang='grc' dir='ltr'><strong>θ</strong></span> 
     </span>
    </p>
   </div>
   <div class='ocr_carea' id='block_1_33' title="bbox 2291 1766 3861 1851">
    <p class='ocr_par' dir='ltr' id='par_1_33' title="bbox 2291 1766 3861 1851">
     <span class='ocr_line' id='line_1_33' title="bbox 2291 1766 3861 1851; baseline -0.008 -20"><span class='ocrx_word' id='word_1_181' title='bbox 2291 1781 2347 1831; x_wconf 89' lang='lat' dir='ltr'><strong>et</strong></span> <span class='ocrx_word' id='word_1_182' title='bbox 2373 1774 2421 1829; x_wconf 91' lang='lat' dir='ltr'><strong>si</strong></span> <span class='ocrx_word' id='word_1_183' title='bbox 2449 1772 2726 1844; x_wconf 73' lang='lat' dir='ltr'><strong>reiecerit,</strong></span> <span class='ocrx_word' id='word_1_184' title='bbox 2755 1771 3279 1838; x_wconf 74' lang='lat' dir='ltr'><strong>escommunicetur;</strong></span> <span class='ocrx_word' id='word_1_185' title='bbox 3326 1770 3373 1851; x_wconf 75' lang='lat' dir='ltr'><strong>si</strong></span> <span class='ocrx_word' id='word_1_186' title='bbox 3416 1766 3861 1843; x_wconf 76' lang='lat' dir='ltr'><strong>perseveraverit,</strong></span> 
     </span>
    </p>
   </div>
   <div class='ocr_carea' id='block_1_34' title="bbox 622 1843 2594 1945">
    <p class='ocr_par' dir='ltr' id='par_1_34' title="bbox 622 1843 2594 1945">
     <span class='ocr_line' id='line_1_34' title="bbox 622 1843 2594 1945; baseline -0.017 -4"><span class='ocrx_word' id='word_1_187' title='bbox 622 1893 733 1942; x_wconf 87' lang='lat' dir='ltr'><strong>tate</strong></span> <span class='ocrx_word' id='word_1_188' title='bbox 760 1881 1140 1945; x_wconf 85' lang='lat' dir='ltr'><strong>sublimantur,</strong></span> <span class='ocrx_word' id='word_1_189' title='bbox 1167 1843 1376 1932; x_wconf 71' lang='lat' dir='ltr'><strong>actibus</strong></span> <span class='ocrx_word' id='word_1_190' title='bbox 1402 1869 1623 1928; x_wconf 89' lang='lat' dir='ltr'><strong>omnino</strong></span> <span class='ocrx_word' id='word_1_191' title='bbox 1650 1843 1960 1923; x_wconf 79' lang='lat' dir='ltr'><strong>renuntient</strong></span> <span class='ocrx_word' id='word_1_192' title='bbox 1987 1843 2189 1925; x_wconf 70' lang='lat' dir='ltr'><strong>saeculi,</strong></span> <span class='ocrx_word' id='word_1_193' title='bbox 2220 1843 2269 1905; x_wconf 83' lang='grc' dir='ltr'><strong>Β</strong></span> <span class='ocrx_word' id='word_1_194' title='bbox 2292 1863 2594 1937; x_wconf 63' lang='lat' dir='ltr'><strong>deﬁciam,</strong></span> 
     </span>
    </p>
   </div>
   <div class='ocr_carea' id='block_1_35' title="bbox 622 1952 2192 2048">
    <p class='ocr_par' dir='ltr' id='par_1_35' title="bbox 622 1952 2192 2048">
     <span class='ocr_line' id='line_1_35' title="bbox 622 1952 2192 2048; baseline -0.017 -18"><span class='ocrx_word' id='word_1_195' title='bbox 622 1981 678 2030; x_wconf 89' lang='lat' dir='ltr'><strong>et</strong></span> <span class='ocrx_word' id='word_1_196' title='bbox 708 1984 730 2012; x_wconf 72' lang='grc' dir='ltr'>ε</span> <span class='ocrx_word' id='word_1_197' title='bbox 756 1984 911 2029; x_wconf 89' lang='lat' dir='ltr'><strong>sacro</strong></span> <span class='ocrx_word' id='word_1_198' title='bbox 943 1968 1099 2026; x_wconf 88' lang='lat' dir='ltr'><strong>electi</strong></span> <span class='ocrx_word' id='word_1_199' title='bbox 1136 1964 1436 2048; x_wconf 79' lang='lat' dir='ltr'><strong>ministerio</strong></span> <span class='ocrx_word' id='word_1_200' title='bbox 1479 1956 1761 2031; x_wconf 81' lang='lat' dir='ltr'><strong>repudth</strong></span> <span class='ocrx_word' id='word_1_201' title='bbox 1806 1952 2023 2012; x_wconf 83' lang='lat' dir='ltr'><strong>carnale</strong></span> <span class='ocrx_word' id='word_1_202' title='bbox 2058 1965 2192 2007; x_wconf 89' lang='lat' dir='ltr'><strong>con-</strong></span> 
     </span>
    </p>
   </div>
   <div class='ocr_carea' id='block_1_36' title="bbox 624 2065 875 2127">
    <p class='ocr_par' dir='ltr' id='par_1_36' title="bbox 624 2065 875 2127">
     <span class='ocr_line' id='line_1_36' title="bbox 624 2065 875 2127; baseline -0.012 -5"><span class='ocrx_word' id='word_1_203' title='bbox 624 2065 875 2127; x_wconf 79' lang='lat' dir='ltr'><strong>sortium.</strong></span> 
     </span>
    </p>
   </div>
   <div class='ocr_carea' id='block_1_37' title="bbox 1187 2120 1631 2184">
    <p class='ocr_par' dir='ltr' id='par_1_37' title="bbox 1187 2120 1631 2184">
     <span class='ocr_line' id='line_1_37' title="bbox 1187 2120 1631 2184; baseline -0.011 0"><span class='ocrx_word' id='word_1_204' title='bbox 1187 2124 1412 2184; x_wconf 78' lang='lat' dir='ltr'><strong>CAPUT</strong></span> <span class='ocrx_word' id='word_1_205' title='bbox 1450 2120 1631 2179; x_wconf 78' lang='lat' dir='ltr'><strong>XLIII.</strong></span> 
     </span>
    </p>
   </div>
   <div class='ocr_carea' id='block_1_38' title="bbox 624 2219 2192 2288">
    <p class='ocr_par' dir='ltr' id='par_1_38' title="bbox 624 2219 2192 2288">
     <span class='ocr_line' id='line_1_38' title="bbox 624 2219 2192 2288; baseline -0.018 -1"><span class='ocrx_word' id='word_1_206' title='bbox 624 2244 695 2288; x_wconf 72' lang='lat' dir='ltr'><strong>UT</strong></span> <span class='ocrx_word' id='word_1_207' title='bbox 723 2242 824 2283; x_wconf 70' lang='lat' dir='ltr'><strong>NON</strong></span> <span class='ocrx_word' id='word_1_208' title='bbox 849 2237 1080 2287; x_wconf 72' lang='grc' dir='ltr'>ιιΑΒιτετ</span> <span class='ocrx_word' id='word_1_209' title='bbox 1103 2234 1356 2278; x_wconf 74' lang='lat' dir='ltr'><strong>CLEBICUS</strong></span> <span class='ocrx_word' id='word_1_210' title='bbox 1379 2232 1483 2272; x_wconf 76' lang='lat' dir='ltr'><strong>CIIII</strong></span> <span class='ocrx_word' id='word_1_211' title='bbox 1512 2224 1812 2270; x_wconf 74' lang='lat' dir='ltr'><strong>EXTBANEIS</strong></span> <span class='ocrx_word' id='word_1_212' title='bbox 1834 2220 2153 2265; x_wconf 75' lang='lat' dir='ltr'><strong>IIULIEIIIBUS</strong></span> <span class='ocrx_word' id='word_1_213' title='bbox 2176 2219 2192 2259; x_wconf 73' lang='grc'><strong>2</strong></span> 
     </span>
    </p>
   </div>
   <div class='ocr_carea' id='block_1_39' title="bbox 1000 2296 1817 2349">
    <p class='ocr_par' dir='ltr' id='par_1_39' title="bbox 1000 2296 1817 2349">
     <span class='ocr_line' id='line_1_39' title="bbox 1000 2296 1817 2349; baseline -0.017 0"><span class='ocrx_word' id='word_1_214' title='bbox 1000 2311 1069 2349; x_wconf 74' lang='grc' dir='ltr'><strong>ΕΤ</strong></span> <span class='ocrx_word' id='word_1_215' title='bbox 1105 2308 1172 2348; x_wconf 68' lang='grc' dir='ltr'><strong>νε</strong></span> <span class='ocrx_word' id='word_1_216' title='bbox 1208 2305 1435 2347; x_wconf 64' lang='grc' dir='ltr'>ιιιιιιῦτλ</span> <span class='ocrx_word' id='word_1_217' title='bbox 1473 2296 1817 2345; x_wconf 68' lang='grc' dir='ltr'><strong>ελεειωοτιε.</strong></span> 
     </span>
    </p>
   </div>
   <div class='ocr_carea' id='block_1_40' title="bbox 1063 2374 1731 2443">
    <p class='ocr_par' dir='ltr' id='par_1_40' title="bbox 1063 2374 1731 2443">
     <span class='ocr_line' id='line_1_40' title="bbox 1063 2374 1731 2443; baseline -0.018 -3"><span class='ocrx_word' id='word_1_218' title='bbox 1063 2383 1246 2440; x_wconf 75' lang='lat' dir='ltr'><strong>Conon</strong></span> <span class='ocrx_word' id='word_1_219' title='bbox 1268 2381 1540 2443; x_wconf 77' lang='lat' dir='ltr'><strong>Nicwnus,</strong></span> <span class='ocrx_word' id='word_1_220' title='bbox 1567 2391 1675 2430; x_wconf 71' lang='lat' dir='ltr'><strong>tera</strong></span> <span class='ocrx_word' id='word_1_221' title='bbox 1695 2374 1731 2429; x_wconf 80' lang='grc'><strong>5</strong></span> 
     </span>
    </p>
   </div>
   <div class='ocr_carea' id='block_1_41' title="bbox 692 2462 2191 2551">
    <p class='ocr_par' dir='ltr' id='par_1_41' title="bbox 692 2462 2191 2551">
     <span class='ocr_line' id='line_1_41' title="bbox 692 2462 2191 2551; baseline -0.017 -15"><span class='ocrx_word' id='word_1_222' title='bbox 692 2480 723 2522; x_wconf 70' lang='grc' dir='ltr'><em>δ</em></span> <span class='ocrx_word' id='word_1_223' title='bbox 754 2481 833 2537; x_wconf 67' lang='grc' dir='ltr'>Μ</span> <span class='ocrx_word' id='word_1_224' title='bbox 857 2495 980 2551; x_wconf 78' lang='lat' dir='ltr'><strong>quis</strong></span> <span class='ocrx_word' id='word_1_225' title='bbox 995 2479 1392 2550; x_wconf 77' lang='lat' dir='ltr'><strong>episcOporum,</strong></span> <span class='ocrx_word' id='word_1_226' title='bbox 1409 2470 1494 2526; x_wconf 89' lang='lat' dir='ltr'><strong>vel</strong></span> <span class='ocrx_word' id='word_1_227' title='bbox 1517 2475 1837 2524; x_wconf 83' lang='lat' dir='ltr'><strong>caeterorum</strong></span> <span class='ocrx_word' id='word_1_228' title='bbox 1853 2462 2191 2521; x_wconf 88' lang='lat' dir='ltr'><strong>clericorum,</strong></span> 
     </span>
    </p>
   </div>
   <div class='ocr_carea' id='block_1_42' title="bbox 622 2549 2199 2643">
    <p class='ocr_par' dir='ltr' id='par_1_42' title="bbox 622 2549 2199 2643">
     <span class='ocr_line' id='line_1_42' title="bbox 622 2549 2199 2643; baseline -0.018 -12"><span class='ocrx_word' id='word_1_229' title='bbox 622 2584 749 2631; x_wconf 84' lang='lat' dir='ltr'><strong>cum</strong></span> <span class='ocrx_word' id='word_1_230' title='bbox 784 2549 1099 2634; x_wconf 83' lang='lat' dir='ltr'><strong>mulieribus</strong></span> <span class='ocrx_word' id='word_1_231' title='bbox 1142 2565 1348 2643; x_wconf 85' lang='lat' dir='ltr'><strong>habitet</strong></span> <span class='ocrx_word' id='word_1_232' title='bbox 1383 2559 1556 2633; x_wconf 83' lang='lat' dir='ltr'><strong>(Edd.</strong></span> <span class='ocrx_word' id='word_1_233' title='bbox 1588 2573 1701 2615; x_wconf 81' lang='lat' dir='ltr'><strong>var.</strong></span> <span class='ocrx_word' id='word_1_234' title='bbox 1737 2549 1972 2624; x_wconf 79' lang='lat' dir='ltr'><strong>etadd.)</strong></span> <span class='ocrx_word' id='word_1_235' title='bbox 2001 2557 2199 2622; x_wconf 71' lang='lat' dir='ltr'><strong>praeter</strong></span> 
     </span>
    </p>
   </div>
   <div class='ocr_carea' id='block_1_43' title="bbox 623 2649 2009 2731">
    <p class='ocr_par' dir='ltr' id='par_1_43' title="bbox 623 2649 2009 2731">
     <span class='ocr_line' id='line_1_43' title="bbox 623 2649 2009 2731; baseline -0.017 -9"><span class='ocrx_word' id='word_1_236' title='bbox 623 2672 877 2729; x_wconf 80' lang='lat' dir='ltr'><strong>matrem.</strong></span> <span class='ocrx_word' id='word_1_237' title='bbox 903 2662 987 2718; x_wconf 88' lang='lat' dir='ltr'><strong>vel</strong></span> <span class='ocrx_word' id='word_1_238' title='bbox 1012 2662 1058 2718; x_wconf 86' lang='lat' dir='ltr'><strong>si</strong></span> <span class='ocrx_word' id='word_1_239' title='bbox 1084 2676 1205 2731; x_wconf 62' lang='lat' dir='ltr'><strong>qua:</strong></span> <span class='ocrx_word' id='word_1_240' title='bbox 1230 2664 1355 2714; x_wconf 91' lang='lat' dir='ltr'><strong>sunt</strong></span> <span class='ocrx_word' id='word_1_241' title='bbox 1378 2649 1745 2724; x_wconf 89' lang='lat' dir='ltr'><strong>hujuscemodi</strong></span> <span class='ocrx_word' id='word_1_242' title='bbox 1765 2660 2009 2719; x_wconf 79' lang='lat' dir='ltr'><strong>persona:</strong></span> 
     </span>
    </p>
   </div>
   <div class='ocr_carea' id='block_1_44' title="bbox 951 2741 1875 2821">
    <p class='ocr_par' dir='ltr' id='par_1_44' title="bbox 951 2741 1875 2821">
     <span class='ocr_line' id='line_1_44' title="bbox 951 2741 1875 2821; baseline -0.018 -12"><span class='ocrx_word' id='word_1_243' title='bbox 951 2753 1135 2809; x_wconf 81' lang='lat' dir='ltr'><strong>Conon</strong></span> <span class='ocrx_word' id='word_1_244' title='bbox 1169 2751 1564 2821; x_wconf 70' lang='lat' dir='ltr'><strong>Africanorum,</strong></span> <span class='ocrx_word' id='word_1_245' title='bbox 1592 2759 1702 2799; x_wconf 78' lang='lat' dir='ltr'><strong>cera</strong></span> <span class='ocrx_word' id='word_1_246' title='bbox 1727 2741 1797 2795; x_wconf 77' lang='lat'><strong>27</strong></span> <span class='ocrx_word' id='word_1_247' title='bbox 1829 2750 1875 2799; x_wconf 75' lang='grc' dir='ltr'>ο.</span> 
     </span>
    </p>
   </div>
   <div class='ocr_carea' id='block_1_45' title="bbox 694 2830 2104 2910">
    <p class='ocr_par' dir='ltr' id='par_1_45' title="bbox 694 2830 2104 2910">
     <span class='ocr_line' id='line_1_45' title="bbox 694 2830 2104 2910; baseline -0.019 1"><span class='ocrx_word' id='word_1_248' title='bbox 694 2851 935 2910; x_wconf 64' lang='grc' dir='ltr'>Ωιειιίειιε</span> <span class='ocrx_word' id='word_1_249' title='bbox 958 2863 1081 2905; x_wconf 91' lang='lat' dir='ltr'><strong>cum</strong></span> <span class='ocrx_word' id='word_1_250' title='bbox 1110 2842 1385 2902; x_wconf 81' lang='lat' dir='ltr'><strong>extraneis</strong></span> <span class='ocrx_word' id='word_1_251' title='bbox 1404 2838 1721 2897; x_wconf 90' lang='lat' dir='ltr'><strong>mulieribus</strong></span> <span class='ocrx_word' id='word_1_252' title='bbox 1752 2849 1858 2889; x_wconf 90' lang='lat' dir='ltr'><strong>non</strong></span> <span class='ocrx_word' id='word_1_253' title='bbox 1879 2830 2104 2888; x_wconf 89' lang='lat' dir='ltr'><strong>habitet.</strong></span> 
     </span>
    </p>
   </div>
   <div class='ocr_carea' id='block_1_46' title="bbox 1028 2924 1798 2995">
    <p class='ocr_par' dir='ltr' id='par_1_46' title="bbox 1028 2924 1798 2995">
     <span class='ocr_line' id='line_1_46' title="bbox 1028 2924 1798 2995; baseline -0.016 -2"><span class='ocrx_word' id='word_1_254' title='bbox 1028 2936 1213 2993; x_wconf 86' lang='lat' dir='ltr'><strong>Canon</strong></span> <span class='ocrx_word' id='word_1_255' title='bbox 1240 2931 1579 2995; x_wconf 78' lang='lat' dir='ltr'><strong>Arelatensis,</strong></span> <span class='ocrx_word' id='word_1_256' title='bbox 1610 2943 1718 2983; x_wconf 63' lang='grc' dir='ltr'><strong>(τινα</strong></span> <span class='ocrx_word' id='word_1_257' title='bbox 1742 2924 1798 2981; x_wconf 98' lang='lat'><strong>4.</strong></span> 
     </span>
    </p>
   </div>
   <div class='ocr_carea' id='block_1_47' title="bbox 696 3008 2197 3098">
    <p class='ocr_par' dir='ltr' id='par_1_47' title="bbox 696 3008 2197 3098">
     <span class='ocr_line' id='line_1_47' title="bbox 696 3008 2197 3098; baseline -0.016 -11"><span class='ocrx_word' id='word_1_258' title='bbox 696 3029 885 3087; x_wconf 79' lang='lat' dir='ltr'><strong>Nullus</strong></span> <span class='ocrx_word' id='word_1_259' title='bbox 919 3030 1231 3098; x_wconf 88' lang='lat' dir='ltr'><strong>episcopus,</strong></span> <span class='ocrx_word' id='word_1_260' title='bbox 1259 3023 1344 3077; x_wconf 87' lang='lat' dir='ltr'><strong>vel</strong></span> <span class='ocrx_word' id='word_1_261' title='bbox 1367 3020 1674 3091; x_wconf 88' lang='lat' dir='ltr'><strong>presbyter,</strong></span> <span class='ocrx_word' id='word_1_262' title='bbox 1705 3022 1799 3070; x_wconf 90' lang='lat' dir='ltr'><strong>aut</strong></span> <span class='ocrx_word' id='word_1_263' title='bbox 1825 3013 2100 3075; x_wconf 86' lang='lat' dir='ltr'><strong>diaconus,</strong></span> <span class='ocrx_word' id='word_1_264' title='bbox 2130 3008 2197 3064; x_wconf 89' lang='lat' dir='ltr'><strong>ad</strong></span> 
     </span>
    </p>
   </div>
   <div class='ocr_carea' id='block_1_48' title="bbox 626 3098 2200 3180">
    <p class='ocr_par' dir='ltr' id='par_1_48' title="bbox 626 3098 2200 3180">
     <span class='ocr_line' id='line_1_48' title="bbox 626 3098 2200 3180; baseline -0.017 -1"><span class='ocrx_word' id='word_1_265' title='bbox 626 3121 835 3180; x_wconf 81' lang='lat' dir='ltr'><strong>cellarii</strong></span> <span class='ocrx_word' id='word_1_266' title='bbox 862 3127 1130 3176; x_wconf 88' lang='lat' dir='ltr'><strong>secretum</strong></span> <span class='ocrx_word' id='word_1_267' title='bbox 1161 3112 1485 3179; x_wconf 79' lang='lat' dir='ltr'><strong>intromittat</strong></span> <span class='ocrx_word' id='word_1_268' title='bbox 1523 3107 1775 3164; x_wconf 82' lang='lat' dir='ltr'><strong>feminam</strong></span> <span class='ocrx_word' id='word_1_269' title='bbox 1807 3100 2080 3176; x_wconf 86' lang='lat' dir='ltr'><strong>[puellam,</strong></span> <span class='ocrx_word' id='word_1_270' title='bbox 2114 3098 2200 3155; x_wconf 83' lang='lat' dir='ltr'><strong>vel</strong></span> 
     </span>
    </p>
   </div>
   <div class='ocr_carea' id='block_1_49' title="bbox 629 3207 1350 3289">
    <p class='ocr_par' dir='ltr' id='par_1_49' title="bbox 629 3207 1350 3289">
     <span class='ocr_line' id='line_1_49' title="bbox 629 3207 1350 3289; baseline -0.017 -15"><span class='ocrx_word' id='word_1_271' title='bbox 629 3219 916 3289; x_wconf 79' lang='lat' dir='ltr'><strong>ingenuam</strong></span> <span class='ocrx_word' id='word_1_272' title='bbox 942 3212 1026 3268; x_wconf 91' lang='lat' dir='ltr'><strong>vel</strong></span> <span class='ocrx_word' id='word_1_273' title='bbox 1054 3207 1350 3280; x_wconf 87' lang='lat' dir='ltr'><strong>ancillam].</strong></span> 
     </span>
    </p>
   </div>
   <div class='ocr_carea' id='block_1_50' title="bbox 1018 3292 1808 3372">
    <p class='ocr_par' dir='ltr' id='par_1_50' title="bbox 1018 3292 1808 3372">
     <span class='ocr_line' id='line_1_50' title="bbox 1018 3292 1808 3372; baseline -0.018 -13"><span class='ocrx_word' id='word_1_274' title='bbox 1018 3301 1202 3359; x_wconf 75' lang='lat' dir='ltr'><strong>Conon</strong></span> <span class='ocrx_word' id='word_1_275' title='bbox 1226 3297 1557 3372; x_wconf 79' lang='lat' dir='ltr'><strong>Agathensis,</strong></span> <span class='ocrx_word' id='word_1_276' title='bbox 1583 3310 1691 3349; x_wconf 67' lang='lat' dir='ltr'><strong>arra</strong></span> <span class='ocrx_word' id='word_1_277' title='bbox 1722 3292 1808 3347; x_wconf 81' lang='lat' dir='ltr'><strong>II.</strong></span> 
     </span>
    </p>
   </div>
   <div class='ocr_carea' id='block_1_51' title="bbox 696 3375 2202 3467">
    <p class='ocr_par' dir='ltr' id='par_1_51' title="bbox 696 3375 2202 3467">
     <span class='ocr_line' id='line_1_51' title="bbox 696 3375 2202 3467; baseline -0.016 -12"><span class='ocrx_word' id='word_1_278' title='bbox 696 3397 950 3455; x_wconf 82' lang='lat' dir='ltr'><strong>Feminas</strong></span> <span class='ocrx_word' id='word_1_279' title='bbox 976 3393 1221 3467; x_wconf 89' lang='lat' dir='ltr'><strong>[ancillas</strong></span> <span class='ocrx_word' id='word_1_280' title='bbox 1247 3390 1328 3445; x_wconf 90' lang='lat' dir='ltr'><strong>vel</strong></span> <span class='ocrx_word' id='word_1_281' title='bbox 1360 3385 1608 3458; x_wconf 87' lang='lat' dir='ltr'><strong>libertas]</strong></span> <span class='ocrx_word' id='word_1_282' title='bbox 1643 3400 1675 3439; x_wconf 92' lang='lat' dir='ltr'><strong>a</strong></span> <span class='ocrx_word' id='word_1_283' title='bbox 1717 3380 1957 3447; x_wconf 90' lang='lat' dir='ltr'><strong>cellario,</strong></span> <span class='ocrx_word' id='word_1_284' title='bbox 1997 3375 2081 3434; x_wconf 89' lang='lat' dir='ltr'><strong>vel</strong></span> <span class='ocrx_word' id='word_1_285' title='bbox 2117 3390 2202 3432; x_wconf 89' lang='lat' dir='ltr'><strong>se-</strong></span> 
     </span>
    </p>
   </div>
   <div class='ocr_carea' id='block_1_52' title="bbox 629 3466 2202 3551">
    <p class='ocr_par' dir='ltr' id='par_1_52' title="bbox 629 3466 2202 3551">
     <span class='ocr_line' id='line_1_52' title="bbox 629 3466 2202 3551; baseline -0.019 -2"><span class='ocrx_word' id='word_1_286' title='bbox 629 3496 780 3551; x_wconf 82' lang='lat' dir='ltr'><strong>creto</strong></span> <span class='ocrx_word' id='word_1_287' title='bbox 796 3466 1125 3549; x_wconf 85' lang='lat' dir='ltr'><strong>ministerio,</strong></span> <span class='ocrx_word' id='word_1_288' title='bbox 1153 3482 1239 3538; x_wconf 89' lang='lat' dir='ltr'><strong>vel</strong></span> <span class='ocrx_word' id='word_1_289' title='bbox 1271 3480 1341 3537; x_wconf 90' lang='lat' dir='ltr'><strong>ab</strong></span> <span class='ocrx_word' id='word_1_290' title='bbox 1365 3494 1431 3535; x_wconf 89' lang='lat' dir='ltr'><strong>ea</strong></span> <span class='ocrx_word' id='word_1_291' title='bbox 1451 3475 1729 3535; x_wconf 89' lang='lat' dir='ltr'><strong>mansione</strong></span> <span class='ocrx_word' id='word_1_292' title='bbox 1758 3473 1813 3527; x_wconf 91' lang='lat' dir='ltr'><strong>in</strong></span> <span class='ocrx_word' id='word_1_293' title='bbox 1841 3485 1946 3543; x_wconf 89' lang='lat' dir='ltr'><strong>qua</strong></span> <span class='ocrx_word' id='word_1_294' title='bbox 1972 3466 2202 3523; x_wconf 88' lang='lat' dir='ltr'><strong>clericus</strong></span> 
     </span>
    </p>
   </div>
   <div class='ocr_carea' id='block_1_53' title="bbox 630 3571 1386 3650">
    <p class='ocr_par' dir='ltr' id='par_1_53' title="bbox 630 3571 1386 3650">
     <span class='ocr_line' id='line_1_53' title="bbox 630 3571 1386 3650; baseline -0.019 -11"><span class='ocrx_word' id='word_1_295' title='bbox 630 3586 834 3646; x_wconf 87' lang='lat' dir='ltr'><strong>manet,</strong></span> <span class='ocrx_word' id='word_1_296' title='bbox 862 3576 1070 3650; x_wconf 89' lang='lat' dir='ltr'><strong>placuit</strong></span> <span class='ocrx_word' id='word_1_297' title='bbox 1097 3571 1386 3630; x_wconf 89' lang='lat' dir='ltr'><strong>removeri.</strong></span> 
     </span>
    </p>
   </div>
   <div class='ocr_carea' id='block_1_54' title="bbox 1001 3651 1813 3724">
    <p class='ocr_par' dir='ltr' id='par_1_54' title="bbox 1001 3651 1813 3724">
     <span class='ocr_line' id='line_1_54' title="bbox 1001 3651 1813 3724; baseline -0.02 -3"><span class='ocrx_word' id='word_1_298' title='bbox 1001 3663 1184 3721; x_wconf 84' lang='lat' dir='ltr'><strong>Canon</strong></span> <span class='ocrx_word' id='word_1_299' title='bbox 1212 3658 1537 3724; x_wconf 76' lang='lat' dir='ltr'><strong>Maticensis,</strong></span> <span class='ocrx_word' id='word_1_300' title='bbox 1567 3671 1674 3712; x_wconf 77' lang='lat' dir='ltr'><strong>tera</strong></span> <span class='ocrx_word' id='word_1_301' title='bbox 1699 3653 1734 3708; x_wconf 87' lang='lat'><strong>4</strong></span> <span class='ocrx_word' id='word_1_302' title='bbox 1764 3651 1813 3715; x_wconf 68' lang='grc' dir='ltr'>ἲ.</span> 
     </span>
    </p>
   </div>
   <div class='ocr_carea' id='block_1_55' title="bbox 700 3736 2205 3825">
    <p class='ocr_par' dir='ltr' id='par_1_55' title="bbox 700 3736 2205 3825">
     <span class='ocr_line' id='line_1_55' title="bbox 700 3736 2205 3825; baseline -0.017 -8"><span class='ocrx_word' id='word_1_303' title='bbox 700 3759 775 3825; x_wconf 85' lang='lat' dir='ltr'><strong>Ut</strong></span> <span class='ocrx_word' id='word_1_304' title='bbox 801 3758 948 3816; x_wconf 90' lang='lat' dir='ltr'><strong>nulla</strong></span> <span class='ocrx_word' id='word_1_305' title='bbox 972 3756 1167 3813; x_wconf 89' lang='lat' dir='ltr'><strong>mulier</strong></span> <span class='ocrx_word' id='word_1_306' title='bbox 1186 3754 1242 3809; x_wconf 88' lang='lat' dir='ltr'><strong>in</strong></span> <span class='ocrx_word' id='word_1_307' title='bbox 1263 3749 1568 3810; x_wconf 86' lang='lat' dir='ltr'><strong>cubiculum</strong></span> <span class='ocrx_word' id='word_1_308' title='bbox 1589 3741 1826 3817; x_wconf 81' lang='lat' dir='ltr'><strong>episcOpi</strong></span> <span class='ocrx_word' id='word_1_309' title='bbox 1846 3741 2051 3810; x_wconf 88' lang='lat' dir='ltr'><strong>absque</strong></span> <span class='ocrx_word' id='word_1_310' title='bbox 2071 3736 2205 3792; x_wconf 83' lang='lat' dir='ltr'><strong>duo-</strong></span> 
     </span>
    </p>
   </div>
   <div class='ocr_carea' id='block_1_56' title="bbox 629 3827 2205 3924">
    <p class='ocr_par' dir='ltr' id='par_1_56' title="bbox 629 3827 2205 3924">
     <span class='ocr_line' id='line_1_56' title="bbox 629 3827 2205 3924; baseline -0.019 -13"><span class='ocrx_word' id='word_1_311' title='bbox 629 3857 734 3911; x_wconf 83' lang='lat' dir='ltr'><strong>bus</strong></span> <span class='ocrx_word' id='word_1_312' title='bbox 759 3850 1108 3924; x_wconf 85' lang='lat' dir='ltr'><strong>presbyteris,</strong></span> <span class='ocrx_word' id='word_1_313' title='bbox 1148 3855 1242 3903; x_wconf 89' lang='lat' dir='ltr'><strong>aut</strong></span> <span class='ocrx_word' id='word_1_314' title='bbox 1270 3852 1419 3902; x_wconf 87' lang='lat' dir='ltr'><strong>certe</strong></span> <span class='ocrx_word' id='word_1_315' title='bbox 1449 3838 1765 3899; x_wconf 81' lang='lat' dir='ltr'><strong>diaconibus</strong></span> <span class='ocrx_word' id='word_1_316' title='bbox 1790 3827 2096 3908; x_wconf 85' lang='lat' dir='ltr'><strong>[diaconis],</strong></span> <span class='ocrx_word' id='word_1_317' title='bbox 2122 3828 2205 3882; x_wconf 88' lang='lat' dir='ltr'><strong>in-</strong></span> 
     </span>
    </p>
   </div>
   <div class='ocr_carea' id='block_1_57' title="bbox 633 3942 1701 4015">
    <p class='ocr_par' dir='ltr' id='par_1_57' title="bbox 633 3942 1701 4015">
     <span class='ocr_line' id='line_1_57' title="bbox 633 3942 1701 4015; baseline -0.017 -14"><span class='ocrx_word' id='word_1_318' title='bbox 633 3943 784 4015; x_wconf 71' lang='lat' dir='ltr'><strong>gredi</strong></span> <span class='ocrx_word' id='word_1_319' title='bbox 807 3942 1169 4014; x_wconf 81' lang='lat' dir='ltr'><strong>permittatur.</strong></span> <span class='ocrx_word' id='word_1_320' title='bbox 1696 3984 1701 3993; x_wconf 67' lang='grc'><em>,</em></span> 
     </span>
    </p>
   </div>
   <div class='ocr_carea' id='block_1_58' title="bbox 970 4014 1846 4086">
    <p class='ocr_par' dir='ltr' id='par_1_58' title="bbox 970 4014 1846 4086">
     <span class='ocr_line' id='line_1_58' title="bbox 970 4014 1846 4086; baseline -0.018 -1"><span class='ocrx_word' id='word_1_321' title='bbox 970 4028 1151 4085; x_wconf 87' lang='lat' dir='ltr'><strong>Canon</strong></span> <span class='ocrx_word' id='word_1_322' title='bbox 1178 4020 1590 4086; x_wconf 71' lang='lat' dir='ltr'><strong>Aurelianensis,</strong></span> <span class='ocrx_word' id='word_1_323' title='bbox 1620 4034 1729 4075; x_wconf 66' lang='lat' dir='ltr'><strong>a’ra</strong></span> <span class='ocrx_word' id='word_1_324' title='bbox 1752 4014 1785 4071; x_wconf 87' lang='lat'><strong>4</strong></span> <span class='ocrx_word' id='word_1_325' title='bbox 1820 4017 1846 4056; x_wconf 75' lang='grc'><strong>⁸</strong></span> 
     </span>
    </p>
   </div>
   <div class='ocr_carea' id='block_1_59' title="bbox 706 4107 2205 4190">
    <p class='ocr_par' dir='ltr' id='par_1_59' title="bbox 706 4107 2205 4190">
     <span class='ocr_line' id='line_1_59' title="bbox 706 4107 2205 4190; baseline -0.017 -7"><span class='ocrx_word' id='word_1_326' title='bbox 706 4126 1008 4188; x_wconf 81' lang='lat' dir='ltr'><strong>Statuimus</strong></span> <span class='ocrx_word' id='word_1_327' title='bbox 1048 4130 1108 4177; x_wconf 89' lang='lat' dir='ltr'><strong>ut</strong></span> <span class='ocrx_word' id='word_1_328' title='bbox 1148 4137 1216 4177; x_wconf 90' lang='lat' dir='ltr'><strong>ne</strong></span> <span class='ocrx_word' id='word_1_329' title='bbox 1263 4119 1384 4190; x_wconf 90' lang='lat' dir='ltr'><strong>quis</strong></span> <span class='ocrx_word' id='word_1_330' title='bbox 1430 4115 1733 4172; x_wconf 87' lang='lat' dir='ltr'><strong>antistitum</strong></span> <span class='ocrx_word' id='word_1_331' title='bbox 1777 4107 2205 4173; x_wconf 86' lang='lat' dir='ltr'><strong>clericorumque</strong></span> 
     </span>
    </p>
   </div>
   <div class='ocr_carea' id='block_1_60' title="bbox 634 4195 2205 4278">
    <p class='ocr_par' dir='ltr' id='par_1_60' title="bbox 634 4195 2205 4278">
     <span class='ocr_line' id='line_1_60' title="bbox 634 4195 2205 4278; baseline -0.017 -2"><span class='ocrx_word' id='word_1_332' title='bbox 634 4219 874 4278; x_wconf 92' lang='lat' dir='ltr'><strong>omnium</strong></span> <span class='ocrx_word' id='word_1_333' title='bbox 911 4214 1183 4271; x_wconf 87' lang='lat' dir='ltr'><strong>licentiam</strong></span> <span class='ocrx_word' id='word_1_334' title='bbox 1214 4211 1409 4267; x_wconf 85' lang='lat' dir='ltr'><strong>habeat</strong></span> <span class='ocrx_word' id='word_1_335' title='bbox 1433 4208 1574 4263; x_wconf 89' lang='lat' dir='ltr'><strong>intra</strong></span> <span class='ocrx_word' id='word_1_336' title='bbox 1598 4205 1815 4261; x_wconf 88' lang='lat' dir='ltr'><strong>domum</strong></span> <span class='ocrx_word' id='word_1_337' title='bbox 1850 4212 2003 4256; x_wconf 90' lang='lat' dir='ltr'><strong>suam</strong></span> <span class='ocrx_word' id='word_1_338' title='bbox 2039 4195 2205 4251; x_wconf 89' lang='lat' dir='ltr'><strong>ullam</strong></span> 
     </span>
    </p>
   </div>
   <div class='ocr_carea' id='block_1_61' title="bbox 633 4291 2208 4375">
    <p class='ocr_par' dir='ltr' id='par_1_61' title="bbox 633 4291 2208 4375">
     <span class='ocr_line' id='line_1_61' title="bbox 633 4291 2208 4375; baseline -0.018 -7"><span class='ocrx_word' id='word_1_339' title='bbox 633 4311 916 4369; x_wconf 89' lang='lat' dir='ltr'><strong>mulierem</strong></span> <span class='ocrx_word' id='word_1_340' title='bbox 943 4307 1162 4370; x_wconf 88' lang='lat' dir='ltr'><strong>habere,</strong></span> <span class='ocrx_word' id='word_1_341' title='bbox 1187 4310 1383 4375; x_wconf 64' lang='lat' dir='ltr'><strong>praeter</strong></span> <span class='ocrx_word' id='word_1_342' title='bbox 1422 4315 1516 4356; x_wconf 87' lang='lat' dir='ltr'><strong>eas</strong></span> <span class='ocrx_word' id='word_1_343' title='bbox 1541 4312 1677 4368; x_wconf 91' lang='lat' dir='ltr'><strong>quas</strong></span> <span class='ocrx_word' id='word_1_344' title='bbox 1711 4291 2016 4371; x_wconf 83' lang='lat' dir='ltr'><strong>superiores</strong></span> <span class='ocrx_word' id='word_1_345' title='bbox 2042 4300 2208 4343; x_wconf 88' lang='lat' dir='ltr'><strong>cano-</strong></span> 
     </span>
    </p>
   </div>
   <div class='ocr_carea' id='block_1_62' title="bbox 634 4378 2207 4472">
    <p class='ocr_par' dir='ltr' id='par_1_62' title="bbox 634 4378 2207 4472">
     <span class='ocr_line' id='line_1_62' title="bbox 634 4378 2207 4472; baseline -0.02 -10"><span class='ocrx_word' id='word_1_346' title='bbox 634 4421 735 4470; x_wconf 85' lang='lat' dir='ltr'><strong>nes</strong></span> <span class='ocrx_word' id='word_1_347' title='bbox 783 4404 1124 4472; x_wconf 91' lang='lat' dir='ltr'><strong>eloquuntur.</strong></span> <span class='ocrx_word' id='word_1_348' title='bbox 1173 4397 1231 4452; x_wconf 90' lang='lat' dir='ltr'><strong>Si</strong></span> <span class='ocrx_word' id='word_1_349' title='bbox 1276 4395 1399 4465; x_wconf 88' lang='lat' dir='ltr'><strong>quis</strong></span> <span class='ocrx_word' id='word_1_350' title='bbox 1439 4390 1759 4451; x_wconf 88' lang='lat' dir='ltr'><strong>clericorum</strong></span> <span class='ocrx_word' id='word_1_351' title='bbox 1808 4378 2207 4453; x_wconf 85' lang='lat' dir='ltr'><strong>suspectiouem</strong></span> 
     </span>
    </p>
   </div>
   <div class='ocr_carea' id='block_1_63' title="bbox 637 4471 2210 4569">
    <p class='ocr_par' dir='ltr' id='par_1_63' title="bbox 637 4471 2210 4569">
     <span class='ocr_line' id='line_1_63' title="bbox 637 4471 2210 4569; baseline -0.018 -17"><span class='ocrx_word' id='word_1_352' title='bbox 637 4488 1047 4569; x_wconf 80' lang='lat' dir='ltr'><strong>[suspicionem]</strong></span> <span class='ocrx_word' id='word_1_353' title='bbox 1069 4488 1347 4544; x_wconf 84' lang='lat' dir='ltr'><strong>adversam</strong></span> <span class='ocrx_word' id='word_1_354' title='bbox 1367 4523 1383 4550; x_wconf 95' lang='lat'><strong>,</strong></span> <span class='ocrx_word' id='word_1_355' title='bbox 1411 4479 1856 4536; x_wconf 87' lang='lat' dir='ltr'><strong>obtrectationem</strong></span> <span class='ocrx_word' id='word_1_356' title='bbox 1882 4474 1950 4529; x_wconf 92' lang='lat' dir='ltr'><strong>de</strong></span> <span class='ocrx_word' id='word_1_357' title='bbox 1985 4471 2210 4528; x_wconf 89' lang='lat' dir='ltr'><strong>muliere</strong></span> 
     </span>
    </p>
   </div>
   <div class='ocr_carea' id='block_1_64' title="bbox 2848 1954 3292 2013">
    <p class='ocr_par' dir='ltr' id='par_1_64' title="bbox 2848 1954 3292 2013">
     <span class='ocr_line' id='line_1_64' title="bbox 2848 1954 3292 2013; baseline -0.009 0"><span class='ocrx_word' id='word_1_358' title='bbox 2848 1955 3077 2013; x_wconf 82' lang='lat' dir='ltr'><strong>CAPUT</strong></span> <span class='ocrx_word' id='word_1_359' title='bbox 3106 1954 3292 2012; x_wconf 77' lang='lat' dir='ltr'><strong>XLIV.</strong></span> 
     </span>
    </p>
   </div>
   <div class='ocr_carea' id='block_1_65' title="bbox 2289 2076 3867 2143">
    <p class='ocr_par' dir='ltr' id='par_1_65' title="bbox 2289 2076 3867 2143">
     <span class='ocr_line' id='line_1_65' title="bbox 2289 2076 3867 2143; baseline -0.009 -6"><span class='ocrx_word' id='word_1_360' title='bbox 2289 2094 2357 2136; x_wconf 71' lang='lat' dir='ltr'><strong><em>DE</em></strong></span> <span class='ocrx_word' id='word_1_361' title='bbox 2391 2090 2677 2143; x_wconf 69' lang='lat' dir='ltr'><strong>BPIBCOPIS,</strong></span> <span class='ocrx_word' id='word_1_362' title='bbox 2708 2090 2810 2131; x_wconf 70' lang='grc' dir='ltr'>γει.</span> <span class='ocrx_word' id='word_1_363' title='bbox 2847 2087 3071 2128; x_wconf 72' lang='grc' dir='ltr'>ιιεῦυιιε</span> <span class='ocrx_word' id='word_1_364' title='bbox 3106 2082 3469 2136; x_wconf 68' lang='grc' dir='ltr'>αιειιιεοιιωι,</span> <span class='ocrx_word' id='word_1_365' title='bbox 3504 2081 3574 2121; x_wconf 72' lang='lat' dir='ltr'><strong>B&#39;l&#39;</strong></span> <span class='ocrx_word' id='word_1_366' title='bbox 3610 2076 3867 2123; x_wconf 69' lang='grc' dir='ltr'><strong>νεετιιυι</strong></span> 
     </span>
    </p>
   </div>
   <div class='ocr_carea' id='block_1_66' title="bbox 2895 2157 3261 2207">
    <p class='ocr_par' dir='ltr' id='par_1_66' title="bbox 2895 2157 3261 2207">
     <span class='ocr_line' id='line_1_66' title="bbox 2895 2157 3261 2207; baseline 0 -10"><span class='ocrx_word' id='word_1_367' title='bbox 2895 2158 3095 2207; x_wconf 66' lang='lat' dir='ltr'><strong>sonus,</strong></span> <span class='ocrx_word' id='word_1_368' title='bbox 3134 2157 3261 2197; x_wconf 77' lang='lat' dir='ltr'><strong>s&#39;rc.</strong></span> 
     </span>
    </p>
   </div>
   <div class='ocr_carea' id='block_1_67' title="bbox 2682 2249 3478 2325">
    <p class='ocr_par' dir='ltr' id='par_1_67' title="bbox 2682 2249 3478 2325">
     <span class='ocr_line' id='line_1_67' title="bbox 2682 2249 3478 2325; baseline -0.011 -12"><span class='ocrx_word' id='word_1_369' title='bbox 2682 2255 2864 2313; x_wconf 81' lang='lat' dir='ltr'><strong>Conon</strong></span> <span class='ocrx_word' id='word_1_370' title='bbox 2892 2254 3200 2325; x_wconf 78' lang='lat' dir='ltr'><strong>Africanus,</strong></span> <span class='ocrx_word' id='word_1_371' title='bbox 3229 2267 3340 2306; x_wconf 71' lang='lat' dir='ltr'><strong>trra</strong></span> <span class='ocrx_word' id='word_1_372' title='bbox 3368 2249 3395 2307; x_wconf 76' lang='grc'><strong>1</strong></span> <span class='ocrx_word' id='word_1_373' title='bbox 3463 2287 3478 2304; x_wconf 93' lang='grc'><strong>.</strong></span> 
     </span>
    </p>
   </div>
   <div class='ocr_carea' id='block_1_68' title="bbox 2365 2356 3865 2442">
    <p class='ocr_par' dir='ltr' id='par_1_68' title="bbox 2365 2356 3865 2442">
     <span class='ocr_line' id='line_1_68' title="bbox 2365 2356 3865 2442; baseline -0.012 -13"><span class='ocrx_word' id='word_1_374' title='bbox 2365 2371 2436 2429; x_wconf 88' lang='lat' dir='ltr'><strong>Ut</strong></span> <span class='ocrx_word' id='word_1_375' title='bbox 2461 2370 2743 2442; x_wconf 86' lang='lat' dir='ltr'><strong>episcopus</strong></span> <span class='ocrx_word' id='word_1_376' title='bbox 2775 2383 2884 2425; x_wconf 88' lang='lat' dir='ltr'><strong>non</strong></span> <span class='ocrx_word' id='word_1_377' title='bbox 2927 2366 3087 2438; x_wconf 74' lang='lat' dir='ltr'><strong>longe</strong></span> <span class='ocrx_word' id='word_1_378' title='bbox 3129 2364 3196 2421; x_wconf 89' lang='lat' dir='ltr'><strong>ab</strong></span> <span class='ocrx_word' id='word_1_379' title='bbox 3234 2362 3465 2419; x_wconf 88' lang='lat' dir='ltr'><strong>ecclesia</strong></span> <span class='ocrx_word' id='word_1_380' title='bbox 3520 2356 3865 2429; x_wconf 86' lang='lat' dir='ltr'><strong>hospitiolum</strong></span> 
     </span>
    </p>
   </div>
   <div class='ocr_carea' id='block_1_69' title="bbox 2292 2468 2511 2526">
    <p class='ocr_par' dir='ltr' id='par_1_69' title="bbox 2292 2468 2511 2526">
     <span class='ocr_line' id='line_1_69' title="bbox 2292 2468 2511 2526; baseline -0.037 1"><span class='ocrx_word' id='word_1_381' title='bbox 2292 2468 2511 2526; x_wconf 86' lang='lat' dir='ltr'><strong>habeat.</strong></span> 
     </span>
    </p>
   </div>
   <div class='ocr_carea' id='block_1_70' title="bbox 2928 2549 3218 2612">
    <p class='ocr_par' dir='ltr' id='par_1_70' title="bbox 2928 2549 3218 2612">
     <span class='ocr_line' id='line_1_70' title="bbox 2928 2549 3218 2612; baseline -0.003 -6"><span class='ocrx_word' id='word_1_382' title='bbox 2928 2550 3071 2612; x_wconf 68' lang='grc' dir='ltr'><strong>Αἶγα</strong></span> <span class='ocrx_word' id='word_1_383' title='bbox 3092 2549 3129 2605; x_wconf 79' lang='grc'><strong>2</strong></span> <span class='ocrx_word' id='word_1_384' title='bbox 3154 2561 3218 2605; x_wconf 78' lang='grc' dir='ltr'>ιιι.</span> 
     </span>
    </p>
   </div>
   <div class='ocr_carea' id='block_1_71' title="bbox 2367 2655 3869 2740">
    <p class='ocr_par' dir='ltr' id='par_1_71' title="bbox 2367 2655 3869 2740">
     <span class='ocr_line' id='line_1_71' title="bbox 2367 2655 3869 2740; baseline -0.014 -12"><span class='ocrx_word' id='word_1_385' title='bbox 2367 2670 2441 2728; x_wconf 91' lang='lat' dir='ltr'><strong>Ut</strong></span> <span class='ocrx_word' id='word_1_386' title='bbox 2463 2670 2747 2740; x_wconf 88' lang='lat' dir='ltr'><strong>episcopus</strong></span> <span class='ocrx_word' id='word_1_387' title='bbox 2790 2683 2846 2722; x_wconf 85' lang='lat' dir='ltr'><strong>tn</strong></span> <span class='ocrx_word' id='word_1_388' title='bbox 2873 2664 3100 2722; x_wconf 89' lang='lat' dir='ltr'><strong>ecclesia</strong></span> <span class='ocrx_word' id='word_1_389' title='bbox 3119 2703 3134 2728; x_wconf 93' lang='lat'><strong>,</strong></span> <span class='ocrx_word' id='word_1_390' title='bbox 3164 2662 3218 2717; x_wconf 89' lang='lat' dir='ltr'><strong>in</strong></span> <span class='ocrx_word' id='word_1_391' title='bbox 3247 2674 3506 2716; x_wconf 88' lang='lat' dir='ltr'><strong>consessu</strong></span> <span class='ocrx_word' id='word_1_392' title='bbox 3531 2655 3869 2729; x_wconf 85' lang='lat' dir='ltr'><strong>presbytero-</strong></span> 
     </span>
    </p>
   </div>
   <div class='ocr_carea' id='block_1_72' title="bbox 2295 2746 3871 2822">
    <p class='ocr_par' dir='ltr' id='par_1_72' title="bbox 2295 2746 3871 2822">
     <span class='ocr_line' id='line_1_72' title="bbox 2295 2746 3871 2822; baseline -0.01 -2"><span class='ocrx_word' id='word_1_393' title='bbox 2295 2778 2418 2822; x_wconf 83' lang='lat' dir='ltr'><strong>rum</strong></span> <span class='ocrx_word' id='word_1_394' title='bbox 2448 2761 2731 2818; x_wconf 87' lang='lat' dir='ltr'><strong>sublimior</strong></span> <span class='ocrx_word' id='word_1_395' title='bbox 2757 2759 2944 2814; x_wconf 90' lang='lat' dir='ltr'><strong>sedeat</strong></span> <span class='ocrx_word' id='word_1_396' title='bbox 2970 2773 2984 2810; x_wconf 88' lang='lat'><strong>:</strong></span> <span class='ocrx_word' id='word_1_397' title='bbox 3016 2757 3158 2810; x_wconf 84' lang='lat' dir='ltr'><strong>intra</strong></span> <span class='ocrx_word' id='word_1_398' title='bbox 3190 2755 3412 2809; x_wconf 84' lang='lat' dir='ltr'><strong>domum</strong></span> <span class='ocrx_word' id='word_1_399' title='bbox 3441 2764 3595 2814; x_wconf 86' lang='lat' dir='ltr'><strong>vero,</strong></span> <span class='ocrx_word' id='word_1_400' title='bbox 3615 2746 3871 2816; x_wconf 72' lang='lat' dir='ltr'><strong>collegam</strong></span> 
     </span>
    </p>
   </div>
   <div class='ocr_carea' id='block_1_73' title="bbox 2295 2852 3294 2926">
    <p class='ocr_par' dir='ltr' id='par_1_73' title="bbox 2295 2852 3294 2926">
     <span class='ocr_line' id='line_1_73' title="bbox 2295 2852 3294 2926; baseline -0.008 -14"><span class='ocrx_word' id='word_1_401' title='bbox 2295 2870 2355 2912; x_wconf 84' lang='lat' dir='ltr'><strong>se</strong></span> <span class='ocrx_word' id='word_1_402' title='bbox 2382 2855 2815 2926; x_wconf 80' lang='lat' dir='ltr'><strong>presbyterorum</strong></span> <span class='ocrx_word' id='word_1_403' title='bbox 2841 2864 2962 2905; x_wconf 89' lang='lat' dir='ltr'><strong>esse</strong></span> <span class='ocrx_word' id='word_1_404' title='bbox 2983 2852 3294 2920; x_wconf 61' lang='lat' dir='ltr'><strong>cognoscat.</strong></span> 
     </span>
    </p>
   </div>
   <div class='ocr_carea' id='block_1_74' title="bbox 2942 2962 3221 3018">
    <p class='ocr_par' dir='ltr' id='par_1_74' title="bbox 2942 2962 3221 3018">
     <span class='ocr_line' id='line_1_74' title="bbox 2942 2962 3221 3018; baseline -0.011 0"><span class='ocrx_word' id='word_1_405' title='bbox 2942 2962 3141 3018; x_wconf 63' lang='lat' dir='ltr'><strong>Afra?)</strong></span> <span class='ocrx_word' id='word_1_406' title='bbox 3170 2969 3221 3015; x_wconf 74' lang='grc'><strong>⁸³.</strong></span> 
     </span>
    </p>
   </div>
   <div class='ocr_carea' id='block_1_75' title="bbox 2371 3040 3872 3153">
    <p class='ocr_par' dir='ltr' id='par_1_75' title="bbox 2371 3040 3872 3153">
     <span class='ocr_line' id='line_1_75' title="bbox 2371 3040 3872 3153; baseline -0.015 -14"><span class='ocrx_word' id='word_1_407' title='bbox 2371 3082 2442 3140; x_wconf 87' lang='lat' dir='ltr'><strong>Ut</strong></span> <span class='ocrx_word' id='word_1_408' title='bbox 2476 3082 2759 3153; x_wconf 84' lang='lat' dir='ltr'><strong>episcopus</strong></span> <span class='ocrx_word' id='word_1_409' title='bbox 2792 3075 2996 3132; x_wconf 88' lang='lat' dir='ltr'><strong>nullam</strong></span> <span class='ocrx_word' id='word_1_410' title='bbox 3041 3072 3124 3128; x_wconf 88' lang='lat' dir='ltr'><strong>rei</strong></span> <span class='ocrx_word' id='word_1_411' title='bbox 3169 3067 3451 3126; x_wconf 80' lang='lat' dir='ltr'><strong>familiaris</strong></span> <span class='ocrx_word' id='word_1_412' title='bbox 3482 3040 3673 3121; x_wconf 76' lang='lat' dir='ltr'><strong>curam</strong></span> <span class='ocrx_word' id='word_1_413' title='bbox 3716 3060 3785 3116; x_wconf 84' lang='lat' dir='ltr'><strong>ad</strong></span> <span class='ocrx_word' id='word_1_414' title='bbox 3817 3076 3872 3117; x_wconf 84' lang='lat' dir='ltr'><strong>se</strong></span> 
     </span>
    </p>
   </div>
   <div class='ocr_carea' id='block_1_76' title="bbox 2222 3151 3874 3254">
    <p class='ocr_par' dir='ltr' id='par_1_76' title="bbox 2222 3151 3874 3254">
     <span class='ocr_line' id='line_1_76' title="bbox 2222 3151 3874 3254; baseline -0.016 -21"><span class='ocrx_word' id='word_1_415' title='bbox 2222 3190 2271 3254; x_wconf 75' lang='grc' dir='ltr'>ο</span> <span class='ocrx_word' id='word_1_416' title='bbox 2300 3151 2521 3231; x_wconf 81' lang='lat' dir='ltr'><strong>revocet</strong></span> <span class='ocrx_word' id='word_1_417' title='bbox 2546 3188 2562 3227; x_wconf 87' lang='lat'><strong>:</strong></span> <span class='ocrx_word' id='word_1_418' title='bbox 2598 3171 2691 3228; x_wconf 89' lang='lat' dir='ltr'><strong>sed</strong></span> <span class='ocrx_word' id='word_1_419' title='bbox 2716 3178 2776 3225; x_wconf 89' lang='lat' dir='ltr'><strong>ut</strong></span> <span class='ocrx_word' id='word_1_420' title='bbox 2802 3166 3016 3224; x_wconf 90' lang='lat' dir='ltr'><strong>lectioni</strong></span> <span class='ocrx_word' id='word_1_421' title='bbox 3044 3172 3099 3219; x_wconf 89' lang='lat' dir='ltr'><strong>et</strong></span> <span class='ocrx_word' id='word_1_422' title='bbox 3122 3161 3375 3226; x_wconf 83' lang='lat' dir='ltr'><strong>orationi,</strong></span> <span class='ocrx_word' id='word_1_423' title='bbox 3400 3159 3568 3214; x_wconf 92' lang='lat' dir='ltr'><strong>verbo</strong></span> <span class='ocrx_word' id='word_1_424' title='bbox 3590 3155 3690 3211; x_wconf 88' lang='lat' dir='ltr'><strong>Dei</strong></span> <span class='ocrx_word' id='word_1_425' title='bbox 3716 3151 3874 3225; x_wconf 73' lang='lat' dir='ltr'><strong>(Var.</strong></span> 
     </span>
    </p>
   </div>
   <div class='ocr_carea' id='block_1_77' title="bbox 2300 3250 3524 3337">
    <p class='ocr_par' dir='ltr' id='par_1_77' title="bbox 2300 3250 3524 3337">
     <span class='ocr_line' id='line_1_77' title="bbox 2300 3250 3524 3337; baseline -0.016 -18"><span class='ocrx_word' id='word_1_426' title='bbox 2300 3264 2447 3337; x_wconf 78' lang='lat' dir='ltr'><strong>edd.)</strong></span> <span class='ocrx_word' id='word_1_427' title='bbox 2478 3271 2532 3318; x_wconf 91' lang='lat' dir='ltr'><strong>et</strong></span> <span class='ocrx_word' id='word_1_428' title='bbox 2551 3256 2923 3331; x_wconf 78' lang='lat' dir='ltr'><strong>praedicationi</strong></span> <span class='ocrx_word' id='word_1_429' title='bbox 2948 3250 3319 3313; x_wconf 85' lang='lat' dir='ltr'><strong>tantummodo</strong></span> <span class='ocrx_word' id='word_1_430' title='bbox 3346 3256 3524 3305; x_wconf 89' lang='lat' dir='ltr'><strong>vacet.</strong></span> 
     </span>
    </p>
   </div>
   <div class='ocr_carea' id='block_1_78' title="bbox 2951 3364 3236 3421">
    <p class='ocr_par' dir='ltr' id='par_1_78' title="bbox 2951 3364 3236 3421">
     <span class='ocr_line' id='line_1_78' title="bbox 2951 3364 3236 3421; baseline -0.014 0"><span class='ocrx_word' id='word_1_431' title='bbox 2951 3365 3091 3421; x_wconf 65' lang='lat' dir='ltr'><strong>xEra</strong></span> <span class='ocrx_word' id='word_1_432' title='bbox 3118 3364 3154 3418; x_wconf 88' lang='lat'><strong>4</strong></span> <span class='ocrx_word' id='word_1_433' title='bbox 3187 3370 3236 3417; x_wconf 88' lang='lat'><strong>°.</strong></span> 
     </span>
    </p>
   </div>
   <div class='ocr_carea' id='block_1_79' title="bbox 2374 3442 3879 3535">
    <p class='ocr_par' dir='ltr' id='par_1_79' title="bbox 2374 3442 3879 3535">
     <span class='ocr_line' id='line_1_79' title="bbox 2374 3442 3879 3535; baseline -0.017 -13"><span class='ocrx_word' id='word_1_434' title='bbox 2374 3466 2444 3523; x_wconf 90' lang='lat' dir='ltr'><strong>Ut</strong></span> <span class='ocrx_word' id='word_1_435' title='bbox 2462 3465 2745 3535; x_wconf 80' lang='lat' dir='ltr'><strong>episcopus</strong></span> <span class='ocrx_word' id='word_1_436' title='bbox 2776 3458 2939 3516; x_wconf 85' lang='lat' dir='ltr'><strong>vilem</strong></span> <span class='ocrx_word' id='word_1_437' title='bbox 2960 3453 3347 3527; x_wconf 88' lang='lat' dir='ltr'><strong>supellectilem</strong></span> <span class='ocrx_word' id='word_1_438' title='bbox 3375 3458 3432 3507; x_wconf 92' lang='lat' dir='ltr'><strong>et</strong></span> <span class='ocrx_word' id='word_1_439' title='bbox 3459 3461 3700 3505; x_wconf 85' lang='lat' dir='ltr'><strong>mensam</strong></span> <span class='ocrx_word' id='word_1_440' title='bbox 3719 3442 3787 3515; x_wconf 74' lang='grc' dir='ltr'><strong>(ν</strong></span> <span class='ocrx_word' id='word_1_441' title='bbox 3797 3461 3879 3499; x_wconf 87' lang='lat' dir='ltr'><strong>ar.</strong></span> 
     </span>
    </p>
   </div>
   <div class='ocr_carea' id='block_1_80' title="bbox 2299 3537 3882 3627">
    <p class='ocr_par' dir='ltr' id='par_1_80' title="bbox 2299 3537 3882 3627">
     <span class='ocr_line' id='line_1_80' title="bbox 2299 3537 3882 3627; baseline -0.016 -13"><span class='ocrx_word' id='word_1_442' title='bbox 2299 3557 2446 3627; x_wconf 82' lang='lat' dir='ltr'><strong>edd.)</strong></span> <span class='ocrx_word' id='word_1_443' title='bbox 2471 3556 2684 3618; x_wconf 87' lang='lat' dir='ltr'><strong>habeat,</strong></span> <span class='ocrx_word' id='word_1_444' title='bbox 2713 3561 2769 3607; x_wconf 92' lang='lat' dir='ltr'><strong>et</strong></span> <span class='ocrx_word' id='word_1_445' title='bbox 2792 3550 2993 3606; x_wconf 90' lang='lat' dir='ltr'><strong>victum</strong></span> <span class='ocrx_word' id='word_1_446' title='bbox 3019 3558 3310 3618; x_wconf 87' lang='lat' dir='ltr'><strong>pauperem</strong></span> <span class='ocrx_word' id='word_1_447' title='bbox 3339 3560 3353 3597; x_wconf 89' lang='lat'><strong>:</strong></span> <span class='ocrx_word' id='word_1_448' title='bbox 3383 3549 3442 3596; x_wconf 89' lang='lat' dir='ltr'><strong>et</strong></span> <span class='ocrx_word' id='word_1_449' title='bbox 3466 3537 3750 3608; x_wconf 78' lang='lat' dir='ltr'><strong>dignitatis</strong></span> <span class='ocrx_word' id='word_1_450' title='bbox 3775 3550 3882 3591; x_wconf 66' lang='lat' dir='ltr'><strong>sua:</strong></span> 
     </span>
    </p>
   </div>
   <div class='ocr_carea' id='block_1_81' title="bbox 2302 3627 3883 3709">
    <p class='ocr_par' dir='ltr' id='par_1_81' title="bbox 2302 3627 3883 3709">
     <span class='ocr_line' id='line_1_81' title="bbox 2302 3627 3883 3709; baseline -0.017 -1"><span class='ocrx_word' id='word_1_451' title='bbox 2302 3649 2680 3709; x_wconf 87' lang='lat' dir='ltr'><strong>auctoritatem</strong></span> <span class='ocrx_word' id='word_1_452' title='bbox 2724 3644 2849 3705; x_wconf 83' lang='lat' dir='ltr'><strong>fidei</strong></span> <span class='ocrx_word' id='word_1_453' title='bbox 2890 3638 3054 3697; x_wconf 74' lang='lat' dir='ltr'><strong>itide1</strong></span> <span class='ocrx_word' id='word_1_454' title='bbox 3101 3646 3159 3694; x_wconf 90' lang='lat' dir='ltr'><strong>et</strong></span> <span class='ocrx_word' id='word_1_455' title='bbox 3207 3636 3334 3691; x_wconf 78' lang='lat' dir='ltr'><strong>vita:</strong></span> <span class='ocrx_word' id='word_1_456' title='bbox 3380 3631 3593 3689; x_wconf 86' lang='lat' dir='ltr'><strong>meritis</strong></span> <span class='ocrx_word' id='word_1_457' title='bbox 3636 3627 3883 3698; x_wconf 82' lang='lat' dir='ltr'><strong>acquirat</strong></span> 
     </span>
    </p>
   </div>
   <div class='ocr_carea' id='block_1_82' title="bbox 2304 3739 3093 3818">
    <p class='ocr_par' dir='ltr' id='par_1_82' title="bbox 2304 3739 3093 3818">
     <span class='ocr_line' id='line_1_82' title="bbox 2304 3739 3093 3818; baseline -0.018 -20"><span class='ocrx_word' id='word_1_458' title='bbox 2304 3739 2581 3816; x_wconf 67' lang='lat' dir='ltr'><strong>[quaerat].</strong></span> <span class='ocrx_word' id='word_1_459' title='bbox 3089 3813 3093 3818; x_wconf 18' lang='lat'><strong>‘</strong></span> 
     </span>
    </p>
   </div>
   <div class='ocr_carea' id='block_1_83' title="bbox 2950 3821 3226 3879">
    <p class='ocr_par' dir='ltr' id='par_1_83' title="bbox 2950 3821 3226 3879">
     <span class='ocr_line' id='line_1_83' title="bbox 2950 3821 3226 3879; baseline -0.018 1"><span class='ocrx_word' id='word_1_460' title='bbox 2950 3823 3089 3879; x_wconf 63' lang='lat' dir='ltr'><strong>IEra</strong></span> <span class='ocrx_word' id='word_1_461' title='bbox 3118 3821 3152 3877; x_wconf 82' lang='lat'><strong>5</strong></span> <span class='ocrx_word' id='word_1_462' title='bbox 3178 3831 3226 3875; x_wconf 77' lang='grc' dir='ltr'>Ρ.</span> 
     </span>
    </p>
   </div>
   <div class='ocr_carea' id='block_1_84' title="bbox 2377 3902 3887 3996">
    <p class='ocr_par' dir='ltr' id='par_1_84' title="bbox 2377 3902 3887 3996">
     <span class='ocr_line' id='line_1_84' title="bbox 2377 3902 3887 3996; baseline -0.019 -12"><span class='ocrx_word' id='word_1_463' title='bbox 2377 3928 2448 3984; x_wconf 85' lang='lat' dir='ltr'><strong>Ut</strong></span> <span class='ocrx_word' id='word_1_464' title='bbox 2471 3925 2758 3996; x_wconf 90' lang='lat' dir='ltr'><strong>episcopus</strong></span> <span class='ocrx_word' id='word_1_465' title='bbox 2780 3917 3059 3992; x_wconf 78' lang='lat' dir='ltr'><strong>gentilium</strong></span> <span class='ocrx_word' id='word_1_466' title='bbox 3083 3914 3252 3969; x_wconf 88' lang='lat' dir='ltr'><strong>libros</strong></span> <span class='ocrx_word' id='word_1_467' title='bbox 3274 3924 3382 3965; x_wconf 90' lang='lat' dir='ltr'><strong>non</strong></span> <span class='ocrx_word' id='word_1_468' title='bbox 3402 3908 3570 3996; x_wconf 71' lang='lat' dir='ltr'><strong>legat,</strong></span> <span class='ocrx_word' id='word_1_469' title='bbox 3599 3902 3887 3959; x_wconf 58' lang='lat' dir='ltr'><strong>heretico-</strong></span> 
     </span>
    </p>
   </div>
   <div class='ocr_carea' id='block_1_85' title="bbox 2304 3994 3887 4084">
    <p class='ocr_par' dir='ltr' id='par_1_85' title="bbox 2304 3994 3887 4084">
     <span class='ocr_line' id='line_1_85' title="bbox 2304 3994 3887 4084; baseline -0.019 -9"><span class='ocrx_word' id='word_1_470' title='bbox 2304 4034 2426 4075; x_wconf 85' lang='lat' dir='ltr'><strong>rum</strong></span> <span class='ocrx_word' id='word_1_471' title='bbox 2452 3994 2632 4071; x_wconf 82' lang='lat' dir='ltr'><strong>autem</strong></span> <span class='ocrx_word' id='word_1_472' title='bbox 2662 4028 2760 4084; x_wconf 86' lang='lat' dir='ltr'><strong>pro</strong></span> <span class='ocrx_word' id='word_1_473' title='bbox 2786 4007 3111 4067; x_wconf 83' lang='lat' dir='ltr'><strong>necessitate</strong></span> <span class='ocrx_word' id='word_1_474' title='bbox 3154 4011 3210 4057; x_wconf 92' lang='lat' dir='ltr'><strong>et</strong></span> <span class='ocrx_word' id='word_1_475' title='bbox 3242 4008 3485 4069; x_wconf 89' lang='lat' dir='ltr'><strong>tempore</strong></span> <span class='ocrx_word' id='word_1_476' title='bbox 3514 3994 3651 4069; x_wconf 80' lang='lat' dir='ltr'><strong>[Al.,</strong></span> <span class='ocrx_word' id='word_1_477' title='bbox 3680 4002 3887 4064; x_wconf 80' lang='lat' dir='ltr'><strong>tempo-</strong></span> 
     </span>
    </p>
   </div>
   <div class='ocr_carea' id='block_1_86' title="bbox 2305 4104 2637 4176">
    <p class='ocr_par' dir='ltr' id='par_1_86' title="bbox 2305 4104 2637 4176">
     <span class='ocr_line' id='line_1_86' title="bbox 2305 4104 2637 4176; baseline -0.024 -10"><span class='ocrx_word' id='word_1_478' title='bbox 2305 4110 2384 4173; x_wconf 85' lang='lat' dir='ltr'><strong>ris</strong></span> <span class='ocrx_word' id='word_1_479' title='bbox 2405 4124 2510 4162; x_wconf 90' lang='lat' dir='ltr'><strong>om.</strong></span> <span class='ocrx_word' id='word_1_480' title='bbox 2540 4104 2637 4176; x_wconf 88' lang='lat' dir='ltr'><strong>et].</strong></span> 
     </span>
    </p>
   </div>
   <div class='ocr_carea' id='block_1_87' title="bbox 2954 4184 3235 4245">
    <p class='ocr_par' dir='ltr' id='par_1_87' title="bbox 2954 4184 3235 4245">
     <span class='ocr_line' id='line_1_87' title="bbox 2954 4184 3235 4245; baseline -0.036 -1"><span class='ocrx_word' id='word_1_481' title='bbox 2954 4184 3235 4245; x_wconf 53' lang='lat' dir='ltr'><strong>Erat“.</strong></span> 
     </span>
    </p>
   </div>
   <div class='ocr_carea' id='block_1_88' title="bbox 2380 4266 3890 4362">
    <p class='ocr_par' dir='ltr' id='par_1_88' title="bbox 2380 4266 3890 4362">
     <span class='ocr_line' id='line_1_88' title="bbox 2380 4266 3890 4362; baseline -0.019 -15"><span class='ocrx_word' id='word_1_482' title='bbox 2380 4291 2449 4348; x_wconf 88' lang='lat' dir='ltr'><strong>Ut</strong></span> <span class='ocrx_word' id='word_1_483' title='bbox 2471 4289 2754 4362; x_wconf 85' lang='lat' dir='ltr'><strong>episcopus</strong></span> <span class='ocrx_word' id='word_1_484' title='bbox 2777 4281 3063 4339; x_wconf 87' lang='lat' dir='ltr'><strong>tuitionem</strong></span> <span class='ocrx_word' id='word_1_485' title='bbox 3085 4279 3535 4332; x_wconf 86' lang='lat' dir='ltr'><strong>testamentorum</strong></span> <span class='ocrx_word' id='word_1_486' title='bbox 3566 4282 3677 4321; x_wconf 89' lang='lat' dir='ltr'><strong>non</strong></span> <span class='ocrx_word' id='word_1_487' title='bbox 3720 4266 3890 4321; x_wconf 84' lang='lat' dir='ltr'><strong>susei-</strong></span> 
     </span>
    </p>
   </div>
   <div class='ocr_carea' id='block_1_89' title="bbox 2308 4385 2441 4456">
    <p class='ocr_par' dir='ltr' id='par_1_89' title="bbox 2308 4385 2441 4456">
     <span class='ocr_line' id='line_1_89' title="bbox 2308 4385 2441 4456; baseline -0.008 -16"><span class='ocrx_word' id='word_1_488' title='bbox 2308 4385 2441 4456; x_wconf 87' lang='lat' dir='ltr'><strong>piat.</strong></span> 
     </span>
    </p>
   </div>
   <div class='ocr_carea' id='block_1_90' title="bbox 636 4540 3892 4656">
    <p class='ocr_par' dir='ltr' id='par_1_90' title="bbox 636 4540 3892 4656">
     <span class='ocr_line' id='line_1_90' title="bbox 636 4540 3892 4656; baseline -0.014 -16"><span class='ocrx_word' id='word_1_489' title='bbox 636 4540 956 4656; x_wconf 61' lang='lat' dir='ltr'><strong>qnacrunque</strong></span> <span class='ocrx_word' id='word_1_490' title='bbox 983 4540 1295 4653; x_wconf 65' lang='lat' dir='ltr'><strong>[fortassis]</strong></span> <span class='ocrx_word' id='word_1_491' title='bbox 1322 4571 1609 4630; x_wconf 89' lang='lat' dir='ltr'><strong>incurrerit</strong></span> <span class='ocrx_word' id='word_1_492' title='bbox 1635 4583 1651 4623; x_wconf 92' lang='lat'><strong>:</strong></span> <span class='ocrx_word' id='word_1_493' title='bbox 1680 4566 1863 4623; x_wconf 88' lang='lat' dir='ltr'><strong>statim</strong></span> <span class='ocrx_word' id='word_1_494' title='bbox 1895 4563 2118 4636; x_wconf 67' lang='lat' dir='ltr'><strong>(Quoad.</strong></span> <span class='ocrx_word' id='word_1_495' title='bbox 2149 4563 2205 4617; x_wconf 83' lang='lat' dir='ltr'><strong>in</strong></span> <span class='ocrx_word' id='word_1_496' title='bbox 2234 4555 2288 4616; x_wconf 83' lang='grc' dir='ltr'>ι)</span> <span class='ocrx_word' id='word_1_497' title='bbox 2380 4563 2452 4621; x_wconf 87' lang='lat' dir='ltr'><strong>Ut</strong></span> <span class='ocrx_word' id='word_1_498' title='bbox 2484 4561 2770 4632; x_wconf 86' lang='lat' dir='ltr'><strong>episcopus</strong></span> <span class='ocrx_word' id='word_1_499' title='bbox 2812 4544 3598 4628; x_wconf 79' lang='lat' dir='ltr'><strong>gubernationemviduarum,</strong></span> <span class='ocrx_word' id='word_1_500' title='bbox 3626 4548 3682 4597; x_wconf 87' lang='lat' dir='ltr'><strong>et</strong></span> <span class='ocrx_word' id='word_1_501' title='bbox 3710 4540 3892 4611; x_wconf 77' lang='lat' dir='ltr'><strong>pupil—</strong></span> 
     </span>
     <span class='ocr_line' id='line_1_91' title="bbox 2164 4633 3867 4656; baseline 0 0"><span class='ocrx_word' id='word_1_502' title='bbox 2164 4653 2171 4656; x_wconf 89' lang='lat'><em>_</em></span> <span class='ocrx_word' id='word_1_503' title='bbox 2820 4649 2831 4656; x_wconf 95' lang='lat'><strong>.</strong></span> <span class='ocrx_word' id='word_1_504' title='bbox 3310 4655 3315 4656; x_wconf 63' lang='lat'><strong>,</strong></span> <span class='ocrx_word' id='word_1_505' title='bbox 3350 4652 3397 4656; x_wconf 49' lang='grc' dir='ltr'>η</span> <span class='ocrx_word' id='word_1_506' title='bbox 3462 4633 3550 4656; x_wconf 61' lang='grc' dir='ltr'><strong>--λ</strong></span> <span class='ocrx_word' id='word_1_507' title='bbox 3578 4649 3677 4656; x_wconf 69' lang='lat'><strong>_-_</strong></span> <span class='ocrx_word' id='word_1_508' title='bbox 3702 4633 3867 4656; x_wconf 43' lang='lat' dir='ltr'><strong>ﬂ-”</strong></span> 
     </span>
    </p>
   </div>
   <div class='ocr_carea' id='block_1_91' title="bbox 636 4653 2208 4746">
    <p class='ocr_par' dir='ltr' id='par_1_91' title="bbox 636 4653 2208 4746">
     <span class='ocr_line' id='line_1_92' title="bbox 636 4653 2208 4746; baseline -0.015 -13"><span class='ocrx_word' id='word_1_509' title='bbox 636 4653 758 4732; x_wconf 64' lang='lat' dir='ltr'><strong>edd.</strong></span> <span class='ocrx_word' id='word_1_510' title='bbox 783 4674 934 4746; x_wconf 79' lang='lat' dir='ltr'><strong>add.)</strong></span> <span class='ocrx_word' id='word_1_511' title='bbox 960 4687 1083 4727; x_wconf 89' lang='lat' dir='ltr'><strong>eam</strong></span> <span class='ocrx_word' id='word_1_512' title='bbox 1111 4669 1330 4745; x_wconf 23' lang='lat' dir='ltr'><strong>abj‘iciat</strong></span> <span class='ocrx_word' id='word_1_513' title='bbox 1353 4665 1423 4738; x_wconf 90' lang='lat' dir='ltr'><strong>[si</strong></span> <span class='ocrx_word' id='word_1_514' title='bbox 1444 4670 1590 4719; x_wconf 88' lang='lat' dir='ltr'><strong>certe</strong></span> <span class='ocrx_word' id='word_1_515' title='bbox 1614 4666 1868 4720; x_wconf 79' lang='lat' dir='ltr'><strong>extranea</strong></span> <span class='ocrx_word' id='word_1_516' title='bbox 1897 4663 1951 4711; x_wconf 90' lang='lat' dir='ltr'><strong>et</strong></span> <span class='ocrx_word' id='word_1_517' title='bbox 1970 4656 2053 4712; x_wconf 91' lang='lat' dir='ltr'><strong>sui</strong></span> <span class='ocrx_word' id='word_1_518' title='bbox 2068 4653 2208 4725; x_wconf 86' lang='lat' dir='ltr'><strong>juris</strong></span> 
     </span>
    </p>
   </div>
   <div class='ocr_carea' id='block_1_92' title="bbox 637 4747 2205 4840">
    <p class='ocr_par' dir='ltr' id='par_1_92' title="bbox 637 4747 2205 4840">
     <span class='ocr_line' id='line_1_93' title="bbox 637 4747 2205 4840; baseline -0.015 -15"><span class='ocrx_word' id='word_1_519' title='bbox 637 4768 742 4840; x_wconf 86' lang='lat' dir='ltr'><strong>est]</strong></span> <span class='ocrx_word' id='word_1_520' title='bbox 775 4786 789 4822; x_wconf 77' lang='grc' dir='ltr'>ε</span> <span class='ocrx_word' id='word_1_521' title='bbox 817 4775 873 4823; x_wconf 90' lang='lat' dir='ltr'><strong>et</strong></span> <span class='ocrx_word' id='word_1_522' title='bbox 896 4767 972 4820; x_wconf 87' lang='lat' dir='ltr'><strong>ita</strong></span> <span class='ocrx_word' id='word_1_523' title='bbox 1008 4778 1128 4819; x_wconf 89' lang='lat' dir='ltr'><strong>eam</strong></span> <span class='ocrx_word' id='word_1_524' title='bbox 1157 4758 1406 4815; x_wconf 90' lang='lat' dir='ltr'><strong>omnibus</strong></span> <span class='ocrx_word' id='word_1_525' title='bbox 1434 4752 1833 4811; x_wconf 89' lang='lat' dir='ltr'><strong>conditionibus</strong></span> <span class='ocrx_word' id='word_1_526' title='bbox 1860 4748 2071 4804; x_wconf 89' lang='lat' dir='ltr'><strong>studeat</strong></span> <span class='ocrx_word' id='word_1_527' title='bbox 2089 4747 2205 4802; x_wconf 83' lang='lat' dir='ltr'><strong>evi-</strong></span> 
     </span>
    </p>
   </div>
   <div class='ocr_carea' id='block_1_93' title="bbox 638 4838 2221 4922">
    <p class='ocr_par' dir='ltr' id='par_1_93' title="bbox 638 4838 2221 4922">
     <span class='ocr_line' id='line_1_94' title="bbox 638 4838 2221 4922; baseline -0.014 -9"><span class='ocrx_word' id='word_1_528' title='bbox 638 4838 773 4922; x_wconf 74' lang='lat' dir='ltr'><strong>tare,</strong></span> <span class='ocrx_word' id='word_1_529' title='bbox 803 4865 864 4912; x_wconf 93' lang='lat' dir='ltr'><strong>ut</strong></span> <span class='ocrx_word' id='word_1_530' title='bbox 888 4854 1107 4912; x_wconf 80' lang='lat' dir='ltr'><strong>infamia</strong></span> <span class='ocrx_word' id='word_1_531' title='bbox 1124 4867 1243 4922; x_wconf 75' lang='lat' dir='ltr'><strong>qua:</strong></span> <span class='ocrx_word' id='word_1_532' title='bbox 1263 4848 1495 4905; x_wconf 75' lang='lat' dir='ltr'><strong>excitata</strong></span> <span class='ocrx_word' id='word_1_533' title='bbox 1516 4853 1599 4902; x_wconf 90' lang='lat' dir='ltr'><strong>est</strong></span> <span class='ocrx_word' id='word_1_534' title='bbox 1622 4845 1930 4910; x_wconf 77' lang='lat' dir='ltr'><strong>abrogetur.</strong></span> <span class='ocrx_word' id='word_1_535' title='bbox 1957 4838 2059 4906; x_wconf 81' lang='lat' dir='ltr'><strong>Qui</strong></span> <span class='ocrx_word' id='word_1_536' title='bbox 2079 4853 2221 4893; x_wconf 52' lang='lat' dir='ltr'><strong>vero.</strong></span> 
     </span>
    </p>
   </div>
   <div class='ocr_carea' id='block_1_94' title="bbox 638 4928 2207 5013">
    <p class='ocr_par' dir='ltr' id='par_1_94' title="bbox 638 4928 2207 5013">
     <span class='ocr_line' id='line_1_95' title="bbox 638 4928 2207 5013; baseline -0.016 -6"><span class='ocrx_word' id='word_1_537' title='bbox 638 4950 755 5008; x_wconf 74' lang='lat' dir='ltr'><strong>hunc</strong></span> <span class='ocrx_word' id='word_1_538' title='bbox 781 4963 888 5003; x_wconf 89' lang='lat' dir='ltr'><strong>non</strong></span> <span class='ocrx_word' id='word_1_539' title='bbox 916 4942 1187 5008; x_wconf 85' lang='lat' dir='ltr'><strong>vitaverit,</strong></span> <span class='ocrx_word' id='word_1_540' title='bbox 1214 4956 1312 5013; x_wconf 89' lang='lat' dir='ltr'><strong>pro</strong></span> <span class='ocrx_word' id='word_1_541' title='bbox 1348 4934 1712 4997; x_wconf 86' lang='lat' dir='ltr'><strong>inobcdientia</strong></span> <span class='ocrx_word' id='word_1_542' title='bbox 1745 4946 1841 4988; x_wconf 91' lang='lat' dir='ltr'><strong>sua</strong></span> <span class='ocrx_word' id='word_1_543' title='bbox 1865 4928 2084 4988; x_wconf 85' lang='lat' dir='ltr'><strong>triennii</strong></span> <span class='ocrx_word' id='word_1_544' title='bbox 2110 4943 2207 4993; x_wconf 62' lang='lat' dir='ltr'><strong>ex-</strong></span> 
     </span>
    </p>
   </div>
   <div class='ocr_carea' id='block_1_95' title="bbox 641 5032 1548 5105">
    <p class='ocr_par' dir='ltr' id='par_1_95' title="bbox 641 5032 1548 5105">
     <span class='ocr_line' id='line_1_96' title="bbox 641 5032 1548 5105; baseline -0.019 -6"><span class='ocrx_word' id='word_1_545' title='bbox 641 5038 1124 5105; x_wconf 83' lang='lat' dir='ltr'><strong>communicatione</strong></span> <span class='ocrx_word' id='word_1_546' title='bbox 1150 5032 1459 5089; x_wconf 68' lang='lat' dir='ltr'><strong>mulcte‘tur.</strong></span> <span class='ocrx_word' id='word_1_547' title='bbox 1544 5034 1548 5038; x_wconf 84' lang='grc'><strong>·</strong></span> 
     </span>
    </p>
   </div>
   <div class='ocr_carea' id='block_1_96' title="bbox 714 5178 1607 5247">
    <p class='ocr_par' dir='ltr' id='par_1_96' title="bbox 714 5178 1607 5247">
     <span class='ocr_line' id='line_1_97' title="bbox 714 5178 1607 5247; baseline -0.016 -1"><span class='ocrx_word' id='word_1_548' title='bbox 714 5201 741 5231; x_wconf 76' lang='grc' dir='ltr'><strong>ι</strong></span> <span class='ocrx_word' id='word_1_549' title='bbox 779 5189 943 5245; x_wconf 90' lang='lat' dir='ltr'><strong>Cone.</strong></span> <span class='ocrx_word' id='word_1_550' title='bbox 979 5187 1357 5243; x_wconf 84' lang='lat' dir='ltr'><strong>Matisconens.</strong></span> <span class='ocrx_word' id='word_1_551' title='bbox 1381 5195 1489 5247; x_wconf 78' lang='lat' dir='ltr'><strong>t,c.</strong></span> <span class='ocrx_word' id='word_1_552' title='bbox 1519 5178 1607 5233; x_wconf 81' lang='lat' dir='ltr'><strong>l0.</strong></span> 
     </span>
    </p>
   </div>
   <div class='ocr_carea' id='block_1_97' title="bbox 713 5244 2033 5314">
    <p class='ocr_par' dir='ltr' id='par_1_97' title="bbox 713 5244 2033 5314">
     <span class='ocr_line' id='line_1_98' title="bbox 713 5244 2033 5314; baseline -0.013 1"><span class='ocrx_word' id='word_1_553' title='bbox 713 5259 744 5300; x_wconf 67' lang='grc' dir='ltr'>δ</span> <span class='ocrx_word' id='word_1_554' title='bbox 778 5244 908 5314; x_wconf 52' lang='grc' dir='ltr'>ἦν.</span> <span class='ocrx_word' id='word_1_555' title='bbox 939 5259 1061 5314; x_wconf 92' lang='lat' dir='ltr'><strong>edd.</strong></span> <span class='ocrx_word' id='word_1_556' title='bbox 1097 5256 1229 5311; x_wconf 81' lang='lat' dir='ltr'><strong>Vide</strong></span> <span class='ocrx_word' id='word_1_557' title='bbox 1255 5244 1420 5309; x_wconf 82' lang='lat' dir='ltr'><strong>notas</strong></span> <span class='ocrx_word' id='word_1_558' title='bbox 1436 5251 1538 5305; x_wconf 91' lang='lat' dir='ltr'><strong>viri</strong></span> <span class='ocrx_word' id='word_1_559' title='bbox 1554 5248 1623 5304; x_wconf 92' lang='lat' dir='ltr'><strong>cl.</strong></span> <span class='ocrx_word' id='word_1_560' title='bbox 1654 5245 1705 5301; x_wconf 74' lang='grc' dir='ltr'>Σ.</span> <span class='ocrx_word' id='word_1_561' title='bbox 1739 5244 2033 5302; x_wconf 89' lang='lat' dir='ltr'><strong>Sirmondi.</strong></span> 
     </span>
    </p>
   </div>
   <div class='ocr_carea' id='block_1_98' title="bbox 715 5319 1703 5388">
    <p class='ocr_par' dir='ltr' id='par_1_98' title="bbox 715 5319 1703 5388">
     <span class='ocr_line' id='line_1_99' title="bbox 715 5319 1703 5388; baseline -0.013 -4"><span class='ocrx_word' id='word_1_562' title='bbox 715 5341 740 5370; x_wconf 72' lang='grc' dir='ltr'>ε</span> <span class='ocrx_word' id='word_1_563' title='bbox 781 5328 908 5385; x_wconf 80' lang='lat' dir='ltr'><strong>Var.</strong></span> <span class='ocrx_word' id='word_1_564' title='bbox 940 5328 1061 5382; x_wconf 87' lang='lat' dir='ltr'><strong>edd.</strong></span> <span class='ocrx_word' id='word_1_565' title='bbox 1113 5325 1246 5381; x_wconf 74' lang='lat' dir='ltr'><strong>Vide</strong></span> <span class='ocrx_word' id='word_1_566' title='bbox 1270 5330 1426 5378; x_wconf 89' lang='lat' dir='ltr'><strong>notas</strong></span> <span class='ocrx_word' id='word_1_567' title='bbox 1443 5319 1703 5388; x_wconf 79' lang='lat' dir='ltr'><strong>ejusdem.</strong></span> 
     </span>
    </p>
   </div>
   <div class='ocr_carea' id='block_1_99' title="bbox 714 5396 1665 5467">
    <p class='ocr_par' dir='ltr' id='par_1_99' title="bbox 714 5396 1665 5467">
     <span class='ocr_line' id='line_1_100' title="bbox 714 5396 1665 5467; baseline -0.018 -10"><span class='ocrx_word' id='word_1_568' title='bbox 714 5399 742 5443; x_wconf 69' lang='grc' dir='ltr'><em>δ</em></span> <span class='ocrx_word' id='word_1_569' title='bbox 776 5399 976 5467; x_wconf 87' lang='lat' dir='ltr'><strong>Interp.</strong></span> <span class='ocrx_word' id='word_1_570' title='bbox 1001 5396 1225 5467; x_wconf 37' lang='lat' dir='ltr'><strong>Ruﬁni,</strong></span> <span class='ocrx_word' id='word_1_571' title='bbox 1600 5458 1632 5467; x_wconf 43' lang='grc' dir='ltr'><strong>Α</strong></span> <span class='ocrx_word' id='word_1_572' title='bbox 1662 5400 1665 5405; x_wconf 93' lang='grc'>·</span> 
     </span>
    </p>
   </div>
   <div class='ocr_carea' id='block_1_100' title="bbox 717 5453 1972 5530">
    <p class='ocr_par' dir='ltr' id='par_1_100' title="bbox 717 5453 1972 5530">
     <span class='ocr_line' id='line_1_101' title="bbox 717 5453 1972 5530; baseline -0.017 0"><span class='ocrx_word' id='word_1_573' title='bbox 717 5481 742 5512; x_wconf 84' lang='lat'><strong><em>°</em></strong></span> <span class='ocrx_word' id='word_1_574' title='bbox 780 5453 854 5529; x_wconf 75' lang='lat' dir='ltr'><strong>Id.</strong></span> <span class='ocrx_word' id='word_1_575' title='bbox 886 5453 941 5524; x_wconf 71' lang='lat' dir='ltr'><strong>in</strong></span> <span class='ocrx_word' id='word_1_576' title='bbox 965 5466 1084 5525; x_wconf 83' lang='lat' dir='ltr'><strong>cod.</strong></span> <span class='ocrx_word' id='word_1_577' title='bbox 1110 5465 1301 5530; x_wconf 52' lang='lat' dir='ltr'><strong>Bari»;</strong></span> <span class='ocrx_word' id='word_1_578' title='bbox 1327 5476 1477 5519; x_wconf 89' lang='lat' dir='ltr'><strong>conc.</strong></span> <span class='ocrx_word' id='word_1_579' title='bbox 1516 5476 1569 5515; x_wconf 81' lang='lat' dir='ltr'><strong>iv</strong></span> <span class='ocrx_word' id='word_1_580' title='bbox 1593 5457 1776 5519; x_wconf 86' lang='lat' dir='ltr'><strong>Carth.</strong></span> <span class='ocrx_word' id='word_1_581' title='bbox 1803 5471 1853 5512; x_wconf 92' lang='lat' dir='ltr'><strong>c.</strong></span> <span class='ocrx_word' id='word_1_582' title='bbox 1884 5453 1972 5510; x_wconf 88' lang='lat'><strong>46.</strong></span> 
     </span>
    </p>
   </div>
   <div class='ocr_carea' id='block_1_101' title="bbox 717 5531 1523 5597">
    <p class='ocr_par' dir='ltr' id='par_1_101' title="bbox 717 5531 1523 5597">
     <span class='ocr_line' id='line_1_102' title="bbox 717 5531 1523 5597; baseline -0.016 1"><span class='ocrx_word' id='word_1_583' title='bbox 717 5540 739 5580; x_wconf 71' lang='grc' dir='ltr'>ί</span> <span class='ocrx_word' id='word_1_584' title='bbox 781 5536 985 5597; x_wconf 89' lang='lat' dir='ltr'><strong>Concil.</strong></span> <span class='ocrx_word' id='word_1_585' title='bbox 1012 5535 1287 5590; x_wconf 76' lang='lat' dir='ltr'><strong>Matiscon.</strong></span> <span class='ocrx_word' id='word_1_586' title='bbox 1318 5550 1361 5596; x_wconf 90' lang='grc' dir='ltr'>ι,</span> <span class='ocrx_word' id='word_1_587' title='bbox 1389 5548 1439 5587; x_wconf 89' lang='lat' dir='ltr'><strong>c.</strong></span> <span class='ocrx_word' id='word_1_588' title='bbox 1469 5531 1523 5586; x_wconf 75' lang='lat'><strong>5.</strong></span> 
     </span>
    </p>
   </div>
   <div class='ocr_carea' id='block_1_102' title="bbox 716 5601 1438 5668">
    <p class='ocr_par' dir='ltr' id='par_1_102' title="bbox 716 5601 1438 5668">
     <span class='ocr_line' id='line_1_103' title="bbox 716 5601 1438 5668; baseline -0.017 -1"><span class='ocrx_word' id='word_1_589' title='bbox 716 5613 741 5652; x_wconf 77' lang='grc'>⁸</span> <span class='ocrx_word' id='word_1_590' title='bbox 778 5608 943 5666; x_wconf 88' lang='lat' dir='ltr'><strong>Cone.</strong></span> <span class='ocrx_word' id='word_1_591' title='bbox 980 5604 1160 5660; x_wconf 87' lang='lat' dir='ltr'><strong>Aurel.</strong></span> <span class='ocrx_word' id='word_1_592' title='bbox 1193 5620 1275 5668; x_wconf 85' lang='lat' dir='ltr'><strong>Ill,</strong></span> <span class='ocrx_word' id='word_1_593' title='bbox 1305 5619 1355 5658; x_wconf 89' lang='lat' dir='ltr'><strong>c.</strong></span> <span class='ocrx_word' id='word_1_594' title='bbox 1385 5601 1438 5655; x_wconf 88' lang='lat'><strong>4.</strong></span> 
     </span>
    </p>
   </div>
   <div class='ocr_carea' id='block_1_103' title="bbox 716 5665 1778 5735">
    <p class='ocr_par' dir='ltr' id='par_1_103' title="bbox 716 5665 1778 5735">
     <span class='ocr_line' id='line_1_104' title="bbox 716 5665 1778 5735; baseline -0.016 1"><span class='ocrx_word' id='word_1_595' title='bbox 716 5681 745 5722; x_wconf 68' lang='grc' dir='ltr'><strong>ιι</strong></span> <span class='ocrx_word' id='word_1_596' title='bbox 784 5679 912 5735; x_wconf 72' lang='lat' dir='ltr'><strong>Yar.</strong></span> <span class='ocrx_word' id='word_1_597' title='bbox 941 5675 1062 5731; x_wconf 85' lang='lat' dir='ltr'><strong>edd.</strong></span> <span class='ocrx_word' id='word_1_598' title='bbox 1091 5672 1226 5729; x_wconf 79' lang='lat' dir='ltr'><strong>Vide</strong></span> <span class='ocrx_word' id='word_1_599' title='bbox 1250 5665 1360 5729; x_wconf 81' lang='lat' dir='ltr'><strong>not.</strong></span> <span class='ocrx_word' id='word_1_600' title='bbox 1392 5670 1460 5725; x_wconf 86' lang='lat' dir='ltr'><strong>cl.</strong></span> <span class='ocrx_word' id='word_1_601' title='bbox 1487 5665 1778 5724; x_wconf 89' lang='lat' dir='ltr'><strong>Sirmondi.</strong></span> 
     </span>
    </p>
   </div>
   <div class='ocr_carea' id='block_1_104' title="bbox 723 5742 1422 5809">
    <p class='ocr_par' dir='ltr' id='par_1_104' title="bbox 723 5742 1422 5809">
     <span class='ocr_line' id='line_1_105' title="bbox 723 5742 1422 5809; baseline -0.014 -4"><span class='ocrx_word' id='word_1_602' title='bbox 723 5751 741 5794; x_wconf 68' lang='grc' dir='ltr'><strong>ἱ</strong></span> <span class='ocrx_word' id='word_1_603' title='bbox 785 5748 950 5804; x_wconf 88' lang='lat' dir='ltr'><strong>Cone.</strong></span> <span class='ocrx_word' id='word_1_604' title='bbox 979 5743 1163 5801; x_wconf 83' lang='lat' dir='ltr'><strong>Aurel.</strong></span> <span class='ocrx_word' id='word_1_605' title='bbox 1191 5760 1230 5809; x_wconf 86' lang='grc' dir='ltr'>ι,</span> <span class='ocrx_word' id='word_1_606' title='bbox 1255 5758 1305 5797; x_wconf 91' lang='lat' dir='ltr'><strong>c.</strong></span> <span class='ocrx_word' id='word_1_607' title='bbox 1336 5742 1422 5796; x_wconf 76' lang='grc'>15.</span> 
     </span>
    </p>
   </div>
   <div class='ocr_carea' id='block_1_105' title="bbox 723 5806 1660 5889">
    <p class='ocr_par' dir='ltr' id='par_1_105' title="bbox 723 5806 1660 5889">
     <span class='ocr_line' id='line_1_106' title="bbox 723 5806 1660 5889; baseline -0.011 -19"><span class='ocrx_word' id='word_1_608' title='bbox 723 5817 737 5870; x_wconf 82' lang='grc' dir='ltr'><strong>ι</strong></span> <span class='ocrx_word' id='word_1_609' title='bbox 785 5816 1042 5889; x_wconf 60' lang='lat' dir='ltr'><strong>Quadam</strong></span> <span class='ocrx_word' id='word_1_610' title='bbox 1067 5813 1191 5870; x_wconf 80' lang='lat' dir='ltr'><strong>Var.</strong></span> <span class='ocrx_word' id='word_1_611' title='bbox 1217 5806 1279 5869; x_wconf 83' lang='lat' dir='ltr'><strong>et</strong></span> <span class='ocrx_word' id='word_1_612' title='bbox 1306 5811 1425 5868; x_wconf 86' lang='lat' dir='ltr'><strong>add.</strong></span> <span class='ocrx_word' id='word_1_613' title='bbox 1459 5809 1514 5865; x_wconf 91' lang='lat' dir='ltr'><strong>in</strong></span> <span class='ocrx_word' id='word_1_614' title='bbox 1540 5806 1660 5865; x_wconf 90' lang='lat' dir='ltr'><strong>edd.</strong></span> 
     </span>
    </p>
   </div>
   <div class='ocr_carea' id='block_1_106' title="bbox 2306 4633 3892 4723">
    <p class='ocr_par' dir='ltr' id='par_1_106' title="bbox 2306 4633 3892 4723">
     <span class='ocr_line' id='line_1_107' title="bbox 2306 4633 3892 4723; baseline -0.017 -10"><span class='ocrx_word' id='word_1_615' title='bbox 2306 4658 2503 4721; x_wconf 87' lang='lat' dir='ltr'><strong>lorum,</strong></span> <span class='ocrx_word' id='word_1_616' title='bbox 2533 4670 2597 4709; x_wconf 88' lang='lat' dir='ltr'><strong>ac</strong></span> <span class='ocrx_word' id='word_1_617' title='bbox 2623 4649 3054 4723; x_wconf 79' lang='lat' dir='ltr'><strong>peregrinorum,</strong></span> <span class='ocrx_word' id='word_1_618' title='bbox 3092 4658 3199 4698; x_wconf 90' lang='lat' dir='ltr'><strong>non</strong></span> <span class='ocrx_word' id='word_1_619' title='bbox 3224 4655 3321 4712; x_wconf 86' lang='lat' dir='ltr'><strong>per</strong></span> <span class='ocrx_word' id='word_1_620' title='bbox 3345 4652 3423 4701; x_wconf 87' lang='lat' dir='ltr'><strong>se,</strong></span> <span class='ocrx_word' id='word_1_621' title='bbox 3460 4633 3553 4691; x_wconf 83' lang='lat' dir='ltr'><strong>sed</strong></span> <span class='ocrx_word' id='word_1_622' title='bbox 3578 4649 3677 4705; x_wconf 85' lang='lat' dir='ltr'><strong>per</strong></span> <span class='ocrx_word' id='word_1_623' title='bbox 3700 4633 3892 4689; x_wconf 77' lang='lat' dir='ltr'><strong>archi-</strong></span> 
     </span>
    </p>
   </div>
   <div class='ocr_carea' id='block_1_107' title="bbox 2304 4737 3423 4820">
    <p class='ocr_par' dir='ltr' id='par_1_107' title="bbox 2304 4737 3423 4820">
     <span class='ocr_line' id='line_1_108' title="bbox 2304 4737 3423 4820; baseline -0.021 -15"><span class='ocrx_word' id='word_1_624' title='bbox 2304 4748 2679 4820; x_wconf 87' lang='lat' dir='ltr'><strong>presbyterum</strong></span> <span class='ocrx_word' id='word_1_625' title='bbox 2707 4741 2790 4796; x_wconf 89' lang='lat' dir='ltr'><strong>vel</strong></span> <span class='ocrx_word' id='word_1_626' title='bbox 2813 4737 3254 4794; x_wconf 86' lang='lat' dir='ltr'><strong>archidiaconum</strong></span> <span class='ocrx_word' id='word_1_627' title='bbox 3279 4737 3423 4800; x_wconf 85' lang='lat' dir='ltr'><strong>agat.</strong></span> 
     </span>
    </p>
   </div>
   <div class='ocr_carea' id='block_1_108' title="bbox 2952 4826 3230 4881">
    <p class='ocr_par' dir='ltr' id='par_1_108' title="bbox 2952 4826 3230 4881">
     <span class='ocr_line' id='line_1_109' title="bbox 2952 4826 3230 4881; baseline -0.011 0"><span class='ocrx_word' id='word_1_628' title='bbox 2952 4826 3093 4881; x_wconf 54' lang='lat' dir='ltr'><strong>IEra</strong></span> <span class='ocrx_word' id='word_1_629' title='bbox 3120 4826 3154 4880; x_wconf 92' lang='lat'><strong>8</strong></span> <span class='ocrx_word' id='word_1_630' title='bbox 3183 4836 3230 4878; x_wconf 79' lang='grc'>³.</span> 
     </span>
    </p>
   </div>
   <div class='ocr_carea' id='block_1_109' title="bbox 2380 4906 3887 4996">
    <p class='ocr_par' dir='ltr' id='par_1_109' title="bbox 2380 4906 3887 4996">
     <span class='ocr_line' id='line_1_110' title="bbox 2380 4906 3887 4996; baseline -0.017 -11"><span class='ocrx_word' id='word_1_631' title='bbox 2380 4929 2453 4987; x_wconf 88' lang='lat' dir='ltr'><strong>Ut</strong></span> <span class='ocrx_word' id='word_1_632' title='bbox 2478 4937 2762 4996; x_wconf 79' lang='lat' dir='ltr'><strong>episcopus</strong></span> <span class='ocrx_word' id='word_1_633' title='bbox 2790 4919 2954 4993; x_wconf 81' lang='lat' dir='ltr'><strong>(Var.</strong></span> <span class='ocrx_word' id='word_1_634' title='bbox 2968 4915 3114 4973; x_wconf 82' lang='lat' dir='ltr'><strong>edd.l</strong></span> <span class='ocrx_word' id='word_1_635' title='bbox 3137 4929 3237 4970; x_wconf 90' lang='lat' dir='ltr'><strong>nec</strong></span> <span class='ocrx_word' id='word_1_636' title='bbox 3261 4917 3584 4984; x_wconf 82' lang='lat' dir='ltr'><strong>provocatus</strong></span> <span class='ocrx_word' id='word_1_637' title='bbox 3601 4922 3701 4978; x_wconf 90' lang='lat' dir='ltr'><strong>pro</strong></span> <span class='ocrx_word' id='word_1_638' title='bbox 3724 4906 3887 4961; x_wconf 81' lang='lat' dir='ltr'><strong>rebus</strong></span> 
     </span>
    </p>
   </div>
   <div class='ocr_carea' id='block_1_110' title="bbox 2309 5014 2857 5084">
    <p class='ocr_par' dir='ltr' id='par_1_110' title="bbox 2309 5014 2857 5084">
     <span class='ocr_line' id='line_1_111' title="bbox 2309 5014 2857 5084; baseline -0.022 -7"><span class='ocrx_word' id='word_1_639' title='bbox 2309 5016 2635 5081; x_wconf 85' lang='lat' dir='ltr'><strong>transitoriis</strong></span> <span class='ocrx_word' id='word_1_640' title='bbox 2659 5014 2857 5084; x_wconf 79' lang='lat' dir='ltr'><strong>litiget.</strong></span> 
     </span>
    </p>
   </div>
   <div class='ocr_carea' id='block_1_111' title="bbox 2381 5163 3490 5235">
    <p class='ocr_par' dir='ltr' id='par_1_111' title="bbox 2381 5163 3490 5235">
     <span class='ocr_line' id='line_1_112' title="bbox 2381 5163 3490 5235; baseline -0.014 -4"><span class='ocrx_word' id='word_1_641' title='bbox 2381 5179 2408 5225; x_wconf 69' lang='grc' dir='ltr'><strong>ιι</strong></span> <span class='ocrx_word' id='word_1_642' title='bbox 2446 5173 2725 5230; x_wconf 82' lang='lat' dir='ltr'><strong>Paululum</strong></span> <span class='ocrx_word' id='word_1_643' title='bbox 2749 5168 2929 5226; x_wconf 78' lang='lat' dir='ltr'><strong>differt</strong></span> <span class='ocrx_word' id='word_1_644' title='bbox 2954 5167 3022 5223; x_wconf 88' lang='lat' dir='ltr'><strong>ah</strong></span> <span class='ocrx_word' id='word_1_645' title='bbox 3048 5166 3244 5235; x_wconf 90' lang='lat' dir='ltr'><strong>interp.</strong></span> <span class='ocrx_word' id='word_1_646' title='bbox 3272 5163 3490 5235; x_wconf 80' lang='lat' dir='ltr'><strong>Dionys.</strong></span> 
     </span>
    </p>
   </div>
   <div class='ocr_carea' id='block_1_112' title="bbox 2383 5227 3708 5302">
    <p class='ocr_par' dir='ltr' id='par_1_112' title="bbox 2383 5227 3708 5302">
     <span class='ocr_line' id='line_1_113' title="bbox 2383 5227 3708 5302; baseline -0.017 0"><span class='ocrx_word' id='word_1_647' title='bbox 2383 5246 2401 5287; x_wconf 84' lang='grc' dir='ltr'><strong>ι</strong></span> <span class='ocrx_word' id='word_1_648' title='bbox 2440 5227 2595 5301; x_wconf 44' lang='lat' dir='ltr'><strong>idéin’</strong></span> <span class='ocrx_word' id='word_1_649' title='bbox 2610 5244 2667 5298; x_wconf 89' lang='lat' dir='ltr'><strong>in</strong></span> <span class='ocrx_word' id='word_1_650' title='bbox 2690 5241 2809 5297; x_wconf 89' lang='lat' dir='ltr'><strong>cod.</strong></span> <span class='ocrx_word' id='word_1_651' title='bbox 2838 5238 3033 5302; x_wconf 87' lang='lat' dir='ltr'><strong>Barb.;</strong></span> <span class='ocrx_word' id='word_1_652' title='bbox 3058 5227 3215 5291; x_wconf 75' lang='lat' dir='ltr'><strong>coch</strong></span> <span class='ocrx_word' id='word_1_653' title='bbox 3241 5250 3293 5289; x_wconf 85' lang='lat' dir='ltr'><strong>tv</strong></span> <span class='ocrx_word' id='word_1_654' title='bbox 3322 5227 3505 5288; x_wconf 66' lang='grc' dir='ltr'>(ιειιιιι.</span> <span class='ocrx_word' id='word_1_655' title='bbox 3534 5227 3708 5302; x_wconf 51' lang='lat' dir='ltr'><strong>est.</strong></span> 
     </span>
    </p>
   </div>
   <div class='ocr_carea' id='block_1_113' title="bbox 2379 5298 3633 5374">
    <p class='ocr_par' dir='ltr' id='par_1_113' title="bbox 2379 5298 3633 5374">
     <span class='ocr_line' id='line_1_114' title="bbox 2379 5298 3633 5374; baseline -0.016 0"><span class='ocrx_word' id='word_1_656' title='bbox 2379 5329 2420 5357; x_wconf 79' lang='grc' dir='ltr'><strong>ιιι</strong></span> <span class='ocrx_word' id='word_1_657' title='bbox 2441 5298 2609 5373; x_wconf 19' lang='grc' dir='ltr'>Ϊιιξίίιι</span> <span class='ocrx_word' id='word_1_658' title='bbox 2636 5313 2755 5370; x_wconf 88' lang='lat' dir='ltr'><strong>cod.</strong></span> <span class='ocrx_word' id='word_1_659' title='bbox 2787 5309 2975 5374; x_wconf 88' lang='lat' dir='ltr'><strong>Barb.,</strong></span> <span class='ocrx_word' id='word_1_660' title='bbox 2999 5298 3154 5363; x_wconf 85' lang='lat' dir='ltr'><strong>conc.</strong></span> <span class='ocrx_word' id='word_1_661' title='bbox 3180 5303 3441 5374; x_wconf 68' lang='lat' dir='ltr'><strong>tv&#39;Carth.</strong></span> <span class='ocrx_word' id='word_1_662' title='bbox 3464 5316 3514 5356; x_wconf 86' lang='lat' dir='ltr'><strong>e.</strong></span> <span class='ocrx_word' id='word_1_663' title='bbox 3541 5298 3633 5374; x_wconf 51' lang='grc' dir='ltr'><strong>δέ.</strong></span> 
     </span>
    </p>
   </div>
   <div class='ocr_carea' id='block_1_114' title="bbox 2381 5368 3660 5444">
    <p class='ocr_par' dir='ltr' id='par_1_114' title="bbox 2381 5368 3660 5444">
     <span class='ocr_line' id='line_1_115' title="bbox 2381 5368 3660 5444; baseline -0.013 -1"><span class='ocrx_word' id='word_1_664' title='bbox 2381 5397 2409 5427; x_wconf 70' lang='grc' dir='ltr'><strong>η</strong></span> <span class='ocrx_word' id='word_1_665' title='bbox 2446 5368 2524 5443; x_wconf 75' lang='lat' dir='ltr'><strong>Id.</strong></span> <span class='ocrx_word' id='word_1_666' title='bbox 2555 5385 2611 5439; x_wconf 93' lang='lat' dir='ltr'><strong>in</strong></span> <span class='ocrx_word' id='word_1_667' title='bbox 2637 5368 2756 5438; x_wconf 77' lang='lat' dir='ltr'><strong>cod.</strong></span> <span class='ocrx_word' id='word_1_668' title='bbox 2781 5368 2973 5444; x_wconf 63' lang='lat' dir='ltr'><strong>Barb.§</strong></span> <span class='ocrx_word' id='word_1_669' title='bbox 3005 5384 3158 5432; x_wconf 83' lang='lat' dir='ltr'><strong>conc.</strong></span> <span class='ocrx_word' id='word_1_670' title='bbox 3192 5388 3244 5429; x_wconf 88' lang='lat' dir='ltr'><strong>tv</strong></span> <span class='ocrx_word' id='word_1_671' title='bbox 3268 5373 3451 5444; x_wconf 69' lang='lat' dir='ltr'><strong>Curtii.</strong></span> <span class='ocrx_word' id='word_1_672' title='bbox 3479 5385 3530 5426; x_wconf 93' lang='lat' dir='ltr'><strong>c.</strong></span> <span class='ocrx_word' id='word_1_673' title='bbox 3561 5368 3660 5434; x_wconf 67' lang='lat'><strong>20.</strong></span> 
     </span>
    </p>
   </div>
   <div class='ocr_carea' id='block_1_115' title="bbox 2381 5442 3464 5516">
    <p class='ocr_par' dir='ltr' id='par_1_115' title="bbox 2381 5442 3464 5516">
     <span class='ocr_line' id='line_1_116' title="bbox 2381 5442 3464 5516; baseline -0.018 -3"><span class='ocrx_word' id='word_1_674' title='bbox 2381 5464 2406 5492; x_wconf 90' lang='lat'><strong><em>°</em></strong></span> <span class='ocrx_word' id='word_1_675' title='bbox 2444 5442 2519 5514; x_wconf 86' lang='lat' dir='ltr'><strong>Id.</strong></span> <span class='ocrx_word' id='word_1_676' title='bbox 2551 5455 2606 5509; x_wconf 91' lang='lat' dir='ltr'><strong>in</strong></span> <span class='ocrx_word' id='word_1_677' title='bbox 2634 5467 2681 5507; x_wconf 90' lang='lat' dir='ltr'><strong>c.</strong></span> <span class='ocrx_word' id='word_1_678' title='bbox 2714 5450 2811 5516; x_wconf 90' lang='lat' dir='ltr'><strong>B.;</strong></span> <span class='ocrx_word' id='word_1_679' title='bbox 2840 5442 2993 5506; x_wconf 84' lang='lat' dir='ltr'><strong>conc.</strong></span> <span class='ocrx_word' id='word_1_680' title='bbox 3021 5462 3075 5501; x_wconf 84' lang='lat' dir='ltr'><strong>tv</strong></span> <span class='ocrx_word' id='word_1_681' title='bbox 3100 5445 3351 5516; x_wconf 53' lang='grc' dir='ltr'><strong>ςενιξκε.</strong></span> <span class='ocrx_word' id='word_1_682' title='bbox 3381 5442 3464 5516; x_wconf 62' lang='grc' dir='ltr'><strong>15Σ</strong></span> 
     </span>
    </p>
   </div>
   <div class='ocr_carea' id='block_1_116' title="bbox 2384 5512 3486 5585">
    <p class='ocr_par' dir='ltr' id='par_1_116' title="bbox 2384 5512 3486 5585">
     <span class='ocr_line' id='line_1_117' title="bbox 2384 5512 3486 5585; baseline -0.011 -7"><span class='ocrx_word' id='word_1_683' title='bbox 2384 5537 2412 5578; x_wconf 80' lang='grc' dir='ltr'>ι)</span> <span class='ocrx_word' id='word_1_684' title='bbox 2447 5512 2521 5581; x_wconf 86' lang='lat' dir='ltr'><strong>Id.</strong></span> <span class='ocrx_word' id='word_1_685' title='bbox 2555 5523 2612 5578; x_wconf 87' lang='lat' dir='ltr'><strong>in</strong></span> <span class='ocrx_word' id='word_1_686' title='bbox 2640 5537 2689 5576; x_wconf 92' lang='lat' dir='ltr'><strong>c.</strong></span> <span class='ocrx_word' id='word_1_687' title='bbox 2717 5512 2812 5585; x_wconf 57' lang='lat' dir='ltr'><strong>B.;</strong></span> <span class='ocrx_word' id='word_1_688' title='bbox 2845 5532 2997 5575; x_wconf 88' lang='lat' dir='ltr'><strong>conc.</strong></span> <span class='ocrx_word' id='word_1_689' title='bbox 3027 5532 3078 5570; x_wconf 89' lang='lat' dir='ltr'><strong>Iv</strong></span> <span class='ocrx_word' id='word_1_690' title='bbox 3112 5514 3300 5585; x_wconf 76' lang='lat' dir='ltr'><strong>Cartlt.</strong></span> <span class='ocrx_word' id='word_1_691' title='bbox 3326 5528 3376 5585; x_wconf 82' lang='lat' dir='ltr'><strong>c.</strong></span> <span class='ocrx_word' id='word_1_692' title='bbox 3404 5512 3486 5567; x_wconf 86' lang='lat' dir='ltr'><strong>l6.</strong></span> 
     </span>
    </p>
   </div>
   <div class='ocr_carea' id='block_1_117' title="bbox 2382 5580 3603 5654">
    <p class='ocr_par' dir='ltr' id='par_1_117' title="bbox 2382 5580 3603 5654">
     <span class='ocr_line' id='line_1_118' title="bbox 2382 5580 3603 5654; baseline -0.011 -7"><span class='ocrx_word' id='word_1_693' title='bbox 2382 5606 2412 5647; x_wconf 74' lang='grc' dir='ltr'><strong>ιι</strong></span> <span class='ocrx_word' id='word_1_694' title='bbox 2446 5580 2503 5651; x_wconf 93' lang='lat' dir='ltr'><strong>ld</strong></span> <span class='ocrx_word' id='word_1_695' title='bbox 2529 5595 2584 5648; x_wconf 90' lang='lat' dir='ltr'><strong>in</strong></span> <span class='ocrx_word' id='word_1_696' title='bbox 2597 5592 2718 5647; x_wconf 87' lang='lat' dir='ltr'><strong>cod.</strong></span> <span class='ocrx_word' id='word_1_697' title='bbox 2744 5580 2936 5654; x_wconf 82' lang='lat' dir='ltr'><strong>Barb.;</strong></span> <span class='ocrx_word' id='word_1_698' title='bbox 2961 5601 3115 5643; x_wconf 90' lang='lat' dir='ltr'><strong>conc.</strong></span> <span class='ocrx_word' id='word_1_699' title='bbox 3143 5600 3199 5640; x_wconf 89' lang='lat' dir='ltr'><strong>tv</strong></span> <span class='ocrx_word' id='word_1_700' title='bbox 3225 5582 3484 5654; x_wconf 21' lang='lat' dir='ltr'><strong>Carth.»c.</strong></span> <span class='ocrx_word' id='word_1_701' title='bbox 3516 5580 3603 5654; x_wconf 68' lang='lat'><strong>48.</strong></span> 
     </span>
    </p>
   </div>
   <div class='ocr_carea' id='block_1_118' title="bbox 2389 5647 3668 5721">
    <p class='ocr_par' dir='ltr' id='par_1_118' title="bbox 2389 5647 3668 5721">
     <span class='ocr_line' id='line_1_119' title="bbox 2389 5647 3668 5721; baseline -0.015 -1"><span class='ocrx_word' id='word_1_702' title='bbox 2389 5676 2411 5704; x_wconf 70' lang='grc' dir='ltr'><em>ε</em></span> <span class='ocrx_word' id='word_1_703' title='bbox 2446 5647 2605 5719; x_wconf 57' lang='grc' dir='ltr'>Ῑᾶξίιι</span> <span class='ocrx_word' id='word_1_704' title='bbox 2633 5660 2752 5717; x_wconf 91' lang='lat' dir='ltr'><strong>cod.</strong></span> <span class='ocrx_word' id='word_1_705' title='bbox 2789 5647 2984 5721; x_wconf 81' lang='lat' dir='ltr'><strong>Barb.;</strong></span> <span class='ocrx_word' id='word_1_706' title='bbox 3016 5671 3169 5711; x_wconf 88' lang='lat' dir='ltr'><strong>conc.</strong></span> <span class='ocrx_word' id='word_1_707' title='bbox 3204 5669 3257 5708; x_wconf 84' lang='lat' dir='ltr'><strong>IV</strong></span> <span class='ocrx_word' id='word_1_708' title='bbox 3283 5652 3546 5721; x_wconf 13' lang='lat' dir='ltr'><strong>Carth.rc.</strong></span> <span class='ocrx_word' id='word_1_709' title='bbox 3573 5647 3668 5703; x_wconf 77' lang='grc' dir='ltr'>Π.</span> 
     </span>
    </p>
   </div>
   <div class='ocr_carea' id='block_1_119' title="bbox 2388 5720 3526 5790">
    <p class='ocr_par' dir='ltr' id='par_1_119' title="bbox 2388 5720 3526 5790">
     <span class='ocr_line' id='line_1_120' title="bbox 2388 5720 3526 5790; baseline -0.016 1"><span class='ocrx_word' id='word_1_710' title='bbox 2388 5747 2410 5774; x_wconf 76' lang='grc' dir='ltr'><strong>ι</strong></span> <span class='ocrx_word' id='word_1_711' title='bbox 2450 5735 2509 5790; x_wconf 91' lang='lat' dir='ltr'><strong>Id</strong></span> <span class='ocrx_word' id='word_1_712' title='bbox 2537 5732 2590 5787; x_wconf 89' lang='lat' dir='ltr'><strong>in</strong></span> <span class='ocrx_word' id='word_1_713' title='bbox 2617 5730 2736 5786; x_wconf 87' lang='lat' dir='ltr'><strong>cod.</strong></span> <span class='ocrx_word' id='word_1_714' title='bbox 2765 5729 2857 5784; x_wconf 61' lang='lat' dir='ltr'><strong>B.‘</strong></span> <span class='ocrx_word' id='word_1_715' title='bbox 2893 5720 3043 5783; x_wconf 86' lang='lat' dir='ltr'><strong>conc.</strong></span> <span class='ocrx_word' id='word_1_716' title='bbox 3070 5742 3122 5781; x_wconf 82' lang='lat' dir='ltr'><strong>tv</strong></span> <span class='ocrx_word' id='word_1_717' title='bbox 3148 5723 3335 5785; x_wconf 86' lang='lat' dir='ltr'><strong>Cartb.</strong></span> <span class='ocrx_word' id='word_1_718' title='bbox 3362 5738 3410 5778; x_wconf 90' lang='lat' dir='ltr'><strong>c.</strong></span> <span class='ocrx_word' id='word_1_719' title='bbox 3442 5720 3526 5777; x_wconf 81' lang='lat' dir='ltr'><strong>l9.</strong></span> 
     </span>
    </p>
   </div>
  </div>
