4020 6360
202 359 335 414 1049

757 469 982 528 CAPUT
1020 471 1202 526 XLVI.

190 584 260 622 UT
294 580 596 621 PECCAN'I'ES
626 579 841 619 FIDELES
873 578 974 617 NON
1009 577 1198 616 LICEAT
1231 577 1411 616 PASSIM
1442 575 1760 616 νειιιιειιιιιι.

531 657 711 717 Conon
738 652 1109 726 apostolorum,
1139 670 1246 708 (era
1275 653 1345 708 28
1375 665 1425 706 α.

212 766 214 773 τ
258 749 601 818 Episcopum,
637 745 1036 816 presbyterum,
1065 745 1373 808 diaconem,
1404 743 1764 813 percutientes

184 840 394 908 passim
422 838 607 893 ﬁdeles
631 845 723 890 aut
757 835 1015 899 inﬁdeles,
1043 842 1097 889 et
1121 849 1218 903 per
1240 831 1632 902 hujusmodi....
1662 849 1759 888 vo-

185 931 362 983 lentes
409 928 624 992 timeri,
675 927 831 998 dejici
884 926 952 980 ab
996 924 1169 980 ofﬁcio
1211 924 1550 994 praecipimus
1573 961 1590 990 ,
1637 923 1762 994 quia

185 1033 454 1088 nusquam
480 1018 583 1072 hoc
612 1016 765 1070 nobis
788 1015 1044 1070 Dominus
1069 1015 1248 1069 docuit

741 1123 965 1179 CAPUT
1001 1123 1204 1178 XLVII.

340 1232 405 1270 DE
445 1230 719 1270 PABOCIIIIS
751 1231 821 1268 ΕΤ
859 1229 1148 1267 ORATORIIS
1182 1226 1574 1268 CONSTRUENDIS

558 1304 740 1358 Canon
768 1302 1070 1368 Toletanus,
1097 1318 1205 1356 (vra
1232 1301 1301 1356 9.9
1331 1302 1378 1356 δ.

251 1397 355 1464 Qui
376 1395 656 1451 ecclesiam
677 1393 1025 1449 aediﬁcaverit
1041 1401 1228 1447 contra
1251 1405 1512 1444 canonum
1535 1397 1755 1454 statuta,

175 1496 234 1543 et
269 1503 377 1542 nou
402 1501 525 1542 eam
550 1487 616 1540 ab
647 1485 900 1553 episcopo
923 1482 1161 1550 legitime
1188 1481 1402 1550 petierit
1429 1480 1754 1542 consecrari,

176 1579 364 1653 (Mult.
399 1577 538 1647 var.)
569 1583 662 1629 aut
697 1574 960 1636 destruat,
1008 1580 1101 1626 aut
1138 1574 1334 1634 dotem,
1377 1585 1538 1640 quam
1581 1569 1756 1623 eidem

172 1668 420 1725 ecclesia
459 1667 688 1729 fecerat,
728 1671 944 1719 censeat
983 1663 1049 1717 ad
1088 1662 1320 1731 episcopi
1361 1661 1754 1715 ordinationem

171 1761 466 1831 pertinere.
496 1757 648 1825 Quod
674 1755 778 1811 tale
799 1755 999 1810 factum
1030 1752 1107 1824 [et
1140 1753 1194 1806 iu
1229 1749 1580 1822 prmteritum]
1616 1759 1669 1804 et
1698 1750 1753 1804 in

171 1849 429 1922 praesenti
457 1847 720 1916 displic'et,
749 1853 804 1901 et
829 1845 883 1899 in
913 1844 1092 1898 futuro
1115 1845 1493 1913 prohibeatur;
1523 1842 1616 1918 scr]
1639 1858 1756 1896 om-

170 1941 262 1994 nia
300 1938 487 2009 (.Add.)
525 1937 593 1991 ad
617 1937 852 2006 episcopi
879 1936 1268 1990 ordinationem
1299 1935 1376 2004 [et
1409 1933 1752 2005 potestatem]

170 2031 496 2102 pertineant.

179 2109 184 2114 ’
703 2117 841 2173 Αἶγα
868 2119 899 2170 7
932 2117 1087 2189 [Cain
1118 2117 1188 2171 20

236 2220 317 2277 Ne
352 2219 584 2291 episcopi
625 2235 753 2274 vero
785 2218 1089 2287 paroechias
1121 2214 1372 2285 affligant.
1403 2214 1581 2286 (.llult.
1613 2213 1752 2284 var.)

170 2313 407 2367 Audiam
430 2311 688 2379 scriptum
719 2327 732 2362 :
764 2307 961 2361 Forma
988 2316 1146 2360 estote
1178 2306 1350 2375 gregi,
1387 2321 1547 2374 neque
1579 2303 1750 2357 domi-

170 2413 353 2456 nantes
381 2403 436 2455 in
463 2400 621 2454 clero.
659 2399 910 2467 Ideoque,
949 2404 1174 2465 excepto
1211 2396 1352 2463 quod
1387 2401 1626 2447 veterum
1665 2394 1750 2448 in-

169 2494 481 2548 stitutiones
506 2507 536 2544 a
559 2489 849 2559 parmcbiis
871 2487 1063 2556 jubent
1088 2486 1286 2540 habere
1318 2486 1616 2554 episcopos,
1645 2482 1750 2538 alia

170 2585 312 2657 [quae
334 2585 443 2638 huc
468 2598 636 2651 usque
661 2587 987 2652 praesumpta
1013 2578 1160 2649 sunt]
1188 2579 1366 2633 omnia
1387 2579 1746 2647 denegentur;

170 2677 266 2731 hoc
292 2685 411 2740 est,
441 2689 613 2744 neque
643 2674 695 2728 in
726 2671 960 2743 angariis
987 2669 1168 2741 (Van)
1206 2671 1486 2740 presbyter
1513 2678 1606 2722 aut
1629 2667 1748 2721 dia-

169 2783 336 2823 conus
364 2766 620 2834 fatigetur
647 2763 893 2836 [fatigent
922 2758 1342 2830 indictionibus],
1378 2773 1446 2812 ne
1469 2758 1751 2812 videantur
1797 2779 1830 2813 ο

168 2858 218 2910 in
248 2855 489 2911 Ecclesia
513 2855 607 2908 Dei
630 2854 863 2924 episcopi
889 2861 1171 2907 exactores
1199 2850 1540 2920 potiusquam
1565 2849 1748 2918 ponti-

170 2948 302 3001 ﬁces
348 2946 629 3000 nominari.
681 2945 747 2999 Hi
789 2959 918 2999 vero
958 2943 1138 2998 clerici
1187 2951 1295 2995 tam
1338 2940 1536 2996 locales
1585 2955 1747 3009 quam

169 3037 479 3100 dimcesani,
528 3035 620 3106 qui
661 3051 718 3090 se
759 3035 828 3088 ab
868 3035 1118 3104 episcopo
1143 3032 1352 3101 gravari
1379 3032 1742 3101 cognoverint,

167 3127 418 3197 querelas
461 3142 584 3180 suas
620 3127 688 3180 ad
725 3123 1195 3193 metropolitanum
1230 3121 1474 3176 deferant
1514 3119 1746 3192 [deferre
1771 3145 1818 3206 ο

168 3232 270 3272 non
297 3215 594 3286 differant].
627 3214 728 3281 Qui
755 3212 1198 3281 metropolitanus
1222 3208 1382 3283 (Add.
1409 3219 1454 3264 et
1481 3208 1618 3279 var.)
1648 3211 1748 3264 hu-

165 3306 395 3370 iusmodi
424 3304 894 3376 praesumptionem
923 3311 1184 3358 coerceat.

594 3423 776 3477 Conon
808 3421 1106 3484 Toletanus,
1144 3436 1251 3474 mra
1280 3420 1332 3471 4.

234 3518 296 3573 Si
329 3518 616 3586 episcopus
645 3531 804 3569 unam
845 3515 910 3569 de
942 3512 1235 3582 parcechiis
1266 3509 1354 3580 [de
1381 3507 1747 3578 parochitanis

163 3607 435 3680 ecclesiis]
483 3606 868 3671 monasterium
912 3603 1158 3658 dedicare
1201 3601 1432 3655 voluerit
1477 3599 1652 3671 (Add.
1699 3607 1748 3652 et

163 3699 329 3770 van),
362 3677 558 3766 habeat
583 3695 854 3752 licentiam
885 3711 898 3754 :
929 3701 983 3747 et
1017 3707 1103 3746 res
1138 3691 1317 3762 (Matt.
1356 3689 1491 3760 var.)
1519 3706 1655 3759 quas
1685 3690 1748 3743 de
1797 3677 1806 3691 ί

163 3794 414 3850 Εειιιεείιι
457 3792 651 3846 ibidem
690 3805 789 3861 pro
827 3784 1092 3857 stipendio
1133 3785 1517 3838 monachorum
1562 3798 1725 3837 mona-

161 3887 464 3941 charumve
503 3881 728 3946 dederit,
770 3885 1028 3960 perpetuo
1075 3876 1147 3932 ibi
1196 3882 1487 3933 maneant:
1521 3873 1622 3928 hoc
1669 3883 1751 3927 est

161 3972 563 4036 rationabiliter
591 3971 719 4026 dare

521 4083 703 4138 Conon
729 4083 1123 4154 Aurasicorum,
1155 4097 1262 4134 aera
1291 4080 1323 4134 8
1352 4089 1396 4130 ο.

241 4178 299 4234 Si
355 4177 640 4247 episcopus
692 4174 771 4246 [in
820 4174 1009 4228 aliena:
1059 4171 1294 4226 civitatis
1345 4165 1642 4238 territorio]
1696 4165 1748 4220 in

160 4269 350 4338 fundo,
370 4266 608 4331 ecclesiae
632 4280 774 4328 sum,
805 4272 858 4319 et
888 4264 940 4328 in
971 4262 1192 4316 alterius
1220 4258 1454 4329 episcopi
1497 4255 1749 4326 parochia

160 4361 454 4418 ecclesiam
483 4355 751 4412 aediﬁcare
789 4353 1020 4417 voluerit
1064 4349 1364 4423 [disponit],
1409 4363 1516 4402 non
1561 4345 1747 4416 prohi-

156 4457 362 4520 beatur
390 4470 402 4506 ε
439 4449 598 4522 (Add.
628 4457 674 4503 et
704 4446 842 4517 var.)
869 4445 1204 4500 dedicatione
1229 4457 1355 4496 vero
1381 4439 1452 4499 illi
1479 4438 1745 4494 omnimo-

159 4549 250 4603 dis
289 4551 570 4600 reservata
609 4540 880 4609 episcopo,
927 4538 980 4590 in
1023 4536 1175 4604 cujus
1212 4531 1487 4587 territorio
1524 4528 1746 4583 ecclesia

159 4631 424 4701 assurgit.
465 4629 757 4699 Episcopus
781 4641 911 4680 vero
949 4621 1131 4694 (Var.)
1169 4622 1262 4689 qui
1297 4617 1580 4674 aediﬁcavit
1615 4619 1746 4686 ipse,

159 4725 371 4782 ibidem
419 4720 644 4775 clericos
689 4732 816 4772 suos
857 4715 1100 4778 ordinet;
1147 4712 1231 4766 vel
1281 4711 1326 4766 si
1371 4710 1602 4765 ordinati
1636 4708 1747 4775 jam

159 4823 325 4879 sunt,
365 4813 480 4883 ipse
508 4824 601 4865 eos
628 4811 843 4872 habeat.
888 4806 1073 4868 Omnis
1106 4813 1281 4859 tamen
1320 4802 1558 4858 ecclesia:
1587 4801 1752 4870 ipsius

160 4903 490 4978 gubernatio
517 4903 583 4956 ad
615 4900 765 4954 illum
803 4899 1111 4969 episcopum
1138 4893 1460 4965 pertinebit,
1505 4893 1558 4945 in
1599 4890 1753 4960 cujus

162 4995 451 5054 territorio
476 4993 578 5048 sita
610 5000 694 5046 est
720 4988 970 5062 [ecclesia
997 4985 1271 5056 surrexit].

506 5103 688 5160 Conon
716 5100 1125 5163 Aurelianensis,
1155 5114 1261 5153 a’ra
1289 5097 1358 5154 26
1384 5096 1432 5148 ά.

235 5199 299 5253 Si
333 5210 455 5266 qua!
480 5193 768 5264 paroecbize
791 5192 845 5245 in
877 5197 1156 5259 potentum
1180 5188 1426 5242 domibus
1449 5186 1750 5241 constituta:

165 5295 297 5342 sunt
329 5285 411 5356 (Μ
417 5283 511 5338 ult.
539 5283 700 5355 van),
729 5281 910 5337 clerici
940 5279 1033 5350 qui
1059 5279 1256 5334 ibidem
1289 5285 1432 5342 sunt,
1459 5276 1751 5331 secundum

242 5434 270 5462 ι
309 5420 370 5476 In
394 5420 488 5474 Gr.
518 5435 564 5476 c.
594 5418 685 5480 26,
712 5434 758 5472 c.
789 5416 878 5472 ‘28.
910 5416 1110 5483 Interp.
1139 5414 1356 5482 Dionys.

242 5492 274 5530 ι
313 5490 478 5544 Cone.
507 5489 747 5544 Toletan.
779 5503 857 5547 ιιι,
893 5502 940 5538 c.
975 5486 1055 5538 l9.

247 5573 270 5600 ε
315 5560 481 5614 Cone.
508 5557 749 5611 Arausic.
782 5573 821 5618 ι,
848 5572 896 5609 c.
926 5554 1010 5608 10..

245 5631 272 5669 ά
316 5630 480 5684 Coac.
509 5626 691 5680 Aurel.
719 5641 789 5680 iv.

253 5712 277 5739 ε
319 5699 483 5753 Cone.
513 5695 683 5752 Tolet.
714 5713 792 5750 ιιι.

258 5771 276 5808 τ
322 5770 485 5824 Cone.
512 5765 726 5834 Laodic.
752 5781 801 5821 c.
827 5764 911 5820 5|.
938 5763 1052 5821 Non
1076 5761 1254 5819 dili‘e-rt
1288 5763 1372 5816 ab.
1405 5760 1527 5818 Isid.
1557 5761 1750 5828 interp.

1037 353 1354 413 CANONES
1393 355 1678 412 SELECTI
1717 357 1809 409 ea
1854 356 2008 412 VET.
2050 357 2206 413 CAN.
2240 359 2572 418 COLLEC'I‘.

3295 376 3435 430 4050

1788 470 1840 527 Δ
1869 473 2182 540 qualitatem
2201 475 2406 530 ordinis
2431 478 2546 542 sui,
2580 477 2765 549 (Add.)
2798 481 2866 535 ab
2895 482 3275 542 archidiacono
3300 490 3432 545 civi-

1869 564 1994 617 tatis
2019 573 2370 619 coerceantur
2407 568 2699 622 secundum
2739 570 3157 628 ecclesiasticam
3196 578 3435 648 discipli-

1864 668 2008 706 nam.
2046 654 2103 708 Si
2128 670 2256 710 vero
2280 657 2345 711 de
2367 659 2574 725 agendo
2595 658 2770 715 oflicio
2793 663 3033 719 ecclesia:
3057 683 3086 720 a
3112 669 3437 738 quibuslibet

1865 741 1956 813 [ab
1976 745 2252 813 agentibus
2277 755 2552 816 potentum
2572 789 2587 814 ,
2617 751 2702 804 vel
2735 753 2803 806 ab
2835 753 2964 822 ipsis
2994 757 3070 810 rei
3101 761 3352 833 dominis]
3381 764 3435 818 in

1862 833 2040 902 aliquo
2065 835 2223 905 (Add.
2253 848 2302 890 et
2330 838 2466 908 var.)
2488 840 2890 908 prohibeantur,
2920 855 3167 905 auctores
3189 855 3432 923 nequitia

1862 940 2031 996 usque
2055 927 2122 981 ad
2144 930 2570 985 emendationem
2599 935 2972 990 communione
2995 939 3290 1007 priventur.

2235 1041 2415 1096 Canon
2451 1043 2750 1111 Toletanus,
2784 1066 2891 1103 wra
2919 1050 2986 1104 15
3014 1063 3060 1103 θ.

1933 1148 1990 1203 Si
2029 1166 2216 1206 servus
2252 1151 2366 1206 ﬁsci
2409 1153 2532 1226 [Qui
2567 1171 2632 1209 ex
2673 1159 2846 1212 servis
2881 1158 3171 1233 ﬁscalibus]
3204 1161 3358 1233 (Var.
3385 1177 3431 1219 et

1859 1239 2009 1310 add.)
2055 1242 2337 1296 ecclesiam
2383 1245 2747 1311 aedificaverit,
2794 1264 3020 1319 eamque
3067 1250 3154 1322 [de
3179 1268 3274 1306 sua
3302 1269 3406 1322 pau

1857 1328 2084 1400 portate]
2111 1330 2394 1397 dotaverit,
2417 1334 2521 1388 hoc
2546 1345 2798 1404 procuret
2825 1340 3106 1409 episcopus
3129 1357 3286 1398 prece
3311 1358 3430 1411 sua,

1859 1419 2179 1475 auctoritate
2209 1420 2400 1494 [regia]
2429 1423 2686 1492 principis
2712 1426 3040 1483 conﬁrmari.

2398 1533 2622 1590 CAPUT
2661 1536 2884 1593 XLVIII.

2263 1642 2327 1680 DE
2366 1642 2671 1683 NATALITIIS
2709 1645 3014 1686 HABTYRUM.

2206 1735 2388 1792 Canon
2419 1737 2440 1776 ί
2473 1738 2830 1806 Laodicensis,
2863 1759 2970 1796 cera
2997 1742 3066 1796 22

1926 1844 2042 1899 Non
2068 1855 2279 1916 oportet
2317 1848 2372 1902 in
2409 1851 2817 1921 quadragesima
2857 1866 3155 1925 martyrum
3191 1857 3429 1911 natalitia

1854 1933 2170 1990 celebrare:
2214 1938 2308 1992 sed
2351 1953 2535 1993 eorum
2579 1941 2636 1994 in
2678 1941 2912 1998 Sabbato
2954 1953 3009 1998 et
3052 1945 3106 1998 in
3155 1945 3428 2002 Dominica

1857 2033 2061 2080 tantum
2088 2027 2403 2082 memoriam
2433 2028 2568 2084 ﬁeri.

2413 2141 2639 2198 CAPUT
2679 2143 2861 2199 XLIX.

1949 2247 2012 2284 υε
2051 2247 2222 2287 FICTIS
2257 2250 2593 2290 IIIARTYRIBUS
2637 2253 2706 2290 ΕΤ
2754 2253 2904 2299 LOCIS
2936 2254 3052 2304 ρυιε
3089 2257 3340 2300 ιΝΑΝιτειι

2449 2321 2824 2362 VENERANTL'B.

1927 2527 1951 2564 ε
1991 2524 2107 2580 Non
2132 2528 2529 2581 concedendum
2554 2530 2883 2594 emmeteria,
2915 2531 2998 2585 vel
3023 2547 3141 2600 qua:
3170 2535 3428 2603 martyria

1849 2615 2102 2671 dicuntur
2136 2617 2542 2685 haereticorum,
2582 2636 2679 2675 nec
2715 2622 2973 2675 orationis
3002 2623 3175 2692 gratia
3205 2623 3427 2680 intrare.

1853 2707 1908 2761 Si
1936 2710 2026 2777 qui
2054 2708 2263 2776 fecerit,
2308 2712 2867 2768 incommunicabilem
2914 2714 3112 2768 factum
3159 2717 3213 2769 in
3259 2717 3404 2786 poeni

1852 2804 2071 2856 tentiam
2099 2819 2268 2873 usque
2313 2805 2381 2859 ad
2428 2805 2642 2874 aliquod
2687 2813 2896 2874 tempus
2938 2808 3105 2876 redigi
3140 2826 3151 2860 :
3184 2815 3238 2863 et
3281 2809 3325 2862 si
3373 2824 3430 2864 se
3459 2795 3482 2812 “

1848 2910 2058 2950 errasse
2084 2896 2360 2954 confessus
2384 2896 2567 2960 fuerit,
2599 2898 2798 2965 suscipi
2828 2914 2950 2951 eum
2972 2906 3238 2968 oportere.

2360 3007 2500 3060 JEra
2529 3008 2594 3061 16
2626 3007 2779 3078 [Cum
2811 3008 2922 3079 55].

1917 3114 1948 3154 ιι
1987 3113 2089 3181 Qui
2115 3114 2370 3184 relinquit
2399 3115 2684 3196 ecclesiam
2711 3116 2837 3182 Dei,
2867 3126 2921 3171 et
2948 3116 3094 3171 vadit
3117 3118 3184 3172 ad
3210 3118 3432 3189 angulos

1849 3221 2006 3262 orare
2044 3207 2128 3260 vel
2159 3209 2604 3278 congregatioues
2648 3208 2842 3270 facere,
2886 3225 3006 3279 quae
3043 3212 3221 3264 onmia
3268 3212 3431 3267 inter-

1852 3298 1992 3352 dicta
2025 3306 2168 3361 sunt,
2195 3298 2286 3365 qui
2323 3298 2447 3351 huic
2477 3299 2789 3372 idololatriae
2811 3308 2989 3363 vacat,
3025 3302 3314 3356 anathema
3338 3305 3430 3360 sit.

2357 3405 2497 3460 {Era
2523 3407 2586 3460 ‘21
2623 3407 2776 3478 [Cum
2809 3408 2921 3479 54].

1928 3520 1939 3558 ἱ
1985 3518 2102 3572 Νοιι
2149 3526 2362 3587 oportet
2404 3520 2807 3586 Christianum,
2857 3523 3058 3577 relictis
3102 3525 3430 3596 martyribus

1852 3609 2002 3662 abire
2027 3611 2096 3662 ad
2119 3608 2283 3662 falsos
2308 3618 2575 3678 martyres
2604 3628 2614 3664 :
2651 3611 2703 3663 hi
2731 3609 2872 3663 enim
2903 3610 3060 3665 alieni
3091 3628 3121 3665 a
3147 3613 3256 3670 Deo
3282 3623 3427 3683 sunt,

1850 3709 1905 3755 et
1932 3700 2270 3754 anathemate
2296 3701 2670 3770 percellantur.

2492 3812 2628 3866 zEra
2657 3813 2801 3867 22L

1921 3923 1997 3985 Illi
2033 3923 2124 3996 qui
2163 3931 2489 3996 apostatant,
2527 3932 2580 3978 et
2616 3938 2888 3992 nunquam
2927 3925 2995 3979 ad
3030 3924 3312 3980 ecclesiam
3336 3943 3432 3982 ve-

1851 4017 2004 4069 niunt
2035 4013 2487 4086 [reprresentant],
2536 4030 2632 4069 nec
2673 4015 3045 4084 paenitentiam
3070 4026 3340 4085 quaerunt,
3374 4026 3446 4073 et.

1849 4115 2032 4183 postea
2078 4107 2131 4160 in
2172 4105 2488 4160 inﬁrmitate
2529 4105 2708 4178 (Var.)
2749 4115 2937 4176 petunt
2974 4110 3442 4176 communionem,-

1850 4195 1928 4248 eis
1951 4209 2057 4248 non
2079 4194 2308 4248 dandam
2335 4203 2460 4247 ante
2486 4193 2695 4264 dignam
2719 4194 3102 4263 paenitentiam.

2233 4304 2415 4363 Conon
2444 4304 2794 4375 Epaunensis,
2827 4320 2934 4357 a'ra
2960 4303 3048 4358 52.

1921 4416 2177 4470 Basilicas
2201 4415 2574 4469 ltzereticorum
2609 4415 2792 4485 (Add.)
2823 4415 3024 4468 sanctis
3046 4412 3230 4466 usibus
3254 4413 3424 4482 appli-

1851 4509 1962 4562 cari
1987 4508 2328 4576 despicimus;
2357 4507 2530 4579 [sane]
2553 4516 2730 4562 tamen
2751 4523 2886 4576 quas
2906 4507 2981 4560 illi
3002 4522 3098 4577 per
3116 4504 3445 4561 violentiam

1852 4599 2049 4653 nostris
2078 4599 2336 4661 tulerunt,
2368 4614 2654 4667 possumus
2687 4611 2956 4650 revocare.

2191 4709 2371 4771 Canon
2400 4710 2786 4782 Hipponiensis,
2814 4725 2921 4764 wra
2945 4708 3014 4763 82
3040 4709 3086 4760 ιί.

1921 4825 2147 4890 Altaria,
2163 4841 2282 4894 quae
2300 4840 2398 4894 per
2418 4839 2577 4892 agros
2596 4830 2651 4877 et
2670 4821 2851 4876 vineas
2865 4820 3024 4892 [vias]
3041 4828 3291 4889 tanquam
3316 4836 3428 4876 nie-

1853 4917 2039 4969 morim
2077 4924 2372 4984 martyrum
2405 4913 2705 4967 conduntur
2734 4910 3196 4982 [constituuntur],
3239 4909 3427 4981 (Add.)

1852 5006 1920 5058 ab
1939 5004 2223 5074 episcopis,
2241 5001 2332 5070 qui
2361 5002 2493 5056 locis
2512 5001 2715 5057 eisdem
2735 5009 2991 5070 praesunt,
3011 5000 3078 5071 [si
3096 5001 3206 5055 ﬁeri
3225 5008 3378 5069 potes
3398 5002 3427 5076 -]

1853 5101 2182 5149 evertantur.
2227 5092 2282 5145 Si
2321 5100 2500 5145 autem
2538 5092 2642 5146 hoc
2681 5100 2898 5160 propter
2936 5100 3110 5146 motus
3143 5092 3429 5161 populares

1853 5197 1958 5236 non
1981 5181 2195 5244 sinitur,
2218 5179 2367 5249 plebs
2391 5188 2568 5241 tamen
2585 5180 2958 5243 admoneatur,
2981 5193 3048 5232 ne
3071 5178 3158 5231 illa
3181 5178 3430 5248 frequen-

1853 5282 1967 5333 teut
1990 5274 2122 5328 loca.
2153 5271 2336 5343 (Αάά.)
2359 5273 2426 5326 Et
2441 5273 2658 5328 omnino
2680 5273 2826 5327 nulla
2848 5272 3106 5326 memoria
3128 5280 3428 5342 martyrum

1933 5408 1957 5446 δ
1994 5405 2156 5460 Cone.
2189 5404 2352 5458 Laod.
2384 5419 2431 5457 c.
2461 5404 2513 5458 9.
2546 5403 2742 5472 Interp.
2769 5416 2866 5472 nec
2890 5401 3108 5472 Dionys.
3133 5415 3234 5456 nec
3255 5399 3380 5455 Isid.

1927 5476 1954 5516 ιι
1989 5476 2186 5544 Interp.
2214 5488 2314 5528 nec
2340 5471 2558 5543 Dionys.
2584 5488 2684 5526 nec
2707 5471 2832 5544 I_si_d_.
3035 5471 3043 5477 “

1932 5549 1945 5586 ί
1993 5541 2186 5613 Interp.
2217 5559 2317 5598 nec
2345 5541 2562 5613 Dionys.
2585 5558 2697 5613 [nec
2722 5541 2845 5596 Isid.

1931 5616 1942 5664 i
1994 5612 2158 5669 Cone.
2191 5613 2395 5667 Arelat.
2425 5631 2465 5678 I,
2487 5612 2544 5667 7c.
2573 5612 2664 5666 ‘22.

1931 5688 1950 5724 ¹ί
1995 5685 2157 5739 Cone.
2187 5683 2368 5740 Carth.
2399 5700 2448 5750 v,
2478 5699 2525 5738 c.
2558 5682 2652 5748 M;
2681 5696 2832 5738 conc.
2863 5679 3029 5736 Afric.
3059 5697 3109 5734 ι..
