4020 6360
597 361 734 415 ίυδί

1423 352 1767 413 'CANONES
1807 350 2095 408 SELECTI
2134 348 2228 404 EX
2268 348 2423 405 νει.
2465 347 2621 406 CAN.
2664 346 2997 404 COLLECT.

3712 345 3843 409 i059

599 470 995 545 [probabiliter]
1020 480 1359 543 acceptetur;
1381 471 1488 526 nisi
1508 471 1597 526 ubi
1637 485 1836 541 corpus
1864 477 1959 525 aut
1983 466 2178 537 aliqua:
2203 468 2252 528 A
2278 472 2544 534 potestate
2569 463 2888 520 consistant.
2919 463 2988 521 Et
3019 463 3065 519 si
3092 463 3223 534 quid
3249 472 3441 521 contra
3461 464 3666 540 [extra]
3697 481 3823 534 rego

597 563 842 633 reliquiae
863 575 1011 630 sunt,
1037 562 1220 637 (γαν.)
1245 564 1318 619 ibi
1343 570 1562 618 auctore
1584 563 1688 619 hoc
1708 561 1936 629 alicujus
1962 558 2171 615 babita-
2270 559 2381 614 lam
2410 557 2657 623 fecerint,
2692 558 2760 613 ab
2796 558 3064 628 episcopis
3112 559 3496 642 corripiantur,
3542 558 3642 630 qui
3686 559 3843 614 serue!

600 656 764 712 tionis
783 656 868 711 vel
889 657 1154 728 passionis
1179 654 1485 711 ﬁdelissima
1509 650 1718 725 origine
1741 653 2004 709 tradatur.
2037 648 2173 704 Nam

2273 652 2329 706 in
2357 665 2520 715 anno,
2551 650 2609 705 in
2650 648 2827 705 locum
2870 649 2964 705 ubi
3014 649 3300 720 episcopus
3351 649 3597 720 elegerit,
3630 659 3844 719 accepta

603 759 727 816 quae
777 760 875 816 per
918 745 1126 801 somnia
1164 752 1219 798 et
1259 759 1358 813 per
1396 745 1585 799 inanes
1622 742 1775 812 quasi
1818 740 2175 797 revelationes
2271 742 2555 797 vocatione
2611 741 2955 797 conveniant.
3022 742 3270 798 Monachi
3321 751 3531 799 autem-
3564 741 3844 797 abbatibus

601 836 880 892 hominum
902 836 1300 893 constituuntur
1324 834 1537 901 altaria,
1561 835 1678 889 baac
1703 832 1850 889 omni
1870 831 2030 887 modo
2049 844 2175 902 pro-

603 925 857 982 hibentur
876 924 1295 999 [reprobeutur].

1222 1037 1447 1095 CAPUT
1485 1037 1547 1093 L.

1009 1144 1075 1183 DE
1111 1143 1363 1184 SOBTIBUS
1395 1144 1465 1182 ΕΤ
1500 1142 1765 1182 Αυιςυῐιιιδ.

967 1214 1149 1272 Conon
1176 1216 1515 1282 Arelatensis,
1545 1233 1653 1270 (era
1678 1216 1748 1269 24
1773 1226 1821 1268 ⁸.

671 1331 776 1399 Qui
812 1329 1016 1387 faculas
1054 1329 1372 1394 accendunt,
1415 1336 1509 1383 aut
1547 1328 1767 1382 arbores
1802 1332 1896 1379 aut
1930 1337 2058 1378 saxa
2090 1323 2178 1378 vel

598 1423 777 1480 fontes
803 1430 1152 1488 venerantur,
1182 1422 1228 1476 si
1257 1422 1359 1476 hoc
1386 1418 1568 1491 (ναν.)
1596 1418 1882 1488 episcopus
1904 1416 2007 1473 loci
2034 1414 2177 1469 illius

598 1528 791 1569 eruere
817 1513 1137 1584 neglexerit,
1166 1511 1432 1582 sacrilegii
1459 1527 1609 1566 reum
1637 1525 1695 1565 se
1720 1523 1840 1565 esse
1864 1514 2174 1579 cognoscat.

599 1604 858 1661 Dominus
899 1614 1077 1660 autem
1115 1605 1396 1661 ordinatur
1435 1603 1514 1658 rei
1557 1602 1745 1672 ipsius,
1784 1601 1830 1655 si
1872 1597 2179 1654 admonitus

597 1695 884 1752 emendare
906 1696 1157 1761 noluerit,
1182 1693 1557 1750 communione
1582 1691 1839 1761 privetur.
1898 1733 1909 1745 .

934 1804 1114 1862 Conon
1142 1808 1531 1877 Africanorum,
1562 1822 1669 1859 cera
1698 1803 1765 1856 74
1789 1801 1840 1857 δ.

665 1912 942 1987 Auguriis,
982 1916 1068 1971 vel
1109 1916 1564 1972 incantationibus
1602 1914 1943 1979 servientem,
1974 1926 2008 1967 a
2046 1926 2177 1968 con-

598 2012 761 2063 ventu
788 2006 1030 2061 ecclesia:
1057 2008 1432 2075 separandum.

838 2116 1023 2174 Conon
1051 2120 1380 2190 Agathensis,
1410 2135 1518 2174 tera
1545 2119 1615 2175 40
1640 2117 1795 2191 [Cum
1824 2115 1933 2188 42].

671 2229 731 2284 Si
757 2232 878 2299 quis
905 2240 1099 2297 sortes,
1126 2247 1263 2301 quas
1296 2240 1605 2287 sanctorum
1627 2237 1845 2295 vocant,
1873 2227 2052 2300 (Van)
2080 2227 2176 2282 ba-

597 2322 932 2401 buerithvel
981 2323 1329 2379 divinationis
1370 2324 1650 2380 scientiam
1696 2324 2033 2394 proﬁteatur,
2082 2330 2178 2378 aut

598 2428 1041 2483 quarumcunque
1071 2416 1456 2484 scripturarum
1489 2417 1817 2486 inspectione
1848 2415 2026 2471 futura
2049 2431 2178 2486 pro-

596 2500 779 2555 mittat
805 2518 816 2553 :
842 2502 1145 2572 quicunque
1169 2503 1421 2575 [clericus
1438 2504 1522 2559 vel
1542 2505 1710 2560 laicus
1731 2507 1970 2561 detectus
1990 2504 2175 2579 fuerit]

598 2589 713 2645 haec
752 2591 1030 2647 consulere
1067 2593 1151 2647 vel
1181 2594 1372 2650 docere
1398 2597 1818 2667 praesumpserit,
1851 2598 1919 2652 ab
1945 2596 2174 2653 ecclesia

596 2678 863 2737 habeatur
886 2690 1192 2739 extraneus.

924 2792 1107 2850 Conon
1133 2795 1545 2866 Aurelianensis,
1574 2817 1682 2854 aera
1709 2800 1780 2857 26
1806 2814 1854 2856 ε.

666 2897 725 2956 Si
752 2901 876 2971 quis
901 2902 1257 2961 divinationes
1287 2908 1372 2962 vel
1408 2911 1629 2981 auguria
1667 2912 1955 2968 crediderit
1988 2915 2175 2971 obser-

596 2990 791 3058 vanda,
812 2993 896 3049 vel
922 3005 1117 3062 sortes,
1139 3012 1273 3067 quas
1294 3003 1627 3058 mentiuntur
1649 3002 1815 3060 luisse
1838 3014 2172 3073 sanctorum,

597 3081 784 3155 (ΑΜ.)
812 3101 934 3142 cum
959 3087 1043 3144 bis
1064 3090 1158 3158 qui
1195 3092 1273 3147 eis
1304 3094 1629 3149 crediderint
1656 3096 1724 3151 ab
1748 3095 2004 3154 Ecclesiae
2027 3114 2175 3155 com-

596 3173 849 3230 munione
877 3176 1127 3247 pellatur.

940 3286 1123 3344 Canon
1148 3289 1518 3377 Ancyrilanys,
1544 3312 1653 3349 tera
1679 3296 1750 3352 24
1771 3297 1822 3351 ἀ.

663 3394 766 3464 Qui
788 3399 1010 3470 auguria
1031 3400 1114 3455 vel
1135 3404 1392 3473 auspicia,
1410 3416 1503 3461 aut
1524 3407 1882 3466 divinationes
1904 3411 2169 3481 quaslibet

595 3485 904 3555 observant,
939 3499 1031 3545 aut
1068 3492 1255 3549 domos
1293 3510 1420 3551 suas
1457 3496 1711 3565 lustrant,
1749 3500 1981 3556 confessi
2014 3502 2171 3571 quin-

594 3576 827 3644 quennio
850 3578 1220 3648 paenitentiam
1246 3593 1425 3653 agant.

1206 3692 1432 3751 CAPUT
1470 3697 1553 3752 LI.

812 3798 879 3837 DE
915 3798 1175 3849 CLEBICIS,
1211 3801 1469 3842 IONACHIS
1506 3804 1601 3843 νει.
1635 3806 1941 3846 ABBATIBUS.

671 3972 695 4000 ο
734 3959 836 4027 Qui
864 3963 1029 4017 semel
1057 3964 1112 4017 in
1138 3964 1285 4022 clero
1312 3967 1554 4038 deputati
1583 3980 1730 4037 sunt,
1763 3979 1857 4026 aut
1884 3973 2175 4028 monacho-

596 4062 716 4103 rum
748 4049 913 4104 vitam
939 4053 1304 4120 expetierunt,
1337 4057 1621 4113 statuimus
1653 4067 1713 4112 ut
1737 4075 1911 4130 neque
1937 4059 2005 4113 ad
2036 4059 2174 4114 mili-

598 4139 727 4195 tiam
755 4155 928 4211 neque
954 4141 1021 4196 ad
1047 4143 1279 4213 aliquam
1303 4147 1615 4218 dignitatem
1637 4152 1821 4208 venire
1846 4160 2174 4223 prmsumant

595 4231 919 4286 mundanam
945 4252 957 4286 :
987 4241 1078 4287 aut
1099 4234 1214 4290 haec
1242 4244 1514 4294 tentantes
1541 4249 1595 4295 et
1620 4257 1724 4296 non
1752 4249 1974 4313 agentes
2001 4243 2175 4313 poeni-

593 4318 841 4386 tentiam,
872 4322 1158 4390 quominus
1184 4326 1407 4381 redeant
1434 4328 1502 4383 ad
1524 4328 1626 4385 hoc
1651 4330 1793 4400 quod
1819 4338 2042 4402 propter
2068 4331 2173 4387 Do-

593 4409 792 4465 minum
817 4411 1067 4481 primitus
1096 4415 1391 4486 elegerunt,
1423 4423 1965 4480 anathematizmtur.

932 4524 1114 4582 Canon
1141 4527 1551 4599 Aurelianensis,
1582 4551 1688 4589 trra
1717 4534 1751 4590 9
1786 4534 1830 4591 τ.

663 4629 728 4720 Hi
753 4632 843 4702 qui
883 4646 1129 4715 suscepta
1161 4642 1475 4707 poenitentia
1515 4645 1770 4716 religione
1810 4663 1921 4704 suae
1958 4652 2165 4720 profes-

591 4718 758 4774 sionis
783 4722 934 4778 obliti
957 4726 1024 4780 ad
1055 4730 1329 4786 szccularia
1370 4734 1701 4804 relabuntur,
1727 4754 1758 4793 a
1790 4718 2165 4803 communione

590 4812 922 4905 et‘omnlum
960 4818 1348 4877 catholicorum
1387 4826 1633 4881 convivio
1672 4840 1991 4898 separentur
2031 4833 2165 4905 [pla-

591 4900 725 4966 cuit,
746 4912 874 4970 etc.,
900 4908 1195 4981 suspendi].
1228 4910 1408 4984 (Van)
1436 4913 1495 4969 Si
1523 4932 1651 4973 vero
1678 4928 1799 4989 post
1822 4900 2165 4979 interdieiun

592 5003 718 5045 cum
750 5006 815 5049 eo
843 4997 966 5065 quis
992 5003 1392 5071 praesumpserit
1424 5007 1770 5077 manducare,
1800 5020 1855 5067 et
1880 5012 1995 5083 ipse
2021 5030 2169 5071 com-

593 5084 847 5143 munione
873 5088 1132 5158 privetur.

1223 5182 1365 5237 zEra
1392 5185 1459 5240 15
1491 5189 1537 5240 δ.

2204 1831 2251 1892 Β

2196 3179 2244 3247 C

2274 833 2422 887 omni
2467 847 2528 888 se
2558 832 2864 889 obedientia
2897 834 2925 874 ιι
2952 842 3009 888 et
3043 833 3330 889 devotione
3357 832 3671 901 subjiciam.
3702 829 3843 898 Quod

2274 921 2322 975 si
2347 921 2469 991 quis
2494 936 2594 991 per
2617 922 3014 978 ctmtumaciam
3049 921 3323 976 exstiterit
3349 935 3457 975 non
3480 921 3734 984 devotus,
3761 926 3840 974 aut

2274 1027 2373 1082 per
2398 1013 2578 1084 aliqua
2616 1013 2733 1069 loca
2782 1014 3019 1083 evagari,
3048 1021 3140 1067 aut
3176 1013 3448 1084 peculiare
3472 1012 3683 1069 habere
3719 1027 3838 1082 pne

2277 1103 2587 1172 sumpserit,
2621 1102 2802 1157 omnia
2849 1118 2969 1173 quae
3021 1101 3336 1171 acquisierit
3381 1102 3674 1157 abbatibus
3702 1099 3840 1156 aule-

2277 1199 2487 1255 rantur,
2530 1191 2827 1247 secundum
2879 1192 3118 1263 regulam
3170 1191 3499 1247 monasterio
3547 1190 3841 1261 profutura.

2276 1280 2381 1350 Ipsi
2411 1290 2593 1335 autem
2624 1282 2719 1353 qui
2752 1281 2952 1336 fuerint
2979 1283 3283 1355 pervagati,
3310 1283 3623 1352 ubicunque
3652 1283 3841 1341 inventi

2276 1369 2498 1437 fuerint,
2543 1387 2667 1426 cum
2697 1371 2900 1426 auxilio
2926 1372 3165 1442 episcopi
3196 1379 3454 1443 tanquam
3489 1371 3718 1442 fugaces
3754 1371 3840 1428 sub

2278 1462 2519 1519 custodia
2545 1471 2886 1519 revocentur.
2938 1462 3005 1517 Et
3030 1478 3182 1517 reum
3204 1476 3264 1518 se
3297 1463 3386 1518 ille
3411 1462 3582 1518 abbas
3609 1461 3849 1519 fumi-um.

2276 1568 2395 1610 esse
2422 1563 2725 1626 cognoscat,
2756 1554 2847 1624 qui
2880 1553 2982 1628 [in]
3012 1554 3319 1625 huiusmodi
3345 1570 3612 1624 personas
3638 1570 3748 1611 non
3767 1568 3837 1609 re-

2275 1644 2449 1716 gulari
2498 1644 2966 1700 animadversione
3007 1645 3364 1711 distrinxerit,
3420 1643 3507 1699 vel
3535 1645 3634 1716 qui
3663 1658 3834 1699 mona-

2278 1737 2441 1794 chum
2477 1736 2779 1806 susceperit
2799 1735 3059 1790 alienum.

2604 1826 2787 1881 Conon
2815 1826 3274 1892 Chalcedonensis,
3303 1843 3414 1880 cera
3438 1840 3512 1897 λιιι

2352 1920 2372 1961 ί
2414 1917 2702 1973 llonacbos
2739 1933 2871 1972 vero
2905 1931 3003 1986 per
3043 1931 3481 1987 unamquamque
3518 1918 3853 1987 provinciam.

2276 2017 2367 2064 aut
2411 2008 2688 2064 civitatem
2743 2006 3015 2076 subjectos
3044 2023 3165 2063 esse
3204 2010 3497 2078 episcopo:
3536 2017 3590 2064 et
3615 2010 3836 2079 quietem

2273 2098 2537 2169 diligere;
2600 2106 2656 2153 et
2693 2098 2928 2153 intentos
2973 2113 3094 2153 esse
3139 2100 3512 2153 tantummodo
3548 2098 3748 2168 jejunio
3782 2106 3832 2154 et

2273 2191 2547 2256 orationi;
2584 2197 2966 2259 permanentes
3000 2190 3054 2244 in
3090 2190 3246 2255 locis,
3278 2191 3331 2244 in
3364 2191 3547 2261 quibus
3565 2190 3821 2245 renuntia.

2274 2290 2468 2337 verunt
2490 2280 2685 2337 sarculo
2709 2298 2723 2347 ;
2752 2295 2853 2337 nec
2877 2279 3259 2336 ecclesiasticis
3311 2295 3482 2350 neque
3501 2278 3840 2335 saecularibus

2274 2374 2505 2445 negotiis
2532 2373 2950 2438 communicare,
2986 2370 3074 2425 vel
3115 2372 3168 2425 in
3194 2372 3377 2441 aliquo
3405 2386 3523 2426 eme
3564 2369 3846 2435 molestos,

2273 2467 2494 2537 propria
2547 2465 2874 2522 monasteria
2925 2466 3238 2521 deserentes
3266 2484 3279 2519 :
3311 2466 3415 2520 nisi
3444 2465 3584 2519 forte
3609 2463 3691 2518 eis
3712 2477 3818 2531 prae

2276 2560 2507 2631 cipiatur
2530 2568 2750 2629 propter
2769 2574 2905 2628 opus
2931 2561 3297 2616 necessarium
3341 2561 3410 2615 ab
3433 2559 3690 2630 episcopo
3716 2557 3842 2613 civi-

2278 2651 2423 2705 tatis.
2465 2650 2681 2705 Nullum
2708 2664 2836 2704 vero
2864 2651 3193 2705 monasterio
3241 2666 3460 2706 servum
3491 2650 3719 2704 obtentu
3738 2664 3845 2704 tum

2274 2739 2434 2793 nacbi
2461 2748 2682 2808 propter
2703 2738 2786 2793 sui
2811 2738 3014 2794 domini
3040 2739 3431 2795 conscientiam
3451 2739 3638 2808 recipi.
3664 2738 3833 2794 Trans

2272 2831 2606 2901 gredientem
2634 2845 2766 2887 vero
2789 2831 2931 2887 banc
2955 2831 3321 2888 deﬁnitionem
3366 2840 3608 2887 nostram
3638 2846 3840 2886 excom-

2275 2921 2608 2977 municatum
2667 2936 2787 2977 esse
2852 2922 3209 2986 decrevimus,
3257 2938 3328 2978 ne
3381 2937 3575 2978 nomen
3646 2920 3854 2975 Domini

2273 3012 2697 3083 blasphemetur.
2763 3006 3145 3069 Verumtamen
3228 3015 3539 3085 episcopum
3605 3012 3847 3068 convenit

2275 3112 2645 3174 competenter
2707 3104 3161 3161 monasteriorum
3210 3103 3605 3174 providentiam
3647 3115 3844 3172 gerere.

2496 3192 2680 3250 Conon
2702 3193 3037 3264 Agathensis,
3065 3209 3176 3247 aera
3203 3192 3269 3247 l9
3300 3189 3456 3263 [Cum
3485 3188 3604 3260 27].

2341 3285 2723 3341 Monasterium
2750 3299 2883 3339 vero
2898 3299 3117 3348 novum,
3134 3283 3235 3337 nisi
3249 3282 3499 3353 episcopo
3508 3280 3847 3350 permittente

2272 3375 2387 3448 [aut
2411 3374 2696 3446 probante]
2727 3375 2966 3444 incipere
2995 3383 3088 3427 aut
3116 3372 3341 3428 fundare
3359 3386 3517 3425 nemo
3540 3378 3844 3439 praesumat.

2269 3466 2518 3521 Monachi
2548 3473 2730 3519 autem
2750 3472 3006 3534 vagantes
3034 3464 3102 3518 ad
3143 3461 3377 3517 oﬂicium
3404 3458 3724 3520 clericatus,
3752 3455 3855 3515 niSi

2270 3561 2352 3616 eis
2377 3560 2750 3615 testimonium
2778 3558 2945 3612 abbas
2975 3571 3105 3611 suus
3131 3554 3361 3620 dederit,
3391 3568 3563 3622 neque
3589 3552 3651 3605 in
3672 3551 3844 3606 civita-

2274 3652 2436 3717 tibus,
2495 3666 2667 3721 neque
2720 3650 2775 3704 in
2820 3647 3092 3719 parocbiis
3140 3645 3474 3702 ordinentur.
3531 3641 3848 3699 Monachum

2272 3758 2422 3808 vero,
2449 3742 2554 3797 nisi
2607 3740 2817 3796 abbatis
2845 3741 2929 3795 sui
2977 3738 3245 3810 permissu
3275 3737 3392 3810 [aut
3437 3734 3769 3807 voluntate],
3793 3732 3849 3787 ad

2272 3834 2503 3889 alterum
2524 3832 2910 3889 monasterium
2934 3831 3252 3903 migrantem
3284 3829 3461 3884 nullus
3486 3827 3662 3882 abbas
3690 3826 3839 3882 susci-

2271 3940 2400 3994 pere
2428 3932 2522 3977 aut
2550 3923 2785 3977 retinere
2833 3929 3126 3994 praesumat
3151 3938 3164 3974 :
3195 3920 3288 3975 sed
3338 3920 3650 3988 ubicunque
3678 3915 3847 3980 fuerit,

2272 4015 2455 4070 abbati
2478 4029 2578 4069 suo
2599 4014 2922 4068 auctoritate
2951 4027 3219 4068 canonum
3257 4020 3555 4066 revocetur.
3582 4009 3650 4066 Si
3675 4023 3849 4065 neces-

2271 4121 2330 4161 se
2359 4104 2524 4160 fuerit
2551 4104 2620 4159 ad
2644 4101 2878 4158 oﬂieium
2913 4101 3201 4157 clericatus
3245 4102 3526 4174 [clericum
3564 4101 3640 4156 de
3669 4113 3849 4155 mona-

2270 4197 2388 4252 chis
2435 4193 2723 4266 ordinari],
2775 4208 2899 4249 cum
2929 4208 3195 4248 consensu
3236 4201 3291 4247 et
3319 4191 3596 4246 voluntate
3645 4188 3850 4245 abbatis

2269 4286 2591 4343 monachum
2623 4290 2914 4356 praesumat
2950 4285 3250 4355 episcopus.
3302 4282 3457 4355 (Con.
3499 4282 3621 4354 28.)
3676 4282 3852 4337 Hom-

2268 4379 2433 4433 steria
2490 4376 2813 4446 puellarum,
2865 4376 3077 4447 longius
3119 4392 3150 4431 a
3179 4376 3522 4432 monasteriis
3554 4374 3848 4431 monacho-

2267 4482 2386 4523 rum
2414 4466 2743 4522 collocentur
2777 4474 2999 4537 propter
3026 4466 3253 4521 insidias
3296 4465 3519 4530 diaboli,
3552 4465 3647 4520 vel
3674 4465 3851 4522 obtre~

2198 4540 2247 4604 Ῐ)
2271 4558 2534 4613 ctationes
2560 4554 2970 4628 [oblocutiones]
3003 4556 3300 4610 hominum.

2919 4644 2994 4699 1E
3000 4663 3059 4700 ra
3098 4644 3184 4700 58.

2342 4737 2681 4794 Servandum
2734 4750 2951 4807 quoque
2974 4736 3042 4791 de
3069 4735 3371 4799 monachis,
3404 4750 3472 4790 ne
3502 4735 3582 4789 eis
3612 4749 3716 4806 per
3736 4729 3851 4809 [ad]

2274 4830 2542 4886 solitarius
2565 4828 2787 4885 cellulas
2816 4828 2977 4884 liceat
3003 4843 3034 4881 a
3062 4827 3478 4899 congregatione
3522 4826 3845 4888 discedere;

2272 4918 2373 4973 nisi
2406 4917 2543 4973 forte
2586 4918 2826 4990 probatis
2854 4926 2975 4989 post
3012 4918 3267 4973 emeritos
3294 4917 3530 4981 labores,
3558 4928 3658 4972 aut
3702 4915 3849 4971 inﬁr-

2270 5009 2475 5063 mitatis
2500 4999 2841 5075 necessitate,
2871 5009 3116 5079 asperior
3142 5008 3208 5064 ab
3235 5007 3522 5063 abbatibus
3549 5007 3744 5078 regula
3765 5020 3849 5061 re-

2268 5099 2532 5156 mittatur.
2587 5098 2746 5170 (Add.
2777 5108 2825 5153 et
2856 5099 2994 5170 var.)
3034 5098 3240 5155 Tamen
3288 5099 3432 5153 intra
3475 5098 3667 5154 eadem
3697 5106 3845 5169 septa

2269 5189 2603 5254 monasterii,
2638 5189 2739 5245 sub
2759 5188 2971 5247 abbatis
2996 5197 3265 5262 potestate
3316 5198 3597 5260 separatas
3643 5188 3844 5245 habere

659 5260 895 5321 Abbates
922 5282 1022 5337 pro
1062 5271 1364 5330 humilitate
1393 5276 1667 5348 religionis
1692 5281 1746 5337 in
1784 5284 2161 5357 opiscOporum
2264 5280 2484 5337 cellulas
2511 5283 2915 5353 permittuntur.

662 5407 690 5468 ξ
728 5394 891 5468 gone.
920 5397 1064 5454 Are].
1090 5418 1151 5468 ιι,
1181 5418 1230 5459 c.
1259 5405 1348 5461 23.

589 5549 641 5590 θ’
661 5464 864 5591 ιὲἒιθι.
891 5468 1036 5525 Eccl.
1066 5472 1120 5526 in
1138 5464 1259 5530 cod.
1286 5476 1445 5533 Barb.
1472 5493 1522 5534 c.
1547 5480 1645 5545 85;
1690 5481 1854 5538 Cone.
1880 5499 1935 5538 tv
1969 5484 2157 5540 Cartb.

662 5616 684 5676 σῖ
724 5605 886 5676 Cone.
914 5608 1094 5665 Aurel.
1126 5629 1165 5676 ι,
1194 5631 1240 5670 c.
1270 5617 1357 5671 50.

660 5673 687 5768 ξ
716 5674 812 5768 id.
825 5678 992 5768 infit.
1016 5697 1064 5768 (ξ.
1089 5673 1178 5768 23,
1205 5687 1257 5742 in
1280 5687 1473 5761 interp.
1503 5691 1719 5765 Dionys.
1745 5701 1798 5749 et
1827 5693 1950 5750 lsid.
1986 5712 2016 5751 a
2042 5695 2160 5768 qui-

588 5742 689 5801 bus
715 5745 817 5800 ista
847 5748 1135 5822 discrepat.

2338 5430 2361 5458 ο
2399 5418 2562 5474 Cone.
2606 5417 2855 5473 Chalced.
2894 5432 2945 5472 c.
2992 5418 3044 5471 7.
3087 5416 3285 5488 luterp.
3325 5431 3427 5472 nec
3474 5415 3691 5480 Βίωνι.
3744 5427 3843 5468 nec

2260 5486 2385 5542 Isid.
2415 5488 2549 5542 Vide
2576 5503 2728 5542 conc.
2758 5487 3029 5556 Andegav.
3056 5504 3107 5543 c.
3136 5487 3188 5540 7.

2337 5557 2357 5596 ί
2400 5557 2565 5613 Cone.
2595 5557 2779 5612 Aurel.
2808 5574 2851 5623 ι,
2879 5573 2929 5611 c.
2961 5558 3048 5611 ll.

2335 5630 2360 5668 ³
2408 5625 2591 5695 Ejusd.
2615 5641 2766 5691 conc.
2806 5643 2857 5682 c.
2886 5627 2974 5683 l9.

2331 5698 2357 5737 ιι
2401 5698 2526 5750 Var.
2560 5695 2691 5751 Vide
2713 5704 2824 5751 not.
2855 5697 2924 5751 cl.
2954 5695 3004 5751 J.
3044 5695 3335 5752 Sirmondi.

2339 5768 2355 5806 ί
2394 5764 2680 5822 Paululum
2707 5766 2885 5821 ditl'ert
2904 5768 2972 5823 ab
3001 5768 3281 5835 interpret.
3316 5765 3512 5835 Dionys
3600 5808 3605 5813 .
