4020 6360
247 401 387 457 1035

536 515 715 569 Conon
746 507 1156 570 Aurelianensis,
1190 521 1297 559 (era
1336 504 1402 557 18
1429 515 1476 556 ει.

312 608 577 672 Monaeho
600 604 678 658 uti
710 599 912 663 orario,
965 596 1043 668 [in
1064 592 1411 663 monasterio]
1435 592 1518 647 vel
1546 590 1574 631 ι)
1598 591 1816 660 ciangas

236 702 444 757 habere
471 713 575 751 non
612 694 790 747 liceat.

583 783 765 838 Conon
796 777 1133 840 Arelatensis,
1165 791 1271 829 aera
1301 774 1337 827 2
1375 784 1422 826 ο.

309 883 383 938 Ut
411 876 741 935 monasteria
771 880 823 926 et
863 869 1248 925 monachorum
1294 863 1569 931 disciplina
1598 860 1664 914 ad
1693 874 1815 913 eum

232 978 548 1048 pertineant
588 970 897 1039 episcopum
940 965 995 1017 in
1026 961 1179 1031 cujus
1229 966 1354 1012 sunt
1387 953 1658 1010 territorio
1684 966 1814 1005 con-

234 1069 451 1124 stituta.

529 1150 710 1207 Canon
748 1145 1203 1207 Chalcedonensis,
1237 1157 1343 1195 cera
1371 1139 1460 1193 24.

306 1263 332 1290 α
375 1250 506 1315 Qua:
555 1242 719 1299 semel
750 1241 989 1295 dedicata
1043 1243 1169 1289 sunt
1220 1229 1544 1287 monasteria
1590 1224 1815 1281 consilio

234 1345 635 1414 episcoporum,
667 1338 923 1387 maneant
963 1335 1219 1398 perpetuo
1245 1320 1609 1378 monasteria:
1651 1326 1705 1373 et
1728 1331 1815 1371 res

234 1448 357 1502 quae
384 1429 450 1483 ad
474 1442 538 1481 ea
557 1424 827 1494 pertinent
856 1420 972 1472 loca
996 1414 1335 1470 monasteriis
1363 1422 1638 1465 reservare
1658 1422 1815 1477 opor—

232 1494 333 1582 tet,
361 1531 462 1570 nec
494 1526 651 1584 posse
678 1508 817 1563 ultra
873 1505 989 1560 fieri
1024 1502 1306 1559 saecularia
1358 1496 1680 1554 habitacula.
1712 1494 1813 1561 Qui

230 1624 367 1664 vero
404 1608 509 1660 hoc
534 1601 651 1658 fieri
692 1595 1056 1670 permiserint,
1086 1605 1352 1647 canonum
1380 1586 1662 1643 sententiis
1682 1585 1810 1639 sub-

225 1698 509 1768 iacebunt.

538 1784 721 1839 Canon
752 1781 1257 1851 Augustoaunensts,
1289 1788 1396 1825 trra
1424 1770 1472 1823 1.

1085 387 1401 445 (ᾺΝΟΝΕΞ
1441 380 1728 440 SELECTI
1765 379 1859 435 EX
1899 378 2056 434 VET.
2100 375 2257 433 CAN.
2299 374 2630 432 COLLECT.

1776 488 1779 493 ’
1834 499 1886 555 Α
1915 493 2073 564 (Add.
2120 504 2167 547 et
2211 498 2346 565 var.)
2396 493 2549 560 Quod
2589 493 2634 548 si
2688 494 2978 552 verborum
3025 492 3483 564 increpationibus

3343 374 3482 432 1054

1918 600 2025 639 non
2046 586 2464 647 emendaverint,
2502 583 2817 639 verberibus
2842 596 3216 639 coerceantur.

2288 675 2353 729 In
2380 675 2596 746 epistola
2624 675 2804 731 Siricii
2851 694 3001 747 papa:
3033 680 3078 730 ⁸.

1988 764 2275 821 Monacbos
2319 782 2551 836 quoque,
2599 782 2734 835 quos
2761 783 2977 823 morum
3027 769 3265 837 gravitas
3290 777 3345 823 et
3374 769 3486 824 vita

1916 863 2102 911 sancta
2154 855 2229 926 [et
2254 856 2379 909 vitae
2405 871 2467 909 ac
2494 856 2617 909 fidei
2661 856 2927 912 institutio
2961 857 3168 928 sancta]
3218 872 3486 913 commen-

1916 949 2025 1011 dat,
2057 946 2372 1001 elerieorum
2410 945 2597 1000 olliciis
2643 948 2920 1017 aggregari
2958 956 3012 1001 et
3032 955 3279 1016 optamus
3307 955 3362 1002 et
3388 960 3487 1002 vo-

1915 1035 2133 1101 lumus;
2170 1037 2243 1090 ita
2277 1044 2337 1089 ut
2366 1033 2548 1105 (Van)
2594 1036 2639 1089 si
2672 1037 2761 1104 qui
2798 1037 2939 1091 intra
2981 1038 3313 1091 tricesimum
3355 1045 3488 1092 teta-

1915 1127 1985 1181 tis
2020 1143 2217 1181 aunum
2246 1136 2391 1191 sunt,
2418 1143 2515 1197 per
2550 1128 2746 1198 gradus
2780 1129 3017 1199 singulos
3047 1130 3314 1185 crescenti
3346 1136 3487 1185 tem—

1913 1232 2043 1288 pore
2086 1228 2504 1287 promoveantur
2566 1220 2843 1274 ordinibus
2902 1221 3170 1289 singulis:
3203 1229 3259 1275 et
3305 1221 3383 1276 sic
3416 1220 3487 1275 ad

1914 1305 2224 1360 diaconatus
2250 1306 2331 1360 vel
2367 1308 2667 1377 presbyteri
2700 1309 2915 1363 ordines
2958 1307 3235 1380 [insignia]
3287 1308 3485 1364 maturi

1916 1398 2161 1469 [maturae
2201 1399 2376 1453 aetatis
2423 1398 2845 1470 consecratione]
2876 1400 3211 1468 perveniant,
3248 1415 3315 1454 ne
3342 1398 3483 1456 saltu

1912 1490 1979 1543 ad
2005 1490 2344 1559 episcopatus
2385 1488 2596 1543 culmen
2634 1489 2946 1553 ascendant,
3000 1489 3104 1543 nisi
3151 1485 3333 1559 (Van)
3371 1488 3483 1542 sin-

1912 1579 2048 1649 gulis
2100 1579 2355 1651 gradibus
2386 1586 2440 1633 et
2476 1579 2608 1633 ordo
2655 1586 2708 1634 et
2763 1588 3006 1649 tempora
3062 1578 3263 1632 fuerint
3307 1584 3484 1632 custo.

1915 1671 2044 1724 dita.

2116 1758 2181 1813 In
2211 1759 2429 1831 epistola
2460 1759 2753 1815 Innocentii
2786 1778 2935 1831 papa:
2963 1761 3013 1824 ιι,
3044 1776 3149 1814 arra
3176 1759 3264 1812 11.

310 1893 335 1920 ε
376 1878 693 1937 Abbatibus,
720 1872 802 1927 vel
836 1843 1122 1923 monachis
1162 1862 1462 1932 peculiares
1490 1874 1578 1912 res
1609 1855 1807 1911 habere
1839 1843 1885 1901 Β
1981 1850 2224 1905 Monachi
2254 1852 2412 1921 (Add.
2439 1862 2485 1905 et
2516 1853 2649 1925 var.)
2680 1852 2745 1906 ad
2773 1854 3059 1907 clericatus
3092 1853 3336 1907 ordinem
3363 1865 3484 1921 per-

233 1987 343 2027 non
373 1970 569 2031 liccat;
601 1974 655 2019 et
688 1960 939 2017 monachi
989 1957 1057 2010 ab
1085 1954 1278 2009 abbate
1329 1952 1529 2005 victum
1564 1956 1618 2002 et
1648 1944 1811 2000 vesti-

232 2071 352 2116 tum
383 2064 699 2114 consuetum
723 2051 1010 2120 accipiant.

921 2138 1057 2193 Αἶγα
1081 2138 1134 2193 8.

304 2242 379 2297 Ut
408 2238 658 2295 monachi
710 2233 886 2291 abbati
917 2247 1035 2295 suo,
1080 2228 1166 2283 vel
1206 2225 1481 2297 proposito
1523 2222 1632 2277 sint
1678 2221 1808 2274 obe—

232 2333 464 2388 dientes.

919 2412 1058 2468 {Era
1086 2418 1137 2464 δ.

304 2513 377 2569 Ut
408 2513 463 2567 in
491 2508 800 2565 civitatibus
833 2505 1005 2560 errari
1062 2519 1169 2557 non
1219 2499 1583 2560 inveniantur,
1622 2492 1806 2566 (Van)

230 2606 339 2660 nisi
363 2619 493 2659 casu
523 2618 621 2671 pro
643 2598 943 2655 humilitate
971 2596 1252 2649 mittantur
1290 2611 1300 2644 :
1334 2599 1389 2644 et
1417 2598 1545 2643 tunc
1573 2601 1697 2642 cum
1725 2584 1811 2638 lit-

231 2696 366 2751 teris
405 2694 615 2749 abbatis
641 2690 723 2749 sui
748 2689 815 2743 ad
846 2686 1283 2741 archidiacouum
1310 2680 1630 2749 dirigantur.

769 2778 906 2831 Αἶγα
931 2777 963 2830 5
989 2776 1143 2847 [Εαη.
1170 2772 1282 2843 10].

304 2878 379 2934 Ut
405 2883 707 2945 compatres
732 2871 910 2925 nullus
934 2868 1317 2923 monachorum
1344 2863 1538 2917 audeat
1566 2858 1765 2916 habere
1790 2875 1804 2923 ;

234 2985 342 3025 nec
372 2966 787 3022 familiaritatem
835 2968 1216 3016 extranearum
1272 2954 1578 3009 mulierum.
1623 2951 1690 3005 Et
1718 2951 1809 3021 qui

233 3059 485 3114 inventus
520 3054 704 3118 fuerit,
744 3051 986 3107 severius
1030 3047 1349 3117 corrigatur.

894 3139 1033 3193 Αἶγα
1062 3137 1149 3191 10.

1910 1942 2203 2005 venientes,
2240 1958 2346 1995 non
2387 1943 2633 1997 debenta
2681 1944 2846 2012 priori
2905 1942 3181 2013 proposito
3226 1941 3485 1995 deviare:

1909 2031 2134 2100 etquod
2188 2031 2279 2085 diu
2334 2040 2705 2095 servaverunt,
2739 2034 2792 2085 in
2852 2032 3060 2085 meliori
3111 2030 3281 2100 gradu
3325 2028 3485 2098 positi

1911 2124 2162 2178 amittere
2208 2140 2313 2178 non
2372 2125 2584 2179 debent.
2627 2126 2727 2191 Qui
2770 2134 2894 2179 ante
2931 2124 3258 2193 baptismum
3300 2135 3475 2177 corru-

1907 2223 2031 2284 plus
2063 2214 2183 2280 fuit,
2225 2216 2269 2269 si
2312 2225 2431 2285 post
2465 2216 2789 2286 baptismum
2833 2217 3021 2280 nubat,
3076 2214 3236 2285 [Add.
3268 2222 3315 2267 et
3348 2209 3487 2272 van]

1910 2305 2055 2360 nullo
2082 2306 2240 2360 modo
2264 2314 2441 2374 potest
2463 2306 2528 2360 ad
2552 2305 2865 2359 clericatum
2889 2304 3117 2358 admitti.

2382 2395 2448 2450 In
2474 2396 2670 2466 synodo
2699 2395 2920 2449 Nicama
2948 2398 2991 2449 ί.

1982 2488 2038 2541 Si
2073 2490 2194 2556 quis
2229 2490 2282 2541 in
2309 2488 2635 2541 monasterio
2656 2488 2891 2540 nutritus
2926 2502 3095 2555 usque
3126 2486 3194 2540 ad
3217 2501 3485 2542 summum

1913 2578 2169 2643 studium,
2204 2588 2258 2632 et
2284 2578 2625 2648 postmodum
2652 2576 2982 2639 discesserit,
3014 2577 3118 2630 nisi
3160 2583 3485 2641 revertatur,

1913 2668 2206 2723 desertoris
2246 2668 2555 2722 discrimine
2584 2667 2890 2721 damnetur.
2936 2665 2993 2720 Si
3042 2667 3163 2735 quis
3192 2664 3485 2735 susceperit

1820 2796 1837 2813 ε
1910 2763 2231 2816 monachum
2286 2760 2538 2823 alienum,
2592 2760 2748 2813 ambo
2797 2757 3296 2813 excommunicandi
3341 2764 3499 2818 sunt.

1915 2851 1928 2901 i
1962 2852 2103 2905 Puer
2143 2864 2311 2919 usque
2352 2849 2421 2903 ad
2449 2848 2513 2901 12
2548 2864 2719 2902 annos
2753 2849 2823 2902 sit
2873 2849 2926 2902 in
2971 2855 3237 2917 potestate
3292 2845 3486 2915 patris.

1913 2942 2064 2996 Tunc
2124 2949 2179 2994 et
2235 2940 2486 3009 deinceps
2534 2947 2714 3008 potest
2765 2940 3113 3008 semetipsum
3166 2937 3485 2992 monachum

1913 3028 2110 3086 facere.
2144 3028 2294 3101 (Cap.
2330 3029 2439 3101 15.)
2477 3029 2656 3082 Infans
2678 3044 2779 3098 pro
2816 3027 3025 3081 infante
3072 3035 3250 3097 potest
3290 3027 3403 3081 dari
3433 3026 3486 3079 in

1914 3120 2261 3183 monasterio,
2294 3120 2541 3188 quamvis
2570 3119 2735 3173 alium
2783 3118 3058 3173 vovisset:
3090 3126 3268 3171 tamen
3298 3115 3488 3170 melius

306 3237 378 3293 Ut
408 3234 718 3290 mulieribus
742 3247 797 3285 m
823 3228 1209 3285 monasterium
1232 3226 1473 3279 virorum
1502 3220 1809 3275 nullatenus
1836 3209 1882 3271 C
1912 3224 1993 3269 eSt
2034 3219 2215 3265 votum
2262 3210 2505 3280 implere,
2562 3226 2630 3265 ne
2659 3226 2782 3265 rcus
2812 3211 2864 3263 in
2913 3217 3038 3262 voto
3077 3208 3389 3262 inveniaris.
3424 3205 3486 3259 Ε·

229 3329 395 3385 liceat
420 3326 644 3396 ingredi.
679 3322 995 3386 Statuimus,
1029 3327 1087 3373 ut
1120 3316 1296 3371 nullus
1324 3314 1646 3369 monachum
1677 3310 1808 3364 alte-

230 3421 349 3474 rius
381 3418 580 3486 absque
595 3414 861 3484 permissu
884 3410 1094 3465 abbatis
1116 3408 1195 3461 sui
1219 3411 1511 3476 praesumat
1530 3402 1764 3456 retinere
1789 3416 1803 3464 ;

230 3511 329 3565 sed
368 3524 490 3563 cum
517 3508 768 3560 inventus
791 3502 954 3556 fuerit
973 3515 1195 3571 vagans,
1222 3498 1289 3552 ad
1318 3495 1508 3551 cellam
1532 3492 1807 3563 proprias:

230 3608 540 3663 revocetur,
572 3598 645 3653 ibi
670 3596 825 3665 juxta
854 3594 1065 3667 culpam
1096 3590 1272 3646 meriti
1304 3585 1652 3643 coercendus.

904 3685 1041 3739 fEra
1074 3683 1157 3737 15.

305 3788 385 3840 De
415 3783 699 3839 abbatibus
735 3795 883 3844 vero,
924 3776 1009 3830 vel
1060 3773 1356 3837 monachis,
1397 3772 1471 3825 ita
1518 3768 1809 3823 observare

235 3876 492 3934 convenit
521 3881 581 3927 ut
607 3868 867 3942 quidquid
890 3865 1181 3922 canonicus
1206 3862 1359 3925 ordo,
1390 3868 1446 3915 et
1477 3858 1659 3929 regula
1686 3872 1811 3911 san-

236 3969 315 4024 cti
356 3963 626 4020 Benedicti
678 3961 884 4022 edocet,
951 3954 1221 4011 custodire
1274 3951 1352 4023 [et
1386 3949 1611 4018 implere
1648 3945 1723 4017 et]
1756 3946 1810 4000 in

232 4059 488 4115 omnibus
526 4055 774 4109 debeant.
810 4050 867 4104 Si
908 4049 1052 4103 enim
1079 4048 1195 4101 hzcc
1222 4043 1403 4097 omnia
1436 4041 1671 4114 legitime
1697 4039 1813 4093 fue-

231 4153 349 4207 rint
377 4146 559 4220 (Var.)
590 4143 852 4199 custodita
882 4142 950 4194 ab
1000 4138 1283 4193 abbatibus
1334 4134 1419 4188 vel
1446 4133 1726 4188 monachis
1756 4131 1810 4185 in

233 4238 584 4296 monasteriis
611 4234 880 4297 omnibus,
920 4238 975 4285 et
1003 4243 1260 4283 numerus
1292 4224 1679 4279 monachorum
1702 4221 1812 4275 Deo

234 4330 472 4403 propitio
525 4327 829 4396 augebitur,
879 4329 932 4376 et
978 4319 1208 4375 mundus
1252 4316 1427 4371 omnis
1476 4330 1572 4384 per
1624 4327 1811 4366 eorum

232 4423 511 4479 orationes
539 4418 781 4473 assiduas
802 4413 1052 4469 omnibus
1097 4410 1253 4465 malis
1279 4407 1485 4463 carebit
1528 4404 1799 4473 contagiis.

240 4516 260 4556 τ
308 4513 369 4568 Si
398 4514 518 4582 quis
546 4518 724 4564 autem
757 4509 889 4570 hzec,
915 4522 1033 4576 quce
1078 4521 1107 4559 a
1130 4504 1284 4558 nobis
1324 4501 1559 4573 propitio
1588 4501 1698 4554 Deo
1725 4500 1809 4552 in-

1909 3308 2052 3376 quod
2077 3308 2241 3363 semel
2270 3319 2543 3374 egressum
2568 3311 2651 3357 est
2679 3303 2745 3357 de
2776 3302 2932 3355 labiis
2974 3300 3078 3355 tuis
3103 3300 3351 3364 observa,
3384 3297 3485 3352 sic-

1910 3406 1969 3451 ut
1993 3397 2287 3468 promisisti
2316 3396 2541 3451 Domino
2570 3393 2681 3447 Deo
2710 3402 2823 3446 tuo.

2504 3504 2731 3560 CAPUT
2775 3504 2880 3558 Lll.

1910 3618 1975 3657 DE
2021 3617 2122 3656 Ι)Εο
2165 3614 2418 3656 SACRATIS
2464 3612 2702 3659 PUELLIS,
2754 3611 2824 3651 ET
2882 3608 3237 3650 HONASTERHS
3282 3608 3483 3648 EARUH.

2291 3690 2473 3745 Canon
2501 3689 2804 3759 Africanus,
2834 3704 2940 3742 tera
2962 3687 3031 3741 58
3056 3687 3100 3740 ιε.

1982 3784 2077 3839 Vir
2130 3784 2222 3854 qui
2270 3781 2535 3851 religiosis
2582 3779 2798 3833 feminis
2842 3778 3232 3848 praeponendus
3283 3786 3383 3843 est,
3417 3779 3486 3833 ab

1910 3874 2162 3946 episcopo
2184 3874 2287 3929 loci
2317 3874 2594 3942 probetur.

2249 3964 2428 4018 Conon
2454 3962 2869 4027 Aurelianensis,
2899 3978 3007 4016 aera
3036 3962 3069 4015 6
3114 3993 3150 4017 -.

1983 4060 2361 4128 Uteptscopus
2408 4072 2594 4112 curam
2640 4066 2793 4125 gerat
2823 4057 2887 4111 de
2932 4056 3230 4125 puellarum
3287 4069 3479 4112 mona-

1913 4149 2093 4204 steriis
2148 4148 2287 4219 [quae
2319 4148 2371 4201 in
2419 4162 2512 4200 sua
2561 4147 2781 4201 civitate
2834 4146 3125 4200 constituta
3172 4142 3355 4216 sunt]:
3386 4157 3487 4199 nec

1913 4238 2198 4294 abbatissw
2223 4238 2421 4307 aliquid
2450 4238 2606 4291 liceat
2633 4245 2819 4291 contra
2849 4236 3088 4306 regulam
3120 4234 3317 4289 facere.

2177 4327 2355 4381 Canon
2381 4328 2711 4398 Agat/tensis,
2744 4344 2850 4380 αντα
2875 4327 2907 4381 9
2928 4323 3081 4397 [Cum
3112 4323 3223 4396 19].

1986 4417 2433 4473 Sanctimoniales
2462 4418 2708 4486 quamvis
2737 4417 2843 4469 vita
2880 4415 3120 4484 probatae
3167 4412 3486 4485 [quamlibet

1914 4511 2024 4563 vita
2055 4525 2239 4563 eorum
2264 4518 2319 4561 et
2352 4524 2529 4562 mores
2554 4506 2765 4577 probati
2790 4502 2918 4574 sint]
2963 4509 3087 4556 ante
3133 4516 3331 4555 annum
3353 4510 3484 4555 teta-

233 4607 428 4661 stituta
454 4611 595 4665 sunt,
614 4600 899 4655 tentaverit
924 4598 1101 4666 aliqua
1131 4595 1558 4665 transgressione
1576 4606 1810 4655 cassare,
1839 4575 1889 4633 Ῑ)
1918 4603 1984 4657 iis
2009 4618 2119 4657 sua;
2140 4619 2203 4655 χι,
2228 4617 2332 4655 non
2359 4575 2616 4655 γριρηιιίιι,

235 4697 281 4750 si
322 4694 490 4747 abbas
509 4700 608 4755 est,
634 4692 787 4745 annis
816 4690 988 4744 tribus
1007 4686 1311 4743 communio
1335 4686 1385 4738 ei
1412 4683 1772 4754 suspendatur
1796 4698 1812 4747 ;

235 4790 283 4842 si
316 4785 657 4855 pnepositus,
704 4783 856 4835 annis
884 4780 1127 4844 duobus;
1162 4779 1205 4832 si
1240 4776 1553 4839 monachus,
1583 4783 1816 4828 autver-

233 4886 484 4945 beretur,
509 4889 601 4935 aut
647 4877 1041 4942 communione,
1080 4882 1133 4930 et
1161 4886 1359 4928 mensa:
1400 4868 1813 4941 participatione

234 4975 418 5030 tribus
446 4971 600 5025 annis
627 4970 889 5040 privetur.

466 5060 647 5117 Conon
672 5061 1000 5131 Agat/tensis,
1040 5075 1146 5112 cera
1169 5055 1237 5111 56
1268 5054 1421 5128 [Can.
1467 5052 1582 5126 58].

310 5156 590 5210 Monachis
639 5150 917 5224 [clericis],
973 5151 1088 5204 sine
1137 5145 1591 5203 commcndatitiis
1620 5142 1816 5198 litteris

231 5249 500 5322 episcopi,
520 5247 603 5300 vel
621 5245 828 5299 abbatis
857 5244 940 5298 sui
966 5241 1180 5301 licentia
1203 5256 1307 5294 non
1334 5245 1512 5309 pateat
1531 5236 1812 5305 evagandi.

317 5395 345 5422 ιι
384 5381 548 5436 Cone.
580 5378 761 5433 Aurel.
787 5394 826 5443 ι,
857 5394 904 5430 c.
932 5377 1019 5431 20.

314 5452 345 5492 δ
381 5452 507 5505 Var.
537 5451 668 5506 Vide
695 5456 808 5503 not.
835 5449 903 5502 cl.
929 5447 978 5500 .l.
1003 5448 1169 5501 Sirm.

316 5532 339 5559 ε
381 5521 583 5575 Concil.
612 5519 759 5572 Are].
790 5535 841 5582 v,
865 5534 913 5572 c.
937 5517 989 5570 2.
1286 5563 1295 5574 ,

313 5590 341 5629 ά
383 5590 664 5659 lnterpret.
688 5604 789 5643 nec
827 5589 1043 5658 Dionys.
1069 5601 1167 5640 nec
1198 5585 1319 5638 Isid.

322 5672 345 5698 ε
380 5660 515 5713 Add.
547 5668 603 5713 et
618 5674 734 5712 var.

326 5729 347 5766 ί
390 5729 539 5782 Mult.
579 5729 702 5783 add.
755 5737 810 5782 et
836 5743 951 5781 var.
995 5728 1069 5783 De
1096 5727 1178 5781 his
1224 5724 1517 5779 canouibus
1549 5724 1667 5779 vide
1707 5729 1817 5777 not.

241 5798 353 5856 viri
381 5798 450 5854 el.
478 5796 525 5851 .l.
555 5798 845 5854 Sirmondi.

2280 4690 2463 4746 Canon
2498 4691 2848 4760 Epaunensts,
2898 4702 3003 4740 αντα
3034 4683 3123 4737 20.

1986 4784 2293 4857 [Episcopo,
2324 4784 2656 4851 presbytero,
2688 4786 2742 4832 et
2766 4778 2990 4831 diacono
3019 4774 3102 4828 vel
3131 4772 3345 4827 caeteris
3374 4772 3485 4827 clo.

1916 4873 2089 4944 rieis.]
2136 4872 2277 4928 Viris
2328 4872 2393 4924 ad
2448 4868 2694 4930 feminas,
2738 4864 2887 4919 horis
2932 4860 3239 4930 praeteritis,
3280 4860 3333 4914 id
3373 4868 3475 4923 est,

1917 4963 2227 5018 meridianis
2260 4960 2341 5014 vel
2387 4956 2726 5028 vespertinis,
2779 4953 3128 5025 prohibemus
3182 4965 3479 5005 accessum.

1918 5056 2045 5123 Quae
2076 5062 2274 5116 tamen,
2306 5052 2350 5106 si
2389 5066 2549 5105 causa
2577 5046 2758 5110 fuerit,
2793 5052 2853 5099 ut
2876 5046 2943 5099 ab
2972 5044 3223 5114 episcopo
3264 5042 3484 5095 videam

1919 5159 2026 5209 tur,
2064 5162 2187 5202 eum
2240 5142 2544 5199 testimonio
2588 5140 3031 5210 presbyterorum
3072 5142 3127 5190 et
3163 5134 3485 5190 clericorum

1918 5238 2218 5293 videantur.

1996 5374 2019 5412 ε
2056 5368 2136 5421 Ad
2158 5366 2453 5420 llimerium
2485 5362 2780 5415 Tarracon.
2810 5374 2928 5429 cap.
2956 5360 3042 5411 15.

1993 5442 2017 5480 h
2223 5433 2537 5490 Victrieium
2603 5431 2911 5500 episcooum
2976 5429 3485 5495 Rotnomageusem,

1993 5527 2042 5560 D.
2148 5546 2160 5558 .

1925 5527 2042 5565 can.
2078 5527 2160 5560 1U.

2030 5550 2042 5561 .
2078 5527 2160 5560 1U.

1990 5527 2023 5619 Ii)
2065 5576 2195 5630 Vide
2222 5590 2372 5627 conc.
2405 5572 2605 5625 Nicmn.
2632 5586 2692 5635 ll,
2725 5588 2773 5624 c.
2802 5570 2890 5623 2t.

1998 5660 2011 5697 ι
2064 5646 2196 5700 Vide
2224 5645 2341 5697 Vet.
2370 5642 2487 5695 cod.
2520 5631 2799 5710 poeniteat.
2830 5639 3031 5710 Theod.
3062 5650 3179 5710 cap.
3206 5631 3293 5710 112

1996 5720 2019 5757 ιι
2061 5697 2215 5770 talin
2241 5713 2360 5768 cod.
2385 5697 2545 5766 nam”.
2578 5711 2666 5765 39.
2696 5711 2859 5766 Cone.
2897 5726 2947 5765 ιν
2973 5697 3155 5763 οπιιῐ.
3187 5718 3234 5757 c.
3277 5697 3370 5757 97.

2004 5788 2020 5826 ι
2062 5786 2223 5842 Cone.
2254 5783 2451 5839 Arelat.
2485 5798 2534 5845 v,
2569 5797 2615 5836 c.
