4020 6360
638 346 776 414 1055

1134 466 1273 521 Era
1305 466 1396 522 55.
1430 464 1563 536 [Can
1598 464 1691 536 38]

706 562 1031 618 Monasterta
1052 558 1349 628 puellarum
1373 556 1584 611 nonnisi
1608 556 1848 626 probata:
1866 555 2009 618 vitae,
2039 565 2063 593 ι
2084 561 2210 608 aeta.-

636 656 817 722 tisque
852 657 1120 723 provecta:
1148 648 1214 702 ad
1243 661 1593 717 quascunque
1625 660 1811 700 earum
1856 646 2210 700 necessitates

637 747 745 821 [vel
794 738 1241 811 ministrationes]
1286 737 1666 809 permittantur
1707 736 1931 790 intrare.
2000 734 2083 789 Ad
2130 735 2211 789 fa-

634 836 856 891 ciendas
878 847 1007 888 vero
1032 830 1242 893 missas,
1274 828 1366 896 qui
1383 825 1610 894 ingressi
1631 823 1852 889 fuerint,
1884 831 2076 879 exacto
2104 825 2208 878 mi-

635 923 862 980 nisterio
889 920 1073 976 statim
1095 924 1291 973 exeant
1320 915 1658 970 festinanter.
1708 914 1857 968 Alias
1882 923 2082 978 autem,
2110 928 2211 968 nec

634 1012 865 1069 clericus
899 1024 1001 1064 nec
1048 1006 1345 1062 monachus
1370 1004 1606 1075 juvenis,
1666 1001 1886 1074 {ullum}
1907 1002 1977 1057 ad
2002 1002 2208 1071 puella-

635 1118 756 1159 rum
779 1099 1224 1170 congregationes
1272 1096 1470 1150 habeat
1506 1108 1807 1158 accessum,
1836 1092 1939 1147 nisi
1964 1100 2058 1145 aut
2086 1090 2208 1161 [pa-

633 1190 808 1263 terna]
854 1198 1119 1253 materna,
1162 1194 1255 1241 aut
1283 1199 1539 1256 germana
1590 1180 1928 1237 necessitudo
1954 1180 2211 1250 probetur

631 1283 937 1339 admittere.

1000 1349 1183 1405 Canon
1223 1345 1544 1410 Maticensis,
1584 1359 1693 1398 aera
1730 1342 1766 1396 Ξ
1790 1341 1819 1381 b

702 1442 775 1501 ιιι
799 1441 978 1497 nullus
1004 1438 1284 1509 (Quwdam
1310 1434 1461 1506 add.)
1492 1434 1721 1489 clericus
1748 1447 1922 1501 neque
1946 1430 2132 1492 laicus,
2153 1429 2209 1484 in

629 1532 975 1589 monasteriis
1004 1529 1325 1600 puellarum,
1374 1525 1478 1580 nisi
1520 1524 1760 1594 probatae
1789 1522 1912 1575 vitae
1938 1529 1992 1575 et
2034 1520 2209 1574 :etatis

630 1633 916 1694 provectm,
958 1619 1141 1694 (Van)
1172 1634 1269 1689 pro
1302 1628 1621 1685 quacunque
1664 1613 1897 1667 utilitate
1940 1610 2026 1664 vel
2056 1624 2208 1678 repa-

630 1716 861 1780 ratione,
891 1712 1136 1768 habitare
1182 1717 1276 1764 aut
1318 1713 1559 1761 secretas
1586 1701 1971 1759 collocutiones
2009 1699 2208 1754 habere

1490 349 1809 409 CANONES
1846 348 2133 404 SELECTI
2174 347 2267 403 EX
2310 346 2464 405 VET.
2507 346 2662 404 CAN.
2704 346 3037 407 COLLECT.

2233 462 2288 521 Δ

2592 457 2777 515 Canon
2814 460 3267 533 Carthaginensis,
3307 486 3410 524 trra
3444 471 3569 529 685.

2378 548 2460 607 Ad
2488 558 2696 647 reatum
2738 553 2975 647 episcopi
3011 554 3094 609 vel
3131 558 3423 629 presbyteri
3461 566 3708 633 pertinebit
3733 576 3797 647 qui

2309 641 2596 709 partechia:
2619 652 2832 711 pneest,
2877 645 2922 698 si
2961 649 3294 702 sustentandi
3339 648 3680 721 [sustentanda
3705 641 3796 722 vita

2309 731 2609 803 przesentis]
2648 734 2825 787 victus
2870 748 3056 801 causa,
3101 737 3532 801 adolescentiores
3554 750 3700 807 vidua:
3735 758 3795 813 vel

2309 821 2745 880 sanctimoniales
2769 825 3095 881 clericorum
3127 827 3473 888 familiaritati
3496 838 3793 900 subiiciantur.

2623 912 2806 969 Canon
2844 918 3240 986 Aurasicorum,
3281 939 3387 976 tera
3421 924 3485 986 26
3511 928 3549 981 ί.

2380 1002 2667 1059 Viduitatis
2703 1008 2982 1062 servandae
3006 1008 3337 1077 professione
3359 1012 3507 1083 (Add.
3541 1026 3583 1070 et
3604 1023 3795 1093 var.)eo-

2311 1107 2425 1147 ram
2451 1094 2703 1165 episcopo
2731 1097 2786 1151 in
2812 1100 3108 1155 secretario
3135 1101 3339 1167 habita,
3367 1104 3432 1158 ab
3455 1107 3670 1180 epismpo
3689 1124 3794 1170 veste

2309 1184 2507 1240 viduali
2537 1185 2743 1253 induta,
2771 1188 2919 1243 velut
2940 1189 3292 1259 professionis
3316 1192 3629 1255 desertrieem
3651 1205 3792 1260 merito

2309 1277 2687 1335 damnandam.

2397 1367 2578 1422 Canon
2613 1370 3005 1426 Aurelianensis
3038 1371 3052 1421 ἱ
3092 1389 3166 1438 tv,
3207 1390 3315 1427 tera
3357 1375 3418 1430 16
3444 1375 3584 1448 [Cum
3614 1381 3705 1455 l9].

2380 1457 2576 1515 Puellae
2604 1476 2724 1530 quae
2766 1479 2861 1518 sua
2913 1466 3131 1534 propria
3175 1466 3447 1523 voluntate
3489 1477 3787 1532 monasterium

2306 1558 2582 1618 expetunt,
2611 1567 2706 1606 seu
2736 1568 2768 1607 a
2809 1555 3121 1622 parentibus
3155 1556 3355 1612 ibidem
3379 1558 3658 1629 offeruntur,
3691 1582 3787 1621 anno

2307 1653 2416 1694 uno
2438 1640 2492 1693 in
2520 1641 2634 1710 ipsa
2660 1656 2764 1710 qua
2786 1643 3123 1700 intraverunt
3145 1654 3297 1701 veste
3318 1661 3646 1716 permaneant.
3666 1653 3711 1707 In
3730 1655 3787 1715 his

2307 1745 2436 1785 vero
2461 1734 2823 1800 monasteriis,
2844 1736 2935 1791 ubi
2957 1752 3065 1791 non
3088 1747 3353 1809 perpetuo
3372 1748 3595 1797 tenentur
3610 1744 3783 1812 inclusa,

628 1812 957 1876 prtesumat:
990 1817 1092 1858 nec
1114 1812 1135 1840 ο
1169 1801 1312 1855 intra
1349 1794 1725 1853 salutatorium
1751 1800 1844 1847 aut
1872 1792 1927 1846 in
1970 1790 2208 1848 oratorio

2237 1800 2283 1894 β
2312 1819 2542 1877 triennio
2572 1821 2758 1894 (Αάά.)
2783 1790 3160 1893 permaneant.

629 1904 831 1951 Intrare
858 1893 1258 1968 permittantur.

1125 1982 1265 2038 Era
1298 1980 1360 2035 11
1404 1978 1561 2052 [Cum
1598 1975 1711 2049 12].

696 2078 1065 2143 Decrevimus,
1088 2085 1150 2131 ut
1170 2076 1215 2131 si
1243 2089 1363 2145 quae
1389 2071 1567 2142 puella
1589 2068 1891 2125 voluntarie
1911 2075 2005 2121 aut
2016 2082 2208 2136 rogan-

629 2171 771 2231 tibus
796 2166 1150 2242 [parentibus]
1180 2166 1293 2221 suis
1312 2164 1626 2234 religionem
1643 2161 1904 2230 professa,
1935 2159 2021 2213 vel
2046 2159 2209 2213 bene-

627 2262 914 2321 dictionem
941 2260 1105 2316 fuerit
1142 2262 1455 2320 consecuta,
1481 2264 1537 2308 et
1562 2261 1748 2323 postea
1784 2252 1851 2305 ad
1899 2249 2206 2322 conjugium

626 2351 710 2407 vel
730 2350 1012 2407 illecebras
1035 2349 1222 2406 saeculi
1242 2344 1743 2420 (Add.)transierit,
1780 2358 1950 2412 usque
1974 2342 2027 2396 in
2057 2341 2207 2396 exitu

626 2457 747 2498 cum
768 2458 837 2499 eo
864 2440 1045 2515 (Van)
1075 2441 1161 2497 cui
1190 2455 1249 2497 se
1272 2439 1489 2495 miscuit
1524 2435 1901 2492 communione
1941 2433 2202 2506 privetur.

625 2535 778 2603 Quod
803 2536 848 2592 si
872 2534 1187 2607 pwnitentia
1213 2534 1357 2588 ducti
1377 2548 1435 2586 se
1459 2526 1935 2599 sequestraverint,
1967 2522 2206 2592 quandiu

625 2624 874 2695 episcopo
900 2625 1077 2681 visum
1100 2624 1282 2688 fuerit,
1307 2620 1684 2681 communione
1720 2615 1773 2688 [a
1810 2613 2205 2670 communionis

616 2716 819 2789 gratia]
866 2716 1294 2785 suspendantur;
1338 2720 1395 2767 et
1418 2712 1465 2765 si
1514 2706 1850 2780 :egritudinis
1905 2702 2203 2773 periculum

623 2804 784 2877 (Add.
809 2814 859 2860 et
888 2806 1027 2877 var.)
1055 2802 1406 2866 incurrerint,
1433 2801 1690 2855 viaticum
1716 2799 1795 2853 eis
1821 2812 1927 2851 non
1956 2803 2200 2856 negetur.

937 2892 1119 2948 Canon
1155 2890 1613 2954 Chalcedonensis,
1652 2905 1758 2943 tera
1795 2886 1883 2941 16.
1916 2928 1921 2937 .

690 2985 719 3025 ἀ
758 2985 925 3056 Virgo
951 3000 1072 3055 quae
1097 2999 1156 3039 se
1186 2984 1297 3038 Deo
1325 2980 1691 3044 consecravit;
1723 2978 1767 3036 si
1795 2975 2052 3048 nuptialia
2077 2975 2203 3045 jura

625 3078 976 3137 contraxerit.
1003 3074 1523 3133 excommunicetur.

956 3166 1139 3224 Conon
1173 3165 1588 3231 Aurelianensis,
1624 3180 1731 3218 cera
1772 3164 1858 3219 18.

693 3271 719 3307 ο
758 3259 894 3319 Tam
916 3257 1130 3328 puellae,
1155 3272 1317 3327 quam
1342 3256 1538 3321 viduae,
1562 3271 1682 3325 qua:
1709 3255 1765 3309 in
1794 3253 2041 3309 domibus
2068 3266 2198 3321 pro-

622 3348 753 3421 priis
777 3347 1122 3403 commutatis
1146 3347 1387 3403 vestibus
1416 3353 1821 3409 convertuntur,
1855 3359 1979 3398 cum
2001 3342 2086 3400 his
2106 3343 2199 3412 qui

621 3438 868 3509 coniugio
913 3437 1235 3508 cOpulantur
1281 3451 1452 3506 usque
1500 3436 1567 3491 ad
1617 3434 2101 3504 sequestrationem
2143 3440 2198 3488 et

619 3526 991 3597 paenitentiam
1013 3527 1258 3583 ecclesiae
1284 3525 1659 3597 communione
1682 3524 1978 3595 priventur.

1228 3602 1394 3675 Ἀἶγα
1432 3617 1497 3673 19
1524 3615 1562 3674 ί.

688 3705 749 3762 Si
777 3707 898 3777 quis
924 3706 1121 3776 virgini
1144 3714 1492 3763 consecratae.
1522 3703 1628 3776 [vel
1658 3704 1879 3767 devotae,
1913 3703 1967 3759 id
2000 3712 2083 3759 est
2111 3720 2198 3759 re-

617 3796 877 3868 ligionem
917 3795 1195 3867 professae]
1225 3810 1319 3850 seu
1352 3795 1406 3848 in
1455 3793 1731 3863 proposito
1775 3794 1874 3848 sub
1915 3792 2195 3848 devotione

615 3888 915 3944 viventium
954 3886 1155 3942 inferre
1203 3885 1631 3957 praesumpserit,
1679 3899 1847 3954 usque
1899 3884 1967 3938 ad
2008 3891 2193 3938 extre-

615 3991 769 4033 mum
804 3974 1052 4048 [exitum]
1082 3976 1457 4031 communione
1498 3975 1749 4046 pellatur.
1782 3974 1841 4029 Si
1888 3982 2041 4044 rapta
2068 3989 2193 4029 cum

616 4073 836 4135 raptore
863 4064 1154 4138 [habitare]
1201 4065 1553 4131 consenserit,
1585 4062 1767 4137 (Var.)
1814 4063 2061 4118 similiter
2101 4078 2195 4117 ex-

616 4156 1066 4217 communicetur.
1112 4156 1243 4223 Qua:
1283 4156 1455 4210 forma
1504 4163 1560 4209 et
1593 4155 1658 4210 de
1708 4154 2094 4224 poenitentihus
2128 4168 2192 4208 ac
2277 4168 2281 4173 '

613 4245 797 4301 viduis
834 4245 888 4299 in
915 4245 1189 4316 pr0posito
1222 4246 1563 4301 manentibus
1592 4244 1714 4317 [sub
1738 4244 2074 4301 districtione
2104 4259 2193 4299 ec-

616 4333 945 4413 clesiastica]
971 4342 1234 4390 servetur.
1267 4334 1421 4401 Quod
1465 4336 1509 4390 si
1538 4336 1658 4404 quis
1685 4336 1936 4390 sacerdos
1966 4334 2187 4409 [sciens]

616 4423 923 4496 hujusmodi
968 4426 1214 4494 personis
1257 4426 1752 4493 communicaverit,
1794 4443 1995 4483 annum
2047 4428 2187 4484 intc-

616 4530 772 4586 grum
798 4530 986 4586 pacem
1009 4516 1262 4572 Ecclesiae
1284 4532 1391 4572 non
1416 4518 1630 4572 habeat.

969 4603 1153 4660 Canon
1183 4606 1564 4676 Ancyritanus,
1605 4623 1714 4660 tera
1747 4608 1833 4662 19.

694 4696 720 4735 ⁸
756 4693 911 4761 Quod
953 4695 1169 4765 quidem
1209 4695 1576 4766 virginitatem
1616 4695 1909 4766 pollicitam
1933 4700 2192 4768 prmvari-

616 4792 804 4842 cantes
831 4785 971 4843 inter
1000 4785 1239 4858 digamos
1264 4787 1355 4856 qui
1388 4787 1651 4842 secundas
1696 4789 1909 4858 nuptias
1952 4792 2180 4848 transie-

617 4885 745 4932 runt
768 4878 1012 4934 habitare
1033 4879 1320 4934 debebunt.
1348 4879 1598 4949 Virgines
1618 4887 1797 4934 autem
1821 4880 2044 4950 puellas,
2067 4897 2187 4952 qua:

619 4976 877 5038 tanquam
902 4984 1116 5026 sorores
1142 4984 1267 5025 cum
1306 4969 1438 5025 viris
1479 4970 1721 5025 habitare
1757 4971 1961 5040 volunt,
2001 4973 2069 5029 ab
2096 4989 2188 5030 eo-

618 5072 738 5113 rum
761 5060 1032 5115 consortio
1060 5059 1427 5129 prohibemus.

688 5205 716 5234 ι
754 5192 881 5247 Var.
914 5194 1048 5248 Vide
1065 5203 1180 5249 not.
1210 5193 1313 5248 viri
1337 5194 1405 5247 cl.
1435 5190 1485 5248 J.
1519 5191 1682 5249 Sirm.

685 5260 716 5302 ι)
751 5261 916 5317 Cone.
948 5263 1157 5318 Matisc.
1188 5279 1229 5327 ι,
1255 5279 1305 5318 c.
1335 5263 1389 5317 2.

685 5342 710 5372 ο
756 5332 879 5387 Var.
907 5341 1074 5387 extra.
1108 5332 1239 5387 Vide
1259 5340 1372 5387 not.
1400 5332 1504 5388 viri
1528 5333 1595 5388 cl.
1620 5332 1670 5387 J.
1698 5333 1968 5389 Sirmondi

682 5401 712 5441 ἀ
749 5400 948 5487 Ιιιιεειοιις
979 5417 1080 5457 nec
1112 5402 1332 5472 Dionys.
1356 5418 1457 5457 nec
1477 5402 1600 5458 Isid.

688 5482 713 5509 α
750 5470 870 5524 th.
902 5472 1066 5526 Cone.
1096 5472 1280 5527 Aurel.
1312 5489 1373 5527 ιι.
1405 5487 1453 5526 c.
1484 5473 1569 5527 17.

857 5511 870 5524 .
902 5489 1066 5526 uonc.
1096 5489 1280 5527 Λιιτει.
1312 5489 1373 5539 ιι,
1405 5489 1453 5526 c.
1484 5489 1569 5527 ιι.

690 5539 710 5578 ί
751 5538 915 5595 Cone.
949 5540 1132 5596 Aurel.
1159 5557 1240 5607 ιιι,
1267 5556 1317 5595 c.
1352 5541 1437 5595 16.

688 5610 714 5681 _‘
749 5608 949 5681 Interp.
972 5611 1313 5681 necpionys.
1343 5626 1442 5665 nec
1463 5610 1588 5666 Isid.

683 5678 713 5749 ιδ
753 5677 829 5749 l_d.
857 5677 912 5734 in
933 5680 1050 5735 cod.
1078 5677 1246 5736 Barb.
1271 5680 1435 5736 Cone.
1461 5680 1645 5738 Carth.
1680 5697 1752 5749 Iv,
1780 5697 1829 5739 c.
1866 5681 1980 5737 102.

690 5746 712 5791 ί
754 5746 913 5805 Cone.
946 5749 1137 5806 Auras.
1164 5768 1201 5819 ι,
1232 5767 1279 5805 c.
1310 5750 1397 5806 27.

2623 1909 2804 1968 Canon
2841 1912 3288 1986 Carthaginensis,
3324 1935 3425 1974 a'ra
3457 1921 3549 1977 3k.

2379 1999 2627 2071 Virgines
2653 2017 2820 2057 sacrae
2849 2019 2970 2058 cum
2995 2017 3280 2075 parentum
3310 2012 3535 2069 custodia
3556 2021 3776 2083 pnvantnr,

2306 2090 2541 2160 episcopi
2580 2092 2665 2147 vel
2706 2095 3006 2165 presbyteri
3057 2095 3175 2169 [ubi
3223 2100 3497 2171 episcopus
3530 2104 3669 2160 absens
3697 2104 3774 2178 est]

2306 2183 2657 2250 providentiae
2691 2186 3030 2254 gravioribus
3068 2188 3291 2251 feminis
3332 2196 3700 2262 commendantur,
3724 2205 3771 2251 ut

2307 2276 2468 2331 simul
2494 2276 2801 2333 habitantes
2831 2279 3061 2335 invicem
3092 2296 3152 2336 se
3178 2284 3494 2340 custodiant.

2645 2365 2828 2423 Conon
2868 2369 3252 2439 Romanorum,
3294 2392 3401 2430 tera
3438 2377 3461 2431 1

2375 2459 2558 2515 Puella
2584 2475 2686 2517 nec
2707 2461 2838 2516 dum
2865 2462 3057 2529 velata,
3083 2463 3274 2537 (ναν.)
3305 2466 3398 2522 sed
3421 2476 3574 2523 tamen
3594 2464 3782 2538 sipmpo-

2305 2553 2476 2607 suerit
2520 2553 2600 2608 sic
2643 2569 2885 2620 manere,
2920 2557 2973 2612 si
3007 2559 3281 2627 nupserit,
3310 2560 3391 2617 hae
3430 2560 3609 2616 furtive
3642 2562 3782 2629 nuptis

2305 2642 2644 2711 appellantur
2671 2642 2855 2717 (Add.)
2902 2645 2998 2705 His
3036 2649 3378 2717 paenitentia:
3416 2651 3604 2723 agenda:
3635 2660 3784 2720 tempus

2304 2734 2740 2790 constituendum
2769 2746 2870 2792 est.

2650 2825 2835 2881 Canon
2856 2827 3205 2896 Arelatensis,
3245 2849 3355 2888 trra
3386 2832 3453 2889 26
3474 2844 3528 2887 ιη.

2373 2912 2554 2969 Puella
2575 2929 2696 2983 qua:
2723 2930 2782 2971 se
2816 2917 2962 2970 vovit
2984 2917 3114 2984 Deo,
3142 2918 3335 2992 (Add.)
3359 2922 3405 2976 si
3430 2930 3538 2991 post
3558 2937 3612 2974 xv
3636 2921 3784 2993 [viginti

2302 3013 2359 3059 et
2389 3004 2647 3076 quinque]
2678 3021 2848 3066 annos
2870 3009 3047 3063 aetatis
3079 3008 3147 3064 ad
3187 3012 3407 3081 nuptias
3437 3012 3783 3077 transierit,.cum

2304 3094 2422 3165 ipso
2446 3095 2532 3150 cui
2564 3110 2623 3151 se
2651 3096 2974 3168 alligaverit,
2997 3102 3381 3158 communione
3405 3103 3630 3172 privetur.

2639 3187 2707 3242 In
2741 3189 2960 3259 epistola
2994 3188 3305 3260 Symmachi
3338 3211 3480 3265 papa:
3503 3204 3549 3247 ιι.

2308 3316 2313 3321 ι
2370 3276 2588 3343 Viduas,
2643 3278 2663 3351 (
2675 3277 2824 3345 Var.)
2855 3296 2976 3351 quae
3023 3281 3285 3353 religioso
3314 3285 3569 3355 proposito
3603 3284 3780 3343 diuturna

2296 3364 2673 3423 observatione
2698 3372 3118 3438 permanserint,
3153 3376 3230 3429 ad
3257 3375 3466 3446 nuptias
3503 3375 3692 3429 transire
3710 3386 3781 3426 non

2295 3456 2551 3525 patimur.
2610 3457 2874 3515 Similiter
2923 3462 3161 3532 virgines
3239 3465 3438 3521 nubere
3492 3464 3782 3537 prohibente.

2296 3550 2541 3617 quamvis
2569 3552 2723 3606 annis
2747 3552 2994 3622 plurimis
3019 3553 3071 3608 in
3101 3558 3449 3613 monasteriis
3474 3553 3785 3627 'tetatem]petv

2295 3639 2469 3709 egisse
2493 3642 2816 3697 constiterit.

2612 3732 2797 3790 Canon
2832 3734 3223 3807 Lugdunensis,
3263 3756 3372 3795 aera
3418 3739 3481 3793 12
3505 3747 3547 3791 ο.

2365 3822 2561 3878 Puella:
2605 3839 2725 3894 quae
2769 3827 3141 3883 convenientia
3173 3827 3553 3900 [conniventia]
3578 3830 3785 3897 parentum

2295 3927 2354 3968 se
2405 3913 2708 3969 voluntarie
2750 3916 2805 3971 in
2844 3918 3175 3973 monasterio
3230 3919 3577 3976 dedicaverint
3599 3959 3612 3981 ,
3630 3911 3784 3987 (illud.

2295 4003 2446 4075 add.)
2470 4014 2525 4059 et
2548 4021 2607 4060 se
2640 4014 2829 4076 postea
2866 4022 2934 4063 ex
2958 4008 3076 4079 ipso
3105 4010 3438 4066 monasterio
3459 4008 3602 4083 (Add.
3627 4016 3666 4060 et
3693 4000 3785 4069 rer.)

2294 4095 2674 4162 subtraxerint,
2718 4112 2997 4169 quousque
3043 4099 3247 4155 ibidem
3284 4116 3342 4156 se
3377 4100 3655 4159 restituant,
3684 4106 3786 4149 com-

2292 4186 2548 4242 munione
2578 4188 2884 4256 priventur;
2932 4190 3188 4245 viaticum
3242 4199 3421 4247 tamen
3464 4190 3560 4245 illis
3599 4201 3685 4242 non
3720 4198 3787 4239 ne.

2291 4285 2466 4348 getur.

2502 4368 2686 4424 Conon
2722 4368 3073 4440 Epaunensis,
3112 4388 3225 4425 trra
3266 4371 3332 4426 16
3362 4369 3508 4442 [Cum
3535 4367 3614 4438 21]

2212 4487 2268 4548 υ
2362 4458 2656 4514 Viduarum
2685 4462 3169 4526 consecrationem,
3199 4476 3339 4531 quas
3371 4461 3605 4548 diaconus

2291 4558 2319 4598 ι’
2344 4550 2558 4619 penitus
2586 4549 2927 4620 abrogamus.
2954 4548 3132 4605 Solam
3176 4550 3259 4605 eis
3293 4547 3603 4619 poenitentia:
3622 4536 3785 4600 benedi-

2288 4641 2543 4706 ctionem,
2575 4640 2623 4695 si
2644 4641 2888 4698 converti
2910 4641 3154 4711 cupiunt,
3185 4639 3577 4711 imponendam.

2875 4774 3102 4832 CAPUT
3140 4774 3272 4830 LIII.

2923 4879 2989 4920 DE
3026 4880 3237 4921 RAPTIS.

2597 4974 2779 5031 Conon
2819 4973 3282 5039 Chalcedonensis,
3319 4991 3426 5029 (era
3462 4971 3545 5027 27.

2351 5078 2381 5116 ει
2420 5066 2667 5122 Decrevit
2694 5073 2878 5121 sancta
2907 5064 3161 5136 synodus,
3189 5074 3251 5121 ut
3281 5065 3376 5135 qui
3415 5063 3611 5132 rapiunt
3643 5050 3783 5110 mulie-

2357 5197 2370 5249 l
2421 5198 2587 5254 Cone.
2609 5198 2793 5254 Aurel.
2820 5215 2872 5253 v.

2358 5270 2381 5338 β
2418 5268 2583 5338 Cone.
2604 5268 2777 5338 Afric.
2810 5285 2859 5324 c.
2890 5270 2944 5323 2.
2973 5268 3102 5324 Cod.
3127 5284 3248 5323 can.
3277 5268 3421 5322 Eccl.
3447 5263 3599 5338 Afric.
3626 5275 3666 5315 c.
3689 5254 3761 5338 δέ,

2358 5336 2377 5375 1
2418 5336 2479 5392 C.
2512 5338 2567 5391 2.
2594 5336 2716 5391 Vid.
2751 5338 3065 5394 Innocent.I
3095 5354 3180 5407 ep.
3210 5339 3280 5393 ad
3315 5336 3628 5395 Victricium,
3650 5345 3690 5383 c.
3716 5324 3775 5377 l5.

2353 5419 2394 5446 ιη
2426 5408 2592 5462 Cone.
2616 5406 2763 5460 Arel.
2794 5425 2854 5473 ιι,
2881 5425 2931 5463 c.
2955 5409 3044 5463 52.

2354 5487 2382 5515 ιι
2420 5478 2502 5548 Ad
2527 5476 2818 5548 Caesarium
2846 5479 3012 5548 episc.
3042 5478 3188 5534 Arei.
3224 5493 3345 5548 cap.
3375 5478 3427 5532 5.

2355 5555 2379 5581 ο
2417 5546 2581 5601 Cone.
2609 5547 2777 5616 Lugd.
2808 5546 2896 5611 ιιιξ
2916 5565 2965 5604 c.
2990 5551 3043 5604 5.

2354 5627 2380 5689 ιτ
2417 5616 2497 5689 Ab
2523 5606 2915 5689 pinniregioue
2937 5628 3138 5674 nostra.
3171 5618 3255 5672 Al.
3288 5618 3551 5688 religione.
3578 5606 3777 5666 Videat.

2288 5687 2381 5741 viri
2417 5686 2485 5739 cl.
2514 5684 2562 5740 Ι.
2594 5686 2757 5743 Sirm.

2353 5766 2379 5807 σι
2418 5756 2575 5811 Inter.
2605 5772 2703 5810 nec
2731 5759 2947 5829 Ilionys.
2983 5776 3080 5814 nec
3106 5758 3228 5813 Isid.
