4020 6360
202 317 340 375 ίοὸἹ

198 518 346 583 laici,
375 518 921 572 anathematizentur.

570 611 754 666 Conon
783 612 1156 682 Ancyritanus,
1185 629 1292 666 azra
1317 613 1404 667 12.

264 700 631 771 Desponsatas
668 701 872 771 puellas
926 711 981 756 et
1031 703 1098 756 ab
1151 702 1270 756 aliis
1309 711 1522 772 raptas,
1579 701 1782 772 placuit

193 792 338 858 erui,
366 800 419 846 et
452 793 536 846 his
595 791 744 846 reddi
800 807 830 845 a
886 793 1081 861 quibus
1136 792 1350 847 fuerant
1403 793 1775 860 desponsatas:

193 883 412 937 etiamsi
441 899 534 938 eas
571 883 858 954 contigerit
888 898 919 936 a
976 883 1283 953 raptoribus
1329 883 1516 938 llorem
1561 883 1779 953 pudoris

193 975 466 1030 amisisse.

536 1080 569 1116 η
591 1063 808 1133 epistola
836 1063 1015 1117 Siriczi
1041 1079 1188 1134 papa:
1215 1076 1263 1127 α,
1297 1079 1403 1118 tera
1439 1064 1493 1116 4.

263 1153 654 1222 Desponsatam
683 1167 750 1207 ne
778 1153 916 1207 alius
943 1153 1192 1222 accipiat,
1225 1152 1386 1223 (Add.
1415 1163 1464 1207 et
1492 1153 1626 1224 var.)
1656 1169 1774 1208 mo~

187 1245 276 1298 dis
305 1245 557 1299 omnibus
586 1244 912 1310 inhibemus,
939 1245 1064 1314 quia
1092 1260 1191 1299 nec
1235 1244 1479 1298 benedici
1507 1255 1730 1313 possunt
1758 1285 1773 1310 ,

186 1344 246 1389 et
276 1335 451 1389 instar
484 1336 872 1406 sacrilegii'est
907 1336 1216 1406 conjunctio
1242 1336 1358 1390 sine
1403 1336 1776 1391 benedictione

185 1425 538 1480 sacerdotali.

549 1516 733 1571 Canon
759 1516 1172 1582 Aurelianensis,
1199 1535 1308 1572 cera
1332 1519 1417 1573 11.

268 1607 325 1662 Si
364 1609 432 1663 ad
479 1609 762 1662 ecclesiam
814 1618 998 1678 raptor
1046 1625 1169 1663 cum
1228 1618 1380 1678 rapta
1428 1609 1770 1680 confugerit,

183 1701 400 1754 etiamsi
427 1700 681 1755 feminam
710 1701 881 1770 ipsam
929 1701 1238 1755 violentiam
1288 1703 1572 1772 pertulisse
1601 1707 1774 1759 conti-

182 1792 350 1862 gerit,
379 1792 565 1845 statim
591 1792 852 1847 liberetur
893 1793 959 1846 de
996 1802 1266 1862 potestate
1312 1796 1574 1862 raptoris:
1601 1805 1656 1850 et
1676 1811 1770 1850 ra-
1803 1807 1848 1866 Β

180 1889 329 1950 ptor,
365 1881 558 1935 mortis
585 1881 669 1935 vel
698 1897 979 1951 poenarum
1014 1882 1332 1951 impunitate
1354 1898 1610 1939 concessa
1634 1927 1649 1950 ,
1705 1887 1775 1941 ad

182 1974 458 2027 serviendi
493 1975 854 2029 conditionem
881 1976 1184 2045 subjectus,
1240 1986 1332 2030 aut
1372 1979 1668 2034 redimendi
1717 1996 1774 2036 se

183 2064 462 2136 [liberam]
511 2066 706 2120 habeat
746 2075 1085 2135 potestatem.
1125 2068 1181 2121 Si
1233 2084 1364 2123 vero
1398 2068 1580 2141 (ναν.)
1620 2081 1772 2142 rapta

180 2166 394 2228 patrem
424 2158 607 2223 habet,
638 2159 686 2212 ei
718 2159 1005 2230 [potestati
1046 2161 1250 2234 patris]
1276 2175 1528 2218 excusata
1582 2167 1773 2221 redda-

185 2256 288 2301 [ω’.

810 2319 951 2374 JEra
982 2321 1053 2376 25
1085 2322 1135 2375 ι).

250 2410 523 2480 Mancipia
552 2428 670 2481 qua:
706 2413 806 2468 sub
861 2415 1040 2484 specie
1074 2416 1308 2487 conjugii
1360 2418 1426 2471 ad
1487 2419 1768 2475 ecclesiam

183 2502 454 2573 [ecclesize
480 2504 653 2576 septa]
683 2504 1039 2575 confugerint,
1067 2521 1096 2559 a
1128 2506 1364 2560 dominis
1415 2519 1632 2578 accepta
1666 2511 1771 2566 ﬁde

181 2596 566 2660 excusationis,
597 2591 697 2650 sub
719 2597 1076 2666 reparationis
1107 2597 1512 2671 [separationis]
1541 2603 1771 2670 promis-

182 2686 332 2740 sione
365 2687 660 2742 reddantur
686 2687 866 2758 (Mult.
897 2687 1022 2740 add.
1049 2698 1096 2740 et
1123 2689 1258 2756 var.)
1303 2689 1550 2746 libertate
1597 2692 1768 2747 domi-

185 2794 396 2843 norum,
430 2779 474 2833 si
504 2795 597 2834 eos
623 2787 807 2851 postea
837 2779 1107 2833 voluerint
1144 2779 1373 2834 sociare.

767 2889 992 2944 CAPUT
1030 2887 1163 2943 LIV.

277 2971 343 3010 DE
381 2973 640 3014 INCESTIS.
678 2975 1005 3023 ADULTEBIS,
1045 2975 1144 3014 VEL
1184 2975 1270 3023 QUI
1312 2977 1516 3017 UXORES
1549 2979 1675 3019 SCAS

818 3046 1144 3084 DIMITTUNT.

497 3117 679 3172 Canon
733 3118 1144 3184 Aurelianensis,
1167 3135 1274 3175 (era
1299 3123 1357 3175 11
1396 3133 1442 3175 ο.

246 3208 350 3275 Qui
374 3208 628 3279 coniuges
654 3225 780 3264 suas
803 3210 856 3263 in
896 3210 1161 3265 adulterio
1212 3212 1656 3282 deprehendunt,
1707 3228 1762 3273 et

1050 318 1368 374 CANONES
1411 319 1695 373 SELECTI
1732 320 1819 373 EX
1861 321 2012 375 VET.
2055 322 2207 376 CAN.
2253 320 2585 380 COLLECT.

200 442 306 490 res,
343 425 386 480 si
426 425 610 480 clerici
632 435 774 490 sunt,
811 427 1060 481 decidant
1087 430 1253 498 gradu
1293 430 1542 498 proprio;
1575 431 1619 484 si
1648 446 1773 484 vero
1804 435 1849 489 Α

3323 333 3464 394 1058

2221 433 2404 489 Canon
2433 436 2899 506 Neocmsuriensia,
2932 459 3038 496 (cra
3075 443 3126 497 2.

1962 523 1973 560 i
2012 521 2200 576 Mulier
2221 526 2264 578 si
2305 525 2513 582 duobus
2552 527 2810 585 fratribus
2837 534 3119 601 nupserit,
3177 536 3465 606 alijiciatur

1882 624 2054 679 usque
2088 613 2155 665 ad
2182 623 2428 670 mortem.
2459 619 2837 675 Verumtamen
2869 625 2935 678 ad
2961 624 3163 678 exitum
3194 628 3238 682 si
3263 631 3464 698 promio

1883 702 2032 764 serit,
2061 703 2200 770 quod
2227 703 2366 759 facta
2395 708 2678 764 incolumis
2733 711 2891 780 hujus
2929 715 3320 784 cenjnnctionis
3345 722 3464 776 vin-'-

1881 791 2058 845 culum
2083 794 2274 858 solvat,
2304 795 2536 852 fructum
2565 802 2893 868 pmnitentiae
2910 817 3290 875 consequatur.
3307 811 3461 878 Quod

1880 881 1924 935 si
1962 885 2219 940 defecerit
2246 889 2440 942 mulier
2480 889 2532 942 in
2565 892 2759 947 talibus
2808 895 3008 964 nuptiis
3031 937 3046 962 ,
3077 898 3307 956 dillicilis
3357 903 3464 956 erit

1877 975 2191 1042 pcenitentia
2216 978 2268 1030 in
2300 980 2408 1032 vita
2438 983 2794 1049 permanenti.

2110 1064 2290 1120 Canon
2318 1069 2651 1138 Agat/tensis,
2674 1090 2781 1126 wra
2814 1075 2880 1130 19
2914 1075 3066 1146 [Cum
3099 1078 3189 1150 25]

1949 1154 2047 1222 Qui
2104 1157 2383 1228 conjugalc
2426 1163 2759 1217 consortium
2787 1203 2804 1230 ,
2847 1166 3057 1235 (erd.
3112 1170 3260 1242 add.)
3285 1173 3459 1230 nullas

1877 1262 2066 1302 causas
2122 1250 2329 1304 discidii
2385 1253 2734 1320 probabiliter
2790 1268 3192 1327 pt-Oponentcs,
3242 1265 3463 1320 dimise-

1877 1344 2025 1400 runt,
2049 1347 2107 1389 ut
2150 1338 2335 1392 illicita
2376 1340 2458 1393 vel
2499 1342 2672 1396 aliena
2729 1356 3016 1415 appetant;
3066 1351 3109 1404 si
3169 1361 3460 1424 antequam

1876 1431 2013 1499 apud
2035 1431 2316 1502 episcOpos
2336 1437 2623 1503 provincia:
2663 1439 2873 1494 discidii
2911 1457 3103 1497 causas
3126 1445 3384 1513 dixerint,
3407 1456 3464 1503 et

1874 1533 2070 1573 uxores
2095 1531 2382 1589 antequam
2410 1525 2463 1577 in
2485 1526 2687 1594 judicio
2713 1529 3038 1585 damnentur
3064 1533 3358 1600 abjecerint
3382 1578 3396 1602 ,
3426 1554 3457 1593 a

1873 1613 2248 1666 communione
2297 1625 2497 1670 sanctae
2538 1617 2793 1674 Ecclesia:
2829 1629 2885 1675 et
2935 1637 2966 1674 a
3024 1633 3210 1679 sancto
3265 1628 3463 1698 populo

1876 1696 1890 1748 i
1931 1700 2303 1756 excludantur.
2939 1758 2956 1761 ,

2204 1792 2384 1847 Canon
2414 1795 2804 1854 Aurelianensis
2829 1804 2878 1866 ιι,
2909 1821 3014 1858 trra
3046 1807 3130 1860 1‘2.

1953 1879 1971 1920 ι
2013 1881 2070 1937 Si
2098 1884 2218 1952 quis
2263 1885 2506 1940 relictam
2550 1888 2735 1944 fratris
2773 1908 3040 1961 sororem,
3080 1899 3264 1954 uxoris
3295 1900 3462 1968 privi‘

1875 1987 2056 2043 gnam,
2086 1974 2139 2028 id
2183 1984 2285 2040 est,
2310 1977 2613 2045 ﬁliastram,
2646 1983 3025 2038 consobrinam
3050 2027 3064 2051 ,
3114 1990 3460 2048 sobrinamve

1874 2064 2138 2130 relictam,
2163 2066 2214 2119 id
2251 2076 2332 2121 est
2349 2070 2522 2137 patrui
2546 2079 2707 2139 atque
2755 2075 3002 2130 avunculi
3031 2079 3234 2132 carnali
3278 2090 3461 2136 conta-

1875 2158 2032 2228 gione
2064 2161 2433 2227 maculaverit,
2468 2165 2774 2232 apostolica:
2811 2167 3165 2225 institutionis
3196 2175 3462 2228 sententia

1873 2248 2104 2304 feriatur
2129 2269 2140 2303 :
2167 2260 2223 2305 et
2248 2253 2485 2321 quandiu
2506 2255 2562 2307 in
2593 2265 2745 2309 tanto
2781 2269 3029 2314 versatur
3049 2262 3273 2327 scelere,
3303 2262 3457 2319 Chri-

1873 2339 2049 2394 stiano
2089 2350 2232 2396 cwtu
2255 2352 2310 2397 et
2338 2345 2716 2404 communione
2743 2358 2944 2403 sanctae
2985 2352 3230 2420 privetur
3274 2355 3456 2410 Eccle-

1871 2432 1984 2486 site.

2229 2503 2413 2561 Canon
2437 2507 2791 2578 Epaunensis,
2813 2529 2921 2566 trra
2949 2513 3014 2568 16
3043 2527 3103 2570 ω.

1940 2595 2164 2651 lncestis
2207 2601 2675 2670 conjunctionibns
2726 2605 2857 2659 nihil
2894 2622 3118 2674 prorsus
3169 2611 3338 2667 venite
3377 2628 3456 2670 rev

1867 2688 2093 2753 servari,
2121 2689 2225 2742 nisi
2257 2706 2349 2745 eas
2373 2692 2553 2763 (Van)
2583 2695 2832 2751 adulterii
2858 2702 3198 2768 separatione
3223 2716 3456 2760 sanave-

1867 2780 1993 2834 rint.
2025 2779 2236 2851 (Quoad.
2267 2784 2418 2856 add.)
2449 2785 2505 2840 Si
2533 2789 2654 2856 quis
2683 2790 2924 2846 relictam
2964 2791 3150 2849 fratris
3177 2810 3297 2864 qua:
3322 2807 3474 2866 pene'

1864 2871 2015 2935 prius
2058 2887 2214 2926 soror
2268 2866 2570 2941 exstiterat,
2616 2880 2910 2936 carnaliter
2962 2882 3191 2954 [carnali
3238 2887 3462 2956 conjune

1867 2958 2068 3030 ctione]
2095 2960 2416 3016 violaverit:
2459 2965 2504 3019 si
2531 2965 2652 3033 quis
2697 2965 2880 3022 fratris
2907 2969 2924 3039 (
2939 2967 3091 3040 Var.)
3116 2986 3450 3040 germanam,

1867 3050 1912 3103 si
1943 3051 2064 3118 quis
2099 3067 2414 3120 germanam
2443 3058 2650 3120 uxoris,
2695 3058 2739 3112 si
2768 3060 2890 3128 quis
2918 3076 3229 3128 novercam,
3261 3064 3307 3117 si
3333 3065 3456 3135 quis

1789 3173 1836 3241 ο
1865 3143 2263 3209 consobrinam,
2280 3145 2323 3198 si
2347 3146 2468 3215 quis
2492 3147 2738 3202 relictam
2761 3150 3007 3204 avunculi
3034 3159 3128 3205 aut
3150 3154 3350 3220 patrui,
3371 3153 3461 3209 vel

1862 3231 2187 3301 privignam,
2218 3234 2299 3286 vcl
2329 3237 2618 3290 concubitu
2650 3238 2919 3306 polluerit.
2951 3240 3136 3311 (.ldd.)
3170 3242 3312 3298 Sane
3334 3244 3459 3313 qui-

176 3297 204 3342 εὶ
222 3315 336 3356 non
362 3301 720 3371 prohibentur
751 3301 972 3367 "Ubere.
989 3310 1250 3370 quantum
1277 3315 1455 3372 Ροῐθδῐ
1477 3308 1758 3363 οοηδίιίιιπι
1861 3297 1961 3377 bus
1976 3297 2482 3393 conjunctioillicita
2507 3297 2864 3393 interdicitur,
2887 3297 3162 3386 habebunt
3183 3297 3452 3408 [ineuridi]

175 3391 258 3446 eis
288 3392 466 3455 detur,
487 3407 554 3446 ne
599 3391 731 3447 alias
754 3407 949 3446 uxores
986 3393 1292 3450 viventibus
1341 3396 1446 3450 illis
1494 3399 1764 3468 accipiant
1858 3391 2100 3466 melioris
2125 3411 2357 3483 conjugii
2391 3415 2716 3470 libertatem.
2752 3429 2777 3454 η
2887 3421 3008 3488 quis
3035 3422 3100 3476 de
3121 3391 3340 3494 propria
3363 3391 3457 3481 eo:

177 3481 306 3537 licet
340 3481 624 3537 adulteris.

413 3570 481 3625 In
509 3571 726 3642 epistola
751 3571 1044 3627 Innocentii
1072 3591 1220 3644 papa!
1256 3585 1303 3636 θ,
1335 3592 1443 3630 (era
1463 3577 1514 3630 li.

253 3665 376 3732 Qui,
397 3680 566 3719 uxore
586 3666 798 3720 vivente
825 3665 1005 3736 (Van)
1029 3669 1275 3736 quamvis
1296 3668 1578 3723 dissociata
1605 3670 1764 3724 aliam

174 3756 416 3819 duxerit,
449 3756 770 3822 moechatur,
803 3765 859 3810 et
901 3758 1110 3811 adulter
1137 3767 1256 3822 est,
1313 3759 1331 3796 ί
1380 3760 1479 3813 istc
1525 3776 1768 3815 commu-

176 3846 345 3900 nione
369 3845 612 3914 privetur
634 3862 755 3899 cum
807 3862 870 3900 ea
899 3864 1061 3915 quam
1106 3849 1314 3918 accepit
1345 3868 1355 3902 :
1391 3851 1638 3905 similiter
1674 3868 1765 3922 pa-

175 3947 366 3994 rentes
387 3953 594 4002 eorum,
621 3940 709 4007 qui
745 3939 938 3994 talibus
963 3952 1375 3995 consenserunt.

545 4028 725 4082 Canon
755 4029 1062 4099 Agathensis
1107 4034 1152 4095 ε,
1182 4048 1288 4086 (ενα
1324 4034 1406 4086 l7.

1857 3504 2134 3572 gnationc,
2153 3506 2256 3570 vel,
2283 3522 2441 3575 quam
2457 3518 2718 3578 cognatus
2735 3510 2942 3577 habuit,
2967 3513 3183 3568 duxerit
3207 3531 3452 3598 uxorem,

1855 3599 2146 3654 anathema
2179 3599 2268 3653 sit.

2109 3688 2242 3744 Item
2271 3688 2555 3760 Gregorius
2587 3693 2641 3747 in
2669 3693 2800 3748 libro
2835 3694 3118 3750 Pastorum
3151 3705 3196 3751 ο.

1925 3790 1951 3829 P
1977 3780 2244 3836 incestum
2280 3785 2590 3843 committit.
2620 3786 2713 3854 qui
2759 3801 2816 3840 se
2857 3789 3272 3858 consanguineae
3310 3805 3450 3876 sure.

1853 3870 1935 3924 vcl
1980 3887 2143 3940 quam
2197 3876 2627 3945 consanguineus
2682 3877 2906 3940 habuit,
2971 3880 3111 3934 infra
3163 3870 3454 3938 afﬁnitatis

1850 3959 2044 4014 lineam
2069 3963 2363 4033 conjungit.
2391 3964 2577 4020 Nullus
2612 3969 2755 4021 enim
2782 3968 3020 4024 ﬁdelium
3048 3989 3220 4042 usque
3256 3975 3323 4028 ad
3353 3973 3438 4028 af-

1851 4051 2074 4106 finitatis
2096 4053 2314 4121 lineam,
2337 4057 2388 4110 id
2415 4067 2518 4122 est,
2547 4075 2716 4130 usque
2739 4061 2790 4114 in
2816 4064 3102 4132 septimam
3129 4068 3445 4138 progeniem

321 4117 378 4171 Si
407 4117 599 4172 mulier
620 4119 736 4172 viro
763 4119 1020 4174 derelicto
1068 4121 1347 4177 discedere
1391 4127 1620 4179 voluerit
1665 4143 1765 4180 nu-

359 4208 752 4228 _-_.-“___..-
1075 4227 1079 4228 ,
1154 4213 1187 4228 ..

2302 4117 2309 4121 ν
2507 4117 2515 4122 .
2630 4117 2646 4130 .
2877 4117 2890 4132 .
3073 4117 3099 4118 η
3130 4117 3445 4138 ιν--ον---η-

1882 4146 2314 4215 :onsanguincam
2345 4163 2496 4203 suam
2545 4151 2708 4206 ducat
2747 4169 2996 4219 uxorem,
3047 4157 3129 4209 vel
3169 4174 3289 4212 eam
3326 4175 3452 4228 qum

174 4209 324 4277 ptias
353 4208 779 4274 condcmnando,
806 4212 1093 4265 anathema
1123 4213 1212 4266 sit.

251 4351 279 4377 ι
320 4337 403 4391 Ad
429 4334 724 4391 Himerium
765 4340 1244 4398 Tarraconensem.

253 4408 282 4447 ι)
323 4407 487 4461 Conc.
526 4424 579 4461 tv
608 4409 792 4463 Cat-th.
827 4426 874 4463 c.
906 4411 994 4464 2-1.

254 4489 276 4517 ο
321 4477 486 4531 Cone.
513 4478 658 4532 Arei.
686 4496 725 4542 ι,
751 4496 797 4533 c.
825 4480 910 4533 10.

251 4548 278 4586 ά
311 4547 467 4622 lianc
515 4550 815 4622 negativam
867 4551 1206 4622 particulam,
1259 4565 1379 4622 qua:
1425 4552 1765 4610 desideratur

171 4621 236 4673 in
259 4617 440 4682 editis,
475 4617 618 4673 recte
648 4617 1106 4689 quidem'supplet
1134 4617 1302 4676 codex
1332 4624 1757 4681 llerovaliianus.

168 4689 318 4742 Nam
343 4689 386 4741 si
411 4689 763 4761 prohibentur
801 4691 1004 4761 nubere
1033 4732 1046 4756 ,
1104 4707 1201 4745 cur
1248 4701 1432 4761 postea
1480 4695 1761 4751 coasilium

169 4761 343 4835 flatur
381 4774 484 4811 non
527 4758 796 4835 nubendi?
841 4778 856 4808 ι
905 4759 1001 4814 Ubi
1032 4758 1311 4835 consilium
1342 4764 1758 4835 datur,inqnit,

168 4827 538 4898 Hieronymus
564 4828 655 4881 lib.
687 4846 703 4883 ι
731 4831 988 4884 adversus
1038 4830 1380 4886 Jovinianum
1405 4874 1418 4898 ,
1483 4827 1759 4892 Oll'erentis

168 4916 202 4952 a
215 4898 466 4968 rbitrium
487 4907 598 4962 est;
631 4900 720 4953 ubi
744 4908 1088 4968 praeceptum,
1104 4904 1397 4958 necessitas
1417 4913 1502 4958 est
1522 4908 1760 4961 servien-

169 4969 267 5040 tis.
305 4967 658 5040 Praeceptum,
682 4967 874 5039 inquit,
907 4970 1118 5025 Domini
1150 4987 1252 5028 non
1312 4973 1485 5028 habeo
1512 5017 1527 5040 ,
1579 4978 1759 5032 consi-

168 5039 308 5109 lium
341 5045 517 5109 autem
545 5039 634 5102 do,
665 5047 918 5109 tanquam
967 5041 1392 5096 misericordi:‘tm
1442 5057 1760 5102 consecutus

168 5107 488 5181 a__Do_mino.
529 5129 545 5157 ι
579 5109 646 5161 Et
688 5107 1056 5181 Augustinus:
1099 5130 1116 5160 ‹
1157 5113 1317 5166 Aliud
1345 5124 1424 5168 est
1454 5118 1755 5181 consilium,

167 5177 326 5230 aliud
357 5187 703 5253 praeceptum.
735 5180 1028 5234 Consilium
1052 5182 1209 5235 datur
1234 5191 1292 5236 ut
1318 5185 1600 5253 virginitas
1632 5177 1758 5240 con;

168 5255 452 5323 servetur,
479 5257 583 5300 etc.
632 5248 963 5323 Brmceptnm
995 5267 1122 5323 vero
1149 5253 1308 5306 datur
1346 5248 1625 5323 ut]nslitia
1663 5275 1758 5311 cu-

171 5316 468 5390 stodiatur,
502 5326 601 5371 etc.
631 5316 922 5390 Consilium
953 5322 1044 5390 qui
1082 5322 1309 5375 libenter
1354 5316 1584 5379 audierit
1606 5336 1661 5380 et
1685 5329 1762 5381 fc-

170 5385 340 5465 cerit,
363 5385 857 5465 majoremhabeijit
889 5385 1130 5465 gloriam.
1165 5393 1496 5464 Prteccptum
1528 5398 1615 5465 qui
1653 5414 1759 5451 non

171 5455 503 5524 impleverit,
527 5459 641 5537 nisi
673 5455 1595 5537 [uenitentiasubvenerit,'cvadere
1643 5483 1759 5537 poe—

174 5541 324 5600 pani
340 5541 443 5600 non
471 5529 686 5600 poterit.
712 5549 742 5581 -›
778 5530 938 5599 Atqui
972 5530 1158 5585 Patres
1189 5533 1345 5600 hujus
1391 5538 1599 5590 concilii
1625 5529 1762 5591 cele-

169 5594 402 5672 13errim_i
432 5594 628 5672 nullam
670 5594 882 5672 plenam
910 5601 1150 5672 inﬂigunt
1169 5641 1182 5665 ,
1213 5594 1492 5658 consilium
1552 5617 1759 5662 tantum

172 5664 334 5718 dant.
359 5666 499 5746 Ergo
533 5664 715 5722 dicunt
744 5670 956 5746 Pat_res__
975 5664 1084 5725 rein
1113 5664 1215 5746 non
1236 5676 1567 5746 prohibitam
1605 5695 1754 5736 esse.

175 5749 348 5792 (luam
375 5738 627 5794 deinceos
656 5754 774 5794 cum
803 5739 1041 5809 pluribus
1090 5742 1208 5797 aliis
1235 5738 1481 5800 Pati-ibus
1519 5750 1761 5816 permisit

1794 4521 1841 4578 ο
1869 4501 2015 4578 "ur:

1856 4234 2037 4303 aliquo
2076 4236 2234 4292 modo
2263 4238 2454 4295 incesti
2483 4242 2692 4297 macula
2734 4244 3024 4313 polluatur.
3067 4246 3200 4302 Nam
3245 4250 3453 4308 incesti.

1867 4343 2183 4400 Theodorus
2219 4347 2269 4400 in
2299 4363 2396 4400 suo
2423 4348 2806 4406 Plenitentiali.

1939 4426 1962 4452 ε
2003 4415 2100 4484 Ερ.
2129 4417 2307 4471 lnnoc.
2340 4417 2360 4470 l
2391 4420 2456 4472 ad
2489 4420 2814 4490 Exuperium
2857 4425 3169 4495 episcOpum
3225 4429 3450 4488 Tolosa-

1944 4554 1962 4592 ί
2006 4555 2311 4634 Multz‘var.
2338 4567 2393 4613 et
2415 4558 2536 4614 add.
2559 4560 2676 4614 Vid.
2703 4561 2766 4615 Β.
2801 4563 2863 4616 V.
2891 4562 3087 4634 Steph.
3114 4566 3156 4619 ll
3191 4567 3258 4623 ad
3287 4569 3448 4628 inter.

1868 4627 2118 4680 monach.
2147 4626 2278 4681 Bn’t.

1942 4699 1966 4770 β
2007 4697 2350 4770 Desideratur
2379 4701 2430 4754 in
2450 4700 2639 4754 concil.
2671 4701 2989 4770 Agathensi.

1937 4765 1962 4842 ιξ
2006 4765 2254 4842 Sedvide
2281 4785 2432 4842 conc.
2474 4765 2785 4842 Gangrense
2813 4788 2859 4826 c.
2883 4774 2966 4838 Li,
2989 4775 3175 4842 paucis
3202 4778 3443 4833 mutatis.

1947 4839 1961 4912 ξ
2008 4837 2284 4914 Paululum
2323 4839 2499 4893 differt
2525 4837 2811 4914 ab:i_nterp.
2841 4837 3058 4914 Dionis.

1943 4905 1956 4983 _i
2005 4907 2177 4983 Add,
2196 4925 2294 4977 pro
2318 4925 2382 4983 eo
2409 4910 2549 4983 quod
2576 4909 2741 4983 tidem,
2761 4905 2820 4965 et
2840 4905 3083 4983 conjugis
3117 4917 3409 4972 maculant.

1941 4977 1967 5051 ξ
2007 4977 2303 5051 _V:id_.Cnnc.
2327 4979 2508 5033 Aurel.
2536 4996 2660 5043 n,c.
2688 4982 2753 5034 l0
2773 4998 2785 5045 ;
2807 4977 2958 5037 conc:
2980 4977 3162 5039 Aurel.
3190 5003 3336 5051 nt,c.
3359 4989 3451 5044 10.

1945 5045 1976 5119 ι-
2006 5046 2152 5100 Mult.
2193 5049 2318 5104 Var.
2350 5066 2493 5104 nam.
2522 5066 2712 5106 sensus
2755 5061 2981 5119 tantum,
3013 5070 3120 5109 non
3142 5045 3307 5112 verba
3357 5060 3458 5114 de-

1866 5115 2286 5188 prehenduntur.

1939 5199 1978 5224 ιη
2003 5187 2165 5242 Cone.
2198 5190 2438 5259 Epeann.
2464 5207 2510 5245 c.
2554 5193 2641 5247 50.

1940 5267 1964 5293 η
2005 5259 2137 5310 Vide
2161 5275 2314 5313 COllC.
2346 5261 2541 5328 Agath.
2572 5279 2618 5315 c.
2661 5263 2747 5317 61.

1941 5336 1964 5360 ο
2004 5327 2136 5408 Vide
2161 5327 2490 5408 Greg.__lilag.
2517 5333 2530 5385 i
2558 5334 2714 5408 epist.
2747 5333 2815 5388 52
2844 5335 2909 5408 ad
2961 5331 3193 5392 Felicem
3241 5339 3446 5408 episco-

1942 5351 1963 5360 ν
2016 5351 2136 5382 vute
2161 5351 2318 5399 ureg.
2357 5351 2490 5402 mag.
2517 5351 2530 5385 t
2558 5351 2714 5386 (ιηδι.
2747 5351 2815 5388 02
2844 5351 2909 5388 au
2961 5351 3193 5392 rencem
3241 5351 3446 5408 episco-

1867 5411 1994 5472 pum
2047 5398 2138 5472 lib.
2171 5415 2276 5464 xu;
2307 5402 2554 5471 Exceipt.
2593 5351 2811 5472 lEgbert.
2861 5406 3088 5460 Ehm-ac.
3122 5425 3169 5462 c.
3201 5410 3296 5463 157
3325 5449 3339 5472 ,
3392 5421 3447 5464 et

1870 5468 2291 5544 lsaacLLingon.
2323 5468 2555 5541 episcopi
2586 5468 2822 5530 canones
2853 5477 2990 5530 titul.
3024 5494 3098 5544 tv,
3135 5479 3198 5534 de
3227 5468 3445 5535 incestis

1860 5539 2151 5689 II
2180 5572 2356 5689 Fui-ill
2381 5628 2466 5689 ep.
2495 5613 2655 5685 Crcg.
2696 5615 2759 5689 ad
2791 5615 2901 5670 Fel.
2925 5633 3009 5687 ep.
3033 5634 3151 5689 qua:
3177 5615 3369 5689 desunt
3387 5619 3441 5673 in

1858 5678 2037 5801 (atatis
2070 5678 2470 5740 testimoniisab
2500 5678 2826 5758 auctoribus,
2847 5678 2982 5743 sicut
3009 5678 3065 5743 in
3090 5688 3296 5744 coilcct.
3317 5689 3440 5743 cod.

1909 5763 1985 5801 er.

1909 5765 1936 5804 ι’
1944 5763 1985 5802 l'.
