4020 6360
618 307 642 363 1
651 303 758 364 059

1467 297 1784 354 CANONES
1823 296 2106 353 SELECTI
2147 294 2239 350 EX
2281 295 2437 352 V'ET.
2471 293 2625 352 CAN.
2666 293 3003 352 COLLECT.

3663 303 3763 366 {00

616 414 853 486 quandiu
879 411 932 466 in
959 407 1164 467 scelere
1212 417 1451 473 manent,
1473 423 1575 462 non
1605 407 1840 461 ﬁdelium
1865 404 2198 460 Christiano-
2225 405 2278 466 Δ
2302 401 2366 459 In
2390 404 2612 493 epistola
2642 404 2829 459 Leonis
2857 420 3007 475 papa:
3035 405 3102 458 ad
3132 403 3406 493 Rusticum,
3434 427 3526 463 mra
3549 412 3604 467 l0
3627 413 3683 486 [c.
3709 421 3763 493 (ἦ.

617 522 760 571 rum,
786 506 878 559 sed
909 513 1116 558 tantum
1143 509 1239 556 aut
1275 493 1548 570 gentilium
1575 539 1589 562 ,
1641 507 1733 552 aut
1785 499 2202 551 cathecumeno—

616 611 758 660 rum,
789 594 874 648 vel
894 605 1374 662 energumenorum
1418 590 1589 643 locum
1618 595 1856 641 teneant.
1882 589 1949 640 Et
1971 588 2014 641 si
2046 603 2075 640 a
2107 603 2202 641 nc-

619 685 937 740 l'andissimo
967 681 1172 736 scelere
1211 695 1269 735 se
1290 692 1603 748 segregare,
1644 685 1804 745 atque
1829 676 1896 729 ad
1931 675 2200 745 publicam

617 775 993 846 paenitentiam
1020 771 1196 826 redire
1215 770 1523 832 noluerint,
1568 769 1706 822 inter
1759 781 1852 822 eos
1902 768 2204 821 habeantur

622 868 714 937 qui
746 866 934 935 spiritu
975 863 1344 933 periclitantur
1372 861 1677 924 immundo;
1733 861 1815 913 vel
1845 861 2009 914 etiam
2064 859 2204 912 inter

621 973 734 1018 eos,
764 956 830 1010 de
851 957 1044 1024 quibus
1074 953 1186 1022 ipsa
1209 952 1410 1007 veritas
1458 950 1590 1004 dicit
1619 967 1631 1002 :
1663 948 1721 1003 Si
1762 948 2047 1002 Ecclesium
2100 961 2203 999 non

621 1049 870 1112 audierit,
896 1049 962 1100 sit
987 1046 1077 1098 tibi
1107 1047 1240 1098 sicut
1265 1045 1498 1097 ethnicus
1526 1053 1573 1097 et
1598 1042 1928 1113 publicanus.

1017 1134 1199 1188 Canon
1226 1134 1597 1203 Ancyritanus,
1629 1149 1733 1186 mra
1764 1132 1816 1184 6.

690 1240 714 1268 ο
760 1226 867 1293 Qui
901 1241 1023 1280 cum
1055 1223 1353 1294 pecudibus
1380 1224 1524 1277 coitu
1560 1224 1704 1277 misti
1736 1231 1862 1277 sunt
1890 1263 1904 1286 ,
1937 1229 2030 1276 aut
2054 1235 2204 1276 more

623 1317 891 1388 pecudum
923 1317 1130 1370 incesta
1161 1331 1282 1369 cum
1332 1316 1748 1384 consanguineis
1795 1315 2202 1378 commiserunt,

623 1418 717 1463 aut
757 1423 880 1463 cum
911 1407 1166 1461 masculis
1198 1406 1615 1461 concubuerunt
1661 1407 1750 1479 qui
1793 1415 1916 1460 ante
1943 1405 2011 1458 20
2038 1420 2207 1460 annos

620 1499 795 1554 aetatis
831 1513 941 1552 suae
987 1497 1092 1550 tale
1118 1497 1322 1550 crimen
1350 1496 1694 1559 admiserint,
1730 1494 1795 1548 15
1822 1495 1976 1548 annis
2005 1495 2055 1547 in
2087 1509 2204 1563 poe-

621 1589 849 1644 nitentia
881 1588 1088 1642 exactis
1119 1627 1134 1650 ,
1163 1587 1395 1640 orationi
1437 1595 1643 1640 tantum
1675 1587 1934 1656 incipiant
1980 1584 2206 1656 partici-

623 1697 773 1752 pare.
810 1682 937 1734 Post
970 1682 1086 1735 hrec
1115 1681 1482 1749 quinquennio
1515 1680 1567 1733 in
1597 1679 1974 1733 communione
2002 1678 2205 1747 simpli-

2372 491 2633 548 Ancillam
2663 501 2872 564 oportet
2893 507 2922 547 a
2955 502 3072 549 toro
3097 492 3339 562 abjieere,
3370 507 3421 552 et
3444 516 3631 558 uxorem
3656 491 3766 579 iuge-

2302 599 2461 637 nuam
2492 582 2674 654 [certe
2704 581 3073 654 ingenuitatis]
3105 585 3357 654 accipere.
3387 586 3488 642 Hoc
3527 606 3616 646 non
3640 594 3767 666 dupli.

2302 675 2446 729 catio
2469 673 2698 745 coniugii
2720 683 2824 741 est,
2853 676 2944 730 sed
2975 674 3246 743 profectus
3266 677 3553 734 honestatis.

2912 764 3054 819 Ibid.
3084 783 3196 834 cap.
3226 766 3282 819 2.

2377 857 2402 895 δ
2432 854 2489 908 Si
2506 862 2678 924 pater
2705 862 2796 909 aut
2813 862 2986 909 mater
3010 856 3278 924 proprium
3302 871 3330 910 a
3346 858 3496 912 tilium
3521 875 3647 917 sacro
3677 865 3770 936 bap-

2303 943 2463 997 tismo
2492 943 2810 1012 susceperit,
2849 943 2904 996 hi
2944 944 3162 997 omnino
3190 959 3220 997 a
3246 943 3475 1016 coniugio
3514 961 3771 1017 separentur.

2903 1032 3042 1085 Ibid.
3070 1050 3183 1103 cap.
3213 1035 3265 1088 5.

2375 1122 2402 1162 ιι
2434 1121 2492 1175 Si
2523 1123 2645 1191 quis
2671 1122 2757 1175 vir
2793 1131 2888 1174 aut
2929 1122 3125 1176 mulier
3151 1122 3423 1178 ﬁliastrum
3464 1135 3546 1180 aut
3569 1128 3772 1187 ﬁliastram

2306 1227 2512 1266 asacro
2539 1211 2686 1266 fonte
2716 1213 3005 1281 exceperit,
3039 1221 3130 1266 aut
3175 1215 3240 1267 ad
3282 1219 3686 1275 conﬁrmationem
3723 1233 3772 1277 te-

2306 1301 2486 1354 nuerit
2515 1318 2527 1352 :
2562 1299 2697 1353 tales
2724 1301 3035 1355 omnimodo
3063 1317 3094 1354 a
3123 1301 3364 1374 coniugio
3384 1303 3602 1377 disjungi.

2892 1388 3032 1441 Ibid.
3071 1407 3188 1460 cap.
3221 1390 3273 1443 4.

2383 1481 2398 1520 ί
2436 1479 2493 1533 Si
2537 1479 2656 1548 quis
2685 1478 2740 1533 in
2787 1481 3158 1549 captivitatem
3185 1483 3372 1538 ductus
3398 1485 3610 1540 ancillam
3637 1489 3771 1546 ibidem

2308 1570 2577 1639 acceperit
2599 1583 2843 1634 uxorem,
2870 1578 2924 1626 et
2948 1574 3286 1641 postmodum
3315 1575 3378 1628 ad
3399 1577 3629 1645 proprium
3650 1593 3766 1632 rever-

2308 1676 2399 1716 sus
2426 1661 2710 1731 ingenuam
2744 1661 2910 1715 ducat
2937 1676 2950 1714 :
2982 1671 3037 1715 et
3059 1664 3256 1716 iterum
3286 1664 3337 1717 in
3365 1667 3590 1733 pnedicto
3608 1667 3696 1722 loco
3711 1669 3770 1736 ubi

622 1740 669 1827 ξε
691 1771 1065 1839 “augurantes,
1096 1740 1218 1838 ρδει
1239 1740 1307 1821 2'0
1329 1783 1500 1822 annos
1521 1783 1643 1822 cum
1664 1768 1934 1821 oblatione
1961 1768 2026 1820 ad
2055 1740 2204 1820 m'm.
2241 1740 2284 1798 Β
2311 1751 2558 1806 ancillam
2574 1751 3022 1817 habuitducatur,
3051 1760 3106 1806 et
3136 1748 3403 1808 invenerit
3427 1755 3572 1824 ipsam
3595 1757 3770 1810 ancillam

623 1859 933 1913 munionem
983 1860 1368 1928 suscipiantur.
1398 1858 1726 1912 Discutiatur
1753 1865 1808 1912 et
1840 1858 1947 1910 vita
1993 1872 2203 1922 earum,

621 1948 798 2019 qualis
827 1946 927 2001 fuit
954 1949 1006 2000 in
1056 1933 1373 2016 pmiiitentia
1410 1988 1423 2010 ,
1463 1955 1516 2000 et
1545 1946 1616 2000 ita
1648 1948 1787 2000 hanc
1816 1947 2205 2000 humanitatem

621 2043 1042 2105 consequantur.
1077 2035 1178 2100 Qui
1217 2050 1344 2088 vero
1381 2034 1821 2104 perseverantius
1847 2035 1948 2089 hoc
1980 2036 2206 2090 crimine

629 2125 784 2180 abusi
816 2131 958 2189 sunt,
985 2124 1054 2178 20
1089 2126 1244 2179 annis
1289 2125 1660 2194 paenitentiam
1691 2125 1859 2179 solam
1889 2127 2203 2194 suscipiant.

623 2215 723 2282 Qui
753 2232 884 2271 vero
919 2225 1038 2285 post
1065 2217 1135 2270 20
1157 2231 1419 2271 annorum
1447 2224 1685 2283 aetatem,
1713 2217 1796 2271 vel
1820 2218 1985 2271 etiam
2009 2233 2206 2273 uxores

623 2307 886 2362 habentes
912 2309 965 2362 in
993 2309 1093 2363 hoc
1113 2309 1316 2363 crimen
1341 2309 1649 2374 inciderint,
1680 2309 1741 2363 5i
1765 2312 1920 2365 annis
1940 2314 2208 2381 pceniten-

625 2396 701 2450 tia
732 2406 851 2452 acta
887 2399 952 2451 ad
1007 2399 1440 2452 communionem
1479 2406 1685 2453 tantum
1729 2401 2083 2456 admittantur
2112 2421 2123 2455 :
2153 2403 2205 2456 in

631 2501 736 2555 qua
760 2489 1138 2543 communione
1187 2490 1553 2558 quinquennio
1589 2492 1964 2559 perduranles,
1993 2492 2203 2561 plenam

626 2576 1058 2631 communionem
1105 2593 1226 2631 cum
1265 2579 1534 2633 oblatione
1586 2582 1868 2650 recipiant.
1899 2583 2048 2648 Quod
2077 2584 2122 2637 si
2153 2593 2206 2638 et

627 2680 828 2720 uxores
855 2667 1134 2732 habentes,
1163 2677 1216 2722 et
1245 2679 1362 2736 post
1387 2669 1456 2722 50
1485 2686 1655 2724 annos
1681 2673 1853 2726 uitatis
1878 2673 1928 2726 in
1961 2672 2059 2725 hoc
2079 2688 2204 2744 pro-

621 2755 755 2823 lapsi
785 2766 912 2810 sunt
937 2759 1162 2818 crimen,
1197 2759 1261 2810 ad
1286 2761 1489 2812 exitum
1519 2768 1727 2813 tantum
1775 2763 2198 2816 communicent.

626 2846 757 2912 llos,
788 2849 879 2916 qui
905 2850 1044 2903 sicut
1089 2859 1235 2903 muta
1265 2851 1515 2904 vixerunt
1540 2853 1812 2916 animalia,
1840 2853 1928 2922 qui
1978 2863 2032 2908 et
2065 2870 2122 2909 se
2151 2864 2206 2911 et

626 2932 761 2986 alios
789 2936 1091 3004 hujusmodi
1124 2946 1342 3004 peccato
1367 2939 1890 3003 contaminaverunt,
1942 2942 2083 2996 inter
2110 2959 2205 2998 eos

623 3038 784 3081 orare
816 3027 1028 3092 debent,
1059 3029 1149 3097 qui
1199 3036 1517 3099 tempestate
1539 3029 1831 3099 jactantur,
1860 3033 1949 3100 qui
1983 3049 2014 3087 a
2043 3035 2199 3090 nobis

629 3118 981 3186 energumeni
1013 3119 1395 3189 intelliguntur.

1285 3211 1422 3264 Ᾰξνα
1455 3212 1539 3267 i9.

700 3297 853 3366 bQui
907 3301 1228 3355 adulterium
1257 3305 1643 3364 commiserint.
1695 3305 1726 3357 7
1771 3321 1939 3360 annos
1991 3316 2206 3377 oportet

627 3387 1013 3462 perfectionem
1046 3394 1300 3462 consequi
1350 3396 1644 3449 secundum
1695 3397 1949 3465 pristinos
1980 3401 2198 3469 gradus.

1282 3484 1420 3537 :Eru
1446 3484 1535 3538 20.

701 3577 724 3608 ε
755 3567 1008 3624 Mulieres
1033 3586 1152 3640 quae
1177 3571 1528 3638 fornicamur,
1553 3582 1607 3627 et
1633 3583 1818 3642 partus
1843 3591 1967 3630 suos
1985 3585 2196 3642 necant,

627 3660 711 3714 vel
733 3669 1020 3729 conceptos
1047 3663 1345 3726 excutiunt,
1383 3681 1551 3734 usque
1577 3667 1644 3720 ad
1669 3668 1874 3722 exitum
1901 3670 1968 3724 ab
2018 3671 2204 3725 Eccle-

629 3754 709 3808 sia
740 3761 1118 3808 removeantur
1146 3759 1438 3812 secundum
1468 3760 1725 3828 pristinos
1751 3763 1970 3832 gradus.
2002 3764 2204 3818 Huma-

625 3846 749 3900 nius
778 3853 955 3899 autem
1005 3862 1148 3902 nunc
1175 3848 1477 3916 deﬁnimus,
1511 3861 1570 3906 ut
1607 3853 1670 3906 lO
1698 3855 1853 3907 annis
1889 3857 2202 3923 paenitentia

627 3937 708 3992 eis
736 3938 1024 3992 tribuatur.

1288 4033 1427 4088 Αἶγα
1452 4035 1542 4089 24.

713 4116 738 4156 δ
773 4116 977 4188 Siquis
1026 4134 1275 4190 sponsam
1307 4125 1530 4191 habens,
1585 4128 1756 4183 sorori
1802 4127 1917 4198 ejus
1965 4131 2204 4186 intulerit

637 4207 846 4272 vitium,
877 4217 930 4263 et
952 4220 1140 4280 postea
1169 4228 1391 4269 uxorem
1417 4217 1631 4272 duxerit
1653 4234 1770 4273 eam
1793 4235 1954 4288 quam
1976 4221 2205 4290 despon-

624 4309 860 4367 saverat,
891 4312 946 4357 et
973 4303 1060 4358 illa
1087 4322 1205 4375 qua:
1231 4308 1417 4364 vitium
1445 4312 1726 4378 pertulerit
1752 4313 1942 4382 laqueo
1964 4330 2022 4368 se
2048 4331 2206 4384 pere-

2309 1841 2472 1895 alium
2495 1842 2670 1895 virum
2687 1843 2972 1896 habentem
3008 1860 3020 1894 :
3050 1843 3364 1897 huiclicebil
3382 1845 3769 1916 aliiseeiuijuugeri

2311 1933 2546 1999 mulieri,
2579 1933 2832 1988 defuncta
2887 1945 3064 1988 tamen
3094 1935 3185 1989 illa
3231 1936 3471 2006 ingenua,
3494 1952 3621 2006 quam
3639 1948 3770 2007 postea

2306 2030 2609 2092 acceperat.

2379 2182 2394 2234 i
2433 2180 2489 2238 Si
2518 2199 2585 2239 ex
2616 2184 2864 2255 conjugio
3298 2186 3514 2256 graviter
3533 2185 3756 2252 inﬁt-inetur,

2306 2286 2364 2331 ut
2391 2293 2498 2332 non
2526 2277 2698 2347 possit
2721 2277 2790 2331 ab
2833 2276 2925 2332 illo
2954 2278 3194 2332 debitum
3223 2278 3465 2348 persolvi,
3487 2278 3543 2332 ob
3573 2278 3648 2331 hoc
3663 2294 3762 2330 nuu-

2304 2382 2468 2436 quam
2493 2366 2674 2422 licebit
2707 2380 2803 2421 eos
2830 2367 3017 2422 dividi.

2308 2456 2374 2511 In
2401 2457 2619 2527 epistola
2658 2457 2953 2528 Innocentii
2975 2473 3125 2528 papa:
3153 2458 3223 2511 ad
3252 2458 3545 2528 Exuperius:
3563 2457 3769 2524 episcopum

2813 2526 3152 2592 Tolosanum,
3190 2545 3306 2598 cap.
3331 2526 3380 2582 6.

2378 2618 2404 2658 ιι
2427 2617 2528 2685 Qui
2575 2618 2971 2672 interveniente
3026 2619 3254 2688 repudio
3291 2620 3446 2674 etiam
3481 2633 3561 2688 pro
3583 2615 3770 2671 adulterio

2305 2707 2524 2762 dimissa
2545 2708 2636 2762 alii
2663 2723 2721 2762 se
2747 2709 3101 2778 copulaverit,
3127 2725 3225 2763 eos
3248 2726 3299 2762 in
3316 2718 3523 2776 utraque
3543 2703 3769 2777 parteadul~

2305 2807 2451 2852 teros
2481 2813 2602 2854 esse
2631 2800 2980 2854 manifestum
3021 2809 3104 2854 est
3132 2799 3422 2855 secundum
3459 2799 3567 2854 illud
3593 2817 3602 2851 ε
3632 2795 3771 2861 Ouidi-

2306 2895 2503 2948 miserit
2528 2909 2741 2948 uxorem
2767 2889 2936 2958 suam,
2960 2904 3006 2947 et
3027 2893 3238 2948 duxerit
3269 2895 3438 2957 aliam,
3462 2886 3773 2946 macbatiir.Si-

2307 2984 2522 3048 militer,
2551 2986 2640 3055 qui
2673 2985 2943 3038 dimissam
2972 2985 3206 3050 duxerit,
3237 2987 3601 3039 mire/tutanet
3621 2981 3709 3036 ideo
3727 2988 3775 3031 ta-

2227 3079 2277 3144 c
2307 3075 2385 3131 les
2409 3091 2598 3132 omnes
2630 3077 3008 3132 communione
3047 3077 3359 3146 privandos.

2892 3169 3033 3223 Ibid.
3074 3185 3195 3239 cap.
3229 3169 3314 3222 10.

2380 3279 2398 3302 ι
2431 3262 2488 3318 Si
2521 3277 2660 3318 unus
2681 3277 2748 3317 ex
2793 3260 3042 3330 coniugio
3067 3261 3239 3316 ﬁlium
3265 3271 3354 3314 aut
3378 3259 3526 3314 ﬁliam
3547 3254 3717 3312 alterius
3735 3252 3775 3305 de

2303 3370 2460 3411 sacro
2487 3355 2632 3409 fonte
2669 3353 2991 3422 susceperit,
3021 3361 3114 3407 aut
3149 3354 3218 3408 ad
3246 3353 3472 3407 chrisma
3501 3346 3700 3408 tenuerit,
3718 3339 3770 3395 vel

2303 3449 2370 3502 ad
2394 3447 2820 3502 Christianitatis
2847 3447 3167 3516 mysterium
3199 3467 3211 3502 :
3248 3449 3401 3502 ambo
3438 3455 3489 3501 et
3513 3459 3626 3498 uxor
3659 3449 3699 3494 et
3723 3438 3772 3490 vit

2302 3547 2607 3608 compatres
2633 3539 2873 3592 existunt
2903 3538 3222 3606 parentibus
3266 3537 3495 3602 infantis,
3531 3534 3633 3604 quia
3666 3531 3774 3582 vitel

2302 3630 2498 3684 mulier
2520 3644 2650 3683 caro
2677 3644 2782 3682 una
2808 3627 2985 3704 eli'ecti
3014 3637 3166 3684 sunt.

2302 3718 2370 3774 In
2395 3718 2613 3790 epistola
2634 3718 2813 3774 Siricii
2841 3737 2992 3790 papas
3019 3719 3398 3844 a‘deenesium
3430 3721 3682 3791 episcopum
3701 3728 3776 3780 ΜΡ·

2374 3893 2412 3919 m
2433 3879 2489 3934 Si
2520 3895 2683 3934 sanus
2707 3880 2791 3933 vir
2818 3879 3084 3950 leprosam
3113 3883 3329 3938 duxerit
3347 3893 3569 3942 uxorem,
3589 3883 3663 3929 aut
3684 3877 3776 3942 post-

2303 3971 2520 4025 modum
2545 3971 2593 4024 ei
2618 3972 2992 4041 supervenerit
3011 3971 3186 4041 lepra,
3204 3980 3525 4041 sepirentur,
3547 3982 3604 4020 ne
3622 3975 3773 4026 coucep

2303 4060 2343 4113 ti
2371 4060 2464 4113 ﬁlii
2495 4059 2640 4129 lepra
2658 4060 3015 4114 maculentur.
3045 4060 3155 4117 Fas
3181 4078 3410 4130 namque
3437 4067 3530 4123 est,
3551 4064 3600 4110 ut
3617 4051 3783 4108 mundus

2303 4150 2370 4204 ad
2403 4150 2656 4203 mundam
2683 4147 2957 4220 jungatur.

2305 4240 2373 4294 In
2408 4240 2625 4311 epistola
2659 4239 2848 4295 Leonis
2873 4258 3043 4311 papae.
3076 4243 3163 4366 adi
3190 4243 3447 4298 Nicetium
3495 4241 3729 4310 cpiswpum
3752 4240 3784 4287 η.

2985 4329 3102 4366 can.
3177 4350 3191 4365 .

2985 4329 3102 4381 cap.
3137 4329 3191 4366 ι.

626 4392 790 4445 merit
823 4409 836 4444 :
865 4407 1051 4448 omnes
1101 4396 1191 4462 qui
1225 4396 1350 4451 facti
1379 4401 1537 4469 hujus
1560 4403 1768 4456 consilii
1795 4413 1918 4457 sunt
1950 4405 2016 4458 10
2043 4406 2198 4460 annis
2225 4421 2278 4483 υ
2374 4399 2507 4453 Cum
2562 4414 2658 4468 per
2709 4399 2956 4454 bellicam
2986 4401 3194 4456 cladem
3251 4403 3546 4459 dividantur
3587 4393 3780 4483 conjugis.

630 4478 684 4534 in
712 4481 1029 4551 pmnitentia
1053 4486 1382 4554 redigantur.

969 4571 1152 4627 Canon
1175 4577 1562 4632 Aurelianensis
1593 4590 1638 4644 θ,
1663 4595 1770 4634 (era
1795 4581 1849 4634 2.

695 4653 751 4710 Si
781 4673 899 4726 qua:
939 4661 1190 4717 mulieres
1222 4663 1421 4719 fuerint
1446 4667 1499 4720 in
1523 4668 1789 4722 adulterio
1820 4685 1940 4724 cum
1987 4671 2200 4729 clericis

625 4744 988 4814 deprehensm,
1027 4750 1237 4806 clericis
1260 4753 1593 4809 districtione
1629 4757 1865 4811 adhibita
1897 4758 1913 4795 τ
1946 4761 2106 4814 etiam
2145 4770 2200 4816 et

627 4837 942 4894 mulieribus
963 4881 977 4906 ,
1008 4849 1062 4895 et
1085 4858 1116 4895 a
1141 4843 1451 4899 civitatibus
1494 4847 1622 4914 ἱρείη
1643 4848 1897 4903 mulieres
1922 4851 2196 4920 expellan-

628 4932 735 4980 llﬂ‘.

699 5111 721 5180 ς
755 5096 954 5180 interp.
984 5121 1081 5161 nec
1113 5107 1332 5180 Dionys.
1365 5128 1464 5168 nec
1489 5110 1615 5171 Isid.

701 5171 728 5209 ι)
755 5171 868 5246 _N_ec
892 5171 1109 5246 pionys.
1139 5195 1237 5235 nec
1252 5171 1364 5235 'lsid

701 5251 722 5314 ς
751 5240 1107 5314 geeDionvs.
1137 5263 1234 5303 nec
1261 5251 1360 5306 Isid

697 5308 1233 5398 tlBaululum'dit'lert
1281 5322 1348 5375 ab
1373 5323 1495 5398 Isid.
1533 5324 1730 5398 interp.

701 5391 726 5452 ξ
752 5379 956 5452 βοηοὶι.
988 5383 1171 5442 Aurel.
1204 5405 1276 5452 iv,
1311 5406 1359 5444 c.
1390 5396 1476 5449 29.

695 5449 722 5489 ι¹
758 5451 884 5521 Haec
905 5453 1115 5521 desunt,
1142 5460 1236 5512 sed
1262 5449 1364 5514 alia
1391 5465 1512 5518 add.
1542 5475 1597 5520 et
1619 5482 1732 5521 var.

701 5522 727 5560 8
753 5520 868 5597 Ista
889 5532 946 5578 et
983 5520 1108 5592 quae
1123 5542 1420 5597 sequuntur
1450 5534 1502 5587 in
1527 5535 1613 5590 ed.
1643 5520 2036 5594 deSiderantur.
2062 5540 2192 5596 Vide

631 5595 807 5674 tamen
838 5592 1110 5674 Besponsa
1139 5592 1393 5674 Stephani
1422 5617 1569 5672 papa:
1592 5605 1635 5659 ll
1662 5608 1728 5661 ad
1754 5592 2004 5664 consulta
2026 5592 2190 5664 Bri—ta1

630 5667 960 5718 niacensium
1004 5667 1557 5744 monachorumfca‘p.
1591 5677 1624 5728 4
1645 5692 1708 5729 ex
1753 5679 1938 5734 eadem
1969 5680 2189 5748 epistola

2307 4491 2486 4563 (illult.
2519 4491 2652 4562 var.)
2689 4501 2746 4546 et
2771 4493 3026 4548 mulieres
3045 4510 3166 4563 quae
3195 4495 3542 4551 remanserint
3578 4490 3684 4545 viris
3713 4482 3786 4538 suis

2305 4586 2605 4649 destitutas,
2634 4593 2726 4639 aut
2755 4586 3107 4657 interemptos
3131 4597 3341 4659 putent,
3375 4596 3461 4642 aut
3487 4593 3712 4652 nunquam
3731 4591 3786 4628 re.-

2301 4694 2555 4734 versuros
2591 4697 2603 4732 :
2637 4688 2692 4733 et
2745 4679 3154 4753 [sollicitudine]
3209 4681 3489 4736 solitudine
3533 4679 3714 4746 cogente
3741 4663 3786 4719 ad

2303 4771 2516 4840 aliquod
2552 4769 2862 4839 coniugium
2906 4773 3241 4826 transierunt
3271 4790 3284 4826 :
3315 4779 3370 4826 et
3396 4769 3468 4824 illi
3490 4767 3571 4837 qui
3593 4759 3785 4834 putabam

2303 4871 2390 4917 tur
2414 4863 2634 4933 perisse,
2665 4870 3040 4928 revertantur;
3087 4862 3270 4934 (Add.)
3302 4871 3428 4917 tunc
3465 4854 3660 4914 remotis
3678 4845 3788 4904 malis

2298 4968 2418 5024 quae
2431 4953 2700 5009 hostilitas
2726 4953 2924 5020 intulit,
2953 4954 3244 5010 unicuiaue
3269 4952 3408 5023 quod
3430 4950 3638 5023 legitime
3651 4936 3782 4998 habui!

2299 5123 2493 5180 Leonis
2515 5124 2556 5180 1.

2367 5199 2396 5237 ιι
2427 5195 2656 5264 Capitul.
2687 5194 2723 5249 1.
2760 5213 2816 5262 v,
2847 5213 2897 5252 c.
2933 5194 2986 5252 5.

2372 5267 2537 5319 tvm.
2568 5265 2634 5318 ii.
2667 5266 2853 5336 Steph.
2882 5267 2948 5329 ιι,
2974 5282 3094 5336 cap.
3127 5270 3183 5324 δ.

2369 5345 2384 5386 J
2423 5336 2543 5389 V'id.
2578 5335 2641 5388 R.
2672 5335 2857 5404 Steph.
2887 5335 2950 5396 ll,
2979 5335 3098 5404 cap.
3128 5339 3181 5392 2.

2367 5405 2394 5476 ξι
2418 5385 3251 5476 unummaiestati}...
3279 5406 3346 5460 η.
3367 5403 3540 5476 Steph.
3569 5385 3783 5464 ιιωροδ·

2370 5472 2390 5514 1
2417 5475 2782 5528 Desideratur.

2364 5554 2406 5583 ω
2429 5544 2547 5599 Vid.
2567 5543 2634 5596 Β.
2661 5543 2845 5615 Steph.
2862 5543 2928 5606 ιι,
2946 5560 3062 5614 cap.
3078 5546 3126 5612 9,
3153 5561 3218 5602 ex
3241 5547 3397 5616 epist.
3422 5542 3583 5598 Siricii
3604 5547 3724 5609 papa
3739 5529 3788 5582 ad

2293 5612 2596 5684 ‘iimeriurn
2626 5612 2960 5684 episcOpum.

2367 5694 2394 5722 η
2421 5684 2502 5739 Ad
2526 5682 2767 5738 Nicetam
2789 5682 3096 5754 episcopum
3128 5687 3534 5757 Aquileiensem.
