4020 6360
147 325 280 381 {061

992 318 1309 377 CANONES
1345 320 1627 377 SELECTI
1664 320 1754 374 EX
1796 319 1948 374 V'ET.
1991 319 2145 376 CAN.
2188 320 2517 379 COLLECT.

3260 335 3282 389 1
3293 334 3396 392 062
3414 364 3421 369 π

143 434 477 492 reformetur
504 429 654 502 (Cap.
694 430 772 500 2.)
804 429 914 485 Nec
941 438 1118 483 tamen
1164 430 1443 499 culpabilis
1465 430 1734 499 judicetur
1763 429 1810 487 A
1836 428 2043 497 cipibus
2066 438 2186 499 post
2208 432 2531 500 baptismum
2556 448 2777 503 poscere
2803 445 3032 493 mortem
3059 439 3162 511 [vel
3184 447 3401 514 sangui—

143 523 259 588 ille,
310 522 387 594 [et
434 530 690 590 tanquam
718 520 880 574 alieni
906 517 1047 587 juris
1088 518 1370 591 pervasor]
1403 519 1495 587 qui
1542 532 1728 587 perso-

144 630 274 670 nam
300 613 418 682 ejus
445 612 647 675 mariti,
694 612 785 679 qui
813 609 927 678 jam
954 625 1060 665 non
1090 624 1208 666 esse
1233 610 1609 675 :estimabitur,
1642 627 1729 665 as-

145 704 404 772 sumpsit.
442 715 467 741 α
500 701 555 755 Si
582 716 714 756 vero
754 701 946 769 aliquae
971 700 1225 755 mulieres
1252 700 1461 754 malunt
1488 715 1610 754 cum
1642 700 1727 753 vi-

144 795 225 848 ris
259 793 351 846 hic
378 794 673 855 cohterere,
704 806 867 861 quam
894 790 961 844 ad
992 791 1289 859 legitimum
1320 790 1497 845 redire
1539 791 1729 861 conju—

143 884 318 952 gium,
360 880 554 935 merito
585 888 711 934 sunt
760 881 1114 945 damnandaa;
1142 881 1216 934 ita
1263 889 1323 934 ut
1349 881 1727 935 communione

141 973 449 1043 priventur,
488 972 611 1039 quia
659 972 787 1039 ipsa:
812 971 1183 1035 ostenduntur,
1216 986 1321 1024 non
1350 986 1448 1040 pro
1493 971 1727 1026 necessi-

142 1072 275 1127 tate,
308 1065 402 1118 sed
426 1079 525 1132 pro
566 1062 950 1116 incontinentia
1001 1077 1099 1118 sua
1134 1063 1238 1116 hoc
1288 1062 1499 1126 fecisse,
1536 1070 1591 1116 et
1620 1078 1727 1117 non

142 1155 227 1207 eis
281 1152 566 1221 placuisse,
619 1153 761 1221 quod
796 1153 912 1207 hmo
961 1153 1206 1207 remissio
1255 1154 1434 1222 potuit
1483 1154 1724 1222 expiare.

143 1242 546 1312 Redeantergo
583 1243 650 1296 ad
691 1258 847 1296 suum
901 1252 1107 1297 rectum
1168 1244 1463 1298 voluntaria
1496 1246 1729 1299 redinte-

144 1333 396 1401 gratione
444 1329 751 1401 conjugium
811 1332 1012 1402 absque
1046 1333 1155 1387 ullo
1196 1335 1485 1403 opprobrio
1537 1353 1549 1387 :
1602 1336 1727 1404 quia

144 1433 291 1479 srcut
316 1424 398 1478 hae
423 1424 675 1478 mulieres
702 1441 821 1494 quae
869 1426 1065 1480 reverti
1091 1427 1159 1481 ad
1181 1427 1326 1483 viros
1368 1442 1493 1481 suos
1517 1428 1723 1494 nolunt,

147 1513 329 1583 impiae
377 1520 502 1566 sunt
552 1514 811 1567 habendae
837 1554 851 1579 ,
887 1514 960 1568 ita
993 1515 1094 1570 illa:
1135 1530 1253 1584 qua:
1287 1516 1339 1570 in
1381 1515 1629 1570 affectum
1660 1533 1727 1572 ex

146 1604 263 1659 Deo
288 1604 481 1658 initum
509 1604 755 1669 redeunt,
785 1606 977 1660 merito
1018 1607 1309 1662 laudabiles
1330 1607 1653 1676 judicandae.

523 1694 589 1749 In
613 1696 831 1767 epistola
862 1696 1158 1752 Innocentii
1184 1718 1353 1771 papw.

1829 519 2212 590 nem]alicujus
2227 523 2291 576 de
2306 532 2477 576 reatu.
2504 523 2673 589 Quam
2693 543 2805 580 rem
2832 530 3102 599 principes
3125 548 3400 602 nunquam

1828 610 1943 665 sine
1971 614 2295 681 cogitatione
2320 615 2667 690 [cognitione]
2696 623 3019 687 concedunt,
3051 625 3144 678 sed
3169 626 3235 679 ad
3258 624 3401 693 judi-

1826 716 1918 755 ces
1940 702 2164 757 crimina
2190 704 2303 774 ipsa
2334 720 2545 776 semper
2566 709 2878 773 remittunt,
2909 720 2965 764 ut
2998 727 3158 766 causa
3185 716 3400 784 cognita

1828 789 2007 865 (Van)
2041 792 2332 861 judicetur.
2363 795 2493 861 Quae
2528 813 2648 851 cum
2680 798 2999 874 [qumsitori]
3029 818 3219 859 secure
3240 806 3403 861 fuerit

1827 880 2085 951 delegata,
2119 891 2211 937 aut
2236 885 2501 939 absolutio
2526 896 2616 940 aut
2642 888 2916 944 damnatio
2946 906 3042 959 pro
3058 894 3400 963 negotiiqua-

1827 970 1977 1025 litate
1999 972 2306 1041 proferatur
2330 994 2341 1027 :
2370 984 2421 1029 et
2446 976 2572 1030 dum
2603 978 2778 1047 legum
2807 981 2859 1033 in
2887 980 3157 1049 improbos
3182 999 3402 1042 exerce-

1827 1067 1916 1114 tur
1938 1064 2251 1127 auctoritas,
2283 1066 2385 1119 erit
2412 1067 2671 1122 distortor
2697 1067 2973 1141 [dictator]
3001 1072 3273 1129 immunis.

2416 1159 2640 1215 CAPUT
2676 1161 2806 1217 LVI.

1828 1263 1893 1302 υε
1921 1265 2211 1315 ΡΑιεΑιιιιε,
2243 1268 2312 1305 ΕΤ
2343 1267 2605 1316 PERJURIS,
2639 1271 2706 1307 ET
2731 1271 3001 1311 ιιοιιιειῡιε
3034 1276 3045 1310 ε
3075 1273 3143 1313 ΕΤ
3176 1276 3240 1313 DE
3272 1277 3397 1317 CAP-

2274 1338 2531 1376 ΤΙΥΙΤᾹΤΕ
2560 1340 2626 1376 ET
2659 1340 2956 1379 DISCORDIA.

2142 1412 2322 1466 Conon
2352 1414 2741 1469 Aurelianensis
2762 1457 2774 1480 ,
2805 1434 2911 1471 cura
2940 1417 3004 1471 15
3039 1418 3080 1471 τ.

1896 1502 1995 1570 Qui
2029 1502 2160 1557 falso
2206 1513 2462 1558 accusant
2508 1504 2706 1559 fratres
2753 1522 2899 1572 suos,
2954 1507 2971 1579 [
2987 1509 3225 1579 placuit,
3255 1510 3396 1585 ctc.]

1826 1610 1996 1665 usque
2025 1597 2092 1650 ad
2112 1597 2313 1650 exitum
2341 1613 2444 1651 non
2473 1600 2887 1655 communicent.

2205 1686 2384 1741 Canon
2417 1687 2720 1743 Maticensis
2746 1693 2771 1729 ε
2793 1708 2900 1745 a’ra
2925 1692 3009 1745 17.

216 1788 248 1827 ι’
272 1788 425 1842 Sicut
455 1788 727 1853 mulieres,
759 1789 804 1843 si
839 1790 1100 1844 convicta:
1148 1790 1344 1845 fuerint
1374 1792 1725 1859 adulterasse,

1903 1771 2106 1847 Siquis
2145 1778 2278 1832 alios
2330 1779 2396 1833 ad
2443 1777 2635 1832 falsum
2686 1782 3047 1836 testimonium
3095 1784 3176 1837 vcl
3224 1786 3393 1855 pcrju-

137 1880 350 1952 judicio
374 1881 696 1935 sacerdotali
725 1883 1102 1937 communione
1122 1884 1405 1951 privantur
1435 1900 1449 1937 :
1482 1886 1729 1941 similiter

143 1980 201 2025 et
228 1971 353 2035 viri,
383 1972 429 2025 si
456 1971 649 2025 detecti
666 1970 1197 2026 fuerintadulterium
1229 1975 1580 2039 commisisse,
1612 1992 1727 2030 om-

144 2065 383 2119 nimodis
412 2080 443 2118 a
472 2066 850 2121 communione
880 2066 1271 2155 submovendas
1315 2084 1436 2123 esse
1482 2070 1727 2125 decemi-

146 2172 289 2211 mus.

753 2252 982 2309 CAPUT
1008 2254 1117 2309 LV.

145 2356 210 2394 π
242 2357 684 2397 κενειιτεκτιευε
719 2360 785 2397 ΑΙ)
821 2359 1034 2399 εεουιΑ
1081 2362 1209 2401 POST
1260 2362 1555 2402 DEPOSITUI
1584 2364 1724 2403 ιιιιι-

216 2427 323 2465 τιιε
363 2427 629 2466 CINGULUM
663 2428 676 2465 ε
704 2429 771 2467 ΕΤ
801 2430 864 2468 DE
894 2430 979 2470 HIS
1019 2431 1105 2478 QUI
1139 2433 1265 2472 POST
1298 2434 1601 2473 BAPTISHUI
1635 2435 1724 2472 AD-

216 2494 712 2537 IIINlSTRAV’EBUNT.

540 2574 720 2629 Conon
762 2574 1036 2641 Nicrenus,
1060 2593 1169 2629 trra
1197 2578 1262 2633 18
1288 2588 1334 2631 ο.

215 2661 244 2702 δ
277 2660 337 2717 Si
364 2663 478 2731 qui,
497 2672 617 2732 post
640 2663 942 2731 depositum
973 2665 1177 2719 militire
1204 2666 1578 2737 cingulum,ad
1599 2684 1724 2738 pro-

150 2752 330 2821 prium
358 2752 615 2805 vomitum
642 2763 1008 2819 revertuntur,
1038 2764 1095 2809 ut
1126 2758 1380 2825 pecunias
1408 2759 1476 2813 ad
1504 2775 1723 2814 usuram

155 2844 343 2897 darent
370 2851 424 2897 et
451 2844 661 2898 abirent
700 2858 885 2901 rursus
934 2849 999 2901 ad
1035 2848 1306 2910 militiam,
1338 2849 1405 2902 l0
1433 2851 1587 2906 annis
1617 2853 1724 2906 sint

158 2931 298 2985 inter
326 2932 655 3001 pcenitentes,
676 2943 794 3002 post
810 2936 1041 3003 primum
1056 2936 1345 2992 triennium
1376 2955 1483 3008 quo
1507 2940 1723 2996 fuerunt

154 3020 296 3091 inter
314 3022 609 3076 audientes.
636 3022 746 3077 Hoc
770 3026 1035 3094 przecipue
1061 3028 1396 3093 observetur,
1430 3039 1490 3083 ut
1511 3032 1723 3087 animus

148 3127 337 3169 eorum
368 3123 423 3169 et
452 3114 658 3171 fructus
686 3118 1007 3186 paenitentia
1037 3121 1374 3183 observetur.
1401 3122 1466 3175 Et
1492 3124 1720 3192 quicun-
1750 3105 1796 3168 (ἶ

149 3220 251 3274 que
281 3205 337 3258 in
364 3205 618 3275 lacrymis
646 3214 700 3260 et
737 3207 991 3275 operibus
1018 3208 1172 3262 bonis
1200 3223 1631 3278 perseverantes,
1668 3223 1722 3267 et

146 3293 349 3351 bonum
398 3312 534 3366 opus
560 3313 682 3352 eum
731 3299 958 3353 veritate
991 3300 1402 3366 demonstrant;
1438 3319 1557 3358 cum
1603 3315 1723 3375 post

145 3397 364 3458 tempus
417 3398 672 3443 statutum
703 3390 931 3444 orationi
984 3392 1247 3461 coeperint
1288 3396 1717 3460 communicare,

144 3478 271 3533 licet
320 3480 630 3548 episcopum
660 3481 944 3536 humanius
993 3483 1193 3552 aliquid
1222 3485 1365 3539 circa
1400 3501 1494 3540 eos
1539 3502 1718 3557 agere.

146 3570 205 3625 Si
234 3572 330 3642 qui
370 3586 501 3627 vero
548 3573 915 3629 indifferenter
964 3577 1254 3632 habuerint
1304 3577 1510 3649 lapsum
1542 3596 1720 3645 suum,

142 3668 201 3715 et
231 3658 480 3715 sufﬁcere
507 3662 605 3715 sibi
632 3663 773 3732 quod
790 3664 1073 3719 ecclesiam
1095 3667 1433 3723 intraverunt
1455 3670 1722 3725 arbitran-

143 3757 257 3815 tur,
281 3750 372 3805 isti
395 3752 574 3806 omnia
599 3762 837 3824 tempora
861 3763 1057 3810 statuta
1075 3759 1435 3828 complebunt.

140 3837 388 3910 Epistula
432 3837 724 3895 Innocentii
752 3860 902 3984 patere
942 3846 1027 3969 at;
1032 3845 1382 3985 1Exuperinm
1426 3851 1720 3922 episcopum

857 3931 959 3983 .ap.
1032 3953 1071 3985 _.

857 3931 959 3983 .ap.
995 3931 1071 3985 αι.

222 4010 247 4038 ε
276 3998 377 4065 Qui
408 4008 529 4069 post
570 4002 895 4072 baptismum
932 4006 1444 4064 administraverunt
1467 4052 1482 4075 ,
1533 4021 1586 4066 et
1615 4021 1723 4068 tor-

139 4101 333 4147 menta
358 4104 734 4159 exercuerunt,
768 4104 859 4150 aut
887 4097 1050 4151 etiam
1081 4101 1366 4169 capitalem
1399 4106 1721 4160 sententiam

138 4180 488 4251 protulerunt
519 4200 533 4247 ;
569 4184 633 4237 de
665 4184 749 4238 his
783 4184 914 4239 nihil
942 4187 1168 4257 legimus
1196 4206 1226 4243 a
1258 4190 1553 4259 majoribus
1585 4195 1722 4249 defi-

137 4274 342 4328 nitum.
380 4274 737 4330 Meminerant
760 4278 903 4331 enim
927 4294 955 4331 a
988 4280 1095 4334 Deo
1123 4289 1417 4349 potestates
1440 4285 1537 4340 has
1562 4285 1725 4342 fuisse

136 4380 457 4430 concessas,
498 4373 551 4421 et
576 4378 796 4438 propter
837 4371 1129 4427 vindictam
1159 4376 1442 4431 noxiorum
1487 4379 1723 4448 gladium

138 4453 316 4510 fuisse
340 4459 659 4526 permissum
691 4468 745 4513 et
773 4460 866 4514 Dei
901 4462 1205 4517 ministrum
1249 4466 1515 4521 vindicem
1540 4469 1593 4522 in
1618 4470 1720 4523 hu-
1747 4456 1803 4517 Ῑ)

137 4546 381 4616 iusmodi
402 4555 607 4603 natum.
626 4551 699 4603 De
720 4551 803 4604 his
821 4551 892 4604 ita
908 4560 967 4605 ut
984 4553 1245 4609 hactenus
1261 4565 1531 4612 servatum
1550 4569 1633 4614 est
1648 4561 1726 4615 sic

137 4637 433 4701 habemus,
458 4656 522 4694 ne
545 4650 634 4694 aut
662 4642 997 4710 disciplinam
1021 4653 1286 4711 evertere,
1310 4657 1401 4703 aut
1427 4660 1613 4705 contra
1637 4668 1727 4707 au-

135 4729 460 4783 ctoritatem
484 4731 691 4785 Domini
710 4733 895 4787 venire
919 4735 1211 4792 videamur.
1228 4739 1361 4808 ipsis
1376 4751 1553 4795 autem
1574 4743 1625 4796 in
1648 4760 1724 4798 ra—

136 4818 292 4874 tione
318 4819 585 4875 reddenda
604 4832 751 4892 gesta
768 4840 860 4877 sua
883 4828 1063 4881 omnia
1082 4830 1462 4887 servabuntur.
1481 4832 1630 4904 (Cap.
1647 4835 1724 4909 5.)

137 4911 261 4966 Hoc
287 4911 453 4965 etiam
471 4913 744 4969 sciscitare
758 4916 992 4983 voluisti,
1019 4920 1198 4992 (Add.)
1228 4924 1513 4980 utsiliceat
1534 4942 1562 4979 a
1584 4930 1726 4996 prin-

215 5094 242 5121 ι
282 5082 443 5168 lbura
476 5086 597 5168 add.
631 5098 685 5141 et
710 5089 802 5168 hic
822 5093 1008 5168 incipit
1047 5107 1145 5168 cahp
1171 5093 1232 5168 4.
1254 5092 1460 5168 Cartera
1501 5114 1618 5168 quze
1646 5118 1726 5156 se-

136 5161 389 5239 ιιιιριξξιις
420 5156 571 5239 mult:
602 5174 715 5239 var_.
744 5159 871 5239 Vill;
897 5156 1061 5239 Resp.
1090 5156 1344 5232 Stephan.
1382 5166 1445 5239 μ,
1478 5156 1596 5239 cap.
1632 5174 1721 5227 19.

173 5223 514 5347 alvis."
540 5226 656 5281 inn.
689 5228 707 5281 Ι
735 5230 801 5283 ad
832 5223 1199 5299 Exuperium.‘
1218 5250 1335 5304 cap.
1368 5223 1722 5301 4,'ubilmult.

136 5301 273 5347 add.
310 5301 367 5347 et
390 5309 506 5347 var.
1283 5301 1295 5304 ’

217 5373 244 5470 Ξ
273 5361 1129 5470 $3,232,952.21mirer;
1162 5374 1380 5447 υίοηνε·
1414 5389 1467 5433 ει
1496 5380 1617 5436 ιείάο

221 5432 244 5470 ιι
278 5432 563 5488 Paululum
588 5436 763 5491 differt
792 5440 986 5513 interp.
1027 5432 1149 5498 lsid.

221 5513 244 5540 ε
277 5501 536 5569 Quaadam
558 5507 681 5559 add.

222 5571 241 5610 ί
282 5572 448 5627 Cone.
475 5573 679 5629 Arelat.
713 5595 751 5642 ι,
784 5595 832 5635 c.
870 5582 952 5636 Μ.

223 5643 248 5681 ⁸
279 5643 447 5697 Cone.
482 5643 759 5701 Matiscon.
792 5668 829 5704 ι.

219 5713 245 5749 δ
282 5712 409 5767 Var.
444 5714 575 5775 Vide
615 5731 766 5773 conc.
799 5722 983 5777 Venet.
1009 5739 1055 5777 c.
1094 5726 1142 5778 ι.
1212 5782 1215 5787 ,

1828 1858 1964 1924 rium
1993 1868 2174 1939 (γαν.)
2208 1870 2495 1923 attraxerit
2519 1910 2532 1934 ,
2557 1871 2640 1924 vel
2672 1871 3013 1942 [quacunque
3038 1875 3400 1944 corruptione]

1827 1944 2219 2023 sollicitaverit,
2254 1959 2366 2028 ipse
2412 1961 2629 2028 quidem
2679 1978 2856 2031 neque
2905 1965 2970 2017 ad
3021 1965 3224 2018 exitum
3258 1981 3392 2021 com-

1824 2051 2061 2105 municet
2090 2066 2103 2104 :
2128 2060 2183 2105 et
2221 2052 2297 2105 illi
2325 2050 2464 2122 (Add
2490 2062 2537 2107 et
2562 2055 2696 2125 var.)
2745 2055 2835 2123 qui
2867 2071 2991 2109 eum
3035 2058 3205 2112 secuti
3255 2068 3400 2122 sunt,

1825 2142 1892 2196 ab
1919 2144 2067 2198 omni
2096 2155 2220 2201 sunt
2264 2146 2571 2201 testimonio
2595 2149 2939 2218 prohibendi,
2969 2160 3021 2205 et
3052 2151 3273 2208 infamia
3310 2170 3399 2210 no-

1823 2234 2081 2287 tabuntur

2040 2323 2221 2380 Canon
2252 2328 2579 2397 Agathensis,
2612 2345 2721 2382 mra
2750 2329 2838 2384 56.
2877 2328 3033 2403 [Cum
3065 2332 3181 2403 57].

1894 2413 2200 2470 Homicidas
2226 2426 2281 2470 et
2303 2415 2468 2472 falsos
2494 2424 2659 2474 testes
2674 2420 2698 2458 ιι
2715 2423 3090 2478 communione
3113 2423 3401 2493 privandes

1822 2523 1995 2579 usque
2025 2513 2090 2565 ad
2116 2513 2489 2581 paenitentiam
2520 2522 2574 2569 et
2600 2514 3044 2571 satisfactionem.

2179 2600 2363 2655 Canon
2390 2602 2754 2673 Lugdunensis
2786 2608 2828 2669 ί,
2856 2624 2965 2660 αινα
2994 2606 3050 2660 5.

1897 2689 1912 2740 i
1968 2689 2025 2746 Si
2066 2692 2188 2761 quis
2244 2694 2516 2749 hominem
2548 2696 2603 2750 in
2655 2698 3020 2766 captivitatem
3048 2700 3281 2765 duxerit,
3315 2713 3409 2758 aut

1828 2782 2209 2846 transmiserit,
2233 2800 2514 2853 usquequo
2543 2800 2666 2841 eum
2695 2788 2747 2839 in
2783 2787 2898 2843 loco
2924 2803 3023 2842 suo
3051 2793 3405 2857 revocaverit,

1825 2874 2201 2927 communione
2228 2870 2488 2944 privetur.

2191 2963 2373 3019 Canon
2402 2968 2770 3037 Ancyritamts,
2802 2986 2910 3023 cera
2937 2969 3026 3023 2|.

1898 3055 1926 3097 ιι
1957 3056 2013 3111 Si
2051 3057 2172 3126 quis
2218 3057 2517 3113 voluntarie
2555 3060 2903 3115 homicidium
2931 3060 3138 3125 fecerit,
3178 3061 3397 3116 subluit-

1828 3155 1907 3201 tat
1935 3163 1992 3201 se
2033 3148 2100 3202 ad
2144 3149 2535 3217 paenitentiam,
2578 3158 2631 3204 et
2660 3150 2726 3204 ad
2773 3152 2979 3206 exitum
3020 3160 3228 3206 tantum
3257 3168 3395 3208 com-

1826 3239 2080 3292 municet.

2463 3310 2599 3363 Αἶγα
2624 3310 2693 3364 2‘2.
2724 3310 2765 3364 ἶ.

1895 3409 1934 3437 ω
1965 3398 2065 3464 Qui
2104 3414 2233 3452 vero
2279 3415 2407 3453 casu
2465 3402 2813 3456 homicidium
2846 3403 3057 3468 fecerit,
3103 3413 3228 3473 post
3252 3406 3283 3457 7
3312 3422 3409 3459 an-

1823 3503 2013 3542 norum
2062 3491 2437 3559 paenitentiam
2483 3492 2842 3547 communicet
2890 3494 3179 3547 secundum
3209 3494 3407 3564 gradus

1824 3578 2164 3633 constitutos.
2197 3579 2323 3633 Haec
2343 3596 2472 3635 vero
2500 3582 2787 3636 humanior
2813 3584 3073 3649 definitio,
3105 3585 3395 3654 quinquen-

1824 3663 1899 3719 nii
1928 3667 2182 3737 temporis
2202 3669 2374 3737 spatio
2399 3670 2725 3725 continetur.

2051 3755 2231 3811 Canon
2255 3758 2609 3828 Epaunensis,
2642 3778 2749 3816 tera
2781 3762 2849 3815 21
2879 3760 3033 3834 [Can.
3060 3764 3154 3837 24]

1898 3843 1952 3898 Si
1990 3846 2110 3915 quis
2146 3861 2357 3901 servum
2387 3852 2666 3919 proprium
2698 3852 2812 3906 sine
2841 3855 3171 3908 conscientia
3209 3853 3407 3923 judicis

1826 3935 2100 4000 occiderit,
2151 3939 2351 3993 biennii
2407 3943 2663 4012 temporis
2703 3947 3261 4002 exeommunicatione
3290 3948 3391 4019 ple.

1826 4035 2005 4079 ctatur
2040 4024 2379 4097 [effusionem
2421 4034 2697 4103 sanguinis
2734 4034 3013 4107 expiabit].

2199 4119 2379 4176 Canon
2407 4124 2729 4180 Arelatensis
2760 4137 2784 4163 η
2816 4144 2923 4181 a‘ra
2945 4128 3032 4182 55.

1902 4210 1957 4265 Si
1980 4213 2101 4280 quis
2128 4213 2468 4277 famulorum,
2504 4214 2809 4286 [cujuslibet
2839 4219 3162 4272 conditionis
3191 4228 3283 4272 aut
3313 4235 3395 4290 ge-

1829 4302 1997 4374 neris]
2027 4305 2179 4373 quasi
2209 4304 2277 4358 ad
2301 4306 2729 4361 exacerbandam
2756 4308 2957 4361 domini
2989 4308 3405 4367 districtionem.

1833 4411 1890 4451 se
1920 4394 2208 4466 [diabolica
2257 4396 2492 4466 repletus
2529 4396 2733 4469 furore]
2762 4399 3112 4470 percusserit,
3165 4400 3323 4470 (Add.
3358 4407 3408 4453 et

1830 4486 1964 4557 var.)
1990 4487 2351 4557 nequidquam
2381 4487 2448 4543 ad
2478 4488 2752 4542 dominum
2800 4490 3019 4544 sceleris
3056 4490 3215 4544 alieni
3245 4492 3382 4560 pcrti

1830 4579 1979 4635 nebit
2006 4578 2220 4648 injuria.

2236 4670 2302 4723 In
2328 4669 2542 4741 epistola
2566 4688 2714 4741 papa:
2739 4670 2921 4724 Leonis
2949 4678 2993 4724 ο.

1898 4759 2128 4829 Captivi,
2154 4761 2243 4828 qui
2272 4761 2625 4815 immolatitiis
2653 4761 2787 4815 cibis
2811 4760 3009 4814 fuerint
3037 4758 3238 4830 polluti,
3272 4760 3410 4831 (var.

1828 4860 1874 4903 et
1898 4848 2046 4920 add.)
2069 4850 2399 4919 paenitentia:
2424 4848 2788 4903 satisfactione
2814 4856 3136 4919 purgentur;
3159 4863 3277 4918 qum
3301 4860 3407 4904 nun

1831 4949 1938 4994 tam
1990 4941 2244 5009 temporis
2290 4939 2641 5015 longitudine,
2671 4954 2832 5009 quam
2881 4938 3057 4992 cordis
3088 4938 3408 4992 contritione

1908 5116 1920 5183 ᾖ
1949 5112 2112 5167 Cone.
2145 5110 2389 5183 Lugdun.
2424 5130 2484 5176 ιι,
2514 5128 2561 5168 c.
2586 5116 2636 5168 5.

1905 5182 1917 5231 i
1959 5183 2108 5236 Mult.
2142 5182 2255 5236 var.
2275 5191 2330 5236 et
2359 5185 2480 5238 add.

1903 5254 1925 5291 ιι
1955 5254 2237 5377 Ιιιιθι-ἕῖεῑ.
2272 5269 2370 5308 nec
2395 5254 2614 5325 Dionys.
2646 5269 2745 5309 nec
2773 5255 2895 5309 lsid.
2924 5254 3039 5309 Vid.
3070 5267 3203 5308 conc
3232 5251 3399 5323 Epau-

1903 5339 1980 5376 ns.
2013 5340 2060 5377 c.
2169 5364 2181 5375 .

1830 5339 1980 5379 nens.
2013 5340 2060 5379 C.
2094 5339 2156 5377 οι
2169 5364 2181 5375 .

1907 5392 2151 5465 1Interp.
2202 5393 2324 5448 lsid.
2353 5409 2459 5448 non
2504 5394 2801 5465 distinguit.
2850 5409 2880 5448 a
2930 5393 3271 5464 praecedenti.
3298 5389 3403 5448 Sed

1830 5462 1924 5517 Gr.
1958 5474 2011 5517 et
2044 5464 2261 5533 Dionys.

1901 5534 2153 5604 mlnterp.
2178 5550 2276 5587 nec
2303 5534 2519 5604 Dionys.
2548 5548 2648 5589 nec
2677 5534 2801 5589 lsid.

1902 5613 1928 5641 ιι
1961 5604 2124 5657 Cone.
2155 5604 2300 5657 Arel.
2328 5621 2383 5657 ιι.

1905 5681 1929 5707 ο
1966 5673 2045 5727 Ad
2077 5673 2318 5728 Nicetam
2340 5689 2573 5745 episcOp.
2608 5674 3022 5745 Aquileiensem.
