4020 6360
606 337 628 392 1
639 336 743 392 063

601 442 872 516 pensanda
898 424 1000 499 est.
1029 453 1141 494 sive
1177 439 1281 493 hoc
1312 434 1481 489 fames
1504 428 1812 495 extorserit,
1845 430 1957 485 sive
1984 436 2163 484 terror
2188 428 2239 486 Α

601 534 808 607 (Add.).

928 623 1108 678 Canon
1141 620 1531 689 Africanorum,
1554 631 1661 670 trra
1685 614 1751 667 47
1783 626 1831 665 ει.

668 715 1004 772 Dissidentes
1031 712 1332 783 episcopos,
1361 708 1407 764 si
1437 722 1543 762 non
1569 706 1730 761 timor
1771 703 1885 769 Dei,
1930 701 2163 773 synodus

600 806 931 865 reconciliet.

1222 891 1361 945 Αἶγα
1398 886 1467 947 48
1496 890 1524 929 ι)

668 989 1050 1046 Discordanles
1084 984 1326 1047 clericos,
1359 982 1641 1053 episcopus
1670 970 1755 1032 vel
1802 973 2029 1039 ratione,
2081 973 2167 1028 vel

596 1087 863 1152 potestate
887 1078 955 1132 ad
998 1075 1341 1130 concordiam
1370 1073 1551 1126 trahat
1578 1068 1942 1124 inobedientes
1966 1084 1978 1120 :
2007 1079 2167 1136 syno-

599 1175 698 1229 dus
726 1188 823 1246 per
846 1172 1124 1228 audaciam
1157 1163 1531 1241 [audientiam]
1559 1165 1799 1218 damnet.

716 1280 719 1283 ‘
1213 1258 1350 1313 /Era
1385 1256 1455 1311 49
1497 1264 1541 1308 ο.

665 1354 978 1411 Oblationes
1000 1347 1372 1407 dissidentium
1401 1346 1647 1409 fratrum,
1678 1348 1853 1411 neque
1899 1340 1953 1394 in
1980 1353 2163 1395 sacra-

595 1445 679 1500 rio
698 1459 873 1514 neque
897 1444 950 1497 in
981 1436 1348 1514 gazophilacio
1372 1434 1720 1505 recipiantur.
1777 1459 1793 1481 ο

941 1532 1123 1587 Canon
1154 1527 1492 1589 Arelatensis,
1523 1541 1630 1579 (era
1667 1521 1737 1579 80
1763 1521 1811 1575 δ.

1422 321 1740 382 CANONES
1777 317 2058 378 SELECTI
2096 314 2189 371 EX
2231 314 2385 372 VET.
2428 312 2584 372 CAN.
2625 313 2961 371 COLLEC‘I'.

3698 309 3830 375 £065

2649 424 2832 479 Canon
2858 425 3207 496 Epaunensis,
3258 440 3370 480 tera
3391 424 3448 482 8.

2336 506 2596 584 Mancipia
2622 515 2902 570 monachis
2921 514 3045 569 data
3078 514 3149 570 ab
3168 514 3367 571 abbate
3399 530 3509 570 non
3536 514 3703 570 liceat
3724 531 3833 571 ms-

2263 605 2498 657 numitti.
2546 603 2807 675 lnjustum
2851 610 3138 673 putamus,
3189 612 3250 657 ut
3300 604 3587 659 monachis
3640 604 3834 660 ruralia

2263 709 2426 764 opera
2454 693 2845 765 [quotidianum
2890 693 3070 749 ruraie
3118 694 3277 764 opus]
3322 694 3671 760 facientibus,
3699 695 3836 750 servi

2263 792 2449 837 eorum
2478 783 2744 838 libertatis
2772 785 2887 837 otio
2907 786 3198 852 potiantur.

2535 872 2718 928 Canon
2745 873 3077 944 Agathensis,
3109 886 3217 928 (era
3243 874 3277 929 6
3301 874 3458 947 [ϐακε
3490 874 3571 948 η.

2334 964 2480 1033 Quos
2506 965 2574 1020 de
2599 965 2771 1020 servis
2812 965 3057 1020 ecclesiae
3105 963 3263 1037 (Var.
3289 977 3336 1021 et
3357 968 3512 1037 add.)
3560 969 3838 1038 episcopus

2264 1052 2501 1109 libertati
2551 1055 2779 1121 dederit,
2818 1070 2850 1109 a
2901 1056 3303 1111 successoribus
3327 1056 3535 1124 placuit
3580 1058 3834 1112 custodiri

2264 1158 2387 1198 cum
2415 1144 2517 1199 hoc
2539 1143 2683 1214 quod
2702 1145 2781 1199 eis
2799 1145 3161 1199 manumissor
3179 1144 3233 1199 in
3260 1144 3510 1199 libertate
3529 1144 3830 1199 contulerit.

2265 1233 2418 1299 Quod
2437 1241 2615 1288 tamen
2630 1232 2880 1301 iubemus
2900 1233 2971 1288 20
2982 1234 3276 1289 solidorum
3299 1232 3616 1305 [numerum
3629 1234 3710 1307 et]
3731 1250 3835 1289 mo-

2264 1324 2393 1379 dum
2419 1324 2475 1378 in
2517 1325 2698 1389 terris,
2722 1325 2807 1379 vel
2828 1324 3020 1389 vineis,
3066 1324 3150 1380 vel
3177 1323 3466 1394 bospitiolo
3492 1331 3707 1389 tenere,
3734 1339 3831 1379 non

2265 1415 2527 1486 amplius;
2562 1414 2723 1485 (Add.
2752 1425 2802 1470 et
2821 1416 2958 1486 var.)
2986 1415 3113 1485 quia
3154 1415 3488 1470 minusculas
3517 1428 3614 1469 res
3641 1422 3731 1468 aut
3752 1428 3830 1468 ec-

2264 1506 2442 1561 clesiae
2487 1506 2666 1560 minus
2718 1506 2902 1571 utiles,
2951 1505 3252 1577 peregrinis
3296 1504 3384 1560 vel
3425 1502 3666 1571 clericis,
3693 1503 3827 1559 salvo

665 1627 733 1683 Ili
764 1626 854 1697 qui
880 1624 1110 1696 publicis
1137 1622 1279 1676 inter
1296 1635 1354 1674 se
1382 1619 1522 1673 odiis
1561 1614 1936 1677 exardescunt,
1971 1613 2038 1668 ab
2078 1625 2168 1667 ec-

2264 1593 2381 1664 iure
2404 1593 2661 1658 ecclesiae,
2694 1594 2748 1648 in
2774 1610 2934 1651 usum
2972 1595 3212 1663 praestari
3240 1594 3629 1664 permittimus.

596 1719 761 1774 clesia
815 1721 1196 1771 removeantur
1241 1709 1346 1782 [ab
1390 1705 1766 1763 ecclesiasticis
1815 1702 2165 1759 conventibus

596 1804 949 1880 removendi],
978 1804 1150 1859 donec
1174 1801 1241 1856 ad
1270 1814 1455 1870 pacem
1495 1796 1716 1852 redeant
1742 1793 2087 1867 [recurrant].

981 1893 1163 1950 Canon
1197 1890 1522 1962 Agathensis,
1552 1904 1658 1943 rem
1689 1886 1776 1941 50.

666 1986 981 2057 Quicunque
1008 1984 1152 2050 odio,
1173 1990 1265 2037 aut
1282 1980 1572 2050 longinqua
1592 1978 1734 2031 inter
1764 1990 1821 2031 se
1847 1975 1940 2031 lite
1960 1974 2167 2030 dissen-

598 2080 770 2138 serint
819 2075 1027 2150 (Add.),
1061 2091 1092 2129 a
1136 2070 1508 2129 sacerdotibus
1537 2074 1847 2138 arguantur.
1898 2063 2056 2135 (Add.
2117 2072 2166 2119 et

598 2169 735 2244 var.)
782 2169 849 2224 Et
895 2168 942 2223 si
987 2165 1277 2223 emendare
1323 2160 1610 2217 noluerint.
1640 2158 2019 2213 communione
2050 2156 2164 2227 pel-

596 2262 790 2319 lantur.
1022 2258 1023 2261 “

894 2348 1077 2404 Canon
1102 2343 1544 2417 Carlhaginensis,
1568 2358 1675 2396 αντα
1712 2339 1779 2395 79
1804 2350 1849 2392 ε.

664 2443 865 2499 Eorum
891 2442 1050 2507 dona,
1081 2439 1172 2511 qui
1214 2449 1477 2509 pauperes
1503 2432 1829 2505 opprimunt,
1861 2444 1890 2484 a
1918 2423 2168 2485 sacerdo-

597 2535 739 2592 tibus
757 2532 1059 2590 rei'utanda.
1676 2576 1679 2581 .

1173 2617 1399 2676 CAPUT
1426 2616 1581 2673 LVII.

1182 2726 1249 2767 DE
1286 2722 1577 2766 EXPOSI‘I'IS.

910 2805 1092 2862 Canon
1121 2801 1528 2864 Aurelianensis,
1569 2812 1677 2854 trra
1703 2795 1765 2852 3i
1800 2795 1845 2849 ἲ.

670 2900 727 2955 Si
780 2897 1056 2968 expositus
1107 2902 1233 2949 ante
1262 2892 1547 2948 ecclesiam
1594 2888 1959 2958 cujuscunque
2004 2884 2169 2941 fuerit

597 2989 942 3046 miseratione
954 2986 1230 3049 collectus,
1254 2981 1658 3038 contestationis
1676 2987 1843 3050 ponat
1860 2975 2163 3048 epistolam.

598 3083 665 3138 Et
692 3083 735 3136 si
766 3082 813 3137 is
840 3082 931 3150 qui
956 3079 1211 3135 collectus
1236 3084 1337 3142 est,
1388 3076 1530 3129 intra
1559 3074 1744 3128 decem
1773 3063 1887 3126 dies
1911 3067 2169 3139 quaesitus
2196 3098 2243 3164 Ο

598 3172 918 3243 agnitusque
947 3185 1051 3225 non
1075 3169 1254 3232 fuerit,
1298 3181 1519 3222 securus
1548 3163 1747 3219 habeat
1792 3161 1885 3232 qui
1930 3160 2164 3229 collegit.

602 3266 628 3304 ε
649 3262 708 3317 Si
736 3278 862 3317 vero
884 3269 1007 3332 post
1030 3258 1346 3330 praedictum
1370 3265 1579 3324 tempus
1599 3251 1793 3323 aliquis
1813 3249 2171 3307 calumniator

599 3354 884 3420 exstiterit,
910 3361 971 3407 ut
988 3350 1257 3407 homicida
1279 3347 1567 3416 judicetur.

1158 3457 1382 3514 CAPUT
1419 3455 1595 3512 LVIII.

1203 3586 1269 3625 ne
1298 3583 1562 3643 unsurts.

987 3682 1169 3738 Conon
1208 3679 1507 3741 Toletanus,
1532 3693 1641 3731 tera
1670 3674 1701 3729 7
1730 3678 1780 3730 h.

667 3774 891 3839 Liberti,
916 3773 1009 3843 qui
1026 3788 1091 3827 ex
1121 3769 1401 3839 mancipiis
1428 3767 1667 3822 ecclesiae
1703 3768 1771 3821 ab
1799 3766 2050 3837 episc0po
2093 3763 2173 3818 fa-

601 3868 672 3922 cti
698 3874 842 3931 sunt,
876 3862 1033 3938 (Add.
1070 3872 1117 3915 et
1161 3858 1294 3927 var.)
1335 3860 1389 3913 in
1415 3859 1660 3913 libertate
1685 3864 2070 3927 permaneant;
2118 3862 2172 3909 et

601 3966 780 4011 tamen
807 3970 837 4009 a
862 3951 1160 4026 patrocinio
1189 3949 1442 4005 Ecclesiae
1466 3948 1602 4019 [tam
1645 3947 1768 4016 ipsi,
1809 3961 1971 4016 quam
1998 3945 2065 3998 ab
2094 3945 2173 3998 eis

601 4047 885 4121 progeniti]
917 4062 1022 4101 non
1042 4045 1313 4100 recedant.
1341 4043 1424 4098 Ab
1451 4041 1571 4097 aliis
1591 4056 1805 4112 quoque
1830 4040 2008 4095 liberti
2058 4048 2170 4093 tra—

601 4142 698 4199 diti
737 4140 1003 4204 ecclesiis,
1025 4138 1108 4193 vel
1137 4133 1521 4200 commendati,
1563 4131 1861 4203 patrocinio
1886 4130 2173 4202 episcopali

601 4240 856 4304 regantur
880 4228 1084 4301 (Adet).

778 4322 961 4378 Conon
1007 4319 1404 4391 Agatltenensis,
1445 4332 1552 4372 mra
1585 4315 1652 4370 ‘27
1681 4313 1834 4387 [Can.
1881 4312 1993 4385 29].

669 4414 918 4471 Libertos
956 4409 1193 4483 legitime
1242 4409 1413 4464 factos
1457 4407 1547 4505 [Si
1587 4406 1882 4505 necessitas
1912 4402 2170 4505 exegerit]
2203 4446 2253 4505 θ

600 4505 841 4564 Ecclesia
889 4510 1122 4557 tueatur.
1155 4501 1309 4568 Quod
1359 4496 1550 4571 [Quos]
1580 4497 1624 4551 si
1650 4490 1770 4566 quis
1799 4502 1923 4549 ante
1952 4494 2174 4549 audien-

600 4599 734 4654 tiam
776 4610 870 4652 eos
899 4593 1036 4666 [aut]
1064 4591 1385 4663 pervadere,
1416 4596 1510 4643 aut
1561 4585 1863 4655 exspoliare
1914 4599 2175 4653 praesum-

599 4689 786 4764 pserit,
817 4687 885 4743 ab
905 4684 1133 4742 ecclesia
1158 4681 1474 4752 repellatur.

959 4774 1141 4830 Canon
1164 4771 1556 4832 Aurasicorum,
1582 4780 1689 4820 tera
1713 4765 1746 4820 6
1773 4768 1815 4820 ί.

670 4871 733 4927 In
761 4868 986 4926 ecclesia
1009 4864 1386 4927 manumissos,
1431 4860 1516 4915 vel
1557 4874 1653 4930 per
1681 4863 2063 4914 testamentum
2088 4872 2177 4913 ec-

606 4962 785 5019 clesiae
812 4957 1233 5019 commendatos,
1266 4955 1310 5008 si
1337 4954 1458 5022 quis
1501 4953 1554 5006 in
1584 4951 1896 5005 servitutem
1918 4951 2001 5008 vel
2024 4952 2179 5005 obse-

608 5054 815 5122 quium,
862 5049 948 5104 vel
994 5048 1062 5102 ad
1094 5045 1423 5101 colonariam
1467 5041 1825 5097 conditionem
1870 5041 2178 5112 imprimere

608 5139 915 5204 tentaverit,
944 5134 1407 5191 animadversione
1450 5131 1815 5188 ecclesiastica
1842 5140 2175 5188 coerceatur.

683 5325 710 5354 ι
740 5311 817 5367 Id.
844 5308 898 5365 in
927 5309 1046 5366 cod.
1075 5307 1234 5361 Barb.
1260 5306 1420 5361 Cone.
1450 5320 1503 5360 ιγ
1526 5304 1709 5360 Carth.
1742 5320 1790 5358 c.
1818 5304 1906 5358 25.

680 5383 712 5426 ιι
738 5381 816 5437 Id.
842 5380 896 5435 in
928 5381 1047 5437 cod.
1076 5379 1233 5433 Barb.
1260 5377 1423 5432 Cone.
1454 5375 1707 5444 Carthag.
1732 5390 1783 5429 c.
1806 5375 1894 5430 59.

683 5465 707 5495 ε
731 5453 788 5509 Id
817 5453 872 5506 in
900 5452 1017 5507 cod.
1058 5449 1218 5503 Barb.
1259 5448 1346 5502 69.
1372 5445 1576 5502 Concil.
1606 5440 1859 5514 Carthag.
1889 5459 1938 5498 c.
1960 5440 2049 5499 99.

680 5525 707 5567 δ
736 5523 898 5581 Conc.
926 5520 1071 5576 Arei.
1104 5536 1166 5579 ιι.
1187 5535 1236 5572 c.
1268 5517 1357 5571 50.

686 5609 709 5637 ε
738 5595 796 5649 In
820 5593 941 5649 cod.
966 5591 1126 5645 Bard.
1160 5590 1231 5643 id.
1270 5586 1432 5643 Cone.
1466 5603 1537 5641 tv.
1581 5586 1765 5641 Cartli.
1799 5604 1845 5641 ρ.
1878 5584 1965 5642 9i.

690 5667 708 5705 ί
739 5665 900 5720 Cone.
926 5661 1072 5716 Arei.
1097 5674 1158 5724 Ii,
1187 5675 1237 5713 c.
1260 5658 1371 5727 5i.
1884 5670 1887 5673 π

690 5738 715 5776 ⁸
741 5736 861 5791 V'id.
893 5748 1045 5788 conc.
1078 5731 1312 5785 \‘asense
1341 5746 1378 5796 ι,
1403 5746 1450 5782 c.
1486 5729 1571 5782 l0.

2555 1681 2737 1737 Conon
2756 1682 3147 1737 Aurelianensis
3174 1699 3240 1747 ιι,
3274 1682 3288 1732 i
3337 1696 3447 1737 arra
3466 1683 3560 1737 52.

2193 1759 2243 1822 Β
2336 1774 2559 1831 Cineres
2589 1772 2745 1845 (Var.
2790 1781 2837 1827 et
2861 1773 3012 1844 add.)
3038 1787 3168 1828 vero
3193 1772 3358 1837 servi,
3383 1787 3482 1827 seu
3511 1780 3570 1828 et
3616 1774 3825 1842 posteri.

2263 1871 2349 1920 tas
2378 1880 2567 1920 eorum
2594 1864 2650 1917 in
2674 1863 2815 1923 loco.
2844 1862 2901 1917 in
2925 1878 3033 1933 quo
3061 1872 3250 1918 auctor
3275 1878 3466 1918 eorum
3490 1864 3519 1904 ι
3543 1864 3822 1933 depositas,

2267 1956 2321 2011 in
2346 1971 2412 2011 ea
2443 1971 2564 2025 qute
2592 1954 2885 2010 constituta
2909 1963 2994 2010 est
3037 1970 3069 2009 a
3095 1954 3364 2011 defunctis
3390 1957 3572 2013 studio
3594 1959 3827 2014 sacerdo-

2265 2049 2338 2103 tis
2366 2048 2673 2103 conditione
2697 2055 3069 2116 permaneant.
3095 2047 3190 2102 Ille
3223 2047 3343 2119 [Cui
3368 2056 3633 2119 pracepto
3651 2051 3694 2105 si
3710 2052 3821 2120 quis

2265 2135 2602 2192 szecularium
2630 2137 2880 2190 humanae
2915 2135 3223 2204 cupiditatis
3270 2136 3523 2208 impulsu]
3573 2152 3692 2191 vero
3725 2138 3811 2207 qui

2264 2225 2370 2282 hoc
2401 2227 2687 2282 crediderit
2740 2228 3085 2292 obviandum,
3134 2225 3318 2298 (γαν.)
3362 2244 3527 2297 usque
3551 2228 3614 2282 ad
3636 2243 3806 2283 veram

2265 2317 2691 2373 emendationem
2718 2318 2787 2373 ab
2815 2317 3040 2372 ecclesia
3073 2317 3450 2388 suspendatur.

2562 2404 2746 2459 Conon
2772 2406 3162 2461 Aurelianensis
3190 2422 3243 2461 tv
3262 2448 3276 2472 ,
3309 2424 3419 2461 (era
3439 2406 3474 2461 6
3500 2406 3542 2461 Ι.

2338 2486 2657 2568 Quicunque
2684 2498 2862 2553 liberti
2893 2497 3021 2552 facti
3066 2507 3209 2563 sunt,
3252 2497 3410 2571 (Var.
3445 2508 3492 2552 et
3522 2496 3667 2568 add.)
3713 2497 3754 2552 si
3792 2514 3820 2552 ει

2176 2608 2179 2613 ’
2269 2604 2589 2660 quocunque
2634 2589 2831 2660 pulsati
2860 2588 3079 2655 fuerint,
3128 2591 3196 2644 ab
3220 2583 3449 2644 ecclesia
3494 2589 3824 2644 defendamur

2266 2688 2461 2750 praeter
2487 2695 2579 2734 eas
2626 2679 2832 2750 culpas,
2865 2680 3059 2750 quibus
3088 2681 3233 2751 leges
3261 2680 3517 2736 collatam
3545 2680 3711 2737 servis
3748 2696 3823 2736 re-

2268 2787 2461 2827 vocare
2486 2771 2763 2843 jusserunt
2790 2772 3109 2827 libertatem.

2618 2857 2800 2914 Canon
2828 2860 3145 2915 Arelatensis
3163 2871 3228 2927 ιιι,
3260 2876 3368 2915 trra
3393 2861 3485 2916 54.

2340 2949 2398 3006 Si
2427 2951 2549 3023 quis
2570 2951 2622 3007 in
2653 2952 2880 3007 ecclesia
2907 2951 3296 3006 manumissum
3329 2949 3620 3005 crediderit
3664 2946 3825 3020 ingra-

2270 3047 2492 3103 ticulum
2546 3045 2777 3117 [ingrati
2839 3043 3027 3116 titulo]
3073 3043 3471 3107 revocandum,
3528 3059 3634 3098 non
3687 3041 3826 3096 aliter

2271 3140 2447 3204 liccat,
2480 3139 2585 3194 nisi
2634 3153 2755 3194 eum
2797 3134 2961 3208 gestis
2989 3135 3129 3207 apud
3169 3144 3290 3190 acta
3323 3135 3653 3206 municipum
3692 3149 3826 3189 reum

2333 3247 2408 3287 se.

2333 3248 2408 3287 se.

2270 3248 2329 3288 es
2646 3298 2829 3355 Conon
2860 3298 3245 3371 Lugdunensis,
3276 3314 3385 3353 arra
3415 3297 3468 3351 7.

2342 3399 2658 3468 Quicunque
2685 3404 2873 3453 contra
2908 3392 3133 3451 libertos
3161 3393 3416 3449 Ecclesice
3445 3392 3823 3448 connueodatos

2271 3492 2535 3546 actionem
2562 3488 2746 3555 habet,
2770 3502 2875 3543 non
2905 3488 3099 3542 audeat
3126 3481 3461 3557 magistratui
3496 3500 3593 3540 eos
3617 3486 3828 3549 tradere,

2272 3581 2366 3635 sed
2386 3580 2441 3633 in
2462 3579 2697 3650 episcopi
2713 3577 2939 3647 judicio,
2960 3592 3079 3647 qua:
3105 3583 3231 3631 sunt
3255 3575 3508 3631 veritatis
3527 3577 3825 3630 audiantur:

2271 3671 2397 3739 quia
2416 3668 2623 3739 justum
2648 3676 2749 3733 est,
2774 3675 2834 3722 ut
2881 3674 3068 3723 contra
3098 3662 3553 3722 calumniatorum
3579 3665 3827 3722 versutias

2272 3759 2649 3825 defendamur,
2697 3760 2789 3829 qui
2839 3756 3159 3813 immortalis
3202 3755 3448 3812 ecclesiae
3494 3754 3829 3826 patrocinium

2272 3848 2659 3918 concupiscunt
2687 3866 2700 3901 :
2732 3858 2788 3903 et
2814 3849 2905 3918 qui
2935 3850 3059 3913 hoc,
3106 3848 3250 3918 quod
3292 3862 3322 3902 a
3367 3846 3531 3901 nobis
3577 3846 3841 3902 decretum

2272 3947 2377 4005 est,
2407 3938 2760 4009 prazvaricare
2788 3939 3096 4002 tentarerit,
3127 3936 3466 4013 irreparabili
3492 3934 3829 3991 damnationis

2276 4047 2388 4086 suae
2410 4029 2678 4086 sententia
2699 4027 2942 4083 feriatur.

2515 4138 2581 4177 DE
2604 4134 2689 4176 IIIS
2717 4136 2803 4184 QUI
2836 4137 2903 4175 AD
2931 4135 3219 4175 εοειιζδιυι
3249 4135 3611 4175 εοιίπεςιυκτ.

2611 4211 2791 4268 Canon
2819 4212 3212 4267 Aurelianensis
3240 4222 3291 4278 υ,
3321 4229 3431 4266 (τι-(ι
3463 4212 3515 4265 I.

2345 4302 2659 4371 Homicida,
2692 4304 2941 4369 adulteri,
2963 4303 3129 4369 fures,
3157 4304 3202 4358 si
3241 4302 3307 4358 ad
3329 4297 3620 4359 ecclesiam
3668 4298 3832 4359 confo-

2276 4396 2476 4465 gerint,
2500 4392 2683 4467 (Van)
2701 4391 2854 4460 juxta
2880 4393 3091 4462 priores
3118 4406 3354 4446 canones
3374 4392 3596 4460 etquod
3622 4391 3706 4447 lex
3741 4390 3833 4442 lio-

2276 4500 2434 4541 mana
2486 4483 2768 4539 constituit
2804 4482 3161 4544 observetur,
3193 4484 3253 4535 ut
3295 4478 3365 4535 ab
3408 4481 3658 4536 ecclesia:
3701 4479 3833 4534 atriis

2276 4576 2359 4632 vel
2399 4577 2559 4631 domo
2594 4573 2826 4645 episcopi
2874 4588 2979 4627 non
3011 4573 3331 4636 trahantur;
3369 4571 3464 4626 sed
3494 4571 3550 4625 in
3579 4568 3831 4642 evangelia

2278 4666 2401 4739 [nec
2438 4664 2592 4718 aliter
2617 4663 2942 4733 consignari,
2988 4663 3092 4717 nisi
3124 4662 3192 4716 ad
3239 4660 3541 4733 evangelia]
3574 4662 3712 4717 datis
3757 4676 3834 4716 sa-

2275 4752 2588 4816 cramentis,
2631 4751 2695 4806 de
2731 4760 2923 4815 morte,
2954 4750 3021 4805 de
3068 4748 3342 4805 debilitate
3385 4749 3536 4805 etde
3566 4751 3708 4806 omni
3732 4763 3833 4820 par.

2277 4858 2468 4898 narum
2508 4858 2703 4914 genere
2755 4843 2862 4896 sint
2905 4843 3081 4897 securi
3120 4862 3132 4895 :
3166 4843 3238 4896 ita
3291 4850 3351 4895 ut
3395 4842 3481 4895 cui
3526 4859 3652 4898 reus
3691 4837 3832 4896 fuerit

2277 4935 2642 4999 criminosus,
2693 4934 2759 4988 de
2811 4933 3179 4989 satisfactione
3232 4933 3536 4988 conveniat.
3607 4932 3748 5000 Quod
3793 4931 3832 4983 si

2276 5034 2617 5082 sacramenta
2643 5040 2739 5079 sua
2765 5025 2887 5093 quis
2906 5024 3189 5079 violaverit
3218 5022 3361 5095 [quis
3390 5023 3668 5078 convictus
3690 5020 3833 5075 fuerit

2278 5116 2680 5189 violasse,jreus
2700 5115 2972 5189 periurii],
3003 5115 3163 5188 (Add.
3199 5125 3247 5171 et
3280 5114 3419 5187 var.)
3442 5114 3512 5171 ab
3541 5114 3679 5171 omni
3699 5111 3835 5168 Chri-

2353 5302 2379 5341 ιι
2405 5298 2569 5353 Conc.
2599 5298 2882 5371 Toleni“,
2906 5312 2954 5353 c.
2980 5296 3032 5371 6.

2359 5372 2373 5411 ί
2401 5372 2566 5424 Cone.
2601 5367 2845 5423 Arausie'.
2880 5372 2917 5432 i,
2949 5382 2998 5422 c.
3024 5367 3074 5421 7.

2356 5437 2369 5489 ἱ
2418 5439 2582 5494 Cone.
2612 5438 2793 5493 Aurel.
2820 5454 2892 5492 iV.

2356 5510 2381 5549 ¹ι
2406 5509 2532 5564 Var.
2566 5509 2684 5565 Vid.
2717 5516 2830 5563 not.
2861 5509 2963 5563 vir.
3004 5508 3073 5563 cI.
3101 5507 3149 5565 J.
3185 5507 3348 5565 Sirm.

2360 5578 2379 5619 ι
2407 5579 2572 5636 Conc.
2599 5579 2782 5634 Aurel.
2810 5595 2865 5639 v.
2894 5595 2942 5633 c.
2971 5577 3022 5634 '7.

2355 5663 2395 5689 ω
2415 5648 2580 5705 Cone.
2604 5649 2747 5703 Arei.
2774 5664 2833 5701 ιι.

2354 5732 2382 5759 ιι
2406 5717 2551 5776 Cone
2577 5719 2757 5774 Aurel.
2798 5735 2833 5779 ι.
