4020 6360
167 324 311 386 1065

1019 305 1336 366 CANONES
1374 297 1658 360 SELECTI
1698 293 1793 350 EX
1834 291 1989 348 VET.
2032 287 2189 347 CAN.
2230 285 2564 344 COLLECT.

3267 275 3407 334 1066

167 442 472 500 stianorum
503 432 749 490 convivio
775 441 830 486 et
855 426 1229 484 communione
1261 429 1557 493 separetur.
1591 409 1744 483 Quod
1770 414 1816 471 Α
1845 421 1966 461 cum
1993 420 2054 458 ea
2081 419 2200 474 qua:
2228 402 2481 488 Apostolo
2505 402 2845 473 permittente
2873 413 2973 452 nos
2999 395 3292 462 sumimus.
3340 393 3412 451 ab

167 532 216 587 si
260 544 385 584 reus
413 530 478 582 de
505 523 728 581 ecclesia
759 511 954 590 fugerit
976 559 991 576 .
1032 518 1100 571 ab
1128 509 1370 570 ecclesiae
1396 509 1607 566 clericis
1633 521 1740 560 non

167 628 464 694 quaeratur.

821 703 1015 759 Αἶναὸ
1045 715 1091 754 ιι.

241 808 303 865 Si
340 821 470 861 vero
494 819 591 876 pro
621 815 777 857 servo
820 800 1156 853 sacramento
1185 780 1363 862 (Μιειι.
1399 786 1534 858 var.)
1565 801 1595 840 a
1638 785 1745 840 Do-

166 900 320 956 mino
347 899 472 952 dato
497 894 564 948 de
591 891 928 960 impunitate,
968 885 1118 942 exire
1144 880 1394 936 noluerit.
1419 878 1578 932 liceat
1619 889 1742 930 eum

165 1004 197 1042 a
228 987 461 1042 Domino
485 972 754 1050 occupari.

557 1071 738 1128 Canon
767 1070 1116 1140 Epauneusis,
1138 1083 1243 1122 arra
1267 1064 1355 1121 '59.

241 1171 300 1226 Si
331 1184 520 1224 servus
551 1174 701 1220 reatu
749 1161 966 1216 atrocia:
1003 1156 1312 1232 [atrociore]
1350 1152 1630 1224 culpabilis
1679 1152 1746 1206 ad

165 1262 462 1320 ecclesiam
491 1256 810 1326 confugerit,
856 1270 886 1307 a
910 1251 1280 1321 corporalibus
1309 1256 1516 1302 tantum
1547 1244 1747 1315 suppli-

165 1357 272 1409 ciis
326 1359 632 1408 excusatur.
684 1347 760 1401 De
806 1344 1012 1414 capillis
1041 1343 1068 1381 ιι
1098 1357 1249 1405 vero,
1301 1339 1381 1392 vel
1427 1349 1748 1407 quocunque

165 1461 337 1520 opere
357 1461 387 1499 a
418 1443 632 1498 domino
658 1438 857 1508 placuit
887 1436 1254 1505 juramentum
1291 1448 1394 1486 non
1424 1431 1583 1492 exigi.

493 1530 675 1586 Canon
707 1527 1120 1590 Aurelianensis,
1148 1541 1255 1578 tera
1281 1523 1351 1579 59
1383 1534 1428 1576 ο.

243 1626 352 1680 Eos
379 1623 470 1693 qui
492 1621 558 1675 ad
588 1619 872 1675 ecclesiam
899 1615 1258 1686 confugerint,
1288 1614 1430 1668 tradi
1461 1628 1564 1666 non
1591 1626 1752 1680 opor-

166 1726 288 1772 tere
319 1736 331 1769 :
370 1714 466 1770 sed
493 1714 595 1768 loci
627 1711 809 1784 (Var.)
842 1707 1140 1764 reverentia
1166 1715 1221 1760 et
1251 1705 1632 1760 intercessione
1656 1705 1749 1758 de-

166 1809 339 1865 fendi.
368 1805 395 1847 ά
426 1807 483 1861 Si
509 1806 630 1876 quis
658 1814 837 1858 autem
865 1799 1126 1869 mancipia
1160 1798 1480 1852 clericorum
1507 1810 1605 1864 pro
1635 1796 1747 1850 suis

166 1898 459 1967 mancipiis
486 1897 551 1951 ad
577 1895 858 1950 ecclesiam
889 1889 1318 1959 confugientibus
1344 1886 1637 1942 crediderit
1657 1901 1748 1940 oc-

166 1989 440 2059 cupanda,
473 1986 592 2058 [per
619 2000 807 2040 omnes
839 1981 1118 2053 ecclesias]
1166 1978 1564 2036 districtissima
1593 1976 1746 2030 dam-

169 2085 393 2140 natione
417 2081 660 2138 feriatur.

758 2162 986 2226 CAPUT
1026 2164 1158 2222 LIX.

813 2279 876 2316 DE
906 2277 1120 2316 JUDJEIS.

529 2366 710 2429 Canan
731 2371 1094 2435 Laodicensis,
1129 2386 1238 2425 σενα
1272 2369 1340 2423 59
1368 2379 1412 2423 ο.

248 2482 271 2525 ἲ
317 2486 386 2541 lli
425 2486 516 2555 qui
557 2484 851 2540 Christiani
881 2483 1009 2538 facti
1034 2491 1159 2538 sunt
1186 2498 1252 2537 ex
1278 2481 1499 2545 Iudaeis,
1532 2496 1578 2535 st
1606 2489 1754 2552 post-

173 2579 394 2634 modum
429 2580 628 2633 inventi
656 2588 785 2634 sunt
800 2578 1100 2648 judaizare,
1127 2578 1212 2633 vel
1239 2579 1600 2643 sabbatizare,
1629 2593 1732 2633 ana

177 2664 356 2727 thema
387 2673 500 2726 sint
526 2688 556 2725 a
578 2671 814 2726 Christo.

549 2759 731 2815 Canon
761 2759 1087 2825 Mutinensis,
1112 2777 1218 2813 mra
1249 2759 1315 2813 16
1345 2762 1388 2813 8.

248 2852 331 2907 Ne
357 2851 522 2907 Judan
544 2851 864 2906 Christianis
894 2850 1147 2922 [pepulis]
1171 2849 1382 2917 jndiees
1410 2849 1754 2919 deputentur,

185 2950 281 2998 aut
302 2943 572 3007 telonarii;
597 2943 755 3014 (Add.
778 2953 823 2996 et
849 2943 982 3012 var.)
1007 2958 1072 2997 ne
1094 2943 1404 3006 Christiani,
1428 2943 1570 3012 quod
1593 2943 1753 3008 absit,

180 3037 261 3091 eis
291 3036 572 3090 videantur
597 3050 718 3090 esse
746 3033 992 3102 subjecti.

846 3123 1084 3178 Era15.

245 3217 438 3272 Nullus
462 3216 804 3272 Christianus
832 3213 1138 3270 Judaaorum
1177 3216 1438 3270 conviviis
1466 3212 1755 3286 participet

177 3311 528 3383 [participare
553 3306 884 3379 praesumat].
917 3307 1069 3376 Quod
1095 3307 1250 3378 (Var.
1283 3316 1331 3360 et
1358 3306 1509 3378 add.)
1537 3307 1582 3360 si
1611 3307 1758 3360 fece-

174 3402 268 3466 rit,
300 3401 368 3454 ab
393 3399 541 3454 omni
569 3396 998 3453 Christianorum
1047 3397 1320 3452 consortio
1365 3405 1647 3465 separetur
1675 3395 1762 3468 [se

175 3491 393 3546 noverit
427 3489 923 3561 compescendum],
975 3489 1221 3559 quisquis
1268 3503 1457 3543 eorum
1515 3488 1762 3557 impieta-

176 3581 331 3639 tibus
359 3583 526 3640 fuerit
555 3584 886 3652 inquinatus.

842 3693 981 3748 Αἶγα
1022 3691 1106 3749 16.

253 3785 444 3840 Nullus
483 3786 822 3842 Christianus
849 3785 1035 3841 Judzeo
1078 3785 1357 3856 (Qumda‘m
1389 3782 1639 3858 prm'ed.)
1670 3787 1765 3841 de-

177 3877 411 3941 serviat,
439 3878 536 3933 sed
564 3877 703 3932 datis
726 3894 822 3948 pro
849 3878 1089 3947 quolibet
1116 3877 1255 3930 bono
1279 3875 1546 3946 mancipio
1575 3875 1641 3930 12
1670 3869 1761 3931 so?

174 3969 347 4031 lidis,
384 3970 691 4039 quicunque
726 3963 956 4023 voluerit
982 3966 1324 4021 Christianus
1360 3966 1541 4040 (ναν.)
1590 3968 1764 4038 ipsum

174 4059 461 4113 licentiam
507 4052 705 4112 habeat
733 4055 1028 4112 redimendi
1055 4096 1069 4121 ,
1112 4055 1226 4111 sive
1256 4054 1322 4110 ad
1353 4051 1764 4125 ingenuitatem,

175 4163 284 4202 seu
313 4149 380 4202 ad
420 4148 699 4202 servitium
733 4166 745 4200 :
779 4147 906 4218 quia
941 4144 1094 4201 nefas
1121 4154 1226 4210 est,
1257 4153 1317 4200 ut
1356 4162 1492 4216 quos
1519 4146 1766 4202 Christus

174 4255 288 4296 suo
338 4241 594 4311 sanguine
648 4239 965 4312 [sanguinis
1009 4240 1092 4293 sui
1143 4238 1440 4312 effusione]
1497 4239 1763 4304 redemit,

173 4345 594 4409 persecuturum
625 4334 855 4389 vinculis
887 4341 1173 4388 teneantur
1215 4332 1515 4406 [maneant]
1549 4334 1762 4388 irretiti.

174 4426 345 4494 Quod
386 4427 434 4480 si
479 4427 604 4482 huic
653 4427 998 4494 acquiescere
1045 4423 1261 4479 Jndzeus
1307 4425 1556 4487 noluerit,
1608 4425 1768 4479 liceat

177 4520 522 4589 mancipium
553 4519 724 4589 ipsum
754 4518 820 4572 ad
850 4515 1188 4572 Christianos
1215 4517 1434 4580 reverti,
1465 4525 1518 4570 et
1549 4516 1768 4571 ubicun-

178 4627 295 4684 que
325 4611 556 4666 voluerit
591 4610 838 4666 habitare
867 4609 918 4663 ιλ.

575 4722 756 4777 Canon
793 4722 1121 4792 Agathensis,
1163 4737 1270 4776 wra
1305 4719 1395 4775 40.

257 4834 465 4891 Omnes
507 4833 760 4902 deinceps
789 4831 1082 4887 Christiani
1114 4830 1318 4903 [clerici
1363 4831 1476 4885 sive
1502 4829 1649 4903 laici]
1678 4823 1775 4885 Ju-

181 4927 434 4982 daeorum
472 4924 714 4978 convivia
743 4923 965 4986 evitent,
997 4923 1122 4992 quia
1151 4935 1272 4976 cum
1300 4920 1440 4991 (Var
1465 4919 1483 4990 )
1514 4920 1587 4975 illi
1617 4920 1773 4976 Chri-

182 5016 386 5074 stianis
428 5016 563 5072 cibis
607 5013 1025 5087 [communibus]
1071 5027 1176 5067 non
1227 5020 1468 5074 utantur,
1497 5011 1774 5081 indignum

183 5119 275 5165 est
295 5115 462 5176 atque
485 5106 805 5176 sacrilegum
824 5119 1010 5160 eorum
1037 5104 1186 5158 cibos
1207 5119 1237 5157 a
1257 5102 1576 5158 Christianis
1601 5101 1773 5166 suml;

261 5281 289 5308 ⁸
323 5265 488 5322 Cone.
520 5264 703 5320 Aurel.
731 5277 771 5320 ι.

189 5349 193 5354 ’
263 5339 295 5377 ιν
337 5336 472 5390 Vide
496 5344 610 5390 not.
643 5350 695 5388 v.
720 5334 787 5390 el.
811 5333 997 5389 Jacobi
1027 5325 1320 5387 Sirmondl'.

267 5418 292 5446 ε
341 5406 458 5462 Vid.
509 5421 664 5462 conc.
697 5404 942 5460 Arausic.
972 5421 1011 5468 ι,
1055 5419 1102 5458 c.
1153 5403 1220 5456 5:
1274 5416 1426 5456 conc.
1469 5394 1672 5454 Arelat.
1713 5409 1774 5462 ιι,

187 5497 241 5536 τ’
264 5478 440 5603 ἒοὴἰο
470 5547 675 5617 incipit.
709 5561 758 5600 c.
777 5543 809 5600 ϐ
829 5545 960 5617 in_c.
991 5541 1184 5598 Araus.
1215 5549 1269 5598 et
1299 5557 1348 5598 c.
1382 5539 1452 5598 52
1477 5539 1532 5596 in
1551 5553 1598 5595 c.
1627 5538 1775 5594 Arci.

271 5631 297 5658 ο
339 5617 504 5674 Cone.
537 5615 782 5679 Laodic,
807 5632 855 5669 e.
877 5615 967 5670 ‘29.

275 5688 297 5730 ί
340 5687 673 5758 lnterp.wnec
703 5685 920 5754 Dionys.
953 5699 1052 5739 nec
1080 5681 1205 5758 Isid.

274 5761 303 5801 ⁵
344 5754 510 5813 Cone:
539 5757 918 5811 Matisconens.
947 5771 988 5820 ι,
1015 5769 1063 5808 c.
1099 5754 1183 5806 13.

514 5852 784 5910 Ριτιιοι..
834 5847 1059 5910 XCIX.

1780 3112 1829 3176 C

1844 493 1949 549 illis
1967 483 2520 565 judicentur'iudigna
2553 489 2895 565 [immunda].

2496 585 2570 638 ΛΞ
2579 603 2635 638 ra
2670 583 2757 637 5-1.

1911 671 2080 732 Judaei
2128 675 2380 748 [quorum
2424 674 2650 745 perfidia
2695 674 3007 743 frequenter
3044 670 3111 726 ad
3149 671 3411 726 vomitum

1843 767 2006 840 redit]
2050 769 2098 823 si
2126 769 2195 822 ad
2228 767 2398 838 legem
2427 766 2744 820 catholicam
2770 766 2954 820 venire
2982 763 3268 840 voluerint,
3291 777 3418 832 scp-

1844 868 1952 914 tem
1985 859 2150 932 [octo]
2178 858 2450 914 mensibus
2475 859 2612 914 inter
2637 859 3055 914 catechumenos
3081 854 3151 926 (ν
3156 854 3262 927 ar.)
3286 855 3413 909 sint.

1843 953 1913 1008 Et
1943 953 1987 1006 si
2015 968 2200 1024 puram
2241 951 2400 1006 fidem
2427 951 2669 1006 confiteri
2716 957 3032 1012 noscuntur,
3079 945 3418 1016 baptismatis

1846 1045 2074 1117 gratiam
2108 1051 2432 1098 mereantur.
2475 1042 2629 1109 Quod
2663 1042 2708 1096 si
2737 1040 3094 1112 periculosam
3126 1035 3418 1092 infirmita~

1846 1146 1955 1192 tem
2003 1137 2146 1190 intra
2197 1135 2572 1205 praescriptum
2608 1143 2819 1203 tempus
2861 1131 3211 1195 incurrerint,
3240 1128 3420 1196 bapti-

1848 1235 2059 1282 zentur.

2191 1314 2374 1370 Canon
2403 1315 2812 1378 Aurelianensis,
2839 1330 2946 1367 a’ra
2975 1312 3063 1363 50.

1918 1405 2086 1460 Judaei
2114 1422 2142 1458 a
2173 1406 2340 1461 Coena
2370 1406 2423 1478 [a
2451 1406 2538 1461 die
2565 1405 2769 1477 C(enae]
2801 1390 3012 1458 Domini
3039 1417 3207 1472 usque
3238 1400 3304 1454 ad
3334 1415 3422 1453 se-

1855 1498 2078 1553 cundam
2117 1497 2324 1551 sabbati
2351 1498 2404 1550 in
2435 1497 2640 1551 Pascha
2671 1495 2798 1566 [hoc
2822 1501 2904 1549 est
2945 1493 3060 1563 ipso
3088 1488 3424 1561 quatriduo],

1848 1589 2145 1658 procedere
2174 1590 2313 1642 inter
2359 1587 2696 1643 Christianos
2740 1603 2845 1641 non
2891 1586 3144 1647 audeant,
3175 1581 3332 1652 (Var.
3380 1591 3428 1634 et

1853 1678 2003 1750 add.)
2054 1694 2152 1733 nec
2183 1679 2542 1747 qualicunque
2571 1677 2856 1732 occasione
2882 1675 3132 1729 faciente.

2213 1769 2393 1825 Canon
2424 1769 2744 1832 Maticensis,
2777 1786 2883 1823 rem
2918 1767 2982 1821 14
3016 1769 3058 1819 ἱ.

1918 1851 2087 1916 Judaei
2116 1877 2146 1915 a
2177 1859 2343 1916 Canta
2376 1859 2589 1914 Domini
2609 1870 2780 1928 usque
2808 1858 2877 1913 ad
2904 1856 3194 1912 secundam
3219 1853 3428 1908 sabbati

1850 1953 1904 2006 in
1932 1951 2139 2006 Pascha
2187 1950 2441 2023 [primum
2482 1948 2735 2020 Pascha],
2770 1947 2952 2019 (Add.)
2991 1961 3087 2016 per
3125 1945 3350 2015 plateas,
3378 1950 3434 1997 et

1849 2041 1999 2097 foros
2037 2041 2412 2097 deambulandi
2443 2039 2657 2094 licentia
2699 2039 3033 2107 denegetur:
3077 2044 3133 2089 et
3173 2041 3231 2087 ut
3280 2046 3450 2086 reve--

1850 2134 2082 2188 rentiam
2125 2132 2333 2187 cunctis
2381 2129 2778 2202 [sacerdotibus
2811 2127 3042 2191 Domini,
3075 2123 3183 2196 vel]
3223 2120 3435 2178 clericis

1851 2222 2178 2292 impendant.
2213 2221 2374 2291 (Add.
2404 2231 2450 2274 et
2479 2219 2613 2290 var.)
2644 2219 2739 2273 Sin
2787 2218 2952 2282 aliud,
2983 2232 3012 2271 a
3038 2215 3311 2287 judicibus
3357 2212 3435 2267 lo-

1854 2326 2058 2375 corum,
2087 2316 2248 2380 prout
2280 2323 2510 2380 persona
2538 2307 2722 2373 fuerit,
2749 2306 3121 2375 distringatur.

2445 2419 2674 2480 CAPUT
2715 2423 2827 2477 LX.

2063 2507 2071 2510 ”
2124 2531 2190 2572 ne
2230 2531 2474 2572 CLERICIS
2508 2531 2597 2578 om
2635 2530 2808 2569 causa
2847 2523 3167 2568 ABSTINEBIT.

2224 2603 2408 2660 men
2442 2603 2816 2673 Ancyrilanus,
2849 2617 2959 2656 (θνα
2990 2601 3077 2654 15.

1927 2697 1942 2747 i
1991 2697 2056 2752 Hi
2085 2698 2177 2768 qui
2208 2698 2260 2752 in
2291 2697 2434 2752 clero
2476 2704 2622 2761 sunt,
2664 2696 2712 2750 si
2761 2711 2790 2749 a
2841 2693 3098 2750 carnibus
3137 2691 3439 2758 abstinent,

1852 2789 2056 2860 placuit
2086 2805 2179 2845 eas
2204 2790 2422 2861 quidem
2451 2791 2764 2860 contingere
2793 2803 2805 2842 :
2837 2796 2894 2842 et
2926 2787 3024 2851 ita,
3060 2786 3104 2840 si
3147 2785 3438 2848 voluerint,

1855 2882 2150 2937 continere.
2184 2882 2336 2949 Quod
2378 2883 2423 2936 si
2467 2890 2676 2935 tantum
2707 2895 2800 2934 eas
2825 2878 3225 2941 abominantur,
3254 2883 3316 2930 ut
3341 2887 3444 2930 nec

1857 2971 2028 3036 olera,
2076 2987 2196 3040 quae
2241 2986 2365 3024 cum
2400 2971 2851 3040 eis‘coquuntur,
2897 2968 3214 3022 existiment
3258 2979 3440 3020 come-

1858 3062 2052 3124 denda,
2084 3070 2340 3131 tanquam
2363 3075 2469 3115 non
2497 3061 2895 3114 consentientes
2917 3057 3139 3128 regulae»,
3167 3057 3234 3113 ab
3255 3056 3446 3112 ordine

1861 3168 2078 3208 cessare
2104 3154 2394 3209 debebunt.

2459 3239 2684 3300 CAPUT
2723 3237 2860 3299 LXI.

2202 3354 2267 3392 DE
2306 3353 2605 3392 IIEBETICIS
2641 3354 2710 3390 ΕΤ
2753 3346 3072 3393 οεδτιιιθυδ

2277 3448 2459 3502 Cimon
2485 3447 2758 3511 Nicwnus,
2785 3465 2893 3502 trra
2922 3447 3012 3500 2|.

1935 3562 1960 3600 ¹ι
2002 3561 2074 3617 Ut
2097 3559 2463 3626 Paulianistaz,
2487 3567 2541 3615 et
2569 3557 2660 3630 qui
2691 3567 2820 3613 sunt
2842 3556 3174 3620 Photiniani,
3206 3551 3449 3628 rebapti-

1866 3660 2076 3707 tentur.

2526 3725 2600 3781 Ξ
2607 3739 2666 3780 ra
2692 3725 2782 3780 ΞΩ.

1942 3821 1960 3861 ι
1995 3820 2100 3878 Sed
2127 3821 2483 3886 diaconissas,
2514 3821 2768 3891 quoniam
2796 3817 3013 3888 quidem
3045 3827 3239 3870 manus
3279 3814 3453 3884 impo-

1867 3912 2115 3968 sitionem
2145 3929 2250 3969 non
2282 3913 2574 3982 accipiunt,
2608 3911 2770 3964 etiam
2795 3910 2939 3980 ipsas
2967 3908 3106 3962 inter
3143 3906 3309 3960 laicas
3331 3915 3454 3960 esse

1867 4005 2084 4062 debere.

2219 4093 2401 4149 Canon
2430 4092 2772 4155 Arelatensis,
2811 4107 2920 4146 (era
2951 4091 2984 4146 9
3009 4102 3070 4144 ω.

1939 4186 1997 4242 Si
2028 4187 2094 4242 ad
2125 4186 2408 4242 ecclesiam
2445 4184 2641 4254 aliquis
2672 4184 2737 4238 de
2776 4182 3076 4238 haeresibus
3100 4179 3338 4241 venerit,
3370 4177 3457 4232 in-

1870 4289 2146 4350 terrogent
2186 4295 2309 4334 eum
2363 4277 2701 4348 symbolum;
2748 4284 2802 4330 et
2846 4275 2888 4328 si
2939 4271 3276 4344 perviderint
3324 4283 3452 4322 eum
3551 4326 3556 4331 ,

1873 4374 1925 4427 in
1952 4373 2190 4436 Patrem,
2233 4381 2285 4425 et
2311 4369 2528 4434 Filium,
2557 4376 2612 4423 et
2639 4367 2900 4437 Spiritum
2939 4371 3184 4418 sanetum
3210 4360 3452 4431 baptiza-

1797 4463 1844 4524 ἰ)
1874 4473 2008 4526 tum,
2041 4477 2233 4516 manus
2261 4462 2312 4516 ei
2343 4469 2552 4515 tantum
2580 4461 2908 4529 imponatur,
2946 4465 3000 4510 et
3030 4453 3258 4522 accipiat
3284 4451 3454 4521 Spiri-

1875 4560 1986 4606 tum
2010 4560 2275 4606 sanctum.
2306 4551 2458 4618 Quod
2480 4550 2524 4604 si
2557 4541 2963 4621 [interrogatus]
2988 4559 3094 4598 non
3119 4539 3458 4612 responderit

1875 4642 2016 4697 hanc
2041 4641 2381 4710 Trinitatem,
2419 4641 2737 4708 baptizatur.

2212 4731 2393 4785 Cano»
2424 4729 2816 4799 Africanorum,
2841 4740 2949 4778 aera
2981 4724 3044 4777 16
3072 4733 3118 4775 υ.

1946 4823 2020 4880 Ut
2040 4824 2324 4894 episcopus
2350 4819 2549 4873 nullum
2581 4816 2866 4887 prohibeat
2891 4814 3100 4886 ingredi
3146 4811 3311 4880 (Edd.
3344 4827 3450 4864 ent.

1877 4914 1954 4976 in)
1997 4915 2049 4966 in
2082 4911 2394 4972 ecclesiam,
2426 4915 2483 4962 et
2523 4907 2711 4961 audire
2758 4905 2981 4960 verbum
3029 4904 3140 4966 Dei,
3175 4902 3287 4957 sive
3325 4916 3455 4973 gen-

1879 5009 2046 5070 tilem,
2077 5008 2190 5061 sive
2227 5003 2560 5066 haereticum,
2586 5002 2702 5056 sive
2729 4998 2994 5062 Judaeum,
3023 5012 3196 5067 usque
3223 4995 3291 5050 ad
3320 4994 3454 5049 mis-

1878 5115 1967 5154 sas
1993 5097 2522 5154 catechumenm'um.
3090 5101 3093 5103 ·

1951 5252 1978 5294 ιι
2007 5251 2140 5306 Add.
2177 5249 2268 5303 sed
2292 5247 2400 5301 vid.
2432 5255 2544 5301 not.
2577 5245 2643 5300 cl.
2676 5243 2724 5298 J.
2755 5243 3046 5299 Sirmondi.

1959 5325 1973 5362 ί
2010 5322 2174 5375 Cone.
2206 5318 2598 5372 Matisconiens.
2634 5332 2670 5369 ι.

1955 5393 1970 5442 l
2021 5391 2216 5445 Parnm
2241 5388 2423 5443 differt
2451 5388 2520 5442 ab
2544 5387 2739 5455 interp.
2772 5384 2991 5455 Dionysi.

1954 5463 1981 5502 Ιι
2019 5462 2300 5528 interpret.
2317 5455 2661 5528 Rufini.V'id.
2685 5451 2837 5510 conc.
2858 5451 3004 5509 Arel.
3035 5469 3074 5509 tt
3098 5469 3146 5511 c.
3178 5451 3245 5508 16
3268 5459 3323 5508 et
3343 5456 3454 5506 not.

1880 5550 1932 5588 v.
1957 5532 2024 5589 cl.
2052 5531 2103 5586 .I.
2135 5527 2409 5585 SirmOndi
2431 5528 2496 5582 ad
2519 5527 2663 5581 hunc
2686 5539 2969 5580 canonem.

1963 5603 1977 5642 ι
2021 5603 2302 5670 lnterpret.
2331 5597 2510 5670 Rufin.

1956 5686 1995 5715 ω
2036 5668 2197 5726 Cone.
2225 5668 2429 5723 Arelat.
2459 5683 2496 5729 ι,
2527 5683 2573 5722 c.
2604 5669 2656 5723 8.

1960 5755 1984 5783 ιτ
2021 5743 2097 5798 Id.
2132 5741 2186 5796 in
2215 5740 2334 5795 cod.
2366 5753 2518 5793 conc.
2548 5754 2600 5793 tv
2624 5737 2834 5802 Curtb.,
2863 5752 2910 5790 e.
2937 5735 3024 5790 ει.

2940 5825 3016 5889 3ft
