4020 6360
183 335 319 392 1069

856 447 991 501 Ᾱὶττι
1030 449 1082 502 8.

248 543 329 598 Ne
354 542 422 597 ad
448 539 752 611 nuptiarum
777 544 1025 591 ornatum
1072 534 1372 589 ministeria
1413 533 1588 589 divina
1619 532 1756 601 pra:-

176 643 393 691 stentnr
418 632 575 705 (Add.
606 631 658 683 in
687 627 853 694 edd.).

544 719 724 776 Canon
758 719 1084 783 Maticensis,
1111 735 1219 773 (cra
1244 716 1309 770 18
1338 728 1385 768 τι.

246 814 650 887 Comperimus,
684 811 911 866 necdum
952 808 1105 880 (Var.
1148 808 1290 876 edd.)
1333 803 1588 860 marcidis
1614 817 1760 857 mon-

174 919 399 965 tuorum
441 904 789 975 corporibus,
839 902 1083 972 sepulcra
1122 898 1377 961 reserari,
1408 896 1489 950 vel
1521 895 1679 965 (Add.
1711 904 1758 947 et

173 997 319 1072 var.)
370 995 475 1053 alia
508 1009 733 1066 corpora
766 995 1079 1064 superponi.
1120 993 1350 1061 Ideoque
1380 988 1668 1045 statuimus
1700 996 1758 1041 ut

171 1092 359 1151 nullus
384 1090 636 1159 deinceps
665 1090 769 1143 hoc
790 1098 952 1157 agere
981 1091 1296 1155 prmsumat.

729 1196 957 1257 CAPUT
994 1198 1199 1253 LXVII.

591 1289 657 1326 DE
694 1286 955 1327 LECTIONE
995 1287 1062 1324 AD
1103 1282 1330 1322 MENSAM.

572 1362 753 1417 Conon
784 1361 1059 1415 Toletanus
1084 1361 1134 1424 ιι,
1168 1376 1274 1413 (cra
1307 1354 1357 1411 7.

247 1454 387 1527 Quia
408 1456 584 1513 solent
620 1456 813 1511 crebro
853 1454 905 1507 in
934 1452 1135 1507 mensis
1164 1448 1349 1506 otiosm
1376 1443 1566 1503 fabula:
1592 1442 1760 1503 inter-

169 1552 329 1624 poni,
352 1550 509 1622 (Var.
527 1558 575 1602 et
599 1544 723 1601 add.
749 1547 803 1598 in
826 1545 971 1612 cdd.)
997 1544 1116 1599 ideo
1142 1544 1428 1603 statuimus
1451 1542 1586 1595 utin
1611 1539 1757 1593 omni

170 1640 502 1698 sacerdotali
530 1637 614 1694 vel
640 1628 1285 1707 religiosornm‘convivio
1314 1634 1418 1687 hoc
1450 1626 1609 1687 lectio
1634 1645 1759 1685 san-

169 1740 264 1789 cta
294 1730 723 1805 [Scripturarum
764 1720 1091 1797 divinarum]
1126 1725 1429 1796 prohibeat.

735 1836 960 1894 CAPUT
995 1837 1220 1892 LXVIII.

532 1924 598 1966 DE
636 1926 813 1966 LAPSIS
850 1923 918 1963 ετ
957 1923 1386 1963 ΡωΝιΤΙ-ΖΝΤΠΠΣΒ.

246 2018 273 2047 θ
300 2001 382 2064 Ut-
396 2002 648 2061 sacerdos
689 2000 1058 2072 ptenitentiam
1100 1998 1529 2068 implorantibus,
1555 1997 1757 2067 absque

172 2112 538 2171 personarum
597 2094 908 2163 acceptione
963 2090 1335 2162 paenitentiam
1389 2089 1757 2167 [poenitentia

174 2188 348 2262 leges]
387 2186 630 2257 injungat
672 2198 687 2238 :
738 2184 763 2222 ἀ
794 2191 849 2238 et
895 2188 956 2237 ut
994 2182 1408 2253 negligentiores
1436 2182 1758 2250 poenitentes

176 2280 389 2336 tardius
424 2277 771 2347 recipiantur.

812 2364 940 2437 Cap.
984 2365 1050 2420 19
1076 2376 1121 2418 ο.

243 2461 311 2517 Ei
341 2456 436 2531 qui
476 2458 853 2529 paenitentiam
899 2458 952 2511 in
988 2456 1301 2511 inﬁrmitate
1329 2457 1497 2527 petit,
1532 2453 1659 2512 dum
1688 2456 1759 2529 [si

176 2549 333 2623 casu]
362 2550 432 2605 ad
458 2564 583 2602 eum
609 2548 861 2602 sacerdos
890 2547 1149 2601 invitatus
1172 2547 1336 2611 venit,
1369 2546 1412 2601 si
1449 2546 1759 2619 [oppressus

179 2639 517 2714 inﬁrmitate]
571 2638 923 2704 obmutuerit,
972 2648 1065 2694 aut
1115 2639 1170 2693 in
1218 2640 1525 2709 plirenesim
1570 2656 1760 2696 versus

181 2737 367 2802 luerit,
400 2735 532 2790 dent
574 2728 940 2789 testimonium
984 2733 1077 2802 qui
1098 2746 1224 2787 eum
1257 2733 1559 2799 audierunt,
1590 2740 1644 2788 et
1670 2748 1763 2789 ac-

188 2829 352 2898 cipiat
372 2827 763 2899 paenitentiam.
806 2822 872 2880 Et
900 2826 945 2880 si
985 2825 1240 2880 continuo
1270 2826 1510 2881 creditur
1539 2828 1763 2883 moritu-

187 2934 308 2987 rus,
341 2922 713 2978 reconcilietur
757 2936 855 2991 per
899 2936 1089 2975 manus
1133 2919 1550 2991 impositionem,
1591 2931 1645 2978 et
1674 2921 1760 2976 in-

184 3010 438 3067 fundatur
464 3013 518 3068 in
548 3027 609 3067 os
634 3010 761 3083 [ori]
783 3012 899 3082 ejus
925 3012 1269 3067 eucharistia.
1298 3008 1358 3067 Si
1382 3012 1756 3081 supervixerit,

182 3103 539 3157 admoneatur
566 3117 598 3156 a
625 3102 947 3171 supradictis
972 3102 1216 3166 testibus,
1240 3102 1485 3172 petitioni
1524 3118 1635 3157 sua:
1674 3116 1762 3157 sas

180 3194 489 3260 tisfactum;
537 3202 592 3251 et
630 3196 893 3251 subdatur
935 3203 1136 3249 statuto
1162 3195 1492 3265 poenitentiae
1530 3194 1759 3265 tempori

179 3284 458 3359 [legibus],
491 3285 729 3355 quandiu
770 3285 1025 3341 sacerdos
1062 3286 1155 3356 qui
1197 3285 1567 3355 paenitentiam
1600 3286 1761 3341 dede

178 3375 276 3442 rit,
304 3376 637 3446 probaverit.

814 3462 946 3536 Cap.
984 3464 1055 3520 20
1078 3466 1122 3521 τι

252 3556 588 3614 Pmnitentes
625 3571 717 3627 qui
761 3558 817 3612 in
869 3558 1185 3612 inﬁrmitate
1215 3552 1562 3611 eucharistiae
1607 3551 1764 3611 viati—

175 3663 308 3703 cum
329 3655 675 3717 acceperunt,
704 3661 810 3701 non
842 3662 899 3701 se
928 3647 1155 3701 credant
1178 3647 1473 3711 absolutos,
1499 3646 1542 3701 si
1573 3662 1763 3716 super-

176 3738 445 3804 vixerint,
466 3740 586 3793 sine
610 3752 804 3792 manus
830 3736 1197 3807 impositione.

814 3830 953 3884 Era
981 3831 1045 3884 21
1100 3834 1144 3883 δ.

256 3919 614 3987 Pmnitentes,
636 3920 727 3991 qui
749 3928 875 3975 ante
903 3920 1198 3991 legitimam
1223 3921 1595 3991 ptenitentiam
1610 3935 1767 3978 exce-

174 4014 327 4070 dunt
351 4011 580 4072 [attente
605 4012 751 4081 leges
780 4012 1112 4083 poenitentiae
1140 4012 1556 4084 exsequuntur],
1600 4013 1646 4067 si
1675 4027 1766 4067 ca-

174 4119 252 4162 sn
274 4102 354 4176 [in
380 4104 574 4158 itinere
599 4102 684 4159 vel
710 4104 764 4157 in
818 4102 979 4174 mari]
1004 4102 1075 4157 ibi
1098 4102 1402 4156 moriantur
1428 4103 1517 4157 ubi
1547 4102 1627 4157 eis
1681 4118 1767 4156 sa-

173 4194 384 4253 cerdos
414 4194 571 4267 (Var.
601 4191 746 4265 edd.)
802 4194 1091 4249 subvenire
1119 4209 1225 4248 non
1268 4194 1461 4264 potuit,
1506 4195 1765 4248 memoria

172 4300 380 4343 eorum
408 4287 743 4341 orationibus
772 4294 826 4341 et
845 4286 1207 4341 oblationibus
1235 4287 1659 4341 commendetur.

507 4373 688 4431 Conon
730 4375 1119 4447 Hipponiensis,
1167 4395 1273 4432 tera
1306 4378 1374 4430 42
1402 4380 1451 4432 ιι.

1020 326 1335 384 CANONES
1375 323 1658 380 SELECTI
1697 322 1789 376 EX
1826 320 1979 376 V’ET.
2021 318 2176 376 CAN.
2218 316 2547 383 COLLECT.

3286 312 3428 375 1070

1779 442 1827 499 Α
1854 440 2075 493 tentiam
2100 436 2360 507 agendam
2382 444 2507 489 ante
2536 434 2777 505 apsidam
2809 432 3094 505 [absidem]
3143 447 3337 488 manus
3376 435 3429 490 ei

1855 531 2181 601 imponatur,
2210 544 2279 583 ne
2301 527 2541 583 Ecclesia
2561 536 2965 582 commoveatur
2991 524 3149 597 (Var.
3175 526 3345 596 edd.).

2067 617 2133 672 In
2171 617 2417 672 decretali
2456 616 2749 671 Innocentii
2776 633 2924 688 papa
2948 617 2962 666 ‘1
2983 656 2998 682 ,
3026 633 3134 670 arra
3159 615 3210 671 6.

1926 709 2339 773 Pmnitentibus,
2370 710 2484 762 sive
2513 724 2578 763 ex
2602 709 2877 779 gravibus,
2900 709 3015 763 sive
3041 724 3109 763 ex
3137 708 3431 767 levioribus

1854 800 2114 868 peccatis,
2155 800 2201 853 si
2240 798 2384 852 nulla
2414 798 2703 853 intervenit
2726 798 3009 868 aagritudo,
3057 799 3243 867 quinta
3292 799 3431 855 feria

1857 898 1982 944 ante
2009 890 2208 960 pascha
2243 890 2322 944 eis
2351 888 2730 944 remittendum
2746 888 2999 942 Romamn
3020 888 3277 945 Ecclesia:
3303 906 3435 946 con-

1856 983 2085 1037 suetudo
2114 982 2469 1037 demonstrat.
2495 982 2759 1037 Caeterum
2791 981 2857 1035 de
2886 978 3435 1053 pondere[:estiman-

1857 1069 1947 1145 do]
1980 1072 2318 1138 delictorum,
2344 1072 2641 1127 sacerdotis
2668 1081 2753 1127 est
2773 1070 3042 1140 judicare,
3088 1082 3148 1127 ut
3192 1074 3438 1130 attendat

1856 1166 1925 1220 ad
1952 1164 2346 1220 confessionem
2371 1164 2702 1235 pmnitentis,
2731 1172 2786 1218 et
2812 1165 2881 1218 ad
2906 1163 3088 1218 ﬂetum
3118 1163 3307 1236 [atque
3354 1165 3436 1219 la-

1856 1255 2091 1329 crymas]
2135 1257 2481 1328 corrigentis;
2509 1263 2565 1311 et
2608 1263 2737 1309 tunc
2776 1255 3030 1320 dimittat,
3062 1271 3185 1310 cum
3239 1255 3438 1310 viderit

1857 1367 2151 1421 congruam
2180 1349 2627 1405 satisfactionem.
2672 1349 2730 1403 Si
2778 1363 2908 1403 vero
2961 1350 3014 1402 in
3064 1347 3434 1418 mgritudinem
3476 1364 3491 1409 ι,

1858 1442 2079 1515 (Vanet
2107 1442 2231 1496 add.
2264 1443 2318 1495 in
2347 1440 2492 1512 edd.)
2536 1441 2844 1502 incurrerit,
2893 1438 3042 1511 [ante
3083 1447 3295 1507 tempus
3332 1436 3439 1491 Pa-

1858 1532 2024 1605 schae]
2053 1534 2158 1587 erit
2182 1532 2556 1596 relaxandum,
2585 1546 2653 1585 ne
2683 1530 2773 1603 [de
2802 1528 3017 1601 sacculo]
3049 1530 3258 1599 absque
3289 1543 3437 1583 com-

1858 1623 2112 1678 munione
2147 1623 2406 1678 discedat.
2435 1622 2799 1677 kChrismatis
2833 1620 3015 1694 (ναν.)
3042 1621 3227 1675 unctio
3262 1621 3437 1690 pumi-

1859 1712 2094 1766 tentibus
2122 1711 2329 1767 infundi
2357 1727 2463 1766 non
2477 1721 2676 1782 potest,
2693 1713 2816 1783 quia
2832 1727 3000 1785 genus
3030 1721 3115 1767 est
3126 1726 3439 1768 sacramen-

1780 1789 1829 1849 Β
1861 1812 2053 1859 torum.
2103 1804 2239 1859 Nam
2284 1805 2479 1875 quibus
2531 1806 2735 1874 reliqua
2762 1814 3103 1860 sacramenta
3147 1811 3437 1878 negantur,

1857 1895 2126 1966 quomodo
2148 1911 2315 1950 unum
2336 1910 2505 1966 genus
2518 1904 2737 1966 putatur
2762 1909 2922 1966 posse
2941 1895 3199 1951 concedi?

2210 1987 2393 2042 Canon
2426 1986 2699 2053 Nicwnus,
2736 2004 2854 2057 cap.
2907 1987 2974 2042 13
3019 1985 3083 2040 ι.

1929 2076 2203 2133 Morituris
2223 2087 2277 2133 et
2306 2078 2740 2133 desiderantibus
2765 2093 2873 2132 non
2899 2084 3125 2148 negetur
3150 2077 3436 2134 eucharis-

1859 2169 1956 2233 tia,
1987 2185 2051 2223 ea
2100 2178 2280 2224 tamen
2323 2173 2632 2227 conditione
2659 2180 2738 2237 ut,
2781 2172 2826 2226 si
2864 2172 3284 2241 supervixerint,
3329 2187 3438 2227 non

1860 2260 2256 2315 communicent
2280 2271 2405 2317 ante
2435 2270 2696 2317 statutum
2722 2272 2933 2333 tempus
2961 2264 3322 2334 poenitentiae,
3352 2262 3439 2319 vel
3488 2268 3495 2271 “

1859 2348 2229 2418 probationem
2255 2352 2510 2422 episc0pi.

2227 2440 2408 2496 Canon
2447 2442 2844 2511 Aurasicorwn,
2869 2459 2978 2499 tera
3004 2441 3060 2499 ὅ.

1930 2530 2033 2598 Qui
2060 2532 2322 2587 recedunt
2340 2534 2406 2588 de
2435 2549 2683 2604 corpore,
2712 2534 2895 2606 (ναν.)
2925 2542 3048 2605 post
3068 2534 3443 2604 paenitentiam

1861 2631 2162 2694 acceptam,
2192 2624 2396 2695 placuit
2434 2626 2550 2680 sine
2580 2626 3013 2681 reconciliatoria
3045 2639 3237 2683 manus
3271 2626 3442 2697 impo-

1860 2712 2055 2769 sitione
2088 2715 2477 2770 communicari
2506 2716 2687 2786 :quod
2737 2717 3017 2771 morientis
3068 2715 3270 2772 sufﬁcit
3309 2732 3444 2772 con-

1862 2806 2135 2861 solationi.
2165 2815 2204 2843 ω
2227 2804 2283 2861 Si
2313 2822 2443 2862 vero
2482 2808 2899 2877 supervixerint,
2949 2816 3095 2863 stent
3144 2809 3198 2863 in
3252 2809 3443 2863 ordino

1862 2902 2022 2975 (Var.
2052 2912 2101 2957 et
2131 2902 2257 2957 add.
2282 2903 2339 2956 in
2363 2901 2508 2974 edd.)
2530 2903 2881 2972 ptenitentiae,
2913 2903 3280 2974 utlegitimam
3295 2918 3445 2957 com-

1864 2994 2337 3067 munionem,cum
2366 2993 2797 3049 reconciliatoria
2854 3008 3048 3049 manus
3098 2994 3443 3064 impositione

1861 3088 2182 3159 percipiant.

2538 3179 2677 3235 (Era
2703 3177 2757 3234 4.

1930 3269 2310 3328 Pmnitentiam
2330 3272 2761 3329 desiderantibus
2776 3270 2939 3329 etiam
2954 3271 3120 3346 [Edd.
3138 3289 3238 3328 om.
3254 3272 3442 3345 etiam]

1860 3361 2075 3418 clericis
2094 3378 2201 3417 non
2222 3363 2544 3432 negandam.

2182 3450 2367 3506 Canon
2423 3452 2766 3519 Arelatensis,
2806 3471 2916 3509 tera
2968 3454 3038 3507 η
3066 3463 3114 3506 ιι.

1957 3544 2014 3600 Si
2045 3544 2122 3610 bi,
2152 3546 2242 3614 qui
2276 3546 2329 3600 in
2367 3547 2681 3616 ptenitentia
2710 3549 2891 3617 positi,
2926 3548 3037 3602 vita
3084 3546 3441 3611 excesserint,

1861 3638 2063 3708 placuit
2083 3639 2285 3693 nullum
2307 3638 2509 3708 absque
2539 3639 2914 3693 communione
2938 3638 3134 3693 dimitti
3177 3636 3446 3709 [commu-

1863 3735 2022 3788 nione
2049 3748 2276 3787 vacuum
2325 3732 2521 3786 debere
2542 3732 2794 3805 dimitti];
2828 3732 2922 3786 sed
2950 3746 3049 3802 pro
3077 3745 3144 3786 eo
3166 3731 3310 3802 quod
3344 3731 3439 3786 ho-

1864 3824 2078 3878 noravit
2105 3822 2503 3892 paenitentiam,
2534 3819 2734 3875 oblatio
2758 3821 2898 3874 illius
2928 3820 3273 3890 suscipiatur.

2082 3914 2151 3968 In
2188 3914 2406 3985 epistola
2430 3913 2725 3967 Innocentii
2746 3929 2916 3983 papae,
2944 3928 3058 3982 cap.
3090 3910 3159 3965 15
3188 3918 3233 3964 °.

1934 4006 2285 4071 Poenitentes,
2315 4014 2556 4076 tempore
2579 4020 2684 4074 quo
2714 4004 3088 4074 ptnnitentiam
3111 4010 3323 4074 petunt,
3347 4003 3447 4059 im-

1866 4100 2186 4171 positionem
2216 4111 2468 4151 manuum
2492 4106 2545 4150 et
2571 4094 2806 4149 cilicium
2832 4109 2996 4164 super
3019 4101 3181 4163 caput
3199 4108 3231 4146 a
3262 4107 3445 4147 sacer-

1866 4192 1990 4247 dote
2015 4189 2179 4261 [sicut
2202 4188 2401 4258 ubique
2424 4188 2774 4242 constitutum
2799 4185 2907 4257 est]
2938 4191 3354 4254 consequantur.
3378 4184 3449 4238 Et

1867 4283 1913 4337 si
1943 4290 2034 4336 aut
2049 4294 2233 4336 eomas
2264 4294 2371 4333 non
2416 4278 2783 4349 deposuerint,
2808 4284 3121 4331 autvestem
3168 4290 3274 4328 non
3321 4289 3444 4330 mu-

1868 4374 2123 4436 taverint,
2139 4370 2485 4444 [abjiciantur
2512 4389 2524 4425 :
2555 4377 2610 4425 et
2637 4370 2741 4425 nisi
2764 4369 2922 4439 digne
2943 4363 3314 4437 pmtiituerint]
3337 4378 3443 4418 non

261 4468 571 4523 Secundum
596 4469 955 4525 differentiam
988 4480 1358 4540 peccatorum,
1405 4471 1638 4539 episcopi
1678 4485 1763 4524 ar-
1791 4473 1839 4533 D
1868 4468 2211 4536 recipiantur.
2262 4462 2555 4519 Juvenibus
2582 4471 2762 4518 autem
2793 4460 3106 4532 paenitentia
3154 4475 3259 4512 non
3287 4457 3446 4513 facile

174 4560 352 4615 bitrio
370 4560 696 4629 pmnitentia:
716 4568 960 4631 tempora
988 4561 1369 4615 decernantur.
1408 4562 1424 4600 ί
1454 4560 1521 4614 Et
1545 4569 1767 4629 utpres—

176 4652 348 4721 byter
391 4649 510 4705 sine
552 4650 797 4706 consultu
846 4652 1081 4721 episcopi
1138 4648 1464 4722 [inconsulto
1491 4650 1764 4722 episcopo]

178 4754 299 4795 non
351 4740 663 4796 reconciliet
687 4742 1063 4811 pmnitentcm,
1108 4742 1211 4795 nisi
1237 4742 1479 4796 absentia
1523 4742 1768 4814 [absente

179 4830 470 4900 episcopo,
522 4830 597 4902 et]
647 4846 746 4900 pro
794 4833 1115 4885 necessitate
1172 4841 1417 4903 cogente.
1465 4830 1766 4899 Cujuscnn-

179 4936 296 4991 que
328 4921 536 4975 crimen
559 4920 989 4992 vulgatissimum
1013 4931 1117 4987 est,
1171 4923 1237 4976 ad
1292 4921 1561 4992 publicam
1589 4923 1759 4993 poeni-

258 5107 288 5135 ι
331 5092 500 5148 Oonc.
526 5095 804 5149 Matiscon.
836 5111 898 5160 ιι,
924 5110 971 5150 c.
1013 5085 1095 5149 17.

258 5166 291 5205 ὶι
335 5163 501 5218 Cone.
527 5164 695 5219 Tnlct.
726 5181 804 5219 III.

260 5245 285 5273 ε
333 5232 531 5288 Statut.
557 5234 702 5289 Eccl.
734 5234 937 5303 antiq.;
984 5232 1039 5289 in
1065 5234 1183 5289 cod.
1209 5232 1368 5288 Barb.
1396 5249 1443 5288 c.
1480 5234 1573 5297 18;
1614 5248 1766 5289 conc.

183 5322 240 5360 tv
268 5304 493 5367 Carth.,
521 5320 568 5358 ς.
607 5304 694 5359 85.

258 5373 438 5497 d’sllic
459 5374 644 5445 incipit
666 5375 720 5429 in
752 5389 799 5429 c.
832 5373 992 5428 Barb.
1030 5389 1079 5428 c.
1106 5373 1205 5438 19;
1237 5388 1389 5427 conc.
1418 5390 1467 5427 tv
1493 5372 1768 5442 Carthag.,

289 5462 308 5497 Ι
359 5480 373 5497 υ

183 5463 237 5501 C.
289 5462 373 5497 ID.

265 5527 292 5555 ε
333 5514 391 5568 1η
424 5514 540 5568 cod.
572 5514 632 5567 Β.
662 5530 710 5569 c.
737 5513 840 5578 20;
870 5531 1023 5570 conc.
1053 5528 1108 5567 tv
1136 5514 1344 5575 Carth.,
1373 5529 1420 5568 c.
1455 5512 1540 5567 76.

266 5585 287 5625 τ
326 5583 384 5638 In
416 5584 533 5638 cod.
564 5585 621 5638 Β.
647 5600 696 5639 c.
731 5583 791 5638 21
829 5600 1016 5649 ;conc.
1043 5601 1095 5639 ιν
1115 5585 1301 5640 Carth.
1331 5598 1377 5637 c.
1406 5584 1491 5638 78.

182 5698 190 5711 .
265 5654 394 5707 51d.
428 5654 481 5707 in
505 5656 621 5708 cod.
647 5655 806 5709 Barb.
830 5669 1078 5719 ;conc.tv
1099 5654 1307 5717 Carth.,
1329 5669 1377 5707 c.
1407 5653 1492 5706 79.

264 5726 295 5764 δ
323 5724 487 5777 Conc.
531 5725 694 5778 Afric.
729 5741 775 5779 c.
806 5724 900 5791 10;
943 5742 1009 5779 ex
1041 5725 1158 5779 cod.
1186 5739 1303 5777 can.
1333 5723 1474 5776 Eccl.
1501 5722 1666 5776 Afric.
1724 5739 1769 5776 c.

1865 4557 2231 4611 committatur
2278 4560 2498 4623 propter
2554 4552 2727 4607 aetatis
2779 4549 3138 4620 fragilitatem.
3178 4547 3443 4603 Viaticum

1869 4659 2044 4705 tamen
2075 4651 2127 4704 in
2147 4658 2322 4704 morte
2346 4646 2576 4719 [positis]
2600 4646 2848 4702 omnibus
2886 4646 3173 4700 tribuatur.

2255 4739 2437 4793 Cauon
2467 4738 2935 4808 Epaunensis,wra
2962 4736 3051 4791 25.

1938 4828 2098 4899 (.tdd.
2126 4840 2176 4882 et
2206 4846 2315 4884 var.
2352 4829 2407 4881 in
2433 4826 2578 4898 edd.)
2600 4827 2700 4893 Qui
2720 4837 2844 4897 post
2863 4835 3139 4897 acceptam
3169 4824 3439 4896 pmniten-

1870 4922 1997 4975 tiam
2029 4936 2216 4974 rursus
2247 4920 2312 4973 ad
2348 4919 2626 4974 saecularia
2656 4919 2969 4975 relabuntur
3042 4918 3444 4974 communicare

1869 5096 1965 5160 4'5;
1992 5114 2143 5153 conc.
2170 5112 2227 5152 nt
2260 5098 2469 5163 Carth.,
2494 5116 2542 5155 c.
2575 5100 2663 5153 51.

1947 5171 1959 5208 ί
1997 5170 2127 5223 Can.
2152 5169 2241 5223 52.

1944 5232 1956 5287 i
1996 5238 2078 5292 Ad
2098 5237 2435 5304 Decentium,
2468 5254 2514 5294 c.
2547 5240 2597 5294 7.

1942 5309 1968 5348 k
1994 5308 2124 5377 Cap.
2145 5310 2198 5363 8.

1947 5378 1964 5416 ι
1994 5375 2142 5459 Idem
2170 5379 2223 5432 in
2252 5379 2353 5459 Gr.
2373 5387 2426 5432 et
2450 5378 2664 5459 Dionys.
2693 5380 2885 5459 interp.
2916 5378 3135 5459 βοτη-ρ.
3171 5377 3258 5445 14,
3280 5385 3337 5459 et
3362 5375 3444 5433 ia-

1874 5460 2010 5519 terp.
2038 5448 2162 5503 Isid.
2194 5464 2241 5503 c.
2270 5450 2381 5513 12.,
2409 5448 2603 5520 quibus
2631 5448 2878 5504 omnibus
2918 5451 3019 5506 ista
3048 5451 3335 5519 discrepat.

1944 5531 1981 5558 ιιι
2003 5518 2155 5584 Quod
2184 5520 2304 5573 add.
2332 5520 2595 5584 glossema
2624 5520 2781 5584 sapit.

1957 5532 1981 5558 ¹¹
2003 5532 2155 5575 υυοίι
2184 5532 2304 5573 add.
2332 5532 2595 5575 2108561118
2624 5532 2781 5575 samt.

1944 5535 1981 5558 tn
2003 5535 2155 5584 υυοῐι
2184 5535 2304 5573 300.
2332 5535 2595 5589 8108561113
2624 5535 2719 5589 53p

1944 5600 1969 5627 η
1993 5590 2155 5643 Cone.
2185 5588 2329 5643 Arel.
2357 5605 2415 5643 ιι.

1946 5668 1969 5694 ο
1996 5660 2111 5715 Viti.
2140 5674 2290 5715 conc.
2318 5659 2631 5730 Agatbens.,
2660 5676 2706 5715 c.
2738 5660 2821 5717 15.
