4020 6360
588 296 718 353 Nil

1454 291 1772 349 CANONES
1807 287 2091 346 SELECTI
2129 286 2219 344 EX
2260 282 2413 343 VET.
2456 286 2613 343 CAN.
2654 285 2988 346 COLLECT.

3732 286 3855 342 107!

585 426 692 471 non
724 407 1129 480 poteramusi
1156 402 1491 479 proles-suone
1518 406 1732 463 ﬁrmata
1778 402 1909 476 [nisi
1956 399 2167 473 profes-
2194 407 2243 464 Α
2272 398 2563 464 sacerdoti,
2594 400 2682 469 qui
2712 415 2811 472 pro
2837 401 3049 456 delictis
3076 401 3445 456 conﬁtentium
3476 409 3532 456 et
3562 398 3736 474 [Ead.
3763 418 3839 459 om

581 504 727 562 sioni
753 518 916 574 quam
943 501 1127 559 illicito
1146 500 1580 573 prtetermiserat,
1605 494 1977 568 reformatur].

1103 593 1243 648 zEra
1264 591 1332 648 55
1365 591 1509 664 [cum
1540 588 1655 663 36].

616 718 621 721 ι
651 686 845 743 Nullus
888 685 1003 741 sine
1034 683 1271 739 remedio
1291 698 1356 737 ac
1384 696 1480 752 spe
1505 681 1629 735 vita:
1650 678 1720 734 ab
1748 677 1992 754 Ecclesia
2005 675 2178 747 repel-

581 778 755 846 lator;
790 776 971 849 (Van)
1007 775 1134 845 quia
1164 773 1294 829 nulli
1322 773 1367 828 si
1392 771 1722 844 paenituerit,
1738 778 1832 824 aut
1851 776 2175 833 correxerit,

589 872 659 927 ad
687 871 904 926 veniam
931 865 1191 922 redeundi
1217 865 1396 921 aditus
1419 864 1741 919 obstruitur.
1766 860 1919 929 Quod
1940 860 1987 915 si
2010 857 2172 931 (Add.

586 974 636 1018 et
661 961 796 1035 oar.)
814 960 1055 1033 periculo
1082 959 1275 1015 mortis
1293 958 1613 1023 constituto,
1642 964 1885 1025 tempora
1906 954 2178 1023 pumilea-

594 1056 683 1110 tiae
704 1053 1040 1116 relaxentur,
1066 1059 1122 1105 et
1137 1058 1362 1120 accepto
1372 1048 1568 1103 viatico
1581 1046 1947 1111 convalescat,
1972 1053 2176 1099 statuta

590 1155 835 1216 tempora
855 1140 1190 1213 poenitentia:
1211 1139 1591 1194 observantur.

836 1235 1048 1291 Statuta
1078 1231 1331 1287 Ecclesiae
1358 1232 1593 1302 antiqua,
1620 1247 1736 1300 cap.
1766 1228 1835 1283 65
1870 1241 1918 1282 ι.

654 1325 814 1383 Omni
846 1333 1086 1393 tempore
1100 1321 1318 1393 jejunii,
1344 1334 1538 1375 manus
1566 1317 1954 1387 penitentibus
2000 1331 2031 1370 a
2086 1330 2176 1370 sa-

586 1417 898 1475 cerdotibus
920 1416 1247 1485 imponatur.

1137 1506 1301 1572 Ibid.,
1335 1522 1453 1578 cap.
1485 1504 1554 1562 68
1578 1505 1629 1559 ιι.

655 1601 991 1658 Pmnitentes
1028 1599 1197 1655 etiam
1230 1600 1346 1655 dies
1373 1597 1711 1653 remissionis
1740 1610 1912 1667 genua
1933 1593 2171 1649 ﬂectant.

881 1694 1064 1751 Conon
1086 1691 1537 1764 Carthaginensis,
1574 1707 1681 1746 trra
1720 1689 1792 1745 28
1820 1700 1868 1743 ο.

2278 489 2652 555 confitentium
2674 489 2751 563 et]
2772 492 3147 561 paenitentiam
3174 499 3428 562 precator
3447 491 3697 547 accedat.
3726 490 3858 552 Tum

2277 584 2423 640 enim
2460 584 2676 639 demum
2716 584 2783 638 ad
2830 585 3204 655 paenitentiam
3242 584 3426 655 plures
3465 592 3730 655 poterunt
3752 601 3853 657 pro-

2276 673 2478 736 vocari.
2513 674 2558 728 si
2594 674 2774 745 populi
2802 675 3025 731 auribus
3069 691 3176 732 non
3201 677 3511 747 publicetur
3535 676 3858 736 conscientia

2276 766 2606 822 conﬁtentis.

2632 856 2697 910 In
2720 858 2939 929 epistola
2966 858 3261 914 Innocentii
3282 876 3433 931 papa?
3460 871 3509 913 ι.

2345 946 2449 1015 Qui
2475 959 2596 1019 post
2626 950 2953 1021 baptismum
2987 950 3135 1005 omni
3182 960 3423 1021 tempore
3462 951 3856 1008 incontinentis

2276 1041 2535 1111 voluptati
2574 1042 2761 1109 dediti,
2806 1054 3050 1098 extremo
3096 1041 3248 1116 [line]
3280 1045 3406 1099 vita:
3447 1061 3565 1100 sua:
3602 1047 3855 1115 pmnitea-

2275 1131 2407 1186 tiam
2439 1133 2600 1186 simul
2647 1142 2702 1188 et
2750 1132 3247 1190 reconciliationem
3294 1134 3747 1209 [connuunious]
3774 1154 3853 1192 ex-

2276 1235 2520 1297 poscunt.
2551 1228 2711 1298 (Add.
2756 1239 2802 1282 et
2836 1246 2943 1283 var.
2976 1231 3030 1284 in
3063 1231 3208 1302 cdd.)
3238 1230 3587 1288 Cousuetudr
3620 1232 3771 1303 prior
3794 1247 3855 1288 te-

2275 1320 2413 1386 nuit,
2445 1329 2503 1374 ut
2526 1320 2913 1377 concederetur
2932 1322 3056 1395 [eis]
3081 1325 3537 1395 pmnitentia,sed
3582 1328 3854 1382 .ommuaio

2275 1420 2583 1482 negaretur.
2608 1411 2739 1466 Nam
2763 1429 2885 1468 cum
2908 1414 3052 1470 illius
3078 1418 3335 1486 temporis
3357 1416 3485 1488 ﬁliis
3527 1419 3851 1493 emporibus]

2276 1501 2621 1557 creberrimae
2661 1505 3067 1589 persecutiones
3108 1516 3307 1569 essent,
3359 1506 3549 1579 (ι’-α.)
3586 1524 3690 1563 nec
3731 1524 3855 1565 cozn~

2275 1591 2545 1646 munionis
2567 1590 2794 1647 facultas
2821 1593 3069 1650 homines
3097 1596 3162 1650 de
3185 1599 3632 1653 reconciaatione
3658 1614 3855 1656 securos

2275 1682 2667 1759 revocaverit‘a
2701 1681 2873 1751 lapsu,
2908 1686 3104 1759 merito
3135 1697 3327 1755 negata
3373 1689 3759 1753 nmmunione,
3787 1700 3856 1744 cst

659 1792 717 1846 Si
745 1792 1027 1863 presbyter
1048 1787 1135 1843 vel
1164 1759 1421 1843 diacbnus
1468 1784 1629 1857 (Αιιά,
1675 1793 1724 1838 ει
1787 1798 1900 1837 var,
1938 1781 1993 1834 in
2031 1777 2171 1850 edd.)
2203 1761 2250 1823 Β
2278 1786 2534 1827 concessa
2576 1774 2915 1842 poenitentia,
2956 1792 3024 1831 ne
3074 1785 3244 1831 totum
3290 1781 3508 1850 penitus
3549 1759 3852 1851 negaretur:

584 1884 965 1955 dcgradentur,
1004 1896 1112 1936 non
1132 1880 1214 1934 eis
1257 1892 1451 1933 manus
1476 1885 1735 1945 tanquam
1787 1869 2178 1943 paenitentibus

588 1974 698 2048 [vel
726 1986 984 2044 tanquam
1010 1970 1257 2026 ﬁdelibus
1287 1967 1461 2040 laicis]
1487 1968 1815 2037 imponatur.

963 2065 1147 2122 Conon
1167 2064 1512 2129 Arelatensis,
1533 2079 1641 2117 tera
1665 2060 1737 2115 22
1755 2058 1806 2114 ά.

660 2160 940 2217 Ρωιιὶιειιε
963 2154 1343 2231 [quaecunque]
1374 2154 1588 2220 mulier,
1621 2150 1806 2224 (γαν.)
1848 2150 1961 2205 sive
1997 2146 2184 2205 defun-

589 2261 679 2308 cto
700 2252 820 2307 viro
847 2249 940 2306 alii
968 2248 1236 2318 nupserit,
1265 2246 1353 2301 vel
1404 2244 1703 2316 [suspecta,
1732 2240 1841 2313 vel]
1893 2239 2182 2295 interdicta

586 2343 957 2399 familiaritate
978 2357 1102 2396 cum
1124 2348 1387 2396 extraneo
1410 2338 1629 2400 vixerit,
1652 2337 1721 2391 ab
1757 2334 2000 2390 ecclesia:
2037 2333 2184 2387 limis

587 2437 747 2492 nibus
777 2444 1030 2491 arceatur
1062 2430 1527 2504 :similiter(Add.
1568 2440 1617 2485 et
1642 2427 1780 2499 oar.)
1801 2427 1869 2482 de
1913 2425 2046 2480 viris
2090 2424 2187 2479 ob-

592 2526 861 2583 servetur.

1232 2611 1362 2684 Cap.
1387 2611 1459 2667 25
1502 2622 1549 2664 ε.

659 2704 1043 2761 Paenitentiam
1063 2703 1367 2776 coniugatis
1404 2701 1644 2757 nonnisi
1666 2715 1734 2755 ex
1759 2711 2029 2755 consensu
2054 2696 2187 2752 dan.

597 2796 744 2851 dam.

924 2885 1108 2943 Conon
1137 2885 1675 2951 Aurelianensis,tara
1695 2883 1767 2939 25
1806 2882 1852 2937 ί.

667 2980 740 3037 Ut
776 2978 863 3049 ne.
890 2980 1013 3051 quis
1060 2978 1490 3034 benedictionem
1536 2976 1865 3054 pmnitentup
1898 2972 2187 3043 juvenibus

594 3070 888 3144 [personis]
912 3070 994 3125 vel
1024 3068 1359 3141 coniugatis;
1394 3068 1493 3123 nisi
1507 3083 1573 3122 ex
1590 3081 1857 3122 consensu
1880 3062 2162 3137 [partium]

600 3168 658 3216 et
684 3170 846 3216 aetate
865 3161 980 3233 jam
1009 3160 1162 3231 plena
1187 3159 1318 3214 dare
1352 3158 1565 3214 audeat.

604 3322 611 3331 .
927 3252 1111 3310 Conon
1137 3253 1533 3318 :iurasicorum,
1566 3267 1675 3307 aera
1707 3250 1768 3305 11
1806 3252 1851 3305 ε.

669 3343 859 3400 Subito
878 3345 1258 3400 obmutesceas
1274 3341 1456 3415 [prout
1472 3351 1645 3398 status
1664 3342 1783 3412 ejus
1801 3341 1907 3415 est]
1924 3340 2188 3412 baptizari

595 3447 690 3494 aut
708 3437 1079 3508 paenitentiam
1103 3436 1349 3506 accipere
1369 3440 1566 3505 putest,
1590 3434 1754 3506 (Add.
1776 3442 1823 3488 et
1844 3450 1954 3487 oar.
1970 3434 2025 3487 in
2040 3430 2187 3503 cdd.)

595 3529 644 3591 si
676 3527 967 3585 voluntatis
988 3525 1278 3598 praeteritae
1310 3525 1618 3582 testimonia
1646 3522 1941 3579 adfuerint.

1250 3615 1550 3670 dira-12h.

612 3754 617 3759 -
644 3710 993 3769 .Amentibus
1021 3722 1357 3780 quaecunque
1378 3707 1600 3778 pietatis
1624 3712 1751 3763 sunt
1776 3703 2126 3763 conferenda.

724 3804 947 3869 Decreta
967 3800 1284 3872 pauitantia:
1307 3800 1363 3853 in
1383 3797 1605 3870 epistola
1625 3798 1815 3853 bonis
1839 3812 1990 3868 papa:
2021 3798 2066 3850 ὶ.

677 3894 836 3968 (Add.
887 3902 938 3948 et
984 3909 1095 3947 var.
1144 3892 1201 3945 in
1243 3889 1390 3960 edd.)
1445 3888 1771 3945 Pmnitentia
1818 3902 1940 3957 quae
1984 3900 2015 3940 a
2062 3884 2193 3941 ﬁde-

604 3993 748 4050 libus
771 3988 1096 4063 postulatur,
1138 4002 1209 4044 ne
1244 3986 1312 4043 de
1355 3986 1690 4056 singulorum
1723 3992 2070 4055 peccatorum
2100 3994 2193 4052 ge-

602 4101 740 4142 nere
794 4085 849 4140 in
893 4081 1073 4138 libello
1107 4081 1309 4150 scripta
1357 4077 1621 4150 professio
1658 4077 1871 4147 publice
1915 4075 2191 4138 recitetur,

598 4194 731 4235 cum
772 4185 954 4233 reatus
982 4174 1434 4231 conscientiarum
1471 4170 1699 4226 sulﬁciat
1728 4169 1859 4225 solis
1897 4165 2196 4223 sacerdoti-

608 4274 713 4327 bus
769 4268 995 4326 indicari
1053 4264 1391 4323 confessione
1445 4272 1675 4318 secreta.
1734 4259 1995 4326 Quamvis
2048 4259 2193 4313 enim

606 4359 890 4432 plenitudo
938 4357 1061 4415 ﬁdei
1106 4358 1352 4414 videatur
1385 4369 1508 4411 esse
1557 4351 1864 4416 laudabilis,
1894 4364 2016 4420 qum
2062 4363 2190 4418 pro-

2277 1873 2333 1918 et
2361 1863 2634 1919 duriorem
2679 1866 3051 1922 remissionem
3093 1867 3223 1924 fecit
3261 1873 3524 1941 temporis
3566 1874 3721 1927 ratio.
3764 1872 3855 1928 Sed

2278 1964 2567 2027 postquam
2600 1958 2859 2014 Dominus
2893 1970 3080 2015 noster
3105 1977 3296 2031 pacem
3329 1964 3593 2020 Ecclesiis
3626 1967 3852 2032 reddidit.

2283 2047 2412 2121 [jam
2447 2060 2652 2105 terrore
2674 2052 2918 2125 depulso]
2945 2070 3378 2112 commurmnem
3410 2056 3530 2112 dari
3554 2059 3852 2114 abeuntihus

2280 2140 2503 2213 placuit,
2534 2151 2589 2197 et
2618 2141 2695 2214 [et
2722 2154 2943 2215 pmptcr
2977 2146 3188 2201 Domiti
3239 2146 3678 2219 misericordiam]
3704 2151 3845 2220 quasi

2282 2234 2539 2288 viaticum
2583 2234 2929 2304 profecturis.
2982 2236 3167 2308 (Add)
3234 2236 3521 2293 Tribuetnr
3568 2254 3688 2312 ergo
3729 2257 3845 2313 cum

2282 2326 2600 2395 poenitentia
2646 2337 2887 2382 extrema
2932 2329 3259 2395 communio,
3301 2341 3362 2385 ut
3407 2333 3650 2387 homines
3681 2334 3856 2405 hujus-

2283 2418 2427 2473 modi
2456 2419 2508 2473 in
2526 2420 2792 2489 supremis
2808 2421 2940 2485 suis,
2956 2422 3305 2491 permittente
3323 2421 3692 2493 [pcenitentes,
3713 2425 3855 2480 mise-

2286 2508 2463 2582 rante]
2483 2508 2638 2564 Salva
2647 2520 2760 2565 tore
2772 2521 2979 2577 nostro,
3014 2528 3044 2566 ει
3060 2523 3321 2582 perpetuo
3333 2515 3502 2572 exitio
3518 2516 3855 2572 vindicentur.

2693 2600 2879 2658 Canon
2906 2603 3205 2670 To’etanus,
3237 2623 3335 2675 cap
3359 2607 3394 2662 8
3425 2607 3472 2661 ι.

2358 2691 2623 2748 Sacerdos
2649 2694 2949 2765 cuicunque
2974 2696 3348 2765 pmnitentiam
3379 2698 3598 2765 tribuit,
3627 2699 3682 2754 id
3699 2701 3861 2756 obser-

2286 2792 2377 2840 vet
2406 2782 2587 2857 (Mult.
2613 2784 2740 2838 add.
2770 2795 2819 2841 et
2841 2787 3033 2857 vanin
3048 2786 3195 2860 edd.)
3219 2796 3275 2842 ut
3293 2788 3447 2858 prius
3469 2803 3598 2845 eum
3628 2792 3858 2847 tondeat:

2286 2882 2379 2929 aut
2405 2874 2451 2928 si
2480 2871 2675 2930 mulier
2698 2884 2801 2940 est,
2831 2884 3034 2931 γθδιειιι
3072 2886 3265 2945 mutet,
3309 2895 3377 2934 ne
3426 2881 3495 2935 ad
3541 2879 3860 2937 lamentanda
3940 2863 3947 2867 ’

2288 2981 2477 3021 rursus
2500 2974 2623 3036 post
2649 2967 3025 3036 pmniteutiam
3056 2967 3349 3023 relabatur.

2574 3053 2640 3109 1η
2670 3056 2887 3127 epistoia
2921 3056 3109 3111 Leonis
3136 3074 3287 3129 papa:
3319 3058 3361 3125 ι,
3392 3076 3512 3130 cap.
3544 3060 3599 3116 8.

2166 3122 2185 3147 ’
2214 3119 2261 3181 α
2365 3146 2523 3221 (ναν.
2548 3158 2597 3203 et
2625 3119 2750 3204 add.
2774 3152 2830 3205 in
2854 3152 3001 3223 edd.)
3030 3119 3259 3221 Quini.
3284 3119 3603 3210 deficientes
3618 3156 3865 3227 poeniten-

2288 3245 2420 3299 tiam
2452 3244 2751 3313 accipiunt,
2801 3252 2858 3300 et
2901 3254 3028 3301 ante
3075 3246 3514 3302 communionem
3556 3248 3864 3315 moriuntur,

2289 3337 2484 3393 horum
2507 3352 2671 3391 causa
2701 3337 2793 3392 Dei
2813 3336 3017 3408 judicio
3048 3338 3374 3393 reservanda
3398 3348 3504 3394 est.
3541 3340 3653 3395 Nos
3676 3351 3860 3406 autem,

2290 3430 2486 3499 quibus
2507 3444 2611 3483 non
2642 3429 3103 3486 conmunicamus
3127 3431 3284 3497 vivis,
3306 3433 3717 3489 communicare
3736 3446 3866 3489 mor—

2292 3522 2399 3576 tuis
2424 3536 2529 3576 non
2553 3536 2865 3592 possumus.

2480 3656 2487 3663 .
2878 3614 3044 3678 Ibid.,
3068 3631 3184 3683 cap.
3216 3613 3303 3669 10.

2363 3703 2543 3775 (.ilult.
2570 3705 2696 3759 add.
2729 3716 2776 3759 et
2799 3722 2909 3773 var.
2940 3707 2995 3759 in
3022 3705 3167 3777 edd.)
3203 3706 3593 3762 Paenitentiam
3632 3706 3869 3779 professis

2291 3811 2399 3851 non
2438 3796 2565 3852 licet
2605 3797 2661 3852 in
2704 3797 2821 3853 foro
2860 3798 3091 3869 litigare.
3143 3799 3200 3854 Si
3256 3808 3439 3855 tamen
3490 3802 3699 3857 habent
3743 3800 3868 3873 quod

2292 3890 2562 3961 negligere
2604 3906 2711 3946 non
2747 3891 2965 3957 debent,
2997 3892 3428 3957 ecclesiasticum
3462 3891 3756 3962 judicium,
3778 3908 3871 3949 non

2293 3979 2530 4047 forense,
2560 3984 2757 4039 debent
2783 3992 3057 4054 expetere.

2864 4075 3031 4141 Ibid.,
3059 4094 3177 4148 cap.
3212 4078 3301 4132 11.

2367 4162 2550 4237 (ναν.)
2577 4164 2861 4232 Ptenitens,
2896 4168 3002 4221 sive
3033 4178 3147 4238 post
3191 4169 3549 4238 panitentiam
3580 4172 3871 4241 negotiator.

2296 4287 2366 4297 —
2388 4258 2630 4324 Qualitas
2650 4257 2784 4312 lucri
2807 4266 2900 4313 aut
2920 4268 3145 4315 excusat
3170 4260 3560 4329 negotiantem,
3578 4271 3680 4316 aut
3694 4262 3875 4332 arguit,

2297 4351 2423 4421 quia
2452 4359 2533 4406 cst
2580 4352 2838 4407 honestus
2870 4361 3129 4421 qutestus,
3171 4360 3227 4407 et
3269 4352 3482 4422 turpis:
3517 4364 3875 4408 verumtamen

602 4462 730 4525 pter
765 4452 976 4508 Domini
1002 4452 1251 4506 timorem
1294 4449 1436 4519 apud
1474 4448 1721 4502 homines
1742 4446 2062 4501 erubescere
2085 4459 2191 4497 non
2223 4473 2272 4533 υ
2299 4442 2582 4513 ptenitenti
2612 4441 2795 4497 utilius
2841 4451 2926 4498 est
2963 4442 3239 4513 dispendia
3283 4445 3394 4513 pati
3433 4459 3601 4513 quam
3641 4443 3879 4515 periculis

607 4552 851 4611 veretur,
885 4552 1064 4598 tamen
1110 4542 1237 4612 quia
1283 4556 1389 4595 non
1434 4538 1675 4593 omnium
1714 4533 2019 4604 huiusmodi
2067 4542 2194 4593 sunt
2296 4537 2675 4609 negotiationis
2707 4536 2988 4606 obstringi,
3031 4537 3156 4604 quia
3187 4534 3403 4591 diﬁirile
3442 4545 3531 4592 est
3581 4537 3727 4592 inter
3765 4550 3879 4593 veo-

609 4644 853 4707 peccata,
890 4642 952 4688 ut
987 4648 1073 4697 ea,
1119 4632 1213 4702 qui
1262 4630 1634 4700 paenitentiam
1682 4634 1927 4696 poscunt,
1974 4639 2079 4679 non
2129 4624 2196 4679 ti-

611 4733 794 4782 meant
848 4723 1124 4795 publicare
1145 4762 1160 4787 ,
1205 4728 1549 4776 removeatur
1611 4715 1768 4790 [tam]
1829 4715 2197 4786 improbabilis

614 4818 945 4875 consuetudo
971 4834 985 4871 :
1020 4831 1088 4871 ne
1110 4814 1264 4869 multi
1289 4829 1320 4868 a
1344 4811 1677 4882 poenitentia:
1703 4809 1955 4863 remediis
1977 4823 2201 4862 arcean-

616 4919 729 4975 tur,
769 4909 897 4965 dum
925 4914 1019 4963 aut
1055 4905 1380 4961 erubescunt
1415 4911 1508 4958 aut
1538 4909 1784 4958 metuunt
1820 4899 2056 4955 inimicis
2088 4898 2202 4954 suis

618 5016 717 5056 sua
744 4999 886 5056 facta
927 4996 1179 5060 reserari,
1214 4995 1409 5065 quibus
1450 5001 1677 5064 possunt
1723 4992 1900 5064 legum
1942 4991 2204 5046 constitu-

619 5090 861 5146 tionibus
901 5087 1142 5160 percelli.
1194 5084 1401 5139 Sufﬁcit
1442 5086 1587 5140 enim
1638 5084 1728 5139 illa
1776 5082 2045 5139 confessio
2085 5099 2205 5153 qua:

568 5178 569 5181 “
622 5182 856 5253 primum
899 5179 1010 5234 Deo
1049 5177 1289 5241 oﬁ‘ertur,
1315 5184 1371 5230 et
1398 5175 1528 5249 [.4ι.,
1567 5184 1726 5242 tunc;
1751 5175 1848 5241 aL,
1885 5173 2020 5246 tum]
2044 5176 2206 5230 etiam

697 5330 724 5357 ι
752 5316 830 5373 Id.
858 5316 913 5372 in
953 5314 1073 5370 cod.
1105 5314 1266 5368 Barb.
1290 5329 1305 5377 ;
1334 5326 1470 5373 conc
1499 5329 1569 5367 iV.
1600 5310 1808 5374 Carth.,
1838 5327 1886 5365 c.
1906 5310 1999 5365 80.-

674 5389 724 5427 ’δ
747 5388 808 5444 C.
837 5386 905 5443 66
931 5385 984 5440 in
1015 5388 1067 5438 c.
1090 5383 1285 5451 Barb.;
1315 5398 1470 5437 conc.
1503 5399 1575 5437 ιγ.
1612 5380 1824 5444 Carth.,
1852 5396 1913 5451 c._
1933 5380 2041 5451 82.-

686 5472 720 5497 ι
753 5458 919 5515 Cone.
946 5449 1279 5518 vCarth.,c.
1311 5454 1368 5507 11
1395 5469 1410 5518 ;
1436 5454 1555 5509 cod.
1587 5467 1711 5509 can.
1743 5467 1861 5508 can.
1894 5449 1983 5506 27.

696 5530 724 5571 δ
756 5529 921 5585 Cone.
952 5524 1100 5581 Arei.
1134 5540 1195 5589 ιι,
1224 5540 1273 5579 c.
1295 5524 1384 5579 2i.

702 5614 726 5640 ο
754 5599 940 5671 Ejusd.
960 5610 1123 5671 conc.
1152 5610 1183 5650 c
1228 5595 1318 5650 22.

705 5672 724 5710 τ
749 5664 914 5726 Cone.
944 5665 1125 5722 Aurel.
1160 5680 1241 5719 ιιι.
1273 5681 1321 5720 c.
1351 5664 1441 5720 24.

707 5744 731 5783 ⁵
755 5741 919 5796 Cone.
947 5735 1192 5795 Arausic.
1233 5752 1273 5803 ι,
1302 5752 1348 5791 c.
1390 5735 1450 5791 I2

2296 4631 2486 4686 dentes
2526 4636 2581 4683 et
2624 4636 2867 4683 ementes
2902 4626 3156 4698 [ementis
3193 4625 3589 4697 vendentisque
3627 4640 3881 4682 commer-

2298 4717 2464 4788 cium]
2492 4735 2600 4773 non
2626 4717 2956 4773 intervenire
2977 4724 3280 4786 peccatum.

2869 4807 3035 4872 Ibid.,
3082 4825 3200 4877 cap.
3230 4807 3317 4860 15.

2371 4902 2472 4977 Qui
2505 4901 2666 4973 (Add.
2694 4910 2743 4955 et
2770 4916 2878 4955 nar.
2922 4900 2978 4953 in
3003 4898 3150 4968 cdd.)
3181 4899 3251 4953 ob
3282 4897 3663 4973 paenitentiam
3696 4898 3883 4961 timens

2302 4995 2508 5064 lapsum
2531 4991 2934 5047 incontinentiae
2953 4988 3231 5058 juvenilis,
3261 4990 3509 5061 copulam
3536 4992 3722 5046 uxoris
3752 5005 3883 5061 pne-

2303 5085 2544 5154 clcgerit,
2579 5083 2669 5157 [ne
2691 5084 2895 5137 crimen
2922 5081 3295 5137 fornicationis
3328 5082 3660 5155 incurreret]
3686 5082 3885 5136 videtur

2308 5192 2420 5251 rem
2475 5175 2668 5231 fecisse
2712 5173 2999 5238 venialem,
3046 5175 3089 5229 si
3135 5182 3331 5245 praeter
3369 5173 3652 5246 coniugem
3694 5173 3886 5230 nullam

2379 5322 2405 5351 η
2443 5319 2623 5379 ιιμιεο.
2655 5326 2811 5366 conc.
2843 5325 2894 5365 c.
2929 5310 3015 5364 15.

2386 5383 2402 5423 ί
2438 5378 2547 5445 ΑΙ..
2580 5380 2719 5435 Leon
2758 5379 2788 5435 I
2817 5379 3192 5452 ad_universos
3228 5379 3493 5452 episcopos
3536 5396 3629 5452 per
3674 5378 3887 5449 Campa-

2313 5453 2476 5515 niam,
2505 5452 2782 5508 Samnium
2811 5461 2860 5504 et
2885 5449 3140 5504 Picenum
3168 5449 3488 5505 constitutos.

2388 5522 2400 5572 i
2441 5524 2522 5577 Ad
2553 5522 2877 5589 Exnpcrium
2901 5519 3094 5590 episc.,
3127 5535 3245 5589 cap.
3278 5519 3332 5574 2.
3567 5520 3572 5524 ’

2389 5594 2415 5633 ¹ι
2447 5594 2613 5647 Cone.
2646 5592 2818 5646 Tolet.
2855 5604 2936 5656 ιιι,
2970 5606 3018 5644 c.
3051 5590 3138 5644 i2.

2394 5662 2411 5701 ι
2438 5663 2519 5717 Ad
2547 5663 2923 5734 inquisitiones
2959 5660 3165 5716 Rustici
3190 5659 3426 5717 Narbon.
