4020 6360
172 386 315 459 ιοτδ

165 603 277 659 lam
307 605 706 673 constituimus,
740 610 833 663 sed
859 611 1000 678 quod
1050 614 1120 666 sit
1164 615 1494 674 tolerabilius
1522 624 1755 677 aestima-

164 707 311 757 mus,
336 696 460 763 quia
492 694 628 750 nihil
660 697 709 750 ei
740 697 883 752 aliud
924 704 1191 770 congruit,
1242 707 1333 775 qui
1381 710 1753 777 pmnitentiam

163 785 355 856 gessit,
393 801 553 855 quam
591 790 855 844 castitatis
904 798 1303 859 perseverantia
1344 796 1592 869 [castitas
1640 818 1758 872 per-

162 888 426 929 severans
452 883 506 929 et
535 879 732 932 mentis
757 888 810 933 et
835 883 1104 954 corporis]

743 990 903 1054 Ibid.,
947 1010 1062 1063 cap.
1099 996 1180 1050 i9.

235 1090 303 1145 Hi
344 1092 435 1161 qui
462 1107 495 1148 a
524 1096 772 1164 gentibus
796 1098 936 1167 capti
965 1110 1108 1164 sunt,
1141 1104 1183 1156 si
1213 1105 1459 1160 convivio
1485 1108 1598 1163 solo
1627 1125 1755 1180 gen-

160 1180 342 1234 tilium
370 1185 510 1238 escis
546 1184 898 1242 immolatitiis
931 1190 1010 1242 usi
1041 1202 1184 1255 sunt,
1220 1197 1679 1268 possuntjejuniis
1703 1209 1755 1255 et

160 1284 361 1325 manus
397 1273 742 1342 impositione
767 1281 982 1349 purgari
1012 1281 1169 1351 (Add.
1203 1296 1249 1338 et
1276 1288 1411 1357 var.)
1437 1298 1492 1346 et
1513 1307 1756 1347 commu-

160 1362 372 1415 nicare.
406 1363 461 1417 Si
505 1374 685 1420 autem
715 1369 854 1424 idola
886 1371 1264 1442 adoraverunt,
1315 1388 1406 1434 aut
1451 1382 1754 1442 homicidiis

162 1452 252 1505 vel
283 1452 730 1512 fornicationibus
755 1465 1103 1519 contaminati
1137 1476 1283 1533 sunt,
1314 1470 1380 1524 ad
1419 1478 1753 1531 communio-

159 1558 291 1598 nem
317 1560 431 1610 eos,
469 1547 571 1602 nisi
617 1565 715 1619 per
746 1554 1119 1621 pmnitentiam
1156 1559 1472 1636 [publicam]
1510 1582 1615 1621 non
1655 1569 1752 1624 ad-

164 1633 335 1687 mitti.

598 1728 663 1783 ln
692 1729 824 1787 libro
843 1746 864 1773 α
882 1738 1053 1790 sancti
1076 1738 1325 1797 Pomerii.

159 1854 244 1909 De
262 1857 345 1910 his
361 1861 452 1928 qui
466 1862 665 1916 orcu’te
681 1878 894 1933 peccant
916 1881 962 1923 et
975 1875 1326 1941 paenitentiam
1350 1880 1546 1935 occulte
1567 1894 1746 1951 agunt.
1785 1891 1828 1951 Β

158 1974 236 1985 -
262 1945 330 2000 Hi
358 1964 485 2003 vero
506 1952 595 2019 qui
622 1954 675 2007 in
703 1956 883 2026 aliquo
907 1964 1072 2031 gradu
1095 1969 1372 2023 constituti
1400 1982 1545 2039 sunt,
1580 1983 1634 2027 et
1660 1992 1750 2031 oc-

158 2035 310 2091 culte
332 2038 537 2094 crimen
565 2044 874 2112 admittunt,
904 2050 1081 2121 (Mult.
1114 2056 1236 2109 add.
1276 2069 1321 2112 et
1363 2062 1497 2132 var.)
1533 2035 1751 2122 l‘acilius

158 2126 265 2182 sibi
294 2127 584 2187 Dominum
604 2135 906 2206 placabunt,
931 2145 1020 2213 qui
1042 2162 1146 2200 non
1166 2150 1397 2206 humano
1408 2126 1609 2221 judicio
1623 2175 1748 2213 con-

160 2218 287 2273 victi
314 2222 520 2277 crimen
557 2240 852 2296 agnoscunt
898 2253 909 2287 :
943 2238 1033 2305 qui
1064 2249 1156 2293 aut
1199 2245 1429 2314 propriis
1462 2247 1589 2306 illud
1622 2267 1751 2307 coa-

161 2306 490 2368 l‘essionibus
534 2316 785 2385 produnt,
838 2333 931 2378 aut
983 2332 1347 2391 nescientibus
1398 2339 1515 2394 aliis
1563 2345 1747 2411 quales

163 2397 262 2468 ipsi
290 2401 344 2454 in
374 2406 602 2461 occultis
624 2411 736 2465 suis
762 2414 888 2478 sint,
922 2418 973 2471 in
1016 2435 1074 2474 se
1105 2424 1414 2495 voluntariae
1442 2446 1761 2489 excommu~.

162 2488 457 2548 nicationis
492 2501 809 2555 sententiam
844 2503 1059 2561 ferunt:
1091 2521 1142 2565 et
1168 2514 1234 2568 ab
1261 2490 1416 2571 altari
1461 2522 1547 2575 cui
1589 2524 1751 2578 mini-

162 2582 431 2648 strabant,
456 2601 561 2640 nou
584 2590 781 2655 animo,
815 2596 908 2650 sed
931 2596 1104 2654 oﬁicio
1127 2608 1380 2672 separati,
1408 2609 1569 2665 vitam
1593 2629 1743 2668 suam

165 2675 317 2742 quasi
365 2688 630 2734 mortuam
669 2684 955 2755 plangunt;
1008 2695 1141 2748 certi
1196 2700 1356 2765 quod,
1404 2706 1745 2761 reconciliato

168 2762 266 2817 sibi
295 2764 429 2833 Deo,
464 2770 699 2829 eilieacis
738 2780 1067 2845 poenitentize
1110 2784 1392 2855 fructibus,
1438 2809 1543 2849 non
1572 2796 1744 2852 solum

173 2854 367 2909 amissa
411 2861 682 2929 recipient,
716 2869 808 2921 sed
853 2871 1015 2926 etiam
1050 2875 1194 2931 cives
1229 2894 1472 2949 supernae
1510 2886 1745 2943 civitatis

171 2941 371 3013 effecti,
398 2951 460 3005 ad
489 2954 681 3023 gaudia
708 2962 1030 3029 sempiterna
1056 2941 1386 3035 pervenient.

399 3084 465 3140 In
495 3092 1003 3155 concilio.CmIestini
1028 3121 1179 3176 papa:
1222 3109 1268 3175 δ,
1298 3129 1505 3184 cap.....

1027 412 1343 471 CANONES
1383 418 1671 477 SELECTI
1710 424 1804 477 EX
1844 426 1996 479 VET.
2038 427 2191 482 CAN.
2232 430 2563 487 COLLECT.

166 513 380 587 [aliam]
419 517 637 571 omnino
662 528 989 587 cognoverit.
1032 520 1088 575 ln
1112 540 1218 593 quo
1248 537 1423 582 tamen
1458 546 1562 586 non
1595 546 1752 601 regu—-
1780 544 1827 599 Α

3293 442 3431 497 1076

1856 550 1963 589 non
1996 536 2239 605 juvisset.
2294 538 2425 594 Cum
2454 551 2598 596 esset
2642 543 2693 595 in
2725 560 2898 613 pmua,
2934 548 3221 615 paenituit:
3261 560 3316 605 et
3340 567 3438 621 per

1838 624 2016 678 unius
2038 627 2301 681 sermonis
2320 631 2751 697 promissionem,
2782 634 3147 691 habitaculum
3177 639 3431 706 paradisi,

1855 713 1965 767 Deo
1994 719 2358 785 promittente,
2384 723 2700 788 promeruit.
2729 724 2864 780 Vera
2897 742 3025 797 ergo
3051 728 3117 782 ad
3147 729 3433 787 Dominum

1856 806 2133 859 conversio
2156 807 2207 860 in
2230 808 2432 863 ultimis
2453 812 2767 879 positorum,
2792 825 2969 871 mente
2994 820 3170 889 potius
3190 831 3271 876 est
3291 826 3437 878 msti-

1855 896 2067 959 manda,
2092 912 2251 965 quam
2280 909 2534 968 tempore,
2561 901 2824 973 Propheta
2848 906 2948 962 hoc
2969 918 3261 966 attestante
3291 911 3438 985 [tali-

1855 992 1939 1038 ter
1964 987 2258 1059 asserente]
2288 1007 2299 1041 :
2334 988 2461 1043 Cum
2490 1009 2762 1047 conversus
2793 996 2977 1065 fueris,
3020 1010 3067 1053 et
3096 1002 3433 1072 ingemuetis,

1857 1071 2023 1145 [tunc]
2066 1076 2238 1131 salvus
2277 1080 2397 1132 eris.
2431 1079 2562 1134 Cum
2593 1098 2720 1151 ergo
2763 1084 3018 1142 Dominus
3057 1091 3126 1145 sit
3155 1094 3331 1148 cordis
3359 1096 3436 1148 in-

1854 1175 2085 1235 spector,
2112 1170 2301 1236 quovis
2331 1181 2569 1241 tempore
2596 1192 2699 1230 non
2726 1187 2809 1230 est
2832 1180 3140 1251 deneganda
3163 1186 3431 1255 pmniten-

1855 1259 1928 1314 tia
1966 1261 2246 1328 pmnitenti
2300 1262 2656 1339 [postulanti],
2689 1284 2811 1323 cum
2851 1271 2925 1325 illi
2971 1289 3030 1329 se
3074 1276 3273 1347 obliget
3321 1277 3434 1351 [ille

1854 1366 1912 1405 se
1937 1353 2198 1427 obliquet]
2229 1355 2422 1424 Judici,
2455 1360 2539 1413 cui
2562 1361 2771 1416 occulta
2821 1367 3002 1420 omnia
3046 1371 3253 1425 noverit
3281 1387 3432 1427 reve-

1854 1441 1973 1496 lari.

2422 1536 2647 1598 CAPUT
2675 1542 2859 1597 LXIX.

2083 1662 2147 1700 ιιε
2186 1664 2271 1703 HIS
2307 1665 2394 1712 QUI
2434 1666 2643 1708 CONTRA
2682 1670 2914 1711 ρηοδες
2950 1673 3193 1715 ΡΑειυΝτ.

2205 1762 2386 1819 Canon
2412 1763 2869 1837 Chalcedonensis,
2894 1788 3001 1827 trra
3029 1772 3077 1827 1.

1927 1884 1949 1911 ο
1993 1874 2224 1945 Regulas
2267 1887 2575 1934 sanctorum
2622 1882 2843 1938 Patrum
2898 1901 2992 1954 per
3036 1887 3243 1956 singula
3287 1903 3430 1945 nunc

1838 1978 2021 2032 usque
2042 1967 2271 2021 concilia
2306 1972 2648 2037 constitutas,
2683 1975 2955 2043 proprium
2996 1977 3161 2031 robur
3189 1978 3430 2033 obtinent

1850 2054 2202 2113 decrevimus.

2504 2153 2642 2209 lEra
2686 2156 2770 2211 10.
2828 2232 2831 2235 ἰ

1918 2256 1943 2297 δ
1969 2258 2069 2325 Qui
2099 2262 2214 2315 ausi
2242 2260 2439 2317 fuerint
2466 2274 2583 2334 post
2607 2266 2971 2323 deﬁnitionem
3004 2285 3209 2339 magna:
3231 2278 3284 2325 et
3311 2273 3431 2325 uni-

1846 2350 2070 2406 vers:slis
2098 2351 2257 2422 hujus
2297 2355 2506 2424 synodi,
2562 2357 2855 2426 quidquam
2895 2375 2959 2412 ex
3011 2360 3093 2414 his
3142 2376 3261 2429 qua:
3302 2370 3428 2416 sunt

1846 2443 2114 2513 prohibita
2148 2453 2478 2520 perpetrare,
2512 2463 2540 2501 a
2566 2450 2782 2517 proprio
2813 2452 2979 2520 gradu
3012 2454 3281 2509 recedant.

2144 2560 2324 2617 Canon
2363 2561 2711 2628 Epaunensis,
2752 2584 2859 2622 a‘ra
2897 2568 2985 2624 40.

1836 2718 1839 2719 ν
1916 2667 2178 2735 Quocirca
2214 2673 2327 2730 haec
2354 2690 2473 2743 quae
2499 2692 2729 2747 superna
2759 2679 3111 2749 inspiratione
3153 2686 3425 2738 communi

1843 2773 2004 2827 sensu
2036 2761 2345 2838 [consensu]
2377 2768 2711 2836 placuerunt,
2758 2773 2805 2826 si
2845 2774 2965 2841 quis
2995 2784 3303 2829 sanctorum
3332 2792 3425 2829 an-

1844 2850 2071 2907 tistitum
2100 2854 2191 2923 qui
2221 2864 2419 2911 statuta
2452 2862 2738 2927 praesentia
2779 2864 3262 2934 subscriptionibus
3302 2881 3425 2935 pro-

1842 2944 1975 3012 priis
2002 2946 2372 3013 ﬁrmaverunt,
2405 2966 2505 3006 nec
2533 2968 2640 3007 non
2671 2961 2724 3008 et
2752 2969 2886 3024 quos
2925 2972 3110 3011 eorum
3137 2957 3279 3013 Deus
3306 2973 3427 3013 esse

1842 3036 2072 3091 voluerit
2091 3048 2453 3104 sumessores,
2484 3044 2670 3100 relicta
2701 3046 3008 3118 integritate
3034 3050 3427 3106 observationis

1842 3128 2155 3193 excesserit,
2186 3144 2333 3183 reum
2359 3148 2418 3186 se
2438 3133 2734 3190 divinitatis
2762 3138 2966 3207 pariter
2993 3148 3048 3195 et
3071 3138 3427 3198 fraternitatis

228 3195 563 3265 Agnovimus
598 3204 754 3274 (Var.
794 3211 847 3264 in
888 3215 1032 3287 edd.)
1072 3223 1331 3288 quosdam
1369 3229 1741 3296 paenitentiam
1767 3232 1813 3303 ε
1839 3216 2042 3288 india"
2072 3220 2310 3274 ίυίιπυω
2334 3237 2454 3276 esse
2482 3235 2771 3296 cognoscat

161 3286 518 3345 morientibus
547 3292 828 3368 denegare,
854 3319 951 3358 nec
993 3307 1201 3364 illorum
1238 3315 1516 3374 desideriis
1547 3324 1742 3390 annui,

158 3375 252 3443 qui
292 3377 475 3435 obitus
514 3384 595 3436 sui
626 3395 865 3459 tempore
894 3394 995 3451 hoc
1021 3401 1211 3457 anima:
1252 3420 1361 3461 suae
1408 3412 1627 3481 cupiunt
1654 3430 1743 3469 re-
1826 3416 1835 3420 ’

158 3467 342 3521 medio
381 3472 685 3531 subvenire.
724 3480 743 3551 (
761 3480 905 3556 Var.)
937 3488 1292 3561 liorrendum,
1318 3467 1505 3566 fateor,
1530 3521 1630 3560 nec
1654 3507 1744 3562 de-

156 3557 293 3614 bere
339 3571 500 3619 tantze
528 3567 816 3639 impietatis
855 3578 1085 3649 aliquem
1126 3557 1382 3655 reperiri,
1435 3602 1493 3648 ut
1536 3596 1602 3650 de
1646 3598 1743 3654 Dei

153 3650 381 3756 pietate,
408 3660 553 3724 quod
580 3663 720 3717 absit
746 3664 908 3736 [Edd.
934 3688 1036 3725 om.
1069 3650 1209 3744 quod
1236 3650 1417 3754 absit],
1451 3650 1741 3756 desperet:

152 3743 318 3811 quasi
334 3760 439 3800 non
458 3752 629 3817 possit
650 3755 715 3808 ad
732 3771 787 3810 se
811 3764 995 3827 quovis
1015 3772 1253 3836 tempore
1271 3780 1610 3832 concurrenti
1627 3796 1745 3837 suc-

150 3848 404 3900 currere,
427 3850 484 3893 et
504 3844 894 3912 periclitantem
916 3854 1015 3908 sub
1036 3871 1197 3914 onere
1210 3874 1550 3928 peccatorum
1574 3870 1746 3927 homi-

151 3937 287 3977 nem
312 3930 567 3995 pondere,
591 3949 698 4003 quo
719 3952 775 3992 se
800 3939 886 3995 ille
909 3947 1148 4012 expediri
1170 3951 1464 4019 desiderat,
1494 3956 1743 4016 libera‘re.

150 4012 305 4079 Quid
342 4018 461 4083 hoc,
500 4038 649 4093 rogo,
695 4028 838 4083 aliud
882 4043 965 4087 est
1014 4050 1174 4105 quam
1218 4046 1468 4100 morienti
1515 4060 1744 4107 mortem

148 4106 381 4175 addere,
434 4112 653 4185 ejusque
692 4122 928 4177 animam
978 4142 1074 4182 sua
1113 4134 1448 4204 crudelitate,
1492 4157 1561 4196 ne
1591 4145 1747 4200 abso-

148 4198 277 4254 luta
309 4216 430 4257 esse
455 4210 643 4275 possit,
690 4214 970 4272 occidere?
1002 4237 1123 4275 cum
1166 4223 1305 4281 Deus
1328 4230 1393 4283 ad
1422 4233 1743 4289 subvenien-

146 4290 291 4346 dum
327 4299 703 4363 paratissimus
732 4302 913 4377 (Var.)
946 4310 1135 4367 invitat
1173 4318 1239 4371 ad
1268 4322 1656 4389 pmniteutiam,
1691 4336 1747 4382 et

146 4382 244 4439 sie
284 4388 549 4455 promittit
586 4400 863 4463 peccaturi
896 4418 908 4455 :
937 4400 1003 4457 In
1036 4382 1348 4482 quacunque
1389 4414 1472 4468 die
1507 4428 1748 4486 peccator

145 4492 438 4534 conversus
470 4482 647 4551 fuerit,
688 4488 918 4560 [peccata
945 4498 1078 4570 ejus]
1123 4518 1225 4556 non
1256 4504 1648 4562 intentabantur
1674 4513 1742 4568 ei.

2174 3331 2356 3387 Canon
2384 3335 2791 3403 Aurelianensis,
2823 3358 2930 3395 trra
2955 3341 3022 3396 26
3051 3354 3096 3396 ο.

1914 3441 2017 3510 Qui
2046 3443 2193 3499 circa
2220 3445 2333 3500 hazc
2362 3462 2482 3516 quae
2527 3448 2636 3504 Deo
2689 3450 2985 3519 inspirante
3033 3461 3232 3508 statuta
3274 3464 3421 3519 sunt,

1844 3531 2032 3587 relicta
2083 3535 2473 3593 observationis
2516 3538 2845 3610 integritate,
2884 3543 3155 3599 custodire
3203 3544 3281 3616 [et
3321 3547 3422 3600 iiu-

1843 3623 2021 3696 plere]
2075 3626 2402 3695 neglexerit,
2455 3628 2646 3701 (Var.)
2702 3646 2851 3686 reum
2902 3648 2959 3687 se
3001 3633 3181 3689 divino
3219 3633 3424 3703 judicio

1843 3730 1963 3770 esse
2006 3724 2295 3786 cognoscat
2340 3735 2353 3770 :
2397 3718 2523 3787 quia
2567 3735 2800 3776 canones
2846 3738 2985 3777 suos.
3024 3740 3123 3779 nec
3174 3724 3424 3794 ignorare

1844 3807 2094 3876 cuiquam
2128 3805 2494 3881 [quemquam]
2528 3826 2625 3865 nec
2655 3812 2993 3869 dissimulare
3015 3816 3366 3884 permittitur.

2238 3920 2419 3976 Canon
2453 3922 2752 3979 Maticensis
2782 3925 2825 3991 τ,
2852 3944 2960 3982 (ει-α
2987 3928 3040 3982 4.

1914 4025 2111 4083 Omnes
2138 4028 2362 4103 [autem]
2391 4033 2480 4101 qui
2508 4033 2847 4092 deﬁnitiones
2875 4047 3087 4095 nostras
3116 4055 3214 4109 per
3236 4042 3423 4099 inobev

1846 4117 2100 4175 dientiam
2144 4136 2403 4177 evacuare
2443 4128 2793 4193 contendunt,
2837 4133 3179 4191 anathemate
3221 4136 3425 4203 percel-

1846 4208 2045 4268 lantur.

2500 4286 2639 4342 zEra
2663 4288 2696 4343 ὅ
2725 4292 2771 4343 ⁸.

1918 4391 1974 4446 Si
2000 4394 2119 4463 quis
2157 4403 2334 4451 autem
2365 4408 2653 4455 contumax
2693 4403 2887 4457 nostris
2934 4405 3150 4459 statutis
3187 4407 3421 4464 saluber-

1846 4484 1998 4539 rimis
2018 4485 2197 4554 fuerit,
2224 4504 2255 4541 a
2283 4490 2537 4547 membris
2557 4492 2808 4549 Ecclesiae
2835 4495 2980 4550 omni
3006 4503 3242 4570 tempore
3266 4514 3420 4575 sepa-

144 4565 254 4629 Et,
288 4566 428 4621 Nolo
466 4583 681 4628 mortem
732 4565 1036 4650 peccatoris,
1062 4565 1165 4641 sed
1214 4600 1269 4643 ut
1314 4606 1658 4664 convertitur,
1698 4610 1742 4655 et
1776 4589 1820 4649 ο
1849 4582 2013 4630 κων·

144 4658 320 4712 vivat.
361 4659 601 4719 Salutem
650 4684 777 4741 ergo
820 4674 1020 4732 homini
1052 4681 1239 4737 adimit
1274 4688 1515 4756 quisquis
1553 4693 1744 4748 mortis

145 4757 407 4818 tempore
443 4752 767 4832 {speratam]
808 4768 1179 4833 pmnitentiam
1211 4752 1491 4847 denegavit
1521 4797 1533 4833 :
1571 4790 1626 4835 et
1655 4784 1745 4839 de-

145 4843 405 4909 speravit
426 4845 491 4900 de
519 4849 801 4909 clementia
825 4857 937 4923 Dei,
967 4863 1056 4929 qui
1078 4878 1201 4918 eum
1228 4867 1295 4920 ad
1324 4870 1744 4929 subveniendum

146 4934 417 4989 morienti
455 4938 715 5009 sullieere,
744 4946 828 5001 vel
860 4947 936 5020 [in
976 4956 1268 5028 momento]
1305 4973 1460 5027 posse
1490 4978 1594 5018 non
1622 4980 1743 5020 cre-

148 5020 321 5077 didit.
358 5022 681 5087 Perdidisset
704 5034 843 5091 latro
871 5043 1149 5111 prmmium
1178 5047 1231 5101 in
1252 5020 1414 5104 cruce
1442 5052 1509 5105 ad
1545 5051 1745 5110 Christi

144 5111 445 5170 dexteram
474 5122 733 5191 pendens,
770 5128 816 5182 si
854 5130 1004 5185 illum
1048 5136 1204 5191 unius
1244 5138 1391 5194 horae
1431 5144 1744 5210 poenitentia

237 5282 264 5310 ι
298 5270 507 5361 Ιΐίιιῧιι
529 5276 594 5331 de
637 5280 757 5361 Vita
784 5286 1220 5361 contemplativa,
1253 5308 1366 5361 cap.
1421 5295 1470 5348 7.
1502 5327 1573 5335 —
1598 5297 1746 5355 Libri

152 5350 279 5424 εἶρε
310 5342 375 5424 de
402 5344 519 5424 Vita
551 5353 960 5424 gantemplativa
993 5342 1045 5410 i'n
1074 5342 1564 5420 Decretoirts‘ira'tiani
1820 5412 1823 5413 ν

148 5411 435 5501 ρρρςίρυε
458 5414 531 5497 1)..
553 5411 798 5501 ντρερριίί
829 5425 984 5501 vulgo
1014 5429 1107 5501 sed
1127 5411 1743 5501 falso-ipsi-

148 5481 589 5572 c'l“es_ta-tur_'enim
625 5481 857 5572 lsi-dorus
882 5481 1222 5572 liispalenSis
1235 5481 1387 5572 'ca'bi'

147 5551 531 5640 Scrip'to‘ribus
548 5559 944 5640 ecclesiasticis,
971 5551 1445 5629 borum—librorum
1469 5586 1744 5640 auctorem

144 5636 280 5715 ess’e
307 5620 578 5681 Julianum
605 5620 1120 5715 Pomeriumiquem
1145 5657 1357 5712 quoque
1391 5620 1747 5715 preeseferuni

147 5691 377 5772 codices
424 5710 567 5781 mss;
604 5691 993 5781 antiquissimi,-
1030 5691 1356 5781 interﬁt);
1393 5691 1744 5776 Ire‘cvensemus

147 5761 429 5850 optimum
451 5766 687 5850 codicem
719 5761 938 5850 capituli
962 5761 1366 5850 Bellovacensi's,
1398 5787 1535 5842 sicut
1564 5789 1631 5843 ad
1658 5794 1744 5845 me

150 5830 384 5901 scripsit
406 5832 709 5898 Ludovicus
738 5830 894 5903 Haslé
915 5830 1523 5929 facultatisDa‘ris‘ievnsis
1554 5857 1743 5918 doctor

2188 4669 2369 4726 Conon
2398 4672 2774 4746 Lugdunensis,
2806 4696 2914 4733 tera
2940 4679 3010 4734 50
3034 4682 3081 4736 ιι.

1916 4780 2040 4836 Περο
2069 4799 2196 4838 vero
2224 4800 2342 4854 quae
2376 4801 2405 4839 a
2440 4788 2593 4843 nobis
2624 4790 2970 4861 inspiratione
2996 4795 3172 4850 divina
3200 4796 3417 4854 deﬁnita

1846 4885 1969 4930 sunt
1998 4876 2250 4948 [tractata
2281 4879 2365 4933 vel
2404 4880 2556 4936 ﬁnita
2603 4882 2770 4955 sunt],
2823 4886 3064 4956 quisquis
3103 4890 3422 4957 excesserit,

1849 4968 2007 5039 (Add.
2061 4982 2111 5025 et
2158 4973 2292 5044 var.)
2344 4989 2493 5029 reum
2541 4992 2600 5032 se
2647 4978 2946 5036 divinitatis
2985 4985 3219 5040 examini
3260 4989 3418 5058 quasi

1847 5057 2145 5114 divinorum
2174 5068 2539 5132 transgressor
2574 5067 2966 5136 mandatorum,
2997 5085 3146 5128 reum
3186 5091 3244 5131 se
3285 5092 3416 5133 cun-

1847 5149 1969 5204 cilio
1993 5149 2342 5210 fraternitatis
2368 5154 2607 5215 futurum
2637 5176 2757 5218 esse
2782 5177 3086 5234 cognoscat.

1848 5299 2188 5356 doctissimus
2220 5312 2274 5356 et
2302 5307 2479 5363 socius
2507 5308 2852 5369 Sorbonicus.

1918 5370 1944 5408 ι)
1968 5370 2065 5449 Ep.
2095 5371 2309 5455 lecst.
2334 5376 2351 5429 l
2388 5379 2453 5432 ad
2479 5381 2757 5506 (gnscopos
2789 5388 3078 5455 provinciae
3101 5390 3413 5453 Viennensis

1939 5438 2320 5506 Narboneusrs,
2346 5462 2464 5506 can.
2531 5489 2545 5504 .

1847 5447 1903 5496 et
1939 5438 2320 5517 Narbonensis,
2346 5462 2464 5517 cap.
2492 5438 2545 5506 Ξ.

1921 5520 1942 5586 σέ
1974 5509 2171 5586 l_uterp.
2201 5509 2418 5586 Dionysi

1916 5579 1944 5671 tl
1974 5579 2374 5671 garum‘ditl‘ert
2410 5590 2478 5645 ab
2508 5590 2702 5671 int_e_rp.
2741 5596 2959 5671 Dionys.

1922 5662 1945 5725 ξ
1973 5648 2134 5725 ρους.
2164 5652 2346 5725 Aurel.
2372 5675 2456 5725 ιιι,
2485 5676 2533 5715 c.
2565 5648 2653 5720 35.‘

1923 5720 1942 5759 ί
1973 5719 2135 5775 Cone.
2171 5719 2545 5785 Matisconens.
2582 5749 2640 5788 ιι.

1921 5793 1944 5831 κ
1973 5790 2153 5859 Ejusd.
2172 5807 2324 5849 conc.
2350 5798 2421 5853 id.
2454 5816 2501 5854 c.

1854 5932 1869 5937 μ
1910 5862 1945 5911 .h
1978 5860 2138 5919 Cone.
2164 5863 2533 5937 Lugdunensis
2562 5889 2601 5941 ι,
2630 5892 2676 5929 e.

2716 5876 2764 5931 5.
