4020 6360
239 386 381 446 1077

1085 382 1403 438 CANONES
1438 383 1720 438 SELEGTI
1757 381 1849 434 EX
1891 383 2045 438 VET.
2089 384 2245 440 CAN.
2287 385 2616 443 COLLECT.

3301 395 3306 400 ’
3348 391 3487 449 1078

309 502 366 557 9.
407 498 485 556 De
525 498 818 568 baptismo,
838 504 893 552 et
940 498 1388 566 periclitantibus,
1431 507 1488 554 et
1524 505 1679 569 partu
1717 510 1808 550 εει-
1835 498 1887 556 A
1912 497 2265 568 omnipotenti
2297 499 2406 554 Deo
2433 501 2605 570 possit
2633 500 2867 571 placere,
2895 501 3122 559 sollicite
3147 504 3332 576 eligas,
3357 516 3412 561 et
3433 509 3484 563 in

237 607 383 647 rum.

308 681 397 734 10.
439 680 514 734 De
539 679 698 734 enisa
729 679 972 743 muliere,
999 688 1093 733 aut
1117 688 1464 736 meustruata.

307 774 397 830 ll.
438 774 513 828 De
539 775 683 829 coitu
712 790 835 830 cum
859 775 1073 844 propria
1099 791 1286 829 uxore.

305 864 396 920 12.
440 863 516 918 De
544 863 788 922 illusione
811 879 931 932 quze
959 864 1012 916 in
1043 865 1246 919 somnis
1272 865 1484 919 accidit.

231 989 261 1019 ⁸
287 990 580 1031 ηεειιιρτλ
620 987 778 1029 ΒΕΛΤΙ
824 988 1071 1028 ςκεϐοιιιι
1123 988 1268 1026 ΡΛΡᾸΞ
1292 997 1304 1009 ³
1325 988 1392 1026 Αἰ)
1431 987 1765 1027 Αυουετικυι
1790 1014 1804 1039 ,

300 1061 446 1114 ρυειι
471 1061 571 1100 1³Βο
595 1060 655 1101 δε
686 1061 738 1099 IN
759 1060 1025 1100 SAXONIAI
1048 1061 1114 1098 AD
1144 1060 1532 1098 PILEDICANDUI
1565 1059 1734 1098 IlSl'l'.

295 1159 328 1198 ιι
359 1158 509 1212 Beati
552 1157 702 1211 Pauli
727 1155 795 1210 ad
831 1155 1170 1210 Timotheum
1217 1163 1483 1209 testantur
1522 1155 1805 1224 Epistolas,

224 1252 282 1308 in
312 1251 511 1322 quibus
529 1265 652 1305 eum
681 1249 897 1304 erudire
919 1249 1144 1312 studuit,
1171 1247 1401 1316 qualiter
1424 1263 1546 1302 eum
1576 1249 1628 1302 in
1650 1249 1807 1303 domo

224 1343 328 1398 Dei
357 1341 664 1397 conversari
691 1340 1022 1410 oportuisset
1065 1337 1403 1410 [debuisset].
1455 1338 1568 1393 Mos
1606 1347 1687 1392 est
1713 1355 1808 1392 au-

225 1444 339 1489 tem
387 1432 529 1486 sedis
559 1429 880 1500 apostolicae,
925 1429 1190 1483 ordinatis
1235 1429 1502 1498 episcopis
1539 1437 1840 1498 praecepta-

221 1523 467 1587 tradere,
493 1529 553 1575 ut
579 1536 644 1575 ex
672 1521 817 1574 omni
847 1519 1114 1590 stipendio
1145 1520 1289 1588 quod
1333 1519 1534 1573 accidit
1571 1527 1806 1588 quatuor

220 1613 462 1669 debeant
485 1611 600 1666 fieri
621 1612 896 1682 portiones
920 1630 933 1665 :
963 1625 1068 1664 una
1097 1610 1347 1665 videlicet
1371 1611 1626 1679 episcopo
1648 1618 1702 1664 et
1726 1608 1804 1664 fa-

221 1704 422 1767 miliae,
470 1713 690 1772 propter
731 1701 1151 1772 hospitalitatem
1205 1700 1284 1772 [et
1346 1697 1798 1770 susceptionem];

217 1794 332 1849 alia
360 1793 536 1858 clero;
570 1793 726 1846 tertia
755 1791 1107 1862 pauperibus:
1139 1799 1329 1860 quarta
1365 1790 1613 1844 ecclesiis
1637 1804 1798 1859 repa-

1911 584 2204 655 Anglorum
2235 588 2496 654 Ecclesia,
2525 605 2644 660 quae
2666 591 2843 647 adhuc
2877 593 2928 647 in
2959 592 3062 648 fide
3090 610 3227 648 nova
3273 603 3376 660 cst,
3406 597 3486 651 in-

1910 677 2193 733 stitutione
2237 681 2539 750 prtecipua,
2571 696 2691 753 qua:
2734 684 2798 738 de
2838 685 3020 739 multis
3059 687 3302 742 ccclesiis
3336 687 3486 742 colli-

1908 782 2035 837 gere
2060 770 2302 839 potuisti,
2331 771 2597 826 infundas.
2627 771 2742 827 Non
2769 776 2914 831 enim
2944 791 3043 846 pro
3065 775 3198 832 locis
3240 793 3347 844 res,
3389 779 3486 834 sed

1909 870 2006 926 pro
2025 858 2178 912 bouis
2204 858 2365 930 [12'ch
2383 878 2486 919 om.
2513 863 2688 935 bonis]
2714 866 2874 919 rebus
2896 865 3012 920 loca
3035 865 3240 940 [nobis]
3256 870 3485 926 amanda

1909 955 2052 1002 sunt.
2083 949 2159 1004 Ex
2185 951 2410 1021 singulis
2435 969 2563 1024 ergo
2591 957 2892 1026 quitusque
2916 959 3163 1016 ecclesiis
3185 960 3204 1031 (
3220 959 3489 1032 Var.).tna

1908 1035 2220 1095 fraternitas
2246 1057 2367 1111 qua:
2409 1044 2518 1116 pia,
2550 1061 2670 1114 quae
2711 1048 2990 1118 religiosa,
3023 1065 3142 1119 quae
3178 1060 3335 1106 recta
3357 1061 3484 1108 sunt

1907 1130 2087 1202 eligat.
2126 1134 2191 1188 Et
2219 1135 2332 1190 hare
2370 1137 2523 1206 quasi
2553 1138 2606 1192 in
2635 1137 2893 1195 fasciculo
2932 1142 3176 1210 collecta,
3201 1143 3341 1214 apud
3369 1144 3482 1201 An-

1907 1222 2117 1292 glorum
2145 1230 2355 1280 mentes
2379 1226 2433 1281 in
2463 1231 2905 1285 consuetudinem
2930 1242 3114 1302 ponat.

1941 1313 1994 1367 5.
2021 1314 2170 1385 (Var.
2193 1325 2248 1370 et
2275 1318 2398 1372 add.
2427 1320 2480 1373 in
2507 1320 2628 1376 edd.
2651 1322 2896 1390 passim.)
2924 1323 3000 1376 De
3021 1323 3178 1392 furtis
3194 1322 3442 1379 ecclesiar.

1973 1404 2051 1459 Ex
2091 1420 2320 1475 persona
2350 1406 2486 1464 furis
2510 1425 2740 1479 pensare
2779 1421 2993 1485 oportet
3031 1414 3262 1482 qualiter
3307 1415 3488 1469 valeat

1905 1497 2125 1568 corrigi.
2155 1497 2294 1552 Sunt
2320 1501 2465 1554 enim
2505 1501 2722 1572 quidam
2747 1503 2862 1572 qui,
2899 1503 3160 1559 habentes
3210 1505 3445 1560 subsidia
3467 1545 3482 1568 ,

1906 1588 2106 1644 furtum
2132 1600 2472 1662 perpetrant;
2503 1601 2558 1647 et
2594 1603 2720 1649 sunt
2747 1595 2834 1648 alii
2873 1596 2965 1665 qui
2994 1610 3059 1650 ex
3088 1590 3262 1666 inopia
3291 1611 3483 1667 perpe-

1907 1689 2049 1734 trant
2065 1680 2446 1756 [delinquunt].
2469 1684 2616 1739 Unde
2632 1700 2850 1741 necesse
2865 1694 2947 1740 est
2969 1687 3228 1757 quosdam
3243 1688 3479 1751 damnis,

1903 1773 2164 1839 quosdam
2190 1787 2319 1827 vero
2338 1774 2538 1837 verbis,
2559 1782 2615 1826 et
2636 1774 2770 1829 alios
2800 1775 2991 1839 levius,
3012 1775 3146 1830 alios
3163 1792 3291 1830 vero
3305 1777 3486 1832 distri-

219 1881 431 1940 randis.
456 1849 562 1938 Sed
593 1890 682 1936 tua
697 1849 1010 1936 fraternitas
1031 1849 1342 1936 monasterii
1358 1881 1560 1950 regulis
1585 1849 1800 1935 erudita

1906 1860 2046 1914 ctius
2067 1860 2283 1930 corrigi.
2317 1861 2384 1916 Et
2410 1877 2533 1916 cum
2558 1862 2831 1930 paululum
2858 1864 3156 1919 districtius
3185 1866 3382 1936 agitur,
3412 1878 3481 1920 ex

216 1989 469 2030 seorsum
497 1973 676 2027 vivere
707 1987 812 2026 non
838 1973 997 2026 debet
1021 1987 1050 2025 a
1079 1971 1293 2026 clericis
1329 1970 1441 2024 suis
1467 1971 1520 2024 in
1565 1968 1808 2024 Ecclesia

217 2065 544 2136 Anglorum,
575 2079 694 2133 qua:
721 2072 943 2118 auctore
977 2063 1087 2116 Deo
1117 2076 1288 2134 nuper
1313 2059 1378 2113 ad
1415 2061 1572 2114 ﬁdem
1613 2059 1806 2128 perdu-

218 2163 313 2211 cta
339 2165 462 2211 est:
491 2157 631 2212 hanc
660 2155 816 2209 debet
846 2153 1312 2208 conversationem
1343 2151 1655 2214 instituere,
1687 2165 1807 2218 qua:

220 2245 448 2304 ininitio
462 2246 735 2300 nascentis
750 2245 1002 2301 Ecclesia:
1016 2243 1114 2298 fuit
1125 2243 1367 2313 patribus
1381 2243 1601 2306 nostris,
1621 2242 1673 2295 in
1689 2241 1806 2312 qui—

219 2334 327 2394 bus
338 2336 536 2402 nullus,
553 2335 708 2406 (Var.
724 2337 777 2388 in
797 2335 940 2406 edd.)
955 2350 1072 2404 qua:
1087 2333 1397 2403 possidebat
1409 2348 1593 2387 eorum
1609 2332 1804 2402 aliquid

219 2443 382 2486 suum
408 2443 530 2483 esse
555 2429 786 2492 dicebat,
814 2428 1079 2483 sederant
1105 2427 1183 2481 eis
1210 2427 1391 2481 omnia
1425 2427 1731 2481 communia
1754 2437 1800 2480 ε.

305 2519 358 2573 2.
397 2518 477 2573 De
511 2517 816 2574 clericorum
851 2516 1139 2588 stipendiis,
1171 2517 1259 2586 qui
1290 2533 1476 2570 uxores
1501 2516 1718 2571 ducunt.

297 2609 357 2664 Si
387 2609 478 2679 qui
505 2625 633 2664 vero
658 2618 798 2670 sunt,
833 2609 923 2680 qui
953 2609 1093 2663 intra
1127 2606 1326 2683 [extra]
1371 2623 1557 2662 sacros
1586 2608 1804 2664 ordines

227 2698 500 2756 constituti
547 2713 604 2752 se
645 2698 926 2752 continere
970 2713 1075 2751 non
1103 2707 1349 2767 possunt,
1377 2698 1560 2753 sortiri
1605 2714 1802 2754 uxores

232 2788 444 2854 debent,
473 2798 528 2844 et
555 2789 818 2859 stipendia
849 2804 944 2844 sua
972 2790 1209 2844 exterius
1230 2791 1497 2859 accipere,
1522 2791 1647 2860 quia
1667 2791 1802 2844 scri-

234 2889 380 2954 ptum
416 2889 530 2934 est:
581 2879 922 2935 Dividcbalur
965 2879 1208 2950 singulis,
1249 2890 1401 2950 prout
1447 2882 1628 2952 tuique
1670 2897 1798 2951 Opus

233 2981 361 3026 erat.
394 2968 467 3024 De
487 2985 670 3025 eorum
698 2985 908 3040 quoque
932 2971 1198 3041 stipendio
1224 2970 1590 3042 [cogitandum
1612 2971 1794 3043 atque]

225 3060 608 3134 providendum
626 3070 728 3127 est,
754 3063 916 3116 etsub
930 3061 1182 3117 Ecclesia}
1211 3063 1395 3132 regula
1410 3072 1534 3118 sunt
1557 3064 1792 3130 tenendi,

225 3161 283 3211 ut
311 3152 468 3207 bonis
506 3153 744 3209 moribus
767 3155 947 3209 vivant
972 3164 1026 3210 et
1056 3154 1311 3210 canendis
1337 3155 1557 3224 psalmis
1605 3156 1795 3226 invigi—
1825 3193 1872 3256 ϐ

220 3247 355 3310 lent,
383 3254 438 3300 et
459 3245 526 3299 ab
555 3245 803 3300 omnibus
829 3245 1030 3300 illicitis
1053 3261 1150 3300 cor
1177 3253 1231 3301 et
1260 3246 1498 3317 linguam
1520 3255 1574 3301 et
1603 3261 1799 3317 corpus

221 3334 335 3392 Deo
360 3344 583 3392 auctore
611 3344 948 3393 conservent.
979 3335 1138 3407 (Add.
1169 3336 1224 3391 in
1250 3335 1396 3405 edd.)

435 3448 490 3502 '5.
531 3445 606 3501 De
642 3447 904 3501 communi
932 3446 1057 3513 vita,
1088 3444 1163 3500 vel
1193 3444 1530 3514 eleemosynis
1554 3441 1604 3497 ἀ.

294 3568 321 3598 θ
349 3555 471 3612 Jam
500 3555 870 3612 deficientibus
894 3555 1231 3626 portionibus
1256 3553 1345 3626 [de
1375 3553 1636 3610 faciendis
1671 3569 1798 3624 por-

219 3647 512 3720 tionibus],
545 3649 611 3704 de
633 3649 937 3706 exhibenda
977 3648 1345 3719 hospitalitate
1370 3658 1426 3704 et
1462 3647 1800 3719 adimplenda

215 3740 631 3806 misericordia,
682 3740 839 3796 nobis
893 3740 1021 3810 quid
1065 3739 1172 3795 erit
1218 3738 1581 3809 loquendum?
1631 3739 1801 3795 Omne

214 3832 366 3903 quod
417 3842 681 3903 superest,
736 3833 789 3887 in
844 3833 1024 3889 causis
1079 3832 1536 3905 [necessitatibus]
1578 3834 1681 3904 piis
1736 3850 1801 3889 ac

212 3925 490 3996 religiosis
522 3925 846 3995 erogandum
894 3934 998 3989 est,
1031 3925 1259 3980 Domino
1286 3933 1342 3980 et
1384 3926 1643 3995 magistro
1685 3941 1800 3979 om-

213 4014 372 4072 nium
399 4014 609 4069 dicente
633 4031 646 4068 :
679 4014 831 4081 Quod
859 4023 1128 4085 superest,
1154 4014 1277 4070 date
1297 4015 1718 4086 eleemosynam,
1747 4024 1801 4071 et

210 4117 352 4160 ecce
377 4104 558 4158 omnia
587 4105 784 4159 munda
809 4114 952 4160 sunt.
1517 4117 1524 4122 ‘

443 4195 497 4249 4.
530 4195 679 4267 (Var.
709 4197 762 4251 in
785 4196 930 4268 edd.)
959 4197 1036 4251 De
1064 4198 1221 4252 missa
1250 4196 1578 4252 celebranda.

292 4306 454 4378 (Add.
472 4307 676 4380 interr.)
700 4307 920 4372 Noverit
947 4309 1262 4365 fraternitas
1290 4319 1378 4364 tua
1409 4311 1664 4366 Romanae
1699 4311 1796 4368 Ec-

210 4400 874 4466 clesizeconsuetudinem,
906 4402 959 4456 in
987 4417 1092 4470 qua
1119 4399 1304 4474 (ναν.)
1334 4404 1569 4457 nutritus
1591 4418 1669 4458 es.
1691 4403 1796 4458 Sed

214 4493 355 4548 mihi
393 4493 588 4563 placet,
625 4501 686 4548 ut
720 4494 836 4554 sive
862 4494 916 4547 in
949 4493 1212 4559 Romana,
1242 4496 1354 4548 sive
1399 4494 1452 4548 iu
1477 4494 1791 4555 Galliarum.
1820 4525 1871 4584 υ

209 4585 336 4639 sive
366 4583 419 4637 in
446 4582 683 4653 qualibet
703 4581 941 4638 Ecclesia
977 4583 1177 4653 aliquid
1203 4583 1452 4639 invenisti
1493 4585 1634 4652 quod
1673 4583 1791 4653 plus

254 4750 320 4862 ηε
352 4736 481 4859 Vdar.
511 4735 634 4791 edd.
664 4735 781 4792 Yid.
811 4736 1020 4806 epistol.
1050 4735 1113 4789 51
1141 4735 1234 4790 lib.
1269 4752 1344 4790 xu
1375 4736 1579 4807 Regist.
1631 4738 1789 4808 epist.

307 4848 320 4860 .
351 4821 383 4860 e
425 4846 439 4858 .

212 4815 320 4862 ult.
351 4815 439 4860 ed.

293 4875 600 4950 b_Quaedam
624 4875 746 4950 add.
774 4875 829 4929 in
851 4875 972 4930 edd.
996 4875 1202 4931 scilicet
1220 4875 1532 4946 interrogat.
1564 4875 1789 4950 August.

211 4956 274 5003 et
302 4946 430 5016 alia,
459 4952 600 5016 εἰς..
623 4946 677 4999 in
707 4945 868 5016 Resp.

293 5027 318 5055 ι
347 5015 542 5071 Petrus
569 5015 990 5070 Gussanvillzeus
1018 5022 1164 5070 recte
1191 5015 1580 5070 animadvertit
1609 5018 1660 5070 in
1706 5017 1794 5072 illa

211 5085 452 5156 epistola
477 5085 653 5155 aliqua
695 5099 821 5152 esse,
852 5101 971 5156 quae
997 5101 1026 5138 a
1056 5087 1211 5155 genio
1239 5085 1296 5139 S.
1342 5085 1586 5156 Gregorii
1623 5088 1795 5142 aliena

213 5157 494 5211 videntur.
526 5156 704 5222 Quare
729 5170 791 5210 ea
821 5157 1119 5226 praesertim
1147 5156 1376 5210 notanda
1403 5165 1527 5210 sunt
1551 5173 1668 5226 qua:
1689 5173 1796 5212 non

214 5226 417 5296 recipit
445 5226 690 5281 collectio
728 5225 1100 5294 antiquissima
1133 5234 1189 5280 et
1229 5225 1637 5280 accuratissima
1673 5229 1791 5281 cod.

213 5295 377 5361 Heri,
403 5311 524 5350 cum
550 5311 619 5350 ex
641 5296 772 5366 ipsis
795 5303 978 5365 pateat
1002 5311 1246 5364 quaenam
1277 5297 1329 5350 in
1360 5296 1444 5350 ed.
1477 5297 1642 5350 red“
1665 5297 1792 5351 'eut.

287 5367 315 5407 ά
343 5367 404 5422 ln
425 5366 522 5420 ult.
555 5368 639 5421 ed.
668 5381 773 5420 non
800 5366 1016 5436 disting.
1047 5381 1076 5418 a
1097 5380 1220 5436 sup.
1255 5381 1372 5435 cap.

295 5449 319 5477 ε
348 5437 425 5491 De
455 5437 540 5491 his
571 5437 645 5490 ila
677 5436 842 5491 sentit
866 5437 952 5490 vir
972 5433 1220 5490 eruditus
1247 5436 1299 5490 in
1324 5433 1437 5490 suis
1462 5435 1602 5489 notis
1640 5449 1654 5488 :
1690 5454 1706 5484 ι
1740 5433 1796 5491 1η

213 5508 397 5581 prima
443 5523 612 5581 resp._,
665 5506 860 5576 inquit,
904 5504 1021 5581 jam
1063 5505 1414 5581 denquatuor
1465 5505 1798 5581 portionibus

215 5575 426 5640 actum,
475 5575 667 5631 et'vita
717 5575 1018 5630 communis
1063 5575 1265 5630 indiCta
1309 5590 1324 5628 ε
1371 5590 1470 5630 nec
1500 5583 1617 5630 erat
1657 5575 1798 5645 quod

215 5647 492 5718 superbis
517 5663 621 5718 non
641 5654 872 5718 rogatus
919 5645 1289 5718 responderet.
1301 5667 1339 5718 ί»
1372 5645 1797 5718 Recteiquidcm

219 5715 461 5780 notatur,
489 5717 618 5771 illud
637 5715 775 5787 idem
795 5715 906 5783 jam
935 5715 1094 5784 supra
1111 5730 1231 5770 esse
1263 5716 1490 5781 dictum;
1523 5717 1568 5770 si
1592 5715 1799 5787 legatur

217 5797 281 5842 ut
331 5789 384 5842 in
431 5787 515 5843 ed.
563 5787 670 5843 Sed
721 5786 879 5840 aliam
910 5801 1133 5845 prorsus
1175 5802 1293 5841 esse
1343 5786 1689 5856 qmcstioncm
1747 5795 1799 5840 ct

1906 1954 2193 2018 charitate,
2223 1969 2328 2008 non
2352 1968 2418 2008 ex
2443 1952 2626 2010 furore
2656 1957 2925 2025 agendum
2946 1964 3064 2016 est:
3095 1956 3219 2026 quia
3248 1958 3345 2026 ipsi
3372 1957 3476 2011 hoc

1904 2053 2193 2116 praestatur
2221 2046 2312 2114 qui
2339 2047 2650 2116 corrigitur,
2675 2063 2741 2102 ne
2768 2048 3010 2118 gehenna
3050 2048 3262 2118 ignibus
3302 2049 3483 2104 trada-

1907 2145 2009 2191 tur.
2041 2135 2132 2191 Sic
2160 2137 2305 2191 cnim
2334 2153 2431 2192 nos
2458 2137 2704 2192 ﬁdelibus
2731 2139 3070 2208 disciplinam
3099 2148 3283 2194 tenere
3319 2139 3479 2196 debe-

1905 2244 2046 2291 mus,
2079 2227 2216 2281 sicut
2244 2227 2366 2282 boni
2401 2237 2584 2298 patres
2628 2229 2937 2284 carnalibus
2966 2229 3090 2284 filiis
3121 2231 3316 2294 solent,
3347 2245 3484 2301 quos

1903 2326 1958 2373 et
2010 2332 2108 2388 pro
2145 2317 2318 2387 culpis
2354 2319 2666 2374 verberibus
2719 2319 2948 2386 feriunt;
3000 2329 3054 2374 et
3111 2330 3293 2375 tamen
3337 2309 3483 2390 ipsos

1903 2424 2038 2478 quos
2065 2408 2338 2464 doloribus
2369 2408 2608 2480 afﬂigunt
2647 2409 2846 2465 habere
2888 2411 3130 2466 hacredcs
3176 2419 3423 2482 quzerunt
3461 2425 3480 2465 :

1901 2507 2106 2569 etquae
2149 2499 2426 2569 possident
2471 2500 2574 2555 illis
2613 2510 2830 2556 servant
2881 2517 3016 2571 quos
3056 2501 3264 2573 insequi
3293 2503 3481 2558 viden-

1900 2600 2007 2644 tur.
2049 2589 2175 2646 Ilaec
2205 2606 2334 2661 ergo
2363 2592 2600 2646 Charitas
2629 2593 2682 2646 in
2713 2602 2893 2647 mente
2929 2594 3155 2648 tenenda
3194 2601 3299 2658 est,
3326 2592 3398 2647 ita
3421 2601 3484 2648 ut

1901 2693 2054 2733 mens
2096 2688 2251 2736 extra
2292 2681 2519 2735 rationis
2567 2681 2810 2752 regulam
2856 2682 3076 2737 omnino
3110 2682 3245 2736 nihil
3289 2682 3473 2737 faciat.

1899 2770 2176 2837 Quomodo
2200 2779 2379 2828 autem
2407 2772 2608 2828 furtum
2638 2774 2787 2828 reddi
2811 2774 3034 2828 debeat?
3055 2775 3196 2830 absit
3220 2783 3278 2829 ut
3296 2775 3484 2830 Eccle-

1899 2862 1978 2916 sia
2011 2877 2134 2916 cum
2173 2872 2514 2918 auctomento
2543 2864 2771 2932 recipiat
2796 2864 2937 2934 quod
2967 2864 3033 2918 de
3057 2864 3287 2918 terrenis
3317 2865 3480 2919 rebus

1898 2952 2110 3006 videtur
2137 2954 2382 3009 amisisse
2409 2964 2463 3009 et
2485 2955 2632 3010 lucra
2656 2956 2721 3010 de
2751 2956 2904 3010 vanis
2932 2955 3186 3027 [damnis]
3212 2972 3476 3027 quarrcrc.

2003 3045 2054 3100 6.
2099 3044 2276 3116 (Van)
2307 3046 2384 3100 De
2415 3047 2659 3117 conjugio
2687 3063 2802 3100 cum
2833 3047 3139 3118 propinquis
3163 3048 3347 3100 mixto.

1969 3132 2038 3188 Et
2058 3133 2272 3203 quidem
2299 3137 2542 3204 quaedam
2583 3135 2668 3190 lex
2709 3136 3074 3191 Romanorum
3127 3136 3205 3209 [In
3231 3136 3476 3192 Romana

1906 3223 2202 3296 republica]
2229 3225 2514 3294 permittit,
2540 3233 2599 3280 ut
2636 3227 2749 3281 sive
2785 3226 3001 3292 fratris,
3028 3236 3083 3282 et
3127 3228 3352 3291 sororis,
3383 3243 3478 3282 seu

1907 3317 2136 3370 duorum
2162 3317 2661 3387 germanorum,vel
2684 3319 2911 3372 duarum
2943 3335 3191 3373 sororum
3242 3318 3382 3374 filius
3425 3329 3483 3374 et

1905 3407 2013 3462 filia
2038 3408 2383 3462 misceantur.
2420 3407 2524 3461 Sed
2551 3408 2923 3476 experimento
2949 3409 3254 3473 didicimus,
3281 3425 3346 3463 ex
3384 3409 3479 3464 tali

1902 3493 2150 3563 coniugio
2171 3494 2406 3548 sobolem
2450 3511 2554 3549 non
2578 3509 2735 3563 posse
2757 3511 3117 3551 succrescere.
3153 3495 3173 3534 ΐ
3205 3496 3354 3551 Unde
3380 3513 3478 3552 ne-

1901 3599 2052 3640 cesse
2073 3593 2174 3650 est,
2209 3585 2372 3639 etiam
2399 3585 2558 3640 tertia
2580 3585 2666 3639 vel
2704 3588 2729 3625 ε
2758 3593 2950 3656 quarta
2974 3586 3321 3656 generatione
3344 3585 3476 3640 fide-

1903 3678 1979 3732 les
2004 3679 2230 3732 licenter
2253 3676 2603 3748 conjungere.
2629 3677 2763 3731 Nam
2801 3679 3036 3733 secunda
3077 3693 3240 3748 quam
3285 3677 3482 3748 praedi-

1903 3767 2078 3823 ximus
2108 3769 2210 3822 hac
2237 3783 2294 3822 se
2321 3767 2374 3839 [a
2401 3767 2480 3838 se]
2511 3768 2822 3822 omnimodo
2843 3768 3001 3822 debet
3027 3767 3318 3822 abstinere.
3342 3765 3482 3823 Cum

1899 3875 2129 3914 noverca
2154 3867 2331 3913 autem
2355 3859 2590 3923 misceri,
2617 3874 2778 3929 grave
2800 3869 2882 3914 est
2909 3857 3135 3924 facinus,
3169 3858 3295 3928 quia
3323 3855 3401 3930 [et
3425 3859 3480 3913 in

1903 3949 2042 4022 lege]
2068 3950 2328 4022 scriptum
2352 3958 2464 4004 est:
2485 3948 2880 4019 Turpitudinem
2909 3950 3074 4019 patris
3105 3950 3182 4002 tui
3212 3965 3315 4002 non
3343 3965 3484 4002 rere-

1897 4039 2032 4094 labis
2058 4039 2214 4111 (Var.
2237 4050 2285 4094 et
2311 4039 2462 4111 add.)
2487 4040 2552 4093 Et
2576 4039 2668 4109 qui
2707 4040 3092 4109 turpitudinem
3118 4055 3364 4096 noverca:
3397 4055 3480 4095 re-

1899 4129 2062 4195 velat,
2091 4129 2475 4200 turpitudinem
2497 4131 2670 4200 patris
2697 4130 2920 4195 revelal,
2939 4146 3062 4185 cum
3089 4147 3193 4201 qua
3216 4147 3322 4186 una
3350 4148 3480 4186 caro

1902 4223 2102 4276 dudum
2131 4221 2248 4276 fuit.
2279 4221 2440 4294 (Add.
2467 4231 2514 4277 et
2549 4221 2701 4294 Var.)
2730 4222 2968 4292 Cognata
2993 4238 3122 4277 vero
3149 4221 3478 4292 perconjun-

1899 4313 2130 4367 ctioneiu
2148 4311 2333 4366 fratris
2349 4313 2425 4365 tui
2449 4327 2604 4366 soror
2626 4320 2713 4366 tua
2733 4311 2870 4366 facta
2887 4322 2990 4366 cst.
3009 4312 3034 4351 ιι
3055 4311 3110 4366 Si
3136 4326 3265 4366 vero
3292 4313 3344 4364 in
3368 4310 3478 4364 An-

1897 4401 2106 4471 glorum
2130 4410 2308 4472 gente,
2334 4399 2518 4473 (Van)
2542 4402 2666 4456 dum
2691 4410 2834 4457 esset
2863 4403 2916 4457 in
2947 4403 3281 4466 infidelitate,
3313 4400 3482 4471 aliqui

1899 4491 2026 4546 huic
2068 4491 2300 4548 nefando
2349 4493 2598 4564 coniugio
2628 4492 2848 4548 fuerunt
2883 4493 3127 4558 admixti,
3155 4494 3480 4550 admonendi

1895 4588 2040 4648 sunt,
2057 4590 2187 4636 utse
2206 4583 2508 4638 abstineant
2531 4592 2586 4638 et
2611 4583 2935 4654 pceniteaut:
2957 4583 3139 4644 (.4dd.]
3163 4599 3267 4639 non
3297 4592 3479 4639 tamen

1896 4737 2116 4808 maximi
2159 4737 2438 4808 momenti,
2473 4739 2667 4808 probat
2693 4737 2852 4792 lectio
2872 4738 3020 4792 varia
3044 4736 3163 4791 cod.
3203 4735 3475 4794 llcrovall.

1971 4807 1992 4845 τ
2027 4807 2087 4878 lu
2119 4809 2203 4862 ed.
2229 4807 2657 4878 quzedam.ina|e
2694 4809 3133 4878 interponuntur.

1970 4879 1995 4917 ε
2033 4877 2150 4931 Vid.
2175 4887 2288 4930 not.
2320 4877 2463 4930 Petri
2495 4877 2759 4932 Gussanv.

1964 4947 1992 4986 ιι
2033 4946 2132 5000 llic
2175 4947 2363 5014 incipit
2402 4962 2477 5000 vn
2511 4947 2805 5016 Resp.,sed
2843 4947 3045 5002 rectius
3091 4947 3145 5001 in
3197 4947 3320 5003 coll.
3351 4963 3476 5003 cum

1896 5025 2086 5085 agatur
2119 5016 2183 5069 de
2210 5017 2394 5069 eadem
2426 5018 2740 5085 qumstioue.
2763 5019 2880 5072 V'id.
2911 5026 3022 5071 not.
3048 5016 3474 5074 PetriGussanv.

1894 5087 2011 5140 Alia
2039 5087 2090 5139 in
2119 5086 2202 5139 ed.
2233 5085 2354 5158 add.
2389 5087 2593 5142 scilicet
2613 5088 2680 5141 ab
2707 5088 2790 5141 his
2819 5087 2997 5142 verbis
3023 5105 3174 5142 soror
3200 5099 3291 5142 tua
3335 5089 3478 5158 facta

1896 5166 1989 5221 est,
2021 5171 2190 5224 usque
2214 5156 2280 5209 ad
2312 5157 2357 5208 si
2387 5173 2525 5222 vero,
2556 5159 2622 5212 t‘e
2661 5158 2857 5226 quibus
2892 5158 2970 5212 sic
3015 5160 3095 5212 vir
3138 5156 3382 5213 eruditas
3421 5158 3477 5213 in

1897 5227 2009 5298 suis
2041 5227 2181 5298 uotis
2210 5241 2230 5298 :7
2261 5244 2278 5275 ι
2311 5241 2408 5295 pro
2430 5243 2532 5296 qua
2567 5243 2622 5280 re
2646 5226 2877 5298 Joannes
2911 5227 3173 5298 Baptista,
3205 5238 3335 5294 ctc.,
3364 5229 3482 5282 haec

1897 5296 2194 5371 disparilia,
2221 5297 2417 5364 inquit,
2435 5314 2539 5371 non
2568 5297 2869 5371 miscuisset
2899 5296 3119 5371 san—ctus
3141 5299 3432 5371 Gregorius
3459 5315 3474 5371 ξ

1898 5359 2040 5419 ειΙῐῗιά
2072 5368 2266 5436 quippe
2296 5359 2378 5421 est
2400 5359 2612 5422 misceri
2648 5369 2802 5421 uxori
2831 5367 3020 5422 fratris
3045 5359 3304 5433 viventis,
3332 5368 3478 5422 aliud

1897 5438 2115 5509 mortui,
2148 5446 2206 5490 ut
2236 5452 2301 5490 cx
2329 5439 2496 5492 veteri
2535 5437 2649 5509 lege
2694 5446 2932 5504 constat,
2965 5447 3066 5493 etc.
3098 5440 3358 5494 Existimo
3387 5445 3475 5509 to:

1899 5513 2008 5560 tam
2043 5508 2181 5578 hanc
2225 5505 2647 5576 appendicem'a
2700 5508 2930 5578 quodam
2981 5510 3356 5564 concionatore
3406 5505 3477 5578 ad

1899 5577 2197 5648 marginem
2249 5575 2476 5648 pusitam
2522 5575 2818 5643 fuissefde
2867 5593 2969 5648 qua
3007 5578 3364 5648 [postmodum
3419 5575 3475 5629 in

1899 5653 2104 5718 textum
2155 5647 2389 5718 irrepsit.
2421 5647 2535 5701 Non
2567 5648 2699 5704 solet
2731 5647 2950 5703 sanctus
2990 5647 3279 5718 Gregorius
3305 5653 3476 5718 [extra

1901 5717 2124 5789 chorum
2155 5715 2373 5789 saltare,
2407 5727 2459 5770 et
2481 5733 2616 5772 rosa
2648 5720 2920 5789 proposito
2949 5715 3155 5789 alienas
3177 5715 3478 5789 admiscere

1904 5797 2014 5842 tam
2047 5787 2253 5860 frigide.
2289 5809 2306 5842 ›
2355 5789 2503 5854 Quod
2535 5787 2923 5858 absquc’ullius
2966 5788 3083 5842 cod.
3130 5787 3476 5846 auctoritate.
