4020 6360
607 373 750 430 ιοτθ

1459 372 1777 430 CANO‘NES
1815 371 2102 427 SELECTI
2140 371 2232 428 EX
2274 374 2428 430 V'E'I'.
2472 373 2628 430 CAN.
2669 376 3005 434 COLLECT.

3726 379 3855 435 £080

605 503 702 556 pro
724 486 827 543 hac
850 500 928 552 re,
956 501 1117 556 quam
1142 486 1453 559 ignoranter
1473 495 1600 540 ante
1617 484 1943 556 baptismum
1956 481 2178 544 commi?
2205 485 2257 544 Α
2286 484 2590 555 rit,grat_ias
2611 497 2796 544 actura
2822 489 2988 542 intret
3011 487 3314 551 ecclesiam,
3331 488 3477 544 nullo
3501 492 3713 559 peccati
3731 507 3856 560 pon-

604 589 812 642 serunt,
832 580 1210 635 communione
1235 580 1512 648 priventur
1536 591 1584 632 α.

921 675 973 726 7.
1017 673 1092 726 De
1137 672 1553 726 ordinationibus
1584 671 1859 742 faciendis.

675 763 886 834 (Quwd.
922 761 1268 833 praecedunt.)
1299 761 1543 830 Episcopi
1572 776 1676 814 non
1709 761 1868 829 longo
1897 757 2178 812 intervallo

603 855 748 910 inter
771 871 828 908 se
854 853 1250 923 disjungantur,
1275 863 1333 906 ut
1359 853 1426 906 ad
1466 852 1823 906 ordinandum
1869 851 2176 922 episcopum

605 947 713 1000 tres
741 954 834 999 aut
866 954 1100 1014 quatuor
1123 945 1411 1004 convenire
1435 943 1642 1012 possint
1668 960 1680 995 :
1730 940 1908 1010 (Mult.
1956 940 2082 994 add.
2129 949 2176 992 et

601 1037 737 1105 nar.)
770 1037 896 1106 quia
940 1035 1100 1090 aliter
1147 1035 1262 1089 ﬁeri
1314 1049 1419 1088 non
1471 1042 1704 1104 oportet.
1755 1032 1888 1086 Nam
1937 1033 1989 1086 in
2046 1032 2178 1101 ipsis

601 1128 760 1184 rebus
780 1126 1132 1197 spiritalibus,
1150 1135 1209 1181 ut
1229 1127 1498 1196 sapienter
1511 1133 1564 1180 et
1582 1134 1788 1180 mature
1802 1125 2174 1195 disponantur,

598 1217 901 1289 exemplum
943 1217 1160 1271 trahere
1199 1232 1228 1269 a
1279 1217 1442 1270 rebus
1494 1215 1657 1269 etiam
1705 1214 2012 1270 carnalibus
2055 1229 2177 1282 pos-

596 1324 803 1363 sumus.
857 1308 1015 1364 Certe
1069 1309 1212 1363 enim
1269 1308 1396 1361 dum
1438 1306 1686 1377 coujugia
1733 1305 1809 1377 [in
1845 1304 2064 1377 mundo]
2089 1320 2177 1358 ce-

559 1408 564 1416 '
597 1396 900 1464 lcbrantur,
933 1396 1201 1468 conjugati
1230 1398 1428 1466 quique
1456 1405 1716 1451 vocantur
1745 1404 1805 1449 ut
1843 1395 1935 1465 qui
1983 1395 2036 1448 in
2089 1394 2175 1449 via

589 1485 700 1556 jam
749 1490 983 1560 conjugii
1024 1499 1414 1559 prmcesserunt
1462 1490 1514 1544 in
1555 1489 2005 1559 subsequentibus
2042 1503 2176 1557 quo-

596 1595 702 1648 que
728 1581 922 1649 gaudio
959 1581 1307 1640 misceantur.
1341 1581 1451 1636 Cur
1488 1597 1594 1637 non
1626 1596 1756 1650 ergo
1800 1581 2079 1635 nobiscum
2119 1580 2174 1633 in

593 1672 696 1725 hac
719 1671 945 1740 spiritali
971 1673 1334 1738 ordinatione,
1359 1688 1462 1742 qua
1489 1689 1587 1742 per
1615 1689 1828 1728 sacrum
1859 1673 2174 1743 mysterium

594 1762 756 1815 homo
784 1763 890 1816 Deo
919 1763 1284 1834 conjungitur,
1310 1764 1446 1818 tales
1471 1765 1815 1829 conveniant,
1856 1765 1948 1834 qui
1975 1764 2027 1816 in
2051 1777 2177 1832 pro-

2276 572 2406 630 dere
2427 586 2647 646 gravatu
2657 578 2962 647 r.Voluptas
2974 579 3118 634 enim
3133 580 3333 644 carnis,
3348 596 3453 634 non
3467 581 3624 635 dolor
3635 581 3692 635 in
3709 583 3852 653 culpa

2277 674 2378 723 est.
2419 666 2604 740 (Add.)
2655 669 2712 723 Si
2764 671 2909 724 enim
2938 671 3154 725 enixam
3195 671 3470 726 mulierem
3509 673 3856 741 prohibemus

2277 758 2558 812 ecclesiam
2595 759 2816 822 intrare,
2849 762 3016 831 ipsam
3061 763 3109 816 ei
3142 778 3357 832 poenam
3397 778 3552 818 suam
3606 764 3664 818 in
3707 766 3852 837 culpa

2277 847 2620 918 depu'amus.
2649 850 2915 920 Baptizari
2946 862 3125 908 autem
3158 854 3241 909 vel
3287 855 3500 909 enixam
3545 856 3848 922 mulierem,

2277 936 2359 988 vel
2381 937 2482 991 hoc
2508 940 2651 1007 quod
2679 940 2943 1008 genuerit,
2959 941 3004 996 si
3028 944 3220 998 mortis
3247 942 3388 1014 [sine
3414 945 3592 1017 mora]
3620 947 3848 1014 periculo

2276 1036 2518 1096 urgetur,
2548 1028 2630 1081 vel
2662 1029 2775 1099 ipsa
2820 1031 2952 1085 hora
2999 1033 3186 1086 eadem
3243 1050 3349 1104 qua
3400 1036 3593 1106 gignit,
3628 1037 3713 1090 vel
3758 1039 3848 1094 hoc

2276 1116 2415 1185 quod
2452 1118 2706 1187 gignitur,
2753 1120 2941 1175 cadent
2988 1121 3121 1176 hora
3165 1137 3270 1192 qua
3317 1133 3504 1178 uatum
3553 1134 3672 1188 est,
3716 1127 3847 1182 nullo

2276 1209 2436 1263 modo
2464 1210 2782 1278 prohibetur
2815 1230 2826 1264 :
2861 1213 2985 1282 quia
3010 1215 3182 1267 sancti
3217 1215 3458 1285 mysterii
3490 1217 3675 1286 gratia
3722 1218 3846 1272 sicut

2273 1301 2580 1357 viventibus
2611 1312 2772 1373 atque
2801 1305 3233 1360 discernentibus
3257 1322 3381 1361 cum
3410 1322 3614 1378 magna
3658 1309 3847 1364 discre-

2276 1393 2420 1448 tione
2463 1396 2789 1464 providenda
2817 1406 2920 1459 est,
2949 1397 3023 1450 ita
3067 1398 3151 1454 his
3186 1399 3382 1468 quibus
3409 1415 3561 1453 mors
3591 1400 3842 1464 imminet,

2274 1486 2390 1541 sine
2418 1487 2522 1541 ulla
2548 1487 2803 1546 dilatione
2827 1488 3166 1558 proferenda,
3192 1505 3258 1543 ne
3280 1491 3407 1544 dum
3437 1491 3625 1545 adhuc
3653 1500 3845 1560 tempus

2274 1576 2340 1632 ad
2370 1578 2716 1645 praebendum
2769 1581 3086 1650 mysterium
3135 1583 3525 1650 redemptionis
3572 1584 3839 1652 quaeritur,

2274 1667 2666 1726 interveniente
2708 1672 2982 1742 paululum
3019 1689 3169 1727 mora
3211 1672 3406 1744 [morte
3433 1671 3602 1744 male]
3631 1675 3841 1728 inveniri

2275 1776 2382 1815 non
2412 1762 2589 1817 valeat
2608 1763 2699 1832 qui
2731 1764 3044 1818 redimatur.

593 1852 791 1908 fectum
830 1855 1063 1925 episcopi
1093 1856 1171 1927 [in
1211 1855 1452 1926 profectu
1476 1855 1728 1927 ordinati]
1771 1856 2052 1926 gaudeant,
2086 1854 2169 1908 vel

2343 1871 2369 1911 δ
2400 1871 2483 1926 10.
2517 1872 2694 1944 (γυ.)
2734 1873 2812 1928 De
2870 1875 3024 1928 enixa
3071 1875 3312 1940 muliere,
3352 1885 3447 1929 aut
3477 1853 3481 1858 ’
3507 1885 3834 1930 mnum.

589 1961 690 2014 pro
713 1945 829 2013 ejus
853 1948 1095 2002 custodia
1117 1943 1471 2018 omnipotenti
1492 1947 1601 2002 Deo
1623 1962 1810 2017 preces
1828 1947 2030 2018 pariter
2059 1946 2169 2000 Deo

559 2063 563 2066 -
592 2035 859 2090 fundant?

596 2145 626 2186 δ
654 2145 706 2200 9.
737 2146 815 2200 De
853 2148 1129 2218 baptismo,
1160 2160 1208 2204 et
1233 2150 1666 2222 periclitantibus,
1698 2160 1746 2205 et
1773 2159 1928 2222 partu
1963 2166 2164 2204 earum.

661 2268 684 2296 ο
729 2257 918 2313 Mulier
963 2276 1246 2331 praegnans
1296 2261 1314 2332 (
1327 2260 1477 2333 Var.)
1517 2269 1692 2331 potest
1724 2261 2014 2330 baptizari,
2045 2277 2168 2315 cum

589 2367 697 2405 non
735 2352 804 2407 sit
834 2362 959 2408 ante
988 2354 1374 2424 omnipotentis
1403 2355 1496 2409 Dei
1542 2356 1729 2410 oculos
1783 2355 1937 2424 culpa
1989 2353 2167 2424 aliqua

587 2441 890 2498 fecunditas
922 2441 1168 2516 [carnis].
1201 2443 1334 2498 Nam
1363 2461 1483 2500 cum
1510 2445 1684 2516 primo
1719 2453 1969 2515 parentes
1996 2444 2167 2498 nostri

588 2534 939 2604 deliquissent
971 2537 1023 2595 in
1060 2537 1330 2610 paradiso,
1359 2537 1819 2592 immortalitatem
1868 2553 2030 2607 quam
2073 2553 2166 2592 ac-

559 2621 562 2624 ’
587 2635 867 2697 ceperant,
895 2637 1042 2693 recto
1073 2629 1164 2686 Dei
1186 2627 1388 2697 judicio
1410 2629 1776 2698 perdiderunt.
1821 2628 1955 2696 Quia
1986 2629 2166 2699 itaque

587 2715 731 2771 idem
757 2717 1096 2788 omnipotens
1128 2718 1269 2774 Deus
1292 2721 1587 2783 humantun
1609 2735 1778 2791 genus
1802 2719 1854 2778 in
1883 2719 2037 2789 culpa
2069 2734 2166 2773 sua

588 2808 830 2873 funditus
861 2812 1206 2884 exstinguere
1248 2813 1442 2878 noluit,
1466 2822 1520 2869 et
1560 2813 2019 2874 immortalitatem
2064 2815 2162 2869 ho-

587 2902 716 2962 mini
751 2918 848 2974 per
903 2915 1186 2975 peccatum
1237 2905 1357 2977 [pro
1385 2907 1627 2978 peccato]
1659 2924 1811 2962 suum
1840 2909 2082 2972 abstulit,
2111 2916 2168 2964 et

589 2991 772 3063 (ναν.)
797 2992 1182 3064 benignitatem
1209 3011 1319 3054 sua:
1340 2996 1556 3066 pietatis
1600 2998 1928 3052 fecunditate
1968 2997 2166 3052 sobolis

586 3083 668 3144 eis
695 3085 1010 3147 reservavit.
1045 3085 1196 3152 Quod
1223 3102 1350 3154 ergo
1411 3087 1588 3159 (Matt.
1618 3088 1749 3159 cur.)
1797 3105 1902 3144 non
1957 3098 2165 3147 natura:

2348 1998 2371 2026 ε
2399 1987 2478 2041 Ad
2501 1988 2778 2042 mulierem
2824 1989 3037 2042 enixam
3071 1988 3157 2060 [ad
3185 1991 3301 2060 ejus
3326 2006 3458 2047 vero
3483 1994 3834 2066 concubitum]

2271 2076 2354 2130 vir
2379 2092 2507 2132 suus
2529 2079 2784 2132 accedere
2814 2095 2919 2132 non
2947 2080 3124 2143 debet,
3154 2083 3509 2152 quoadusque
3535 2084 3830 2152 prolesque

2270 2167 2527 2238 gignitur,
2561 2168 2877 2222 ablactetur.
2931 2168 3102 2224 Prava
3144 2179 3322 2225 autem
3364 2173 3416 2225 in
3441 2175 3817 2244 coniugatorum

2270 2260 2511 2315 moribus
2555 2261 2886 2317 consuetudo
2915 2265 3170 2318 surrexit.
3219 2273 3276 2318 ut
3317 2265 3563 2321 mulieres
3601 2266 3824 2322 infantes

2269 2367 2395 2406 suos
2423 2353 2542 2407 aliis
2577 2353 2891 2410 mulieribus
2937 2354 3093 2426 (Var.
3123 2357 3346 2428 etadd.)
3381 2358 3448 2412 ad
3503 2359 3832 2414 nutriendum

2269 2444 2505 2498 tradant.
2539 2445 2691 2512 Quod
2719 2462 2781 2500 ex
2826 2446 2937 2502 sola
2981 2463 3142 2501 causa
3187 2449 3592 2504 incontinentiae
3638 2451 3836 2504 videtur

2269 2533 2564 2598 inventum,
2596 2536 2722 2605 quia
2756 2537 2881 2590 dum
2913 2553 2970 2592 se
2999 2539 3277 2592 continere
3303 2541 3515 2605 nolunt,
3548 2541 3836 2611 despiciunt

2265 2623 2468 2679 lactare
2489 2641 2622 2695 quos
2643 2627 2884 2698 gignunt.
2927 2628 3018 2682 Hae
3049 2630 3230 2700 itaque
3270 2647 3391 2701 qua:
3427 2630 3571 2686 filios
3612 2649 3737 2688 suos
3776 2651 3836 2689 ex

2265 2732 2430 2788 prava
2454 2721 2841 2775 consuetudine
2873 2721 2990 2775 aliis
3013 2723 3078 2775 ad
3107 2723 3454 2777 nutriendum
3488 2726 3731 2788 tradunt,
3746 2727 3838 2781 nisi

2264 2809 2600 2879 purgationis
2630 2819 2838 2881 tempus
2867 2813 3164 2875 transierit,
3191 2814 3321 2867 viris
3349 2815 3462 2868 suis
3509 2831 3622 2870 non
3666 2817 3840 2871 debent

2268 2900 2552 2955 admisceri
2585 2919 2596 2954 :
2626 2902 2752 2972 quia
2794 2910 2848 2957 et
2878 2902 2992 2957 sine
3022 2913 3209 2972 partus
3239 2919 3426 2968 causa,
3455 2921 3585 2959 cum
3631 2907 3839 2961 insuetis

2268 2990 2586 3064 [consuetis]
2622 2981 2913 3049 menstruis
2957 2997 3286 3059 detinentur,
3311 2997 3441 3050 viris
3482 2999 3602 3052 suis
3642 2999 3835 3053 misceri

2265 3084 2650 3153 prohibentur;
2681 3087 2754 3140 ita
2781 3095 2841 3142 ut
2863 3094 3036 3140 morte
3065 3086 3148 3140 lex
3180 3102 3332 3141 sacra
3357 3087 3539 3152 feriat,
3558 3089 3609 3143 si
3635 3090 3753 3159 quis
3769 3089 3837 3143 vir

588 3175 852 3239 humanm,
887 3177 979 3231 sed
1004 3178 1388 3248 omnipotentis
1413 3179 1506 3234 Dei
1531 3180 1671 3234 dono
1698 3191 2031 3235 reservatum
2059 3192 2160 3245 est,
2189 3192 2236 3256 ο
2269 3177 2335 3230 ad
2380 3185 2767 3237 menstruatam
2821 3177 3151 3252 [mulierem]
3198 3179 3437 3232 accedat.
3491 3179 3632 3246 Quae
3680 3190 3836 3233 tamen

588 3282 694 3336 qua
728 3268 1154 3339 ratiopepoterit
1181 3270 1322 3329 sacri
1370 3272 1710 3341 baptismatis
1759 3274 1933 3344 gratia
1979 3275 2164 3344 prohi-

587 3358 739 3413 heri?
775 3358 832 3414 In
881 3359 974 3415 illo
1013 3361 1210 3432 quippe
1238 3363 1605 3433 mystcrio,in
1634 3380 1740 3434 quo
1783 3366 1960 3420 omnis
2007 3367 2165 3437 culpa

590 3447 832 3505 funditus
857 3451 1239 3522 exstinguitur,
1265 3451 1420 3508 valde
1462 3454 1683 3510 stultum
1723 3463 1828 3519 est,
1875 3456 1919 3510 si
1965 3457 2165 3518 donum

587 3539 773 3612 gratia:
801 3542 1093 3596 contradici
1121 3557 1279 3612 posse
1323 3544 1586 3598 videatur.
1635 3545 1770 3600 Cum
1823 3561 1952 3601 vero
2007 3548 2163 3608 enixa

587 3631 771 3695 fuerit,
799 3640 919 3702 post
948 3642 1079 3703 quot
1104 3634 1299 3690 debeat
1345 3635 1463 3690 dies
1511 3636 1704 3691 mulier
1749 3637 2031 3692 ecclesiam
2078 3640 2163 3692 in-

590 3721 974 3786 trare,Veteris
997 3723 1321 3778 Testamenti
1348 3732 1674 3794 praeceptum
1687 3733 1769 3780 est
1787 3725 2167 3796 [praeceptione

590 3812 822 3873 didicisti
838 3813 870 3885 ι,
896 3821 954 3871 ut
982 3829 1081 3885 pro
1115 3813 1356 3868 masculo
1383 3816 1452 3870 53
1483 3816 1689 3879 diebus,
1718 3832 1816 3887 pro
1845 3816 2041 3871 femina
2071 3834 2168 3871 au-

591 3913 700 3958 tem
731 3905 798 3961 66
827 3907 1014 3970 diebus
1039 3906 1231 3962 debeat
1263 3907 1554 3962 abstinere.
1596 3907 1667 3978 (ν
1673 3908 1778 3978 ar.)
1813 3908 1920 3964 Sed
1966 3910 2081 3964 htec
2112 3911 2164 3964 iu

591 3997 851 4066 mysterio
870 3997 1224 4067 accipiuntur.
1250 3998 1385 4054 Nam
1411 3999 1456 4053 si
1480 3999 1611 4053 hora
1638 3999 1824 4054 eadem
1842 4015 1947 4070 qua
1970 4016 2170 4069 genue-

592 4129 687 4201 sed
714 4129 836 4201 sola
860 4129 1325 4201 perspicacitegsui
1362 4130 1562 4201 ingenii
1585 4131 1671 4186 hic
1691 4129 1896 4200 profert
1933 4132 2016 4185 vir
2041 4148 2167 4187 ern-

589 4200 752 4263 ditus,
787 4199 912 4255 illud
941 4201 1079 4255 idem
1103 4199 1453 4256 confirmatur
1472 4199 1701 4257 collect.
1725 4203 1844 4257 cod.
1897 4203 2164 4256 llerovall.

590 4270 1033 4343 exquisitissima,
1065 4269 1222 4343 a'qua
1251 4272 1406 4343 longe
1443 4273 1658 4335 absunt,
1686 4288 2019 4343 quaecunque
2044 4282 2168 4328 sunt

593 4286 1033 4394 εκὲιιιειιιεειιιιίι,
1065 4287 1094 4324 a
1119 4287 1222 4341 qua
1252 4286 1406 4340 longe
1443 4286 1658 4335 absunt,
1686 4288 2019 4343 quaecunque
2044 4286 2165 4328 sunt

593 4355 624 4395 a
698 4341 915 4413 regorio.
935 4341 1126 4413 aliena.
1155 4342 1304 4397 Unde
1329 4343 1452 4397 licet
1482 4343 1732 4408 colligere
1761 4360 1865 4398 non
1896 4360 2013 4398 esse
2029 4361 2165 4413 quo-

591 4425 696 4536 (Ἤρ
725 4411 969 4481 Gregorii
997 4413 1389 4484 quatrphtrima
1418 4413 1548 4477 alia,
1579 4429 1697 4481 qum
1738 4413 1977 4468 indicant
2027 4411 2166 4468 noue

591 4495 624 4534 ιι
682 4497 852 4536 mare.
1218 4513 1222 4516 -

591 4495 660 4535 aa
682 4497 852 4535 mare.
1218 4513 1222 4516 ·

897 4553 1017 4608 add.
1041 4569 1160 4624 qum
1181 4553 1444 4624 glossema
1475 4553 1690 4622 sapiunt

667 4621 694 4661 δ
720 4621 1013 4705 lioc_caput
1038 4621 1335 4705 tiotat'tlrjn
1366 4622 1453 4705 et].
1505 4621 1600 4705 ιιι,
1627 4622 1753 4691 quia
1808 4622 1875 4705 de
1924 4623 2166 4705 reliquiis

591 4693 767 4747 sancti
795 4692 933 4748 Sixti
960 4694 1214 4764 praecedit
1237 4694 1402 4757 aliud,
1427 4693 1570 4762 quod
1616 4701 1880 4764 repugnat
1921 4692 2168 4764 genuina:

595 4778 661 4818 ac
682 4773 845 4818 certe
870 4762 1108 4826 ΕΙ]ὶέῑοίιὲ
1135 4763 1204 4816 50
1236 4764 1326 4818 lib.
1357 4779 1426 4826 IV,
1457 4763 1598 4817 unde
1630 4762 1772 4815 istud
1817 4764 1970 4818 abest
1995 4779 2025 4816 a
2057 4763 2170 4818 col-

591 4831 716 4886 lect.
744 4835 864 4889 cod.
898 4831 1024 4888 ller.
1057 4835 1197 4888 sicut
1225 4849 1254 4888 a
1285 4849 1414 4888 mss.
1441 4832 1573 4887 Tell.
1600 4841 1654 4886 et
1683 4831 2172 4898 Carn.,etc.,sicut

594 4904 906 4970 observavit
925 4903 1343 4959 Gussanvilltcus
1369 4903 1420 4958 iu
1445 4903 1558 4956 suis
1584 4902 1745 4958 notis.

672 4983 693 5010 ο
727 4973 808 5028 Ab
837 4975 928 5036 bis
956 4975 1134 5030 verbis
1153 4974 1254 5027 hoc.
1276 4991 1380 5028 non
1406 4973 1635 5042 ambigo,
1669 4986 1839 5042 usque
1870 4974 1938 5028 ad
1985 4973 2174 5029 mulier

596 5058 735 5115 prirg
745 5060 895 5107 uana,
913 5044 997 5115 vir
1017 5045 1204 5109 doctus
1231 5043 1530 5115 innuitnon
1558 5058 1677 5115 esse
1698 5044 1868 5115 sancti
1889 5042 2134 5115 Gregorii
2155 5061 2169 5109 ;

639 5111 723 5170 uia
740 5129 854 5185 non
874 5114 1000 5185 satis
1016 5115 1254 5185 sapiunt,
1281 5113 1470 5183 inquit,
1487 5114 1693 5185 genium
1715 5111 1950 5184 Gregorii
1972 5111 2168 5185 niagni.

639 5127 723 5170 uia
747 5129 854 5177 non,
874 5127 1000 5175 sum
1023 5127 1254 5185 sapiunt,
1281 5127 1470 5183 inquit,
1487 5129 1693 5182 genium
1715 5127 1949 5184 bregom
1972 5132 2168 5185 magni.

598 5127 752 5248 30ml
783 5183 913 5238 dicit
939 5183 1134 5240 nullius
1157 5183 1274 5238 cod.
1307 5184 1625 5237 auctoritate
1664 5183 1865 5246 fretus,
1895 5185 1996 5244 hoc
2043 5201 2173 5239 con-

597 5252 880 5376 :irmlamus
903 5251 1217 5311 collectione
1243 5253 1369 5319 cod,
1393 5253 1516 5308 ller.
1545 5254 1601 5308 in
1627 5270 1730 5325 qua
1749 5254 1880 5309 nihil
1907 5253 2172 5328 ejusmodi

619 5337 700 5376 em
732 5337 814 5375 ur.

619 5331 814 5376 ecitur.

611 5337 814 5471 testing;
829 5393 914 5448 ed.
933 5408 1046 5471 non
1073 5393 1290 5471 disting.
1324 5411 1354 5471 τι
1385 5395 1726 5471 przecedcnti.

677 5475 701 5502 ο
741 5462 903 5518 Petro
927 5462 1312 5522 Ευεειιιιγίιιιῦο
1341 5462 1453 5520 haec
1475 5466 1768 5536 propositio
1797 5464 2011 5536 videtur
2056 5480 2176 5536 sus-

601 5543 753 5604 pecta
790 5553 808 5584 ‹
827 5544 1082 5606 propter,
1108 5536 1300 5606 inquit,
1325 5534 1490 5594 verba
1517 5535 1811 5606 sequentia,
1837 5535 1998 5606 donec
2027 5534 2176 5588 abla-

603 5613 784 5676 rtetur.
811 5604 1113 5671 Quis’enim
1143 5604 1383 5663 virorum
1415 5607 1512 5676 ista
1542 5604 1604 5660 se
1621 5605 1732 5676 lege
1757 5605 1926 5660 teneri
1953 5605 2176 5661 credat?

605 5673 738 5746 Quis
770 5676 1110 5746 pratlatorum
1141 5677 1246 5731 tale
1275 5677 1469 5734 audeat
1491 5673 1695 5746 jugum'
1719 5677 2010 5746 imponere.
2041 5676 2176 5731 Vide

607 5741 796 5822 Joann'.
827 5746 980 5803 Gers.
1010 5741 1077 5803 de
1097 5741 1964 5822 prteparationeadinissam__post
1995 5746 2170 5815 pollu-

604 5815 805 5870 tionem
837 5815 1150 5875 nocturnam
1178 5815 1500 5874 considerat.
1532 5815 1562 5869 7
1588 5824 1640 5871 et
1664 5817 1714 5872 8.
1756 5836 1772 5870 ι
1811 5815 1933 5872 llaec
1955 5825 2037 5872 cst
2071 5831 2174 5872 una

2269 3264 2485 3329 mulier,
2510 3267 2634 3320 dum
2665 3264 2846 3336 (ναν.)
2879 3268 3320 3321 consuetudinem
3348 3276 3694 3322 menstruam
3721 3268 3839 3337 patio

2268 3363 2377 3418 tur,
2404 3357 2677 3425 prohiberi
2725 3356 3010 3411 ecclesiam
3042 3358 3243 3412 intrare
3271 3374 3375 3412 non
3407 3359 3572 3412 debet
3608 3377 3621 3412 :
3657 3361 3763 3430 quia
3789 3358 3834 3414 ei

2266 3457 2474 3502 naturte
2501 3447 2842 3517 superfluitas
2867 3449 2920 3502 in
2954 3448 3166 3518 culpam
3192 3465 3297 3502 non
3328 3449 3468 3503 valet
3497 3451 3759 3518 reputari.
3780 3449 3842 3504 Et

2267 3555 2364 3609 per
2391 3541 2492 3594 hoc
2521 3541 2662 3610 quod
2694 3541 2859 3595 invita
2895 3541 3124 3611 patitur,
3155 3542 3356 3611 justum
3383 3558 3492 3596 non
3538 3553 3633 3598 est
3679 3554 3735 3597 ut
3773 3544 3841 3597 iu-

2267 3646 2452 3701 gressu
2479 3630 2719 3686 ecclesiae
2745 3631 3003 3701 privetur.
3031 3631 3289 3688 Noviuuts
3309 3648 3542 3702 namque
3566 3635 3721 3704 quod
3743 3650 3843 3688 ntu-

2267 3719 2366 3773 licr
2394 3736 2515 3789 qum
2545 3720 2824 3789 sanguinis
2854 3719 3058 3775 ﬂttxum
3096 3723 3422 3790 patiebatur,
3463 3732 3593 3791 post
3652 3734 3843 3794 tergum

2268 3812 2478 3872 Domini
2508 3813 2785 3868 humiliter
2820 3813 3041 3868 veniens
3075 3813 3382 3870 vestimenti
3421 3813 3538 3882 ejus
3585 3815 3844 3870 fimbriam

2272 3904 2467 3974 tetigit,
2495 3913 2654 3972 atque
2681 3902 2750 3957 ab
2775 3919 2837 3958 ea
2869 3905 3053 3958 statim
3075 3919 3168 3958 sua
3208 3904 3496 3959 inﬁrmitas
3524 3907 3774 3960 recessit.
3796 3904 3842 3958 Si

2268 4009 2400 4065 ergo
2439 3995 2492 4048 in
2539 3993 2683 4051 ﬂuxu
2731 3995 3011 4066 sanguinis
3063 3994 3258 4064 posita,
3286 3995 3642 4052 laudaLiliter
3693 3995 3846 4067 potuit

2269 4131 2405 4206 ratio
2432 4129 2534 4206 viri
2563 4129 2886 4206 do_cti,_‘qu:c
2930 4130 3058 4206 quin
3109 4130 3239 4206 mihi
3285 4130 3534 4186 videatur
3562 4146 3723 4206 vera,
3756 4130 3846 4206 tria

2269 4201 2584 4270 impediunt.
2632 4201 2685 4252 lo
2729 4201 2862 4266 Quia
2893 4201 3040 4254 nullo
3078 4201 3442 4270 cujuscunque
3473 4201 3689 4256 codicis
3719 4202 3848 4256 testi.

2270 4271 2449 4324 mouio
2489 4271 2672 4341 utitur.
2699 4271 2757 4325 ἓν
2783 4273 2917 4337 Quia
2945 4273 3110 4328 codex
3145 4271 3554 4325 Herovallianus
3581 4273 3681 4341 qui
3707 4287 3848 4326 veras

2270 4341 2438 4410 ipsius
2469 4338 2808 4405 conjecturas
2831 4342 3027 4410 sa'pius
3056 4341 3363 4403 confirmat,
3398 4343 3535 4398 hanc
3569 4338 3632 4395 ut
3670 4342 3847 4396 falsam

2270 4412 2516 4464 revincit.
2546 4411 2603 4464 5°
2630 4411 2763 4476 Quia
2788 4427 2852 4464 ex
2877 4412 2977 4464 hac
3009 4413 3217 4465 ratione
3242 4421 3566 4481 sequeretur
3613 4413 3849 4481 quzcdam

2268 4482 2489 4535 Patrum
2517 4481 2821 4535 testimonia
2847 4482 3151 4552 certissima
3180 4482 3410 4552 expungi
3441 4483 3682 4548 debere;
3711 4481 3850 4552 verbi

2194 4538 2245 4600 D
2269 4552 2456 4623 gratia
2481 4566 2602 4605 cum
2623 4560 2854 4623 sanctus
2882 4551 3134 4623 Clemens
3161 4538 3556 4623 Alexandrinus
3581 4538 3850 4619 ita'loqui-

2273 4620 2361 4676 iur
2407 4621 2500 4674 lib.
2533 4638 2590 4675 ιιι
2617 4620 2947 4675 Stromatum
2977 4641 2988 4674 :
3018 4641 3035 4671 ι
3070 4622 3217 4677 Unde
3248 4622 3446 4676 nullum
3479 4637 3543 4676 ex
3577 4623 3852 4678 veteribus

2272 4708 2336 4746 ex
2374 4691 2652 4761 Scriptura
2678 4693 2980 4746 ostenderis
3005 4693 3096 4760 qui
3128 4707 3247 4746 cum
3274 4702 3587 4762 prteguaute
3621 4711 3738 4748 rem
3766 4695 3849 4746 ha-

2273 4762 2480 4827 buerit;
2516 4763 2608 4834 scd
2633 4771 2915 4832 postquam
2945 4763 3173 4834 gestavit
3212 4772 3445 4824 uterum,
3476 4771 3527 4816 et
3566 4775 3847 4832 postquam

2273 4833 2475 4904 editum
2507 4833 2672 4888 fetum
2709 4849 2737 4904 ξι
2771 4834 2907 4887 lacte
2935 4833 3156 4902 depulit,
3184 4848 3369 4904 rursus
3396 4848 3426 4884 a
3451 4834 3589 4904 viris
3615 4835 3851 4904 cognitas

2275 4903 2441 4957 fuisse
2462 4918 2674 4958 uxores.
2701 4901 2820 4956 Jam
2847 4904 2989 4957 hunc
3006 4901 3237 4972 scopum
3268 4912 3323 4956 et
3350 4902 3661 4958 institutum
3689 4901 3850 4957 'inve-

2276 4974 2392 5027 nies
2432 4982 2734 5027 servantem
2763 4972 2960 5043 Moysis
2985 4982 3218 5042 patrem,
3245 4987 3367 5026 cum
3410 4974 3711 5028 triennium
3741 4981 3852 5042 post

2276 5045 2541 5105 Aaronem
2589 5043 2792 5097 editum
2842 5043 3238 5105 intermisisset,
3292 5043 3542 5113 genuisse
3595 5043 3846 5166 Mofsem.

2277 5113 2344 5166 Et
2374 5129 2560 5166 rursus
2594 5112 2812 5166 levitica‘
2839 5114 3009 5166 tribus
3033 5127 3257 5166 servans
3286 5115 3424 5166 hanc
3448 5121 3661 5166 natura:
3705 5127 3846 5166 eccm

2277 5113 2344 5167 Et
2374 5129 2560 5172 rursus
2594 5112 3009 5183 levitica‘itribus
3033 5127 3257 5167 servans
3286 5112 3424 5166 hanc
3448 5121 3661 5167 natura:
3686 5112 3850 5183 legem

2277 5199 2308 5237 a
2339 5184 2448 5240 Deo
2478 5183 2752 5246 traditam,
2784 5182 2903 5236 aliis
2928 5199 3153 5237 numero
3191 5183 3365 5236 minor
3393 5183 3642 5246 ingressa
3672 5182 3760 5238 est
3802 5183 3850 5236 in

2277 5262 2478 5311 terram
2509 5253 2848 5330 promissam.
2876 5252 2988 5309 Non
3011 5253 3156 5330 enim
3184 5252 3853 5330 facile-multiplicaturgc

2278 5340 2401 5387 nus,
2431 5323 2552 5377 cum
2575 5323 2674 5377 viri
2699 5323 2913 5392 quidem
2932 5324 3200 5378 seminant
3225 5324 3315 5390 qui
3339 5323 3635 5394 legitimum
3671 5325 3851 5394 ineunt

2279 5391 3063 5464 matrimonium,’exspectant
3104 5401 3283 5447 autem
3334 5391 3439 5447 non
3491 5393 3667 5464 solum
3716 5391 3848 5447 uteri

2312 5463 2648 5527 estationem,
2693 5464 2786 5533 sed
2841 5463 3003 5518 etiam
3056 5480 3086 5517 a
3121 5463 3279 5533 lacte
3336 5463 3712 5533 depulsionem
3758 5464 3786 5494 ’
3826 5480 3843 5509 ι

2325 5534 2477 5588 adem
2503 5532 2880 5588 cornmendant
2899 5542 2951 5587 et
2971 5532 3514 5603 prmcipiuntquidam
3531 5535 3622 5591 alii
3644 5534 3848 5592 Patres,

2280 5612 2501 5662 sanctus.
2535 5604 2877 5668 Ambrosius,
2907 5603 3199 5674 Gregorius
3227 5619 3362 5674 papa
3397 5603 3484 5669 ill,
3515 5613 3572 5660 et
3591 5607 3849 5674 quotquot

2284 5699 3843 5724 __-_—._-.—_—_——__——_d

2347 5745 2377 5776 ⁸
2407 5743 2767 5816 ’Δναμενόντων
2805 5743 2854 5800 δί
2889 5746 2946 5798 αὖ
2984 5749 3069 5804 τήν
3102 5748 3367 5816 υυῳορὶαν
3395 5746 3562 5815 μόνον,
3609 5743 3731 5798 ἄλλα
3773 5740 3846 5792 καί

2281 5822 2366 5876 τήν
2394 5815 2696 5888 γαθαγκτονχ
2705 5822 2797 5870 ἑαν.
