4020 6360
1043 387 1358 446 (ΖΑΝΟΝΕΞ
1397 382 1681 468 SEDECTI
1721 381 1813 437 EX
1855 378 2010 437 VET.
2052 377 2208 434 CAN.
2245 371 2580 434 COLLECT.

181 501 411 571 'Domini
440 510 814 569 vestimentum
852 515 1103 578 tangere,
1139 523 1237 562 cur
1279 519 1396 575 qua:
1431 511 1762 557 menstruam
1792 504 1838 561 Α
1867 495 1966 548 fuit
1984 493 2126 562 quod
2146 491 2522 552 dimitteretur,
2550 488 2670 542 ideo
2692 477 2802 540 non
2826 489 2909 539 est
2929 480 3207 538 dimissum
3229 481 3282 536 in
3307 481 3442 552 bap—

193 603 479 676 sauguinis
516 601 746 672 patitur,
775 599 823 653 ei
868 613 973 652 non
1019 597 1179 651 liceat
1224 593 1436 649 Domini
1482 590 1765 646 ecclesiam

195 693 445 752 intrare?
475 703 501 730 ι
543 691 752 744 Sancta:
799 696 978 742 autem
1021 683 1412 744 communionis
1452 678 1767 752 mysterium

197 786 256 840 in
283 784 487 840 eisdem
518 781 706 836 diebus
735 779 1012 848 percipere
1045 775 1319 845 prohiberi
1362 787 1466 826 non
1508 771 1681 825 debet.
1712 767 1770 821 Si

195 891 334 930 vero
358 873 448 927 illa
481 885 546 925 ex
583 884 773 939 magna
800 866 1144 922 veneratione
1175 863 1450 932 percipere
1477 874 1584 913 non
1631 870 1770 926 prte-

195 964 390 1025 sumit,
421 961 682 1016 laudanda
711 968 793 1013 est
823 976 836 1011 :
867 957 913 1012 si
952 972 1082 1012 vero
1112 955 1367 1025 percepit,
1392 967 1498 1006 non
1528 949 1775 1018 judican-

199 1055 294 1109 da.
320 1053 590 1109 Bonarum
621 1049 876 1103 mentium
907 1057 1009 1113 est,
1034 1054 1087 1102 et
1117 1047 1189 1102 ibi
1215 1046 1392 1116 aliquo
1414 1042 1573 1098 modo
1594 1041 1776 1109 culpas

199 1161 338 1203 suas
363 1157 676 1214 agnoscere,
703 1140 792 1194 ubi
819 1139 972 1208 culpa
1002 1154 1107 1192 non
1150 1145 1272 1192 est:
1305 1137 1431 1206 quia
1475 1149 1614 1203 saepe
1662 1133 1777 1186 sine

200 1237 368 1306 culpa
399 1234 594 1305 agitur,
619 1231 759 1301 quod
803 1231 950 1284 venit
984 1246 1048 1285 ex
1081 1228 1254 1296 culpa.
1287 1227 1439 1282 Unde
1463 1226 1623 1280 etiam
1655 1236 1778 1277 cum

203 1327 505 1389 esurimus,
535 1324 649 1377 sine
698 1321 852 1390 culpa
897 1320 1260 1381 comedimus,
1285 1317 1478 1386 quibus
1512 1330 1574 1369 ex
1622 1313 1779 1380 culpa

201 1419 375 1491 primi
415 1415 647 1474 hominis
674 1413 872 1468 factum
904 1420 1020 1475 est,
1051 1420 1110 1466 ut
1149 1411 1469 1465 esuriamus.
1510 1407 1780 1460 Menstrua

202 1510 359 1564 enim
399 1506 728 1563 consuetudo
771 1503 1084 1559 mulieribus
1132 1518 1239 1556 non
1293 1501 1470 1569 aliqua
1498 1498 1652 1566 culpa
1679 1504 1778 1558 est,

1867 586 2122 647 tismate;
2158 591 2212 636 et
2259 581 2382 651 quia
2417 586 2692 649 peccatum
2744 591 2851 629 non
2900 573 3032 638 fuit,
3063 573 3118 627 in
3161 581 3442 641 peccatum

1869 673 2238 744 reputabitur?
2261 671 2450 726 Omnia
2474 677 2674 732 scorta,
2705 665 3072 736 parricidium,
3096 670 3152 717 et
3180 662 3445 717 incestum

1871 764 2016 818 fonte
2041 769 2372 831 purgantur:
2405 759 2588 813 uxoris
2625 757 2958 811 inhmrehunt
3000 753 3241 817 maculre,
3281 759 3337 807 et
3360 752 3449 807 lu-

1871 855 2091 924 panaria
2121 852 2367 907 thalamis
2403 849 2774 920 prmfcrentur.
2814 846 3048 900 Audiam
3075 846 3176 899 hoc
3208 844 3447 909 ethnict»,

1874 945 2242 1001 catechumeni
2267 951 2322 996 et
2341 958 2445 996 non
2467 942 2692 996 honesta
2707 937 2932 1007 iungant
2953 937 3330 991 matrimonia:
3355 935 3450 990 sed

1876 1036 2204 1099 Scottorum,
2237 1042 2290 1087 et
2317 1032 2613 1085 Atticorum
2639 1030 2744 1082 ritu
2772 1028 3108 1097 promiscuus
3135 1040 3365 1088 uxores,
3397 1031 3453 1078 et

1877 1139 2188 1182 communes
2214 1121 2412 1175 liberos
2449 1121 2720 1173 habeant:
2764 1117 2871 1170 imo
2913 1122 3138 1170 caveant
3163 1113 3452 1181 qualecun-

1877 1231 1980 1285 que
2002 1212 2320 1268 vocabulum
2360 1208 2631 1278 conjugis,
2678 1221 2745 1260 ne
2787 1214 3066 1274 postquam
3099 1203 3151 1256 in
3179 1202 3452 1256 Christum

1879 1303 2220 1363 crediderint,
2237 1308 2428 1355 noceat
2445 1301 2523 1353 eis
2547 1295 2686 1367 quod
2713 1310 2907 1349 uxores
2931 1303 2985 1347 et
3005 1309 3108 1346 non
3131 1291 3456 1346 concubinas

1880 1405 1936 1449 et
1961 1393 2272 1448 meretrices
2300 1390 2604 1445 habuerint.
2636 1384 2992 1455 lmputabitur
3017 1383 3300 1436 inlelicitas
3329 1397 3456 1436 con-

1875 1483 2021 1554 jugis
2050 1490 2294 1546 mortuae,
2321 1488 2375 1533 et
2403 1479 2566 1533 libido
2593 1475 2896 1531 meretricia
2919 1473 3298 1536 coronabitur;
3330 1479 3383 1526 et
3413 1470 3459 1524 si

203 1599 467 1653 videlicet
497 1597 588 1666 qui
630 1593 949 1649 naturaliter
997 1592 1209 1647 accidit.
1261 1561 1602 1645 Sed-tamcn-
1643 1585 1786 1654 quod
1885 1573 2229 1629 matrimonio
2256 1569 2587 1642 copulasses,
2634 1582 2742 1621 non
2775 1579 2960 1635 posses
2986 1562 3272 1632 aliquando
3303 1561 3460 1617 cleri-

205 1700 409 1746 natura
444 1654 558 1758 ipsa
601 1687 673 1741 ita
714 1685 900 1739 vitiata
923 1691 1024 1745 est,
1050 1693 1109 1737 ut
1141 1682 1301 1737 etiam
1346 1681 1460 1734 sine
1498 1676 1788 1745 voluptatis
1887 1683 1984 1723 cus
2037 1665 2296 1722 ordinari.
2344 1663 2424 1717 Illi
2473 1658 2831 1716 benedictioni
2878 1655 3086 1710 Domini
3129 1654 3459 1716 servientes,

208 1781 398 1836 studio
444 1743 690 1832 videatur
721 1789 840 1830 esse
882 1743 1105 1843 polluta,
1137 1787 1202 1825 ex
1238 1770 1390 1840 culpa
1418 1769 1566 1822 venit
1595 1743 1787 1820 vitium
1823 1840 1846 1843 Α
1889 1758 2132 1821 Crescite,
2151 1766 2198 1810 et
2224 1752 2658 1824 multiplicamini,
2689 1758 2742 1804 ct
2761 1748 2903 1818 quod
2924 1748 3138 1808 licebat,
3161 1743 3464 1798 verecundo

215 1874 333 1947 [ex
381 1871 548 1940 culpa:
595 1868 738 1923 venit
775 1835 967 1937 vitio],
998 1865 1052 1918 in
1095 1835 1201 1933 quo
1226 1835 1455 1931 seipsam
1483 1858 1655 1929 qualis
1690 1872 1787 1926 per
1818 1840 1862 1900 Β
1888 1850 2091 1921 pudore
2119 1846 2396 1901 celarunt:
2427 1853 2484 1898 tu
2515 1841 2656 1912 quod
2707 1857 2812 1894 non
2858 1839 3082 1900 licebat,
3131 1835 3467 1905 impudenter

2018 1938 2029 1947 .
2069 1937 2100 1947 ,.
2154 1935 2230 1947 νη.
2391 1933 2401 1944 ι
2448 1941 2459 1947 -
2543 1946 2546 1947 ,
2597 1937 2660 1947 __.
2730 1927 2906 1947 ΙΙκημ-
2948 1925 3067 1947 LEIA-
3100 1925 3288 1947 ---.--ι3..
3319 1940 3329 1947 .
3370 1922 3463 1947 .:|.:

203 1965 477 2040 judicium
526 1962 670 2016 facta
726 1959 796 2014 sit
842 1959 1077 2012 humana
1120 1963 1314 2009 natura
1371 1958 1702 2020 cognoscat:
1737 1955 1791 2001 et

209 2039 384 2115 homo
419 2055 509 2125 qui
535 2053 745 2122 culpam
787 2057 976 2120 sponte
1007 2045 1361 2117 perpetravit,
1392 2051 1598 2096 reatum
1625 2039 1794 2108 culpa:

213 2157 399 2222 portet
424 2147 639 2200 invitus.
667 2145 694 2182 δ
719 2142 871 2207 Sicut
888 2141 940 2204 in
955 2141 1302 2193 Testamento
1327 2135 1503 2190 Veteri
1527 2133 1795 2188 exteriora

221 2253 391 2306 opera
421 2224 804 2296 observantur,
829 2230 901 2285 ita
928 2230 980 2289 in
1007 2227 1347 2290 Testamento
1375 2223 1522 2278 Novo
1548 2238 1652 2277 non
1684 2233 1796 2274 tam

219 2329 366 2398 quod
396 2326 636 2380 exterius
671 2324 867 2393 agitur,
899 2336 1061 2391 quam
1091 2320 1142 2384 id
1175 2319 1315 2388 quod
1364 2316 1605 2370 exterius
1651 2313 1797 2382 cogi-

219 2428 387 2481 tatur,
415 2417 639 2474 sollicit'i
667 2404 962 2468 intentione
988 2411 1304 2473 attenditur,
1333 2415 1390 2461 ut
1435 2405 1619 2461 subtili
1676 2419 1798 2458 sen-

222 2512 392 2566 tentia
418 2508 782 2580 perpendatur
812 2501 1172 2577 [puniuntur].

703 2678 799 2733 EX
833 2675 1077 2732 CAPITE
1112 2673 1324 2730 LXXV.

654 2799 675 2828 °
700 2805 752 2843 IN
782 2802 1037 2843 EPISTOLA
1065 2799 1375 2840 HIEBONYIII.

320 2927 398 2986 De
426 2943 482 2981 eo
507 2925 642 2996 quod
667 2924 739 2977 ait
763 2921 1036 2993 Apostolus
1059 2939 1076 2975 :
1115 2921 1286 2977 Unius
1309 2919 1492 2974 uxoris
1516 2919 1712 2974 virum.

304 3018 602 3087 Nunquam,
629 3015 703 3069 (ili
729 3013 958 3077 Oceane,
983 3012 1095 3067 fore
1120 3013 1394 3082 putabam,
1421 3009 1802 3080 indulgentiam

227 3110 492 3182 principis
535 3106 856 3162 calumniam
897 3106 1162 3159 sustinere
1198 3118 1433 3157 reorum.
1460 3101 1485 3141 «1
1517 3101 1804 3172 ϐοηδπτεῂν

1891 1937 2123 2010 gessisti.
2154 1935 2262 1989 lllis
2298 1933 2557 2002 scriptum
2586 1937 2686 1992 est,
2723 1925 3068 1981 Honorabiles
3097 1925 3329 1992 nuptim:
3370 1922 3467 1976 tibi

1892 2027 2124 2096 legitur,
2172 2023 2540 2077 Fornicatores
2587 2027 2635 2071 et
2675 2016 2937 2070 adulteros
2975 2014 3149 2080 perdet
3192 2012 3466 2065 Dominus.

1894 2116 2087 2172 Omnia
2117 2116 2231 2169 haec
2259 2113 2311 2166 in
2335 2111 2598 2179 baptismo
2630 2107 2926 2162 condonata
2957 2111 3082 2158 sunt
3106 2102 3362 2164 crimina,
3393 2099 3471 2153 di-

1895 2215 2047 2262 cente
2075 2203 2330 2274 Apostolo
2355 2220 2368 2255 :
2412 2199 2541 2254 "(re
2561 2199 2767 2269 quidem
2791 2197 2984 2266 fuistis,
3016 2194 3106 2248 sed
3135 2192 3298 2245 abluti
3328 2189 3470 2244 estis.

1898 2296 2004 2351 Sed
2039 2310 2221 2365 quacro
2245 2291 2510 2360 quomodo
2542 2298 2647 2342 tua:
2688 2287 2873 2342 sordes
2901 2286 3024 2340 lotae
3068 2293 3193 2338 sunt
3213 2324 3225 2343 ,
3258 2291 3313 2337 et
3341 2295 3473 2335 mete

1898 2385 2175 2441 munditiae
2202 2382 2508 2437 sordidata:
2554 2378 2609 2432 Si
2641 2376 2823 2431 sordes
2860 2375 3104 2436 fuissent,
3137 2373 3258 2426 lota:
3289 2371 3474 2439 utique

1899 2485 2098 2533 essent.
2131 2475 2187 2529 Si
2216 2488 2345 2528 vero
2389 2471 2576 2526 sordes
2607 2485 2709 2523 non
2736 2473 2893 2532 sunt,
2922 2463 3188 2535 quomodo
3227 2479 3325 2532 pro
3351 2478 3471 2517 sor-

1899 2569 2056 2624 dibus
2080 2565 2444 2640 imputantur?
2480 2563 2608 2630 Qua:
2630 2570 2712 2615 est
2737 2562 2834 2615 ista
2861 2557 3251 2630 tergiversatio,
3277 2565 3329 2611 et
3351 2572 3476 2613 acu-

1901 2675 2024 2715 men
2050 2658 2195 2713 omni
2226 2655 2424 2726 pistillo
2456 2653 2727 2709 retusius?
2763 2650 2896 2718 Quia
2927 2650 3067 2718 quod
3107 2664 3214 2702 non
3239 2656 3324 2700 est
3348 2662 3474 2716 pec-

1902 2755 2111 2809 catum,
2156 2754 2433 2815 peccatum
2465 2750 2548 2796 est
2589 2742 2730 2810 quod
2774 2753 2878 2793 non
2909 2738 3144 2791 dimittat
3182 2737 3475 2801 Dominus;

1904 2839 2030 2908 quia
2061 2853 2165 2890 non
2194 2836 2383 2890 habuit
2409 2831 2915 2903 quod-dimitteret:
2966 2836 3019 2883 et
3066 2827 3264 2882 idcirco
3299 2834 3475 2880 manet

1905 2928 2048 2998 quod
2074 2927 2352 2981 dimissum
2375 2939 2480 2978 non
2508 2922 2626 2976 fuit.
2654 2920 2759 2975 Sed
2782 2921 2848 2975 de
2868 2920 2967 2973 hoc
2987 2917 3129 2987 quod
3151 2917 3299 2980 dicit,
3322 2916 3477 2969 unius

1906 3019 2086 3074 uxoris
2114 3019 2278 3072 virum
2299 3000 2327 3081 ;I
2350 3017 2523 3086 prima
2556 3014 2757 3068 Christi
2804 3012 3040 3066 Ecclesia
3073 3025 3189 3079 quae
3234 3011 3300 3064 ab
3338 3008 3478 3077 Apo-

1909 3109 2045 3164 stolo
2072 3109 2380 3170 docelratur,
2412 3123 2475 3161 ex
2505 3104 2664 3160 lsrael
2705 3102 2836 3168 fuit,
2867 3103 2951 3156 cui
2994 3102 3323 3156 consuetudo
3365 3105 3477 3153 erat

227 3203 363 3258 mihi
402 3201 662 3256 (ἶοίιίηῖειῐι³
705 3194 914 3269 [ῧθίηθ]
946 3195 1188 3260 δωτεδῖεν
1234 3203 1288 3249 et
1328 3201 1571 3248 οῐηοτῑυίι
1617 3194 1802 3263 Vipera
1832 3199 1875 3260 C
1909 3215 1974 3254 ex
1996 3200 2110 3268 lege
2134 3206 2186 3253 et
2206 3197 2447 3265 exemplo
2469 3195 2891 3264 patriarcharum
2919 3193 3048 3260 ipsis
3072 3205 3282 3261 quoque
3303 3205 3471 3244 sacer-

229 3295 523 3349 eontritum
559 3298 718 3361 caput
769 3288 909 3342 levat
958 3297 981 3325 ο
1027 3286 1252 3339 dicendo
1297 3299 1419 3339 esse
1467 3283 1644 3352 aliqua
1690 3297 1810 3350 qua:

229 3386 480 3441 Christus
517 3395 746 3453 purgare
775 3393 882 3432 non
909 3377 1097 3447 possit.
1137 3375 1153 3414 ί
1199 3375 1498 3437 Cartarius,
1544 3372 1810 3442 Hispania:

231 3478 540 3548 episcopus,
555 3489 715 3527 unam
737 3480 1023 3540 antequam
1045 3464 1668 3538 baptizaretur,alteram
1691 3469 1812 3531 post

231 3567 558 3636 baptismum
585 3565 765 3634 priore
790 3570 1000 3616 mortua
1025 3560 1176 3615 duxit
1201 3571 1422 3612 uxorem
1449 3574 1462 3609 :
1502 3563 1557 3610 et
1583 3554 1812 3609 arbitra-

231 3656 314 3710 ris
340 3671 465 3710 eum
492 3663 680 3709 contra
704 3651 1014 3722 Apostolum
1045 3650 1278 3704 fecisse?
1313 3651 1336 3688 3
1365 3647 1600 3702 Sustinui
1631 3647 1812 3699 Romm

232 3759 265 3798 a
296 3745 416 3799 viro
442 3743 878 3812 eloquentissimo
908 3749 1214 3804 cornutum,
1245 3747 1304 3792 ut
1330 3738 1545 3801 dicitur,
1568 3735 1814 3808 syllogis-

235 3849 410 3898 mum,
440 3834 530 3902 qui
553 3832 902 3902 interrogavit
926 3847 1010 3885 me
1035 3845 1050 3883 :
1093 3829 1324 3884 Uxorem
1357 3827 1552 3881 ducere
1581 3834 1665 3879 est
1691 3840 1814 3894 pec-

233 3926 452 3980 catum?
480 3925 589 3994 Ego
613 3924 924 3993 simpliciter
949 3921 1228 3991 respondi:
1256 3918 1371 3973 Non
1403 3926 1488 3973 est
1514 3925 1810 3987 peccatum.

237 4015 310 4068 Et
341 4013 428 4066 ille
467 4013 638 4066 dixit:
673 4013 729 4066 1η
765 4014 1029 4082 baptismo
1056 4011 1196 4064 mala
1234 4025 1396 4078 opera
1438 4009 1812 4071 dimittuntur,

236 4119 349 4158 non
387 4103 548 4157 bona.
588 4103 727 4172 Ergo
752 4118 869 4170 quae
909 4117 1015 4156 non
1045 4099 1417 4162 dimittuntur,
1445 4104 1812 4152 reservantur.

237 4193 311 4247 Et
355 4208 453 4262 ego
493 4193 710 4261 inquio:
751 4191 1057 4260 Baptismus
1081 4205 1148 4243 cx
1187 4197 1296 4242 toto
1327 4203 1521 4241 novum
1547 4185 1816 4239 hominem

238 4286 416 4341 facit?
448 4285 610 4353 Resp.
641 4299 703 4338 ex
737 4291 849 4336 toto
893 4280 1214 4349 interrogavi
1242 4297 1254 4332 :
1297 4277 1438 4332 Nihil
1463 4291 1592 4346 ergo
1621 4274 1818 4328 veteris

237 4375 477 4435 hominis
501 4375 554 4428 in
600 4373 921 4444 baptismate
960 4379 1301 4425 reservatur:
1350 4384 1454 4422 non
1484 4375 1658 4438 potest
1682 4380 1819 4420 novo

239 4465 516 4536 imputari,
563 4465 704 4534 quod
735 4464 788 4517 in
817 4462 980 4516 veteri
1020 4461 1288 4530 quondam
1339 4457 1478 4510 fuit?
1519 4455 1818 4510 Obmutuit.

1909 3292 2121 3347 dotibus
2144 3290 2194 3343 in
2217 3287 2398 3342 multis
2421 3287 2680 3340 uxoribus
2703 3286 2898 3338 liberos
2924 3297 3194 3352 spargere.
3221 3279 3476 3348 Praecepit

1908 3395 2056 3450 ergo,
2089 3392 2156 3431 ne
2184 3376 2426 3430 eamdem
2466 3373 2736 3427 licentiam
2781 3369 3035 3424 Ecclesisc
3079 3368 3180 3422 sibi
3210 3367 3476 3420 viudicen'

1909 3467 2234 3530 sacerdotes,
2277 3465 2372 3519 sed
2420 3471 2481 3517 ut
2525 3461 2750 3530 singulis
2795 3475 2902 3513 uno
2943 3467 3182 3527 tempore
3226 3458 3461 3510 habeant

1909 3559 2155 3627 Qumram
2183 3565 2238 3612 et
2263 3553 2406 3610 aliud
2431 3572 2443 3606 :
2485 3553 2542 3608 Si
2584 3551 2705 3622 quis
2734 3558 2858 3604 ante
2886 3549 3208 3618 baptismum
3233 3544 3476 3600 habuerit

1911 3647 2286 3709 concubinam,
2331 3653 2386 3698 et
2426 3643 2510 3696 illa
2553 3649 2764 3695 mortua
2793 3638 3098 3708 baptizatus
3125 3653 3348 3691 uxorem
3386 3637 3458 3691 du

1910 3740 2070 3802 xerit,
2093 3746 2270 3791 utrum
2293 3735 2522 3790 clericus
2554 3733 2667 3788 ﬁeri
2693 3731 2918 3786 debeat?
2941 3728 3306 3798 Respondebis
3326 3742 3479 3797 posse

1914 3829 2050 3893 ﬁeri,
2083 3828 2209 3897 quia
2253 3825 2605 3881 concubinam
2648 3823 2864 3885 habuit,
2906 3836 3013 3875 non
3051 3833 3292 3874 uxorem.
3342 3819 3480 3888 Ergo

1916 3915 2244 3989 [conjugales
2271 3914 2462 3968 tabula:
2490 3911 2566 3983 et]
2592 3911 2786 3964 dotalia
2809 3909 2932 3977 jura
2958 3910 3022 3962 ab
3050 3908 3303 3978 Apostolo
3321 3950 3334 3973 ,
3377 3923 3482 3962 non

1914 4007 2085 4060 coitus
2113 4005 2518 4059 condemnatur.
2550 4002 2566 4040 ί
2606 3999 2753 4055 Unde
2777 4015 2900 4053 cum
2925 3999 3083 4052 unius
3105 3997 3288 4051 uxoris
3309 3997 3482 4051 virum

1915 4100 2068 4164 dicit,
2097 4099 2253 4152 unius
2279 4095 2518 4150 mulieris
2556 4093 2725 4164 possit
2765 4091 2988 4161 intelligi
3030 4091 3220 4144 coitus.
3267 4089 3381 4143 Non
3419 4089 3484 4144 ad

1916 4189 2125 4245 tabulas
2148 4186 2353 4242 dotales
2380 4193 2589 4254 oportet
2617 4182 2761 4237 ferre
2802 4180 3108 4248 Scripturas
3131 4186 3364 4241 sanctas,
3395 4176 3484 4231 sed

1917 4283 1992 4338 ita
2023 4289 2078 4335 ut
2105 4288 2230 4333 sunt
2255 4278 2584 4352 intelligere:
2610 4289 2709 4328 nec
2733 4287 2995 4328 evacuare
3022 4270 3342 4339 baptismum
3367 4266 3484 4320 Sal-

1917 4368 2182 4433 vatoris,i
2227 4369 2282 4422 in
2311 4382 2416 4437 quo
2453 4365 2633 4420 omnia
2678 4371 2898 4432 peccata
2946 4369 3276 4429 merguntur.
3329 4357 3396 4411 Et
3439 4357 3485 4411 si

1919 4461 2096 4516 omnia
2143 4465 2361 4528 peccata
2409 4463 2740 4525 merguntur,
2778 4449 3045 4520 quomodo
3072 4463 3176 4501 una
3223 4462 3360 4500 uxor
3399 4461 3486 4500 su-
3529 4507 3540 4514 ,

242 4557 355 4614 Sed
399 4572 519 4611 cum
563 4556 705 4624 loqui
733 4555 984 4616 nescireh
1031 4563 1210 4606 lacere
1254 4566 1356 4604 non
1405 4549 1614 4619 potuit:
1657 4546 1818 4615 C(Bpit
1849 4559 1894 4616 Ι)
1918 4549 2200 4620 pernatat?
2228 4546 2376 4600 Beati
2405 4561 2626 4616 quorum
2656 4542 2882 4596 remissa:
2909 4547 3028 4593 sunt
3053 4536 3365 4608 iniquitates.
3393 4534 3487 4588 Ar-

240 4648 464 4713 sudare.
493 4646 807 4717 pallescere.
844 4653 1076 4699 tremere
1098 4643 1233 4695 labia
1259 4657 1272 4705 ;
1305 4641 1481 4710 erupit
1511 4637 1815 4708 aliquando,
1899 4643 2084 4717 »ἱππ-«ιν
2111 4639 2252 4710 quod
2277 4639 2544 4709 possimus
2562 4643 2615 4688 et
2644 4648 2742 4687 nos
2769 4631 2893 4686 huic
2915 4628 3113 4698 aliquid
3139 4628 3349 4681 cantico
3362 4625 3487 4693 jun-

239 4748 301 4792 et
331 4737 436 4790 ait:
489 4735 604 4791 Non
645 4734 818 4804 legisti
857 4736 1015 4792 unius
1063 4732 1246 4790 uxoris
1272 4731 1443 4784 virum
1474 4729 1669 4784 debere
1703 4727 1818 4782 ﬁeri
1899 4715 2285 4802 lgere:Beatus
2311 4729 2386 4781 t-ir
2409 4726 2492 4779 cui
2516 4741 2614 4777 non
2638 4722 2907 4792 imputavit
2924 4719 3179 4773 Dominus
3199 4726 3482 4787 peccatum.

243 4827 676 4890 sacerdotem,et
698 4841 810 4880 rem
838 4841 942 4879 non
967 4832 1206 4894 tempora
1229 4822 1472 4877 deﬁniri?
1493 4823 1517 4860 ιι
1546 4822 1666 4874 Dixi
1685 4836 1815 4891 ego:
1917 4825 1942 4864 k
1973 4822 2151 4876 Mirari
2177 4821 2307 4876 satis
2336 4832 2560 4886 nequeo,
2589 4828 2708 4882 qua:
2734 4812 3010 4866 hominum
3038 4817 3188 4863 tanta
3226 4809 3296 4862 sit
3333 4805 3488 4861 εποίη-

241 4920 560 4990 Baptizatus
596 4919 878 4989 episcopus
906 4917 1118 4986 eligitur
1146 4916 1198 4969 in
1226 4915 1610 4984 episcopatum.
1661 4912 1818 4980 Qum-
1915 4922 2021 4977 tas,
2043 4913 2108 4966 de
2133 4909 2388 4964 uxoribus
2424 4913 2549 4959 ante
2592 4904 2914 4972 baptismum
2945 4901 3250 4969 disputare,
3289 4905 3345 4952 et
3372 4910 3474 4950 retr

246 5014 389 5070 ritur
415 5012 556 5067 enim
583 5010 826 5081 quidsit,
859 5024 964 5064 non
992 5007 1120 5078 quid
1163 5006 1282 5061 fuit.
1332 5006 1466 5072 Quia
1511 5006 1673 5073 igitur
1713 5019 1818 5059 non

246 5195 391 5256 suntI
416 5184 528 5240 fere
556 5181 1012 5256 Rmnitetttialium
1040 5189 1305 5256 auctores.
1358 5177 1626 5256 Sed__vide
1664 5184 1819 5256 notas
1897 5161 1900 5164 ί

247 5257 323 5337 ad
377 5247 536 5324 caput
581 5254 774 5314 Poenit.
832 5253 1033 5307 Theod.
1087 5253 1150 5307 de
1199 5250 1585 5320 quaestionibus
1631 5247 1818 5303 coniu-

290 5340 406 5380 lOl'u
414 5341 482 5378 m.

248 5344 714 5464 glaraiigplurima
737 5392 1147 5464 interponuntur
1165 5407 1283 5464 qme
1302 5390 1565 5464 glossema
1587 5389 1816 5458 sapiunt.

325 5465 352 5504 δ
379 5459 514 5518 ΑΜ.
547 5464 733 5518 eadem
757 5459 1050 5531 qum‘supra
1077 5459 1208 5516 satis
1228 5459 1496 5531 superque
1518 5459 1656 5531 dicta
1678 5467 1820 5513 sunt.

329 5479 352 5504 υ
379 5479 514 5518 auo.
547 5479 733 5518 eadem
757 5479 873 5587 (δαίιι
892 5479 1050 5530 supra
1077 5479 1208 5516 satis
1228 5479 1496 5531 superque
1518 5479 1656 5513 meta
1678 5479 1820 5513 sunt.

329 5546 349 5572 ε
386 5534 739 5604 Hieronymus
797 5547 992 5604 ,ceaino,
1013 5547 1137 5604 num
1159 5541 1406 5602 repetens
1426 5530 1823 5586 matrimonium

247 5622 281 5660 a
313 5602 769 5727 liapitismopossit
797 5602 912 5684 fieri
939 5603 1207 5657 sacerdos.

327 5675 351 5714 ιι
385 5717 396 5727 .
437 5675 530 5727 ult.
562 5673 857 5727 redundant
887 5688 938 5725 tn
966 5672 1051 5726 ed.

327 5675 351 5714 ιι
382 5672 530 5727 ΜυΙι.
562 5672 857 5727 redundant
886 5673 938 5725 in
966 5672 1051 5726 ed.

334 5757 355 5783 ο
391 5744 551 5798 Multa
574 5743 628 5798 in
654 5742 785 5797 edit.
812 5743 1007 5811 passim
1039 5740 1160 5796 add.
1195 5750 1251 5796 et
1278 5757 1390 5795 var.

336 5815 351 5852 ¹
386 5813 547 5869 Multa
578 5811 896 5867 redundant.

1915 5006 1969 5060 in
2003 5002 2267 5073 baptismo
2295 5004 2559 5053 mortuam
2581 5035 2595 5060 ,
2628 4994 2735 5048 imo
2759 5008 2882 5048 cum
2918 4990 3136 5047 Christo
3161 4987 3488 5043 viviﬁcatau

1989 5175 2014 5215 ε
2040 5171 2396 5242 laterponitur
2420 5169 2580 5224 nimis
2617 5168 2850 5242 gestiens
2887 5163 3154 5242 oratioet
3178 5161 3329 5216 falsa.
3364 5157 3483 5216 Vid.

1916 5260 2000 5315 ep.
2029 5233 2206 5315 lunoc'.
2236 5241 2538 5315 ct-al-iorum
2568 5233 2765 5315 testim.
2798 5237 2852 5290 in
2877 5243 2987 5315 not.
3012 5234 3077 5315 ad
3106 5233 3257 5288 Pam.

1987 5316 2012 5354 ιι
2045 5314 2200 5394 Plura
2228 5327 2322 5380 per
2338 5313 2584 5382 paginam
2607 5313 2866 5378 integram
2888 5304 3117 5370 ell‘utita,
3149 5317 3267 5373 qua:
3285 5300 3353 5356 ad
3372 5311 3487 5352 rem

1923 5401 2028 5439 non
2056 5392 2342 5439 pertinent.

2001 5401 2028 5437 η
2051 5400 2342 5507 pertinent.

2001 5456 2016 5495 ί
2075 5453 2150 5507 lic
2177 5453 2327 5521 plura
2361 5450 2638 5519 interjccta
2662 5454 2784 5521 sunt
2803 5447 2869 5521 de
2898 5444 3230 5500 concubinis.

1999 5522 2012 5574 i
2052 5523 2148 5576 llic
2169 5507 2421 5576 discurrit
2450 5507 3035 5589 per'pagiuasintegras
3054 5530 3229 5589 sermo
3252 5512 3317 5566 de
3336 5507 3490 5578 aquis

1924 5594 2153 5664 frigidus
2173 5600 2332 5660 atque
2357 5592 2422 5664 ad
2450 5585 2577 5644 rem
2605 5585 2962 5664 nequidquam
2991 5585 3284 5654 pertinens.

1999 5658 2026 5704 ἵε
2055 5663 2212 5717 Multa
2240 5658 2336 5731 per
2361 5662 2539 5730 plures
2565 5661 2789 5731 paginas
2819 5658 3144 5717 inseruntur,
3167 5666 3286 5721 qua:
3310 5664 3341 5703 a
3365 5664 3492 5718 pro-

1927 5735 2099 5805 posito
2127 5730 2344 5803 prorsus
2372 5740 2496 5785 sunt
2527 5730 2718 5784 aliena.
3005 5774 3008 5775 ν
