4020 6360
222 315 372 377 £085

282 431 362 480 90.
392 429 460 481 Ut

214 494 419 544 tertiam
446 499 635 554 partem
655 494 722 544 de
740 494 1064 558 oblationibus
1097 505 1318 558 quserat:
1346 505 1398 547 et
1431 494 1492 547 ut'
1523 499 1689 548 clerici
1711 494 1807 548 lion

217 560 523 606 exactentur
543 566 679 605 more
703 555 884 608 servili.

1097 695 3482 732 Μ
3567 685 3574 696 ¹

1125 319 1491 378 EXCERPTA
1525 324 1619 379 EX
1658 323 2176 385 ΡἝΝΙΤΕΝΤΙΑΙΔ
2213 328 2263 385 ,1.
2305 330 2394 386 DE
2432 331 2589 388 DEO.

483 429 742 506 φωρῆς
773 431 906 506 _d_uo_s
941 431 1120 506 solidos
1147 440 1333 506 tantum
1374 437 1576 506 accipiat
1601 449 1810 506 :_n_eque
1841 444 1887 500 Α
1971 439 2053 506 91.
2081 438 2142 506 9t
2160 440 2434 506 vallematia
2456 449 2509 494 et
2533 444 2689 506 turpia
2708 444 2895 493 cantica
2917 444 3288 506 prohibeantur.

3346 335 3486 394 1086

1971 501 2050 564 92.
2080 501 2490 564 Presbyterorum
2532 515 2584 554 et
2616 501 2938 556 'diaconoruni
2975 509 3309 560 ordinationes
3342 515 3495 564 certis

1911 561 2160 614 celebrari
2177 561 2368 614 debere
2389 567 2709 628 temporibus.

970 783 1350 849 MONITUM
1391 786 1499 849 DE
1539 782 1983 847 EXCERPTIS
2026 787 2735 863 SUBSEQUENTIBUS.

282 1010 423 1067 Cum
450 1008 706 1081 piamque
727 1008 1108 1081 ecclesiasticae
1134 1006 1430 1081 disciplinae
1456 1019 1803 1081 monumenta

201 1081 322 1151 iam
352 1079 553 1136 excusa
577 1089 780 1145 essent,
823 1095 855 1134 a
882 1080 1000 1134 viro
1021 1079 1333 1151 doctissimo
1363 1080 1424 1134 D.
1454 1080 1686 1151 Feronio
1712 1098 1804 1136 ca-

202 1149 412 1208 honico
440 1151 757 1209 Carnotensi
782 1159 839 1205 et
875 1151 1024 1206 socio
1067 1149 1366 1206 Sorbonico
1405 1152 1587 1209 accepi
1616 1150 1792 1206 Paeni-

203 1222 437 1281 tentiale
465 1221 688 1294 Joannis
716 1222 782 1276 de
812 1221 941 1276 Deo.
983 1219 1160 1294 Quare
1189 1236 1400 1294 qureex
1429 1237 1501 1294 eo
1529 1219 1803 1294 decerpsi-

202 1309 336 1348 mus
366 1303 523 1349 extra
551 1293 726 1346 locum
756 1307 910 1362 suum
937 1291 1082 1345 velut
1105 1291 1398 1360 appendice
1429 1291 1516 1346 hic
1541 1291 1804 1362 reponere

201 1379 436 1422 necesse
489 1363 606 1416 fuit.
659 1362 808 1417 Licet
855 1361 943 1416 hic
989 1370 1179 1415 auctor
1229 1362 1417 1416 doctor
1460 1361 1802 1418 decretorum

201 1448 490 1504 nunquam
526 1432 992 1504 supragdecreturn
1023 1433 1222 1502 sapiat,
1269 1441 1453 1488 tamen
1497 1448 1561 1487 ea
1596 1449 1715 1504 quae
1746 1435 1802 1488 in

200 1502 441 1576 corpore
464 1502 823 1576 Decretalium
861 1502 1296 1576 et_D_ecretorum
1321 1518 1524 1576 _sparsa
1571 1502 1696 1559 sunt
1723 1505 1801 1559 ita

199 1572 334 1644 apte
366 1575 431 1629 ad
464 1591 620 1628 suum
642 1573 1022 1645 Paenitentiale
1044 1572 1429 1645 absolvendum
1453 1575 1715 1645 disponit,
1743 1585 1802 1628 ut

199 1643 396 1700 multis
423 1644 594 1698 videri
638 1643 830 1701 debeat
873 1643 1041 1714 utile,
1069 1643 1384 1714 Singulares
1414 1643 1619 1713 aliquot
1651 1661 1800 1700 com-

200 1715 468 1796 plectitttr
486 1714 767 1796 opiniones
791 1732 803 1773 :
833 1713 1067 1796 exempli
1092 1713 1287 1796 gratia,
1311 1730 1432 1769 cum
1461 1717 1538 1770 sic
1566 1715 1802 1796 loquitur

198 1784 262 1859 in
293 1786 474 1859 capite
500 1784 575 1859 de
591 1785 908 1859 paenitentia
932 1784 1356 1859 et’confessione
1381 1801 1566 1859 papae:
1601 1784 1804 1859 gAingef

201 1857 351 1912 ritur
380 1856 466 1910 cui
495 1856 690 1926 debeat
719 1855 989 1926 conﬁteri,
1015 1865 1071 1910 et
1099 1857 1310 1926 videtur
1345 1855 1487 1926 quod
1526 1856 1656 1913 nulli
1695 1857 1799 1910 nisi

198 1927 340 1993 Deo,
372 1935 434 1984 ut
477 1925 685 1996 faciunt
729 1925 902 1996 Graeci
934 1944 947 1982 :
987 1933 1044 1979 ut
1075 1924 1334 1996 probatur
1361 1924 1427 1980 de
1471 1926 1797 1983 Pmnitentia

199 1997 333 2058 dist.
368 1997 435 2060 i,
479 2013 528 2052 c.
572 1995 670 2050 ult.
698 2015 717 2048 ι
764 1995 981 2052 Similes
1015 1995 1542 2052 accommodationes
1598 1997 1653 2050 in
1692 1996 1797 2052 isto

196 2066 573 2126 Pmnitentiali
603 2066 872 2137 leguntur.
905 2066 986 2121 Ad
1013 2082 1172 2122 usum
1214 2066 1378 2122 studii
1413 2065 1794 2137 Bononiensis,

202 2138 273 2193 ad
298 2138 589 2192 utilitatem
618 2136 785 2192 tutius
805 2137 1074 2196 Ecclesiaz.
1101 2147 1156 2192 et
1183 2137 1252 2192 ad
1279 2137 1541 2192 honorem
1568 2138 1663 2192 Dei
1693 2136 1796 2192 Ec-

199 2209 500 2282 clesiaeque
525 2207 781 2282 ﬁomauae
825 2216 987 2282 atque
1023 2208 1141 2281 ejus
1189 2207 1518 2282 venerabilis
1548 2207 1795 2282 pnesulis

197 2277 503 2336 Innocentii
534 2277 600 2332 IV
629 2277 988 2348 compositum
1017 2277 1101 2332 est
1120 2319 1134 2343 ,
1165 2277 1616 2348 quemadmodum
1642 2278 1798 2334 initio

199 2349 329 2402 libri
374 2350 461 2404 his
505 2348 687 2404 verbis
723 2349 1069 2404 declaratur:
1107 2369 1125 2400 ‹
1155 2349 1237 2403 Ad
1265 2349 1528 2405 honorem
1573 2364 1798 2405 summa:

202 2418 515 2486 Trinitatis,
544 2429 599 2474 et
629 2419 920 2475 individua:
956 2419 1182 2474 unitatis
1222 2418 1424 2485 Patris,
1465 2428 1522 2475 et
1557 2419 1714 2485 Filii,
1743 2428 1800 2474 et

200 2488 442 2568 Spiritus
471 2491 664 2554 sancti,
691 2499 746 2546 et
779 2491 952 2546 beata:
982 2490 1241 2562 Virginis,
1270 2499 1326 2546 et
1353 2491 1598 2545 omnium
1637 2503 1796 2562 ange-

1910 1013 2107 1088 lorum,
2131 1020 2186 1068 et
2207 1011 2448 1088 omnium
2470 1019 2805 1078 sanctorum,
2835 1022 2890 1068 et
2913 1017 3181 1088 praecipue
3199 1017 3343 1088 beati
3365 1017 3496 1074 Vin-

1911 1084 2094 1148 centii,
2117 1092 2172 1137 et
2191 1084 2258 1138 ad
2281 1084 2540 1137 honorem
2563 1092 2616 1136 et
2641 1099 2833 1139 nomen
2860 1084 3246 1142 ve'neraliilium
3272 1087 3495 1143 Patrum

1910 1154 2146 1226 episc0pi
2187 1162 2242 1207 et
2269 1153 2489 1226 capituli
2521 1153 2682 1226 urbis
2700 1152 3076 1221 Bononiensis,
3105 1167 3159 1212 et
3193 1160 3259 1213 ad
3290 1159 3496 1213 utilita-

1910 1231 2018 1277 tem
2049 1223 2287 1278 universi
2318 1223 2502 1287 Studii,
2526 1231 2578 1277 et
2619 1224 2684 1277 ad
2727 1226 2989 1280 honorem
3019 1227 3275 1282 Romanae
3304 1228 3495 1284 Eccle-

1913 1294 2028 1365 ἔξω,
2061 1303 2114 1348 et
2157 1293 2274 1362 ejus
2317 1293 2640 1348 venerabilis
2685 1296 2929 1365 praesulis
2973 1297 3304 1352 lnnnocentii
3342 1298 3432 1353 IV.
3465 1318 3486 1352 ι

1911 1363 2328 1438 Privatim_ve_ro
2363 1380 2517 1438 suum
2553 1363 2968 1438 opus:_Joan_nes
2997 1369 3062 1422 de
3104 1369 3212 1423 Deo
3238 1368 3492 1438 episcOpo

1911 1442 1965 1508 et
1991 1435 2224 1508 capitulo
2251 1434 2574 1508 Bononiensi
2607 1435 2836 1508 dedicat.
2863 1435 2952 1491 Sic
2977 1439 3120 1492 enim
3146 1434 3336 1508 incipit
3358 1434 3497 1508 pra:-

1910 1504 2078 1560 fatio:
2120 1524 2137 1555 ι
2169 1504 2473 1561 Venerabili
2511 1504 2658 1558 Patri
2686 1520 2751 1559 ac
2791 1507 3008 1564 domino
3039 1524 3069 1562 a
3101 1504 3279 1563 divina
3308 1504 3496 1562 Provi-

1910 1575 2112 1649 dentia
2138 1576 2288 1630 urbis
2329 1575 2684 1649 Bononiensis
2714 1577 2983 1649 episcopo,
3015 1588 3070 1634 et
3097 1578 3497 1634 venerabilibus

1909 1646 2043 1700 viris
2081 1645 2308 1709 decano,
2339 1645 2760 1711 archidiacono,’
2785 1645 3010 1714 cantori,
3045 1649 3408 1712 thesaurario,
3439 1656 3497 1703 et

1838 1747 1880 1808 Β
1909 1717 2170 1798 magistro
2197 1716 2524 1808 scholarum,
2559 1723 2613 1808 et
2653 1718 2904 1808 unjiverso
2947 1720 3180 1808 capitulo
3227 1719 3493 1790 ejusdem,

1910 1788 2167 1858 magister
2210 1786 2442 1842 Joannes
2468 1787 2535 1842 de
2564 1787 2674 1842 Deo
2701 1787 2892 1843 doctor
2934 1786 3275 1845 decretorum
3322 1803 3492 1844 cano-

1907 1858 2060 1928 nicus
2084 1858 2396 1913 eorumdem
2425 1865 2478 1911 et
2525 1871 2713 1913 servus
2742 1859 2979 1928 ipsorum
3007 1860 3380 1928 providentiae,
3412 1874 3496 1913 sa-

1905 1925 2074 1982 lutem
2097 1928 2150 1981 in
2181 1943 2246 1982 eo
2275 1928 2366 1997 qui
2395 1936 2478 1981 est
2507 1929 2746 1982 omnium
2762 1925 2900 1983 _vera
2929 1925 3074 1985 salus
3096 1947 3218 1985 cum
3241 1944 3497 1985 reveren-

1905 1998 1981 2051 tia
2019 2007 2128 2052 tam
2159 1998 2360 2064 debita,
2393 2013 2553 2067 quam
2586 1999 2798 2062 devota,
2829 2008 2932 2053 etc.
2961 2020 2978 2052 ›
3012 2000 3252 2054 Primum
3279 1999 3498 2054 disserit

1903 2069 2204 2140 generatim
2243 2069 2310 2140 de
2359 2069 2505 2123 vitiis
2549 2067 2919 2139 cujuscunque
2963 2079 3138 2126 status
3178 2079 3235 2125 et
3277 2068 3494 2124 confes-

1903 2140 2057 2211 sione
2081 2157 2094 2194 :
2125 2139 2328 2211 deinde
2353 2140 2634 2211 speciatim
2662 2148 2716 2193 et
2749 2141 2984 2196 maxime
3009 2142 3075 2195 de
3100 2140 3496 2211 pmniteutiaet

1903 2210 2243 2284 confessione
2278 2209 2646 2284 p_r;ela_torum,
2676 2211 2958 2284 ut‘summi
2996 2209 3286 2284 pontiﬁcis,
3311 2209 3494 2284 cardi-

1901 2281 2132 2352 nalium,
2163 2278 2554 2352 etc.’_Pluribus
2579 2279 2816 2352 omissis,
2846 2296 2908 2334 ea
2939 2278 3059 2352 quae
3085 2281 3137 2335 in
3179 2282 3281 2335 hoc
3311 2278 3494 2352 Pteni-

1901 2351 2109 2423 tentiali
2139 2350 2410 2423 praecipua
2428 2357 2586 2423 sunt,
2621 2349 2930 2419 selegimus,
2953 2348 3008 2407 et
3034 2352 3231 2423 quibus
3253 2348 3491 2421 capitula

1903 2419 2173 2478 Theodori
2200 2421 2267 2476 de
2294 2419 2612 2495 poenitentia
2640 2429 3005 2491 exponuntur.

212 2625 3479 2662 Mm

1467 2749 2226 2868 EXCERPTA

1797 2931 1892 2988 EX

658 3061 1436 3141 PCENITENTIALI
1500 3047 2037 3139 MAGISTBI‘
2082 3054 2521 3138 JOANNIS
2595 3058 2729 3134 DE
2790 3057 2991 3133 DEO
3032 3115 3052 3146 ,

1416 3212 1760 3270 DOCTORIS
1797 3208 2297 3267 DECRETORUM.

283 3415 367 3473 De
393 3412 722 3486 confessione
747 3413 1079 3485 inﬁrmorum
1105 3423 1155 3468 et
1181 3430 1359 3469 eorum
1384 3413 1701 3484 pwnitentia.

721 3504 821 3575 (Ex
850 3505 944 3559 lib.
972 3521 1007 3571 ι,
1039 3521 1160 3577 cap.
1191 3505 1266 3578 1.)

269 3594 367 3652 Sic
391 3603 516 3652 tene
541 3594 686 3665 quod
715 3596 986 3654 subtiliter
1005 3606 1060 3654 et
1086 3605 1262 3656 astute
1286 3597 1453 3654 debes
1475 3597 1543 3652 ab
1564 3595 1794 3652 infirmis

195 3687 477 3764 inquirere
505 3686 738 3762 qualiter
775 3701 834 3747 se
869 3687 1176 3745 habuerunt
1216 3687 1271 3744 in
1302 3703 1399 3742 sua
1425 3688 1679 3751 sanitate,
1711 3686 1793 3742 di-

195 3780 374 3836 cendo
398 3779 477 3836 eis
506 3780 623 3841 sic;
652 3779 776 3845 Fili,
806 3781 1068 3840 conﬁtere
1110 3780 1254 3850 quod
1294 3781 1541 3836 homines
1583 3796 1791 3845 sumus,

192 3879 256 3932 et
277 3870 396 3926 sine
420 3877 648 3941 peccato
666 3885 788 3926 esse
809 3887 915 3927 non
944 3886 1267 3941 possumus:
1298 3887 1424 3928 nam
1445 3873 1490 3928 si
1521 3872 1799 3930 confessus

194 3960 373 4021 fueris
396 3968 451 4016 et
478 3962 766 4028 contritus,
791 3970 846 4017 et
872 3963 1218 4038 proposueris
1246 3980 1350 4022 non
1379 3981 1630 4036 peccare,
1655 3966 1797 4020 Deus

194 4053 323 4109 sine
369 4053 534 4109 dubio
576 4055 673 4110 tibi
703 4056 944 4113 remittet
975 4057 1189 4127 culpam
1214 4067 1270 4113 et
1309 4075 1409 4131 ego
1438 4069 1491 4116 te
1521 4061 1796 4116 absolvam

196 4158 468 4222 a'pmna,
511 4145 556 4200 si
604 4154 659 4202 te
716 4154 891 4203 totum
943 4149 1283 4208 commiseris
1327 4151 1382 4205 in
1418 4149 1624 4220 judicio
1677 4168 1798 4208 meo

192 4237 288 4294 vel
316 4237 542 4300 alterius
577 4239 894 4299 sacerdotis.
927 4241 1079 4312 Quod
1122 4250 1301 4298 autem
1331 4260 1521 4300 verum
1549 4245 1637 4312 sit,
1665 4261 1793 4318 pro-

194 4330 368 4389 batur
395 4331 480 4386 bis
510 4332 714 4398 verbis,
745 4342 851 4390 etc.
881 4349 896 4388 :
929 4333 998 4392 In
1034 4352 1340 4408 quacunque
1378 4338 1510 4392 hora
1550 4349 1796 4410 peccator

191 4423 514 4493 ingemuerit
560 4434 608 4482 et
657 4443 932 4482 conversus
977 4428 1158 4497 fuerit,
1207 4440 1536 4500 peccatorum
1578 4449 1795 4486 suorum

197 4531 316 4578 non
342 4515 655 4574 recordabar
696 4519 942 4591 amplius.
977 4495 1034 4576 Si
1062 4495 1242 4580 autem
1273 4523 1512 4579 nolueris
1550 4525 1797 4580 conﬁteri
1828 4495 1876 4554 θ

198 4606 259 4662 in
287 4606 393 4660 hac
419 4607 552 4674 vita,
576 4609 924 4667 conﬁteberis
949 4612 1002 4666 in
1032 4613 1138 4668 alia
1185 4613 1386 4670 invitus
1415 4615 1470 4670 in
1504 4624 1796 4686 conspectu

200 4699 454 4758 omnium
500 4702 844 4772 angelorum,
891 4705 1190 4761 amicorum
1237 4715 1293 4762 et
1339 4708 1714 4776 inimicorum,
1747 4720 1800 4765 ct

201 4788 661 4851 condemnaberis
687 4793 738 4846 in
769 4803 1112 4863 perpetuum,
1140 4804 1247 4850 etc.
1279 4796 1432 4864 Quod
1462 4813 1592 4853 vero
1618 4815 1799 4853 sacer-

202 4881 364 4937 dotes
390 4883 600 4951 possint
628 4884 875 4941 relaxare
905 4901 1120 4956 poenam
1151 4904 1181 4942 a
1212 4903 1336 4942 vere
1373 4890 1646 4955 contritis,
1675 4906 1802 4959 pro-

200 4971 401 5037 batur;
434 4972 556 5042 quia
580 4973 776 5027 dicitur
799 4975 942 5044 quod
972 4975 1158 5030 vicarii
1185 4984 1311 5031 sunt
1340 4979 1648 5033 sacerdotes
1670 4977 1799 5033 Jesu

202 5061 432 5126 Christi,
457 5070 512 5118 et
535 5063 736 5118 habent
754 5064 936 5119 claves
961 5065 1109 5134 regni
1133 5066 1416 5132 caelorum,
1440 5076 1497 5122 ct
1516 5068 1802 5123 absolvunt

205 5161 340 5208 ante
360 5153 500 5208 diem
522 5152 732 5220 judicii.
761 5153 818 5208 Si
843 5163 1022 5209 autem
1043 5155 1239 5226 aliquis
1259 5173 1364 5212 non
1387 5173 1514 5212 vere
1536 5158 1803 5213 contritus

207 5253 326 5308 cst,
376 5243 687 5300 sacerdotes
733 5259 856 5300 eum
901 5263 1007 5306 non
1056 5257 1282 5317 possunt
1329 5247 1628 5312 absolvere,
1674 5250 1801 5318 quia

207 5351 340 5390 cum
381 5336 538 5407 culpa
585 5337 813 5395 remissa
861 5352 966 5394 non
1015 5347 1126 5404 est,
1172 5353 1333 5411 pcena
1376 5339 1516 5395 demi
1563 5355 1670 5394 non
1703 5354 1802 5408 po-

210 5439 345 5497 test,
372 5440 478 5492 etc.

213 5542 361 5611 Quid
390 5545 514 5615 facit
554 5544 815 5610 sacerdos,
848 5557 1121 5618 postquam
1151 5547 1405 5601 audiverit
1451 5548 1804 5617 pwnitentiam

904 5618 1123 5686 infirmi.

839 5711 936 5782 (Ex
971 5727 1090 5782 cap.
1119 5711 1198 5782 2.)

289 5795 582 5873 Postquam
627 5810 808 5858 autem
859 5802 1081 5859 sciveris
1130 5800 1522 5858 confessionem
1572 5802 1803 5871 inﬁrmi,

1818 3415 1868 3478 ο
1898 3424 2006 3463 non
2036 3409 2200 3463 debes
2227 3407 2274 3463 ei
2305 3408 2681 3478 pmnitentiam
2718 3409 3016 3481 injungerc,
3051 3414 3143 3469 sed
3174 3422 3381 3472 tantum
3409 3418 3493 3474 in-

1899 3512 2200 3566 notescere,
2234 3503 2462 3558 dicendo
2487 3503 2567 3558 sic
2595 3521 2607 3556 :
2645 3503 2702 3558 Si
2735 3512 2789 3558 tu
2831 3519 2981 3560 esses
3011 3521 3198 3574 sanus,
3227 3517 3306 3564 tot
3333 3511 3492 3565 annis

1900 3592 2127 3648 deberes
2153 3593 2446 3662 pmnitere;
2478 3593 2572 3648 sed
2598 3594 2723 3662 quia
2760 3602 2816 3647 tu
2853 3609 2913 3649 es
2957 3595 3220 3663 inﬁrmus,
3251 3615 3359 3653 non
3390 3601 3494 3654 im-

1902 3698 2045 3754 pono
2069 3683 2163 3738 tibi
2187 3683 2594 3754 poenitentiae];
2622 3684 2842 3755 injungo
2869 3685 2987 3751 tibi,
3005 3689 3148 3756 quod
3173 3688 3217 3743 si
3245 3698 3493 3746 mortuus

1904 3776 2091 3843 fueris,
2115 3776 2283 3832 facias
2308 3777 2422 3832 dari
2449 3793 2547 3847 pro
2574 3778 2676 3832 hac
2701 3779 3021 3847 pwnitentia
3045 3788 3252 3835 tantum
3278 3797 3291 3834 :
3314 3790 3370 3837 et
3393 3797 3492 3852 ego

1897 3869 2118 3926 absolvo
2143 3877 2194 3924 te
2221 3869 2542 3923 auctoritate
2567 3868 2778 3922 Domini
2804 3870 2897 3924 Dei
2924 3871 3092 3925 nostri
3116 3871 3246 3926 Jcsu
3266 3871 3491 3935 Christi,

1897 3969 1952 4015 et
1982 3960 2126 4016 beati
2158 3959 2304 4014 Petri
2335 3958 2584 4029 apostoli,
2613 3967 2666 4013 et
2693 3959 2852 4015 ollicii
2881 3963 3072 4016 nostri.
3103 3963 3236 4019 ltem
3273 3962 3494 4034 iniungo
3577 3983 3580 3988 ·

1897 4049 1992 4105 tibi
2015 4049 2157 4119 quod
2178 4049 2521 4120 quamprimo
2544 4048 2712 4104 fueris
2732 4065 2917 4116 sanus,
2939 4060 3227 4121 antequam
3251 4053 3492 4108 divertas

1897 4143 1965 4199 ad
1994 4142 2098 4197 alia
2129 4143 2375 4207 servitia,
2399 4143 2584 4197 venias
2617 4143 2686 4197 ad
2732 4159 2820 4198 me
2846 4144 2931 4199 vel
2956 4145 3022 4200 ad
3050 4145 3210 4199 alium
3242 4145 3496 4199 sacerdo-

1901 4241 2030 4298 tem,
2053 4242 2109 4287 et
2133 4233 2442 4288 conlitearis
2463 4235 2656 4289 iterum
2678 4234 2947 4300 similiter,
2971 4244 3026 4289 et
3050 4237 3238 4290 devote
3260 4235 3494 4308 recipias

1903 4326 2278 4396 paenitentiam
2301 4341 2420 4394 qua:
2449 4325 2687 4395 injuncta
2715 4326 2812 4382 tibi
2843 4326 3036 4391 fuerat,
3061 4335 3168 4381 etc.

1907 4418 1982 4472 De
2029 4417 2350 4490 confessione
2374 4420 2490 4474 sani
2517 4428 2564 4472 et
2594 4418 2657 4472 de
2683 4419 2984 4489 pwnitentia
3009 4418 3105 4472 sibi
3153 4418 3490 4489 imponenda.

2520 4510 2618 4581 (Es
2653 4526 2771 4579 cap.
2803 4507 2881 4580 5.)

1973 4600 2030 4656 Si
2077 4611 2259 4656 autem
2297 4602 2460 4658 fuerit
2506 4617 2670 4656 sanus
2697 4600 2788 4670 qui
2830 4601 2925 4654 tibi
2961 4600 3268 4666 conﬁtetur,
3297 4601 3494 4671 prmvi-

1900 4693 2032 4748 deas
2058 4702 2240 4748 utrum
2268 4695 2339 4748 sit
2368 4693 2506 4748 liber
2533 4692 2617 4746 vel
2644 4709 2852 4748 servus.
2879 4693 2937 4748 Si
2968 4701 3050 4749 est
3078 4709 3290 4757 servus,
3317 4694 3496 4764 inqui-

1900 4803 1991 4843 ras
2020 4797 2204 4842 utrum
2226 4788 2468 4858 peccavit
2498 4786 2694 4840 timore
2723 4786 2924 4840 domini
2955 4787 3038 4842 vel
3070 4797 3368 4857 spontauea
3397 4801 3488 4840 vo-

1902 4880 2129 4935 luntate.
2159 4879 2215 4934 Si
2249 4887 2429 4933 autem
2461 4879 2769 4948 peccaverit
2802 4879 2993 4933 timore
3021 4879 3259 4943 domini,
3290 4879 3416 4934 licet
3439 4878 3497 4932 vi

1900 4973 1950 5026 ei
1981 4971 2203 5026 obedire
2234 4985 2340 5024 non
2370 4969 2615 5024 licuisset
2654 4980 2844 5026 contra
2872 4971 3064 5034 Deum,
3097 4978 3279 5025 tamen
3309 4969 3498 5024 mitius

1901 5065 2008 5119 erit
2047 5079 2236 5119 servus
2264 5063 2592 5134 puniendus,
2625 5071 2732 5117 etc.
2779 5062 2837 5117 Si
2869 5071 3048 5117 autem
3082 5078 3274 5117 servus
3306 5078 3497 5132 pecca-

1901 5156 2042 5210 verit
2087 5164 2386 5224 spontanca
2416 5155 2693 5210 voluntate
2723 5155 2839 5209 sine
2871 5155 3022 5225 culpa
3058 5155 3262 5210 domini
3309 5155 3412 5218 sui,
3440 5153 3497 5207 in

1904 5266 1969 5306 eo
1996 5267 2125 5305 casu
2149 5266 2335 5304 servus
2364 5249 2543 5304 acrius
2565 5255 2648 5302 est
2676 5247 2978 5317 puniendus
3009 5248 3061 5301 in
3093 5263 3337 5317 corpore,
3362 5255 3493 5308 etc.;

1906 5344 2090 5398 habito
2119 5352 2297 5396 tamen
2325 5351 2574 5410 respectu
2599 5341 2664 5395 de
2696 5340 2889 5393 itinere
2926 5336 3397 5409 peregrinationis,
3428 5350 3498 5387 ne

1906 5436 2213 5505 imponatur
2236 5449 2414 5496 servo,
2447 5434 2502 5487 in
2543 5449 2650 5502 quo
2674 5432 2927 5487 dominus
2967 5430 3344 5485 tlamnilicetur
3367 5442 3495 5496 pro-

1907 5536 2027 5598 pter
2051 5526 2349 5580 absentiam
2377 5526 2540 5590 servi,
2564 5533 2668 5580 etc.
2699 5524 2753 5578 Si
2781 5533 2963 5578 autem
2985 5523 3089 5578 erit
3117 5521 3273 5583 liber,
3305 5517 3501 5573 fortius

1908 5619 2066 5674 debet
2095 5618 2308 5688 puniri,
2348 5617 2390 5672 si
2421 5626 2718 5687 spontanea
2749 5616 3024 5670 \‘nluntate
3062 5613 3325 5684 peccavit.
3364 5611 3498 5665 Nam

1912 5718 2078 5765 totam
2124 5709 2498 5779 paenitentiam
2542 5711 2851 5780 impositam
2898 5725 2928 5763 a
2974 5723 3181 5763 canone
3228 5707 3499 5770 sustinuere

1912 5803 2090 5870 debet,
2119 5801 2160 5856 si
2195 5802 2364 5874 possit
2393 5803 2530 5868 ﬁeri,
2555 5813 2659 5858 etc.
