4020 6360
221 318 372 381 £085

1126 323 1491 382 EXCERPTA
1525 327 1620 383 EX
1658 327 2176 389 P(ENITENTIALI
2214 333 2262 390 J.
2307 335 2394 390 DE
2432 335 2589 393 DEO.

3347 340 3486 399 1086

772 433 906 510 duos
941 435 1121 510 solidos
1148 444 1334 510 tantum
1375 441 1577 510 accipiat
1601 453 1810 510 :_n_eque
1841 448 1888 504 Α
1971 443 2053 510 91.
2081 443 2143 510 tit
2161 445 2434 496 vallematis
2457 455 2509 498 et
2534 448 2689 509 turpia
2709 449 2895 497 cantica
2918 449 3288 510 prohibeantur.

212 499 419 548 tertiam
445 497 635 558 partem
654 497 721 547 de
740 497 1065 562 oblationibus
1098 509 1318 562 quaerat:
1347 509 1399 551 et
1431 497 1492 551 ut'
1523 502 1690 552 clerici
1711 497 1807 553 non

215 565 523 609 crucientur
544 570 679 609 more
703 558 884 612 servili.

1097 699 1798 717 Μ

1906 704 3482 736 ...._._______________________

1972 506 2050 569 92.
2080 506 2490 568 Presbyterorum
2532 519 2585 560 et
2616 506 2939 561 'diaconoruui
2976 515 3308 565 ordinationes
3342 520 3496 569 certis

1911 565 2159 617 celebrari
2178 565 2368 619 debere
2389 571 2709 633 temporibus.

969 787 1352 850 MONITUM
1392 790 1500 852 DE
1539 787 1984 851 EXCERPTIS
2026 791 2734 868 SUBSEQUENTIBUS.

282 1014 422 1070 Cum
451 1011 706 1084 pleraque
727 1011 1108 1084 ecclesiasticae
1133 1011 1430 1084 disciplinte
1456 1023 1802 1070 monumenta

201 1084 320 1156 jam
353 1083 552 1156 excusa
575 1092 780 1156 essent,
823 1099 854 1138 a
883 1083 1000 1156 viro
1021 1083 1334 1156 doctissimo
1363 1085 1423 1137 D.
1454 1085 1686 1156 Feretrio
1713 1102 1805 1140 ca-

203 1153 411 1212 nonico
439 1154 757 1226 carnotensi
781 1162 839 1226 et
875 1155 1023 1226 socio
1067 1153 1366 1210 Sorbonico
1405 1156 1588 1226 accepi
1617 1154 1792 1210 Paeni-

203 1226 436 1282 tentiale
465 1224 688 1298 Joannis
716 1225 782 1279 de
811 1225 941 1280 Deo.
983 1223 1160 1298 Quare
1189 1240 1402 1298 qureex
1429 1240 1500 1298 eo
1530 1223 1803 1298 decerpsi-

203 1313 335 1352 mus
366 1307 522 1352 extra
549 1296 726 1350 locum
756 1311 910 1366 suum
937 1295 1082 1349 velut
1105 1295 1399 1366 appendice
1428 1295 1517 1366 hic
1541 1295 1804 1366 reponere

203 1382 436 1424 necesse
487 1366 606 1425 fuit.
659 1366 808 1421 Licet
854 1365 943 1420 hic
988 1374 1180 1419 auctor
1229 1365 1418 1420 doctor
1461 1365 1802 1422 decretorum

200 1451 489 1507 nunquam
525 1436 992 1507 supraidecretum
1023 1437 1221 1505 sapiat,
1269 1444 1453 1491 tamen
1497 1451 1562 1490 ea
1596 1454 1716 1507 qua:
1746 1438 1802 1492 in

200 1506 440 1579 carpere
462 1506 823 1579 Decretalium
860 1506 1296 1579 etDecretorum
1321 1522 1526 1579 _sparsa
1571 1506 1696 1563 sunt
1723 1508 1802 1564 ita

199 1576 334 1647 apte
355 1578 430 1649 ad
462 1593 619 1649 suum
642 1576 1022 1649 Pcenitentiale
1044 1576 1428 1649 absolvendum
1453 1578 1716 1649 disponit,
1742 1589 1802 1632 ut

199 1645 395 1703 multis
421 1647 594 1702 videri
638 1645 830 1705 debeat
872 1647 1040 1718 utile.
1070 1646 1384 1718 Singulares
1414 1645 1619 1718 aliquot
1651 1665 1800 1704 com-

1911 1017 2107 1092 lorum,
2131 1024 2185 1071 et
2208 1016 2448 1092 omnium
2471 1024 2805 1083 sanctorum,
2835 1027 2890 1073 ct
2912 1022 3181 1092 praecipue
3199 1021 3343 1078 beati
3365 1023 3497 1080 Vin-

1911 1088 2094 1151 centii,
2117 1096 2173 1141 et
2191 1089 2258 1143 ad
2280 1089 2540 1142 honorem
2563 1097 2615 1142 et
2640 1103 2833 1142 nomen
2860 1088 3246 1146 venerabilium
3272 1092 3496 1149 Patrum

1911 1158 2146 1230 episcopi
2187 1167 2242 1212 et
2269 1157 2490 1230 capituli
2520 1158 2682 1230 urbis,
2699 1157 3075 1226 Bononiensis,
3105 1171 3160 1217 et
3193 1165 3259 1218 ad
3290 1163 3496 1218 utilita-

1910 1235 2018 1282 tem
2049 1228 2287 1282 universi
2318 1228 2502 1292 studii,
2526 1235 2579 1281 et
2619 1229 2684 1282 ad
2727 1230 2990 1285 honorem
3019 1232 3276 1287 Romanae
3304 1234 3495 1288 Eccle-

1913 1299 2029 1370 siae,
2061 1308 2114 1352 et
2158 1297 2274 1366 ejus
2317 1298 2640 1353 venerabilis
2684 1301 2928 1370 prpesulis
2973 1302 3304 1358 lnnnoeentii
3342 1303 3432 1358 IV.
3465 1323 3487 1357 ι

1910 1367 2328 1443 Privatim_ve_ro
2363 1385 2517 1443 suum
2553 1367 2968 1443 opuleoannes
2997 1374 3062 1427 de
3103 1374 3213 1428 Deo
3238 1373 3493 1443 episcopo

1910 1447 1965 1513 et
1991 1439 2224 1513 capitulo
2251 1439 2573 1513 Bononiensi
2606 1439 2836 1513 dedicat.
2862 1440 2952 1496 Sic
2976 1444 3120 1497 enim
3147 1439 3336 1513 incipit
3357 1439 3497 1513 pric-

1909 1507 2078 1564 fatioE
2120 1527 2137 1560 ι
2169 1509 2473 1565 Venerabili
2511 1509 2658 1563 Patri
2685 1525 2750 1564 ac
2791 1512 3007 1568 domino
3039 1529 3069 1567 a
3100 1507 3280 1568 divina
3309 1507 3496 1566 Provi-

1909 1579 2111 1653 dentia‘
2138 1580 2288 1634 urbis
2328 1580 2684 1653 Bononiensis
2713 1582 2983 1653 episcopo,
3015 1593 3070 1639 et
3097 1583 3497 1639 venerabilibus

1908 1650 2043 1704 viris
2081 1649 2308 1713 decano,
2339 1649 2761 1716 archidiacono,
2784 1649 3010 1719 cantori,
3045 1654 3407 1718 Ihesaurario,
3439 1661 3497 1708 et

200 1719 466 1812 plectitur
485 1718 803 1812 opiniones:
833 1717 1066 1812 exempli
1091 1717 1287 1812 εις-εαξη,
1311 1734 1432 1772 cum
1460 1720 1538 1774 sic
1565 1719 1802 1812 loqpitur
1837 1751 1880 1812 Β
1908 1721 2170 1812 magistro
2197 1720 2524 1812 s‘cholaruu},
2559 1728 2613 1812 et
2653 1723 2904 1812 universo
2946 1717 3180 1812 papitulo
3227 1725 3493 1794 ejusdem,

199 1788 260 1863 in
292 1789 472 1863 capite
498 1788 575 1863 de
590 1789 908 1863 paenitentia
931 1788 1356 1863 etconfessione
1380 1805 1566 1863 papae:
1601 1788 1804 1863 {Quae
1837 1788 1880 1812 ν
1909 1788 2168 1863 magister
2209 1790 2441 1863 Joannes
2468 1791 2535 1847 de
2565 1792 2674 1846 Deo
2701 1793 2891 1848 doctor
2933 1788 3275 1850 decretorum
3321 1808 3491 1848 eano-

201 1860 350 1916 ritur
378 1859 464 1914 cui
494 1858 690 1929 debeat
718 1858 988 1924 conﬁteri,
1015 1868 1071 1913 et
1099 1860 1310 1929 videtur
1344 1858 1487 1929 quod
1526 1860 1656 1917 nulli
1695 1861 1799 1914 nisi

197 1930 338 1996 Deo,
370 1938 432 1989 ut
476 1928 684 1984 faciunt
729 1929 902 1985 Graeci
934 1947 946 1985 :
986 1936 1045 1983 ut
1073 1928 1333 1999 probatur
1361 1928 1427 1984 de
1471 1929 1796 1987 Pwnitentia

199 1999 332 2060 dist.
365 2001 391 2054 1
417 2041 434 2065 ,
477 2016 527 2055 c.
571 1999 668 2054 ult.
697 2019 716 2052 ι
763 1999 980 2058 Similes
1014 1999 1542 2055 accommodationes
1597 2001 1652 2055 in
1692 2001 1797 2056 isto

197 2069 572 2130 Pmnitentiali
602 2069 871 2140 leguntur.
903 2070 986 2124 Ad
1013 2086 1173 2126 usum
1214 2070 1378 2126 studii
1414 2069 1794 2137 Bononiensis,

202 2141 272 2197 ad
297 2141 589 2196 utilitatem
618 2141 784 2196 totius
803 2141 1073 2200 Ecclesiae.
1101 2151 1156 2196 et
1183 2141 1251 2196 ad
1279 2141 1540 2196 honorem
1567 2141 1663 2196 Dei
1694 2140 1796 2196 Ec-

199 2212 499 2286 clesiteque
525 2211 781 2286 Romanas
825 2220 986 2286 atque
1022 2212 1141 2284 ejus
1190 2211 1518 2286 venerabilis
1547 2212 1794 2286 praesulis

197 2280 503 2338 Innocentii
532 2280 600 2336 ιν
628 2280 988 2352 compositum
1017 2280 1101 2336 est
1120 2323 1134 2347 ,
1164 2280 1615 2352 quemadmodum
1641 2283 1797 2338 initio

199 2352 329 2406 libri
374 2353 460 2408 bis
503 2352 686 2408 verbis
723 2352 1068 2407 declaratur:
1106 2372 1125 2404 ‹
1154 2352 1236 2407 Ad
1265 2353 1528 2410 honorem
1573 2369 1798 2410 summa:

201 2421 515 2489 Trinitatis,
543 2433 599 2478 et
630 2423 919 2478 individuse
956 2423 1182 2478 unitatis
1223 2422 1423 2488 Patris,
1464 2432 1522 2478 et
1557 2423 1714 2489 Filii,
1743 2433 1800 2478 et

199 2491 441 2572 Spiritus
471 2494 662 2558 sancti,
690 2503 745 2548 et
779 2495 951 2550 beata:
981 2494 1242 2566 Virginis,
1270 2503 1325 2550 et
1353 2495 1597 2549 omnium
1636 2508 1796 2566 ange-

1907 1862 2060 1933 nicus
2084 1862 2396 1933 eorumdem
2425 1869 2478 1915 et
2525 1876 2713 1918 servus
2741 1864 2978 1932 ipsorum
3007 1865 3379 1933 providentiae,
3411 1879 3495 1918 sa-

1905 1929 2073 1986 lutem
2097 1932 2149 1986 in
2181 1947 2245 1986 eo
2275 1933 2365 2002 qui
2395 1939 2478 1986 est
2507 1933 2745 1986 omnium
2762 1929 2900 1987 _vera
2928 1929 3073 1990 salus
3096 1952 3217 1990 cum
3241 1950 3497 1989 reveren-

1905 2002 1996 2055 tia’
2018 2011 2128 2056 tam
2159 2002 2360 2068 debita,
2393 2018 2554 2072 quam
2587 2003 2798 2067 devota,
2829 2013 2932 2057 etc.
2961 2024 2978 2057 ›
3011 2004 3252 2059 Primum
3278 2003 3497 2058 disserit

1903 2073 2203 2144 generatim
2243 2073 2310 2128 de
2359 2073 2505 2128 vitiis
2550 2072 2918 2144 cujuscunque
2962 2084 3137 2131 status
3178 2084 3235 2130 et
3277 2073 3494 2129 confes-

1903 2144 2056 2216 sione
2081 2161 2094 2198 :
2123 2144 2328 2216 deinde
2353 2144 2633 2216 speciatim
2662 2152 2716 2198 et
2748 2145 2983 2201 maxime
3009 2147 3074 2200 de
3099 2145 3414 2216 poenitentia
3429 2149 3495 2216 et

1902 2215 2242 2288 confessione
2278 2214 2645 2288 praelatorum,
2675 2217 2957 2288 ntsummi
2996 2214 3286 2288 pontiﬁcis,
3310 2214 3493 2288 cardi-

1901 2285 2132 2356 nalium,
2163 2294 2266 2339 etc.
2290 2284 2554 2356 Pluribus
2579 2284 2816 2356 omissis,
2846 2300 2907 2338 ea
2938 2283 3058 2356 qua":
3084 2287 3136 2339 in
3177 2287 3281 2340 hoc
3310 2283 3494 2356 Poeni-

1901 2355 2109 2428 tentiali
2139 2355 2409 2428 praecipua
2427 2361 2586 2428 sunt,
2620 2354 2929 2424 selegimus,
2953 2353 3008 2412 et
3034 2356 3230 2428 quibus
3252 2353 3490 2426 capitula

1903 2423 2173 2483 Theodori
2200 2425 2267 2480 de
2294 2423 2612 2498 poenitentia
2639 2423 3004 2496 experiuntur.

211 2630 3478 2666 W

1467 2753 2225 2872 EXCERPTA

1797 2935 1891 2992 EX

657 3064 1437 3144 PCENITENTIALI
1500 3051 2035 3143 MAGISTBI‘
2081 3058 2520 3140 JOANNIS
2595 3062 2728 3139 DE
2789 3061 2990 3137 Ι)Εο
3032 3119 3052 3150 ,

1414 3217 1760 3274 DOCTORIS
1797 3213 2296 3270 DECRETORUM.

283 3418 366 3476 De
393 3416 721 3488 confessione
745 3417 1077 3491 inﬁrmorum
1105 3427 1153 3472 et
1179 3434 1358 3473 eorum
1383 3417 1701 3488 paenitentia.

719 3507 821 3578 (Ex
848 3508 943 3562 lib.
970 3525 1006 3574 ι,
1037 3524 1159 3581 cap.
1189 3508 1266 3581 1.)

270 3598 367 3656 Sic
392 3606 515 3656 tene
541 3597 686 3669 quod
713 3599 985 3657 subtiliter
1003 3609 1058 3657 et
1084 3609 1262 3660 astute
1285 3601 1452 3656 debes
1474 3601 1542 3656 ab
1563 3599 1794 3656 infirmis

194 3690 477 3766 inquirere
505 3689 736 3765 qualiter
774 3705 833 3746 se
867 3690 1175 3748 habuerunt
1215 3691 1271 3747 in
1301 3707 1398 3746 sua
1425 3692 1678 3756 sanitate,
1710 3691 1792 3745 di-

195 3783 373 3839 cendo
397 3782 476 3838 eis
505 3783 621 3844 sic;
651 3782 775 3848 Fili,
805 3784 1066 3843 conﬁtere
1109 3784 1252 3853 quod
1292 3785 1540 3840 homines
1583 3800 1790 3850 sumus,

192 3882 255 3936 et
277 3873 396 3929 sine
419 3881 646 3944 peccato
665 3889 786 3929 esse
807 3890 914 3930 non
942 3890 1228 3944 possumus
1251 3890 1265 3929 :
1296 3891 1423 3931 nam
1444 3877 1488 3932 si
1519 3875 1798 3935 confessus

194 3964 372 4027 fueris
395 3971 450 4020 et
477 3965 764 4031 contritus,
789 3973 844 4021 et
872 3968 1216 4040 proposueris
1245 3984 1349 4025 non
1379 3984 1630 4040 peccare,
1654 3970 1796 4024 Deus

194 4056 322 4112 sine
368 4057 532 4113 dubio
574 4058 671 4114 tibi
702 4059 942 4116 remittet
973 4061 1187 4131 culpam
1212 4071 1268 4117 et
1308 4079 1408 4134 ego
1437 4072 1489 4119 te
1520 4065 1794 4120 absolvam

196 4164 236 4213 a
282 4162 466 4218 paena,
509 4149 555 4204 si
603 4159 658 4205 te
715 4158 890 4206 totum
941 4153 1281 4211 commiseris
1326 4155 1380 4209 in
1417 4153 1623 4224 judicio
1676 4173 1796 4212 meo

191 4241 287 4297 vel
314 4241 540 4304 alterius,
576 4243 893 4302 sacerdotis.
925 4245 1078 4316 Quod
1120 4254 1300 4302 autem
1330 4263 1520 4304 verum
1547 4249 1636 4314 sit,
1664 4265 1792 4322 pro-

193 4333 366 4399 batur
392 4334 478 4390 his
507 4336 712 4402 verbis,
743 4345 849 4394 etc.
879 4352 894 4392 :
926 4337 996 4396 In
1032 4356 1338 4412 quacunque
1377 4342 1509 4396 hora
1549 4353 1794 4414 peccator

191 4426 511 4497 ingemuerit
558 4437 606 4484 et
654 4447 930 4486 conversus
975 4431 1157 4501 fuerit,
1205 4444 1535 4504 peccatorum
1577 4453 1793 4490 suorum

196 4535 314 4581 non
341 4519 654 4578 recordabar
694 4523 939 4594 amplius.
975 4499 1033 4579 Si
1061 4499 1240 4584 autem
1270 4527 1510 4583 nolueris
1548 4529 1796 4584 conﬁteri
1826 4499 1874 4559 θ

197 4609 257 4665 in
287 4609 392 4664 hac
417 4611 550 4678 vita,
574 4613 922 4670 confiteberis
946 4615 1000 4670 in
1031 4616 1137 4671 alia
1183 4617 1384 4674 invitus
1413 4619 1469 4676 in
1502 4629 1795 4690 conspectu

199 4703 452 4761 omnium
497 4705 843 4775 angelorum,
889 4709 1188 4765 amicorum
1235 4719 1292 4766 et
1337 4712 1712 4780 inimicorum,
1745 4723 1799 4768 et

199 4791 659 4854 condemnaberis
685 4796 736 4849 in
767 4806 1110 4866 perpetuum,
1139 4807 1246 4854 etc.
1277 4800 1430 4868 Quod
1460 4817 1590 4857 vero
1616 4818 1797 4857 sacer-

201 4884 362 4940 dotes
388 4886 598 4954 possint
627 4887 874 4944 relaxare
902 4904 1118 4960 pmnam
1149 4908 1180 4945 a
1210 4906 1334 4946 vere
1372 4893 1644 4959 contritis,
1673 4910 1800 4962 pro-

199 4974 400 5040 batur;
433 4976 555 5045 quia
578 4977 774 5031 dicitur
797 4979 940 5048 quod
971 4979 1156 5034 vicarii
1183 4988 1309 5035 sunt
1338 4982 1646 5037 sacerdotes
1668 4981 1796 5036 Jesu

201 5065 430 5130 Christi,
455 5073 511 5121 et
533 5067 734 5122 habent
753 5068 934 5123 claves
957 5069 1106 5137 regni
1131 5070 1415 5137 caularum,
1437 5080 1494 5127 et
1514 5071 1800 5127 absolvunt

204 5164 339 5212 ante
358 5155 499 5211 diem
521 5155 730 5224 judicii.
759 5156 816 5212 Si
840 5166 1020 5212 autem
1041 5159 1237 5229 aliquis
1258 5177 1363 5215 non
1385 5177 1512 5216 vere
1534 5162 1801 5217 contritus

205 5256 324 5311 est,
375 5247 685 5303 sacerdotes
731 5263 854 5302 cum
899 5266 1005 5310 non
1054 5261 1280 5320 possunt
1327 5251 1626 5317 absolvere,
1672 5254 1800 5322 quia

205 5354 338 5394 cum
381 5339 536 5410 culpa
583 5339 811 5397 remissa
859 5356 964 5396 non
1013 5349 1124 5407 est,
1170 5356 1331 5414 pinna
1374 5343 1515 5398 demi
1561 5360 1668 5398 non
1702 5359 1800 5413 po-

208 5441 344 5500 mst,
371 5443 476 5494 etc.

211 5545 359 5614 Quid
388 5548 511 5618 facit
552 5547 812 5613 sacerdos,
845 5559 1119 5690 paupriem
1149 5551 1403 5604 audiverit
1449 5553 1802 5621 paznitentiam

902 5638 953 5673 Hi
979 5637 1121 5674 mm.

902 5637 1121 5674 ιηηῑηιι.

836 5715 935 5784 (Ex
967 5730 1088 5785 cap.
1117 5715 1196 5785 2.)

286 5797 579 5876 Postquam
624 5814 805 5862 autem
857 5805 1078 5862 sciveris
1128 5803 1521 5861 confessionem
1570 5806 1801 5874 inﬁrmi,

1817 3418 1867 3482 ο
1898 3428 2006 3467 non
2035 3413 2198 3467 debes
2226 3412 2274 3467 ei
2305 3413 2680 3482 paenitentiam
2718 3414 3016 3485 injungere,
3049 3418 3142 3474 sed
3173 3427 3381 3477 tantum
3407 3423 3492 3479 in-

1898 3515 2199 3571 notescere,
2233 3507 2461 3562 dicendo
2486 3507 2566 3563 sic
2594 3526 2606 3561 :
2643 3507 2700 3563 Si
2734 3517 2788 3562 tu
2830 3523 2980 3564 esses
3009 3525 3196 3578 sanus,
3227 3521 3305 3568 tot
3332 3516 3492 3571 annis

1899 3596 2126 3653 deberes
2152 3597 2446 3666 pmnitere;
2477 3597 2571 3652 sed
2597 3599 2722 3667 quia
2759 3607 2815 3652 tu
2851 3613 2912 3654 es
2955 3599 3219 3669 inﬁrmus,
3250 3620 3358 3658 non
3390 3605 3493 3658 im-

1901 3703 2044 3758 pono
2068 3687 2161 3743 tibi
2186 3687 2594 3758 pmnitentiam;
2621 3689 2841 3760 injungo
2867 3690 2985 3756 tibi,
3003 3693 3146 3760 quod
3171 3693 3216 3747 si
3245 3703 3492 3751 mortuus

1903 3780 2090 3848 fueris,
2115 3781 2282 3837 facias
2307 3781 2421 3837 dari
2447 3797 2546 3852 pro
2572 3782 2676 3837 hac
2700 3783 3020 3852 poenitentia
3044 3793 3252 3840 tantum
3277 3802 3290 3839 :
3314 3795 3369 3842 et
3392 3802 3492 3857 ego

1895 3873 2116 3931 absolvo
2142 3881 2194 3927 te
2219 3873 2541 3927 auctoritate
2567 3873 2777 3927 Domini
2803 3874 2896 3928 Dei
2923 3877 3090 3930 nostri
3115 3875 3244 3930 Jcsu
3265 3877 3490 3940 Christi,

1896 3972 1950 4020 et
1980 3963 2126 4018 beati
2157 3964 2302 4017 Petri
2333 3963 2582 4033 apostoli,
2612 3972 2666 4018 et
2692 3964 2851 4020 oﬁicii
2879 3967 3070 4021 nostri.
3101 3967 3235 4024 ltem
3272 3967 3493 4039 injungo

1896 4053 1991 4108 tibi
2014 4053 2156 4122 quod
2177 4054 2520 4124 quamprimo
2542 4053 2710 4109 fueris
2731 4069 2915 4120 sanus,
2937 4065 3226 4125 antequam
3250 4058 3492 4114 divertas

1895 4147 1963 4202 ad
1993 4146 2097 4199 alia
2127 4147 2374 4212 servitia,
2397 4147 2583 4202 venias
2616 4147 2684 4202 ad
2731 4164 2818 4203 me
2845 4149 2928 4204 vel
2954 4150 3021 4205 ad
3049 4150 3209 4205 alium
3241 4151 3495 4204 sacerdo—

1899 4245 2028 4301 tem,
2052 4246 2108 4291 et
2132 4238 2441 4292 conﬁtearis
2463 4238 2656 4293 iterum
2677 4239 2945 4304 similiter,
2970 4249 3024 4294 et
3049 4241 3237 4296 devote
3259 4241 3494 4313 recipias

1901 4330 2276 4400 pmnitentiam
2300 4345 2419 4398 qua:
2448 4329 2685 4400 injuncta
2713 4331 2810 4386 tibi
2842 4330 3034 4395 fuerat,
3060 4341 3167 4386 etc.

1907 4422 1981 4476 De
2027 4421 2349 4494 confessione
2373 4423 2488 4478 sani
2515 4432 2562 4476 et
2593 4423 2656 4476 de
2683 4424 2982 4493 paenitentia
3008 4423 3104 4477 sibi
3151 4423 3489 4494 imponenda.

2518 4514 2616 4586 (Ex
2651 4530 2770 4584 cap.
2801 4512 2880 4584 5.)

1971 4605 2028 4660 Si
2075 4613 2257 4661 autem
2296 4606 2459 4663 fuerit
2505 4622 2669 4660 sanus
2695 4605 2787 4674 qui
2829 4606 2924 4659 tibi
2959 4605 3266 4671 conﬁtetur,
3295 4606 3495 4676 praevia

1898 4697 2030 4752 deas
2056 4706 2239 4752 utrum
2266 4698 2338 4752 sit
2367 4697 2504 4752 liber
2532 4697 2615 4750 vel
2643 4713 2850 4752 servus.
2878 4698 2936 4753 Si
2967 4706 3049 4754 est
3077 4715 3289 4762 servus,
3316 4699 3494 4769 inqui-

1899 4807 1989 4847 ras
2018 4800 2202 4846 utruni
2222 4791 2467 4862 peccavit
2497 4791 2692 4844 timore
2722 4790 2922 4845 domini
2952 4792 3037 4846 vel
3069 4801 3366 4862 spontanea
3395 4807 3486 4845 vo-

1900 4884 2126 4940 luntate.
2157 4884 2214 4938 Si
2247 4892 2428 4937 autem
2460 4884 2768 4952 peccaverit
2800 4884 2992 4939 timore
3020 4884 3257 4948 domini,
3288 4883 3415 4938 licet
3439 4884 3495 4938 vi

1898 4976 1948 5030 ei
1980 4975 2201 5030 obedire
2232 4991 2339 5029 non
2369 4975 2613 5030 licuisset
2652 4985 2842 5030 contra
2872 4976 3063 5039 Deum,
3094 4983 3278 5030 tamen
3308 4973 3496 5030 mitius

1899 5069 2006 5123 erit
2045 5083 2234 5123 servus
2263 5068 2590 5138 puniendus,
2623 5076 2730 5122 etc.
2778 5068 2834 5122 Si
2867 5075 3046 5122 autem
3081 5083 3272 5123 servus
3305 5083 3495 5137 pecca-

1900 5160 2041 5214 verit
2085 5168 2385 5228 spontanea
2414 5160 2690 5214 voluntate
2721 5159 2837 5213 sine
2870 5161 3022 5230 culpa
3056 5160 3260 5216 domini
3308 5160 3410 5223 sui,
3439 5159 3496 5213 in

1902 5271 1967 5310 eo
1995 5271 2124 5309 casu
2148 5270 2334 5309 servus
2363 5254 2541 5308 acrius
2565 5261 2646 5307 est
2674 5253 2977 5322 puniendus
3007 5253 3060 5306 in
3092 5268 3336 5323 corpore,
3361 5261 3492 5315 etc.;

1905 5348 2088 5402 habito
2117 5355 2294 5401 tamen
2324 5356 2572 5414 respectu
2597 5346 2662 5400 de
2694 5345 2888 5398 itinere
2923 5342 3395 5415 peregrinationis,
3426 5356 3496 5392 ne

1904 5440 2212 5509 imponatur
2235 5453 2412 5502 servo,
2446 5438 2500 5491 in
2541 5453 2648 5506 quo
2672 5437 2926 5492 dominus
2965 5435 3342 5491 damniiicetur
3365 5447 3493 5501 pro—

1905 5540 2026 5602 pter
2049 5530 2348 5584 absentiam
2375 5530 2538 5594 servi,
2563 5538 2667 5584 ete.
2697 5529 2752 5584 Si
2780 5538 2961 5584 autem
2983 5529 3088 5583 erit
3115 5526 3271 5590 liber,
3304 5524 3499 5578 fortius

1906 5623 2065 5678 debet
2092 5622 2306 5692 puniri,
2347 5622 2389 5676 si
2419 5630 2718 5691 spontanea
2747 5621 3023 5676 voluntate
3061 5619 3323 5690 peccavit.
3361 5617 3496 5670 Nam

1910 5722 2076 5768 totam
2122 5713 2496 5783 paenitentiam
2541 5715 2849 5784 impositam
2896 5730 2926 5768 a
2971 5729 3179 5769 canone
3226 5713 3497 5769 sustinere

1910 5807 2089 5876 debet,
2118 5806 2158 5861 si
2193 5807 2362 5878 possit
2391 5807 2528 5872 ﬁeri,
2555 5817 2658 5862 etc.
