4020 6360
576 354 719 415 I081

1035 462 1113 519 De
1136 460 1430 534 paenitentia
1453 460 1690 514 divitum.

1190 551 1288 622 (Ex
1321 564 1439 618 cap.
1464 548 1541 619 5.)

649 643 708 705 Si
752 642 918 697 fuerit
944 640 1092 696 dives
1117 640 1208 708 qui
1240 638 1335 692 tibi
1374 637 1683 702 conﬁtetur,
1710 635 1955 706 requires
1979 635 2150 691 subti-

578 738 703 793 liter
738 743 793 791 et
822 740 999 789 astute
1025 747 1144 801 qua:
1179 730 1281 785 fuit
1314 745 1475 785 causa
1520 745 1687 800 quare
1716 729 1904 784 incidit
1932 729 1986 782 in
2025 742 2151 796 pec-

578 837 759 885 catum
807 823 968 888 illud,
1003 830 1058 877 et
1100 821 1384 891 promittas
1443 834 1656 889 semper
1701 819 1913 874 veniam
1961 818 2007 873 si
2052 816 2150 872 tibi

579 919 885 979 conﬁtetur,
912 922 1016 971 etc.
1050 913 1268 984 lmpone
1305 913 1354 968 ei
1394 911 1766 983 ptenitentiam
1803 910 1865 967 in,
1902 910 2020 965 istis
2056 908 2153 963 tri-

577 1010 699 1074 bus,
725 1007 928 1063 scilicet
954 1006 1007 1060 in
1026 1003 1253 1076 jejunio,
1279 1012 1333 1059 et
1374 1003 1639 1065 oratione,
1671 1010 1726 1057 et
1769 1003 2146 1071 eieemosyna:

577 1096 859 1167 provideas
887 1104 1095 1161 tamen,
1139 1095 1185 1150 si
1221 1096 1385 1150 homo
1412 1093 1674 1149 delicatus
1715 1091 1817 1149 sit.
1845 1108 1952 1146 non
1979 1091 2075 1146 des
2100 1090 2152 1146 ei

579 1201 829 1256 asperum
848 1186 1133 1257 jejunium,
1156 1193 1264 1240 etc.

982 1277 1060 1331 De
1086 1276 1408 1346 confessione
1441 1289 1742 1347 puerorum.

1186 1366 1289 1440 (Ex
1316 1381 1434 1437 cap.
1459 1365 1537 1436 6.)

647 1458 805 1515 Circa
847 1457 1237 1515 confessionem
1282 1471 1572 1528 puerorum
1612 1454 1722 1509 doli
1771 1452 2046 1523 capacium
2075 1450 2155 1508 sic

576 1549 871 1617 procedas:
898 1547 1079 1601 Primo
1100 1548 1371 1617 interroga
1399 1545 1454 1599 in
1477 1559 1692 1616 genere,
1718 1545 1763 1597 si
1786 1543 2004 1612 aliquod
2026 1557 2153 1612 pec-

580 1649 760 1694 catum
784 1639 1074 1703 commisit,
1100 1637 1383 1692 mulcendo
1409 1653 1532 1692 eum
1559 1636 1796 1708 praemiis
1822 1634 2153 1700 caelestibus,

581 1729 627 1783 si
675 1744 801 1783 vere
854 1727 1017 1784 fuerit
1058 1722 1382 1794 Confessus;
1428 1735 1483 1782 et
1527 1726 1779 1786 terrendo
1820 1740 1945 1781 eum
1980 1724 2155 1795 poenis

579 1820 816 1883 aeternis,
843 1819 890 1873 si
923 1834 1031 1874 non
1067 1818 1230 1872 fuerit
1268 1832 1394 1872 vere
1435 1816 1730 1871 confessus.
1776 1815 2054 1884 Interroga
2090 1815 2158 1869 de
2190 1815 2234 1841 "
2264 1846 2267 1847 ν

582 1911 1022 1975 circumstantiis,
1053 1909 1259 1964 scilicet
1285 1910 1351 1964 de
1378 1924 1557 1971 causa,
1582 1907 1648 1962 de
1672 1907 1791 1963 loco
1811 1914 1866 1961 et
1894 1914 2155 1977 tempore,

581 2004 724 2060 sicut
748 2004 987 2059 dicemus
1008 2003 1061 2056 in
1091 2002 1246 2056 titulo
1265 2001 1332 2056 de
1356 1999 1774 2056 circumstantiis
1798 2017 1811 2053 :
1834 2007 1889 2053 et
1917 1998 2159 2068 impones

582 2096 635 2150 ei
669 2094 1039 2165 pmnitentiam
1068 2094 1329 2148 minorem
1359 2091 1749 2162 aliquantulum
1773 2092 1914 2162 quod
1943 2091 1991 2147 si
2017 2100 2161 2147 esset

584 2185 801 2241 adultus
824 2202 838 2237 :
865 2184 909 2238 si
936 2192 1117 2238 autem
1139 2197 1243 2236 non
1272 2181 1434 2237 fuerit
1458 2182 1561 2236 (loli
1583 2196 1773 2250 capax,
1797 2181 1981 2236 mitius
2001 2180 2160 2236 debet

578 2275 787 2347 puniri,
811 2275 939 2349 quia
968 2273 1098 2329 tales
1124 2273 1370 2328 nesciunt
1395 2272 1523 2344 quid
1547 2272 1768 2340 faciant,
1791 2279 1897 2329 etc.

1060 2382 1135 2438 De
1159 2383 1457 2454 poenitentia
1484 2401 1686 2439 senum.

1203 2471 1303 2544 (Ex
1331 2488 1446 2543 cap.
1480 2474 1556 2544 7.)

657 2562 716 2619 Si
744 2569 924 2617 autem
952 2561 1115 2618 fuerit
1135 2577 1298 2618 senex
1321 2566 1413 2633 qui
1437 2564 1531 2620 tibi
1551 2564 1857 2627 confitetur,
1879 2564 2163 2621 considera

585 2656 631 2711 sl
657 2664 741 2710 est
768 2656 825 2710 in
852 2663 1011 2710 aetate
1037 2655 1330 2725 decrepita,
1361 2670 1481 2725 quae
1511 2665 1595 2711 est
1627 2671 1836 2721 senum,
1865 2665 1920 2711 et
1945 2665 2066 2726 post
2090 2655 2160 2712 80

586 2766 780 2817 annos,
806 2760 860 2808 et
889 2760 1018 2807 tunc
1046 2766 1170 2806 eum
1214 2766 1378 2821 grava
1420 2751 1772 2816 orationibus,
1804 2758 1859 2805 ct
1891 2749 2069 2805 releva
2104 2750 2162 2806 in

581 2844 821 2916 jejuniis,
843 2853 951 2898 etc.
980 2843 1038 2898 Si
1079 2850 1258 2897 autem
1299 2842 1460 2897 fuerit
1499 2858 1683 2907 senex,
1715 2843 1768 2896 id
1796 2850 1880 2896 est
1908 2842 1964 2895 in
2006 2856 2160 2895 sene-

584 2944 731 2992 ctute
775 2935 1101 2991 constitutus
1126 2942 1180 2989 et
1208 2950 1315 2989 non
1358 2934 1411 2988 in
1442 2936 1614 3000 senio,
1650 2934 1703 2988 id
1729 2941 1812 2988 est
1836 2950 1866 2986 a
1897 2932 1965 2987 60
2003 2932 2189 2987 annis

2184 3004 2187 3009 ‘
2260 2997 2384 3063 bus,
2429 2996 2714 3067 injungens
2756 2995 2959 3050 eisdem
2986 3001 3046 3048 ut
3075 3010 3181 3048 non
3212 2994 3278 3049 de
3308 3001 3513 3049 caetero
3536 2995 3642 3049 sub
3667 2994 3821 3063 specie

583 3040 755 3095 usque
795 3026 862 3079 ad
894 3025 983 3086 80,
1024 3033 1152 3079 tunc
1186 3022 1378 3078 fortius
1422 3025 1613 3094 punias
1648 3038 1810 3093 quam
1845 3023 1890 3077 si
1918 3029 2066 3078 esset
2106 3023 2162 3076 in

1480 346 1840 411 EXCERPTA
1882 344 1977 401 EX
2011 342 2524 402 NENITENTIALI
2559 343 2608 400 J.
2651 345 2740 400 DE
2776 343 2930 402 ΠΕΟ.

2173 458 2221 519 Α

3691 346 3822 410 1088

2529 457 2607 513 De
2626 458 2925 529 pwnitentia
2952 454 3234 511 mulierum
3257 459 3313 511 in
3337 474 3546 529 genere.
3578 504 3581 505 ν

2840 547 2939 618 (Ex
2965 561 3085 615 cap.
3114 546 3226 618 Η.)

2318 638 2475 695 Circa
2498 639 2871 710 paenitentiam
2899 637 3183 692 mulierum
3211 639 3291 693 sic
3318 642 3610 709 procedas.
3649 642 3823 702 Primo

2249 732 2295 787 si
2324 739 2407 787 est
2428 730 2624 801 puella,
2664 733 2964 802 prmsertim
3001 733 3154 802 virgo
3184 733 3285 789 sub
3323 743 3600 803 potestate
3639 753 3825 808 paren-

2249 827 2385 885 tum,
2412 829 2467 874 et
2491 820 2697 891 amigas
2721 834 2843 876 eam
2876 822 2930 875 in
2959 823 3278 891 pmnitentia
3324 827 3631 881 secundum
3673 843 3825 885 cano-

2251 924 2365 974 nes,
2416 910 2470 964 in
2498 907 2721 979 jejuuiis
2768 911 3039 981 praecipue
3087 920 3145 967 ut
3181 913 3365 971 domet
3403 931 3636 971 carnem
3682 933 3822 976 suam

2251 1015 2319 1054 ne
2350 1000 2594 1056 lasciviat
2622 1002 2676 1055 in
2703 1000 2917 1056 luxuria
2951 1019 2966 1055 :
2999 1019 3126 1058 nam
3166 1004 3379 1060 luxuria
3422 1009 3720 1065 mulierum
3756 1011 3824 1067 fe-

2251 1092 2361 1147 tida
2391 1102 2475 1148 est
2506 1102 2561 1149 et
2588 1094 2766 1149 acrior
2792 1109 2958 1164 quam
2987 1095 3042 1150 in
3070 1096 3208 1162 viro,
3231 1105 3288 1151 et
3317 1097 3440 1154 ideo
3466 1078 3661 1156 acrius
3680 1101 3824 1159 debet

2253 1186 2461 1242 domari
2506 1187 2558 1241 in
2586 1186 2910 1241 abstinentia
2947 1187 3212 1247 ciborum.
3241 1198 3347 1244 etc.
3379 1189 3515 1245 Item
3542 1194 3824 1261 praevideas

2252 1278 2297 1332 si
2327 1285 2411 1333 est
2446 1275 2839 1346 conjugata,et
2865 1277 2919 1329 in
2946 1290 3011 1331 eo
3034 1291 3162 1331 casu
3210 1278 3451 1349 imponas
3480 1279 3538 1333 ei
3567 1280 3823 1348 pmniten-

2254 1367 2386 1422 tiam
2426 1369 2543 1422 sine
2578 1366 2831 1421 seandalo
2871 1367 2974 1421 viri
3005 1384 3019 1419 :
3049 1367 3123 1422 ita
3159 1369 3301 1437 quod
3332 1368 3378 1423 si
3412 1370 3499 1424 vir
3539 1368 3705 1424 fuerit
3742 1373 3822 1428 ab-

2255 1471 2401 1521 sens,
2425 1455 2632 1525 jejunet
2665 1464 2720 1510 et
2753 1455 2954 1527 aﬂligat
2986 1471 3048 1511 se
3072 1467 3335 1527 quantum
3361 1459 3472 1514 Deo
3504 1462 3710 1529 poterit
3747 1477 3822 1516 se-

2259 1547 2493 1603 cundum
2528 1547 2812 1602 arbitrium
2850 1547 2944 1601 tibi
2985 1563 3012 1603 a
3046 1548 3156 1603 Deo
3180 1549 3395 1615 datum;
3445 1551 3751 1619 praesertim
3782 1553 3822 1607 si

2257 1650 2355 1707 per
2402 1634 2727 1691 adulterium
2763 1635 3114 1692 maculaverit
3158 1637 3373 1691 thorum
3423 1638 3552 1703 viri,
3597 1639 3663 1694 ad
3698 1638 3821 1708 quod

2258 1723 2404 1781 nulla
2434 1724 2742 1781 conditione
2766 1724 3038 1780 debuisset
3068 1725 3272 1791 induci,
3296 1735 3404 1782 etc.

2531 1816 2610 1871 De
2629 1818 2931 1887 paenitentia
2959 1818 3236 1872 viduarum
3269 1820 3325 1873 in
3351 1835 3562 1890 genere.

2853 1906 2955 1977 (Ex
2984 1923 3106 1977 cap.
3134 1908 3247 1977 12.)

2330 1997 2386 2054 Si
2411 2007 2588 2055 autem
2613 1998 2720 2054 erit
2742 1999 2921 2065 vidua,
2947 2000 3187 2069 inquiras
3209 1999 3493 2071 diligenter
3518 2002 3584 2057 de
3604 2002 3817 2058 circum-

2258 2092 2492 2157 stantiis,
2515 2099 2571 2146 et
2593 2092 2787 2161 punias
2820 2107 2942 2147 eam
2972 2092 3027 2147 in
3060 2091 3268 2162 jejunio
3294 2092 3489 2148 fortius
3509 2109 3660 2163 quam
3682 2094 3809 2149 alias

2258 2183 2551 2249 mulieres;
2600 2199 2726 2241 nam
2769 2183 3106 2240 orationibus
3151 2184 3264 2239 suis
3306 2192 3364 2239 et
3405 2186 3597 2240 meritis
3622 2186 3803 2241 debent

2254 2276 2516 2332 ecclesias
2544 2275 2819 2346 adjuvare.
2849 2277 3051 2333 Tamen
3081 2274 3501 2341 considerando,
3520 2276 3566 2329 si
3587 2286 3663 2330 est
3685 2289 3811 2329 anus

2258 2382 2381 2438 qua:
2406 2383 2512 2422 non
2540 2368 2712 2437 possit
2735 2365 2982 2435 jejunare
3013 2382 3027 2421 :
3058 2375 3113 2424 et
3153 2375 3283 2422 tunc
3312 2366 3493 2421 releva
3522 2381 3642 2421 eam
3665 2366 3717 2420 in
3744 2365 3817 2433 je-

2251 2458 2428 2529 junio,
2454 2467 2510 2514 et
2537 2474 2767 2532 aggrava
2799 2460 2853 2514 in
2879 2460 3142 2524 oratione,
3170 2475 3295 2514 cum
3322 2461 3396 2515 sit
3427 2474 3589 2516 suum
3624 2471 3817 2528 semper

2259 2549 2421 2605 Orare
2447 2563 2616 2619 usque
2641 2549 2708 2603 ad
2732 2550 2936 2604 exitum
2967 2550 3093 2604 vitae
3122 2564 3254 2615 suae,
3286 2559 3393 2604 etc.

2622 2636 2702 2692 De
2726 2638 3026 2708 pwnitentia
3059 2654 3458 2708 pyrocararutrt.

2852 2726 2955 2797 (Ex
2986 2741 3105 2797 cap.
3134 2726 3247 2797 l3.)

2332 2815 2391 2871 Si
2417 2823 2595 2872 autem
2621 2814 2822 2871 fuerint
2847 2830 3121 2888 pyrocarze
3150 2831 3271 2887 quae
3299 2816 3367 2872 de
3394 2815 3625 2888 pulvere
3649 2831 3821 2887 nuper-

2262 2908 2399 2962 rime
2427 2912 2802 2973 surrexerunt,
2834 2904 3086 2975 gravabis
3120 2919 3215 2960 eas
3234 2903 3455 2975 jejuniis
3483 2914 3544 2959 et
3577 2905 3819 2959 orationi-

585 3085 744 3171 aatate
765 3115 1060 3184 decrepita,
1076 3116 1203 3185 quia
1224 3114 1359 3170 tales
1377 3085 1532 3171 senes
1551 3085 1684 3169 cum.
1693 3121 1921 3185 peccant
1943 3113 2160 3167 trahunt

2260 3091 2478 3162 pietatis
2502 3089 2777 3160 religionis
2815 3088 3141 3158 impietatem
3169 3085 3415 3156 pallient,
3447 3087 3547 3141 sed
3573 3087 3718 3141 viros
3749 3100 3823 3139 ac-

584 3206 807 3276 juvenes
839 3205 907 3260 ad
934 3208 1232 3261 interitum.

840 3323 915 3380 De
941 3321 1241 3393 panitentia
1267 3318 1606 3391 prwlatorum
1633 3319 1687 3374 in
1713 3335 1915 3391 genere.

1202 3432 1305 3504 (Ex
1332 3446 1450 3500 cap.
1477 3430 1554 3502 8.)

663 3546 723 3601 Si
766 3554 945 3601 autem
982 3545 1185 3601 fuerint
1230 3543 1437 3615 prrelati
1477 3543 1569 3614 qui
1601 3543 1697 3598 tibi
1740 3543 2085 3610 conﬁtentur,
2116 3544 2164 3599 si

586 3646 871 3708 peccatum
894 3645 978 3692 est
1008 3635 1377 3701 manifestum,
1405 3633 1584 3690 acrius
1608 3649 1702 3689 eos
1728 3635 1919 3703 punias
1944 3643 2166 3705 propter

588 3732 787 3787 malum
809 3732 1114 3803 exemplum
1135 3730 1277 3801 quod
1306 3731 1588 3795 dederunt,
1614 3730 1738 3799 quia
1765 3731 1907 3799 quod
1933 3732 2112 3801 agitur
2133 3746 2164 3786 a

587 3822 827 3892 praelatis
846 3820 1003 3877 facile
1026 3821 1273 3876 subditur
1291 3835 1322 3874 a
1347 3819 1577 3875 subditis
1604 3820 1659 3873 in
1679 3819 2004 3889 exemplum,
2022 3828 2128 3875 etc.
2146 3836 2161 3887 ;

590 3927 717 3966 nam
757 3920 880 3966 tunc
908 3921 1185 3981 peccatum
1224 3912 1397 3982 magis
1425 3910 1745 3974 extenditur,
1774 3919 1827 3965 et
1852 3912 1905 3964 in
1936 3912 2164 3967 subditis

587 4010 936 4072 propagatur,
958 4003 1170 4071 quando
1193 4001 1446 4071 praelatus
1465 4009 1719 4072 peccator
1742 4016 1841 4071 pro
1862 4002 2164 4057 reverentia

578 4091 797 4147 ordinis
822 4107 855 4145 a
879 4091 1106 4147 subditis
1126 4092 1438 4155 sustinetur,
1464 4098 1569 4146 etc.
1599 4089 1655 4144 Si
1681 4099 1863 4147 autem
1890 4090 2051 4146 fuerit
2074 4106 2165 4147 oc-

592 4183 795 4239 cultum
826 4192 1128 4254 peccatum,
1157 4185 1341 4239 mitius
1366 4199 1488 4239 eum
1525 4184 1738 4254 punias,
1775 4183 1903 4255 quia
1930 4183 2023 4239 ubi
2051 4198 2166 4238 ma-

592 4273 702 4329 lum
726 4275 915 4341 oritur,
943 4277 1017 4331 ibi
1046 4276 1207 4332 debet
1233 4275 1391 4341 mori,
1415 4282 1523 4331 etc.

696 4369 774 4424 De
800 4370 1098 4441 paenitentia
1131 4371 1393 4424 minorum
1426 4368 1733 4425 clericorum
1760 4371 1816 4426 in
1849 4387 2052 4442 genere.

1166 4490 1169 4497 ι
1203 4460 1300 4534 (Ex
1335 4476 1456 4532 cap.
1485 4461 1563 4533 9.)

665 4551 822 4607 Circa
855 4552 1227 4622 paenitentiam
1259 4553 1485 4608 aliorum
1524 4552 1843 4609 clericorum
1871 4553 1950 4608 sic
1976 4568 2165 4624 proce-

595 4653 731 4700 das:
760 4643 1051 4701 Considera
1093 4646 1139 4700 si
1187 4652 1271 4700 est
1314 4646 1585 4706 sacerdos,
1626 4654 1682 4700 et
1722 4646 1939 4716 gravius
1973 4647 2164 4715 punias

594 4750 718 4789 cum
766 4750 928 4805 quam
965 4736 1267 4800 diaconum,
1317 4744 1371 4791 et
1412 4736 1628 4805 gravius
1672 4735 1959 4791 diaconum
2000 4753 2162 4806 quam

594 4828 1005 4894 subdiaconum,
1026 4838 1079 4883 et
1109 4844 1273 4899 quam
1307 4828 1443 4883 alios
1479 4831 1534 4881 in
1562 4828 1860 4882 minoribus
1883 4828 2163 4894 ordinibus

595 4902 937 4985 constitutos,
988 4919 1113 4988 quia
1165 4919 1325 4974 homo
1354 4916 1696 4971 Christianus
1737 4916 1945 4972 duobus
1988 4919 2163 4974 modis

572 5009 807 5064 fortiter
833 5010 976 5064 cadit
1003 5010 1056 5064 in
1084 5009 1341 5079 peccatis,
1370 5016 1462 5062 aut
1484 5016 1707 5077 propter
1739 5008 2161 5079 magnitudinem

596 5101 825 5172 peccati,
849 5110 941 5156 aut
965 5112 1186 5172 propter
1210 5100 1545 5156 altitudinem
1569 5099 1863 5169 dignitatis.

594 5213 673 5270 De
697 5219 995 5287 panitentia
1031 5216 1406 5296 monachorum
1448 5222 1497 5270 et
1533 5214 1759 5269 aliorum
1804 5214 2161 5287 religiosorum

1238 5303 1294 5339 in
1320 5301 1519 5356 genere.

1187 5384 1287 5455 (Ex
1314 5400 1431 5453 cap.
1457 5383 1569 5455 10.)
1618 5431 1629 5437 ,

668 5476 824 5532 Circa
872 5475 1150 5547 religiosos
1193 5476 1284 5545 qui
1331 5474 1429 5529 tibi
1474 5474 1810 5544 aliquatenus
1838 5475 2162 5533 conﬁtentur

597 5570 677 5624 sic
718 5570 1020 5638 procedas:
1058 5567 1305 5640 injungas
1343 5569 1423 5624 eis
1459 5568 1577 5625 loco
1613 5570 1974 5640 pmnitentize,
2016 5573 2162 5643 quod

595 5668 811 5715 servent
844 5662 911 5716 de
948 5668 1144 5717 cancro
1183 5661 1421 5732 regulam
1460 5662 1542 5716 cui
1586 5675 1644 5717 se
1671 5661 1996 5734 obligarunt,
2034 5664 2159 5735 quia

593 5752 698 5809 hoc
725 5754 830 5810 erit
852 5770 1059 5812 summa
1083 5754 1416 5827 paenitentia,
1441 5762 1545 5811 etc.

2263 3182 2484 3252 cipiant,
2518 3180 2563 3236 si
2589 3187 2772 3235 votum
2816 3177 3125 3233 solemuiter
3152 3192 3259 3233 non
3285 3176 3538 3243 fecerint,
3568 3177 3654 3232 vel
3682 3175 3822 3232 casti-

2263 3282 2429 3329 tatem
2458 3280 2675 3328 servent
2712 3285 2875 3341 quam
2896 3270 3123 3326 Domino
3163 3270 3549 3341 promiserunt.
3602 3269 3748 3335 Nam,
3771 3276 3820 3321 ut

2262 3366 2394 3422 dicit
2434 3373 2653 3422 sanctus
2681 3363 3055 3434 Hieronymus,
3089 3361 3280 3416 melius
3305 3360 3500 3417 fuisset
3531 3361 3815 3431 conjugiutn

2263 3457 2491 3520 subisse,
2534 3463 2590 3511 et
2632 3453 2933 3510 ambulasse
2977 3466 3075 3523 per
3117 3454 3298 3524 plana,
3340 3467 3505 3521 quam
3549 3453 3625 3508 ad
3657 3450 3823 3506 altiora

2264 3547 2500 3609 tendere,
2533 3553 2587 3600 et
2616 3545 2669 3599 in
2696 3545 2890 3600 inferni
2918 3543 3181 3615 profunda
3203 3544 3421 3608 cadere,
3449 3552 3558 3599 etc.

2278 3642 2279 3645 “
2438 3638 2517 3692 De
2541 3638 2947 3691 circumstantiis
2971 3634 3089 3707 quis
3116 3646 3402 3706 aggravant
3428 3646 3670 3707 peccata.

2761 3728 2861 3800 (Ex
2897 3727 2989 3784 lib.
3013 3744 3095 3795 ur,
3118 3742 3239 3799 cap.
3263 3727 3342 3801 6.)

2278 3856 2281 3863 μ
2335 3819 2463 3875 Haec
2509 3819 2669 3874 debet
2714 3818 3062 3873 considerare
3106 3826 3361 3889 peccator
3404 3818 3457 3872 in
3506 3820 3825 3875 confessione

2264 3909 2509 3964 facienda
2536 3928 2548 3963 :
2576 3908 2837 3974 dolorem,
2867 3909 2991 3977 quia
3016 3909 3260 3978 peccavit
3288 3909 3342 3963 in
3372 3909 3686 3975 Dominum,
3714 3920 3826 3965 arta-

2264 4012 2394 4070 tem,
2423 4004 2762 4074 sapientiam.
2795 4004 3279 4059 considerationem
3327 4019 3436 4058 non
3474 4006 3822 4074 peccantium,

2262 4096 2631 4168 purgationem
2663 4093 3040 4165 lacrymarum,
3084 4094 3324 4149 dolorem
3351 4095 3568 4150 amissae
3594 4094 3822 4159 virtutis;

2264 4186 2507 4241 dolorem
2536 4185 2661 4255 quia
2687 4193 2944 4256 operatur
2970 4185 3190 4252 bonum,
3217 4184 3456 4241 dolorem
3486 4187 3618 4257 quia
3647 4188 3702 4242 in
3729 4197 3824 4242 tam

2262 4279 2413 4336 brevi
2460 4280 2569 4334 vita
2616 4293 2723 4334 non
2770 4278 3147 4334 determinavit
3189 4277 3356 4344 bene;
3397 4279 3490 4348 qui
3528 4279 3747 4335 oﬂ‘endit
3779 4278 3826 4332 in

2262 4387 2428 4427 unum
2454 4379 2539 4429 est
2562 4369 2737 4425 factus
2761 4370 3003 4425 omnium
3028 4378 3192 4424 reus:
3218 4369 3481 4435 dolorem,
3507 4372 3639 4440 quia
3664 4369 3828 4425 Domi-

2188 4470 2242 4531 Ι)
2264 4478 2392 4517 num
2431 4476 2539 4517 non
2575 4462 2756 4516 timuit
2786 4461 2880 4531 qui
2914 4459 3017 4515 fuit
3039 4460 3228 4531 plenus
3266 4461 3570 4532 sapientia;
3610 4462 3697 4516 ille
3720 4460 3823 4516 cul-

2264 4554 2494 4625 pabilior
2534 4556 2627 4624 qui
2675 4555 2785 4608 Deo
2827 4554 3095 4623 acceptior
3136 4570 3151 4608 :
3192 4553 3363 4608 Adam
3409 4553 3532 4624 plus
3576 4554 3822 4626 peccavit,

2263 4646 2388 4717 quia
2435 4645 2579 4700 omni
2629 4645 2770 4700 bono
2810 4640 3162 4701 abundavit:
3210 4646 3387 4701 omnis
3421 4647 3600 4702 virtus
3638 4646 3826 4717 patitur

2263 4736 2647 4790 detrimentum
2683 4736 2751 4790 ab
2778 4750 2887 4791 uno
2918 4735 3093 4789 vitio:
3131 4750 3283 4791 amor
3322 4738 3568 4806 pecunia:
3605 4739 3826 4792 minorat

2262 4830 2565 4884 castitatem
2595 4843 2609 4881 :
2638 4828 2815 4884 omnis
2841 4828 3012 4882 virtus
3054 4828 3109 4881 in
3131 4842 3453 4898 quocunque
3481 4828 3706 4884 crimine
3742 4828 3826 4882 de-

2263 4924 2450 4978 ficiens
2480 4930 2582 4977 est.
2628 4921 2696 4975 Et
2727 4922 2844 4977 hare
2875 4921 3055 4977 omnia
3083 4920 3383 4991 probantur
3420 4922 3822 4979 auctoritatibus

2260 5013 2566 5085 Augustini,
2593 5011 2884 5067 Alexandri
2908 5026 3060 5083 papae
3098 5019 3154 5067 et
3176 5011 3445 5083 Gregorii.

2367 5104 2498 5160 Ηαό
2525 5114 2645 5159 sunt
2671 5105 2929 5159 sacerdoti
2953 5106 3007 5158 in
3027 5103 3300 5173 conﬁtente
3322 5103 3718 5160 consideranda.

2868 5198 2969 5271 (Ex
3000 5214 3118 5269 cap.
3149 5198 3227 5269 7.)

2332 5290 2496 5346 Dolor
2534 5291 2600 5346 de
2639 5291 2796 5345 malis
2827 5291 3084 5361 exemplis
3120 5291 3259 5347 datis
3278 5293 3561 5362 proximis,
3590 5291 3737 5349 dolor
3759 5289 3819 5343 de

2265 5381 2481 5436 tristitia
2519 5379 2678 5436 bonis
2721 5380 2891 5446 illata,
2935 5380 3087 5435 dolor
3126 5380 3194 5436 de
3230 5381 3418 5436 laetitia
3467 5397 3632 5452 quam
3677 5378 3817 5436 bonis

2260 5488 2367 5528 non
2416 5471 2617 5537 intulit,
2667 5471 2821 5528 dolor
2865 5472 3037 5542 major
3079 5472 3146 5527 de
3167 5472 3262 5527 Dei
3306 5472 3622 5530 oﬂ‘ensione.
3666 5470 3814 5526 Nemo

2260 5571 2442 5635 potest
2478 5563 2709 5620 dominis
2749 5563 2956 5620 duobus
2995 5564 3228 5631 servire,
3269 5562 3363 5619 sed
3396 5578 3553 5621 amor
3585 5574 3815 5633 perseve—

2262 5657 2452 5711 rantiae
2487 5655 2695 5726 peccati
2732 5656 2893 5711 unius
2922 5664 3005 5711 est
3034 5657 3251 5713 amissio
3277 5658 3518 5712 omnium
3545 5657 3809 5712 bonorum.

2261 5751 2535 5810 Paenitens
2565 5765 2622 5806 se
2661 5758 2824 5819 ponat
2861 5757 3032 5807 totum
3074 5750 3125 5805 in
3154 5748 3360 5819 judicio
3394 5748 3702 5813 sacerdotis,
3728 5742 3801 5798 fa-
