4020 6360
171 296 197 350 Α
209 294 314 350 039

1097 289 1465 346 EXCERPTA
1506 288 1597 344 EX
1637 283 2157 342 POENITENTIALI
2195 283 2243 339 J.
2287 285 2374 339 DE
2414 284 2570 340 ΠΕΟ.
2623 313 2642 326 κ

3301 284 3442 342 1090

173 410 283 464 ciat
311 422 412 478 pro
442 406 615 461 salute
659 403 852 459 animae
888 401 1149 473 quidquid
1175 401 1381 462 faceret
1406 417 1505 470 pro
1547 409 1754 470 tempo—
1787 406 1827 457 Α
1860 397 1946 450 lex
1973 395 2135 461 Julia,
2165 399 2309 466 quod
2339 399 2477 466 apud
2495 397 2724 451 Romam
2748 413 2856 452 non
2891 399 3246 454 committitur
3276 398 3444 458 simo-

173 501 273 558 rali
306 501 442 564 vita,
481 500 638 570 cujus
677 497 872 569 gaudio
914 505 1098 552 certus
1138 505 1257 551 est:
1285 504 1508 566 propter
1545 488 1760 546 veniam

174 592 452 647 abstineat
489 606 517 642 a
560 590 743 654 licitis,
775 588 866 658 qui
895 587 1036 643 ultro
1060 588 1305 656 peccavit
1333 605 1344 639 :
1373 586 1440 639 ad
1470 601 1566 639 cor
1593 590 1764 651 respl-

175 683 250 738 cit
276 682 441 745 Deus,
473 697 580 736 non
621 682 687 735 ad
714 695 906 735 manus
936 689 1163 732 tantum.
1209 677 1326 732 Non
1365 685 1450 732 est
1476 674 1762 730 dividenda

174 773 448 830 confessio
498 772 729 826 diversis
776 769 1180 832 sacerdotibus;
1230 777 1518 836 corruptus
1552 775 1604 820 et
1639 781 1761 820 cor-

175 874 338 938 rupta
375 866 568 920 timeat
614 864 810 918 iterum
856 862 1128 932 corrumpi
1175 861 1420 930 exemplo
1449 861 1596 914 Dina:
1643 858 1765 912 tilia:

173 957 368 1014 Jacob.
407 957 533 1011 Haec
575 970 790 1025 quoque
818 961 942 1008 sunt
972 952 1386 1013 consideranda,
1417 960 1568 1013 mtas,
1593 949 1762 1014 locus,

173 1049 336 1112 ordo,
366 1046 654 1116 sapientia,
687 1053 929 1113 tempus;
964 1045 1077 1098 hare
1114 1053 1364 1112 peccator
1389 1041 1548 1094 debet
1583 1039 1764 1094 consi-

174 1141 376 1196 derare
426 1139 478 1192 in
511 1153 605 1192 sua
648 1134 1010 1192 confessione.
1063 1133 1333 1188 Sacerdos
1381 1141 1562 1186 autem
1609 1130 1768 1184 debet

173 1230 384 1286 habere
414 1236 717 1298 respectum
745 1227 811 1280 ad
842 1226 1111 1296 lacrymas
1137 1223 1470 1293 paenitentis,
1499 1223 1564 1276 ad
1593 1219 1765 1290 gemi-

172 1330 288 1384 tus,
327 1329 382 1374 et
412 1319 478 1372 ad
507 1318 946 1372 circumstantias
987 1331 1107 1386 qua:
1148 1315 1305 1370 dictae
1344 1319 1490 1376 sunt,
1518 1322 1573 1366 et
1610 1313 1770 1366 debet

172 1413 221 1468 ei
250 1413 439 1468 dicere
469 1430 481 1464 :
521 1411 622 1464 Fili
657 1411 750 1475 mi,
779 1410 1060 1464 considera
1091 1407 1235 1479 quod
1270 1422 1348 1461 ea:
1377 1414 1502 1460 sunt
1535 1406 1769 1459 circum-

172 1505 398 1560 stantiac
439 1518 560 1572 quae
604 1502 847 1555 detinent
889 1500 1161 1555 hominem
1211 1499 1263 1553 in
1293 1508 1536 1568 peccato,
1563 1497 1771 1552 scilicet

173 1593 517 1650 consne'tudo
570 1593 709 1648 mala
762 1608 882 1661 qua:
928 1593 987 1646 fit
1035 1593 1206 1645 altera
1256 1600 1480 1656 natura;
1521 1606 1642 1644 nam
1675 1604 1771 1659 per

171 1699 406 1756 pravam
458 1683 900 1738 consuetudinem
949 1698 1054 1736 non
1101 1691 1280 1752 potest
1334 1683 1563 1752 amplius
1607 1683 1769 1736 homo

1865 487 1984 554 nia;
2038 489 2177 543 unde
2217 490 2430 544 videtur
2459 491 2509 546 ei
2558 490 2722 544 licere
2751 491 3010 561 quidquid
3059 491 3237 548 facere
3263 493 3441 549 vellet.

1865 579 1978 648 Ego
2030 588 2212 633 autem
2253 579 2488 636 Joannes
2538 581 2604 636 de
2647 581 2757 636 Deo
2800 599 2922 637 cum
2970 583 3088 638 aliis
3135 585 3447 642 doctoribus

1865 668 2196 724 contrarium
2243 673 2459 725 sentio:
2508 680 2563 726 et
2606 673 2726 727 dico
2771 674 2913 742 quod
2961 675 3006 728 si
3051 689 3187 744 papa
3232 681 3446 745 peccat,

1865 761 2037 832 magis
2065 759 2287 836 offendit
2315 779 2474 832 quam
2517 763 2655 819 alius
2696 765 2888 830 homo;
2941 770 3065 834 quia
3095 775 3287 839 quanti
3324 784 3449 840 gra-

1866 853 1968 908 dus
2009 854 2188 919 altior,
2219 863 2368 909 tanto
2397 873 2556 911 casus
2582 858 2819 928 gravior,
2849 867 2905 912 ut
2935 859 3128 929 probat
3156 859 3449 932 Gregorius

1866 945 1931 999 de
1956 944 2278 999 i‘mnitentia
2305 947 2430 1000 dist.
2459 947 2512 1012 2,
2541 963 2592 1002 c.
2624 948 2978 1019 Principium,
3006 951 3192 1021 inquit,
3225 953 3447 1007 viarum.

1865 1034 1999 1091 illud
2039 1037 2179 1092 idem
2217 1038 2408 1107 probat
2442 1036 2676 1093 Joannes
2707 1038 3125 1109 Chrysostomus
3173 1041 3243 1096 40
3296 1044 3450 1111 dist.,

1869 1125 2039 1180 Homo
2079 1127 2231 1181 C/tris
2255 1131 2428 1194 imus,
2471 1139 2525 1182 et
2561 1129 2794 1184 Hilarius
2835 1147 2970 1200 papa
3009 1132 3100 1197 25,
3129 1149 3184 1202 q.
3215 1134 3263 1199 l,
3299 1133 3454 1189 Nulli

1867 1205 1971 1288 fas,
2004 1219 2092 1273 ubi
2125 1219 2324 1274 dicitur
2367 1222 2508 1290 quod
2546 1222 2736 1291 majori
2779 1232 2930 1276 rcatu
2972 1223 3197 1294 deliquit
3224 1226 3320 1295 qui
3359 1241 3454 1296 po-

1870 1312 1993 1365 tiori
2029 1311 2232 1365 honore
2270 1311 2504 1366 fruitur:
2531 1321 2584 1367 et
2615 1313 2864 1382 graviora
2895 1314 3090 1370 delicta
3121 1315 3252 1371 facit
3282 1319 3453 1373 subli—

1868 1405 2032 1458 mitas
2070 1404 2434 1474 peccantium.
2484 1401 2542 1458 Si
2590 1403 2771 1458 forsan
2825 1406 3029 1460 diceret
3073 1406 3269 1478 aliquis
3309 1409 3457 1480 quod

1867 1493 2111 1564 prmdicti
2161 1510 2398 1549 canones
2441 1493 2508 1548 de
2553 1494 2674 1550 aliis
2717 1495 3031 1565 loquuntur,
3065 1513 3172 1552 non
3201 1497 3268 1552 de
3293 1514 3454 1569 papa,

1871 1599 1970 1638 nos
1999 1585 2292 1653 probamus
2318 1583 2462 1653 quod
2491 1585 2555 1639 de
2586 1601 2722 1656 papa
2755 1586 3146 1657 intelliguntur,
3173 1597 3232 1643 ut
3262 1590 3457 1658 probat

1875 1672 1930 1727 S.
1960 1674 2269 1728 Bonifacius
2294 1690 2433 1744 papa
2461 1683 2516 1728 et
2544 1685 2753 1746 martyr
2776 1676 2844 1730 40
2876 1677 3026 1742 dist.,
3088 1677 3150 1732 Si
3174 1696 3332 1749 papa,
3364 1679 3458 1735 ubi

173 1741 458 1831 resistere.
504 1774 638 1828 Item
683 1773 786 1826 alia
829 1789 993 1827 causa
1043 1741 1144 1838 est,
1189 1775 1317 1842 quia
1346 1741 1508 1828 hoino
1537 1774 1628 1844 qui
1659 1789 1766 1828 non
1805 1741 1846 1802 Β
1873 1765 2073 1818 ἀὶοἱιιιΐ
2099 1767 2241 1834 quod
2277 1766 2322 1820 Si
2362 1782 2499 1836 papa
2530 1768 2704 1823 malus
2734 1768 2926 1835 fuerit,
2971 1771 3099 1824 licet
3135 1773 3335 1828 multos
3361 1788 3460 1844 po-

173 1864 476 1920 confitetur
514 1872 795 1932 peccatum
839 1864 904 1918 de
944 1863 1087 1918 facili
1137 1865 1281 1918 cadit
1327 1865 1378 1918 in
1408 1865 1551 1919 aliud
1579 1881 1769 1934 pecca-

172 1968 321 2022 tum,
350 1965 411 2010 ut
439 1957 570 2011 dicit
608 1965 830 2011 sanctus
853 1955 1168 2025 Gregorius,
1193 1965 1476 2026 peccatum
1504 1958 1644 2027 quod
1673 1973 1771 2028 per

174 2050 561 2121 pmnitentiam
601 2064 706 2103 non
757 2057 1017 2118 purgatur
1069 2064 1170 2103 suo
1209 2051 1445 2118 pondere
1491 2050 1656 2105 trahit
1703 2051 1771 2105 ad

177 2141 327 2196 aliud
360 2149 666 2210 peccatum.
716 2141 813 2195 Est
850 2149 905 2196 et
950 2141 1053 2195 alia
1096 2157 1284 2208 causa,
1329 2144 1455 2212 quia
1487 2152 1770 2214 peccatum

177 2240 445 2303 tanquam
478 2247 624 2288 mors
665 2233 899 2288 latenter
927 2236 1184 2301 occurrit,
1215 2244 1270 2290 et
1297 2237 1492 2292 subito.
1542 2238 1638 2292 Est
1666 2239 1771 2294 alia

179 2338 349 2378 causa
381 2337 503 2393 quas
531 2339 636 2377 non
666 2325 935 2392 permittit
979 2325 1252 2380 infirmum
1286 2329 1470 2382 venire
1502 2330 1568 2383 ad
1594 2331 1772 2400 pmni-

180 2415 431 2480 tentiam,
484 2413 692 2470 scilicet
740 2417 986 2472 anxietas
1038 2419 1232 2474 morbi.
1312 2419 1410 2475 Est
1459 2421 1622 2476 etiam
1668 2422 1772 2476 alia

183 2521 350 2560 causa
392 2521 514 2575 quae
561 2507 786 2577 impedit
811 2509 1160 2577 pmnitentem
1208 2510 1416 2566 scilicet
1446 2513 1618 2581 pudor
1646 2528 1775 2568 con-

186 2597 394 2661 fitendi,
426 2606 482 2651 et
510 2596 632 2668 fuga
659 2614 854 2668 pmnae,
883 2608 988 2655 etc.
1025 2601 1218 2666 Debes,
1247 2608 1302 2655 tu
1338 2603 1615 2669 sacerdos,
1646 2619 1775 2658 con-

188 2684 390 2743 fortare
428 2689 782 2758 paenitentem
811 2705 879 2744 ne
905 2691 1178 2762 desperet,
1207 2693 1421 2748 etiamsi
1453 2694 1776 2750 confiteatur

194 2779 364 2854 tarde,
391 2779 515 2850 quia
540 2778 682 2834 Deus
727 2789 808 2836 est
844 2793 1036 2851 potens
1076 2784 1131 2838 in
1166 2799 1274 2838 uno
1300 2793 1574 2839 momento
1600 2786 1777 2840 homi-

201 2885 319 2924 nem
365 2881 680 2927 convertere
725 2881 781 2927 et
819 2875 1030 2929 salvare
1079 2876 1133 2930 in
1174 2877 1549 2946 paenitentiam
1594 2878 1775 2948 potius

201 2976 360 3030 quam
390 2963 640 3018 damnare
669 2979 736 3017 ex
756 2962 997 3032 justitia,
1029 2974 1134 3022 etc.

540 3101 784 3169 Qualiter
819 3104 965 3159 debet
993 3107 1112 3175 ﬁeri
1141 3108 1413 3177 confessio.

797 3217 900 3289 (Ex
942 3234 1061 3289 cap.
1095 3218 1172 3291 8.)

260 3327 436 3385 Debet
466 3338 644 3384 autem
676 3330 792 3387 fieri
823 3331 1112 3398 confessio,
1142 3335 1440 3389 secundum
1484 3335 1782 3406 auc:orita-

187 3430 300 3477 tem
333 3431 646 3478 sanctorum
672 3422 916 3490 Patrum,
948 3425 1282 3494 simpliciter,
1317 3435 1378 3480 ut
1402 3434 1618 3482 accuset
1643 3442 1703 3482 se
1731 3435 1787 3482 et

184 3531 300 3571 non
341 3515 533 3581 alium,
569 3513 722 3584 juxta
759 3516 932 3574 illud:
962 3517 1085 3572 Non
1114 3519 1340 3573 declines
1384 3536 1475 3574 cor
1510 3536 1684 3573 meum
1727 3521 1784 3574 in

183 3607 346 3663 verba
375 3607 594 3663 malitia:
620 3610 689 3662 ad
717 3612 1072 3666 excusandam
1107 3614 1489 3667 excusationem
1524 3613 1577 3666 in
1604 3630 1786 3684 pecca-

184 3700 276 3753 tis.
332 3699 567 3756 Humilis
616 3719 739 3757 cum
781 3719 918 3773 pura
971 3705 1272 3760 intentione
1322 3707 1438 3762 sine
1486 3707 1781 3777 hypocrisi.

188 3791 349 3848 Unde
374 3791 670 3848 Salomon:
716 3795 759 3847 A
789 3796 974 3850 timore
1019 3805 1129 3862 tuo,
1160 3797 1402 3862 Domine,
1455 3799 1786 3867 concepimus

183 3898 233 3942 et
258 3889 580 3958 peperimus.
625 3889 843 3959 Fidelis,
891 3890 992 3944 sub
1033 3905 1127 3959 spe
1161 3891 1351 3957 veniae,
1392 3907 1500 3945 non
1545 3899 1602 3945 ut
1622 3890 1788 3947 Judas

107 3991 112 3998 ‘
183 3979 283 4048 qui
312 3979 392 4032 ait
421 3997 432 4031 :
465 3977 682 4034 Peccavi
705 3984 918 4034 tradens
953 3983 1260 4052 sanguinem
1275 3983 1501 4052 justum,
1527 3990 1582 4036 et
1601 3993 1788 4052 postea

184 4071 332 4126 abiit
366 4080 414 4124 et
438 4069 623 4141 laqueo
657 4089 711 4126 se
749 4073 1038 4143 suspendit.
1068 4074 1376 4143 Frequens;
1417 4074 1556 4129 unde
1585 4075 1790 4145 Grego-

184 4164 353 4219 rius:
391 4162 606 4230 Quanto
639 4164 799 4219 citius
825 4164 1102 4220 confiteris
1147 4167 1248 4220 sub
1285 4182 1381 4236 spe
1413 4167 1603 4231 venim,
1639 4175 1789 4220 tanto

184 4256 416 4312 facilius
442 4259 794 4327 consequeris
818 4259 1034 4312 veniam
1063 4259 1254 4329 culpm.
1299 4259 1484 4324 Nuda;
1529 4259 1671 4313 unde
1700 4257 1791 4313 Je—

182 4347 423 4410 remias,
454 4364 557 4400 non
595 4357 668 4402 est
708 4350 799 4419 qui
836 4358 959 4419 agat
1001 4350 1356 4420 paenitentiam
1397 4366 1554 4420 super
1577 4359 1790 4419 peccata

1870 1857 2028 1926 pulos
2057 1873 2240 1912 secum
2285 1859 2483 1924 trahat,
2530 1869 2711 1915 tamen
2762 1862 2876 1930 ipse
2918 1878 3043 1917 cum
3074 1862 3289 1918 diabolo
3315 1865 3460 1934 apud

1871 1949 2073 2004 inferos
2093 1959 2354 2020 perpetuo
2379 1952 2730 2007 cruciabitur.
2759 1953 2891 2007 illud
2918 1955 3060 2009 idem
3087 1957 3284 2024 probat
3304 1955 3462 2027 Sym-

1873 2043 2099 2095 machus
2129 2057 2265 2111 papa
2297 2043 2352 2106 9,
2383 2057 2438 2112 q.
2469 2044 2522 2108 5,
2553 2059 2601 2098 c.
2631 2043 2868 2096 Aliorum
2891 2044 3182 2110 hominum,
3207 2046 3298 2100 ubi
3327 2046 3464 2101 dici-

1873 2141 1962 2186 tur
1987 2133 2129 2202 quod
2167 2149 2271 2188 non
2300 2134 2521 2188 habebit
2549 2135 2690 2204 apud
2717 2134 2885 2190 Deum
2922 2135 2988 2190 de
3015 2135 3352 2206 allegationis
3383 2137 3465 2192 ni-

1875 2233 1990 2279 tore
2035 2224 2367 2288 subsidium;
2408 2240 2530 2278 cum
2581 2229 2820 2293 ipsorum
2855 2224 3124 2279 factorum
3171 2234 3354 2281 utetur
3385 2236 3466 2281 te-

1875 2328 1975 2381 Ste,
2001 2331 2109 2386 quo
2145 2326 2200 2370 et
2240 2317 2460 2386 judice:
2498 2317 2589 2371 ubi
2637 2315 2976 2372 subinfertur
3026 2319 3170 2387 quod
3218 2319 3302 2374 cui
3344 2318 3464 2389 plus

1875 2406 2235 2460 committitur
2257 2406 2375 2475 plus
2403 2407 2658 2477 exigitur.
2691 2407 2758 2460 Et
2786 2416 2871 2462 est
2909 2409 3049 2462 ratio
3073 2410 3222 2478 quia,
3246 2417 3308 2464 ut
3335 2409 3467 2466 dicit

1875 2497 2052 2568 glossa
2097 2496 2348 2552 Psalterii
2383 2512 2549 2567 super
2590 2498 2681 2552 illo
2725 2499 2950 2568 psalmo,
2996 2503 3300 2568 esurientes,
3356 2510 3462 2557 etc.

1876 2587 1972 2641 Est
1998 2603 2126 2659 ergo
2152 2588 2346 2643 vitiosa
2384 2588 2491 2642 vita
2522 2604 2672 2658 papa:
2714 2589 2892 2659 imago
2935 2589 3130 2645 futura:
3160 2593 3369 2660 mortis,
3403 2602 3465 2647 ut

1876 2677 2136 2747 probatur
2175 2678 2259 2741 19,
2297 2678 2348 2742 l,
2391 2694 2440 2732 c.
2473 2679 2806 2732 Anastasius.
2861 2678 3098 2735 Probato
3139 2682 3281 2750 quod
3327 2697 3468 2754 papa

1876 2783 2107 2838 peccare
2132 2768 2324 2837 possit,
2357 2768 2621 2838 quaeritur
2660 2769 2747 2823 cui
2778 2768 2974 2823 debeat
3002 2769 3271 2837 confiteri,
3305 2781 3359 2826 et
3387 2771 3469 2826 vi-

1878 2858 2036 2913 detur
2059 2859 2204 2927 quod
2233 2858 2366 2912 nulli
2397 2860 2502 2913 nisi
2527 2859 2655 2923 Deo,
2684 2869 2748 2914 ut
2776 2859 2985 2916 faciunt
3013 2859 3218 2926 Graeci,
3253 2868 3311 2915 ut
3336 2877 3466 2930 pro-

1878 2951 2037 3006 batur
2085 2952 2150 3007 de
2193 2951 2542 3017 Pmnitentia,
2579 2953 2704 3007 dist.
2747 2953 2798 3018 l,
2839 2970 2888 3008 c.
2933 2954 3033 3008 ult.
3080 2953 3214 3009 Aliis
3259 2955 3472 3011 videtur

1881 3043 2024 3111 quod
2053 3043 2275 3097 deberet
2305 3042 2555 3098 confiteri
2599 3043 2836 3099 Ostiensi
2871 3046 3125 3114 episcopo
3155 3046 3247 3115 qui
3278 3061 3473 3101 conse-

1883 3142 2030 3199 crat;
2063 3134 2116 3188 in
2143 3149 2208 3189 eo
2233 3135 2376 3189 enim
2401 3135 2613 3190 videtur
2638 3135 2830 3204 major,
2861 3144 2919 3190 ut
2943 3136 3207 3206 probatur
3227 3137 3297 3192 55
3321 3136 3472 3203 dist.,

1884 3245 1935 3284 c.
1975 3229 2234 3282 Dominus
2278 3238 2473 3296 noster,
2515 3229 2606 3283 ubi
2636 3229 2837 3283 dicitur
2880 3230 3026 3297 quod
3057 3227 3231 3296 major
3267 3229 3473 3299 estqui

1883 3323 2098 3378 ordinat
2142 3338 2305 3391 quam
2337 3324 2428 3392 qui
2455 3323 2760 3377 ordinatur.
2809 3322 2945 3377 Aliis
2972 3324 3188 3377 videtur
3213 3325 3356 3393 quod
3383 3324 3475 3378 de-

1883 3415 2039 3470 beret
2087 3414 2334 3469 confiteri
2381 3413 2768 3480 eardinalibus,
2822 3429 2853 3468 a
2899 3414 3095 3482 quibus
3144 3414 3385 3484 eligitur,
3419 3422 3476 3470 et

1886 3506 2123 3561 maxime
2172 3506 2469 3574 episcopis,
2513 3505 2605 3574 qui
2659 3505 2713 3558 in
2762 3504 3026 3560 electione
3071 3505 3264 3560 domui
3316 3521 3473 3576 papae

1887 3607 2114 3654 utuntur
2133 3595 2257 3666 jure
2298 3596 2722 3668 metropolitani,
2750 3605 2808 3650 ut
2839 3597 3100 3666 probatur
3124 3596 3194 3651 25
3237 3597 3365 3652 dist.
3408 3597 3476 3652 In

1889 3692 2096 3745 nomine
2140 3689 2372 3753 Domini,
2424 3688 2516 3742 ubi
2557 3688 2756 3743 dicitur
2803 3705 2819 3744 :
2867 3687 3117 3756 Episcopi
3176 3687 3479 3743 cardinales

1889 3783 2076 3855 procul
2100 3782 2263 3836 dubio
2301 3781 2423 3851 jure
2451 3779 2853 3849 metropolitani
2895 3777 3212 3848 funguntur,
3241 3779 3333 3849 qui
3363 3777 3477 3832 ele-

1890 3881 2036 3928 ctum
2068 3872 2134 3927 ad
2165 3871 2372 3940 apicem
2399 3870 2724 3941 dignitatum
2768 3865 3093 3938 provehunt.
3141 3867 3248 3922 Alii
3292 3868 3481 3924 dicunt

1891 3968 2035 4038 quod
2073 3967 2297 4022 deberet
2340 3965 2586 4020 conliteri
2613 3965 2900 4029 monacho,
2928 3980 2995 4018 eo
3037 3964 3182 4034 quod
3205 3979 3345 4034 papa
3377 3963 3482 4021 Sil-

1891 4061 2073 4116 verius
2120 4057 2450 4113 renuntiavit
2480 4067 2755 4126 papatum,
2785 4064 2840 4111 et
2877 4054 2979 4109 fuit
3008 4057 3324 4111 monachus.
3376 4054 3482 4110 Sed

1893 4150 2202 4206 firmissime
2239 4158 2380 4214 tene,
2420 4156 2474 4202 et
2509 4147 2814 4202 nullatenus
2854 4146 3085 4208 dubites,
3125 4145 3269 4216 quod
3309 4151 3484 4213 possit

1892 4241 2137 4297 confiteri
2170 4240 2473 4308 cuicunque
2503 4237 2763 4301 voluerit;
2800 4253 2924 4291 cum
2955 4236 3098 4290 enim
3127 4236 3241 4304 ipse
3270 4235 3361 4290 dat
3391 4235 3478 4289 in-

1893 4335 2224 4405 dulgentiam
2271 4332 2523 4386 omnibus
2549 4330 2817 4399 exemptis
2853 4339 2913 4383 ut
2947 4329 3049 4384 sibi
3079 4328 3279 4398 eligant
3302 4328 3484 4397 proviv

183 4458 294 4497 sua
336 4450 386 4494 et
425 4441 564 4494 dicat
604 4443 730 4512 quid
757 4441 901 4511 fecit.
951 4441 1219 4507 Discreta,
1251 4443 1330 4497 sic
1357 4443 1502 4496 enim
1532 4441 1789 4512 Augusti-
1823 4461 1868 4518 ι)
1893 4428 1991 4483 dos
2041 4426 2419 4518 00“f8550[059_
2451 4424 2620 4518 dabit
2635 4423 2771 4518 _si|_>_i.
2819 4438 2941 4518 cura
2981 4437 3096 4518 fon
3137 4421 3209 4476 sit
3235 4420 3484 4518 superior

183 4549 344 4589 nus:
371 4531 722 4587 Sacerdotem
758 4548 940 4603 quaere
978 4534 1071 4604 qui
1117 4542 1168 4588 te
1212 4535 1351 4588 sciat
1396 4533 1607 4589 solvere
1645 4542 1700 4587 et
1727 4534 1790 4588 li-

185 4639 353 4697 gare.
409 4623 742 4689 Voluntaria,
793 4641 899 4680 non
947 4633 1007 4679 ut
1048 4626 1316 4681 confessio
1359 4625 1563 4692 Achor,
1609 4625 1702 4681 sed
1735 4635 1796 4682 ut

123 4708 126 4710 ’
186 4714 479 4772 confessio
522 4716 748 4771 latronis
798 4717 851 4772 in
895 4733 1077 4772 cruce.
1112 4719 1458 4783 Verecunda;
1495 4719 1569 4772 ita
1591 4717 1794 4789 Grego-

189 4809 323 4863 rius
367 4823 379 4859 :
427 4806 760 4860 Verecundia
800 4807 1034 4860 maxima
1084 4823 1212 4876 pars
1256 4813 1339 4860 est
1383 4805 1788 4862 satisfactionis.

187 4898 464 4961 Secreta;
498 4897 636 4951 unde
661 4894 896 4952 Joannes
916 4896 1336 4967 Cbrysostomus
1365 4915 1376 4948 :
1407 4896 1521 4952 Non
1548 4898 1670 4952 dico
1696 4898 1795 4952 tibi

188 5001 260 5046 ut
296 4989 498 5059 prodas
531 4998 584 5042 te
619 4989 671 5042 in
703 4989 998 5059 publicum.
1049 4988 1393 5055 Accelerata;
1442 4991 1583 5045 unde
1611 4991 1798 5046 Eccie—

190 5082 502 5139 siasticus:
542 5079 665 5134 Non
705 5081 882 5135 tardes
923 5082 1148 5134 converti
1188 5083 1256 5134 ad
1297 5080 1604 5135 Dominum.
1661 5082 1800 5138 Obe-

191 5175 398 5237 diens;
433 5171 575 5227 unde
601 5173 934 5244 Augustinus
964 5192 975 5226 :
1008 5172 1116 5228 Fac
1145 5173 1326 5227 omnia
1357 5188 1456 5242 pro
1486 5173 1798 5243 accipienda

191 5270 318 5324 vita
346 5267 562 5333 animat,
589 5282 710 5336 qum
733 5265 946 5321 faceres
971 5281 1070 5336 pro
1098 5266 1209 5320 vita
1237 5265 1499 5336 corporis,
1527 5273 1633 5320 etc.

283 5400 361 5454 De
377 5402 676 5471 paenitentia
697 5402 875 5456 damni
893 5418 1064 5473 papae,
1089 5410 1138 5455 et
1159 5402 1244 5456 cui
1265 5401 1445 5456 debeat
1472 5401 1727 5471 conﬁteri.

727 5515 826 5585 (Ex
863 5514 959 5570 lib.
985 5531 1039 5581 v,
1075 5530 1194 5586 cap.
1224 5513 1300 5584 l.)

285 5630 588 5684 Dicendum
627 5631 694 5685 de
721 5629 1043 5700 pmnitentia
1080 5627 1263 5684 domni
1295 5644 1446 5699 papae
1481 5647 1492 5682 :
1528 5638 1583 5682 et
1619 5627 1801 5683 forsan

204 5723 431 5780 videtur
456 5722 779 5792 quibusdam
812 5723 955 5792 quod
993 5737 1096 5775 non
1125 5729 1376 5790 peccaret
1404 5735 1557 5790 papa,
1578 5726 1650 5779 ,ιιι
1673 5717 1804 5772 dicit

1894 4535 1924 4573 a
1957 4533 2064 4587 quo
2090 4527 2255 4590 petat.
2300 4515 2566 4572 Probatur
2591 4515 2660 4569 50
2690 4514 2816 4569 dist.
2877 4512 2938 4565 Si
2970 4510 3350 4576 Romanorum,
3389 4511 3485 4567 ubi

1895 4610 2094 4666 dcitur
2121 4609 2264 4678 quod
2306 4608 2350 4662 si
2395 4622 2534 4678 papa
2581 4605 2676 4658 dat
2712 4603 3094 4658 auctoritatem
3142 4602 3286 4669 aliis,
3312 4601 3483 4658 multo

1895 4703 2092 4758 fortius
2132 4701 2257 4757 sibi.
2307 4699 2460 4766 Quod
2507 4697 2630 4753 talis
2669 4693 3334 4766 jurisdictiovoluntaria
3377 4701 3481 4759 est,

1897 4798 2105 4853 scilicet
2130 4795 2272 4866 quod
2299 4809 2357 4848 se
2382 4807 2518 4862 papa
2548 4798 2817 4862 supponat
2836 4789 3201 4860 jurisdictioni
3233 4788 3482 4855 minoris,

1897 4891 2160 4963 probatur
2185 4889 2239 4952 ‘2,
2267 4903 2320 4956 q.
2353 4885 2406 4950 5,
2457 4885 2742 4949 mandatis,
2773 4892 2898 4939 etc.
2930 4883 3173 4938 auditum
3195 4892 3292 4949 est,
3341 4889 3398 4937 et
3424 4882 3481 4948 2,

1897 5000 1952 5052 q.
1980 4982 2032 5046 7,
2061 4997 2108 5036 c.
2160 4995 2277 5033 cum
2312 4976 2580 5041 Balaam,
2622 4978 2820 5047 quibus
2865 4977 3064 5032 dicitur
3103 4976 3248 5045 quod
3297 4974 3486 5032 Sixtus

1899 5084 1954 5131 et
1979 5076 2088 5130 Leo
2115 5083 2168 5128 et
2193 5074 2457 5127 Damasus
2502 5079 2558 5124 et
2598 5069 2955 5142 Symmachus
2999 5077 3401 5139 supposuerunt
3424 5084 3486 5124 se

1895 5167 2104 5237 judicio
2128 5166 2396 5221 minorum
2443 5164 2496 5218 in
2520 5163 2614 5218 lite
2657 5163 3013 5224 contentiosa,
3063 5161 3232 5217 multo
3267 5159 3482 5228 fortius,

1900 5268 2006 5314 etc.
2041 5257 2181 5326 Ergo
2209 5263 2386 5325 potest
2434 5268 2494 5308 se
2525 5267 2830 5324 supponere
2873 5253 2926 5308 in
2957 5251 3076 5307 foro
3101 5248 3482 5321 paenitentia“,

1901 5350 2028 5422 quia
2073 5357 2332 5417 quantum
2384 5345 2452 5400 ad
2497 5345 2602 5400 hoc
2643 5343 3014 5412 unusquisque
3061 5343 3315 5398 sacerdos
3339 5349 3489 5397 tenet

1903 5441 2078 5496 locum
2107 5439 2201 5494 Dei
2227 5436 2478 5500 viventis,
2510 5443 2564 5490 et
2592 5441 2768 5505 potest
2812 5433 3093 5489 absolvere
3131 5433 3485 5505 pmnitentem

1903 5533 2022 5588 loco
2049 5531 2164 5594 Dei,
2210 5531 2338 5599 quia
2385 5537 2647 5599 quantum
2675 5527 2742 5581 ad
2787 5527 2902 5581 ιιωο
2937 5524 3109 5593 major
3132 5532 3237 5589 est,
3265 5530 3326 5579 ut
3362 5535 3490 5592 pro-

1906 5627 2066 5681 batur
2090 5625 2146 5689 2,
2174 5639 2226 5692 q.
2257 5623 2310 5688 5,
2344 5638 2419 5688 c.,
2448 5629 2551 5677 etc.
2587 5619 2818 5689 Explicit
2847 5618 2913 5675 de
2939 5631 3096 5689 papa.
