4020 6360
564 321 697 381 1091

1478 288 1968 373 EXCEuPrA'Ex
2006 307 2522 365 POENITENTIALI
2560 309 2611 366 ι.
2655 312 2743 367 ne
2784 306 2934 365 uno.

3677 304 3817 362 1092

593 437 673 494 Dc
701 403 1001 510 pmnitentta
1029 428 1400 496 cardinalium,
1430 437 1478 485 et
1508 430 1590 483 cui
1617 427 1799 481 debent
1826 418 2081 494 conﬁteri.
2158 425 2206 485 Α
2233 419 2381 486 dist.,
2424 436 2472 476 c.
2506 421 2605 475 ult.
2646 431 2701 477 et
2728 420 2797 475 25
2841 419 2994 510 dist.,
3018 433 3069 473 c.
3099 425 3150 510 1.
3184 415 3289 510 Sed
3335 415 3651 510 ﬁrmissime
3690 424 3820 510 tene

1161 530 1257 598 (Ex
1289 544 1407 598 cap.
1439 524 1519 596 2.)
2002 588 2013 598 ⁴

629 624 902 693 ριιωτίιιιι·
948 621 1015 677 de
1067 618 1381 690 paenitentia
1433 615 1830 671 cardinalium:
1886 620 1941 667 et
1987 611 2136 667 diens

560 716 704 787 quod
732 722 954 786 quanto,
989 717 1113 767 sunt
1154 707 1407 777 majores,
1431 715 1580 762 tanto
1606 706 1802 761 debent
1827 704 2003 758 acrius
2039 719 2137 773 pu-

562 809 689 873 niri,
715 807 760 862 si
788 809 1031 876 peccant,
1058 800 1302 870 exemplo
1326 800 1474 865 Adae,
1517 800 1609 869 qui
1652 798 1855 867 Quanto
1882 804 1999 850 erat
2025 795 2136 849 Deo

559 896 881 971 proximior,
932 898 1079 947 tanto
1107 889 1277 961 magis
1305 889 1565 959 peccavit,
1617 894 1676 940 ut
1702 886 1894 956 probat
1920 892 2136 939 sanctus

560 987 909 1058 Augustinus.
957 983 1082 1038 Ideo
1107 980 1279 1034 Adam
1310 980 1481 1051 magis
1505 978 1769 1049 peccavit,
1799 976 1925 1045 quia
1965 974 2136 1044 magis

559 1078 850 1135 virtutibus
894 1073 1203 1129 abundavit.
1254 1070 1388 1126 Cum
1432 1070 1575 1124 enim
1617 1067 1974 1139 proximiores
2015 1072 2140 1120 sunt

560 1184 732 1241 papae,
782 1175 930 1222 tanto
971 1179 1156 1219 casum
1205 1163 1324 1233 plus
1370 1161 1565 1215 debent
1611 1160 1804 1214 timere
1846 1165 1907 1212 ut
1947 1157 2141 1228 probat

562 1262 621 1317 S.
649 1261 942 1333 Gregorius
985 1270 1147 1327 super
1190 1255 1525 1311 Ezechielem
1570 1254 1637 1309 de
1665 1268 1826 1309 causa
1860 1250 2091 1306 Luciieri
2121 1263 2132 1303 :

559 1350 912 1422 Principium,
966 1348 1158 1417 inquit,
1207 1348 1416 1401 viarum
1460 1345 1555 1399 Dei
1601 1344 1895 1397 Bebemot:
1943 1341 2143 1396 debent

560 1443 707 1499 enim
733 1454 854 1496 esse
876 1438 998 1510 puri
1029 1438 1169 1492 sicut
1193 1436 1416 1500 vitrum,
1463 1442 1518 1490 et
1554 1432 1764 1488 candidi
1796 1432 1848 1486 in
1877 1430 2134 1495 moribus,

561 1543 618 1590 et
647 1532 798 1588 rubei
845 1546 942 1601 per
969 1528 1287 1583 memoriam
1330 1526 1598 1596 passionis
1637 1523 1837 1579 Christi
1882 1531 2136 1593 tanquam

562 1627 657 1682 nix
684 1632 740 1681 et
764 1624 900 1680 ebur
942 1622 1264 1690 antiquum;
1312 1617 1510 1673 debent
1536 1632 1655 1673 csse
1699 1616 1868 1671 nubes
1909 1614 2050 1680 εαξη,
2080 1623 2139 1670 ιιι

562 1715 819 1773 inducant
847 1727 1017 1783 aquas
1056 1708 1385 1781 spiritualcs,
1416 1715 1477 1762 ut
1502 1708 1695 1778 probat
1719 1706 1884 1761 Isaias
1908 1705 2095 1760 dicens
2118 1722 2133 1759 :

565 1804 670 1872 Qui
700 1812 819 1859 sunt
844 1775 931 1857 isti
955 1802 1043 1873 qui
1077 1775 1133 1854 ut
1165 1800 1323 1854 nubes
1350 1775 1522 1854 volant
1543 1807 1590 1852 et
1618 1798 1767 1869 quasi
1790 1796 2040 1851 columba?
2070 1796 2139 1850 ad
2167 1775 2214 1836 Β

566 1896 820 1951 fenestras
846 1910 970 1949 suas
995 1893 1019 1946 1’
1061 1891 1335 1947 Columba:
1360 1891 1613 1947 dicuntur
1638 1898 1857 1960 propter
1882 1889 2139 1960 simplici-

562 1994 751 2053 tatem,
794 1986 919 2057 quia
946 1997 1066 2041 esse
1095 1982 1295 2039 debent
1344 1980 1683 2037 candidiores
1718 1982 1859 2048 nive,
1890 1981 2143 2035 rubicun-

565 2077 746 2133 diores
767 2076 930 2132 ebore
958 2075 1199 2144 antiquo,
1222 2074 1473 2143 puriOres
1496 2072 1675 2135 vitro;
1705 2071 1808 2126 hoc
1835 2071 2037 2127 dictum
2061 2078 2144 2126 est

566 2168 634 2223 de
662 2167 741 2222 eis
786 2173 1007 2236 propter
1050 2163 1293 2219 diversas
1334 2163 1581 2217 virtutes.
1631 2160 1768 2218 Sunt
1794 2162 1938 2216 enim
1967 2162 2144 2217 cardi-

564 2258 717 2313 nales
761 2257 900 2311 ostia
943 2264 1144 2311 sancta:
1189 2246 1479 2318 Ecclesiae,
1520 2253 1662 2307 sicut
1700 2253 1897 2307 ostium
1941 2253 2145 2324 regitur

564 2346 912 2403 cardinibus:
963 2345 1010 2399 si
1037 2345 1202 2415 igitur
1228 2343 1392 2399 cardo
1429 2343 1717 2413 rumpitur,
1748 2343 1801 2397 id
1826 2351 1929 2409 est,
1957 2344 2000 2399 si
2027 2359 2146 2399 car-

565 2436 762 2493 dinalis
791 2435 1096 2506 deponitur,
1121 2442 1182 2489 ut
1208 2435 1400 2505 probat
1425 2433 1535 2510 Leo
1581 2448 1739 2503 papa,
1788 2449 2063 2503 nunquam
2090 2434 2144 2489 in

563 2535 886 2599 perpetuum
932 2525 1127 2597 legitur
1163 2532 1463 2595 reparatus,
1511 2523 1652 2579 sicut
1679 2523 1918 2593 loquitur
1944 2524 2009 2579 de
2044 2540 2144 2579 an-

566 2616 686 2688 gelo
712 2615 804 2685 qui
828 2615 1038 2678 cecidit,
1086 2613 1177 2684 qui
1203 2629 1477 2684 nunquam
1521 2613 1813 2669 advocatur
1838 2612 1906 2669 ad
1946 2622 2147 2669 statum

566 2705 817 2778 primum,
866 2713 927 2759 ut
947 2705 1208 2775 probatur
1236 2704 1303 2760 de
1340 2704 1666 2760 Pmnitentia
1691 2706 1819 2762 dist.
1852 2705 1905 2773 2,
1933 2705 2146 2760 Princi-

565 2796 731 2868 pium.
776 2794 918 2867 Ergo
942 2804 1092 2850 tanto
1121 2796 1335 2851 cautius
1361 2811 1419 2850 se
1446 2796 1645 2851 debent
1669 2796 1941 2851 custodire
1966 2811 1997 2850 a
2023 2810 2149 2867 pec-

566 2887 727 2953 catis,
776 2902 844 2942 ne
870 2887 981 2942 sint
1005 2887 1251 2957 Dagones
1276 2894 1481 2941 stantes
1499 2884 1656 2954 juxta
1702 2901 1883 2941 arcam
1912 2885 2143 2955 Domini,

567 2977 711 3034 sicut
741 2976 940 3049 legitur
985 2977 1040 3031 in
1068 2976 1206 3032 libro
1244 2976 1449 3047 Regum
1478 2977 1544 3032 de
1588 2976 1713 3031 ﬁliis
1741 2976 1878 3031 Heli.
1924 2976 1993 3032 28
2022 2977 2145 3033 dist.

577 3065 779 3139 Legam
798 3068 1044 3139 episcopi,
1061 3075 1118 3122 et
1141 3082 1210 3123 ne
1240 3068 1350 3123 sint
1375 3067 1585 3123 nebulae
1604 3076 1658 3123 et
1683 3069 1852 3123 nubes
1873 3069 1989 3123 sine
2009 3083 2147 3139 aqua

572 3157 880 3213 turbinibus
906 3156 1208 3212 daemonum
1236 3158 1470 3231 agitatae,
1518 3166 1578 3214 ut
1612 3159 1806 3228 probat
1829 3160 2022 3215 beatus
2046 3158 2149 3215 Pe-

570 3258 689 3306 trus
715 3250 768 3305 in
816 3251 1053 3321 Epistola
1081 3266 1200 3317 sua,
1254 3262 1309 3307 et
1347 3250 1707 3322 Hieronymus
1734 3250 1789 3305 in
1817 3266 2025 3306 canone
2053 3265 2153 3307 suo

574 3342 642 3399 de
680 3341 1021 3408 Pumitentia,
1052 3343 1178 3399 dist.
1223 3342 1284 3399 Si
1332 3344 1490 3409 enim,
1522 3343 1712 3414 inquit,
1757 3350 1889 3409 etc.,
1920 3351 1977 3399 et
2008 3343 2153 3399 Beda

568 3434 763 3504 probat
786 3433 930 3489 idem
958 3433 1013 3501 2,
1035 3450 1089 3505 q.
1113 3433 1167 3500 7,
1193 3433 1367 3489 Secuti
1388 3444 1509 3491 sunt
1535 3437 1672 3491 viam
1697 3436 1941 3491 Balaam.
1973 3432 2153 3506 Quare

569 3539 678 3581 non
705 3524 879 3580 solum
920 3526 1156 3595 episcopi
1192 3526 1514 3597 perduntur,
1554 3528 1649 3584 sed
1688 3527 1889 3584 multos
1926 3529 2152 3600 populos

570 3625 628 3673 et
650 3617 824 3673 cleros
844 3629 1028 3672 secum
1058 3618 1261 3687 ducunt
1285 3619 1353 3673 ad
1382 3616 1585 3675 inferos
1610 3620 1950 3687 catervatim,
1974 3629 2034 3674 ut
2058 3621 2150 3687 40,

572 3707 703 3765 dist.
757 3707 818 3764 Si
843 3725 999 3780 popa,
1052 3717 1105 3763 et
1151 3710 1221 3765 19
1246 3708 1373 3765 dist.
1425 3710 1576 3765 Nulli
1611 3712 1736 3781 fas;
1769 3712 1871 3768 hoc
1895 3720 2000 3779 est,
2045 3729 2154 3768 non

570 3799 858 3869 capiantur
894 3799 1175 3870 superbia,
1224 3801 1349 3872 quia
1382 3810 1555 3857 mater
1594 3811 1679 3858 est
1719 3805 1960 3859 omnium
1993 3805 2153 3860 vitio-

573 3901 735 3955 rum;
776 3905 885 3946 non
910 3892 1194 3961 capiantur
1215 3908 1353 3947 vana
1379 3894 1567 3964 gloria,
1600 3895 1727 3963 quia
1748 3910 1963 3950 omnem
1985 3897 2155 3951 virtue

570 3987 681 4036 tem
706 3989 968 4047 evacuat;
1019 3997 1125 4036 non
1154 3984 1438 4054 capiantur
1462 3986 1711 4055 pecunia,
1740 3987 1865 4054 quia
1896 3995 2154 4056 tanquam

572 4085 839 4127 venenum
859 4079 943 4127 est
968 4072 1218 4144 fugienda
1244 4087 1261 4128 :
1304 4089 1408 4129 non
1436 4075 1722 4145 capiantur
1750 4090 1933 4132 amore
1958 4091 2155 4146 parem-

575 4171 708 4230 tum,
738 4164 832 4235 qui
856 4179 949 4221 eos
978 4166 1034 4221 in
1072 4165 1183 4220 vita
1210 4166 1503 4222 corrodunt
1528 4175 1782 4237 tanquam
1812 4182 2012 4221 musca:
2035 4182 2153 4221 mo-

569 4254 795 4321 rientes,
843 4264 899 4311 et
925 4269 1035 4320 ,eos
1062 4265 1185 4328 post
1229 4265 1457 4312 mortem
1504 4258 1823 4328 despiciunt,
1871 4258 2150 4313 dicentes:

571 4343 717 4399 Bene
740 4345 870 4400 mihi
900 4346 1046 4412 fecit,
1092 4346 1186 4401 sed
1210 4346 1401 4402 melius
1430 4345 1609 4401 facere
1634 4348 1824 4417 potuit,
1856 4354 1915 4400 ut
1941 4346 2008 4401 de
2032 4345 2153 4400 aliis

2174 3111 2224 3178 ο

2235 512 2377 580 quod
2405 512 2449 567 si
2477 521 2559 566 est
2588 513 2783 567 absens
2822 510 2876 565 in
2918 509 3101 578 aliqua
3129 506 3322 576 legatia
3367 506 3544 575 possit
3568 508 3820 563 confiteri

2236 599 2321 654 cui
2346 600 2479 665 vult,
2510 615 2609 671 per
2652 600 2797 655 illam
2824 597 3147 655 decretalem
3188 610 3275 651 ex.
3307 597 3374 651 de
3414 596 3596 663 Pam,
3629 611 3683 652 c.
3720 597 3818 653 ult.

2237 689 2293 746 Si
2321 700 2500 745 autem
2529 700 2613 746 est
2634 706 2896 762 przesens,
2929 698 2984 744 et
3010 696 3290 759 peccatum
3321 696 3405 742 est
3432 689 3719 744 notarium
3738 688 3823 747 vel

2236 782 2602 846 manifestum,
2652 781 2813 835 debet
2853 780 3099 835 conﬁteri
3127 793 3302 851 papzn,
3353 786 3409 833 et
3435 778 3602 833 debet
3645 779 3824 837 acrius

2235 870 2416 939 puniri
2446 886 2611 940 quam
2639 870 2775 924 alius
2798 877 3068 939 peccator,
3114 875 3338 938 prOpter
3365 867 3617 937 exempla
3643 868 3822 938 perui-

2236 961 2403 1025 ciosa,
2455 971 2513 1014 ut
2557 960 2787 1029 probant
2822 959 3075 1015 Nicolaus
3120 966 3175 1012 et
3221 957 3516 1028 Gregorius
3556 957 3631 1024 ll,
3678 973 3736 1029 q.
3764 960 3819 1023 5,

2235 1052 2513 1121 pra-cipue.
2564 1050 2622 1105 Si
2663 1059 2843 1105 autem
2873 1059 2958 1105 est
2993 1049 3302 1114 occultum,
3339 1047 3539 1104 suﬁicit
3584 1050 3821 1120 generali

2236 1141 2638 1210 ptenitentiario
2662 1141 2909 1196 conﬁteri

2239 1251 2315 1306 De
2340 1253 2638 1324 paenitentia
2680 1251 3067 1324 capellonorum
3095 1252 3309 1324 ﬂamini
3332 1269 3504 1324 papae,
3544 1263 3597 1308 et
3627 1255 3716 1308 cui
3737 1254 3822 1310 dc-

2830 1324 2945 1376 (tent
2975 1322 3231 1390 conﬁteri.

2848 1433 2950 1505 (Ex
2980 1448 3100 1504 cap.
3132 1432 3211 1503 5.)

2309 1518 2584 1593 Capellani
2629 1528 2808 1579 autem
2843 1533 2892 1579 et
2939 1525 3031 1578 alii
3061 1522 3295 1580 curiales
3322 1540 3477 1597 papze
3506 1526 3714 1583 debent
3736 1544 3821 1600 ge-

2237 1610 2407 1666 nerali
2424 1612 2825 1681 pmnitentiario
2848 1612 3114 1680 conﬁteri,
3142 1614 3267 1684 quia
3292 1615 3359 1669 ab
3384 1616 3492 1672 alio
3522 1617 3632 1673 nisi
3660 1634 3693 1672 a
3713 1619 3821 1676 solo

2238 1718 2375 1774 papa
2405 1712 2460 1758 et
2482 1704 2735 1760 mandato
2758 1721 2864 1760 non
2884 1714 3109 1777 possunt
3141 1706 3343 1761 absolvi
3372 1724 3473 1763 nec
3496 1708 3680 1781 ligari,
3705 1728 3819 1768 cum

2241 1795 2381 1865 apud
2414 1795 2700 1851 ecclesiam
2731 1796 3117 1852 demorentur:
3153 1806 3209 1853 et
3235 1813 3393 1855 secus
3418 1798 3515 1869 qui
3544 1801 3709 1856 sentit
3730 1818 3819 1875 pe-

2240 1901 2337 1941 cus
2362 1894 2470 1951 est,
2498 1894 2556 1941 ut
2590 1888 2852 1956 probatur
2889 1888 2956 1944 de
2982 1887 3307 1946 Paenitentia
3336 1889 3467 1945 dist.
3500 1890 3557 1956 6,
3593 1891 3814 1947 Placuit.

2240 1986 2295 2032 et
2323 1977 2376 2045 6,
2400 1993 2456 2050 q.
2485 1980 2540 2044 5,
2565 1994 2614 2035 c.
2640 1980 2693 2033 1.

2240 2068 2319 2124 De
2344 2070 2645 2141 paenitentia
2680 2071 3124 2141 patriarcharum,
3154 2081 3204 2127 et
3241 2072 3327 2127 cui
3352 2072 3542 2127 debent
3562 2073 3807 2144 conﬁteri.

2848 2161 2947 2232 (Ex
2977 2177 3095 2233 cap.
3129 2161 3206 2235 ι.)

2311 2249 2564 2305 Dicturus
2590 2249 2658 2306 de
2686 2252 3004 2321 pmnitentia
3033 2254 3377 2323 patriarchze,
3415 2263 3470 2309 et
3501 2255 3587 2309 cui
3616 2252 3805 2310 debeat

2243 2340 2511 2407 conﬁteri,
2558 2342 2735 2412 primo
2782 2341 3220 2414 distinguendum
3264 2353 3350 2399 est
3397 2354 3581 2399 utrum
3618 2346 3814 2400 crimes

2242 2432 2566 2501 patriarcha:
2593 2431 2665 2486 sit
2684 2431 2959 2501 publicum
2984 2432 3066 2487 vel
3092 2432 3383 2489 occultum.
3432 2433 3493 2489 Si
3528 2443 3706 2488 autem
3742 2442 3821 2489 est

2242 2519 2533 2590 publicum,
2569 2518 2655 2574 vel
2683 2520 2975 2586 nctorium,
3021 2521 3104 2577 vel
3131 2521 3502 2589 manifestum,
3532 2523 3710 2577 acrius
3736 2522 3821 2577 de-

2243 2611 2338 2667 bet
2374 2611 2554 2683 puniri
2591 2626 2754 2682 quam
2783 2611 2877 2667 alii
2921 2612 3295 2684 delinquentes
3320 2621 3547 2684 propter
3586 2611 3823 2683 exempla

2243 2702 2547 2774 perniciosa
2573 2717 2696 2773 qua:
2724 2704 3102 2757 transmittunt
3143 2703 3207 2759 ad
3232 2710 3501 2775 posteros,
3543 2704 3678 2774 quia
3700 2718 3825 2775 pne-

2244 2794 2340 2849 lati
2372 2801 2454 2850 tot
2480 2793 2799 2850 mortalibus
2835 2794 2980 2866 digni
3011 2803 3158 2861 sunt,
3190 2802 3322 2864 quot
3357 2793 3614 2864 exempla
3656 2792 3826 2865 perni-

2246 2886 2391 2941 ciosa
2418 2884 2486 2941 ad
2510 2893 2757 2957 posteros
2782 2885 3176 2952 transmittunt,
3198 2893 3259 2940 ut
3281 2885 3515 2956 probant
3539 2885 3719 2940 sancti
3738 2883 3827 2938 Pa-

2250 2985 2363 3032 tres
2385 2976 2441 3043 2,
2473 2992 2527 3047 q.
2562 2978 2620 3043 5,
2651 2977 2779 3046 quia
2818 2975 2946 3030 illud
2977 2976 3122 3047 quod
3148 2976 3329 3048 agitur
3351 2992 3382 3031 a
3409 2976 3658 3047 praelatis
3683 2974 3827 3030 facile

2252 3066 2483 3121 trahitur
2504 3082 2535 3121 a
2560 3065 2792 3121 subditis
2820 3066 2874 3122 in
2907 3066 3211 3138 exemplum
3237 3084 3252 3120 :
3299 3074 3355 3122 et
3399 3066 3453 3121 in
3488 3080 3557 3121 eo
3583 3080 3715 3121 casu
3740 3065 3823 3120 de-

2250 3161 2381 3217 bent
2406 3176 2438 3214 a
2463 3159 2579 3215 solo
2603 3174 2740 3229 papa
2768 3159 2968 3229 puniri,
2999 3158 3140 3216 sicut
3162 3159 3295 3214 dicit
3319 3160 3514 3215 beatus
3542 3157 3827 3228 Gregorius

2251 3252 2317 3307 de
2356 3249 2653 3307 Clementia
2695 3251 2928 3321 primate
2963 3250 3028 3315 2,
3065 3266 3119 3322 q.
3162 3248 3214 3317 7,
3246 3266 3297 3306 c.
3337 3249 3513 3315 Sicut,
3543 3251 3736 3322 inquit.
3766 3248 3826 3304 Et

2251 3344 2326 3401 ita
2365 3343 2707 3399 Innocentius
2756 3342 2823 3397 lli
2868 3344 3076 3415 punivit
3125 3342 3549 3398 Antiochensem
3602 3342 3822 3414 patriar-

2250 3436 2430 3501 cham,
2459 3449 2523 3489 eo
2552 3434 2694 3504 quod
2726 3434 3011 3505 quemdam
3044 3434 3506 3506 archiepiscopum
3552 3432 3824 3490 dearcbic-

2249 3531 2571 3604 piscOpavit,
2600 3541 2655 3587 et
2695 3530 2825 3586 fecit
2850 3532 3182 3601 episcopum.
3223 3529 3490 3584 Similiter
3512 3527 3831 3585 Gelasiuset

2251 3622 2402 3679 Felix
2444 3622 2837 3678 damnaverunt
2877 3622 3132 3676 Acacium
3157 3620 3527 3691 patriarcham
3574 3620 3831 3677 Constan-

2254 3714 2661 3785 tinopolitanum
2690 3712 2783 3779 25,
2811 3729 2867 3784 q.
2908 3713 2957 3779 i,
2988 3712 3236 3778 Aeacius,
3265 3721 3321 3766 et
3367 3727 3418 3767 c.
3464 3710 3725 3767 liuores.
3755 3710 3834 3765 Si-

2252 3807 2453 3861 militer
2476 3805 2730 3862 Nicolaus
2752 3820 2893 3876 papa
2917 3804 3160 3860 correxit
3182 3803 3577 3859 Bituriceusem
3612 3803 3837 3874 patriar

2253 3899 2411 3954 cham
2460 3911 2561 3969 pro
2609 3911 2676 3951 eo
2724 3896 2867 3967 quod
2908 3895 3135 3951 clericos
3179 3893 3557 3949 Narbonenses
3601 3890 3833 3964 episcopi

2254 4000 2442 4047 contra
2465 4004 2700 4045 canones
2744 3988 3037 4057 judicabat.
3075 3986 3342 4043 Probatur
3365 3985 3420 4050 2,
3452 4000 3509 4055 q.
3536 3984 3595 4051 5,
3624 4001 3676 4041 c.
3705 3982 3835 4039 Coa-

2253 4093 2484 4155 questus.
2532 4080 2796 4137 Similiter
2836 4079 2946 4135 Leo
2986 4064 3211 4150 Magnus
3244 4091 3384 4148 sape
3424 4075 3628 4146 saepius
3658 4087 3834 4145 repre-

2255 4172 2444 4229 hendit
2466 4172 2781 4227 Dioscorum
2808 4169 3229 4224 Alexandrinum
3258 4166 3632 4237 patriarcham
3656 4180 3755 4235 pm
3775 4176 3835 4218 eo

2256 4265 2400 4336 quod
2420 4277 2657 4319 canones
2694 4278 2801 4317 non
2832 4261 3086 4317 servabat
3124 4259 3178 4314 in
3214 4257 3549 4329 temporibus
3576 4256 3833 4310 ordinan-

2256 4357 2443 4411 derum
2488 4354 2809 4409 clericorum
2847 4351 2914 4405 75
2954 4351 3107 4416 dist.,
3137 4366 3187 4406 c.
3243 4348 3507 4405 Similiter
3533 4346 3837 4403 Alexander

568 4436 716 4492 νίιίίε
759 4436 1067 4493 carnalibus
1109 4445 1405 4504 taceamus.
1457 4438 1550 4493 sed
1598 4438 1685 4492 die
1726 4446 1993 4507 ηοοιιιίιυθ
2044 4452 2150 4492 "0“
2187 4461 2235 4522 ο
2261 4448 2451 4504 tertius
2497 4445 2796 4515 increpavit
2851 4443 3220 4514 patriarcham
3285 4438 3836 4511 Iiierosolymitauum

573 4536 787 4583 cessent
810 4530 1098 4584 virtutibus
1136 4528 1373 4584 studere.
1416 4528 1483 4581 Et
1509 4527 1691 4583 omnia
1732 4527 1833 4581 ista
1859 4527 2155 4597 probantur

572 4621 893 4675 auctoritate
917 4620 1021 4674 lsa.
1052 4620 1124 4675 25
1159 4621 1285 4675 dist.
1316 4618 1437 4685 His,
1461 4628 1516 4674 et
1542 4618 1858 4673 auctoritate
1885 4618 2153 4673 Ambrosii

575 4707 667 4775 12,
696 4722 750 4778 q.
787 4709 837 4775 l,
869 4723 917 4763 c.
949 4708 1048 4763 Cui
1087 4710 1254 4780 portio
1293 4709 1436 4763 Deus
1464 4716 1557 4762 est.
1594 4702 1667 4763 86'
1707 4707 1834 4761 dist.
1880 4706 1996 4761 Non
2022 4708 2153 4761 satis

572 4806 676 4855 est.
707 4799 850 4855 Bene
874 4801 990 4856 viso
1016 4801 1082 4856 de
1103 4801 1421 4871 paenitentia
1453 4800 1834 4864 cardinalium,
1864 4798 2155 4854 videndum

574 4900 658 4947 est
679 4893 767 4948 cui
792 4894 1022 4949 debeant
1044 4893 1310 4959 conﬁteri,
1360 4902 1416 4948 et
1439 4892 1637 4949 debent
1661 4892 1878 4962 quidem
1910 4892 2157 4963 speciali-

576 4988 664 5037 ter
693 4996 904 5037 summo
928 4982 1188 5053 pontiﬁci,
1229 4983 1346 5038 sine
1372 4973 1527 5053 cujus
1553 4982 1769 5037 licentia
1794 4998 1900 5037 non
1930 4990 2157 5053 possunt

575 5070 756 5129 facere
797 5074 1262 5142 immutationem,
1318 5091 1421 5132 nec
1469 5075 1704 5132 condere
1750 5084 2154 5143 testamentum,

579 5162 722 5232 quod
750 5177 858 5218 non
882 5163 1142 5233 probatur
1155 5163 1279 5233 jure
1306 5164 1512 5235 scripto
1534 5164 1629 5220 scd
1654 5166 2042 5220 consuetudine
2070 5181 2159 5220 ro-

576 5248 819 5309 boratur.
867 5251 972 5307 Alii
1007 5253 1195 5308 dicunt
1233 5255 1376 5324 quod
1399 5254 1659 5309 diaconus
1686 5254 1976 5309 cardinalis
2001 5255 2162 5309 debet

577 5342 821 5400 conﬁteri
847 5344 1161 5414 presbytero
1185 5345 1468 5411 cardinali,
1509 5353 1564 5400 et
1593 5346 1878 5416 presbyter
1905 5347 2158 5401 cardina-

576 5431 647 5491 lis
674 5435 832 5490 debet
855 5433 1102 5490 conﬁteri
1128 5436 1380 5508 episcopo
1405 5437 1688 5502 cardinali,
1717 5437 1956 5507 episcOpi
1983 5438 2161 5493 cardi-

577 5526 730 5583 nales
771 5526 967 5582 debcnt
1000 5527 1243 5583 conﬁteri
1274 5542 1485 5583 summo
1525 5527 1788 5599 pontiﬁci,
1835 5536 1941 5582 etc.
1991 5526 2161 5583 Tertii

579 5615 763 5670 dicunt
790 5617 935 5686 quod
979 5618 1177 5673 debent
1202 5618 1447 5674 conﬁteri
1491 5618 1894 5690 pmnitentiario
1922 5619 2160 5689 generali

580 5704 760 5762 domui
789 5721 959 5779 papae,
1008 5708 1134 5778 quia
1159 5710 1297 5780 gerit
1330 5725 1480 5781 papae
1505 5712 1671 5778 vices,
1698 5719 1755 5764 ut
1784 5713 2043 5781 probatur
2090 5712 2161 5769 25

2258 4539 2325 4594 de
2355 4535 2589 4591 falsitate
2619 4549 2783 4603 quam
2823 4532 3197 4595 committebat
3224 4530 3471 4601 ponendo
3501 4531 3725 4584 nomina
3750 4529 3837 4583 ab-

2254 4630 2491 4687 sentium
2536 4629 2762 4683 fratrum
2820 4628 2874 4682 in
2940 4626 3255 4699 privilegiis.
3327 4624 3593 4680 Similiter
3648 4623 3840 4693 Grego-

2258 4722 2372 4776 rius
2386 4720 2455 4774 Xl
2478 4718 2827 4790 reprehendit
2848 4717 3220 4788 patriarcham
3240 4713 3598 4779 Gradensem,
3621 4730 3689 4770 eo
3703 4710 3835 4783 quod

2256 4820 2446 4865 contra
2490 4824 2724 4865 canones
2770 4817 3027 4879 exegerat
3061 4807 3429 4877 juramentum
3478 4806 3549 4861 ab
3584 4806 3836 4876 episcopo

2255 4901 2583 4957 Castellano.
2637 4900 2713 4954 De
2736 4898 2933 4955 talibus
2956 4913 3086 4970 ergo
3124 4905 3179 4953 et
3206 4896 3580 4953 consimilibus
3606 4892 3838 4965 peccatis

2258 4994 2525 5051 confessio
2551 5001 2607 5049 et
2631 4991 2841 5062 punitio
2860 4993 2927 5045 ad
2958 4991 3215 5046 domuum
3258 5004 3454 5059 papam
3489 4989 3748 5057 pertinet.
3779 4981 3837 5038 Si

2259 5092 2439 5141 autem
2458 5092 2681 5155 peccata
2706 5090 2832 5138 sunt
2851 5081 3063 5137 occulta
3091 5088 3146 5137 et
3166 5095 3273 5135 non
3300 5079 3562 5143 enormia,
3599 5078 3676 5147 ita
3700 5072 3836 5146 quod

2258 5184 2476 5249 peracta
2513 5175 2829 5246 paenitentia
2856 5174 3027 5244 possit
3056 5175 3110 5228 in
3156 5189 3255 5229 suo
3299 5173 3491 5228 ordine
3533 5184 3833 5232 remanere,

2258 5277 2435 5339 potest
2478 5268 2580 5322 sibi
2607 5266 2809 5337 eligere
2850 5264 3237 5331 confessorem,
3284 5274 3342 5321 et
3381 5265 3689 5334 cuicunque
3729 5259 3837 5315 vult

2260 5360 2526 5424 conﬁteri,
2554 5368 2660 5414 etc.

2260 5452 2338 5507 De
2361 5452 2684 5522 confessione
2709 5450 3214 5590 archiepisfioporum
3235 5489 3249 5515 ,
3283 5458 3331 5503 et
3356 5450 3440 5503 cui
3466 5447 3686 5501 debeant
3721 5457 3834 5497 calt-

3009 5533 3128 5575 ten.

3009 5533 3128 5575 terr.

2942 5630 2973 5667 ι
2998 5628 3116 5668 can.
3144 5610 3197 5667 5.

2942 5630 2973 5667 ι
2998 5628 3058 5668 ca
3103 5651 3116 5666 .
3144 5613 3197 5667 5.

2333 5707 2585 5771 Dicturus
2611 5707 2679 5761 de
2703 5613 3046 5773 confcgione
3064 5616 3636 5774 parch)iepisct'tporum,
3672 5708 3726 5756 et
3747 5692 3831 5753 cui
