4020 6360
159 320 305 378 1095

994 387 1015 403 .
1081 323 1444 378 EXCERPTA
1482 323 1572 378 EX
1613 321 2121 380 POISNITE‘NTIAIJ
2157 325 2206 380 J.
2252 327 2341 380 DE
2378 325 2530 382 ΠΕΟ.

3273 331 3410 392 1094

158 437 396 493 debeant
440 433 703 498 conﬁteri,
751 435 924 506 primo
951 439 1186 492 occurrit
1226 439 1502 508 multiplex
1547 440 1737 494 distin-
1765 442 1811 500 Α
1839 455 1974 511 papa
2005 440 2312 512 Simplicius
2334 444 2401 497 74
2426 443 2576 508 dist.,
2603 461 2649 498 c.
2680 453 2732 498 et
2768 460 2816 500 c.
2845 445 2899 501 Si
2929 455 3106 503 autem
3134 460 3414 520 peccatum

158 529 287 591 ctio,
323 527 723 581 scilicetutrum
751 527 822 581 sit
846 527 1280 599 archiepiscopus
1300 532 1398 585 sub
1427 532 1736 599 patriarcha

158 619 509 682 constitutus,
544 617 628 671 vel
661 625 839 671 utrum
885 618 1192 674 immediate
1230 631 1436 691 spectat
1477 623 1544 676 ad
1566 622 1738 676 domi-

155 724 292 764 num
320 723 531 778 papam.
579 707 709 760 Item
753 707 794 760 si
825 716 1029 777 spectat
1055 709 1121 763 ad
1147 711 1534 779 patriarcham,
1576 719 1629 766 et
1656 724 1739 765 est

154 799 520 871 propinquus,
566 799 707 868 quod
739 799 838 868 ipsi
867 801 1056 855 debeat
1087 803 1350 868 conﬁteri,
1396 820 1516 857 cum
1558 812 1738 873 posset

156 891 280 945 sine
307 889 569 960 periculo.
603 887 736 941 Nam
761 890 850 958 qui
889 906 1051 945 sanus
1087 900 1169 945 est
1211 908 1317 946 non
1341 893 1496 946 debet
1517 901 1660 947 stare
1681 893 1735 968 in

153 987 387 1049 peccato
427 994 530 1055 una
560 979 691 1032 hora
719 979 844 1044 diei,
883 989 941 1034 ut
985 983 1240 1050 probatur
1262 981 1326 1036 de
1350 981 1502 1036 Pmn.
1527 982 1650 1037 dist.
1683 999 1732 1037 c.

154 1072 230 1125 Et
261 1073 449 1136 veniet,
486 1071 675 1144 inquit,
707 1071 932 1143 Moyses.
967 1074 1031 1127 Et
1063 1075 1192 1129 illud
1218 1075 1355 1129 idem
1384 1077 1644 1144 probatur
1671 1075 1736 1128 de

153 1165 315 1219 Parii.
349 1165 475 1219 dist.
503 1166 556 1230 5,
583 1179 631 1218 c.
655 1163 774 1217 Ille.
805 1164 916 1217 Rex
943 1164 1130 1229 David,
1164 1165 1283 1218 talis
1312 1173 1364 1218 et
1391 1172 1499 1218 tam
1524 1173 1734 1233 potens,

152 1271 264 1310 nec
299 1257 496 1325 exiguo
521 1262 790 1308 momento
810 1269 973 1324 penes
999 1271 1056 1309 se
1086 1271 1276 1324 passus
1304 1265 1389 1310 est
1413 1263 1470 1309 ut
1497 1264 1737 1309 maneret

154 1345 343 1400 delicti
392 1345 740 1408 conscientia,
789 1345 881 1398 sed
911 1355 1156 1415 prompta
1202 1345 1538 1401 confessione
1577 1356 1736 1415 atque

154 1437 356 1490 intimo
401 1436 583 1490 dolore
614 1434 843 1489 reddidit
871 1436 1097 1490 Domino
1137 1445 1414 1506 peccatum
1447 1453 1621 1492 suum.
1670 1439 1738 1492 Et

154 1523 292 1578 illud
321 1524 462 1577 idem
493 1523 749 1594 probatur
792 1525 864 1577 ita
906 1524 971 1579 de
999 1524 1175 1589 Pam,
1207 1527 1334 1580 dist.
1363 1528 1417 1590 5,
1446 1543 1491 1581 c.
1528 1526 1738 1596 Septies

155 1615 216 1669 in
246 1614 332 1669 die
357 1614 499 1667 cadit
519 1613 699 1684 justus
728 1624 783 1668 ct
810 1616 1060 1683 resurgit.
1096 1615 1200 1670 Sed
1227 1618 1269 1670 si
1295 1617 1475 1686 justus
1501 1633 1621 1671 cum
1650 1633 1737 1672 ca-

154 1705 262 1770 dit,
293 1703 802 1774 quomodojustus?
841 1703 979 1759 Justi
1010 1707 1326 1760 vocabulum
1362 1723 1465 1762 non
1505 1709 1738 1762 aduzittit

1837 540 1918 586 est
1938 533 2205 586 occultum
2229 541 2282 587 et
2307 549 2413 588 non
2436 535 2638 605 indiget
2658 534 3082 604 dispensatione,
3098 549 3418 607 potestcon—

1836 623 1978 678 ﬁteri
2007 624 2091 677 cui
2131 624 2396 690 voluerit,
2431 641 2528 693 per
2551 626 2874 681 decretalem
2915 628 3196 700 Gregorii;
3248 647 3316 687 ex
3351 633 3419 689 de

1836 714 2013 779 Pcen.,
2042 729 2089 768 e.
2125 715 2206 769 Ne
2231 733 2322 784 pro
2350 715 2620 781 dilatione,
2651 727 2704 772 et
2725 718 3021 775 Innocentii
3047 723 3191 777 tertii
3220 724 3273 779 in
3295 740 3422 780 con-

1835 805 1960 859 cilio
1989 805 2247 875 generali,
2280 821 2367 860 ex.
2401 804 2462 860 de
2491 806 2661 861 Elect.

1905 915 1982 970 De
2002 915 2322 984 confessione
2340 919 2716 996 episcoporum,
2738 923 2889 996 etcui
2911 923 3129 978 debeant
3153 926 3416 996 conﬁteri.

2452 989 2551 1058 (Ex
2579 997 2696 1058 ca‘p.
2731 990 2807 1061 6.)

1906 1074 1981 1129 De
2007 1075 2343 1131 confessione
2377 1079 2612 1149 episc0pi
2645 1080 2952 1136 ﬁrmissime
2982 1091 3188 1152 teneas,
3218 1095 3274 1140 et
3301 1087 3418 1142 nul-

1834 1154 2043 1220 latcnus
2092 1167 2323 1230 dubites,
2370 1170 2511 1237 quod
2555 1178 2834 1238 exemptus
2876 1172 3114 1242 ejusdem
3147 1173 3288 1243 juris
3315 1186 3418 1242 est,

1837 1257 1974 1310 sicut
2017 1258 2081 1311 de
2120 1257 2456 1313 confessione
2501 1262 2899 1328 metropolitani
2943 1263 3033 1331 qui
3080 1280 3186 1318 non
3237 1267 3425 1321 subest

1834 1347 2154 1413 patriarcha:
2182 1365 2194 1399 :
2234 1349 2278 1402 si
2322 1355 2497 1402 autem
2525 1365 2630 1404 non
2661 1359 2745 1404 est
2771 1361 3070 1421 exemptus,
3101 1353 3260 1411 debet
3288 1372 3420 1412 con-

1839 1437 1975 1490 ﬁteri
2008 1438 2440 1506 metropolitano,
2471 1438 2662 1492 saltem
2705 1454 2768 1492 eo
2803 1448 3043 1510 tempore
3081 1458 3187 1511 quo
3213 1446 3424 1499 venerit

1838 1528 1902 1581 ad
1929 1527 2212 1582 concilium
2245 1529 2570 1598 provinciale
2598 1530 2741 1598 quod
2769 1531 2926 1584 debet
2949 1531 3084 1597 ﬁeri,
3114 1541 3175 1586 ut
3206 1533 3267 1588 I8
3293 1534 3419 1589 dist.

1837 1617 2115 1684 probatur,
2149 1633 2197 1672 c.
2230 1627 2284 1671 et
2319 1634 2367 1672 c.
2396 1617 2453 1672 Si
2506 1629 2685 1673 autem
2722 1619 2885 1674 fuerit
2938 1622 3183 1679 inﬁrmus
3226 1625 3308 1678 vel
3339 1641 3424 1680 rc-

1839 1717 2016 1763 motus
2068 1710 2242 1775 valde,
2299 1717 2477 1779 potest
2528 1711 2770 1766 conﬁteri
2823 1715 3146 1769 necessitate
3200 1723 3425 1788 cogente

155 1796 254 1866 qui
283 1811 498 1864 semper
516 1811 613 1865 per
635 1797 1005 1864 pmnitentiam
1035 1799 1284 1868 resurgit.
1313 1799 1572 1852 Prmlatus
1595 1799 1740 1852 nullo
1777 1785 1816 1842 Β
1847 1799 2146 1868 cuicunque
2173 1799 2438 1866 voluerit;
2471 1802 2571 1855 nisi
2599 1811 2741 1856 esset
2769 1805 3034 1858 notorium
3073 1785 3298 1871 crimen,
3325 1822 3426 1861 (ιιι-ι

157 1890 326 1944 modo
340 1889 475 1944 alios
495 1887 742 1956 judicare
767 1887 946 1951 debet,
974 1888 1100 1942 dum
1132 1890 1359 1943 habetin
1389 1905 1446 1944 se
1465 1891 1580 1960 ipso
1599 1889 1742 1960 quod

158 1981 507 2044 condemnet,
535 1987 594 2033 ut
618 1979 876 2049 probatur
900 1981 954 2043 5,
981 1996 1033 2049 q.
1068 1979 1119 2042 7,
1145 1993 1192 2034 c.
1224 1981 1430 2034 Judicet
1461 1980 1563 2044 ille,
1593 1989 1647 2035 et
1689 1995 1738 2033 c.

160 2074 230 2128 In
257 2072 524 2145 gravibus,
554 2079 608 2126 et
660 2088 708 2126 c.
753 2069 1059 2125 Postulatus
1100 2070 1376 2124 Dominus.
1427 2071 1560 2126 Illud
1601 2071 1744 2126 idem

159 2162 359 2230 probat
404 2159 758 2230 Gregorius...
804 2175 858 2229 q.
908 2161 963 2225 5,
1012 2177 1060 2214 (ι.
1113 2158 1470 2230 Plerumque;
1514 2168 1568 2213 et
1613 2160 1744 2216 illud

163 2253 306 2307 idem
341 2252 535 2322 probat
563 2251 909 2322 Augustinus,
943 2251 1008 2305 de
1033 2251 1208 2316 Pam,
1238 2251 1364 2305 dist.
1395 2249 1447 2315 6,
1493 2250 1596 2316 Qui
1636 2250 1744 2304 vult

164 2345 423 2413 conﬁteri.
457 2344 570 2398 Iloc
605 2360 707 2398 non
743 2343 914 2398 solum
945 2344 1010 2397 de
1040 2343 1442 2412 archiepiscopo
1471 2343 1627 2396 debet
1657 2343 1741 2395 iii-

165 2437 336 2505 telligi
364 2477 379 2500 ,
422 2438 514 2490 sed
561 2437 624 2492 de
658 2452 979 2505 quocunque
1011 2435 1114 2489 alio
1140 2436 1363 2504 praelato
1386 2476 1399 2498 ,
1444 2435 1558 2488 sive
1589 2450 1748 2503 supe-

165 2529 296 2583 riori
325 2529 436 2582 sive
458 2529 720 2583 inferiori.
746 2527 881 2582 Nam
911 2529 1050 2582 sicut
1073 2527 1204 2582 dicit
1236 2528 1554 2583 Ambrosius
1577 2568 1592 2594 ,
1620 2543 1743 2582 cum

168 2621 233 2676 iis
273 2621 520 2690 displicet
563 2621 653 2691 qui
701 2622 769 2675 ad
815 2622 1255 2676 intercedendum
1301 2621 1571 2686 mittitur,
1622 2621 1744 2675 irati

170 2714 384 2767 animus
428 2713 493 2766 ad
549 2713 815 2767 deteriora
872 2720 1227 2782 provocatur,
1279 2721 1340 2766 ut
1387 2714 1647 2782 probatur
1685 2714 1742 2779 5,

176 2820 228 2872 q.
253 2803 308 2866 τ,
329 2819 377 2856 c.
410 2802 473 2855 In
496 2802 757 2872 gravibus.
777 2801 910 2856 Illud
933 2802 1072 2856 idem
1098 2802 1292 2872 probat
1316 2802 1607 2874 Gregorius
1636 2803 1746 2857 Ma-

177 2909 315 2964 gnus
340 2896 393 2950 in
406 2894 662 2950 Pastorali
692 2911 809 2960 suo,
828 2895 896 2950 49
925 2896 1076 2961 dist.,
1106 2912 1154 2950 c.
1189 2897 1238 2949 1.
1273 2896 1330 2951 Si
1361 2905 1536 2952 autem
1559 2908 1641 2953 est
1665 2899 1748 2952 in-

176 2985 371 3039 ﬁrmus
395 2986 850 3055 metropolitanus,
875 2994 1000 3040 tunc
1027 2986 1225 3055 poterit
1248 2987 1546 3058 cuicunque
1565 2988 1747 3044 volue-

173 3072 516 3128 rit'conﬁteri
553 3074 840 3138 sacerdoti,
889 3074 1017 3128 dum
1067 3083 1244 3128 tamen
1284 3075 1568 3130 catholico.
1615 3075 1747 3130 Pro‘

1835 1885 1926 1954 jus
1953 1889 2220 1958 correptio
2245 1898 2297 1943 et
2325 1891 2605 1961 castigatio
2639 1901 2843 1961 spectat
2871 1893 2936 1947 ad
2973 1895 3325 1963 superiorem.
3356 1896 3424 1952 Et

1842 1977 1967 2033 licet
1994 1980 2159 2034 multa
2190 1983 2298 2036 sint
2342 1981 2534 2036 delicta
2566 1999 2685 2052 qua:
2714 1985 3016 2054 episcopos,
3063 1987 3426 2058 archiepisco-

1843 2083 1941 2138 pos
1969 2077 2021 2123 et
2041 2071 2376 2139 patriarchas
2402 2071 2650 2140 majores,
2693 2083 2746 2125 et
2775 2075 3032 2143 primates
3057 2077 3294 2131 minores
3323 2077 3426 2131 du-

1845 2167 1973 2211 cunt
2015 2158 2081 2212 ad
2112 2160 2456 2230 ignominiam
2486 2169 2540 2216 et
2576 2163 2969 2229 confusionem,
3020 2174 3197 2220 tamen
3225 2183 3291 2222 ex
3322 2167 3429 2224 illis

1844 2260 2016 2316 pauca
2067 2251 2361 2304 secundum
2417 2253 2794 2306 auctoritatem
2841 2263 3154 2309 sanctorum
3205 2255 3426 2311 Patrum

1843 2341 1942 2396 sub
1971 2342 2118 2395 brevi
2149 2343 2287 2413 stle
2315 2343 2380 2397 ad
2409 2345 2722 2399 memoriam
2749 2345 3162 2414 restringamus,
3191 2355 3251 2401 ut
3282 2362 3425 2416 pra:-

1843 2439 2023 2484 sentes
2067 2431 2404 2499 corrigantur
2446 2432 2536 2502 qui
2589 2433 2643 2488 in
2681 2436 3132 2506 subsequentibus
3179 2438 3422 2509 delique-

1845 2529 1968 2574 runt
1998 2538 2010 2571 :
2036 2529 2090 2574 et
2115 2519 2280 2576 futuri
2299 2513 2412 2590 jam
2443 2523 2586 2578 cauti
2615 2531 2670 2581 et
2695 2524 2945 2582 instructi
2973 2528 3198 2584 timeant
3225 2528 3426 2587 similia

1841 2622 2179 2684 perpetrare.

1915 2704 2156 2758 Primum
2186 2713 2290 2770 est,
2337 2706 2481 2774 quod
2520 2703 2805 2761 conferunt
2847 2704 3106 2763 beneﬁcia
3137 2702 3430 2764 indiscrete

1844 2795 2275 2866 consanguineis,
2305 2796 2507 2852 carnali
2532 2812 2716 2853 amore
2740 2798 2886 2853 ducti
2916 2798 2984 2853 ad
3015 2798 3140 2852 talia
3169 2797 3428 2854 beneﬁcia

1843 2887 2148 2955 praebenda,
2179 2895 2240 2941 ut
2265 2887 2458 2958 probat
2489 2886 2831 2942 Innocentius
2857 2889 2912 2943 in
2938 2903 3026 2943 ex.
3069 2887 3137 2942 Ut
3187 2888 3430 2944 ecclesia-

1843 2977 1973 3030 stica
2000 2977 2267 3046 beneﬁcia,
2298 2993 2348 3033 c.
2384 2976 2453 3032 Ut
2480 2987 2724 3033 vestrum.

1918 3064 2225 3122 Secundum
2251 3074 2353 3133 est,
2382 3067 2527 3136 quod
2550 3067 2839 3122 indiscrete
2867 3067 3120 3124 ordinant
3159 3068 3432 3124 indoctum

169 3163 332 3219 batur
353 3163 441 3229 26,
482 3181 536 3235 q.
563 3127 621 3229 ‘6,
653 3127 799 3219 c.VSi
827 3127 1743 3235 presbyter,etde-Pmii.,dist._6,
1771 3127 1819 3193 ε
1851 3155 1907 3209 in
1935 3155 2054 3210 loco
2079 3155 2222 3211 docti
2249 3127 2350 3225 qui
2366 3127 2530 3210 unum
2561 3157 2748 3226 pedem
2780 3157 2831 3211 in
2877 3158 3161 3213 mundanis
3186 3166 3350 3225 tenet,
3377 3165 3435 3214 et

172 3253 276 3320 Qui
305 3253 407 3308 vult
434 3255 690 3323 conﬁteri.
723 3254 779 3308 Si
807 3265 984 3308 autem
1007 3263 1089 3310 est
1119 3265 1356 3310 remotus
1382 3256 1750 3326 metrbpolita-

172 3359 274 3397 nus
300 3358 330 3396 a
353 3343 606 3413 primate,
654 3345 706 3398 iu
737 3359 800 3398 eo
829 3360 956 3399 casu
985 3342 1279 3415 distingue,
1328 3352 1510 3399 utrum
1543 3347 1748 3399 crimen

173 3436 242 3488 sit
269 3435 539 3490 notorium
562 3436 645 3490 vel
668 3437 934 3492 occultum
960 3453 974 3490 :
1007 3437 1052 3492 si
1081 3437 1348 3493 notorium
1371 3447 1473 3501 est,
1513 3439 1749 3507 patriar-

173 3528 289 3581 chae
318 3528 480 3582 debet
503 3527 768 3592 conﬁteri,
799 3536 852 3581 et
878 3528 945 3581 ab
971 3526 1061 3582 illo
1099 3527 1375 3596 castigari,
1407 3539 1466 3581 ut
1493 3529 1752 3598 probatur

171 3621 229 3683 5,
257 3635 310 3689 q.
341 3619 413 3684 5;
465 3620 510 3673 si
540 3627 717 3673 autem
764 3619 970 3673 crimen
1000 3627 1081 3673 est
1116 3618 1409 3684 occultum,
1440 3619 1617 3674 adhuc
1642 3620 1752 3674 dis-

176 3713 362 3780 tingue
387 3717 566 3764 utrum
601 3711 671 3764 sit
698 3725 918 3764 enorme
941 3709 1024 3764 vel
1052 3726 1176 3763 non.
1204 3709 1261 3762 Si
1287 3719 1465 3765 autem
1490 3720 1573 3764 est
1600 3727 1756 3766 enor.

174 3820 285 3867 me,
324 3804 448 3872 quia
483 3803 684 3872 indiget
721 3803 1143 3872 dispensatione,
1185 3802 1343 3856 debet
1371 3803 1612 3858 conﬁteri
1661 3820 1754 3874 pa—

174 3897 430 3950 triareba:
458 3895 541 3950 vel
577 3911 786 3950 summo
814 3894 1085 3964 pontiﬁci,
1135 3909 1256 3948 cum
1291 3909 1397 3947 non
1420 3895 1590 3964 possit
1619 3894 1756 3949 alius

173 3987 510 4058 dispensare,
548 3993 606 4041 ut
635 3987 894 4056 probatur
918 3986 1007 4050 2|,
1041 3985 1270 4053 Inferior
1292 3986 1456 4039 sedes.
1490 3985 1548 4039 Si
1576 3994 1756 4038 autem

176 4095 287 4133 non
332 4079 530 4148 indiget
577 4077 1007 4147 dispensatione,
1054 4084 1232 4145 potest
1260 4075 1504 4130 conﬁteri
1538 4075 1759 4130 cuicun-

176 4183 287 4237 que
333 4167 602 4232 voluerit;
650 4167 774 4221 dum
810 4174 989 4219 tamen
1039 4166 1108 4220 sit
1147 4164 1446 4220 catholicus
1485 4163 1755 4218 sacerdos.

174 4259 339 4314 Juxta
372 4259 515 4313 illam
542 4260 743 4315 decret.
781 4261 846 4314 de
871 4258 1023 4312 Poen.
1067 4266 1122 4311 et
1161 4257 1371 4311 remiss.
1397 4273 1445 4311 c.
1473 4264 1596 4311 etc.
1626 4256 1758 4310 Item

177 4354 228 4408 si
263 4361 473 4422 spectat
502 4350 807 4406 immediate
833 4351 900 4404 ad
933 4349 1207 4405 dominum
1235 4363 1432 4417 papam
1482 4355 1536 4401 et
1562 4355 1644 4400 est
1675 4347 1757 4400 vi-

176 4445 363 4508 cinus,
402 4443 488 4497 vel
514 4443 654 4497 intra
702 4441 926 4504 Italiam,
977 4440 1032 4493 in
1075 4439 1328 4502 sanitate,
1383 4437 1456 4492 illi
1484 4437 1758 4492 debuisset

1851 3246 2015 3300 alium
2037 3245 2092 3299 in
2117 3245 2516 3311 ecclesiasticis,
2547 3255 2732 3301 contra
2755 3253 2924 3316 legem
2947 3247 3199 3313 divinam,
3229 3257 3288 3303 ut
3309 3264 3434 3319 pro-

1851 3336 1945 3390 bat
1975 3334 2042 3388 le.
2076 3335 2145 3390 48
2177 3334 2328 3398 dist.,
2362 3350 2410 3389 c.
2443 3335 2540 3388 ult.

1923 3426 2165 3480 Tertium
2197 3434 2300 3490 est,
2354 3425 2568 3494 quando
2605 3433 2799 3496 rogant
2843 3441 2942 3496 pro
2987 3426 3218 3498 indignis
3260 3428 3435 3484 sciena

1854 3524 1954 3582 ter,
1979 3525 2082 3572 etc.

1923 3608 2184 3675 Quartum
2213 3614 2316 3672 est,
2355 3596 2569 3678 quando
2610 3607 2860 3662 ordinant
2897 3608 3139 3679 bigamos
3167 3619 3222 3664 et
3248 3610 3432 3665 illitte-

1853 3709 2002 3756 ratos
2033 3710 2087 3755 et
2122 3716 2349 3771 corpore
2386 3701 2604 3754 vitiatas
2641 3708 2826 3754 contra
2872 3701 3194 3756 sententiam
3235 3701 3436 3758 Gelasii

1853 3811 2025 3866 papae,
2057 3795 2125 3849 50
2156 3794 2306 3859 dist.,
2339 3809 2388 3848 c.
2421 3792 2545 3846 Non
2572 3792 2824 3860 conﬁdat.

1924 3885 2180 3951 Quintum
2227 3892 2328 3949 est,
2380 3881 2523 3952 quod
2564 3881 2814 3936 ordinant
2863 3882 3026 3936 curiae
3074 3882 3338 3954 obligatos
3385 3893 3440 3940 et

1849 3975 2178 4045 joculatores
2223 3983 2277 4028 et
2306 3974 2593 4028 advocatos
2628 3973 2679 4026 in
2708 3987 2868 4026 causa
2918 3973 3212 4041 sanguinis,
3250 3983 3441 4029 contra

1856 4056 2176 4121 sententiam
2210 4064 2267 4119 S.
2300 4064 2614 4127 Innocentii,
2644 4063 2707 4116 51
2748 4064 2896 4127 dist.,
2922 4080 2971 4118 c.
3004 4064 3334 4136 Aliquantos.

1930 4159 2152 4213 Sextum
2188 4167 2289 4221 est,
2322 4155 2463 4225 quod
2492 4156 2744 4210 ordinant
2794 4171 2979 4210 servos
3021 4165 3076 4209 et
3104 4158 3437 4227 origenarios

1856 4267 1963 4306 non
1991 4249 2372 4313 manumissos,
2403 4255 2591 4302 contra
2618 4247 2936 4300 sententiam
2959 4245 3153 4300 Gelasii
3177 4262 3346 4315 papae,
3373 4247 3444 4300 54

1857 4344 1982 4399 dist.
2014 4340 2282 4412 Frequens
2311 4347 2432 4393 etc.
2473 4338 2558 4391 Ea:
2587 4338 2835 4409 antiquis,
2863 4347 2982 4392 etc.
3017 4336 3258 4398 General.
3287 4340 3354 4394 Et
3375 4340 3442 4395 11-

1861 4435 1949 4487 lud
1993 4433 2131 4486 idem
2159 4431 2350 4500 probat
2379 4428 2665 4483 concilium
2709 4428 3047 4492 Arelatense,
3078 4428 3167 4482 ubi
3196 4429 3262 4482 de
3289 4430 3442 4500 biga-

175 4533 451 4598 conﬁteri,
497 4547 618 4586 cum
647 4537 859 4601 Oportet
890 4544 1014 4583 eum
1042 4544 1105 4583 cx
1132 4527 1474 4588 necessitate,
1505 4526 1671 4580 semel
1702 4526 1755 4579 in
1792 4493 1838 4553 D
1862 4525 1964 4579 mis
1991 4531 2045 4577 et
2091 4523 2157 4576 de
2197 4519 2583 4591 paenitentibus
2620 4517 2948 4582 solemniter,
2997 4525 3051 4571 et
3080 4519 3144 4571 de
3188 4517 3307 4573 aliis
3349 4533 3444 4573 or-

176 4643 328 4682 anno
357 4624 652 4679 Romanam
683 4622 976 4677 Ecclesiam
1021 4621 1263 4684 visitare,
1315 4627 1374 4672 ut
1403 4619 1661 4688 probatur
1687 4619 1756 4673 25

177 4721 336 4782 dist.,
367 4733 415 4772 c.
447 4725 500 4771 et
524 4732 570 4772 c.
606 4714 662 4770 Si
692 4725 871 4768 autem
901 4722 984 4768 est
1019 4711 1285 4775 inﬁrmus,
1313 4720 1493 4780 potest
1513 4709 1758 4764 conﬁteri

175 4812 485 4880 cuicunque
513 4807 755 4871 voluerit,
806 4806 929 4859 dum
957 4813 1132 4857 tamen
1161 4803 1231 4857 sit
1261 4800 1553 4856 catholicus
1579 4817 1760 4856 sacer-

177 4906 282 4961 dos
315 4920 328 4956 :
360 4916 426 4956 ne
451 4899 836 4955 interveniente
879 4897 1154 4966 paululum
1179 4909 1332 4949 mora
1376 4893 1605 4948 inveniri
1649 4909 1757 4947 non

175 4995 355 5068 possit
394 4993 484 5063 qui
512 4991 826 5047 redimatur.
855 4988 1123 5043 Probatur
1146 4987 1178 5040 5
1207 4986 1363 5050 dist.,
1387 5001 1436 5039 c.
1470 4984 1760 5055 Baptizari.

177 5089 319 5144 Illud
346 5087 484 5142 idem
511 5086 703 5156 probat
726 5083 834 5137 Leo
857 5098 990 5152 papa
1012 5081 1076 5135 de
1106 5077 1281 5144 Poen.,
1305 5077 1455 5142 dist.,
1484 5093 1532 5131 c.
1558 5077 1610 5141 1,
1633 5074 1686 5127 Μ
1693 5073 1770 5128 ul—

177 5183 385 5255 tiplex;
414 5179 503 5242 26,
536 5194 590 5248 q.
637 5177 688 5240 6,
745 5194 793 5232 c.
839 5175 941 5239 Qui
987 5173 1254 5236 recedunt,
1295 5179 1348 5226 et
1396 5187 1445 5225 c.
1484 5169 1541 5224 Is
1583 5170 1672 5240 qui
1712 5168 1766 5221 in

177 5287 432 5344 tempore.
491 5270 547 5326 Si
596 5278 775 5325 autem
820 5275 904 5322 est
948 5274 1186 5320 remotus
1232 5265 1370 5317 ultra
1424 5261 1632 5316 Italiam
1682 5258 1767 5312 vel

177 5379 429 5431 enorme,
461 5364 678 5418 domino
707 5377 857 5432 papae
887 5361 1044 5415 debet
1083 5357 1346 5420 conﬁteri,
1376 5367 1430 5410 et
1459 5356 1525 5410 ab
1553 5355 1644 5408 illo
1673 5367 1764 5406 ca-

179 5460 400 5532 stigari,
447 5467 505 5513 ut
548 5458 739 5527 probat
775 5454 1114 5508 Innocentius
1156 5467 1292 5522 papa
1331 5452 1386 5515 9,
1427 5447 1567 5519 (1.2,
1600 5462 1648 5500 c.
1703 5443 1762 5498 Si

181 5562 364 5606 autem
391 5550 600 5621 aliquis.
652 5549 714 5601 Et
759 5548 885 5600 illud
927 5547 1066 5600 idem
1106 5545 1300 5614 probat
1342 5539 1652 5609 Gregorius,
1698 5535 1765 5588 74

182 5644 314 5698 dist.
344 5658 392 5696 c.
434 5641 754 5704 "oneratur,
786 5647 838 5694 ct
862 5639 912 5701 9.,
948 5655 1000 5707 q.
1034 5637 1086 5700 5,
1122 5635 1326 5701 Quanto
1368 5643 1414 5686 et
1457 5648 1531 5697 se,
1563 5647 1663 5701 qua
1703 5627 1766 5680 de

183 5751 396 5800 causa;
444 5734 510 5788 43
553 5734 699 5798 dist.,
743 5749 790 5786 e.
825 5731 1185 5786 Sulomitumr.
1230 5725 1359 5779 Illud
1408 5724 1545 5777 idem
1578 5720 1766 5792 probat

1863 4613 2060 4669 diuatis
2113 4612 2204 4682 qui
2262 4626 2369 4665 non
2413 4609 2609 4664 debent
2653 4607 2982 4677 promoveri.
3050 4606 3317 4662 Probatur
3375 4607 3439 4662 51

1864 4707 2012 4771 dist.,
2050 4721 2101 4759 c.
2137 4704 2188 4756 -l.

1934 4795 2230 4864 Septimum
2261 4798 2359 4852 est,
2413 4787 2552 4857 quod
2597 4794 2945 4856 promoveant
2985 4785 3344 4842 dmmoniacos
3389 4796 3448 4842 et

1864 4884 2191 4956 epilepticos,
2221 4887 2406 4934 contra
2439 4875 2758 4930 sententiam
2785 4872 2980 4928 Gelasii
3012 4888 3180 4943 papre,
3209 4875 3278 4929 25
3317 4876 3443 4931 dist.

1871 4976 2042 5047 Usque
2078 4974 2230 5037 adeo,
2254 4979 2309 5025 et
2337 4977 2523 5024 contra
2567 4966 2888 5021 sententiam
2919 4963 3183 5036 Gregorii,
3211 4967 3361 5034 dist.,
3391 4981 3443 5022 c.

1868 5069 2140 5123 Maritum.

1937 5158 2197 5213 Octavum
2230 5162 2333 5219 est,
2371 5151 2512 5223 quod
2560 5156 2879 5220 promovent
2922 5147 3060 5202 ﬁlios
3105 5144 3448 5219 presbytero-

1868 5268 2009 5316 rum,
2041 5257 2096 5304 et
2123 5248 2256 5303 alios
2277 5262 2385 5300 non
2413 5243 2648 5314 legitime
2678 5248 2854 5304 natos,
2897 5247 3084 5293 contra
3124 5239 3448 5293 sententiam

1871 5340 2073 5399 Urbani
2098 5354 2269 5411 papae,
2301 5337 2369 5391 56
2396 5336 2546 5399 dist.,
2572 5349 2621 5388 c.
2658 5332 2682 5385 1

1939 5433 2150 5490 Nonum
2179 5437 2281 5492 est,
2305 5425 2444 5497 quod
2470 5424 2688 5479 trahunt
2716 5419 2993 5490 religiosos
3019 5419 3084 5472 de
3105 5417 3450 5472 monasteriis

1873 5534 2060 5584 contra
2089 5521 2420 5577 voluntatem
2457 5516 2711 5571 abbatum
2741 5526 2980 5573 suorum,
3015 5518 3073 5563 ut
3099 5509 3358 5577 probatur
3376 5505 3446 5560 58

1872 5621 2023 5681 dist.,
2063 5633 2112 5672 c.
2143 5616 2194 5684 1,
2223 5619 2277 5668 et
2301 5611 2358 5676 2,
2389 5618 2443 5664 et
2478 5605 2566 5673 18,
2591 5621 2646 5676 q.
2673 5604 2726 5668 2,
2759 5601 2925 5668 Quam
2967 5602 3054 5665 sit,
3081 5607 3136 5652 et
3170 5612 3217 5650 c.
3261 5595 3442 5650 Lumi-

1880 5730 2025 5768 11080.
