4020 6360
678 261 818 321 1095

1594 255 1959 335 EXCERPTA
1999 254 2091 310 EX
2129 252 2643 312 PCENITENTIALI
2670 255 2722 313 ,ιι
2761 258 2850 314 DE
2888 254 3024 312 DEO

3694 269 3791 332 l096

744 371 1022 427 Decimum
1041 375 1144 434 est,
1165 366 1308 439 quod
1331 374 1645 438 promovent
1665 366 1861 421 multos
1879 365 2122 430 clericos,
2153 364 2245 419 ubi
2274 367 2326 425 Α
2347 364 2506 420 batur
2532 365 2600 420 80
2626 366 2779 432 dist.,
2804 382 2853 422 c.
2906 354 3173 420 Perlatum
3198 374 3290 433 est,
3317 375 3366 424 et
3399 384 3443 425 ε.
3466 371 3702 448 Episcopu
3722 386 3794 439 ιιί.

674 469 757 519 est
786 458 1086 516 sollicitudo
1106 457 1364 512 laicorum
1387 471 1402 509 :
1431 463 1484 510 et
1507 472 1629 510 cum
1653 471 1756 510 non
1778 464 1999 525 possunt
2019 456 2098 509 eis
2119 457 2248 511 dare

673 552 954 613 beneficia,
980 551 1108 605 dant
1136 549 1217 604 eis
1238 547 1451 602 ordines
1475 554 1658 601 contra
1689 546 2003 600 sententiam
2045 534 2248 601 Urbani

674 641 744 697 58
774 641 924 705 dist.,
964 638 1022 693 Si
1050 638 1214 708 oﬁ'icia
1242 634 1536 698 sa'cularia,
1588 636 1677 690 ubi
1712 636 1907 690 dicitur
1929 638 2072 705 quod
2117 636 2248 690 latio

675 732 921 788 ordinum
949 743 1157 798 semper
1184 727 1340 781 debet
1363 739 1481 781 esse
1508 726 1723 781 discreti
1758 724 1967 796 judicii,
1998 727 2123 796 quia
2162 742 2249 780 ra-

677 839 796 878 rum
832 829 914 876 est
938 834 1095 875 omne
1118 818 1261 888 quod
1291 833 1542 888 magnum
1574 827 1675 873 est.

747 911 1099 968 Undecimum
1126 918 1230 973 est,
1259 909 1401 978 quod
1449 907 1548 979 ipsi
1592 909 1826 978 episcopi
1863 915 2245 977 promoventur

675 1004 961 1061 indiscrete
992 1017 1056 1055 ex
1084 1001 1254 1063 laieis,
1283 1000 1407 1068 quia
1428 1000 1531 1054 hoc
1557 1014 1676 1054 esse
1702 1014 1808 1053 non
1842 1000 2017 1063 debet,
2045 1008 2105 1054 ut
2123 1014 2248 1069 pro-

672 1096 805 1151 bant
836 1092 1007 1148 sancti
1031 1085 1221 1145 Patres
1248 1090 1314 1144 58
1335 1090 1482 1154 dist.,
1507 1105 1555 1144 c.
1582 1087 1695 1143 Iloc
1716 1090 1784 1142 ad
1804 1106 1919 1153 nos,
1946 1098 2001 1143 et
2020 1105 2068 1144 c.
2090 1089 2247 1144 Ordi-

672 1193 864 1247 natos;
894 1182 982 1237 ubi
1009 1182 1137 1236 dicit
1184 1197 1320 1252 papa
1353 1181 1672 1236 Caelestinus
1710 1182 1852 1249 quod
1886 1181 2081 1236 debent
2123 1189 2247 1236 ante

668 1287 790 1328 esse
818 1268 1059 1341 discipuli
1085 1287 1243 1340 quam
1274 1269 1535 1340 magistri,
1569 1269 1744 1323 omnis
1780 1269 1922 1323 enim
1947 1270 2068 1324 vitm
2095 1269 2247 1324 insti-

671 1361 809 1416 tutio
842 1360 910 1415 ad
936 1358 988 1414 id
1010 1360 1152 1429 quod
1177 1359 1403 1414 intendit
1430 1374 1487 1413 se
1517 1357 1785 1413 informat.

741 1446 1126 1505 Duodecimum
1174 1458 1277 1513 est,
1322 1446 1464 1517 quod
1509 1457 1826 1517 promovent
1869 1448 2093 1504 clericos
2129 1448 2245 1503 sine

670 1540 849 1607 titulo,
878 1546 1062 1595 contra
1093 1538 1376 1594 concilium
1417 1535 1871 1604 Chalcedonense,
1900 1546 1962 1591 ut
1988 1540 2247 1607 probatur

672 1631 741 1687 70
760 1632 902 1696 dist.,
935 1645 984 1686 c.
1018 1629 1313 1695 Neminem,
1341 1640 1397 1683 et
1415 1645 1465 1684 ε.
1495 1628 1827 1685 Sanctorum.
1855 1630 1924 1685 Et
1946 1630 2077 1686 illud
2100 1632 2241 1687 idem

669 1726 931 1796 probatur
954 1739 1039 1779 ex.
1070 1722 1137 1777 de
1162 1723 1487 1786 Pmebendis,
1511 1738 1561 1777 c.
1588 1722 1766 1793 Episc.

738 1814 1016 1869 Decimum
1044 1814 1262 1868 tertium
1287 1821 1389 1879 est,
1419 1814 1559 1882 quod
1584 1814 1849 1883 recipiunt
1872 1813 2098 1870 clericos
2119 1815 2247 1869 alie-

671 1920 772 1960 nos
795 1905 912 1960 sine
937 1904 1132 1959 litteris
1179 1904 1563 1959 demissoribus
1602 1919 1821 1959 suorum
1850 1906 2244 1974 episcoporum,

669 2001 732 2048 ut
755 1994 1016 2064 probatur
1040 1992 1098 2047 7i
1135 1994 1282 2059 dist.,
1315 2006 1365 2048 ε.
1396 1988 1558 2057 Illud,
1590 2000 1711 2048 etc.
1743 1993 1804 2049 Si
1834 1997 1969 2066 quis,
1998 2005 2122 2052 etc.
2170 1996 2248 2051 De

672 2083 866 2150 aliena,
894 2091 1016 2139 etc.
1047 2079 1294 2138 Clericos.
1324 2078 1456 2140 lllud
1478 2078 1615 2157 idem
1643 2087 1901 2155 probatur
1924 2102 2009 2141 ex.
2035 2088 2100 2142 de
2124 2086 2245 2142 Cle-

586 2220 589 2223 .
671 2171 800 2228 ricis
822 2172 1141 2245 peregrinis,
1172 2182 1227 2228 et
1252 2173 1306 2238 7,
1333 2189 1386 2243 q.
1414 2175 1467 2241 l,
1492 2191 1543 2229 c.
1573 2170 1699 2229 Non
1727 2185 1941 2242 Oportet,
1967 2185 2021 2231 et
2037 2191 2087 2229 e.
2118 2175 2248 2230 Pla-

670 2265 796 2318 cuit.
828 2262 960 2319 Illud
989 2260 1127 2320 idem
1154 2262 1223 2320 28
1248 2265 1396 2329 dist.,
1433 2279 1481 2320 ε.
1513 2266 1564 2320 1.

741 2355 1018 2411 Decimum
1059 2364 1307 2426 quartum
1356 2364 1459 2421 est,
1488 2356 1629 2426 quod
1678 2357 1955 2428 negligunt
2000 2357 2248 2429 proprios

673 2446 918 2511 clericos,
949 2453 1004 2500 et
1045 2447 1324 2502 dimittunt
1346 2462 1439 2502 eos
1466 2448 1622 2517 quasi
1668 2463 1796 2502 oves
1824 2455 2088 2511 errantes,
2119 2464 2248 2504 con-

673 2540 757 2592 tra
785 2536 1102 2592 sententiam
1132 2530 1327 2593 Leonis
1351 2552 1519 2607 papaz,
1545 2545 1607 2592 ut
1635 2532 1890 2608 probatur
1916 2536 1983 2591 77
2013 2539 2161 2605 dist.,
2193 2554 2242 2595 c.

668 2624 982 2697 Episcopus.
1322 2686 1337 2697 I
1814 2658 1817 2659 ν

741 2717 1018 2772 Decimum
1045 2718 1292 2789 quintum
1320 2724 1425 2786 est,
1453 2720 1595 2790 quod
1633 2728 1945 2793 promovent
1987 2722 2247 2793 quosdam

667 2806 867 2863 invitos
888 2809 1003 2864 sine
1028 2810 1205 2879 aliqua
1236 2812 1574 2878 necessitate,
1603 2814 1695 2869 sed
1738 2814 1849 2869 sola
1873 2830 2033 2870 causa
2068 2816 2247 2885 ingra-

668 2898 933 2964 titudinis,
960 2909 1147 2954 contra
1186 2903 1534 2957 auctoritates
1566 2912 1874 2960 sanctorum
1905 2905 2144 2972 Patrum,
2188 2915 2246 2960 ut

667 2988 928 3058 probatur
955 2989 1023 3044 74
1049 2990 1197 3057 dist.,
1226 3007 1274 3046 c.
1303 2991 1607 3063 Episcopus,
1638 3004 1762 3049 etc.
1784 2994 1957 3059 Gesta,
1990 2998 2079 3052 ubi
2107 2997 2240 3052 diei-

671 3083 762 3132 tur
788 3077 931 3147 quod
959 3080 1139 3135 nullus
1164 3082 1504 3151 compellitur
1530 3099 1773 3139 crescere
1799 3086 2017 3142 invitus.

742 3170 1020 3225 Decimum
1044 3172 1251 3229 sextum
1278 3182 1378 3237 est,
1424 3176 1563 3244 quod
1590 3185 1906 3246 promovent
1950 3177 2158 3250 aliquos
2195 3179 2249 3233 in

669 3260 842 3316 sacris
866 3271 1019 3317 extra
1050 3271 1292 3334 tempora
1320 3264 1388 3318 ad
1427 3265 1530 3320 hoc
1558 3266 1831 3338 deputata,
1858 3277 2047 3324 contra
2072 3279 2251 3327 aucto-

669 3351 887 3406 ritatem
934 3363 1246 3410 sanctorum
1276 3355 1517 3423 Patrum,
1556 3366 1617 3413 ut
1658 3359 1916 3429 probatur
1946 3361 2013 3415 75
2038 3362 2165 3429 dist,
2195 3379 2245 3418 c.

672 3437 1058 3510 Ordinationes,
1088 3453 1213 3500 etc.
1262 3444 1399 3511 Quia
1427 3448 1684 3517 patribus,
1716 3457 1767 3504 et
1806 3449 1991 3506 eadem
2018 3453 2165 3518 dist.,
2196 3468 2245 3508 ε.

667 3531 793 3598 ιιΙι.,
819 3541 873 3587 ει
895 3549 980 3588 ex.
1014 3535 1080 3590 de
1106 3531 1391 3605 Tempore,
1421 3545 1526 3592 etc.

739 3621 1012 3679 Decimum
1061 3626 1348 3694 septimum
1394 3637 1499 3692 est,
1531 3629 1670 3698 quod
1715 3628 1998 3686 conferunt
2032 3633 2252 3690 ordines

670 3728 856 3769 sacros
887 3715 1184 3771 minoribus
1210 3717 1263 3771 in
1312 3726 1468 3773 astate
1498 3720 1754 3790 legitima,
1784 3723 1852 3777 ad
1893 3724 1997 3779 hoc
2024 3725 2246 3795 indigni,

670 3819 779 3859 non
808 3807 1037 3860 servatis
1079 3807 1381 3863 interstitiis
1409 3817 1729 3880 temporum,
1776 3818 1963 3868 contra
2010 3817 2249 3871 auctori-

669 3903 834 3950 tatem
863 3904 1188 3963 sanctorum,
1221 3907 1279 3953 ut
1309 3901 1567 3969 probatur
1587 3903 1655 3957 77
1681 3904 1804 3959 ἀίει.
1835 3920 1933 3975 per
1962 3913 2154 3973 totum,
2195 3918 2251 3964 et

671 3984 740 4043 78
766 3988 891 4043 dist.
922 4005 1019 4059 per
1048 3998 1238 4045 totum.

741 4078 1016 4135 Decimum
1060 4090 1307 4138 octavum
1337 4092 1439 4149 est,
1470 4086 1612 4155 quod
1643 4089 1908 4145 sustinent
1944 4090 2170 4149 clericos
2195 4094 2248 4149 in

670 4182 767 4224 sua
805 4167 1030 4236 malitia,
1071 4187 1299 4242 quorum
1327 4175 1584 4245 obsequio
1629 4178 1867 4245 delibuti,
1899 4192 1956 4237 ut
1991 4184 2250 4253 probatur

672 4254 741 4314 73
766 4257 917 4325 dist.,
941 4256 998 4315 Si
1025 4262 1139 4316 auis
1161 4263 1450 4334 episcopus,
1479 4275 1601 4321 etc.
1634 4266 1823 4335 Error,
1850 4279 1975 4326 etc.
2014 4270 2246 4328 Consen-

670 4347 786 4403 tire.
980 4348 991 4359 “

740 4439 1018 4497 Decimum
1042 4459 1239 4499 nonum
1291 4452 1394 4511 est,
1424 4440 1566 4515 quod
1593 4455 1717 4502 sunt
1745 4446 1954 4505 desudes
1991 4461 2047 4506 et
2070 4453 2242 4524 negli-

669 4538 854 4599 gentes
877 4539 933 4587 et
954 4531 1073 4601 plus
1099 4530 1372 4588 adhaerent
1397 4534 1633 4591 consiliis
1661 4532 1917 4592 laioorum
1944 4555 2103 4610 quam
2138 4543 2246 4600 cle-

672 4618 930 4685 ricorum,
961 4629 1020 4675 ut
1047 4623 1306 4690 probatur
1337 4625 1407 4679 85
1431 4624 1579 4689 dist.,
1625 4641 1674 4680 c.
1718 4625 1861 4682 Nihil
1903 4638 2116 4699 pastore
2143 4637 2244 4690 mi-

672 4709 864 4774 serius,
892 4709 984 4778 qui
1009 4710 1254 4780 luporum
1287 4712 1549 4782 gloriatur
1575 4714 1839 4773 laudibus.

745 4795 1074 4870 Vigesimum
1101 4808 1203 4867 est,
1230 4802 1373 4870 quod
1411 4802 1600 4860 nolunt
1632 4808 1761 4863 dare
1788 4813 2111 4882 pauperibus
2137 4834 2149 4870 ε
2191 4824 2246 4873 ει

671 4898 894 4957 prepter
919 4888 1023 4946 hoc
1061 4888 1115 4945 in
1140 4907 1367 4949 vacuum
1413 4894 1705 4966 important
1750 4917 1943 4959 nomen
1986 4906 2246 4980 episcopi,

673 4984 734 5030 ut
759 4976 828 5031 26
854 4979 979 5034 dist.
1003 4978 1268 5048 Fratrem,
1298 4994 1423 5041 etc.
1453 4986 1576 5042 Non
1599 4991 1727 5045 satis
1747 5002 1821 5046 est
1852 4994 1976 5049 bene
1991 4996 2134 5051 velle.

745 5069 1072 5140 Vigesimum
1097 5071 1326 5143 primum
1370 5087 1475 5144 est,
1519 5082 1662 5150 quod
1699 5080 2032 5156 negligenter
2068 5089 2251 5146 defen-

675 5157 808 5213 dunt
856 5173 1112 5228 personas
1157 5164 1488 5225 miserabiles
1539 5180 1841 5240 spectantes
1887 5177 1953 5232 ad
1996 5176 2249 5237 Ecclesia:

675 5245 876 5312 forum,
908 5248 1113 5306 scilicet
1137 5250 1386 5323 pupillos,
1408 5258 1597 5315 viduas
1629 5270 1685 5315 et
1702 5264 1995 5331 orphanos,
2025 5260 2248 5324 libertos
2336 5266 2341 5267 7

674 5345 731 5392 et
754 5338 1045 5408 expositos,
1075 5351 1263 5399 contra
1293 5349 1669 5406 auctoritatem
1707 5352 1908 5417 Gelasii
1935 5362 1991 5410 et
2018 5356 2245 5413 aliorum

676 5437 1005 5495 sanctorum,
1036 5439 1094 5487 ut
1122 5435 1381 5504 probatur
1406 5432 1474 5494 87
1503 5438 1628 5522 dist.
1660 5457 1759 5511 per
1786 5449 1976 5500 totum.

750 5523 1069 5593 Vigesimum
1107 5529 1399 5584 secundum
1435 5540 1537 5597 est,
1563 5534 1706 5602 quod
1743 5534 2045 5592 immiscent
2072 5553 2130 5593 se
2150 5553 2245 5593 ne-

677 5612 835 5678 gutiis
854 5617 1222 5685 szccularibus,
1239 5636 1357 5691 qua:
1383 5622 1451 5677 ad
1477 5637 1572 5679 eos
1599 5640 1701 5678 non
1718 5628 2008 5696 pertinent,
2031 5634 2089 5682 ut
2116 5644 2239 5699 pro-

2271 3056 2322 3122 (Ξ

2346 458 2562 524 tionem,
2587 467 2641 513 et
2663 475 2711 515 ε.
2742 458 2987 543 Episcopi
3012 457 3205 512 nullast
3233 461 3302 513 rei
3326 461 3573 530 familiaris
3595 486 3729 526 curam
3745 478 3792 531 ad

2344 560 2400 599 se
2424 557 2733 615 provocent;
2760 547 2850 601 sed
2870 546 3096 610 lectioni,
3119 555 3166 600 et
3203 550 3430 616 orationi,
3450 561 3491 606 et
3509 556 3630 610 verba
3657 564 3793 629 pretii.

2346 637 2564 690 cationis
2589 637 2949 691 tantummodo
2978 646 3173 693 vacent.

2417 722 2749 795 Vigesimum
2787 727 2999 781 tertium
3027 734 3129 793 est,
3156 728 3290 797 quod
3319 730 3569 789 conferunt
3599 738 3794 808 plurase-

2346 812 2648 870 clesiastica
2701 811 2961 871 beneﬁcia
3001 818 3113 883 uni,
3159 827 3337 874 contra
3364 826 3676 883 auctoritatem
3702 832 3794 901 Apo-

2347 906 2470 960 stoli
2497 915 2551 960 et
2574 906 2842 977 Gregorii,
2869 910 2938 965 88
2966 906 3119 975 dist.,
3150 926 3199 964 c.
3247 911 3471 983 Singula.
3510 915 3594 971 Ubi
3625 918 3790 979 dicitur:

2347 993 2403 1049 Si
2429 1003 2599 1050 totum
2623 1011 2819 1068 corpus
2840 998 3050 1066 oculus,
3080 998 3170 1055 ubi
3209 1015 3321 1069 pes,
3348 1018 3462 1057 nam
3482 1019 3612 1062 sacra
3633 1013 3793 1070 varietas

2347 1087 2712 1142 membrorum
2734 1089 2899 1143 robur
2927 1105 3167 1160 corporis
3191 1100 3379 1145 servat.

2416 1172 2743 1248 Vigesimum
2767 1188 3016 1248 quartum
3043 1188 3148 1244 est,
3181 1180 3317 1250 quod
3340 1182 3509 1251 nolunt
3526 1185 3684 1246 habere
3699 1207 3793 1249 teco-

2344 1282 2555 1332 nomos,
2588 1268 2688 1322 sub
2713 1284 2938 1337 quorum
2988 1270 3288 1326 testimonio
3312 1287 3393 1327 res
3428 1274 3638 1332 Ecclesia:
3664 1283 3793 1349 guber-

2346 1368 2563 1425 nentur,
2592 1368 2777 1414 contra
2823 1360 3195 1415 auctoritatem
3237 1371 3519 1418 sanctorum
3557 1365 3735 1436 Patrum,
3755 1382 3792 1427 ut

2343 1451 2604 1521 probatur
2628 1451 2697 1507 89
2733 1451 2885 1517 dist.,
2908 1467 2956 1506 c.
2996 1450 3268 1518 Volumus,
3314 1462 3365 1507 et
3389 1454 3429 1508 si
3464 1455 3627 1512 habent
3648 1474 3791 1515 meone-

2345 1558 2464 1597 mos
2492 1543 2682 1597 volunt
2718 1542 2916 1598 habere
2941 1544 3384 1615 consanguineos,
3412 1557 3574 1602 contra
3593 1551 3790 1606 concilium

2345 1630 2679 1687 Toletanum.

2265 1714 2316 1776 B
2414 1708 2743 1793 Vigcsimum
2789 1721 3032 1791 quintum
3072 1730 3178 1787 est,
3226 1724 3361 1792 quod
3399 1725 3596 1796 episcopi
3621 1725 3791 1783 laborant

2347 1814 2470 1870 odio
2495 1815 2562 1870 ad
2603 1815 2853 1879 invicem,
2897 1822 2952 1869 et
2993 1822 3208 1869 certant
3234 1823 3293 1870 ut
3330 1818 3638 1887 unusquisque
3667 1820 3787 1884 cadat,

2345 1911 2401 1957 et
2427 1903 2733 1973 discrepant
2760 1903 2812 1958 in
2842 1904 3217 1970 sacramentis,
3262 1912 3322 1960 ut
3344 1906 3408 1961 93
3433 1906 3557 1972 dist.,
3577 1923 3614 1963 c.
3646 1910 3785 1979 penult

2348 2002 2402 2049 et
2429 1994 2525 2049 ult.

2419 2084 2751 2158 Vigcsimum
2780 2090 2991 2143 sextum
3015 2092 3118 2152 est,
3151 2089 3292 2158 quod
3315 2088 3415 2160 ipsi
3439 2091 3626 2161 appropri
3638 2097 3692 2143 rnt
3708 2090 3782 2145 sibi

2347 2179 2528 2234 omnia
2555 2178 2695 2233 bona
2719 2178 3107 2243 ecclesiastica,
3127 2188 3188 2233 ut
3213 2181 3401 2249 probat
3417 2190 3578 2234 sanctus
3594 2179 3776 2248 Hierony-

2346 2286 2485 2334 mus,
2515 2270 2585 2327 2'5
2633 2271 2783 2336 dist.,
2817 2285 2866 2326 c.
2920 2269 3177 2336 Diaconi;
3207 2271 3297 2325 ubi
3327 2270 3500 2327 dicitur
3519 2270 3619 2340 quod
3645 2268 3781 2339 singuli

2345 2377 2445 2432 per
2484 2361 2777 2431 potentiam
2824 2356 3147 2430 episcopalis
3191 2360 3432 2424 nominis,
3471 2373 3593 2428 quam
3620 2355 3693 2411 sibi
3717 2355 3787 2425 ipsi

2347 2449 2533 2506 illicite
2558 2451 2761 2520 absque
2789 2448 3027 2504 Ecclesia
3053 2450 3408 2514 vindicarunt,
3428 2456 3568 2503 totum
3582 2446 3684 2516 quod
3701 2444 3789 2499 levi-

2346 2548 2525 2595 tarum
2555 2548 2636 2595 est
2664 2540 2776 2595 suis
2803 2538 3075 2610 applicant
3109 2539 3316 2604 usibus,
3357 2538 3561 2593 dicentes
3582 2553 3593 2588 ε
3612 2534 3790 2589 llendictt

2347 2627 2529 2684 infelix
2562 2630 2615 2685 in
2637 2629 2828 2700 plateis
2856 2628 3108 2693 clericus,
3134 2637 3189 2684 et
3217 2624 3389 2683 servili
3411 2627 3540 2698 operi
3558 2624 3790 2694 mancipatus

2349 2736 2379 2775 a
2411 2735 2734 2791 quocunque
2769 2720 2943 2791 poscit
2989 2718 3400 2791 eleemosynam.
3440 2716 3573 2772 Solus
3603 2715 3791 2784 episcopus

2348 2811 2610 2867 incumbit
2638 2812 2816 2877 bonis,
2858 2811 3006 2866 solus
3045 2811 3152 2866 sibi
3182 2809 3407 2866 vindicat
3449 2810 3665 2871 universa,
3700 2803 3793 2860 solus

2348 2911 2533 2974 partes
2574 2902 2778 2957 invadit
2811 2902 3033 2967 alienas,
3064 2901 3216 2958 solus
3241 2899 3428 2957 occidit
3462 2896 3791 2955 universcszhoc

2349 3002 2435 3048 est
2459 2993 2779 3063 principium
2800 2992 2911 3047 litis
2931 2999 2986 3046 et
3014 2990 3395 3057 distractionis,
3428 3001 3477 3045 et
3496 2986 3621 3061 origo
3634 2983 3792 3042 criminis

2350 3092 2404 3140 et
2434 3085 2554 3139 ideo
2582 3092 2950 3139 accusantura
2967 3082 3184 3139 clericis
3219 3091 3273 3139 et
3296 3083 3584 3138 damnantur
3605 3094 3630 3133 a
3649 3074 3794 3131 Domino

2350 3171 2479 3229 Jesu
2516 3172 2752 3238 Christo,
2780 3170 2904 3243 quia
2931 3171 3139 3228 clamor
3157 3188 3339 3229 eorum
3366 3173 3517 3227 intrat
3536 3168 3580 3224 in
3601 3164 3793 3224 auresDo-

2350 3262 2481 3318 rnini
2511 3260 2773 3316 Sabaoth.

2419 3353 2749 3422 Vigesimum
2780 3352 3068 3425 septimum
3109 3359 3217 3420 est,
3261 3346 3381 3425 quia
3414 3348 3614 3424 episcopi
3637 3353 3793 3403 eontem-

2349 3451 2487 3498 nunt
2527 3441 2869 3513 presbyteros
2905 3453 2920 3496 :
2949 3451 3006 3497 et
3039 3442 3135 3499 ubi
3157 3443 3259 3514 ipsi
3306 3450 3424 3498 sunt
3459 3446 3707 3512 praesentes,
3728 3447 3796 3487 non

2349 3535 2670 3606 permittunt
2693 3548 2787 3589 eos
2826 3532 3063 3589 officium
3091 3531 3292 3602 facere,
3320 3534 3462 3605 quasi
3485 3532 3554 3587 eis
3575 3525 3796 3585 inviderent.

2350 3632 2536 3680 contra
2567 3624 2943 3680 auctoritatem
2987 3627 3161 3680 sancti
3209 3624 3521 3696 Hieronymi,
3548 3630 3597 3676 ut
3625 3618 3798 3690 probatu?

2351 3713 2421 3770 95
2443 3714 2568 3770 dist.
2600 3731 2649 3771 c.
2687 3712 2849 3781 Olim,
2877 3713 2969 3771 ubi
3005 3716 3210 3772 dicitur
3252 3717 3389 3787 quod
3430 3709 3631 3785 episcopi
3660 3715 3801 3779 pro?”

2351 3810 2455 3864 hoc
2502 3808 2719 3865 fuerunt
2767 3804 2920 3877 facti,
2962 3818 3022 3865 ut
3059 3810 3351 3866 schismata
3395 3809 3679 3865 tollerentur.
3703 3798 3802 3854 Dices

2351 3899 2490 3953 sicut
2516 3910 2571 3953 et
2608 3900 2907 3970 presbyteri
2946 3901 3127 3955 sciunt
3166 3917 3225 3956 se
3268 3916 3382 3955 esse
3409 3893 3720 3954 consuetudine
3743 3884 3802 3942 sub

2352 3991 2638 4061 episcopis,
2668 3991 2740 4045 ita
2771 3988 3005 4060 episcopi
3043 3992 3297 4047 noverint
3324 3990 3483 4061 magis
3509 4002 3560 4043 se
3589 3985 3642 4039 de
3662 3989 3807 4037 constt

2353 4079 2537 4137 tudine
2583 4092 2744 4151 quam
2784 4082 2853 4137 de
2902 4084 3135 4140 veritate
3189 4085 3469 4139 Dominicze
3504 4067 3806 4150 dispensationis

2349 4172 2679 4245 presbyteris
2694 4184 2813 4229 esse
2835 4173 3087 4242 majores,
3102 4175 3227 4231 etin
3244 4169 3500 4232 communi
3517 4171 3676 4227 debere
3687 4172 3809 4233 regem

2350 4263 2646 4319 Ecclesiam
2676 4258 2794 4329 Dei,
2818 4272 2874 4318 et
2898 4263 3028 4320 illud
3072 4267 3337 4337 probatur
3363 4280 3423 4319 ex
3451 4260 3514 4319 95
3540 4257 3643 4316 dist.
3665 4271 3704 4309 c.
3724 4248 3809 4306 Εοα
3892 4300 3893 4337 ξ

2354 4370 2497 4424 ergo.

2425 4446 2754 4516 Vigesimum
2780 4456 3032 4504 octavum
3060 4457 3165 4516 est,
3197 4444 3325 4520 quia
3364 4442 3647 4504 ordinantur
3665 4448 3734 4507 per
3754 4445 3811 4503 Pe‘
3892 4436 3893 4499 ι

2355 4534 2591 4602 euniam,
2635 4545 2690 4591 et
2715 4534 2850 4592 tales
2885 4539 3156 4608 accipiunt
3185 4539 3417 4610 lepram,
3448 4545 3499 4592 et
3532 4535 3639 4590 danl
3661 4524 3812 4619 Ιθρητξῖε

2354 4635 2413 4680 ιιι
2433 4627 2694 4696 probatur
2722 4627 2774 4694 l,
2808 4629 2935 4697 q.i,
2958 4645 3007 4685 c.
3046 4624 3178 4685 Cum
3217 4626 3485 4685 ordinatur
3510 4620 3736 4696 episcopus,
3757 4610 3813 4665 ubi

2353 4717 2549 4773 dicitur
2577 4733 2589 4771 :
2620 4715 2880 4787 Accipere
2892 4727 2996 4785 est,
3019 4719 3379 4789 quodcunque
3416 4717 3646 4785 accipere,
3669 4714 3710 4762 et
3732 4702 3813 4789 dare

2353 4807 2732 4878 quodcunque.
2754 4782 2832 4862 Et
2849 4782 3143 4879 eademqq
3172 4824 3222 4865 ε.
3247 4782 3456 4873 Fertur,
3470 4782 3549 4860 ubi
3562 4782 3812 4887 diciturqui]

2351 4896 2419 4953 de
2444 4897 2623 4953 radice
2660 4896 2858 4952 infecta
2892 4898 3066 4954 bonus
3102 4897 3310 4954 fructus
3362 4896 3502 4952 exire
3538 4905 3627 4947 non
3667 4882 3811 4956 poterit

2353 4989 2411 5045 Si
2429 5006 2558 5062 ergo
2576 4990 2897 5046 vultsalvari
2923 4991 3016 5062 qui
3036 4992 3162 5047 talis
3190 5000 3293 5055 est,
3317 4986 3583 5048 renuntiet,
3598 4984 3695 5050 agat
3713 4979 3812 5037 asp"

2351 5100 2469 5139 ram
2497 5083 2901 5154 pcenitentiam;
2928 5084 3088 5139 aliter
3114 5083 3312 5139 salvari
3339 5096 3440 5137 non
3465 5073 3650 5149 poterit,
3671 5072 3715 5121 πί
3733 5070 3812 5131 ΡΝ·

2349 5174 2445 5231 bat
2472 5174 2995 5245 sanctusGregorius
3016 5173 3059 5239 l,
3083 5190 3137 5245 q.
3175 5174 3226 5239 Ι,
3251 5188 3300 5227 ε.
3332 5166 3392 5227 Si
3419 5168 3526 5240 quis
3546 5172 3691 5232 neque.

2422 5265 2750 5336 Vigesimum
2778 5280 2977 5321 nonum
3008 5273 3113 5330 est,
3140 5264 3284 5335 quod
3309 5265 3485 5334 petunt
3513 5247 3737 5326 pecuniam
3751 5246 3810 5336 Pl”

2347 5355 2592 5412 balsamo
2621 5363 2815 5412 contra
2845 5357 3224 5412 auctoritatem
3257 5360 3548 5410 sanctorum
3580 5341 3761 5434 Patrium
3779 5324 3809 5434 li

2347 5463 2402 5519 q.
2429 5449 2480 5512 l,
2506 5447 2785 5503 Placuitut
2802 5447 3000 5514 nullus,
3014 5458 3128 5503 etc.
3144 5447 3356 5502 Dictum
3365 5453 3457 5508 est,
3471 5448 3574 5496 etc.
3590 5431 3807 5489 Statuam.

2418 5538 2774 5609 Triscsimum
2788 5547 2870 5594 est
2882 5540 3022 5609 quod
3045 5539 3302 5595 damnant
3328 5535 3538 5593 clericos
3555 5519 3805 5582 indiscussa

2343 5637 2401 5683 ut
2416 5629 2676 5699 probatur
2701 5629 2757 5694 2,
2786 5645 2839 5699 q.
2876 5630 2928 5695 l,
2958 5628 3089 5695 Nos,
3116 5638 3222 5685 etc.
