4020 6360
177 443 322 501 1097

1098 436 1465 495 EXCERPTA
1502 437 1596 493 EX
1632 432 2143 492 ΡΟΕΝΙΤΕΝΤΙΑΙᾸ
2179 431 2227 486 J.
2269 432 2357 487 DE
2395 432 2548 488 DEO.

3295 431 3431 488 1093

250 554 614 628 Trigesimum
658 552 891 625 primum
906 520 1020 619 est,
1059 556 1201 624 quod
1244 570 1350 609 non
1390 554 1639 609 deferunt
1662 568 1757 622 ap-
1789 556 1835 613 Α
1862 550 1965 605 mis
1990 558 2206 621 paratos
2249 548 2447 617 corrigi
2477 554 2664 603 contra
2709 545 3081 603 auctoritatem
3124 556 3431 606 sanctorum

174 648 563 722 pellationibus
606 644 880 715 legitimis,
920 660 1087 714 quare
1134 647 1444 702 debuissent
1480 644 1675 716 puniri.
1703 644 1756 707 2,

176 755 239 811 q.
270 741 327 805 7,
364 755 415 794 c.
450 746 558 793 etc.

255 832 617 904 Trigesimum
639 831 931 888 secundum
950 839 1053 896 est,
1076 832 1218 903 quod
1236 840 1483 903 pastores
1497 831 1616 885 laici
1638 836 1764 885 sunt

175 937 240 986 et
262 943 373 983 non
400 927 721 998 presbyteri,
745 927 930 998 quales
950 934 1076 981 sunt
1094 926 1438 993 intrinsecus,
1466 936 1527 981 ut
1552 926 1608 989 2,
1629 941 1684 995 q.
1708 925 1762 989 7,

178 1022 451 1077 Pervenit.

259 1116 622 1185 Trigesimum
659 1116 877 1172 tertium
903 1123 985 1172 est
1003 1156 1018 1182 ,
1044 1116 1185 1187 quod
1212 1114 1531 1186 permittunt
1556 1128 1613 1168 se
1642 1126 1767 1181 pro.

177 1210 396 1265 moveri
423 1210 601 1263 minus
623 1209 967 1274 sumcientes,
992 1217 1180 1265 contra
1217 1208 1505 1264 concilium
1536 1204 1767 1260 Cartha-

178 1303 435 1374 ginense,
467 1309 525 1356 ut
544 1303 801 1372 probatur
821 1303 891 1358 25
920 1304 1072 1368 dist.,
1101 1319 1151 1358 e.
1178 1301 1333 1367 Quod
1352 1300 1576 1371 episcopi
1598 1314 1611 1352 :
1640 1298 1769 1353 illud

182 1395 332 1451 idem
354 1395 613 1466 probatur
636 1395 703 1449 58
732 1396 880 1461 dist.,
905 1412 953 1451 c.
984 1396 1175 1451 Omnes
1199 1394 1494 1465 psallentes,
1519 1393 1610 1447 ubi
1638 1391 1772 1446 dici-

180 1495 281 1543 tur
309 1489 451 1558 quod
480 1488 546 1542 de
572 1490 870 1543 substantia
908 1489 1140 1559 episcopi
1170 1498 1254 1543 est
1282 1497 1338 1542 ut
1366 1489 1436 1543 sit
1460 1487 1595 1542 bene
1625 1485 1770 1540 litte-

183 1586 365 1634 ratus.
398 1578 462 1631 Et
486 1578 606 1632 ideo
633 1578 763 1633 dicit
784 1578 1050 1649 Propheta
1078 1597 1089 1631 :
1119 1578 1196 1631 Tu
1216 1577 1485 1632 scientiam
1512 1576 1769 1646 repulisti,

184 1680 239 1725 et
264 1688 359 1741 ego
387 1668 629 1740 repellam
671 1680 739 1735 te,
771 1688 833 1724 ne
859 1670 1149 1725 sacerdotio
1177 1670 1431 1740 fungaris.
1464 1669 1529 1723 Et
1554 1677 1775 1738 propter

184 1766 297 1820 hoc
321 1764 596 1835 depositus
614 1765 714 1819 fuit
733 1766 951 1834 quidam
971 1765 1253 1835 episcopus
1269 1764 1335 1817 ab
1357 1762 1593 1818 Honorio
1614 1777 1769 1831 papa.

264 1858 623 1929 Trigesimum
655 1866 906 1928 quartum
934 1866 1037 1923 est,
1062 1859 1202 1929 quod
1238 1867 1519 1928 postquam
1544 1864 1625 1912 est
1651 1872 1776 1926 ι,το-

1862 641 2080 696 Patrum
2107 641 2161 706 2,
2185 659 2239 712 q.
2268 643 2323 706 5,
2354 641 2619 711 Episcopi,
2650 640 2740 695 ubi
2764 640 2958 696 dicitur
2982 642 3125 711 quod
3161 658 3318 697 nemo
3344 645 3434 699 de-

1861 734 1954 790 bet
1976 732 2433 789 excommunicari
2468 732 2573 787 nisi
2598 747 2696 802 pro
2724 732 2932 803 magnis
2959 733 3195 803 peccatis
3221 741 3277 790 et
3313 749 3435 792 cum

1865 826 2019 881 aliter
2043 825 2239 894 corrigi
2268 841 2373 879 non
2397 825 2586 895 possit.

1936 917 2415 988 Quadragesimum
2458 918 2692 988 primum
2739 925 2840 985 est,
2882 921 3023 989 quod
3052 919 3152 993 ipsi
3182 921 3236 977 in
3262 922 3440 978 causis

1864 1010 2097 1082 propriis
2123 1008 2311 1077 volunt
2333 1023 2451 1065 esse
2479 1009 2685 1079 judices
2710 1019 2764 1065 et
2793 1018 3023 1074 actores,
3049 1020 3235 1067 contra
3264 1023 3442 1069 aucto-

1866 1102 2083 1156 ritatem
2131 1110 2439 1155 sanctorum
2484 1100 2724 1166 Patrum,
2763 1111 2825 1155 ut
2865 1102 2927 1167 2,
2958 1117 3010 1172 q.
3044 1104 3070 1157 1
3093 1144 3107 1168 ,
3132 1104 3221 1159 ubi
3248 1104 3444 1159 dicitur

1870 1194 2011 1264 quod
2031 1192 2098 1246 de
2123 1207 2352 1262 persona
2392 1193 2590 1247 actoris
2615 1194 2926 1258 assumitur,
2963 1194 3249 1264 judiciaria
3291 1203 3443 1264 pote-

1868 1290 1982 1339 stas
2010 1282 2328 1337 admittitur.
2360 1282 2492 1337 lllud
2512 1283 2651 1337 idem
2675 1282 2931 1352 probatur
2953 1284 3007 1349 5,
3027 1300 3080 1353 q.
3105 1283 3162 1349 4,
3186 1298 3233 1337 c.
3266 1285 3287 1336 1
3317 1293 3371 1339 et
3389 1284 3443 1340 2.

1943 1375 2427 1443 Quadragesimum
2449 1376 2743 1429 secundum
2771 1382 2875 1440 est,
2900 1374 3043 1443 quod
3062 1375 3335 1445 expellunt
3354 1392 3447 1431 eos

1871 1467 1964 1539 qui
1991 1468 2221 1523 ﬁdeliter
2271 1482 2392 1522 cum
2432 1468 2919 1538 prmdecessoribus
2965 1477 3278 1533 senuerunt,
3307 1478 3366 1522 ut
3393 1470 3447 1533 6,

1873 1577 1927 1631 q.
1956 1561 2009 1625 2,
2032 1576 2081 1616 c.
2111 1559 2289 1631 Hujus
2316 1558 2513 1630 placiti.
2544 1559 2606 1613 Et
2646 1560 2789 1629 quod
2822 1559 3057 1615 deterius
3082 1568 3194 1625 est,
3235 1575 3328 1616 eos
3352 1576 3450 1615 ex-

1874 1648 2105 1723 sp'oliant
2144 1650 2576 1705 remuneratione
2628 1649 2832 1704 servitii
2876 1665 3037 1720 quam
3079 1650 3160 1705 eis
3194 1650 3458 1705 dederunt

1874 1744 2300 1813 praedecessores
2348 1740 2605 1811 episcOpi,
2656 1749 2844 1796 contra
2884 1741 3259 1795 auctoritatem
3302 1756 3457 1810 papa:

1879 1832 2101 1899 Gelasii,
2133 1833 2221 1900 16,
2247 1849 2302 1903 q.
2332 1832 2386 1898 6,
2419 1847 2467 1887 c.
2496 1832 2662 1886 Illud.

188 1920 393 2012 motus:
438 1948 657 2021 negligit
672 1920 981 2015 addiscere,
1005 1920 1191 2004 contra
1225 1920 1545 2003 sententiam
1570 1947 1776 2016 Grego-

1954 1929 2429 1998 Quadragesimum
2462 1929 2681 1982 tertium
2716 1937 2820 1993 est,
2850 1929 2975 1999 quia
3020 1928 3204 1983 volunt
3242 1944 3459 1984 servare

188 2040 282 2103 rii,
305 2039 377 2093 22
408 2039 556 2103 dist.,
587 2039 675 2093 ubi
714 2038 910 2093 dicitur
933 2039 1075 2109 quod
1104 2037 1301 2093 stultus
1327 2046 1410 2092 est
1427 2038 1518 2105 qui
1540 2037 1593 2090 in
1621 2052 1686 2091 eo
1720 2052 1779 2091 se

187 2131 460 2200 majorem
489 2131 765 2187 existimat
790 2140 847 2191 tu
868 2132 1009 2186 bona
1035 2147 1154 2202 qua:
1168 2131 1397 2186 audierit
1420 2131 1629 2186 discere
1651 2146 1779 2186 con-

196 2233 422 2280 temnat.

268 2315 632 2386 Trigesimum
654 2316 899 2385 quintum
921 2323 1022 2379 est,
1046 2314 1188 2386 quod
1210 2313 1398 2369 nolunt
1418 2313 1503 2370 vel
1534 2314 1781 2369 nesciunt

194 2409 497 2463 canonibus
523 2408 759 2462 obedire.
798 2407 975 2475 Quare
1006 2407 1316 2461 debuissent
1340 2407 1407 2460 ab
1436 2407 1782 2462 administra-

196 2498 345 2554 tione
377 2514 549 2567 usque
578 2498 643 2552 ad
682 2500 1001 2570 condignam
1026 2500 1401 2570 paenitentiam
1431 2501 1691 2567 amoveri,
1722 2507 1783 2555 ut

195 2593 394 2662 probat
416 2592 698 2647 Damasius
720 2608 878 2663 papa,
908 2592 997 2656 25,
1027 2607 1081 2661 q.
1117 2592 1165 2645 1.

248 2667 630 2752 'Trigesitnum
659 2691 867 2736 sextum
907 2692 1008 2747 est,
1054 2684 1179 2752 quia
1219 2693 1345 2739 sunt
1388 2684 1551 2740 nimis
1575 2684 1783 2741 creduli

201 2772 260 2827 in
285 2772 651 2844 praejudicium
680 2773 926 2839 aliorum,
952 2782 1140 2829 contra
1161 2776 1537 2830 auctoritatem
1569 2785 1784 2831 sancto-

209 2878 330 2918 rum
351 2862 586 2927 Patrum,
614 2872 674 2917 ut
694 2863 886 2933 probat
921 2862 1211 2935 Gregorius
1246 2866 1331 2931 11,
1364 2881 1417 2934 q.
1442 2866 1493 2929 5,
1529 2881 1578 2921 c.
1608 2864 1783 2921 Grave

208 2957 377 3011 nimis
417 2965 496 3012 est
536 2965 589 3011 et
632 2957 907 3022 indecens,
948 2966 1006 3011 ut
1040 2958 1092 3011 in
1126 2973 1183 3012 re
1211 2958 1371 3012 dubia
1398 2966 1546 3042 certa
1576 2956 1785 3014 feratur

204 3047 493 3101 sententia.
521 3046 589 3099 Et
615 3046 744 3100 illud
785 3046 924 3101 idem
952 3053 1181 3101 testatur
1207 3047 1347 3101 idem
1376 3046 1537 3103 Pater
1574 3046 1783 3117 Grego-

202 3138 339 3203 rius,
365 3138 434 3193 52
457 3139 602 3201 dist.,
638 3154 685 3192 c.
719 3136 980 3191 Habuisse
1001 3146 1048 3190 te
1068 3138 1430 3202 concubinam,
1458 3137 1550 3192 ubi
1590 3138 1785 3191 dicitur

202 3230 346 3301 quod
376 3231 430 3284 in
452 3247 511 3284 re
542 3229 702 3285 dubia
732 3244 838 3283 non
867 3234 950 3283 est
994 3228 1298 3283 absolutum
1340 3228 1621 3284 ferendum
1642 3227 1787 3297 judi-

1878 2022 2207 2093 promissum
2235 2021 2288 2074 in
2315 2020 2838 2075 remunerationibus
2857 2020 3200 2089 sapientium,
3233 2020 3316 2075 vel
3342 2036 3457 2074 ser-

1878 2116 2161 2180 vientium,
2208 2121 2395 2169 contra
2444 2114 2824 2169 auctoritatem
2878 2119 3219 2177 sanctorum,
3269 2112 3371 2178 22,,
3410 2128 3459 2167 c.

1884 2208 2212 2279 Quicunque.

1954 2298 2432 2368 Quadragesimum
2479 2306 2747 2368 quartum,
2796 2299 2920 2369 quia
2950 2299 3137 2355 volunt
3169 2300 3270 2355 sibi
3315 2299 3463 2355 credi

1880 2392 1937 2447 in
1964 2392 2333 2463 pratjudicium
2371 2391 2601 2445 aliorum
2633 2409 2646 2445 :
2681 2390 2822 2460 quod
2854 2406 2974 2447 esse
3016 2406 3125 2446 non
3170 2392 3347 2457 debet,
3401 2400 3463 2445 ut

1882 2486 2140 2557 probatur
2162 2482 2219 2548 6,
2242 2498 2296 2552 q.
2328 2483 2384 2547 2,
2413 2482 2703 2553 Episcopus
2733 2483 2778 2536 si
2803 2482 3014 2549 clerico,
3045 2493 3099 2538 et
3126 2498 3174 2538 c.
3208 2484 3271 2539 Si
3292 2494 3465 2540 tamen

1883 2578 2175 2648 episcOpus,
2216 2582 2269 2629 et
2296 2589 2343 2629 c.
2375 2573 2584 2628 Placuit
2612 2574 2702 2640 25,
2728 2590 2781 2645 q.
2815 2575 2868 2641 5,
2893 2575 2929 2628 2
2954 2592 3003 2630 c.

1955 2669 2435 2738 Quadragesimum
2463 2669 2713 2737 quintum
2741 2676 2845 2734 est,
2874 2669 2999 2737 quia
3020 2670 3205 2724 volunt
3228 2670 3327 2726 soli
3353 2671 3465 2726 cle-

1883 2762 2026 2816 ricos
2056 2761 2323 2830 deponere
2343 2765 2529 2814 contra
2555 2774 2741 2813 sacros
2768 2775 3020 2816 canones.
3049 2761 3185 2817 Nam
3218 2762 3273 2818 in
3303 2763 3461 2833 depo-

1885 2854 2080 2909 sitione
2106 2853 2405 2924 presbyteri
2433 2852 2631 2907 debent
2655 2853 2838 2908 venire
2862 2870 2955 2909 sex
2982 2856 3238 2926 episcopi,
3265 2866 3320 2912 et
3345 2872 3471 2927 pro-

1884 2949 2038 3016 prius
2066 2944 2344 3013 septimus,
2372 2951 2427 2996 et
2454 2943 2509 2996 in
2536 2943 2762 2998 diacono
2782 2951 2835 2997 et
2862 2945 3188 3000 subdiacono
3209 2954 3321 3001 tres
3343 2962 3467 3002 cum

1885 3037 2105 3106 preprio
2122 3036 2413 3116 episcopo,
2444 3042 2505 3089 ut
2542 3036 2804 3105 probatur
2830 3050 2928 3104 per
2965 3036 3080 3091 haec
3109 3035 3232 3105 jura
3260 3039 3283 3090 1
3320 3039 3472 3104 dist.,

1890 3142 1939 3182 c.
1973 3126 2215 3192 Studeat,
2247 3134 2301 3181 et
2328 3124 2413 3187 15,
2437 3140 2491 3195 q.
2525 3126 2578 3190 1,
2609 3140 2656 3179 c.
2686 3125 2766 3180 De
2787 3127 3022 3193 crimine,
3055 3135 3109 3182 et
3137 3127 3223 3193 15,
3252 3145 3307 3199 q.
3342 3130 3396 3195 7,
3423 3146 3473 3185 c.

1892 3216 2072 3283 Felix,
2105 3226 2210 3272 etc.

202 3322 367 3377 cium.
399 3321 469 3375 Et
514 3320 644 3375 illud
681 3321 822 3374 idem
858 3318 1051 3389 probat
1089 3318 1421 3389 Augustinus
1451 3320 1537 3385 11,
1566 3335 1619 3389 q.
1652 3321 1706 3384 5,
1734 3335 1782 3374 c.
1816 3303 1863 3369 C
1964 3309 2447 3377 Quadragesimum
2469 3316 2680 3365 sextum
2703 3312 3277 3385 est.quiaimpugnant
3296 3328 3478 3370 exem-

204 3415 294 3470 ubi
328 3414 527 3469 dicitur
552 3411 694 3482 quod
720 3412 966 3482 quamvis
1006 3426 1133 3465 vera
1163 3412 1271 3466 sint
1300 3412 1572 3481 quaedam,
1602 3418 1787 3467 tamen

202 3504 407 3573 judicio
452 3519 559 3558 non
590 3512 714 3558 sunt
746 3502 1033 3567 credenda,
1089 3501 1193 3555 nisi
1249 3502 1411 3556 certis
1447 3500 1665 3568 judiciis
1690 3501 1787 3555 de-

206 3607 597 3655 monstrentur.
637 3597 705 3651 Et
746 3596 873 3651 illud
921 3595 1062 3651 idem
1105 3595 1297 3663 probat
1342 3593 1527 3649 Sixtus
1580 3608 1717 3664 papa
1737 3600 1792 3647 et

209 3691 397 3747 Victor
420 3706 559 3761 papa
589 3690 677 3755 50,
710 3705 763 3758 (ι.
792 3687 845 3751 5,
877 3704 927 3742 c.
1030 3678 1033 3681 ’

281 3781 640 3852 Trigesimum
657 3780 943 3851 septimum
972 3785 1054 3835 est
1077 3780 1239 3850 quod,
1255 3778 1447 3833 nolunt
1475 3778 1528 3831 in
1550 3775 1791 3831 Ecclesia

211 3872 492 3929 columnas
530 3872 737 3941 erigere
779 3887 914 3940 quos
942 3870 1189 3924 noverint
1220 3869 1489 3929 meliores,
1538 3868 1631 3922 sed
1660 3883 1794 3937 quos

212 3965 388 4034 magis
416 3963 516 4034 ipsi
546 3962 794 4033 diligunt,
823 3962 908 4016 vel
937 3976 1164 4032 quorum
1194 3960 1450 4030 obsequia
1480 3957 1791 4029 przeferunt,

213 4066 407 4111 contra
437 4070 620 4110 sacros
670 4068 904 4109 canones
934 4055 987 4118 8,
1020 4069 1075 4123 q.
1110 4052 1168 4117 1,
1200 4068 1249 4105 c.
1284 4050 1520 4121 Moyses;
1550 4058 1605 4104 et
1629 4048 1713 4114 12,
1738 4065 1792 4118 q.

212 4148 273 4214 2,
299 4146 487 4202 Gloria
529 4148 773 4218 episcopi,
805 4146 897 4201 ubi
941 4146 1137 4199 dicitur
1167 4145 1309 4214 quod
1350 4144 1501 4198 multi
1528 4144 1799 4198 aediﬁcant

213 4243 476 4313 parietes,
496 4250 551 4297 et
565 4242 841 4297 columnas
865 4240 1114 4296 Ecclesiae
1138 4239 1482 4295 subtrahunt.
1507 4239 1634 4294 Inde
1658 4252 1799 4308 saepe

218 4334 345 4389 odia
371 4339 723 4401 consurgunt.

292 4423 648 4494 Trigesimum
672 4431 923 4479 octavum
945 4430 1029 4478 est
1050 4423 1212 4494 quod,
1247 4423 1385 4479 bona
1410 4421 1798 4489 ecclesiastica,

219 4514 457 4569 maxime
484 4514 832 4569 ecclesiarum
862 4515 1260 4583 parochiarum,
1286 4523 1475 4569 contra
1503 4530 1688 4569 sacros
1712 4529 1803 4569 ca-

219 4622 396 4662 nones
420 4613 681 4675 usurpant
699 4620 1019 4675 quocunque
1038 4620 1199 4669 anno,
1229 4604 1457 4674 amplius
1478 4604 1681 4673 aliquid
1700 4603 1802 4657 sibi

220 4696 620 4767 appropriando
662 4697 806 4765 quod
844 4711 950 4750 non
1001 4696 1068 4750 de
1112 4694 1513 4765 parochialibus
1560 4693 1804 4748 ecclesiis

221 4788 328 4842 sibi
369 4801 693 4856 praesumere
720 4786 937 4851 debent,
969 4786 1073 4840 nisi
1121 4786 1263 4855 quod
1311 4786 1391 4841 eis
1431 4801 1461 4839 a
1491 4800 1697 4840 canone
1723 4794 1807 4839 est

221 4879 569 4951 permissum,
600 4886 660 4931 ut
688 4878 879 4948 probat
899 4878 1187 4933 concilium
1206 4878 1522 4932 Toletanum
1561 4877 1646 4941 10,
1670 4892 1722 4946 q.
1748 4878 1802 4942 5,

223 4986 274 5026 c.
312 4969 465 5035 Quod
495 4970 855 5040 cognovimus,
886 4976 940 5021 et
975 4969 1114 5023 inter
1148 4978 1344 5023 cmtera
1372 4968 1503 5023 illud
1539 4968 1661 5023 ideo
1683 4982 1809 5037 pro-

223 5064 391 5119 batur
426 5061 506 5127 16,
535 5078 587 5131 q.
622 5062 672 5128 1,
697 5077 746 5117 c.
789 5060 1139 5115 Constitutum
1162 5069 1238 5114 est
1260 5059 1409 5113 nulli.

304 5157 658 5227 Trigesimum
689 5172 887 5211 nonum
918 5164 1027 5220 est,
1057 5156 1183 5226 quia
1221 5156 1512 5210 indiscrete
1542 5155 1810 5210 ulciscun—

226 5255 323 5303 tur
349 5247 590 5317 proprias
622 5244 844 5314 injurias
876 5253 1062 5299 contra
1088 5244 1460 5299 auctoritatem
1501 5252 1808 5298 sanctorum

228 5338 477 5404 Patrum,
499 5346 557 5391 ut
574 5338 835 5409 probatur
855 5336 908 5403 5,
930 5351 985 5405 q.
1004 5335 1058 5400 7,
1074 5352 1123 5390 c.
1150 5333 1207 5388 Si
1221 5336 1337 5405 quis
1359 5350 1681 5387 communem
1698 5343 1810 5387 tra-

230 5428 505 5491 ditionem,
529 5434 583 5480 et
609 5426 676 5480 16
703 5427 852 5491 dist.,
884 5442 934 5481 c.
953 5424 1475 5491 Seditionarios,etc.
1505 5425 1572 5479 Et
1604 5440 1702 5494 pro
1732 5424 1811 5479 eis

231 5520 527 5574 indiscrete
551 5517 873 5587 injuriantur
892 5526 947 5572 et
967 5519 1450 5580 excommunicant,
1476 5528 1536 5573 ut
1556 5519 1813 5587 probatur
1838 5568 1845 5575 ,

232 5611 330 5676 25,
358 5626 412 5680 q.
437 5611 491 5676 4,
519 5610 665 5665 Inter
685 5608 940 5682 querelas.
965 5609 1034 5663 Et
1056 5610 1175 5665 ideo
1196 5610 1286 5665 isti
1308 5611 1442 5665 tales
1465 5610 1597 5665 nihil
1618 5610 1817 5665 habent

233 5702 539 5775 spirituale.

314 5793 792 5866 Quadragesimum
822 5804 924 5863 est,
957 5796 1083 5868 quia
1113 5794 1437 5853 stomachati
1465 5796 1529 5850 de
1556 5793 1698 5851 facili
1724 5809 1819 5849 ex—

236 5892 645 5949 communicant
661 5891 978 5948 innocentes
999 5899 1053 5945 et
1074 5889 1365 5960 culpabiles
1390 5875 1641 5944 in'causis
1665 5887 1821 5942 mini-

612 6004 910 6066 Parnor...
932 6002 1162 6066 XCIX.

1884 3410 2031 3468 ptos,
2057 3407 2117 3453 ut
2141 3400 2370 3468 probant
2396 3400 2567 3454 sancti
2597 3400 2786 3455 Patres
2812 3401 2898 3467 16,
2922 3417 2973 3471 q.
3004 3403 3057 3467 1,
3089 3412 3191 3457 etc.

1962 3488 2444 3560 Quadragesimum
2489 3489 2774 3559 septimum
2823 3498 2923 3556 est,
2974 3492 3118 3561 quod
3166 3492 3388 3564 alligant
3426 3502 3482 3549 et

1893 3578 2192 3635 dissolvunt
2230 3578 2599 3635 indiﬂ‘erenter
2630 3600 2641 3634 :
2669 3581 2813 3651 quod
2847 3597 2967 3637 esse
2993 3599 3099 3638 non
3129 3584 3305 3639 debet.
3348 3586 3482 3641 Pro-

1891 3684 2013 3744 pter
2041 3676 2145 3729 boc
2188 3676 2594 3744 suspenduntur
2639 3691 2809 3745 usque
2862 3675 2928 3729 ad
2982 3676 3201 3746 triginta
3254 3676 3389 3741 dies,
3423 3683 3484 3731 ut

1892 3764 2126 3835 probant
2164 3765 2336 3819 sancti
2364 3764 2575 3829 Patres,
2603 3764 2695 3828 25,
2723 3780 2777 3834 q.
2806 3766 2863 3830 5,
2894 3781 2941 3819 c.
2976 3764 3055 3817 De
3080 3764 3285 3830 illicita,
3311 3774 3365 3819 et
3392 3780 3478 3820 ex.

1896 3856 1961 3910 de
1983 3854 2263 3910 Sententia
2292 3855 2883 3910 excommunicationis.
2904 3854 3041 3921 Quia
3064 3854 3203 3909 sicut
3223 3856 3483 3924 quosdam

1896 3946 2069 4014 gratia
2100 3944 2302 4000 favoris
2338 3946 2660 4010 sublimant,
2690 3948 2764 4000 ita
2794 3948 3058 4016 quosdam
3089 3947 3215 4002 odio
3258 3948 3487 4003 invidia-

1898 4053 2001 4107 que
2027 4037 2329 4090 bumiliant.
2362 4036 2627 4091 Probatur
2653 4035 2735 4101 15,
2763 4053 2817 4107 q.
2845 4035 2900 4102 7,
2930 4051 2980 4091 c.
3010 4037 3061 4102 1,
3091 4045 3195 4092 etc.

1969 4125 2447 4194 Quadragesimum
2489 4138 2736 4179 octavum
2782 4134 2896 4191 est,
2947 4126 3089 4196 quod
3125 4128 3180 4180 in
3226 4128 3489 4183 conviviis

1898 4234 2006 4275 non
2027 4217 2232 4272 faciunt
2267 4217 2370 4287 legi
2395 4232 2607 4271 sacram
2628 4217 2910 4272 lectionem
2937 4236 2949 4270 :
2975 4227 3029 4272 et
3051 4219 3103 4271 in
3129 4219 3233 4273 hoc
3258 4228 3488 4287 peccant

1900 4317 2089 4366 contra
2131 4308 2419 4363 concilium
2459 4308 2805 4375 Toletanum,
2838 4309 2907 4361 11
2937 4310 3084 4375 dist.,
3117 4325 3167 4363 c.
3202 4307 3311 4364 Pro
3350 4326 3486 4366 reve-

1901 4403 2089 4456 rentia.
2118 4402 2187 4455 Et
2213 4410 2296 4455 est
2322 4401 2460 4455 ratio
2488 4402 2631 4471 quod
2667 4401 2793 4456 dum
2823 4416 3017 4470 corpus
3046 4401 3272 4456 diversis
3303 4401 3483 4456 fercu-

1902 4493 1969 4547 lis
1999 4492 2267 4557 relicitur,
2317 4492 2495 4564 lingua
2544 4493 2597 4546 in
2636 4493 3056 4547 detractionibus
3094 4491 3384 4559 relaxatur,
3431 4502 3493 4547 ut

1901 4587 2097 4658 probat
2122 4586 2415 4657 Gregorius
2441 4586 2495 4640 in
2522 4584 2813 4639 Moralibus
2837 4585 2974 4639 libro
3001 4585 3195 4655 primo.

1977 4676 2458 4745 Quadragesimum
2506 4691 2703 4729 nonum
2745 4682 2847 4739 cst,
2884 4674 3027 4743 quod
3066 4690 3170 4728 non
3199 4681 3392 4730 curant
3423 4674 3490 4728 de

1908 4769 2105 4825 divinis
2128 4768 2320 4824 ofﬁciis
2349 4775 2565 4837 prOpter
2588 4767 2832 4821 convivia
2862 4782 2957 4821 sua
2980 4775 3167 4823 contra
3199 4767 3491 4820 auctorita—

1907 4870 2016 4915 tem
2034 4860 2298 4929 Gregorii,
2320 4859 2391 4943 41
2409 4860 2558 4923 dist.,
2584 4869 2637 4913 et
2658 4860 2782 4929 quia
2805 4860 3007 4914 faciunt
3027 4870 3246 4914 cantare
3268 4860 3490 4914 missam

1903 4949 2058 5019 juxta
2089 4952 2282 5005 lectum
2323 4952 2377 5005 in
2422 4952 2602 5016 domo,
2630 4953 2720 5007 ubi
2758 4953 3029 5023 spurcitia:
3051 4952 3230 5007 multa:
3256 4961 3399 5018 sunt,
3437 4961 3493 5008 et

1911 5043 2034 5097 ideo
2060 5042 2295 5096 divinam
2338 5042 2652 5113 patientiam
2696 5044 2762 5097 ad
2801 5043 3134 5097 iracundiam
3172 5051 3490 5112 provocant.

1915 5135 2051 5189 Nam
2078 5150 2351 5205 nunquam
2392 5135 2554 5189 missa
2594 5134 2647 5188 in
2678 5135 2837 5189 domo
2863 5135 3123 5190 celebrari
3154 5136 3331 5190 debet.
3363 5135 3496 5189 Pro-

1914 5228 2076 5282 batur
2102 5227 2166 5281 de
2190 5211 2611 5282 Consecratione
2631 5227 2754 5280 dist.
2776 5227 2824 5289 1,
2855 5241 2903 5279 c.
2924 5225 3067 5280 Sicut
3103 5243 3205 5280 non
3231 5226 3379 5291 alibi,
3402 5227 3494 5280 ubi

1917 5317 2151 5372 dicitur:
2186 5317 2438 5372 Sanctius
2466 5324 2551 5371 est
2588 5317 2807 5371 missam
2834 5332 2939 5370 non
2969 5325 3210 5379 cantare,
3248 5332 3406 5386 quam
3440 5316 3493 5369 in

1917 5410 2003 5464 bis
2029 5409 2159 5463 locis
2189 5409 2278 5462 ubi
2312 5409 2424 5463 ﬁeri
2460 5423 2565 5461 non
2601 5414 2829 5475 oportet.
2878 5406 2945 5460 Et
2979 5408 3251 5477 subjungit
3294 5408 3345 5459 in
3388 5405 3493 5460 line

1919 5500 2141 5570 capituli
2167 5500 2311 5568 quod
2352 5501 2407 5553 in
2449 5499 2694 5554 domibus
2716 5497 3019 5553 nullatenus
3045 5499 3211 5552 missa
3233 5496 3496 5551 celebrari

1846 5584 1853 5597 “
1923 5595 2102 5649 debet.

1995 5686 2506 5757 Quinquagesimum
2531 5691 2630 5749 est,
2647 5683 2789 5752 quod
2812 5698 2901 5739 res
2915 5680 3167 5740 Ecclesia:
3186 5694 3292 5735 non
3315 5684 3498 5734 custo—

1925 5781 2079 5838 diunt
2125 5789 2312 5837 contra
2352 5780 2727 5835 auctoritatem
2774 5779 2996 5834 canonis
3036 5775 3134 5841 16,
3172 5788 3225 5842 q.
3274 5772 3299 5825 1
3349 5788 3397 5827 c.
3445 5779 3501 5826 et

1927 5875 2143 5931 easdem
2188 5888 2275 5928 res
2314 5871 2704 5928 ecclesiasticas
2730 5886 2827 5941 per
2853 5886 2912 5925 se
2946 5882 3179 5936 suosque
3207 5865 3502 5935 dilapidant

3059 5987 3137 6048 35
