  <div class='ocr_page' id='page_1' title='image "/cluster/home/n/w/nwhite01/storage/ocr_20150623/99/hvd.32044015466790/595.png"; bbox 0 0 4020 6360; ppageno 0'>
   <div class='ocr_carea' id='block_1_1' title="bbox 555 527 700 588">
    <p class='ocr_par' dir='ltr' id='par_1_1' title="bbox 555 527 700 588">
     <span class='ocr_line' id='line_1_1' title="bbox 555 527 700 588; baseline -0.021 0"><span class='ocrx_word' id='word_1_1' title='bbox 555 527 700 588; x_wconf 76' lang='grc'><strong>1099</strong></span> 
     </span>
    </p>
   </div>
   <div class='ocr_carea' id='block_1_2' title="bbox 1441 501 2896 573">
    <p class='ocr_par' dir='ltr' id='par_1_2' title="bbox 1441 501 2896 573">
     <span class='ocr_line' id='line_1_2' title="bbox 1441 501 2896 573; baseline -0.01 0"><span class='ocrx_word' id='word_1_2' title='bbox 1441 511 1804 573; x_wconf 76' lang='lat' dir='ltr'><strong>EXCERPTA</strong></span> <span class='ocrx_word' id='word_1_3' title='bbox 1843 509 1936 570; x_wconf 81' lang='lat' dir='ltr'><strong>EX</strong></span> <span class='ocrx_word' id='word_1_4' title='bbox 1975 501 2488 567; x_wconf 66' lang='grc' dir='ltr'><strong>ΡΟΕΝΙΤΕΝΤΙΑΜ</strong></span> <span class='ocrx_word' id='word_1_5' title='bbox 2525 502 2575 560; x_wconf 84' lang='lat' dir='ltr'><strong>J.</strong></span> <span class='ocrx_word' id='word_1_6' title='bbox 2617 503 2706 562; x_wconf 89' lang='lat' dir='ltr'><strong>DE</strong></span> <span class='ocrx_word' id='word_1_7' title='bbox 2741 501 2896 561; x_wconf 86' lang='lat' dir='ltr'><strong>DEO.</strong></span> 
     </span>
    </p>
   </div>
   <div class='ocr_carea' id='block_1_3' title="bbox 3667 503 3804 565">
    <p class='ocr_par' dir='ltr' id='par_1_3' title="bbox 3667 503 3804 565">
     <span class='ocr_line' id='line_1_3' title="bbox 3667 503 3804 565; baseline 0.036 -6"><span class='ocrx_word' id='word_1_8' title='bbox 3667 503 3804 565; x_wconf 77' lang='lat' dir='ltr'><strong>H00</strong></span> 
     </span>
    </p>
   </div>
   <div class='ocr_carea' id='block_1_4' title="bbox 558 619 3808 704">
    <p class='ocr_par' dir='ltr' id='par_1_4' title="bbox 558 619 3808 704">
     <span class='ocr_line' id='line_1_4' title="bbox 558 619 3808 704; baseline -0.008 -1"><span class='ocrx_word' id='word_1_9' title='bbox 558 653 751 704; x_wconf 81' lang='lat' dir='ltr'><strong>contra</strong></span> <span class='ocrx_word' id='word_1_10' title='bbox 775 640 1149 698; x_wconf 68' lang='lat' dir='ltr'><strong>auctoritatem</strong></span> <span class='ocrx_word' id='word_1_11' title='bbox 1190 635 1433 697; x_wconf 86' lang='lat' dir='ltr'><strong>Patrum,</strong></span> <span class='ocrx_word' id='word_1_12' title='bbox 1455 631 1526 687; x_wconf 81' lang='grc'><strong>28</strong></span> <span class='ocrx_word' id='word_1_13' title='bbox 1549 631 1695 695; x_wconf 85' lang='lat' dir='ltr'><strong>dist.,</strong></span> <span class='ocrx_word' id='word_1_14' title='bbox 1721 644 1769 684; x_wconf 93' lang='lat' dir='ltr'><strong>c.</strong></span> <span class='ocrx_word' id='word_1_15' title='bbox 1800 628 1914 684; x_wconf 85' lang='lat' dir='ltr'><strong>Etsi</strong></span> <span class='ocrx_word' id='word_1_16' title='bbox 1943 642 2001 683; x_wconf 89' lang='lat' dir='ltr'><strong>se</strong></span> <span class='ocrx_word' id='word_1_17' title='bbox 2026 641 2134 682; x_wconf 89' lang='lat' dir='ltr'><strong>non</strong></span> <span class='ocrx_word' id='word_1_18' title='bbox 2159 627 2214 690; x_wconf 77' lang='grc' dir='ltr'><strong>Α</strong></span> <span class='ocrx_word' id='word_1_19' title='bbox 2306 623 2402 679; x_wconf 90' lang='lat' dir='ltr'><strong>Est</strong></span> <span class='ocrx_word' id='word_1_20' title='bbox 2423 624 2587 679; x_wconf 87' lang='lat' dir='ltr'><strong>etiam</strong></span> <span class='ocrx_word' id='word_1_21' title='bbox 2608 622 2899 680; x_wconf 86' lang='lat' dir='ltr'><strong>secundum</strong></span> <span class='ocrx_word' id='word_1_22' title='bbox 2920 621 3112 677; x_wconf 89' lang='lat' dir='ltr'><strong>vitium</strong></span> <span class='ocrx_word' id='word_1_23' title='bbox 3129 619 3448 692; x_wconf 59' lang='lat' dir='ltr'><strong>principem,</strong></span> <span class='ocrx_word' id='word_1_24' title='bbox 3473 620 3622 692; x_wconf 88' lang='lat' dir='ltr'><strong>quod</strong></span> <span class='ocrx_word' id='word_1_25' title='bbox 3651 622 3808 692; x_wconf 81' lang='lat' dir='ltr'><strong>quin-</strong></span> 
     </span>
    </p>
   </div>
   <div class='ocr_carea' id='block_1_5' title="bbox 553 718 2128 806">
    <p class='ocr_par' dir='ltr' id='par_1_5' title="bbox 553 718 2128 806">
     <span class='ocr_line' id='line_1_5' title="bbox 553 718 2128 806; baseline -0.013 -12"><span class='ocrx_word' id='word_1_26' title='bbox 553 737 855 806; x_wconf 80' lang='lat' dir='ltr'><strong>corrigubt,</strong></span> <span class='ocrx_word' id='word_1_27' title='bbox 893 731 1087 788; x_wconf 70' lang='lat' dir='ltr'><strong>debent</strong></span> <span class='ocrx_word' id='word_1_28' title='bbox 1121 725 1344 797; x_wconf 77' lang='lat' dir='ltr'><strong>deponi,</strong></span> <span class='ocrx_word' id='word_1_29' title='bbox 1374 731 1436 778; x_wconf 88' lang='lat' dir='ltr'><strong>ut</strong></span> <span class='ocrx_word' id='word_1_30' title='bbox 1473 722 1541 777; x_wconf 74' lang='grc'><strong>12</strong></span> <span class='ocrx_word' id='word_1_31' title='bbox 1579 738 1659 793; x_wconf 79' lang='lat' dir='ltr'><strong>q.,</strong></span> <span class='ocrx_word' id='word_1_32' title='bbox 1695 737 1744 778; x_wconf 77' lang='grc' dir='ltr'><strong>οι</strong></span> <span class='ocrx_word' id='word_1_33' title='bbox 1787 718 2128 792; x_wconf 70' lang='lat' dir='ltr'><strong>Apostolicas.</strong></span> 
     </span>
    </p>
   </div>
   <div class='ocr_carea' id='block_1_6' title="bbox 555 810 2130 899">
    <p class='ocr_par' dir='ltr' id='par_1_6' title="bbox 555 810 2130 899">
     <span class='ocr_line' id='line_1_6' title="bbox 555 810 2130 899; baseline -0.014 -12"><span class='ocrx_word' id='word_1_34' title='bbox 555 830 624 887; x_wconf 88' lang='lat' dir='ltr'><strong>Et</strong></span> <span class='ocrx_word' id='word_1_35' title='bbox 663 828 791 899; x_wconf 83' lang='lat' dir='ltr'><strong>quia</strong></span> <span class='ocrx_word' id='word_1_36' title='bbox 818 839 907 881; x_wconf 89' lang='lat' dir='ltr'><strong>res</strong></span> <span class='ocrx_word' id='word_1_37' title='bbox 949 821 1152 879; x_wconf 88' lang='lat' dir='ltr'><strong>alienas</strong></span> <span class='ocrx_word' id='word_1_38' title='bbox 1196 822 1482 888; x_wconf 89' lang='lat' dir='ltr'><strong>usurpant,</strong></span> <span class='ocrx_word' id='word_1_39' title='bbox 1511 814 1772 886; x_wconf 84' lang='lat' dir='ltr'><strong>probatur</strong></span> <span class='ocrx_word' id='word_1_40' title='bbox 1796 811 1880 878; x_wconf 82' lang='lat' dir='ltr'><strong>i6,</strong></span> <span class='ocrx_word' id='word_1_41' title='bbox 1909 828 1966 884; x_wconf 61' lang='grc' dir='ltr'><strong>η.</strong></span> <span class='ocrx_word' id='word_1_42' title='bbox 1999 810 2050 878; x_wconf 83' lang='lat'><strong>6,</strong></span> <span class='ocrx_word' id='word_1_43' title='bbox 2079 826 2130 867; x_wconf 88' lang='lat' dir='ltr'><strong>c.</strong></span> 
     </span>
    </p>
   </div>
   <div class='ocr_carea' id='block_1_7' title="bbox 560 920 792 976">
    <p class='ocr_par' dir='ltr' id='par_1_7' title="bbox 560 920 792 976">
     <span class='ocr_line' id='line_1_7' title="bbox 560 920 792 976; baseline -0.013 0"><span class='ocrx_word' id='word_1_44' title='bbox 560 920 792 976; x_wconf 64' lang='lat' dir='ltr'><strong>Placuit.</strong></span> 
     </span>
    </p>
   </div>
   <div class='ocr_carea' id='block_1_8' title="bbox 629 991 2136 1081">
    <p class='ocr_par' dir='ltr' id='par_1_8' title="bbox 629 991 2136 1081">
     <span class='ocr_line' id='line_1_8' title="bbox 629 991 2136 1081; baseline -0.015 -14"><span class='ocrx_word' id='word_1_45' title='bbox 629 1006 1142 1081; x_wconf 83' lang='lat' dir='ltr'><strong>Quinquagesimum</strong></span> <span class='ocrx_word' id='word_1_46' title='bbox 1180 1001 1417 1074; x_wconf 88' lang='lat' dir='ltr'><strong>primum</strong></span> <span class='ocrx_word' id='word_1_47' title='bbox 1467 1005 1524 1056; x_wconf 91' lang='lat' dir='ltr'><strong>et</strong></span> <span class='ocrx_word' id='word_1_48' title='bbox 1571 996 1819 1051; x_wconf 82' lang='lat' dir='ltr'><strong>ultimum</strong></span> <span class='ocrx_word' id='word_1_49' title='bbox 1857 1000 1963 1060; x_wconf 84' lang='lat' dir='ltr'><strong>est,</strong></span> <span class='ocrx_word' id='word_1_50' title='bbox 2008 991 2136 1062; x_wconf 82' lang='lat' dir='ltr'><strong>quia</strong></span> 
     </span>
    </p>
   </div>
   <div class='ocr_carea' id='block_1_9' title="bbox 558 1082 2138 1176">
    <p class='ocr_par' dir='ltr' id='par_1_9' title="bbox 558 1082 2138 1176">
     <span class='ocr_line' id='line_1_9' title="bbox 558 1082 2138 1176; baseline -0.014 -17"><span class='ocrx_word' id='word_1_51' title='bbox 558 1103 856 1176; x_wconf 77' lang='lat' dir='ltr'><strong>gloriantur</strong></span> <span class='ocrx_word' id='word_1_52' title='bbox 877 1099 932 1155; x_wconf 92' lang='lat' dir='ltr'><strong>in</strong></span> <span class='ocrx_word' id='word_1_53' title='bbox 954 1095 1246 1161; x_wconf 84' lang='lat' dir='ltr'><strong>cathedris,</strong></span> <span class='ocrx_word' id='word_1_54' title='bbox 1269 1101 1326 1149; x_wconf 90' lang='lat' dir='ltr'><strong>et</strong></span> <span class='ocrx_word' id='word_1_55' title='bbox 1352 1107 1458 1148; x_wconf 88' lang='lat' dir='ltr'><strong>non</strong></span> <span class='ocrx_word' id='word_1_56' title='bbox 1483 1096 1714 1146; x_wconf 90' lang='lat' dir='ltr'><strong>noscunt</strong></span> <span class='ocrx_word' id='word_1_57' title='bbox 1735 1103 1793 1143; x_wconf 88' lang='lat' dir='ltr'><strong>se</strong></span> <span class='ocrx_word' id='word_1_58' title='bbox 1814 1087 1980 1157; x_wconf 89' lang='lat' dir='ltr'><strong>ipsos.</strong></span> <span class='ocrx_word' id='word_1_59' title='bbox 2001 1082 2138 1138; x_wconf 74' lang='lat' dir='ltr'><strong>Nam</strong></span> 
     </span>
    </p>
   </div>
   <div class='ocr_carea' id='block_1_10' title="bbox 560 1177 2137 1268">
    <p class='ocr_par' dir='ltr' id='par_1_10' title="bbox 560 1177 2137 1268">
     <span class='ocr_line' id='line_1_10' title="bbox 560 1177 2137 1268; baseline -0.013 -16"><span class='ocrx_word' id='word_1_60' title='bbox 560 1197 605 1252; x_wconf 92' lang='lat' dir='ltr'><strong>si</strong></span> <span class='ocrx_word' id='word_1_61' title='bbox 633 1193 1031 1268; x_wconf 70' lang='lat' dir='ltr'><strong>cognovissent,</strong></span> <span class='ocrx_word' id='word_1_62' title='bbox 1061 1190 1300 1245; x_wconf 82' lang='lat' dir='ltr'><strong>minores</strong></span> <span class='ocrx_word' id='word_1_63' title='bbox 1345 1185 1587 1242; x_wconf 89' lang='lat' dir='ltr'><strong>subditos</strong></span> <span class='ocrx_word' id='word_1_64' title='bbox 1631 1198 1739 1237; x_wconf 92' lang='lat' dir='ltr'><strong>non</strong></span> <span class='ocrx_word' id='word_1_65' title='bbox 1781 1177 2137 1249; x_wconf 89' lang='lat' dir='ltr'><strong>contempsis-</strong></span> 
     </span>
    </p>
   </div>
   <div class='ocr_carea' id='block_1_11' title="bbox 559 1265 2140 1351">
    <p class='ocr_par' dir='ltr' id='par_1_11' title="bbox 559 1265 2140 1351">
     <span class='ocr_line' id='line_1_11' title="bbox 559 1265 2140 1351; baseline -0.015 -8"><span class='ocrx_word' id='word_1_66' title='bbox 559 1265 724 1349; x_wconf 37' lang='lat' dir='ltr'><strong>sent;</strong></span> <span class='ocrx_word' id='word_1_67' title='bbox 743 1283 1010 1340; x_wconf 86' lang='lat' dir='ltr'><strong>Probatur</strong></span> <span class='ocrx_word' id='word_1_68' title='bbox 1036 1281 1122 1347; x_wconf 80' lang='lat' dir='ltr'><strong>l2,</strong></span> <span class='ocrx_word' id='word_1_69' title='bbox 1151 1296 1206 1351; x_wconf 91' lang='lat' dir='ltr'><strong>q.</strong></span> <span class='ocrx_word' id='word_1_70' title='bbox 1235 1278 1290 1344; x_wconf 82' lang='grc'><strong>2,</strong></span> <span class='ocrx_word' id='word_1_71' title='bbox 1320 1293 1369 1332; x_wconf 88' lang='lat' dir='ltr'><strong>c.</strong></span> <span class='ocrx_word' id='word_1_72' title='bbox 1418 1274 1600 1330; x_wconf 83' lang='lat' dir='ltr'><strong>Gloria</strong></span> <span class='ocrx_word' id='word_1_73' title='bbox 1632 1271 1878 1344; x_wconf 77' lang='lat' dir='ltr'><strong>episcopi,</strong></span> <span class='ocrx_word' id='word_1_74' title='bbox 1929 1278 2033 1324; x_wconf 91' lang='lat' dir='ltr'><strong>etc.</strong></span> <span class='ocrx_word' id='word_1_75' title='bbox 2079 1265 2140 1321; x_wconf 89' lang='lat' dir='ltr'><strong>Si</strong></span> 
     </span>
    </p>
   </div>
   <div class='ocr_carea' id='block_1_12' title="bbox 559 1356 2141 1449">
    <p class='ocr_par' dir='ltr' id='par_1_12' title="bbox 559 1356 2141 1449">
     <span class='ocr_line' id='line_1_12' title="bbox 559 1356 2141 1449; baseline -0.016 -14"><span class='ocrx_word' id='word_1_76' title='bbox 559 1379 666 1434; x_wconf 89' lang='lat' dir='ltr'><strong>hoc</strong></span> <span class='ocrx_word' id='word_1_77' title='bbox 689 1374 929 1449; x_wconf 81' lang='lat' dir='ltr'><strong>episcopi</strong></span> <span class='ocrx_word' id='word_1_78' title='bbox 955 1370 1329 1432; x_wconf 83' lang='lat' dir='ltr'><strong>attendissent,</strong></span> <span class='ocrx_word' id='word_1_79' title='bbox 1352 1364 1664 1422; x_wconf 77' lang='lat' dir='ltr'><strong>sacerdotes</strong></span> <span class='ocrx_word' id='word_1_80' title='bbox 1690 1362 1927 1416; x_wconf 86' lang='lat' dir='ltr'><strong>minores</strong></span> <span class='ocrx_word' id='word_1_81' title='bbox 1953 1356 2141 1412; x_wconf 87' lang='lat' dir='ltr'><strong>sedere</strong></span> 
     </span>
    </p>
   </div>
   <div class='ocr_carea' id='block_1_13' title="bbox 555 1452 2144 1540">
    <p class='ocr_par' dir='ltr' id='par_1_13' title="bbox 555 1452 2144 1540">
     <span class='ocr_line' id='line_1_13' title="bbox 555 1452 2144 1540; baseline -0.016 -15"><span class='ocrx_word' id='word_1_82' title='bbox 555 1467 710 1540; x_wconf 84' lang='lat' dir='ltr'><strong>juxta</strong></span> <span class='ocrx_word' id='word_1_83' title='bbox 738 1464 1032 1522; x_wconf 83' lang='lat' dir='ltr'><strong>scabellum</strong></span> <span class='ocrx_word' id='word_1_84' title='bbox 1068 1475 1256 1518; x_wconf 89' lang='lat' dir='ltr'><strong>eorum</strong></span> <span class='ocrx_word' id='word_1_85' title='bbox 1288 1457 1484 1528; x_wconf 90' lang='lat' dir='ltr'><strong>pedum</strong></span> <span class='ocrx_word' id='word_1_86' title='bbox 1524 1455 1670 1526; x_wconf 85' lang='lat' dir='ltr'><strong>passi</strong></span> <span class='ocrx_word' id='word_1_87' title='bbox 1717 1467 1825 1507; x_wconf 91' lang='lat' dir='ltr'><strong>non</strong></span> <span class='ocrx_word' id='word_1_88' title='bbox 1851 1455 2053 1512; x_wconf 87' lang='lat' dir='ltr'><strong>essent,</strong></span> <span class='ocrx_word' id='word_1_89' title='bbox 2082 1452 2144 1500; x_wconf 92' lang='lat' dir='ltr'><strong>ut</strong></span> 
     </span>
    </p>
   </div>
   <div class='ocr_carea' id='block_1_14' title="bbox 561 1537 2141 1635">
    <p class='ocr_par' dir='ltr' id='par_1_14' title="bbox 561 1537 2141 1635">
     <span class='ocr_line' id='line_1_14' title="bbox 561 1537 2141 1635; baseline -0.017 -18"><span class='ocrx_word' id='word_1_90' title='bbox 561 1537 760 1635; x_wconf 86' lang='lat' dir='ltr'><strong>probat</strong></span> <span class='ocrx_word' id='word_1_91' title='bbox 787 1556 1078 1614; x_wconf 78' lang='lat' dir='ltr'><strong>concilium</strong></span> <span class='ocrx_word' id='word_1_92' title='bbox 1125 1549 1571 1621; x_wconf 88' lang='lat' dir='ltr'><strong>Carthaginense.</strong></span> <span class='ocrx_word' id='word_1_93' title='bbox 1620 1545 1688 1600; x_wconf 87' lang='lat' dir='ltr'><strong>Et</strong></span> <span class='ocrx_word' id='word_1_94' title='bbox 1714 1551 1799 1599; x_wconf 90' lang='lat' dir='ltr'><strong>est</strong></span> <span class='ocrx_word' id='word_1_95' title='bbox 1825 1541 1962 1596; x_wconf 89' lang='lat' dir='ltr'><strong>ratio</strong></span> <span class='ocrx_word' id='word_1_96' title='bbox 1991 1537 2141 1608; x_wconf 84' lang='lat' dir='ltr'><strong>quia,</strong></span> 
     </span>
    </p>
   </div>
   <div class='ocr_carea' id='block_1_15' title="bbox 561 1632 2142 1715">
    <p class='ocr_par' dir='ltr' id='par_1_15' title="bbox 561 1632 2142 1715">
     <span class='ocr_line' id='line_1_15' title="bbox 561 1632 2142 1715; baseline -0.017 -6"><span class='ocrx_word' id='word_1_97' title='bbox 561 1632 624 1708; x_wconf 76' lang='lat' dir='ltr'><strong>ut</strong></span> <span class='ocrx_word' id='word_1_98' title='bbox 639 1657 870 1708; x_wconf 80' lang='lat' dir='ltr'><strong>testatur</strong></span> <span class='ocrx_word' id='word_1_99' title='bbox 885 1649 1076 1704; x_wconf 79' lang='lat' dir='ltr'><strong>beatus</strong></span> <span class='ocrx_word' id='word_1_100' title='bbox 1099 1639 1393 1715; x_wconf 73' lang='lat' dir='ltr'><strong>Gregorius</strong></span> <span class='ocrx_word' id='word_1_101' title='bbox 1417 1656 1430 1692; x_wconf 91' lang='lat'><strong>:</strong></span> <span class='ocrx_word' id='word_1_102' title='bbox 1457 1636 1593 1694; x_wconf 87' lang='lat' dir='ltr'><strong>Cum</strong></span> <span class='ocrx_word' id='word_1_103' title='bbox 1622 1635 1780 1706; x_wconf 88' lang='lat' dir='ltr'><strong>culpa</strong></span> <span class='ocrx_word' id='word_1_104' title='bbox 1803 1647 1912 1688; x_wconf 90' lang='lat' dir='ltr'><strong>non</strong></span> <span class='ocrx_word' id='word_1_105' title='bbox 1935 1632 2142 1695; x_wconf 81' lang='lat' dir='ltr'><strong>subest,</strong></span> 
     </span>
    </p>
   </div>
   <div class='ocr_carea' id='block_1_16' title="bbox 561 1720 2142 1801">
    <p class='ocr_par' dir='ltr' id='par_1_16' title="bbox 561 1720 2142 1801">
     <span class='ocr_line' id='line_1_16' title="bbox 561 1720 2142 1801; baseline -0.019 2"><span class='ocrx_word' id='word_1_106' title='bbox 561 1756 754 1801; x_wconf 86' lang='lat' dir='ltr'><strong>omnes</strong></span> <span class='ocrx_word' id='word_1_107' title='bbox 793 1738 1088 1798; x_wconf 78' lang='lat' dir='ltr'><strong>sewndum</strong></span> <span class='ocrx_word' id='word_1_108' title='bbox 1129 1733 1395 1789; x_wconf 89' lang='lat' dir='ltr'><strong>rationem</strong></span> <span class='ocrx_word' id='word_1_109' title='bbox 1438 1726 1761 1785; x_wconf 78' lang='lat' dir='ltr'><strong>humilitatis</strong></span> <span class='ocrx_word' id='word_1_110' title='bbox 1788 1720 2023 1793; x_wconf 66' lang='lat' dir='ltr'><strong>aequales</strong></span> <span class='ocrx_word' id='word_1_111' title='bbox 2048 1734 2142 1776; x_wconf 90' lang='lat' dir='ltr'><strong>su-</strong></span> 
     </span>
    </p>
   </div>
   <div class='ocr_carea' id='block_1_17' title="bbox 563 1824 1438 1904">
    <p class='ocr_par' dir='ltr' id='par_1_17' title="bbox 563 1824 1438 1904">
     <span class='ocr_line' id='line_1_17' title="bbox 563 1824 1438 1904; baseline -0.017 -13"><span class='ocrx_word' id='word_1_112' title='bbox 563 1849 706 1902; x_wconf 91' lang='lat' dir='ltr'><strong>mus,</strong></span> <span class='ocrx_word' id='word_1_113' title='bbox 735 1839 797 1888; x_wconf 90' lang='lat' dir='ltr'><strong>ut</strong></span> <span class='ocrx_word' id='word_1_114' title='bbox 828 1829 1092 1904; x_wconf 87' lang='lat' dir='ltr'><strong>probatur</strong></span> <span class='ocrx_word' id='word_1_115' title='bbox 1117 1825 1188 1881; x_wconf 87' lang='lat'><strong>22</strong></span> <span class='ocrx_word' id='word_1_116' title='bbox 1213 1824 1364 1890; x_wconf 91' lang='lat' dir='ltr'><strong>dist.,</strong></span> <span class='ocrx_word' id='word_1_117' title='bbox 1387 1836 1438 1878; x_wconf 91' lang='lat' dir='ltr'><strong>c.</strong></span> 
     </span>
    </p>
   </div>
   <div class='ocr_carea' id='block_1_18' title="bbox 637 1899 2149 1996">
    <p class='ocr_par' dir='ltr' id='par_1_18' title="bbox 637 1899 2149 1996">
     <span class='ocr_line' id='line_1_18' title="bbox 637 1899 2149 1996; baseline -0.019 -12"><span class='ocrx_word' id='word_1_118' title='bbox 637 1899 790 1983; x_wconf 80' lang='lat' dir='ltr'><strong>Talia</strong></span> <span class='ocrx_word' id='word_1_119' title='bbox 817 1899 949 1996; x_wconf 77' lang='lat' dir='ltr'><strong>ergo</strong></span> <span class='ocrx_word' id='word_1_120' title='bbox 973 1931 1029 1978; x_wconf 88' lang='lat' dir='ltr'><strong>et</strong></span> <span class='ocrx_word' id='word_1_121' title='bbox 1051 1917 1372 1983; x_wconf 84' lang='lat' dir='ltr'><strong>consimilia,</strong></span> <span class='ocrx_word' id='word_1_122' title='bbox 1400 1915 1447 1971; x_wconf 89' lang='lat' dir='ltr'><strong>si</strong></span> <span class='ocrx_word' id='word_1_123' title='bbox 1479 1920 1605 1970; x_wconf 91' lang='lat' dir='ltr'><strong>sunt</strong></span> <span class='ocrx_word' id='word_1_124' title='bbox 1629 1908 1864 1975; x_wconf 89' lang='lat' dir='ltr'><strong>notoria,</strong></span> <span class='ocrx_word' id='word_1_125' title='bbox 1902 1907 1976 1960; x_wconf 88' lang='lat' dir='ltr'><strong>ita</strong></span> <span class='ocrx_word' id='word_1_126' title='bbox 2002 1899 2149 1974; x_wconf 87' lang='lat' dir='ltr'><strong>quod</strong></span> 
     </span>
    </p>
   </div>
   <div class='ocr_carea' id='block_1_19' title="bbox 2234 711 3812 784">
    <p class='ocr_par' dir='ltr' id='par_1_19' title="bbox 2234 711 3812 784">
     <span class='ocr_line' id='line_1_19' title="bbox 2234 711 3812 784; baseline 0.001 -15"><span class='ocrx_word' id='word_1_127' title='bbox 2234 729 2338 784; x_wconf 90' lang='lat' dir='ltr'><strong>que</strong></span> <span class='ocrx_word' id='word_1_128' title='bbox 2372 715 2572 770; x_wconf 85' lang='lat' dir='ltr'><strong>habent</strong></span> <span class='ocrx_word' id='word_1_129' title='bbox 2596 714 2839 770; x_wconf 89' lang='lat' dir='ltr'><strong>abbatias</strong></span> <span class='ocrx_word' id='word_1_130' title='bbox 2864 728 2963 784; x_wconf 89' lang='lat' dir='ltr'><strong>per</strong></span> <span class='ocrx_word' id='word_1_131' title='bbox 2995 712 3281 769; x_wconf 90' lang='lat' dir='ltr'><strong>simoniam</strong></span> <span class='ocrx_word' id='word_1_132' title='bbox 3307 729 3320 766; x_wconf 93' lang='lat'><strong>:</strong></span> <span class='ocrx_word' id='word_1_133' title='bbox 3350 720 3408 768; x_wconf 89' lang='lat' dir='ltr'><strong>et</strong></span> <span class='ocrx_word' id='word_1_134' title='bbox 3427 711 3519 768; x_wconf 85' lang='lat' dir='ltr'><strong>isti</strong></span> <span class='ocrx_word' id='word_1_135' title='bbox 3545 711 3690 768; x_wconf 85' lang='lat' dir='ltr'><strong>tales</strong></span> <span class='ocrx_word' id='word_1_136' title='bbox 3707 729 3812 770; x_wconf 86' lang='lat' dir='ltr'><strong>non</strong></span> 
     </span>
    </p>
   </div>
   <div class='ocr_carea' id='block_1_20' title="bbox 2233 803 3814 880">
    <p class='ocr_par' dir='ltr' id='par_1_20' title="bbox 2233 803 3814 880">
     <span class='ocr_line' id='line_1_20' title="bbox 2233 803 3814 880; baseline 0 -17"><span class='ocrx_word' id='word_1_137' title='bbox 2233 816 2455 880; x_wconf 89' lang='lat' dir='ltr'><strong>possunt</strong></span> <span class='ocrx_word' id='word_1_138' title='bbox 2487 822 2770 863; x_wconf 89' lang='lat' dir='ltr'><strong>remanere</strong></span> <span class='ocrx_word' id='word_1_139' title='bbox 2816 806 2873 861; x_wconf 89' lang='lat' dir='ltr'><strong>in</strong></span> <span class='ocrx_word' id='word_1_140' title='bbox 2919 803 3384 862; x_wconf 82' lang='lat' dir='ltr'><strong>administratione</strong></span> <span class='ocrx_word' id='word_1_141' title='bbox 3402 843 3418 870; x_wconf 93' lang='lat'><strong>,</strong></span> <span class='ocrx_word' id='word_1_142' title='bbox 3465 812 3528 860; x_wconf 92' lang='lat' dir='ltr'><strong>ut</strong></span> <span class='ocrx_word' id='word_1_143' title='bbox 3551 805 3814 876; x_wconf 78' lang='lat' dir='ltr'><strong>probatur</strong></span> 
     </span>
    </p>
   </div>
   <div class='ocr_carea' id='block_1_21' title="bbox 2234 896 3812 966">
    <p class='ocr_par' dir='ltr' id='par_1_21' title="bbox 2234 896 3812 966">
     <span class='ocr_line' id='line_1_21' title="bbox 2234 896 3812 966; baseline -0.001 -12"><span class='ocrx_word' id='word_1_144' title='bbox 2234 912 2321 954; x_wconf 89' lang='lat' dir='ltr'><strong>ex.</strong></span> <span class='ocrx_word' id='word_1_145' title='bbox 2351 898 2418 954; x_wconf 92' lang='lat' dir='ltr'><strong>de</strong></span> <span class='ocrx_word' id='word_1_146' title='bbox 2445 897 2706 964; x_wconf 90' lang='lat' dir='ltr'><strong>Simonia,</strong></span> <span class='ocrx_word' id='word_1_147' title='bbox 2730 914 2781 954; x_wconf 89' lang='lat' dir='ltr'><strong>c.</strong></span> <span class='ocrx_word' id='word_1_148' title='bbox 2806 896 3067 953; x_wconf 73' lang='lat' dir='ltr'><strong>Pervenit.</strong></span> <span class='ocrx_word' id='word_1_149' title='bbox 3119 897 3188 952; x_wconf 83' lang='lat' dir='ltr'><strong>Et</strong></span> <span class='ocrx_word' id='word_1_150' title='bbox 3212 896 3370 963; x_wconf 82' lang='lat' dir='ltr'><strong>tales,</strong></span> <span class='ocrx_word' id='word_1_151' title='bbox 3389 896 3438 954; x_wconf 89' lang='lat' dir='ltr'><strong>si</strong></span> <span class='ocrx_word' id='word_1_152' title='bbox 3461 908 3812 966; x_wconf 79' lang='lat' dir='ltr'><strong>accusantur,</strong></span> 
     </span>
    </p>
   </div>
   <div class='ocr_carea' id='block_1_22' title="bbox 2235 987 3812 1063">
    <p class='ocr_par' dir='ltr' id='par_1_22' title="bbox 2235 987 3812 1063">
     <span class='ocr_line' id='line_1_22' title="bbox 2235 987 3812 1063; baseline 0 -17"><span class='ocrx_word' id='word_1_153' title='bbox 2235 999 2382 1047; x_wconf 89' lang='lat' dir='ltr'><strong>recte</strong></span> <span class='ocrx_word' id='word_1_154' title='bbox 2412 993 2609 1048; x_wconf 91' lang='lat' dir='ltr'><strong>debent</strong></span> <span class='ocrx_word' id='word_1_155' title='bbox 2632 991 2845 1063; x_wconf 86' lang='lat' dir='ltr'><strong>deponi,</strong></span> <span class='ocrx_word' id='word_1_156' title='bbox 2873 998 2984 1046; x_wconf 92' lang='lat' dir='ltr'><strong>ext.</strong></span> <span class='ocrx_word' id='word_1_157' title='bbox 3015 991 3083 1046; x_wconf 92' lang='lat' dir='ltr'><strong>de</strong></span> <span class='ocrx_word' id='word_1_158' title='bbox 3110 989 3371 1056; x_wconf 89' lang='lat' dir='ltr'><strong>Simonia,</strong></span> <span class='ocrx_word' id='word_1_159' title='bbox 3390 987 3630 1044; x_wconf 79' lang='lat' dir='ltr'><strong>Dilectus</strong></span> <span class='ocrx_word' id='word_1_160' title='bbox 3653 988 3812 1059; x_wconf 73' lang='lat' dir='ltr'><strong>ﬁlius.</strong></span> 
     </span>
    </p>
   </div>
   <div class='ocr_carea' id='block_1_23' title="bbox 2235 1082 3886 1154">
    <p class='ocr_par' dir='ltr' id='par_1_23' title="bbox 2235 1082 3886 1154">
     <span class='ocr_line' id='line_1_23' title="bbox 2235 1082 3886 1154; baseline 0.001 -17"><span class='ocrx_word' id='word_1_161' title='bbox 2235 1082 2386 1138; x_wconf 83' lang='lat' dir='ltr'><strong>Alias</strong></span> <span class='ocrx_word' id='word_1_162' title='bbox 2412 1092 2615 1151; x_wconf 89' lang='lat' dir='ltr'><strong>autem,</strong></span> <span class='ocrx_word' id='word_1_163' title='bbox 2642 1083 2936 1154; x_wconf 86' lang='lat' dir='ltr'><strong>puniuntur</strong></span> <span class='ocrx_word' id='word_1_164' title='bbox 2975 1083 3045 1139; x_wconf 90' lang='lat' dir='ltr'><strong>ad</strong></span> <span class='ocrx_word' id='word_1_165' title='bbox 3071 1083 3357 1138; x_wconf 85' lang='lat' dir='ltr'><strong>arbitrium</strong></span> <span class='ocrx_word' id='word_1_166' title='bbox 3373 1082 3614 1152; x_wconf 81' lang='lat' dir='ltr'><strong>judicia,</strong></span> <span class='ocrx_word' id='word_1_167' title='bbox 3643 1090 3706 1139; x_wconf 93' lang='lat' dir='ltr'><strong>ut</strong></span> <span class='ocrx_word' id='word_1_168' title='bbox 3730 1098 3812 1139; x_wconf 87' lang='lat' dir='ltr'><strong>ex.</strong></span> <span class='ocrx_word' id='word_1_169' title='bbox 3881 1124 3886 1132; x_wconf 86' lang='lat'><strong>.</strong></span> 
     </span>
    </p>
   </div>
   <div class='ocr_carea' id='block_1_24' title="bbox 2239 1173 2591 1232">
    <p class='ocr_par' dir='ltr' id='par_1_24' title="bbox 2239 1173 2591 1232">
     <span class='ocr_line' id='line_1_24' title="bbox 2239 1173 2591 1232; baseline -0.006 0"><span class='ocrx_word' id='word_1_170' title='bbox 2239 1176 2305 1232; x_wconf 89' lang='lat' dir='ltr'><strong>de</strong></span> <span class='ocrx_word' id='word_1_171' title='bbox 2331 1173 2591 1231; x_wconf 76' lang='lat' dir='ltr'><strong>Simonis.</strong></span> 
     </span>
    </p>
   </div>
   <div class='ocr_carea' id='block_1_25' title="bbox 2309 1265 3816 1336">
    <p class='ocr_par' dir='ltr' id='par_1_25' title="bbox 2309 1265 3816 1336">
     <span class='ocr_line' id='line_1_25' title="bbox 2309 1265 3816 1336; baseline 0 -14"><span class='ocrx_word' id='word_1_172' title='bbox 2309 1267 2406 1323; x_wconf 88' lang='lat' dir='ltr'><strong>Est</strong></span> <span class='ocrx_word' id='word_1_173' title='bbox 2443 1275 2625 1324; x_wconf 91' lang='lat' dir='ltr'><strong>autem</strong></span> <span class='ocrx_word' id='word_1_174' title='bbox 2669 1275 2922 1336; x_wconf 90' lang='lat' dir='ltr'><strong>quartum</strong></span> <span class='ocrx_word' id='word_1_175' title='bbox 2957 1265 3149 1323; x_wconf 80' lang='lat' dir='ltr'><strong>vitium</strong></span> <span class='ocrx_word' id='word_1_176' title='bbox 3176 1266 3425 1334; x_wconf 83' lang='lat' dir='ltr'><strong>mortale,</strong></span> <span class='ocrx_word' id='word_1_177' title='bbox 3449 1265 3583 1324; x_wconf 88' lang='lat' dir='ltr'><strong>licet</strong></span> <span class='ocrx_word' id='word_1_178' title='bbox 3612 1281 3726 1322; x_wconf 90' lang='lat' dir='ltr'><strong>non</strong></span> <span class='ocrx_word' id='word_1_179' title='bbox 3748 1268 3816 1322; x_wconf 86' lang='lat' dir='ltr'><strong>ita</strong></span> 
     </span>
    </p>
   </div>
   <div class='ocr_carea' id='block_1_26' title="bbox 2241 1360 3818 1434">
    <p class='ocr_par' dir='ltr' id='par_1_26' title="bbox 2241 1360 3818 1434">
     <span class='ocr_line' id='line_1_26' title="bbox 2241 1360 3818 1434; baseline 0.002 -20"><span class='ocrx_word' id='word_1_180' title='bbox 2241 1373 2520 1431; x_wconf 88' lang='lat' dir='ltr'><strong>magnum,</strong></span> <span class='ocrx_word' id='word_1_181' title='bbox 2547 1360 2688 1416; x_wconf 87' lang='lat' dir='ltr'><strong>sicut</strong></span> <span class='ocrx_word' id='word_1_182' title='bbox 2716 1376 2883 1416; x_wconf 91' lang='lat' dir='ltr'><strong>unum</strong></span> <span class='ocrx_word' id='word_1_183' title='bbox 2909 1361 3310 1433; x_wconf 68' lang='lat' dir='ltr'><strong>prmmissomm</strong></span> <span class='ocrx_word' id='word_1_184' title='bbox 3327 1402 3343 1428; x_wconf 89' lang='lat'><strong>,</strong></span> <span class='ocrx_word' id='word_1_185' title='bbox 3369 1360 3518 1434; x_wconf 92' lang='lat' dir='ltr'><strong>quod</strong></span> <span class='ocrx_word' id='word_1_186' title='bbox 3544 1360 3818 1433; x_wconf 85' lang='lat' dir='ltr'><strong>negligunt</strong></span> 
     </span>
    </p>
   </div>
   <div class='ocr_carea' id='block_1_27' title="bbox 2243 1453 3812 1526">
    <p class='ocr_par' dir='ltr' id='par_1_27' title="bbox 2243 1453 3812 1526">
     <span class='ocr_line' id='line_1_27' title="bbox 2243 1453 3812 1526; baseline 0 -18"><span class='ocrx_word' id='word_1_187' title='bbox 2243 1455 2538 1510; x_wconf 87' lang='lat' dir='ltr'><strong>monachos</strong></span> <span class='ocrx_word' id='word_1_188' title='bbox 2562 1469 2688 1510; x_wconf 91' lang='lat' dir='ltr'><strong>suos</strong></span> <span class='ocrx_word' id='word_1_189' title='bbox 2716 1453 2966 1525; x_wconf 81' lang='lat' dir='ltr'><strong>fugitivos</strong></span> <span class='ocrx_word' id='word_1_190' title='bbox 2989 1496 3006 1520; x_wconf 91' lang='lat'><strong>,</strong></span> <span class='ocrx_word' id='word_1_191' title='bbox 3054 1461 3114 1508; x_wconf 92' lang='lat' dir='ltr'><strong>ut</strong></span> <span class='ocrx_word' id='word_1_192' title='bbox 3140 1455 3401 1525; x_wconf 90' lang='lat' dir='ltr'><strong>probatur</strong></span> <span class='ocrx_word' id='word_1_193' title='bbox 3424 1453 3516 1521; x_wconf 75' lang='lat'><strong>18,</strong></span> <span class='ocrx_word' id='word_1_194' title='bbox 3547 1470 3608 1526; x_wconf 91' lang='lat' dir='ltr'><strong>q.</strong></span> <span class='ocrx_word' id='word_1_195' title='bbox 3640 1453 3696 1520; x_wconf 89' lang='lat'><strong>2,</strong></span> <span class='ocrx_word' id='word_1_196' title='bbox 3718 1453 3812 1508; x_wconf 78' lang='lat' dir='ltr'><strong>Ab-</strong></span> 
     </span>
    </p>
   </div>
   <div class='ocr_carea' id='block_1_28' title="bbox 2244 1542 3419 1615">
    <p class='ocr_par' dir='ltr' id='par_1_28' title="bbox 2244 1542 3419 1615">
     <span class='ocr_line' id='line_1_28' title="bbox 2244 1542 3419 1615; baseline 0 -17"><span class='ocrx_word' id='word_1_197' title='bbox 2244 1544 2404 1610; x_wconf 85' lang='lat' dir='ltr'><strong>bates,</strong></span> <span class='ocrx_word' id='word_1_198' title='bbox 2436 1553 2492 1600; x_wconf 92' lang='lat' dir='ltr'><strong>et</strong></span> <span class='ocrx_word' id='word_1_199' title='bbox 2513 1560 2601 1599; x_wconf 91' lang='lat' dir='ltr'><strong>ex.</strong></span> <span class='ocrx_word' id='word_1_200' title='bbox 2633 1545 2700 1599; x_wconf 92' lang='lat' dir='ltr'><strong>de</strong></span> <span class='ocrx_word' id='word_1_201' title='bbox 2724 1543 2950 1615; x_wconf 79' lang='lat' dir='ltr'><strong>Regula,</strong></span> <span class='ocrx_word' id='word_1_202' title='bbox 2975 1559 3024 1600; x_wconf 90' lang='lat' dir='ltr'><strong>c.</strong></span> <span class='ocrx_word' id='word_1_203' title='bbox 3059 1542 3141 1597; x_wconf 86' lang='lat' dir='ltr'><strong>Ne</strong></span> <span class='ocrx_word' id='word_1_204' title='bbox 3170 1542 3419 1614; x_wconf 77' lang='lat' dir='ltr'><strong>religiosi.</strong></span> 
     </span>
    </p>
   </div>
   <div class='ocr_carea' id='block_1_29' title="bbox 2314 1636 3818 1709">
    <p class='ocr_par' dir='ltr' id='par_1_29' title="bbox 2314 1636 3818 1709">
     <span class='ocr_line' id='line_1_29' title="bbox 2314 1636 3818 1709; baseline 0 -15"><span class='ocrx_word' id='word_1_205' title='bbox 2314 1638 2412 1694; x_wconf 88' lang='lat' dir='ltr'><strong>Est</strong></span> <span class='ocrx_word' id='word_1_206' title='bbox 2446 1645 2625 1694; x_wconf 87' lang='lat' dir='ltr'><strong>autem</strong></span> <span class='ocrx_word' id='word_1_207' title='bbox 2647 1637 2896 1709; x_wconf 80' lang='lat' dir='ltr'><strong>quintth</strong></span> <span class='ocrx_word' id='word_1_208' title='bbox 2920 1637 3133 1703; x_wconf 89' lang='lat' dir='ltr'><strong>vitium,</strong></span> <span class='ocrx_word' id='word_1_209' title='bbox 3181 1638 3324 1708; x_wconf 92' lang='lat' dir='ltr'><strong>quod</strong></span> <span class='ocrx_word' id='word_1_210' title='bbox 3349 1636 3626 1708; x_wconf 87' lang='lat' dir='ltr'><strong>recipiunt</strong></span> <span class='ocrx_word' id='word_1_211' title='bbox 3648 1652 3818 1694; x_wconf 61' lang='lat' dir='ltr'><strong>monac</strong></span> 
     </span>
    </p>
   </div>
   <div class='ocr_carea' id='block_1_30' title="bbox 2247 1732 3819 1804">
    <p class='ocr_par' dir='ltr' id='par_1_30' title="bbox 2247 1732 3819 1804">
     <span class='ocr_line' id='line_1_30' title="bbox 2247 1732 3819 1804; baseline -0.001 -13"><span class='ocrx_word' id='word_1_212' title='bbox 2247 1737 2379 1792; x_wconf 91' lang='lat' dir='ltr'><strong>chos</strong></span> <span class='ocrx_word' id='word_1_213' title='bbox 2405 1743 2690 1791; x_wconf 88' lang='lat' dir='ltr'><strong>extraneos</strong></span> <span class='ocrx_word' id='word_1_214' title='bbox 2716 1734 2836 1790; x_wconf 88' lang='lat' dir='ltr'><strong>sine</strong></span> <span class='ocrx_word' id='word_1_215' title='bbox 2874 1733 3070 1790; x_wconf 86' lang='lat' dir='ltr'><strong>litteris</strong></span> <span class='ocrx_word' id='word_1_216' title='bbox 3105 1732 3584 1799; x_wconf 81' lang='lat' dir='ltr'><strong>commendatitiis,</strong></span> <span class='ocrx_word' id='word_1_217' title='bbox 3626 1740 3687 1787; x_wconf 92' lang='lat' dir='ltr'><strong>ut</strong></span> <span class='ocrx_word' id='word_1_218' title='bbox 3707 1748 3819 1804; x_wconf 87' lang='lat' dir='ltr'><strong>pro-</strong></span> 
     </span>
    </p>
   </div>
   <div class='ocr_carea' id='block_1_31' title="bbox 2246 1827 2704 1898">
    <p class='ocr_par' dir='ltr' id='par_1_31' title="bbox 2246 1827 2704 1898">
     <span class='ocr_line' id='line_1_31' title="bbox 2246 1827 2704 1898; baseline -0.002 -16"><span class='ocrx_word' id='word_1_219' title='bbox 2246 1827 2407 1883; x_wconf 85' lang='lat' dir='ltr'><strong>batur</strong></span> <span class='ocrx_word' id='word_1_220' title='bbox 2443 1828 2534 1893; x_wconf 76' lang='lat'><strong>28,</strong></span> <span class='ocrx_word' id='word_1_221' title='bbox 2563 1843 2618 1898; x_wconf 91' lang='lat' dir='ltr'><strong>q.</strong></span> <span class='ocrx_word' id='word_1_222' title='bbox 2649 1827 2704 1882; x_wconf 81' lang='grc'><strong>2.</strong></span> 
     </span>
    </p>
   </div>
   <div class='ocr_carea' id='block_1_32' title="bbox 2263 1914 3818 1988">
    <p class='ocr_par' dir='ltr' id='par_1_32' title="bbox 2263 1914 3818 1988">
     <span class='ocr_line' id='line_1_32' title="bbox 2263 1914 3818 1988; baseline -0.003 -12"><span class='ocrx_word' id='word_1_223' title='bbox 2263 1924 2271 1929; x_wconf 86' lang='grc'><em>’</em></span> <span class='ocrx_word' id='word_1_224' title='bbox 2321 1921 2419 1976; x_wconf 88' lang='lat' dir='ltr'><strong>Est</strong></span> <span class='ocrx_word' id='word_1_225' title='bbox 2441 1928 2622 1976; x_wconf 88' lang='lat' dir='ltr'><strong>autem</strong></span> <span class='ocrx_word' id='word_1_226' title='bbox 2648 1926 2860 1976; x_wconf 86' lang='lat' dir='ltr'><strong>sextum</strong></span> <span class='ocrx_word' id='word_1_227' title='bbox 2882 1917 3090 1981; x_wconf 87' lang='lat' dir='ltr'><strong>vitium,</strong></span> <span class='ocrx_word' id='word_1_228' title='bbox 3123 1916 3265 1988; x_wconf 86' lang='lat' dir='ltr'><strong>quod</strong></span> <span class='ocrx_word' id='word_1_229' title='bbox 3289 1914 3520 1984; x_wconf 76' lang='lat' dir='ltr'><strong>ejiciunt</strong></span> <span class='ocrx_word' id='word_1_230' title='bbox 3541 1918 3818 1974; x_wconf 84' lang='lat' dir='ltr'><strong>monachos</strong></span> 
     </span>
    </p>
   </div>
   <div class='ocr_carea' id='block_1_33' title="bbox 561 1996 2158 2090">
    <p class='ocr_par' dir='ltr' id='par_1_33' title="bbox 561 1998 2152 2090">
     <span class='ocr_line' id='line_1_33' title="bbox 561 1998 2152 2090; baseline -0.019 -13"><span class='ocrx_word' id='word_1_231' title='bbox 561 2022 684 2087; x_wconf 77' lang='lat' dir='ltr'><strong>sine</strong></span> <span class='ocrx_word' id='word_1_232' title='bbox 706 2031 902 2090; x_wconf 87' lang='lat' dir='ltr'><strong>magno</strong></span> <span class='ocrx_word' id='word_1_233' title='bbox 934 2011 1188 2070; x_wconf 85' lang='lat' dir='ltr'><strong>seandalo</strong></span> <span class='ocrx_word' id='word_1_234' title='bbox 1233 2006 1535 2081; x_wconf 88' lang='lat' dir='ltr'><strong>perpetrari</strong></span> <span class='ocrx_word' id='word_1_235' title='bbox 1571 2018 1680 2058; x_wconf 90' lang='lat' dir='ltr'><strong>non</strong></span> <span class='ocrx_word' id='word_1_236' title='bbox 1715 1998 2008 2071; x_wconf 87' lang='lat' dir='ltr'><strong>potuerint,</strong></span> <span class='ocrx_word' id='word_1_237' title='bbox 2039 2008 2152 2048; x_wconf 91' lang='lat' dir='ltr'><strong>me-</strong></span> 
     </span>
    </p>
   </div>
   <div class='ocr_carea' id='block_1_34' title="bbox 2261 1996 3463 2090">
    <p class='ocr_par' dir='ltr' id='par_1_34' title="bbox 2261 2007 3463 2080">
     <span class='ocr_line' id='line_1_34' title="bbox 2261 2007 3463 2080; baseline -0.007 -9"><span class='ocrx_word' id='word_1_238' title='bbox 2261 2029 2380 2071; x_wconf 87' lang='lat' dir='ltr'><strong>suos</strong></span> <span class='ocrx_word' id='word_1_239' title='bbox 2404 2013 2715 2074; x_wconf 86' lang='lat' dir='ltr'><strong>indiscrete,</strong></span> <span class='ocrx_word' id='word_1_240' title='bbox 2745 2020 2805 2065; x_wconf 90' lang='lat' dir='ltr'><strong>ut</strong></span> <span class='ocrx_word' id='word_1_241' title='bbox 2831 2023 2916 2064; x_wconf 88' lang='lat' dir='ltr'><strong>ex.</strong></span> <span class='ocrx_word' id='word_1_242' title='bbox 2949 2010 3017 2064; x_wconf 91' lang='lat' dir='ltr'><strong>de</strong></span> <span class='ocrx_word' id='word_1_243' title='bbox 3038 2007 3254 2080; x_wconf 86' lang='lat' dir='ltr'><strong>chul.,</strong></span> <span class='ocrx_word' id='word_1_244' title='bbox 3279 2008 3381 2062; x_wconf 91' lang='lat' dir='ltr'><strong>ult.</strong></span> <span class='ocrx_word' id='word_1_245' title='bbox 3413 2024 3463 2063; x_wconf 88' lang='lat' dir='ltr'><strong>c.</strong></span> 
     </span>
    </p>
   </div>
   <div class='ocr_carea' id='block_1_35' title="bbox 566 2088 2150 2184">
    <p class='ocr_par' dir='ltr' id='par_1_35' title="bbox 566 2088 2150 2184">
     <span class='ocr_line' id='line_1_35' title="bbox 566 2088 2150 2184; baseline -0.021 -14"><span class='ocrx_word' id='word_1_246' title='bbox 566 2088 894 2184; x_wconf 78' lang='lat' dir='ltr'><strong>tropolitano</strong></span> <span class='ocrx_word' id='word_1_247' title='bbox 920 2114 1048 2164; x_wconf 89' lang='lat' dir='ltr'><strong>sunt</strong></span> <span class='ocrx_word' id='word_1_248' title='bbox 1079 2101 1405 2165; x_wconf 81' lang='lat' dir='ltr'><strong>confitenda,</strong></span> <span class='ocrx_word' id='word_1_249' title='bbox 1435 2107 1492 2154; x_wconf 89' lang='lat' dir='ltr'><strong>et</strong></span> <span class='ocrx_word' id='word_1_250' title='bbox 1515 2098 1584 2152; x_wconf 91' lang='lat' dir='ltr'><strong>ab</strong></span> <span class='ocrx_word' id='word_1_251' title='bbox 1606 2109 1672 2150; x_wconf 93' lang='lat' dir='ltr'><strong>eo</strong></span> <span class='ocrx_word' id='word_1_252' title='bbox 1697 2088 2027 2160; x_wconf 79' lang='lat' dir='ltr'><strong>indulgentia</strong></span> <span class='ocrx_word' id='word_1_253' title='bbox 2054 2100 2150 2156; x_wconf 89' lang='lat' dir='ltr'><strong>pe-</strong></span> 
     </span>
    </p>
   </div>
   <div class='ocr_carea' id='block_1_36' title="bbox 569 2183 2152 2272">
    <p class='ocr_par' dir='ltr' id='par_1_36' title="bbox 569 2183 2152 2272">
     <span class='ocr_line' id='line_1_36' title="bbox 569 2183 2152 2272; baseline -0.018 -10"><span class='ocrx_word' id='word_1_254' title='bbox 569 2183 752 2272; x_wconf 82' lang='lat' dir='ltr'><strong>tenda,</strong></span> <span class='ocrx_word' id='word_1_255' title='bbox 781 2203 852 2259; x_wconf 90' lang='lat' dir='ltr'><strong>ad</strong></span> <span class='ocrx_word' id='word_1_256' title='bbox 899 2203 1004 2258; x_wconf 92' lang='lat' dir='ltr'><strong>hoc</strong></span> <span class='ocrx_word' id='word_1_257' title='bbox 1032 2207 1094 2256; x_wconf 92' lang='lat' dir='ltr'><strong>ut</strong></span> <span class='ocrx_word' id='word_1_258' title='bbox 1124 2197 1392 2254; x_wconf 87' lang='lat' dir='ltr'><strong>medicina</strong></span> <span class='ocrx_word' id='word_1_259' title='bbox 1420 2189 1754 2264; x_wconf 74' lang='lat' dir='ltr'><strong>poenitentiae</strong></span> <span class='ocrx_word' id='word_1_260' title='bbox 1790 2183 1997 2240; x_wconf 88' lang='lat' dir='ltr'><strong>utiliter</strong></span> <span class='ocrx_word' id='word_1_261' title='bbox 2030 2193 2152 2235; x_wconf 88' lang='lat' dir='ltr'><strong>esse</strong></span> 
     </span>
    </p>
   </div>
   <div class='ocr_carea' id='block_1_37' title="bbox 566 2280 2151 2371">
    <p class='ocr_par' dir='ltr' id='par_1_37' title="bbox 566 2280 2151 2371">
     <span class='ocr_line' id='line_1_37' title="bbox 566 2280 2151 2371; baseline -0.018 -16"><span class='ocrx_word' id='word_1_262' title='bbox 566 2298 759 2371; x_wconf 80' lang='lat' dir='ltr'><strong>possit,</strong></span> <span class='ocrx_word' id='word_1_263' title='bbox 798 2302 860 2352; x_wconf 92' lang='lat' dir='ltr'><strong>ut</strong></span> <span class='ocrx_word' id='word_1_264' title='bbox 884 2295 1146 2366; x_wconf 89' lang='lat' dir='ltr'><strong>probatur</strong></span> <span class='ocrx_word' id='word_1_265' title='bbox 1180 2290 1305 2345; x_wconf 89' lang='lat' dir='ltr'><strong>dist.</strong></span> <span class='ocrx_word' id='word_1_266' title='bbox 1332 2288 1382 2352; x_wconf 80' lang='lat' dir='ltr'><strong>i,</strong></span> <span class='ocrx_word' id='word_1_267' title='bbox 1416 2301 1464 2341; x_wconf 91' lang='lat' dir='ltr'><strong>c.</strong></span> <span class='ocrx_word' id='word_1_268' title='bbox 1495 2293 1551 2339; x_wconf 92' lang='lat' dir='ltr'><strong>et</strong></span> <span class='ocrx_word' id='word_1_269' title='bbox 1578 2299 1628 2338; x_wconf 91' lang='lat' dir='ltr'><strong>c.</strong></span> <span class='ocrx_word' id='word_1_270' title='bbox 1657 2280 1716 2337; x_wconf 89' lang='lat' dir='ltr'><strong>Si</strong></span> <span class='ocrx_word' id='word_1_271' title='bbox 1761 2285 1944 2334; x_wconf 85' lang='lat' dir='ltr'><strong>autem</strong></span> <span class='ocrx_word' id='word_1_272' title='bbox 1965 2282 2151 2330; x_wconf 90' lang='lat' dir='ltr'><strong>notum</strong></span> 
     </span>
    </p>
   </div>
   <div class='ocr_carea' id='block_1_38' title="bbox 566 2374 2154 2454">
    <p class='ocr_par' dir='ltr' id='par_1_38' title="bbox 566 2374 2154 2454">
     <span class='ocr_line' id='line_1_38' title="bbox 566 2374 2154 2454; baseline -0.019 -2"><span class='ocrx_word' id='word_1_273' title='bbox 566 2409 675 2451; x_wconf 84' lang='lat' dir='ltr'><strong>non</strong></span> <span class='ocrx_word' id='word_1_274' title='bbox 702 2393 774 2447; x_wconf 89' lang='lat' dir='ltr'><strong>sit</strong></span> <span class='ocrx_word' id='word_1_275' title='bbox 790 2390 1026 2454; x_wconf 88' lang='lat' dir='ltr'><strong>crimen,</strong></span> <span class='ocrx_word' id='word_1_276' title='bbox 1056 2395 1111 2442; x_wconf 91' lang='lat' dir='ltr'><strong>et</strong></span> <span class='ocrx_word' id='word_1_277' title='bbox 1137 2397 1300 2454; x_wconf 89' lang='lat' dir='ltr'><strong>super</strong></span> <span class='ocrx_word' id='word_1_278' title='bbox 1336 2383 1441 2438; x_wconf 90' lang='lat' dir='ltr'><strong>hoc</strong></span> <span class='ocrx_word' id='word_1_279' title='bbox 1473 2375 1786 2435; x_wconf 86' lang='lat' dir='ltr'><strong>scandalum</strong></span> <span class='ocrx_word' id='word_1_280' title='bbox 1834 2388 1942 2428; x_wconf 89' lang='lat' dir='ltr'><strong>non</strong></span> <span class='ocrx_word' id='word_1_281' title='bbox 1967 2377 2068 2436; x_wconf 91' lang='lat' dir='ltr'><strong>est,</strong></span> <span class='ocrx_word' id='word_1_282' title='bbox 2096 2374 2154 2423; x_wconf 91' lang='lat' dir='ltr'><strong>et</strong></span> 
     </span>
    </p>
   </div>
   <div class='ocr_carea' id='block_1_39' title="bbox 566 2463 2155 2552">
    <p class='ocr_par' dir='ltr' id='par_1_39' title="bbox 566 2463 2155 2552">
     <span class='ocr_line' id='line_1_39' title="bbox 566 2463 2155 2552; baseline -0.016 -11"><span class='ocrx_word' id='word_1_283' title='bbox 566 2485 625 2541; x_wconf 90' lang='lat' dir='ltr'><strong>in</strong></span> <span class='ocrx_word' id='word_1_284' title='bbox 659 2482 782 2539; x_wconf 84' lang='lat' dir='ltr'><strong>aliis</strong></span> <span class='ocrx_word' id='word_1_285' title='bbox 818 2480 1056 2552; x_wconf 86' lang='lat' dir='ltr'><strong>peccatis</strong></span> <span class='ocrx_word' id='word_1_286' title='bbox 1098 2473 1503 2546; x_wconf 83' lang='lat' dir='ltr'><strong>corporalibus,</strong></span> <span class='ocrx_word' id='word_1_287' title='bbox 1553 2476 1777 2539; x_wconf 90' lang='lat' dir='ltr'><strong>excepta</strong></span> <span class='ocrx_word' id='word_1_288' title='bbox 1821 2463 2052 2522; x_wconf 87' lang='lat' dir='ltr'><strong>simonia</strong></span> <span class='ocrx_word' id='word_1_289' title='bbox 2096 2470 2155 2516; x_wconf 92' lang='lat' dir='ltr'><strong>et</strong></span> 
     </span>
    </p>
   </div>
   <div class='ocr_carea' id='block_1_40' title="bbox 567 2556 2156 2645">
    <p class='ocr_par' dir='ltr' id='par_1_40' title="bbox 567 2556 2156 2645">
     <span class='ocr_line' id='line_1_40' title="bbox 567 2556 2156 2645; baseline -0.016 -12"><span class='ocrx_word' id='word_1_290' title='bbox 567 2575 882 2641; x_wconf 90' lang='lat' dir='ltr'><strong>homicidio,</strong></span> <span class='ocrx_word' id='word_1_291' title='bbox 910 2577 1135 2645; x_wconf 88' lang='lat' dir='ltr'><strong>possunt</strong></span> <span class='ocrx_word' id='word_1_292' title='bbox 1157 2568 1258 2623; x_wconf 86' lang='lat' dir='ltr'><strong>sibi</strong></span> <span class='ocrx_word' id='word_1_293' title='bbox 1281 2566 1570 2623; x_wconf 88' lang='lat' dir='ltr'><strong>discretum</strong></span> <span class='ocrx_word' id='word_1_294' title='bbox 1598 2559 1931 2617; x_wconf 88' lang='lat' dir='ltr'><strong>sacerdotem</strong></span> <span class='ocrx_word' id='word_1_295' title='bbox 1952 2556 2156 2626; x_wconf 85' lang='lat' dir='ltr'><strong>eligere</strong></span> 
     </span>
    </p>
   </div>
   <div class='ocr_carea' id='block_1_41' title="bbox 567 2647 2155 2725">
    <p class='ocr_par' dir='ltr' id='par_1_41' title="bbox 567 2647 2155 2725">
     <span class='ocr_line' id='line_1_41' title="bbox 567 2647 2155 2725; baseline -0.018 2"><span class='ocrx_word' id='word_1_296' title='bbox 567 2665 951 2725; x_wconf 77' lang='lat' dir='ltr'><strong>confessorem.</strong></span> <span class='ocrx_word' id='word_1_297' title='bbox 974 2662 1240 2719; x_wconf 88' lang='lat' dir='ltr'><strong>Probatur</strong></span> <span class='ocrx_word' id='word_1_298' title='bbox 1264 2675 1350 2714; x_wconf 79' lang='lat' dir='ltr'><strong>ex.</strong></span> <span class='ocrx_word' id='word_1_299' title='bbox 1372 2657 1438 2712; x_wconf 89' lang='lat' dir='ltr'><strong>de</strong></span> <span class='ocrx_word' id='word_1_300' title='bbox 1462 2655 1782 2718; x_wconf 75' lang='lat' dir='ltr'><strong>Ptenitent.,</strong></span> <span class='ocrx_word' id='word_1_301' title='bbox 1807 2657 1912 2704; x_wconf 89' lang='lat' dir='ltr'><strong>etc.</strong></span> <span class='ocrx_word' id='word_1_302' title='bbox 1940 2647 2007 2702; x_wconf 91' lang='lat' dir='ltr'><strong>Et</strong></span> <span class='ocrx_word' id='word_1_303' title='bbox 2037 2647 2155 2701; x_wconf 83' lang='lat' dir='ltr'><strong>haec</strong></span> 
     </span>
    </p>
   </div>
   <div class='ocr_carea' id='block_1_42' title="bbox 568 2737 2154 2820">
    <p class='ocr_par' dir='ltr' id='par_1_42' title="bbox 568 2737 2154 2820">
     <span class='ocr_line' id='line_1_42' title="bbox 568 2737 2154 2820; baseline -0.018 -2"><span class='ocrx_word' id='word_1_304' title='bbox 568 2762 712 2818; x_wconf 87' lang='lat' dir='ltr'><strong>dicta</strong></span> <span class='ocrx_word' id='word_1_305' title='bbox 737 2766 862 2814; x_wconf 85' lang='lat' dir='ltr'><strong>sunt</strong></span> <span class='ocrx_word' id='word_1_306' title='bbox 886 2757 956 2812; x_wconf 86' lang='lat' dir='ltr'><strong>ad</strong></span> <span class='ocrx_word' id='word_1_307' title='bbox 995 2755 1256 2811; x_wconf 85' lang='lat' dir='ltr'><strong>honorem</strong></span> <span class='ocrx_word' id='word_1_308' title='bbox 1284 2750 1662 2820; x_wconf 87' lang='lat' dir='ltr'><strong>episcoporum</strong></span> <span class='ocrx_word' id='word_1_309' title='bbox 1679 2781 1696 2811; x_wconf 91' lang='lat'><strong>,</strong></span> <span class='ocrx_word' id='word_1_310' title='bbox 1721 2757 1833 2797; x_wconf 90' lang='lat' dir='ltr'><strong>non</strong></span> <span class='ocrx_word' id='word_1_311' title='bbox 1860 2737 2154 2810; x_wconf 87' lang='lat' dir='ltr'><strong>reprehen-</strong></span> 
     </span>
    </p>
   </div>
   <div class='ocr_carea' id='block_1_43' title="bbox 567 2832 2156 2919">
    <p class='ocr_par' dir='ltr' id='par_1_43' title="bbox 567 2832 2156 2919">
     <span class='ocr_line' id='line_1_43' title="bbox 567 2832 2156 2919; baseline -0.015 -10"><span class='ocrx_word' id='word_1_312' title='bbox 567 2853 767 2919; x_wconf 88' lang='lat' dir='ltr'><strong>dendo,</strong></span> <span class='ocrx_word' id='word_1_313' title='bbox 797 2850 893 2907; x_wconf 88' lang='lat' dir='ltr'><strong>sed</strong></span> <span class='ocrx_word' id='word_1_314' title='bbox 917 2847 1199 2905; x_wconf 90' lang='lat' dir='ltr'><strong>monendo.</strong></span> <span class='ocrx_word' id='word_1_315' title='bbox 1233 2843 1462 2910; x_wconf 79' lang='lat' dir='ltr'><strong>Quidam</strong></span> <span class='ocrx_word' id='word_1_316' title='bbox 1488 2839 1661 2896; x_wconf 82' lang='lat' dir='ltr'><strong>saneti</strong></span> <span class='ocrx_word' id='word_1_317' title='bbox 1697 2843 1846 2901; x_wconf 90' lang='lat' dir='ltr'><strong>sunt,</strong></span> <span class='ocrx_word' id='word_1_318' title='bbox 1869 2832 1963 2888; x_wconf 87' lang='lat' dir='ltr'><strong>sed</strong></span> <span class='ocrx_word' id='word_1_319' title='bbox 1981 2846 2156 2886; x_wconf 84' lang='lat' dir='ltr'><strong>unus-</strong></span> 
     </span>
    </p>
   </div>
   <div class='ocr_carea' id='block_1_44' title="bbox 568 2922 2158 3016">
    <p class='ocr_par' dir='ltr' id='par_1_44' title="bbox 568 2922 2158 3016">
     <span class='ocr_line' id='line_1_44' title="bbox 568 2922 2158 3016; baseline -0.016 -15"><span class='ocrx_word' id='word_1_320' title='bbox 568 2945 798 3016; x_wconf 84' lang='lat' dir='ltr'><strong>quisque</strong></span> <span class='ocrx_word' id='word_1_321' title='bbox 831 2941 1106 3013; x_wconf 85' lang='lat' dir='ltr'><strong>propriam</strong></span> <span class='ocrx_word' id='word_1_322' title='bbox 1149 2934 1537 2995; x_wconf 76' lang='lat' dir='ltr'><strong>conscientiam</strong></span> <span class='ocrx_word' id='word_1_323' title='bbox 1578 2929 1887 2989; x_wconf 85' lang='lat' dir='ltr'><strong>conveniat.</strong></span> <span class='ocrx_word' id='word_1_324' title='bbox 1922 2922 2158 2996; x_wconf 84' lang='lat' dir='ltr'><strong>Explicit</strong></span> 
     </span>
    </p>
   </div>
   <div class='ocr_carea' id='block_1_45' title="bbox 670 3129 2058 3216">
    <p class='ocr_par' dir='ltr' id='par_1_45' title="bbox 670 3129 2058 3216">
     <span class='ocr_line' id='line_1_45' title="bbox 670 3129 2058 3216; baseline -0.016 -12"><span class='ocrx_word' id='word_1_325' title='bbox 670 3145 753 3205; x_wconf 86' lang='lat' dir='ltr'><strong>De</strong></span> <span class='ocrx_word' id='word_1_326' title='bbox 772 3142 1096 3216; x_wconf 68' lang='lat' dir='ltr'><strong>confessione</strong></span> <span class='ocrx_word' id='word_1_327' title='bbox 1119 3129 1385 3206; x_wconf 65' lang='lat' dir='ltr'><strong>abbatem,</strong></span> <span class='ocrx_word' id='word_1_328' title='bbox 1410 3146 1461 3195; x_wconf 76' lang='lat' dir='ltr'><strong>et</strong></span> <span class='ocrx_word' id='word_1_329' title='bbox 1484 3137 1571 3194; x_wconf 72' lang='lat' dir='ltr'><strong>esi</strong></span> <span class='ocrx_word' id='word_1_330' title='bbox 1592 3133 1777 3192; x_wconf 74' lang='lat' dir='ltr'><strong>debent</strong></span> <span class='ocrx_word' id='word_1_331' title='bbox 1802 3129 2058 3202; x_wconf 71' lang='lat' dir='ltr'><strong>conﬁteri.</strong></span> 
     </span>
    </p>
   </div>
   <div class='ocr_carea' id='block_1_46' title="bbox 1182 3226 1547 3305">
    <p class='ocr_par' dir='ltr' id='par_1_46' title="bbox 1182 3226 1547 3305">
     <span class='ocr_line' id='line_1_46' title="bbox 1182 3226 1547 3305; baseline -0.016 -18"><span class='ocrx_word' id='word_1_332' title='bbox 1182 3230 1284 3305; x_wconf 90' lang='lat' dir='ltr'><strong>(Ex</strong></span> <span class='ocrx_word' id='word_1_333' title='bbox 1316 3245 1434 3301; x_wconf 86' lang='lat' dir='ltr'><strong>cap.</strong></span> <span class='ocrx_word' id='word_1_334' title='bbox 1467 3226 1547 3300; x_wconf 84' lang='lat'><strong>7.)</strong></span> 
     </span>
    </p>
   </div>
   <div class='ocr_carea' id='block_1_47' title="bbox 640 3309 2230 3425">
    <p class='ocr_par' dir='ltr' id='par_1_47' title="bbox 640 3309 2230 3425">
     <span class='ocr_line' id='line_1_47' title="bbox 640 3309 2230 3425; baseline -0.014 -38"><span class='ocrx_word' id='word_1_335' title='bbox 640 3328 721 3388; x_wconf 85' lang='lat' dir='ltr'><strong>De</strong></span> <span class='ocrx_word' id='word_1_336' title='bbox 741 3325 1078 3385; x_wconf 75' lang='lat' dir='ltr'><strong>confessione</strong></span> <span class='ocrx_word' id='word_1_337' title='bbox 1116 3322 1370 3425; x_wconf 71' lang='lat' dir='ltr'><strong>abbatum</strong></span> <span class='ocrx_word' id='word_1_338' title='bbox 1410 3319 1490 3425; x_wconf 67' lang='lat' dir='ltr'><strong>sic</strong></span> <span class='ocrx_word' id='word_1_339' title='bbox 1526 3318 1799 3425; x_wconf 59' lang='lat' dir='ltr'><strong>distingue</strong></span> <span class='ocrx_word' id='word_1_340' title='bbox 1823 3331 1839 3369; x_wconf 88' lang='lat'><strong>:</strong></span> <span class='ocrx_word' id='word_1_341' title='bbox 1863 3320 1959 3368; x_wconf 90' lang='lat' dir='ltr'><strong>aut</strong></span> <span class='ocrx_word' id='word_1_342' title='bbox 1985 3309 2156 3425; x_wconf 53' lang='lat' dir='ltr'><strong>ithbas</strong></span> <span class='ocrx_word' id='word_1_343' title='bbox 2183 3359 2230 3425; x_wconf 63' lang='grc' dir='ltr'>Ο</span> 
     </span>
    </p>
   </div>
   <div class='ocr_carea' id='block_1_48' title="bbox 569 3403 2159 3492">
    <p class='ocr_par' dir='ltr' id='par_1_48' title="bbox 569 3403 2159 3492">
     <span class='ocr_line' id='line_1_48' title="bbox 569 3403 2159 3492; baseline -0.013 -13"><span class='ocrx_word' id='word_1_344' title='bbox 569 3429 657 3480; x_wconf 88' lang='lat' dir='ltr'><strong>est</strong></span> <span class='ocrx_word' id='word_1_345' title='bbox 675 3425 987 3492; x_wconf 82' lang='lat' dir='ltr'><strong>exemptus,</strong></span> <span class='ocrx_word' id='word_1_346' title='bbox 1011 3424 1070 3472; x_wconf 90' lang='lat' dir='ltr'><strong>et</strong></span> <span class='ocrx_word' id='word_1_347' title='bbox 1097 3428 1204 3470; x_wconf 90' lang='lat' dir='ltr'><strong>non</strong></span> <span class='ocrx_word' id='word_1_348' title='bbox 1231 3413 1397 3469; x_wconf 87' lang='lat' dir='ltr'><strong>habet</strong></span> <span class='ocrx_word' id='word_1_349' title='bbox 1423 3410 1588 3465; x_wconf 87' lang='lat' dir='ltr'><strong>alium</strong></span> <span class='ocrx_word' id='word_1_350' title='bbox 1616 3409 1872 3463; x_wconf 86' lang='lat' dir='ltr'><strong>abbatem</strong></span> <span class='ocrx_word' id='word_1_351' title='bbox 1897 3403 2159 3474; x_wconf 75' lang='lat' dir='ltr'><strong>majorem</strong></span> 
     </span>
    </p>
   </div>
   <div class='ocr_carea' id='block_1_49' title="bbox 570 3498 2163 3587">
    <p class='ocr_par' dir='ltr' id='par_1_49' title="bbox 570 3498 2163 3587">
     <span class='ocr_line' id='line_1_49' title="bbox 570 3498 2163 3587; baseline -0.013 -13"><span class='ocrx_word' id='word_1_352' title='bbox 570 3521 881 3587; x_wconf 76' lang='lat' dir='ltr'><strong>exemptum</strong></span> <span class='ocrx_word' id='word_1_353' title='bbox 915 3522 1080 3585; x_wconf 89' lang='lat' dir='ltr'><strong>super</strong></span> <span class='ocrx_word' id='word_1_354' title='bbox 1106 3519 1184 3565; x_wconf 88' lang='lat' dir='ltr'><strong>se.</strong></span> <span class='ocrx_word' id='word_1_355' title='bbox 1226 3505 1286 3565; x_wconf 90' lang='lat' dir='ltr'><strong>Si</strong></span> <span class='ocrx_word' id='word_1_356' title='bbox 1324 3504 1490 3562; x_wconf 86' lang='lat' dir='ltr'><strong>estin</strong></span> <span class='ocrx_word' id='word_1_357' title='bbox 1519 3501 1763 3557; x_wconf 79' lang='lat' dir='ltr'><strong>Romana</strong></span> <span class='ocrx_word' id='word_1_358' title='bbox 1788 3500 1963 3567; x_wconf 88' lang='lat' dir='ltr'><strong>curia,</strong></span> <span class='ocrx_word' id='word_1_359' title='bbox 1999 3498 2163 3554; x_wconf 87' lang='lat' dir='ltr'><strong>debet</strong></span> 
     </span>
    </p>
   </div>
   <div class='ocr_carea' id='block_1_50' title="bbox 570 3593 2162 3676">
    <p class='ocr_par' dir='ltr' id='par_1_50' title="bbox 570 3593 2162 3676">
     <span class='ocr_line' id='line_1_50' title="bbox 570 3593 2162 3676; baseline -0.013 -8"><span class='ocrx_word' id='word_1_360' title='bbox 570 3607 821 3668; x_wconf 76' lang='lat' dir='ltr'><strong>conﬁteri</strong></span> <span class='ocrx_word' id='word_1_361' title='bbox 842 3605 1058 3664; x_wconf 88' lang='lat' dir='ltr'><strong>domino</strong></span> <span class='ocrx_word' id='word_1_362' title='bbox 1094 3616 1280 3676; x_wconf 65' lang='lat' dir='ltr'><strong>papae,</strong></span> <span class='ocrx_word' id='word_1_363' title='bbox 1313 3600 1399 3656; x_wconf 87' lang='lat' dir='ltr'><strong>vel</strong></span> <span class='ocrx_word' id='word_1_364' title='bbox 1425 3598 1543 3670; x_wconf 82' lang='lat' dir='ltr'><strong>ejus</strong></span> <span class='ocrx_word' id='word_1_365' title='bbox 1568 3593 1972 3665; x_wconf 74' lang='lat' dir='ltr'><strong>pmnitentiario</strong></span> <span class='ocrx_word' id='word_1_366' title='bbox 1999 3607 2162 3665; x_wconf 88' lang='lat' dir='ltr'><strong>gene-</strong></span> 
     </span>
    </p>
   </div>
   <div class='ocr_carea' id='block_1_51' title="bbox 571 3689 2164 3770">
    <p class='ocr_par' dir='ltr' id='par_1_51' title="bbox 571 3689 2164 3770">
     <span class='ocr_line' id='line_1_51' title="bbox 571 3689 2164 3770; baseline -0.011 -9"><span class='ocrx_word' id='word_1_367' title='bbox 571 3703 715 3770; x_wconf 87' lang='lat' dir='ltr'><strong>rali,</strong></span> <span class='ocrx_word' id='word_1_368' title='bbox 757 3709 819 3758; x_wconf 89' lang='lat' dir='ltr'><strong>ut</strong></span> <span class='ocrx_word' id='word_1_369' title='bbox 846 3701 1048 3758; x_wconf 89' lang='lat' dir='ltr'><strong>dictum</strong></span> <span class='ocrx_word' id='word_1_370' title='bbox 1089 3702 1177 3754; x_wconf 85' lang='lat' dir='ltr'><strong>est</strong></span> <span class='ocrx_word' id='word_1_371' title='bbox 1215 3695 1284 3752; x_wconf 90' lang='lat' dir='ltr'><strong>de</strong></span> <span class='ocrx_word' id='word_1_372' title='bbox 1321 3692 1747 3764; x_wconf 85' lang='lat' dir='ltr'><strong>archiepiscopo.</strong></span> <span class='ocrx_word' id='word_1_373' title='bbox 1790 3689 1851 3746; x_wconf 79' lang='lat' dir='ltr'><strong>Si</strong></span> <span class='ocrx_word' id='word_1_374' title='bbox 1877 3691 2164 3745; x_wconf 85' lang='lat' dir='ltr'><strong>autemest</strong></span> 
     </span>
    </p>
   </div>
   <div class='ocr_carea' id='block_1_52' title="bbox 573 3780 2161 3855">
    <p class='ocr_par' dir='ltr' id='par_1_52' title="bbox 573 3780 2161 3855">
     <span class='ocr_line' id='line_1_52' title="bbox 573 3780 2161 3855; baseline -0.012 -1"><span class='ocrx_word' id='word_1_375' title='bbox 573 3803 814 3854; x_wconf 84' lang='lat' dir='ltr'><strong>remotus</strong></span> <span class='ocrx_word' id='word_1_376' title='bbox 858 3791 928 3850; x_wconf 90' lang='lat' dir='ltr'><strong>ab</strong></span> <span class='ocrx_word' id='word_1_377' title='bbox 955 3789 1200 3849; x_wconf 90' lang='lat' dir='ltr'><strong>Ecclesia</strong></span> <span class='ocrx_word' id='word_1_378' title='bbox 1243 3788 1487 3844; x_wconf 83' lang='lat' dir='ltr'><strong>Romana</strong></span> <span class='ocrx_word' id='word_1_379' title='bbox 1505 3826 1521 3852; x_wconf 93' lang='lat'><strong>,</strong></span> <span class='ocrx_word' id='word_1_380' title='bbox 1566 3791 1746 3855; x_wconf 90' lang='lat' dir='ltr'><strong>potest</strong></span> <span class='ocrx_word' id='word_1_381' title='bbox 1766 3781 2016 3841; x_wconf 79' lang='lat' dir='ltr'><strong>conﬁteri</strong></span> <span class='ocrx_word' id='word_1_382' title='bbox 2044 3780 2161 3836; x_wconf 80' lang='lat' dir='ltr'><strong>cui-</strong></span> 
     </span>
    </p>
   </div>
   <div class='ocr_carea' id='block_1_53' title="bbox 573 3876 2165 3959">
    <p class='ocr_par' dir='ltr' id='par_1_53' title="bbox 573 3876 2165 3959">
     <span class='ocr_line' id='line_1_53' title="bbox 573 3876 2165 3959; baseline -0.012 -13"><span class='ocrx_word' id='word_1_383' title='bbox 573 3901 789 3959; x_wconf 86' lang='lat' dir='ltr'><strong>cunque</strong></span> <span class='ocrx_word' id='word_1_384' title='bbox 813 3885 1067 3950; x_wconf 88' lang='lat' dir='ltr'><strong>voluerit,</strong></span> <span class='ocrx_word' id='word_1_385' title='bbox 1095 3883 1226 3939; x_wconf 90' lang='lat' dir='ltr'><strong>dum</strong></span> <span class='ocrx_word' id='word_1_386' title='bbox 1250 3887 1433 3936; x_wconf 86' lang='lat' dir='ltr'><strong>tamen</strong></span> <span class='ocrx_word' id='word_1_387' title='bbox 1457 3876 1602 3932; x_wconf 84' lang='lat' dir='ltr'><strong>ﬁdeli</strong></span> <span class='ocrx_word' id='word_1_388' title='bbox 1633 3886 1688 3933; x_wconf 92' lang='lat' dir='ltr'><strong>et</strong></span> <span class='ocrx_word' id='word_1_389' title='bbox 1713 3877 1950 3933; x_wconf 88' lang='lat' dir='ltr'><strong>discreto</strong></span> <span class='ocrx_word' id='word_1_390' title='bbox 1980 3887 2165 3930; x_wconf 86' lang='lat' dir='ltr'><strong>sacer-</strong></span> 
     </span>
    </p>
   </div>
   <div class='ocr_carea' id='block_1_54' title="bbox 575 3965 2167 4049">
    <p class='ocr_par' dir='ltr' id='par_1_54' title="bbox 575 3965 2167 4049">
     <span class='ocr_line' id='line_1_54' title="bbox 575 3965 2167 4049; baseline -0.01 -14"><span class='ocrx_word' id='word_1_391' title='bbox 575 3979 689 4035; x_wconf 86' lang='lat' dir='ltr'><strong>doti</strong></span> <span class='ocrx_word' id='word_1_392' title='bbox 709 4018 727 4046; x_wconf 94' lang='lat'><strong>,</strong></span> <span class='ocrx_word' id='word_1_393' title='bbox 775 3985 836 4033; x_wconf 92' lang='lat' dir='ltr'><strong>ut</strong></span> <span class='ocrx_word' id='word_1_394' title='bbox 859 3977 1118 4049; x_wconf 85' lang='lat' dir='ltr'><strong>probatur</strong></span> <span class='ocrx_word' id='word_1_395' title='bbox 1141 3989 1229 4031; x_wconf 82' lang='lat' dir='ltr'><strong>ex.</strong></span> <span class='ocrx_word' id='word_1_396' title='bbox 1274 3969 1340 4028; x_wconf 90' lang='lat' dir='ltr'><strong>de</strong></span> <span class='ocrx_word' id='word_1_397' title='bbox 1373 3971 1528 4026; x_wconf 67' lang='lat' dir='ltr'><strong>Poen.</strong></span> <span class='ocrx_word' id='word_1_398' title='bbox 1555 3969 1654 4025; x_wconf 91' lang='lat' dir='ltr'><strong>ult.</strong></span> <span class='ocrx_word' id='word_1_399' title='bbox 1703 3967 1763 4024; x_wconf 90' lang='lat' dir='ltr'><strong>Si</strong></span> <span class='ocrx_word' id='word_1_400' title='bbox 1792 3975 1974 4024; x_wconf 89' lang='lat' dir='ltr'><strong>autem</strong></span> <span class='ocrx_word' id='word_1_401' title='bbox 1999 3965 2167 4021; x_wconf 86' lang='lat' dir='ltr'><strong>habet</strong></span> 
     </span>
    </p>
   </div>
   <div class='ocr_carea' id='block_1_55' title="bbox 577 4057 2161 4140">
    <p class='ocr_par' dir='ltr' id='par_1_55' title="bbox 577 4057 2161 4140">
     <span class='ocr_line' id='line_1_55' title="bbox 577 4057 2161 4140; baseline -0.01 -14"><span class='ocrx_word' id='word_1_402' title='bbox 577 4071 744 4126; x_wconf 89' lang='lat' dir='ltr'><strong>alium</strong></span> <span class='ocrx_word' id='word_1_403' title='bbox 767 4067 1024 4140; x_wconf 82' lang='lat' dir='ltr'><strong>majorem</strong></span> <span class='ocrx_word' id='word_1_404' title='bbox 1051 4073 1214 4138; x_wconf 85' lang='lat' dir='ltr'><strong>super</strong></span> <span class='ocrx_word' id='word_1_405' title='bbox 1235 4077 1314 4131; x_wconf 88' lang='lat' dir='ltr'><strong>se,</strong></span> <span class='ocrx_word' id='word_1_406' title='bbox 1339 4064 1456 4118; x_wconf 87' lang='lat' dir='ltr'><strong>sive</strong></span> <span class='ocrx_word' id='word_1_407' title='bbox 1476 4062 1547 4117; x_wconf 92' lang='lat' dir='ltr'><strong>sit</strong></span> <span class='ocrx_word' id='word_1_408' title='bbox 1573 4067 1873 4132; x_wconf 89' lang='lat' dir='ltr'><strong>exemptus,</strong></span> <span class='ocrx_word' id='word_1_409' title='bbox 1897 4057 2012 4114; x_wconf 86' lang='lat' dir='ltr'><strong>sive</strong></span> <span class='ocrx_word' id='word_1_410' title='bbox 2032 4071 2161 4124; x_wconf 90' lang='lat' dir='ltr'><strong>non,</strong></span> 
     </span>
    </p>
   </div>
   <div class='ocr_carea' id='block_1_56' title="bbox 578 4145 2163 4222">
    <p class='ocr_par' dir='ltr' id='par_1_56' title="bbox 578 4145 2163 4222">
     <span class='ocr_line' id='line_1_56' title="bbox 578 4145 2163 4222; baseline -0.013 0"><span class='ocrx_word' id='word_1_411' title='bbox 578 4164 737 4222; x_wconf 87' lang='lat' dir='ltr'><strong>debet</strong></span> <span class='ocrx_word' id='word_1_412' title='bbox 759 4162 811 4219; x_wconf 86' lang='lat' dir='ltr'><strong>ei</strong></span> <span class='ocrx_word' id='word_1_413' title='bbox 839 4159 1104 4218; x_wconf 76' lang='lat' dir='ltr'><strong>confiteri.</strong></span> <span class='ocrx_word' id='word_1_414' title='bbox 1146 4156 1207 4214; x_wconf 90' lang='lat' dir='ltr'><strong>Si</strong></span> <span class='ocrx_word' id='word_1_415' title='bbox 1247 4162 1429 4211; x_wconf 88' lang='lat' dir='ltr'><strong>autem</strong></span> <span class='ocrx_word' id='word_1_416' title='bbox 1460 4169 1567 4209; x_wconf 90' lang='lat' dir='ltr'><strong>non</strong></span> <span class='ocrx_word' id='word_1_417' title='bbox 1606 4153 1769 4209; x_wconf 90' lang='lat' dir='ltr'><strong>habet</strong></span> <span class='ocrx_word' id='word_1_418' title='bbox 1798 4149 1962 4206; x_wconf 91' lang='lat' dir='ltr'><strong>alium</strong></span> <span class='ocrx_word' id='word_1_419' title='bbox 1993 4145 2163 4203; x_wconf 88' lang='lat' dir='ltr'><strong>abba-</strong></span> 
     </span>
    </p>
   </div>
   <div class='ocr_carea' id='block_1_57' title="bbox 578 4240 2164 4327">
    <p class='ocr_par' dir='ltr' id='par_1_57' title="bbox 578 4240 2164 4327">
     <span class='ocr_line' id='line_1_57' title="bbox 578 4240 2164 4327; baseline -0.015 -11"><span class='ocrx_word' id='word_1_420' title='bbox 578 4267 689 4316; x_wconf 89' lang='lat' dir='ltr'><strong>tem</strong></span> <span class='ocrx_word' id='word_1_421' title='bbox 714 4265 876 4327; x_wconf 89' lang='lat' dir='ltr'><strong>super</strong></span> <span class='ocrx_word' id='word_1_422' title='bbox 903 4268 982 4320; x_wconf 90' lang='lat' dir='ltr'><strong>se,</strong></span> <span class='ocrx_word' id='word_1_423' title='bbox 1012 4259 1069 4308; x_wconf 93' lang='lat' dir='ltr'><strong>et</strong></span> <span class='ocrx_word' id='word_1_424' title='bbox 1093 4251 1209 4322; x_wconf 89' lang='lat' dir='ltr'><strong>ipse</strong></span> <span class='ocrx_word' id='word_1_425' title='bbox 1240 4259 1346 4304; x_wconf 90' lang='lat' dir='ltr'><strong>non</strong></span> <span class='ocrx_word' id='word_1_426' title='bbox 1374 4255 1457 4304; x_wconf 91' lang='lat' dir='ltr'><strong>est</strong></span> <span class='ocrx_word' id='word_1_427' title='bbox 1484 4251 1800 4317; x_wconf 75' lang='lat' dir='ltr'><strong>exemptus,</strong></span> <span class='ocrx_word' id='word_1_428' title='bbox 1848 4240 2011 4298; x_wconf 89' lang='lat' dir='ltr'><strong>debet</strong></span> <span class='ocrx_word' id='word_1_429' title='bbox 2034 4251 2164 4310; x_wconf 91' lang='lat' dir='ltr'><strong>pro-</strong></span> 
     </span>
    </p>
   </div>
   <div class='ocr_carea' id='block_1_58' title="bbox 576 4331 2163 4427">
    <p class='ocr_par' dir='ltr' id='par_1_58' title="bbox 576 4331 2163 4427">
     <span class='ocr_line' id='line_1_58' title="bbox 576 4331 2163 4427; baseline -0.014 -18"><span class='ocrx_word' id='word_1_430' title='bbox 576 4351 699 4427; x_wconf 91' lang='lat' dir='ltr'><strong>prio</strong></span> <span class='ocrx_word' id='word_1_431' title='bbox 723 4350 977 4422; x_wconf 87' lang='lat' dir='ltr'><strong>episc0po</strong></span> <span class='ocrx_word' id='word_1_432' title='bbox 1005 4343 1252 4403; x_wconf 83' lang='lat' dir='ltr'><strong>confiteri</strong></span> <span class='ocrx_word' id='word_1_433' title='bbox 1276 4383 1293 4412; x_wconf 96' lang='lat'><strong>,</strong></span> <span class='ocrx_word' id='word_1_434' title='bbox 1342 4341 1469 4414; x_wconf 86' lang='lat' dir='ltr'><strong>quia</strong></span> <span class='ocrx_word' id='word_1_435' title='bbox 1499 4341 1612 4413; x_wconf 88' lang='lat' dir='ltr'><strong>ipse</strong></span> <span class='ocrx_word' id='word_1_436' title='bbox 1635 4347 1720 4396; x_wconf 89' lang='lat' dir='ltr'><strong>est</strong></span> <span class='ocrx_word' id='word_1_437' title='bbox 1745 4336 2003 4411; x_wconf 78' lang='lat' dir='ltr'><strong>pnelatus</strong></span> <span class='ocrx_word' id='word_1_438' title='bbox 2027 4331 2163 4403; x_wconf 86' lang='lat' dir='ltr'><strong>ejus,</strong></span> 
     </span>
    </p>
   </div>
   <div class='ocr_carea' id='block_1_59' title="bbox 577 4423 2165 4516">
    <p class='ocr_par' dir='ltr' id='par_1_59' title="bbox 577 4423 2165 4516">
     <span class='ocr_line' id='line_1_59' title="bbox 577 4423 2165 4516; baseline -0.014 -16"><span class='ocrx_word' id='word_1_439' title='bbox 577 4423 642 4500; x_wconf 74' lang='lat' dir='ltr'><strong>ut</strong></span> <span class='ocrx_word' id='word_1_440' title='bbox 663 4442 922 4516; x_wconf 88' lang='lat' dir='ltr'><strong>probatur</strong></span> <span class='ocrx_word' id='word_1_441' title='bbox 941 4437 1006 4493; x_wconf 73' lang='grc'><strong>41</strong></span> <span class='ocrx_word' id='word_1_442' title='bbox 1039 4437 1190 4502; x_wconf 90' lang='lat' dir='ltr'><strong>dist.,</strong></span> <span class='ocrx_word' id='word_1_443' title='bbox 1220 4449 1272 4492; x_wconf 92' lang='lat' dir='ltr'><strong>c.</strong></span> <span class='ocrx_word' id='word_1_444' title='bbox 1306 4432 1517 4488; x_wconf 83' lang='lat' dir='ltr'><strong>Obitum</strong></span> <span class='ocrx_word' id='word_1_445' title='bbox 1538 4471 1554 4498; x_wconf 93' lang='lat'><strong>,</strong></span> <span class='ocrx_word' id='word_1_446' title='bbox 1602 4438 1659 4486; x_wconf 90' lang='lat' dir='ltr'><strong>et</strong></span> <span class='ocrx_word' id='word_1_447' title='bbox 1685 4430 1754 4484; x_wconf 82' lang='lat' dir='ltr'><strong>i2</strong></span> <span class='ocrx_word' id='word_1_448' title='bbox 1777 4427 1926 4493; x_wconf 90' lang='lat' dir='ltr'><strong>dist.,</strong></span> <span class='ocrx_word' id='word_1_449' title='bbox 1951 4441 2001 4481; x_wconf 90' lang='lat' dir='ltr'><strong>c.</strong></span> <span class='ocrx_word' id='word_1_450' title='bbox 2039 4423 2165 4491; x_wconf 90' lang='lat' dir='ltr'><strong>ult.,</strong></span> 
     </span>
    </p>
   </div>
   <div class='ocr_carea' id='block_1_60' title="bbox 577 4520 2170 4600">
    <p class='ocr_par' dir='ltr' id='par_1_60' title="bbox 577 4520 2170 4600">
     <span class='ocr_line' id='line_1_60' title="bbox 577 4520 2170 4600; baseline -0.015 -6"><span class='ocrx_word' id='word_1_451' title='bbox 577 4533 667 4594; x_wconf 85' lang='lat' dir='ltr'><strong>vel</strong></span> <span class='ocrx_word' id='word_1_452' title='bbox 711 4533 780 4592; x_wconf 91' lang='lat' dir='ltr'><strong>de</strong></span> <span class='ocrx_word' id='word_1_453' title='bbox 818 4531 1033 4588; x_wconf 88' lang='lat' dir='ltr'><strong>licentia</strong></span> <span class='ocrx_word' id='word_1_454' title='bbox 1060 4525 1299 4600; x_wconf 86' lang='lat' dir='ltr'><strong>episcopi</strong></span> <span class='ocrx_word' id='word_1_455' title='bbox 1334 4525 1438 4581; x_wconf 88' lang='lat' dir='ltr'><strong>sibi</strong></span> <span class='ocrx_word' id='word_1_456' title='bbox 1479 4522 1645 4595; x_wconf 85' lang='lat' dir='ltr'><strong>eligat</strong></span> <span class='ocrx_word' id='word_1_457' title='bbox 1687 4520 2081 4583; x_wconf 80' lang='lat' dir='ltr'><strong>confessorem,</strong></span> <span class='ocrx_word' id='word_1_458' title='bbox 2109 4523 2170 4570; x_wconf 88' lang='lat' dir='ltr'><strong>ut</strong></span> 
     </span>
    </p>
   </div>
   <div class='ocr_carea' id='block_1_61' title="bbox 577 4609 2166 4706">
    <p class='ocr_par' dir='ltr' id='par_1_61' title="bbox 577 4609 2166 4706">
     <span class='ocr_line' id='line_1_61' title="bbox 577 4609 2166 4706; baseline -0.014 -20"><span class='ocrx_word' id='word_1_459' title='bbox 577 4628 844 4706; x_wconf 84' lang='lat' dir='ltr'><strong>probatur</strong></span> <span class='ocrx_word' id='word_1_460' title='bbox 869 4640 957 4679; x_wconf 86' lang='lat' dir='ltr'><strong>ex.</strong></span> <span class='ocrx_word' id='word_1_461' title='bbox 1000 4619 1069 4680; x_wconf 90' lang='lat' dir='ltr'><strong>de</strong></span> <span class='ocrx_word' id='word_1_462' title='bbox 1096 4621 1252 4678; x_wconf 77' lang='lat' dir='ltr'><strong>Pten.</strong></span> <span class='ocrx_word' id='word_1_463' title='bbox 1301 4625 1358 4675; x_wconf 92' lang='lat' dir='ltr'><strong>et</strong></span> <span class='ocrx_word' id='word_1_464' title='bbox 1389 4613 1605 4672; x_wconf 88' lang='lat' dir='ltr'><strong>remiss.</strong></span> <span class='ocrx_word' id='word_1_465' title='bbox 1649 4619 1709 4670; x_wconf 91' lang='lat' dir='ltr'><strong>et</strong></span> <span class='ocrx_word' id='word_1_466' title='bbox 1740 4611 1806 4668; x_wconf 92' lang='lat' dir='ltr'><strong>de</strong></span> <span class='ocrx_word' id='word_1_467' title='bbox 1843 4610 1997 4667; x_wconf 65' lang='lat' dir='ltr'><strong>Poen.</strong></span> <span class='ocrx_word' id='word_1_468' title='bbox 2039 4609 2166 4666; x_wconf 90' lang='lat' dir='ltr'><strong>dist.</strong></span> 
     </span>
    </p>
   </div>
   <div class='ocr_carea' id='block_1_62' title="bbox 2320 2099 3812 2181">
    <p class='ocr_par' dir='ltr' id='par_1_62' title="bbox 2320 2099 3812 2181">
     <span class='ocr_line' id='line_1_62' title="bbox 2320 2099 3812 2181; baseline -0.003 -21"><span class='ocrx_word' id='word_1_469' title='bbox 2320 2106 2418 2161; x_wconf 86' lang='lat' dir='ltr'><strong>Est</strong></span> <span class='ocrx_word' id='word_1_470' title='bbox 2443 2112 2624 2160; x_wconf 90' lang='lat' dir='ltr'><strong>autem</strong></span> <span class='ocrx_word' id='word_1_471' title='bbox 2654 2103 2942 2174; x_wconf 88' lang='lat' dir='ltr'><strong>septimum</strong></span> <span class='ocrx_word' id='word_1_472' title='bbox 2988 2101 3178 2156; x_wconf 90' lang='lat' dir='ltr'><strong>vitium</strong></span> <span class='ocrx_word' id='word_1_473' title='bbox 3203 2137 3230 2181; x_wconf 59' lang='grc' dir='ltr'><strong>ι</strong></span> <span class='ocrx_word' id='word_1_474' title='bbox 3262 2100 3409 2171; x_wconf 90' lang='lat' dir='ltr'><strong>quod</strong></span> <span class='ocrx_word' id='word_1_475' title='bbox 3450 2101 3577 2156; x_wconf 85' lang='lat' dir='ltr'><strong>dant</strong></span> <span class='ocrx_word' id='word_1_476' title='bbox 3613 2099 3812 2156; x_wconf 82' lang='lat' dir='ltr'><strong>litteras</strong></span> 
     </span>
    </p>
   </div>
   <div class='ocr_carea' id='block_1_63' title="bbox 2251 2191 3803 2262">
    <p class='ocr_par' dir='ltr' id='par_1_63' title="bbox 2251 2191 3803 2262">
     <span class='ocr_line' id='line_1_63' title="bbox 2251 2191 3803 2262; baseline -0.006 -7"><span class='ocrx_word' id='word_1_477' title='bbox 2251 2198 2587 2255; x_wconf 89' lang='lat' dir='ltr'><strong>dimissorias</strong></span> <span class='ocrx_word' id='word_1_478' title='bbox 2615 2196 2935 2261; x_wconf 88' lang='lat' dir='ltr'><strong>indiscrete,</strong></span> <span class='ocrx_word' id='word_1_479' title='bbox 2979 2203 3033 2249; x_wconf 87' lang='lat' dir='ltr'><strong>et</strong></span> <span class='ocrx_word' id='word_1_480' title='bbox 3054 2195 3282 2249; x_wconf 89' lang='lat' dir='ltr'><strong>credunt</strong></span> <span class='ocrx_word' id='word_1_481' title='bbox 3310 2193 3449 2262; x_wconf 89' lang='lat' dir='ltr'><strong>quod</strong></span> <span class='ocrx_word' id='word_1_482' title='bbox 3474 2193 3704 2247; x_wconf 82' lang='lat' dir='ltr'><strong>monachi</strong></span> <span class='ocrx_word' id='word_1_483' title='bbox 3725 2191 3803 2246; x_wconf 82' lang='lat' dir='ltr'><strong>vel</strong></span> 
     </span>
    </p>
   </div>
   <div class='ocr_carea' id='block_1_64' title="bbox 2253 2284 3806 2364">
    <p class='ocr_par' dir='ltr' id='par_1_64' title="bbox 2253 2284 3806 2364">
     <span class='ocr_line' id='line_1_64' title="bbox 2253 2284 3806 2364; baseline -0.007 -16"><span class='ocrx_word' id='word_1_484' title='bbox 2253 2291 2531 2364; x_wconf 87' lang='lat' dir='ltr'><strong>regulares</strong></span> <span class='ocrx_word' id='word_1_485' title='bbox 2578 2290 2685 2346; x_wconf 88' lang='lat' dir='ltr'><strong>sint</strong></span> <span class='ocrx_word' id='word_1_486' title='bbox 2728 2303 2826 2358; x_wconf 87' lang='lat' dir='ltr'><strong>per</strong></span> <span class='ocrx_word' id='word_1_487' title='bbox 2868 2287 3004 2343; x_wconf 87' lang='lat' dir='ltr'><strong>tales</strong></span> <span class='ocrx_word' id='word_1_488' title='bbox 3041 2286 3253 2341; x_wconf 88' lang='lat' dir='ltr'><strong>litteras</strong></span> <span class='ocrx_word' id='word_1_489' title='bbox 3307 2284 3536 2340; x_wconf 75' lang='lat' dir='ltr'><strong>absoluti</strong></span> <span class='ocrx_word' id='word_1_490' title='bbox 3582 2301 3611 2338; x_wconf 86' lang='lat' dir='ltr'><strong>a</strong></span> <span class='ocrx_word' id='word_1_491' title='bbox 3642 2286 3806 2354; x_wconf 85' lang='lat' dir='ltr'><strong>prima</strong></span> 
     </span>
    </p>
   </div>
   <div class='ocr_carea' id='block_1_65' title="bbox 2252 2376 3820 2450">
    <p class='ocr_par' dir='ltr' id='par_1_65' title="bbox 2252 2376 3820 2450">
     <span class='ocr_line' id='line_1_65' title="bbox 2252 2376 3820 2450; baseline -0.006 -10"><span class='ocrx_word' id='word_1_492' title='bbox 2252 2381 2596 2447; x_wconf 85' lang='lat' dir='ltr'><strong>obedientia,</strong></span> <span class='ocrx_word' id='word_1_493' title='bbox 2647 2380 2754 2435; x_wconf 90' lang='lat' dir='ltr'><strong>nisi</strong></span> <span class='ocrx_word' id='word_1_494' title='bbox 2798 2380 2976 2450; x_wconf 88' lang='lat' dir='ltr'><strong>primo</strong></span> <span class='ocrx_word' id='word_1_495' title='bbox 3022 2379 3091 2434; x_wconf 90' lang='lat' dir='ltr'><strong>ab</strong></span> <span class='ocrx_word' id='word_1_496' title='bbox 3135 2377 3228 2432; x_wconf 91' lang='lat' dir='ltr'><strong>illo</strong></span> <span class='ocrx_word' id='word_1_497' title='bbox 3278 2377 3474 2431; x_wconf 90' lang='lat' dir='ltr'><strong>abbate</strong></span> <span class='ocrx_word' id='word_1_498' title='bbox 3507 2391 3602 2446; x_wconf 89' lang='lat' dir='ltr'><strong>per</strong></span> <span class='ocrx_word' id='word_1_499' title='bbox 3623 2376 3820 2430; x_wconf 82' lang='lat' dir='ltr'><strong>litteras</strong></span> 
     </span>
    </p>
   </div>
   <div class='ocr_carea' id='block_1_66' title="bbox 2256 2468 3822 2543">
    <p class='ocr_par' dir='ltr' id='par_1_66' title="bbox 2256 2468 3822 2543">
     <span class='ocr_line' id='line_1_66' title="bbox 2256 2468 3822 2543; baseline -0.006 -13"><span class='ocrx_word' id='word_1_500' title='bbox 2256 2475 2592 2531; x_wconf 87' lang='lat' dir='ltr'><strong>dimissorias</strong></span> <span class='ocrx_word' id='word_1_501' title='bbox 2623 2473 2733 2528; x_wconf 90' lang='lat' dir='ltr'><strong>sint</strong></span> <span class='ocrx_word' id='word_1_502' title='bbox 2759 2473 2997 2542; x_wconf 88' lang='lat' dir='ltr'><strong>recepti,</strong></span> <span class='ocrx_word' id='word_1_503' title='bbox 3027 2479 3088 2527; x_wconf 91' lang='lat' dir='ltr'><strong>ut</strong></span> <span class='ocrx_word' id='word_1_504' title='bbox 3111 2469 3370 2543; x_wconf 88' lang='lat' dir='ltr'><strong>probatur</strong></span> <span class='ocrx_word' id='word_1_505' title='bbox 3400 2470 3462 2525; x_wconf 84' lang='lat' dir='ltr'><strong>7i</strong></span> <span class='ocrx_word' id='word_1_506' title='bbox 3500 2470 3652 2535; x_wconf 89' lang='lat' dir='ltr'><strong>dist.,</strong></span> <span class='ocrx_word' id='word_1_507' title='bbox 3691 2468 3822 2522; x_wconf 76' lang='lat' dir='ltr'><strong>Illud</strong></span> 
     </span>
    </p>
   </div>
   <div class='ocr_carea' id='block_1_67' title="bbox 2253 2560 3823 2640">
    <p class='ocr_par' dir='ltr' id='par_1_67' title="bbox 2253 2560 3823 2640">
     <span class='ocr_line' id='line_1_67' title="bbox 2253 2560 3823 2640; baseline -0.004 -19"><span class='ocrx_word' id='word_1_508' title='bbox 2253 2583 2478 2640; x_wconf 86' lang='lat' dir='ltr'><strong>quoque,</strong></span> <span class='ocrx_word' id='word_1_509' title='bbox 2509 2575 2566 2620; x_wconf 91' lang='lat' dir='ltr'><strong>et</strong></span> <span class='ocrx_word' id='word_1_510' title='bbox 2613 2580 2662 2620; x_wconf 93' lang='lat' dir='ltr'><strong>c.</strong></span> <span class='ocrx_word' id='word_1_511' title='bbox 2710 2563 2788 2618; x_wconf 87' lang='lat' dir='ltr'><strong>De</strong></span> <span class='ocrx_word' id='word_1_512' title='bbox 2821 2563 3017 2629; x_wconf 84' lang='lat' dir='ltr'><strong>aliena,</strong></span> <span class='ocrx_word' id='word_1_513' title='bbox 3059 2571 3116 2619; x_wconf 92' lang='lat' dir='ltr'><strong>et</strong></span> <span class='ocrx_word' id='word_1_514' title='bbox 3155 2580 3205 2619; x_wconf 88' lang='lat' dir='ltr'><strong>c.</strong></span> <span class='ocrx_word' id='word_1_515' title='bbox 3243 2561 3498 2616; x_wconf 80' lang='lat' dir='ltr'><strong>Clericos.</strong></span> <span class='ocrx_word' id='word_1_516' title='bbox 3541 2560 3673 2616; x_wconf 80' lang='lat' dir='ltr'><strong>illud</strong></span> <span class='ocrx_word' id='word_1_517' title='bbox 3698 2561 3823 2615; x_wconf 85' lang='lat' dir='ltr'><strong>idem</strong></span> 
     </span>
    </p>
   </div>
   <div class='ocr_carea' id='block_1_68' title="bbox 2254 2649 3822 2732">
    <p class='ocr_par' dir='ltr' id='par_1_68' title="bbox 2254 2649 3822 2732">
     <span class='ocr_line' id='line_1_68' title="bbox 2254 2649 3822 2732; baseline -0.007 -16"><span class='ocrx_word' id='word_1_518' title='bbox 2254 2661 2516 2732; x_wconf 89' lang='lat' dir='ltr'><strong>probatur</strong></span> <span class='ocrx_word' id='word_1_519' title='bbox 2545 2657 2598 2722; x_wconf 86' lang='lat'><strong>7,</strong></span> <span class='ocrx_word' id='word_1_520' title='bbox 2625 2671 2680 2727; x_wconf 92' lang='lat' dir='ltr'><strong>q.</strong></span> <span class='ocrx_word' id='word_1_521' title='bbox 2722 2656 2768 2720; x_wconf 84' lang='lat' dir='ltr'><strong>l,</strong></span> <span class='ocrx_word' id='word_1_522' title='bbox 2795 2671 2842 2710; x_wconf 92' lang='lat' dir='ltr'><strong>c.</strong></span> <span class='ocrx_word' id='word_1_523' title='bbox 2873 2654 2998 2709; x_wconf 84' lang='lat' dir='ltr'><strong>Non</strong></span> <span class='ocrx_word' id='word_1_524' title='bbox 3021 2662 3219 2726; x_wconf 85' lang='lat' dir='ltr'><strong>oportet</strong></span> <span class='ocrx_word' id='word_1_525' title='bbox 3236 2694 3249 2716; x_wconf 93' lang='lat'><strong>,</strong></span> <span class='ocrx_word' id='word_1_526' title='bbox 3279 2662 3406 2709; x_wconf 89' lang='lat' dir='ltr'><strong>etc.</strong></span> <span class='ocrx_word' id='word_1_527' title='bbox 3440 2649 3718 2718; x_wconf 80' lang='lat' dir='ltr'><strong>Pervenit,</strong></span> <span class='ocrx_word' id='word_1_528' title='bbox 3745 2651 3822 2715; x_wconf 78' lang='grc'><strong>21,</strong></span> 
     </span>
    </p>
   </div>
   <div class='ocr_carea' id='block_1_69' title="bbox 2256 2743 3830 2824">
    <p class='ocr_par' dir='ltr' id='par_1_69' title="bbox 2256 2743 3830 2824">
     <span class='ocr_line' id='line_1_69' title="bbox 2256 2743 3830 2824; baseline -0.006 -17"><span class='ocrx_word' id='word_1_529' title='bbox 2256 2769 2310 2824; x_wconf 92' lang='lat' dir='ltr'><strong>q.</strong></span> <span class='ocrx_word' id='word_1_530' title='bbox 2343 2752 2400 2818; x_wconf 85' lang='lat'><strong>2,</strong></span> <span class='ocrx_word' id='word_1_531' title='bbox 2427 2767 2476 2806; x_wconf 90' lang='lat' dir='ltr'><strong>c.</strong></span> <span class='ocrx_word' id='word_1_532' title='bbox 2501 2757 2558 2805; x_wconf 91' lang='lat' dir='ltr'><strong>et</strong></span> <span class='ocrx_word' id='word_1_533' title='bbox 2585 2749 2648 2815; x_wconf 83' lang='lat'><strong>2;</strong></span> <span class='ocrx_word' id='word_1_534' title='bbox 2697 2747 2827 2803; x_wconf 91' lang='lat' dir='ltr'><strong>dicit</strong></span> <span class='ocrx_word' id='word_1_535' title='bbox 2853 2747 3000 2802; x_wconf 88' lang='lat' dir='ltr'><strong>enim</strong></span> <span class='ocrx_word' id='word_1_536' title='bbox 3037 2745 3148 2801; x_wconf 86' lang='lat' dir='ltr'><strong>Leo</strong></span> <span class='ocrx_word' id='word_1_537' title='bbox 3174 2760 3312 2816; x_wconf 89' lang='lat' dir='ltr'><strong>papa</strong></span> <span class='ocrx_word' id='word_1_538' title='bbox 3339 2745 3486 2816; x_wconf 89' lang='lat' dir='ltr'><strong>quod</strong></span> <span class='ocrx_word' id='word_1_539' title='bbox 3512 2760 3625 2799; x_wconf 88' lang='lat' dir='ltr'><strong>non</strong></span> <span class='ocrx_word' id='word_1_540' title='bbox 3654 2743 3830 2798; x_wconf 86' lang='lat' dir='ltr'><strong>debent</strong></span> 
     </span>
    </p>
   </div>
   <div class='ocr_carea' id='block_1_70' title="bbox 2258 2839 3830 2907">
    <p class='ocr_par' dir='ltr' id='par_1_70' title="bbox 2258 2839 3830 2907">
     <span class='ocr_line' id='line_1_70' title="bbox 2258 2839 3830 2907; baseline -0.008 -5"><span class='ocrx_word' id='word_1_541' title='bbox 2258 2845 2374 2902; x_wconf 88' lang='lat' dir='ltr'><strong>dari</strong></span> <span class='ocrx_word' id='word_1_542' title='bbox 2405 2844 2597 2899; x_wconf 70' lang='lat' dir='ltr'><strong>littera:</strong></span> <span class='ocrx_word' id='word_1_543' title='bbox 2623 2840 2945 2896; x_wconf 67' lang='lat' dir='ltr'><strong>dimissorias</strong></span> <span class='ocrx_word' id='word_1_544' title='bbox 2961 2879 2978 2906; x_wconf 96' lang='lat'><strong>,</strong></span> <span class='ocrx_word' id='word_1_545' title='bbox 3003 2839 3110 2894; x_wconf 88' lang='lat' dir='ltr'><strong>nisi</strong></span> <span class='ocrx_word' id='word_1_546' title='bbox 3136 2839 3288 2907; x_wconf 87' lang='lat' dir='ltr'><strong>prius</strong></span> <span class='ocrx_word' id='word_1_547' title='bbox 3315 2846 3532 2893; x_wconf 85' lang='lat' dir='ltr'><strong>constet</strong></span> <span class='ocrx_word' id='word_1_548' title='bbox 3554 2851 3745 2906; x_wconf 86' lang='lat' dir='ltr'><strong>quare,</strong></span> <span class='ocrx_word' id='word_1_549' title='bbox 3771 2850 3830 2890; x_wconf 85' lang='lat' dir='ltr'><strong>ne</strong></span> 
     </span>
    </p>
   </div>
   <div class='ocr_carea' id='block_1_71' title="bbox 2257 2929 3828 3009">
    <p class='ocr_par' dir='ltr' id='par_1_71' title="bbox 2257 2929 3828 3009">
     <span class='ocr_line' id='line_1_71' title="bbox 2257 2929 3828 3009; baseline -0.006 -15"><span class='ocrx_word' id='word_1_550' title='bbox 2257 2941 2374 2994; x_wconf 91' lang='lat' dir='ltr'><strong>ovis</strong></span> <span class='ocrx_word' id='word_1_551' title='bbox 2397 2937 2609 3009; x_wconf 86' lang='lat' dir='ltr'><strong>perdita</strong></span> <span class='ocrx_word' id='word_1_552' title='bbox 2638 2933 2942 2990; x_wconf 88' lang='lat' dir='ltr'><strong>inveniatur</strong></span> <span class='ocrx_word' id='word_1_553' title='bbox 2970 2932 3086 2987; x_wconf 88' lang='lat' dir='ltr'><strong>sine</strong></span> <span class='ocrx_word' id='word_1_554' title='bbox 3127 2939 3378 3002; x_wconf 86' lang='lat' dir='ltr'><strong>pastore,</strong></span> <span class='ocrx_word' id='word_1_555' title='bbox 3416 2938 3480 2985; x_wconf 92' lang='lat' dir='ltr'><strong>ut</strong></span> <span class='ocrx_word' id='word_1_556' title='bbox 3513 2929 3586 2984; x_wconf 78' lang='grc'><strong>72</strong></span> <span class='ocrx_word' id='word_1_557' title='bbox 3625 2929 3828 2994; x_wconf 80' lang='lat' dir='ltr'><strong>dist.,c.</strong></span> 
     </span>
    </p>
   </div>
   <div class='ocr_carea' id='block_1_72' title="bbox 2259 3029 2572 3102">
    <p class='ocr_par' dir='ltr' id='par_1_72' title="bbox 2259 3029 2572 3102">
     <span class='ocr_line' id='line_1_72' title="bbox 2259 3029 2572 3102; baseline -0.013 -17"><span class='ocrx_word' id='word_1_558' title='bbox 2259 3029 2572 3102; x_wconf 82' lang='lat' dir='ltr'><strong>Episcopus.</strong></span> 
     </span>
    </p>
   </div>
   <div class='ocr_carea' id='block_1_73' title="bbox 2329 3096 3832 3186">
    <p class='ocr_par' dir='ltr' id='par_1_73' title="bbox 2329 3096 3832 3186">
     <span class='ocr_line' id='line_1_73' title="bbox 2329 3096 3832 3186; baseline -0.007 -7"><span class='ocrx_word' id='word_1_559' title='bbox 2329 3096 2592 3179; x_wconf 79' lang='lat' dir='ltr'><strong>Octavum</strong></span> <span class='ocrx_word' id='word_1_560' title='bbox 2621 3118 2815 3174; x_wconf 79' lang='lat' dir='ltr'><strong>Vitium</strong></span> <span class='ocrx_word' id='word_1_561' title='bbox 2841 3124 2962 3183; x_wconf 92' lang='lat' dir='ltr'><strong>est,</strong></span> <span class='ocrx_word' id='word_1_562' title='bbox 2993 3117 3135 3186; x_wconf 87' lang='lat' dir='ltr'><strong>quod</strong></span> <span class='ocrx_word' id='word_1_563' title='bbox 3157 3096 3460 3186; x_wconf 82' lang='lat' dir='ltr'><strong>postquam</strong></span> <span class='ocrx_word' id='word_1_564' title='bbox 3512 3114 3715 3185; x_wconf 85' lang='lat' dir='ltr'><strong>aliquis</strong></span> <span class='ocrx_word' id='word_1_565' title='bbox 3737 3127 3832 3169; x_wconf 79' lang='lat' dir='ltr'><strong>mo-</strong></span> 
     </span>
    </p>
   </div>
   <div class='ocr_carea' id='block_1_74' title="bbox 2261 3207 3533 3278">
    <p class='ocr_par' dir='ltr' id='par_1_74' title="bbox 2261 3207 3533 3278">
     <span class='ocr_line' id='line_1_74' title="bbox 2261 3207 3533 3278; baseline -0.008 -7"><span class='ocrx_word' id='word_1_566' title='bbox 2261 3217 2467 3271; x_wconf 87' lang='lat' dir='ltr'><strong>nachus</strong></span> <span class='ocrx_word' id='word_1_567' title='bbox 2493 3212 2696 3269; x_wconf 88' lang='lat' dir='ltr'><strong>resistit</strong></span> <span class='ocrx_word' id='word_1_568' title='bbox 2726 3211 2871 3266; x_wconf 87' lang='lat' dir='ltr'><strong>vitiis</strong></span> <span class='ocrx_word' id='word_1_569' title='bbox 2893 3223 3102 3275; x_wconf 90' lang='lat' dir='ltr'><strong>eorum,</strong></span> <span class='ocrx_word' id='word_1_570' title='bbox 3127 3222 3252 3262; x_wconf 90' lang='lat' dir='ltr'><strong>eum</strong></span> <span class='ocrx_word' id='word_1_571' title='bbox 3281 3207 3533 3278; x_wconf 86' lang='lat' dir='ltr'><strong>puniunt.</strong></span> 
     </span>
    </p>
   </div>
   <div class='ocr_carea' id='block_1_75' title="bbox 2331 3299 3834 3371">
    <p class='ocr_par' dir='ltr' id='par_1_75' title="bbox 2331 3299 3834 3371">
     <span class='ocr_line' id='line_1_75' title="bbox 2331 3299 3834 3371; baseline -0.007 -9"><span class='ocrx_word' id='word_1_572' title='bbox 2331 3308 2427 3364; x_wconf 87' lang='lat' dir='ltr'><strong>Est</strong></span> <span class='ocrx_word' id='word_1_573' title='bbox 2451 3307 2613 3362; x_wconf 88' lang='lat' dir='ltr'><strong>etiam</strong></span> <span class='ocrx_word' id='word_1_574' title='bbox 2640 3319 2840 3359; x_wconf 90' lang='lat' dir='ltr'><strong>nonum</strong></span> <span class='ocrx_word' id='word_1_575' title='bbox 2869 3303 3091 3367; x_wconf 88' lang='lat' dir='ltr'><strong>vitium,</strong></span> <span class='ocrx_word' id='word_1_576' title='bbox 3141 3300 3284 3371; x_wconf 92' lang='lat' dir='ltr'><strong>quod</strong></span> <span class='ocrx_word' id='word_1_577' title='bbox 3318 3299 3365 3355; x_wconf 89' lang='lat' dir='ltr'><strong>si</strong></span> <span class='ocrx_word' id='word_1_578' title='bbox 3402 3299 3606 3368; x_wconf 85' lang='lat' dir='ltr'><strong>aliquis</strong></span> <span class='ocrx_word' id='word_1_579' title='bbox 3641 3307 3834 3370; x_wconf 83' lang='lat' dir='ltr'><strong>propter</strong></span> 
     </span>
    </p>
   </div>
   <div class='ocr_carea' id='block_1_76' title="bbox 2263 3393 3829 3469">
    <p class='ocr_par' dir='ltr' id='par_1_76' title="bbox 2263 3393 3829 3469">
     <span class='ocr_line' id='line_1_76' title="bbox 2263 3393 3829 3469; baseline -0.006 -13"><span class='ocrx_word' id='word_1_580' title='bbox 2263 3401 2367 3456; x_wconf 91' lang='lat' dir='ltr'><strong>hoc</strong></span> <span class='ocrx_word' id='word_1_581' title='bbox 2394 3398 2690 3469; x_wconf 83' lang='lat' dir='ltr'><strong>appellatur</strong></span> <span class='ocrx_word' id='word_1_582' title='bbox 2713 3396 2782 3452; x_wconf 90' lang='lat' dir='ltr'><strong>ad</strong></span> <span class='ocrx_word' id='word_1_583' title='bbox 2815 3395 3098 3467; x_wconf 89' lang='lat' dir='ltr'><strong>judicium,</strong></span> <span class='ocrx_word' id='word_1_584' title='bbox 3142 3394 3326 3449; x_wconf 87' lang='lat' dir='ltr'><strong>statim</strong></span> <span class='ocrx_word' id='word_1_585' title='bbox 3370 3407 3498 3448; x_wconf 82' lang='lat' dir='ltr'><strong>eum</strong></span> <span class='ocrx_word' id='word_1_586' title='bbox 3538 3393 3829 3454; x_wconf 78' lang='lat' dir='ltr'><strong>verberant,</strong></span> 
     </span>
    </p>
   </div>
   <div class='ocr_carea' id='block_1_77' title="bbox 2263 3485 3837 3559">
    <p class='ocr_par' dir='ltr' id='par_1_77' title="bbox 2263 3485 3837 3559">
     <span class='ocr_line' id='line_1_77' title="bbox 2263 3485 3837 3559; baseline -0.008 -8"><span class='ocrx_word' id='word_1_587' title='bbox 2263 3495 2348 3551; x_wconf 89' lang='lat' dir='ltr'><strong>vel</strong></span> <span class='ocrx_word' id='word_1_588' title='bbox 2369 3491 2839 3550; x_wconf 84' lang='lat' dir='ltr'><strong>excommunicant</strong></span> <span class='ocrx_word' id='word_1_589' title='bbox 2855 3527 2872 3558; x_wconf 90' lang='lat'><strong>,</strong></span> <span class='ocrx_word' id='word_1_590' title='bbox 2897 3488 2983 3545; x_wconf 87' lang='lat' dir='ltr'><strong>vel</strong></span> <span class='ocrx_word' id='word_1_591' title='bbox 3010 3488 3249 3559; x_wconf 82' lang='lat' dir='ltr'><strong>capiunt,</strong></span> <span class='ocrx_word' id='word_1_592' title='bbox 3275 3488 3331 3543; x_wconf 88' lang='lat' dir='ltr'><strong>in</strong></span> <span class='ocrx_word' id='word_1_593' title='bbox 3358 3500 3425 3542; x_wconf 85' lang='lat' dir='ltr'><strong>eo</strong></span> <span class='ocrx_word' id='word_1_594' title='bbox 3449 3486 3606 3556; x_wconf 71' lang='lat' dir='ltr'><strong>quod</strong></span> <span class='ocrx_word' id='word_1_595' title='bbox 3644 3485 3837 3541; x_wconf 76' lang='lat' dir='ltr'><strong>abbates</strong></span> 
     </span>
    </p>
   </div>
   <div class='ocr_carea' id='block_1_78' title="bbox 2263 3585 2745 3656">
    <p class='ocr_par' dir='ltr' id='par_1_78' title="bbox 2263 3585 2745 3656">
     <span class='ocr_line' id='line_1_78' title="bbox 2263 3585 2745 3656; baseline -0.012 -12"><span class='ocrx_word' id='word_1_596' title='bbox 2263 3589 2524 3644; x_wconf 87' lang='lat' dir='ltr'><strong>deberent</strong></span> <span class='ocrx_word' id='word_1_597' title='bbox 2545 3585 2745 3656; x_wconf 87' lang='lat' dir='ltr'><strong>puniri.</strong></span> 
     </span>
    </p>
   </div>
   <div class='ocr_carea' id='block_1_79' title="bbox 2334 3669 3839 3745">
    <p class='ocr_par' dir='ltr' id='par_1_79' title="bbox 2334 3669 3839 3745">
     <span class='ocr_line' id='line_1_79' title="bbox 2334 3669 3839 3745; baseline -0.008 -11"><span class='ocrx_word' id='word_1_598' title='bbox 2334 3680 2613 3736; x_wconf 90' lang='lat' dir='ltr'><strong>Decimum</strong></span> <span class='ocrx_word' id='word_1_599' title='bbox 2627 3677 2819 3732; x_wconf 89' lang='lat' dir='ltr'><strong>vitium</strong></span> <span class='ocrx_word' id='word_1_600' title='bbox 2839 3682 2943 3740; x_wconf 90' lang='lat' dir='ltr'><strong>est,</strong></span> <span class='ocrx_word' id='word_1_601' title='bbox 2963 3671 3102 3745; x_wconf 91' lang='lat' dir='ltr'><strong>quod</strong></span> <span class='ocrx_word' id='word_1_602' title='bbox 3129 3671 3354 3727; x_wconf 82' lang='lat' dir='ltr'><strong>abbates</strong></span> <span class='ocrx_word' id='word_1_603' title='bbox 3371 3669 3647 3741; x_wconf 79' lang='lat' dir='ltr'><strong>quosdam</strong></span> <span class='ocrx_word' id='word_1_604' title='bbox 3675 3681 3839 3723; x_wconf 79' lang='lat' dir='ltr'><strong>mona-</strong></span> 
     </span>
    </p>
   </div>
   <div class='ocr_carea' id='block_1_80' title="bbox 2265 3762 3840 3833">
    <p class='ocr_par' dir='ltr' id='par_1_80' title="bbox 2265 3762 3840 3833">
     <span class='ocr_line' id='line_1_80' title="bbox 2265 3762 3840 3833; baseline -0.013 0"><span class='ocrx_word' id='word_1_605' title='bbox 2265 3775 2397 3833; x_wconf 89' lang='lat' dir='ltr'><strong>chos</strong></span> <span class='ocrx_word' id='word_1_606' title='bbox 2423 3772 2662 3828; x_wconf 82' lang='lat' dir='ltr'><strong>exaltant</strong></span> <span class='ocrx_word' id='word_1_607' title='bbox 2696 3786 2763 3827; x_wconf 77' lang='lat' dir='ltr'><strong>ex</strong></span> <span class='ocrx_word' id='word_1_608' title='bbox 2789 3768 2993 3826; x_wconf 83' lang='lat' dir='ltr'><strong>carnali</strong></span> <span class='ocrx_word' id='word_1_609' title='bbox 3019 3781 3222 3831; x_wconf 85' lang='lat' dir='ltr'><strong>amore,</strong></span> <span class='ocrx_word' id='word_1_610' title='bbox 3267 3772 3326 3819; x_wconf 90' lang='lat' dir='ltr'><strong>&#39;et</strong></span> <span class='ocrx_word' id='word_1_611' title='bbox 3371 3763 3507 3818; x_wconf 86' lang='lat' dir='ltr'><strong>alios</strong></span> <span class='ocrx_word' id='word_1_612' title='bbox 3544 3762 3840 3833; x_wconf 85' lang='lat' dir='ltr'><strong>deprimunt</strong></span> 
     </span>
    </p>
   </div>
   <div class='ocr_carea' id='block_1_81' title="bbox 2264 3856 3646 3931">
    <p class='ocr_par' dir='ltr' id='par_1_81' title="bbox 2264 3856 3646 3931">
     <span class='ocr_line' id='line_1_81' title="bbox 2264 3856 3646 3931; baseline -0.012 -6"><span class='ocrx_word' id='word_1_613' title='bbox 2264 3884 2333 3925; x_wconf 89' lang='lat' dir='ltr'><strong>ex</strong></span> <span class='ocrx_word' id='word_1_614' title='bbox 2356 3867 2480 3924; x_wconf 90' lang='lat' dir='ltr'><strong>odio</strong></span> <span class='ocrx_word' id='word_1_615' title='bbox 2508 3873 2562 3921; x_wconf 92' lang='lat' dir='ltr'><strong>et</strong></span> <span class='ocrx_word' id='word_1_616' title='bbox 2587 3864 2810 3930; x_wconf 89' lang='lat' dir='ltr'><strong>invidia,</strong></span> <span class='ocrx_word' id='word_1_617' title='bbox 2847 3871 2906 3918; x_wconf 92' lang='lat' dir='ltr'><strong>ut</strong></span> <span class='ocrx_word' id='word_1_618' title='bbox 2933 3860 3192 3931; x_wconf 89' lang='lat' dir='ltr'><strong>probatur</strong></span> <span class='ocrx_word' id='word_1_619' title='bbox 3215 3857 3300 3924; x_wconf 75' lang='lat' dir='ltr'><strong>i5,</strong></span> <span class='ocrx_word' id='word_1_620' title='bbox 3335 3873 3388 3928; x_wconf 90' lang='lat' dir='ltr'><strong>q.</strong></span> <span class='ocrx_word' id='word_1_621' title='bbox 3421 3857 3476 3922; x_wconf 81' lang='lat'><strong>7,</strong></span> <span class='ocrx_word' id='word_1_622' title='bbox 3505 3871 3555 3911; x_wconf 92' lang='lat' dir='ltr'><strong>c.</strong></span> <span class='ocrx_word' id='word_1_623' title='bbox 3589 3856 3646 3910; x_wconf 71' lang='grc' dir='ltr'><strong>ί.</strong></span> 
     </span>
    </p>
   </div>
   <div class='ocr_carea' id='block_1_82' title="bbox 2337 3946 3841 4019">
    <p class='ocr_par' dir='ltr' id='par_1_82' title="bbox 2337 3946 3841 4019">
     <span class='ocr_line' id='line_1_82' title="bbox 2337 3946 3841 4019; baseline -0.011 -3"><span class='ocrx_word' id='word_1_624' title='bbox 2337 3961 2434 4017; x_wconf 91' lang='lat' dir='ltr'><strong>Est</strong></span> <span class='ocrx_word' id='word_1_625' title='bbox 2457 3967 2637 4014; x_wconf 89' lang='lat' dir='ltr'><strong>autem</strong></span> <span class='ocrx_word' id='word_1_626' title='bbox 2667 3955 3011 4011; x_wconf 87' lang='lat' dir='ltr'><strong>undecimum</strong></span> <span class='ocrx_word' id='word_1_627' title='bbox 3035 3951 3231 4007; x_wconf 86' lang='lat' dir='ltr'><strong>vitium</strong></span> <span class='ocrx_word' id='word_1_628' title='bbox 3250 3991 3264 4017; x_wconf 93' lang='lat'><strong>,</strong></span> <span class='ocrx_word' id='word_1_629' title='bbox 3293 3949 3436 4019; x_wconf 86' lang='lat' dir='ltr'><strong>quod</strong></span> <span class='ocrx_word' id='word_1_630' title='bbox 3469 3946 3578 4018; x_wconf 87' lang='lat' dir='ltr'><strong>ipsi</strong></span> <span class='ocrx_word' id='word_1_631' title='bbox 3611 3948 3716 4002; x_wconf 80' lang='lat' dir='ltr'><strong>sub</strong></span> <span class='ocrx_word' id='word_1_632' title='bbox 3741 3956 3841 4014; x_wconf 74' lang='lat' dir='ltr'><strong>spe-</strong></span> 
     </span>
    </p>
   </div>
   <div class='ocr_carea' id='block_1_83' title="bbox 2265 4037 3844 4122">
    <p class='ocr_par' dir='ltr' id='par_1_83' title="bbox 2265 4037 3844 4122">
     <span class='ocr_line' id='line_1_83' title="bbox 2265 4037 3844 4122; baseline -0.013 -12"><span class='ocrx_word' id='word_1_633' title='bbox 2265 4055 2351 4111; x_wconf 89' lang='lat' dir='ltr'><strong>cie</strong></span> <span class='ocrx_word' id='word_1_634' title='bbox 2389 4050 2606 4122; x_wconf 88' lang='lat' dir='ltr'><strong>pietatis</strong></span> <span class='ocrx_word' id='word_1_635' title='bbox 2635 4047 2858 4120; x_wconf 88' lang='lat' dir='ltr'><strong>palllant</strong></span> <span class='ocrx_word' id='word_1_636' title='bbox 2891 4045 3222 4116; x_wconf 88' lang='lat' dir='ltr'><strong>impietatem</strong></span> <span class='ocrx_word' id='word_1_637' title='bbox 3245 4075 3261 4108; x_wconf 86' lang='lat'><strong>,</strong></span> <span class='ocrx_word' id='word_1_638' title='bbox 3310 4039 3520 4096; x_wconf 88' lang='lat' dir='ltr'><strong>scilicet</strong></span> <span class='ocrx_word' id='word_1_639' title='bbox 3569 4037 3844 4094; x_wconf 83' lang='lat' dir='ltr'><strong>occasione</strong></span> 
     </span>
    </p>
   </div>
   <div class='ocr_carea' id='block_1_84' title="bbox 2266 4125 3842 4216">
    <p class='ocr_par' dir='ltr' id='par_1_84' title="bbox 2266 4125 3842 4216">
     <span class='ocr_line' id='line_1_84' title="bbox 2266 4125 3842 4216; baseline -0.013 -14"><span class='ocrx_word' id='word_1_640' title='bbox 2266 4144 2487 4216; x_wconf 88' lang='lat' dir='ltr'><strong>hospitii</strong></span> <span class='ocrx_word' id='word_1_641' title='bbox 2515 4141 2845 4198; x_wconf 86' lang='lat' dir='ltr'><strong>manducant</strong></span> <span class='ocrx_word' id='word_1_642' title='bbox 2873 4146 3027 4194; x_wconf 81' lang='lat' dir='ltr'><strong>extra</strong></span> <span class='ocrx_word' id='word_1_643' title='bbox 3052 4133 3397 4192; x_wconf 81' lang='lat' dir='ltr'><strong>reiectorium</strong></span> <span class='ocrx_word' id='word_1_644' title='bbox 3420 4143 3629 4187; x_wconf 76' lang='lat' dir='ltr'><strong>carnes</strong></span> <span class='ocrx_word' id='word_1_645' title='bbox 3653 4125 3842 4184; x_wconf 70' lang='lat' dir='ltr'><strong>insani-</strong></span> 
     </span>
    </p>
   </div>
   <div class='ocr_carea' id='block_1_85' title="bbox 2267 4215 3845 4304">
    <p class='ocr_par' dir='ltr' id='par_1_85' title="bbox 2267 4215 3845 4304">
     <span class='ocr_line' id='line_1_85' title="bbox 2267 4215 3845 4304; baseline -0.015 -8"><span class='ocrx_word' id='word_1_646' title='bbox 2267 4215 2491 4304; x_wconf 83' lang='lat' dir='ltr'><strong>cienter,</strong></span> <span class='ocrx_word' id='word_1_647' title='bbox 2536 4245 2592 4292; x_wconf 91' lang='lat' dir='ltr'><strong>et</strong></span> <span class='ocrx_word' id='word_1_648' title='bbox 2638 4249 2745 4290; x_wconf 92' lang='lat' dir='ltr'><strong>non</strong></span> <span class='ocrx_word' id='word_1_649' title='bbox 2790 4233 3012 4288; x_wconf 87' lang='lat' dir='ltr'><strong>veniunt</strong></span> <span class='ocrx_word' id='word_1_650' title='bbox 3050 4228 3118 4284; x_wconf 85' lang='lat' dir='ltr'><strong>ad</strong></span> <span class='ocrx_word' id='word_1_651' title='bbox 3147 4225 3470 4290; x_wconf 81' lang='lat' dir='ltr'><strong>matutinas,</strong></span> <span class='ocrx_word' id='word_1_652' title='bbox 3519 4236 3634 4278; x_wconf 88' lang='lat' dir='ltr'><strong>nec</strong></span> <span class='ocrx_word' id='word_1_653' title='bbox 3659 4221 3729 4276; x_wconf 82' lang='lat' dir='ltr'><strong>ad</strong></span> <span class='ocrx_word' id='word_1_654' title='bbox 3751 4215 3845 4274; x_wconf 77' lang='lat' dir='ltr'><strong>oili-</strong></span> 
     </span>
    </p>
   </div>
   <div class='ocr_carea' id='block_1_86' title="bbox 2268 4319 3843 4399">
    <p class='ocr_par' dir='ltr' id='par_1_86' title="bbox 2268 4319 3843 4399">
     <span class='ocr_line' id='line_1_86' title="bbox 2268 4319 3843 4399; baseline -0.014 -9"><span class='ocrx_word' id='word_1_655' title='bbox 2268 4335 2434 4399; x_wconf 90' lang='lat' dir='ltr'><strong>cium,</strong></span> <span class='ocrx_word' id='word_1_656' title='bbox 2457 4339 2514 4387; x_wconf 91' lang='lat' dir='ltr'><strong>et</strong></span> <span class='ocrx_word' id='word_1_657' title='bbox 2539 4328 2789 4386; x_wconf 90' lang='lat' dir='ltr'><strong>monachi</strong></span> <span class='ocrx_word' id='word_1_658' title='bbox 2819 4326 3124 4382; x_wconf 90' lang='lat' dir='ltr'><strong>moriuntur</strong></span> <span class='ocrx_word' id='word_1_659' title='bbox 3151 4321 3314 4386; x_wconf 84' lang='lat' dir='ltr'><strong>fame,</strong></span> <span class='ocrx_word' id='word_1_660' title='bbox 3350 4319 3442 4390; x_wconf 81' lang='lat' dir='ltr'><strong>qui</strong></span> <span class='ocrx_word' id='word_1_661' title='bbox 3469 4325 3703 4389; x_wconf 83' lang='lat' dir='ltr'><strong>portant</strong></span> <span class='ocrx_word' id='word_1_662' title='bbox 3723 4328 3843 4385; x_wconf 74' lang='lat' dir='ltr'><strong>pou-</strong></span> 
     </span>
    </p>
   </div>
   <div class='ocr_carea' id='block_1_87' title="bbox 2268 4419 2970 4480">
    <p class='ocr_par' dir='ltr' id='par_1_87' title="bbox 2268 4419 2970 4480">
     <span class='ocr_line' id='line_1_87' title="bbox 2268 4419 2970 4480; baseline -0.016 0"><span class='ocrx_word' id='word_1_663' title='bbox 2268 4424 2371 4480; x_wconf 87' lang='lat' dir='ltr'><strong>dus</strong></span> <span class='ocrx_word' id='word_1_664' title='bbox 2387 4419 2549 4478; x_wconf 77' lang='lat' dir='ltr'><strong>cilicii</strong></span> <span class='ocrx_word' id='word_1_665' title='bbox 2574 4419 2681 4474; x_wconf 89' lang='lat' dir='ltr'><strong>diei</strong></span> <span class='ocrx_word' id='word_1_666' title='bbox 2709 4426 2766 4474; x_wconf 90' lang='lat' dir='ltr'><strong>et</strong></span> <span class='ocrx_word' id='word_1_667' title='bbox 2787 4422 2970 4472; x_wconf 73' lang='lat' dir='ltr'><strong>aestus.</strong></span> 
     </span>
    </p>
   </div>
   <div class='ocr_carea' id='block_1_88' title="bbox 2338 4499 3845 4576">
    <p class='ocr_par' dir='ltr' id='par_1_88' title="bbox 2338 4499 3845 4576">
     <span class='ocr_line' id='line_1_88' title="bbox 2338 4499 3845 4576; baseline -0.017 -2"><span class='ocrx_word' id='word_1_668' title='bbox 2338 4519 2437 4574; x_wconf 89' lang='lat' dir='ltr'><strong>Est</strong></span> <span class='ocrx_word' id='word_1_669' title='bbox 2458 4523 2639 4571; x_wconf 86' lang='lat' dir='ltr'><strong>autem</strong></span> <span class='ocrx_word' id='word_1_670' title='bbox 2667 4511 3040 4568; x_wconf 89' lang='lat' dir='ltr'><strong>duodecimum</strong></span> <span class='ocrx_word' id='word_1_671' title='bbox 3060 4541 3076 4573; x_wconf 88' lang='lat'><strong>,</strong></span> <span class='ocrx_word' id='word_1_672' title='bbox 3108 4505 3251 4576; x_wconf 90' lang='lat' dir='ltr'><strong>quod</strong></span> <span class='ocrx_word' id='word_1_673' title='bbox 3282 4502 3611 4575; x_wconf 80' lang='lat' dir='ltr'><strong>permittunt</strong></span> <span class='ocrx_word' id='word_1_674' title='bbox 3636 4499 3845 4570; x_wconf 62' lang='lat' dir='ltr'><strong>quibus»</strong></span> 
     </span>
    </p>
   </div>
   <div class='ocr_carea' id='block_1_89' title="bbox 2271 4592 3849 4670">
    <p class='ocr_par' dir='ltr' id='par_1_89' title="bbox 2271 4592 3849 4670">
     <span class='ocr_line' id='line_1_89' title="bbox 2271 4592 3849 4670; baseline -0.017 0"><span class='ocrx_word' id='word_1_675' title='bbox 2271 4615 2396 4669; x_wconf 86' lang='lat' dir='ltr'><strong>dam</strong></span> <span class='ocrx_word' id='word_1_676' title='bbox 2444 4606 2730 4667; x_wconf 88' lang='lat' dir='ltr'><strong>monachis</strong></span> <span class='ocrx_word' id='word_1_677' title='bbox 2773 4604 2971 4659; x_wconf 91' lang='lat' dir='ltr'><strong>habere</strong></span> <span class='ocrx_word' id='word_1_678' title='bbox 2998 4599 3312 4670; x_wconf 86' lang='lat' dir='ltr'><strong>pecuniam,</strong></span> <span class='ocrx_word' id='word_1_679' title='bbox 3343 4603 3533 4651; x_wconf 89' lang='lat' dir='ltr'><strong>contra</strong></span> <span class='ocrx_word' id='word_1_680' title='bbox 3564 4592 3849 4650; x_wconf 79' lang='lat' dir='ltr'><strong>auctorita-</strong></span> 
     </span>
    </p>
   </div>
   <div class='ocr_carea' id='block_1_90' title="bbox 581 4684 3850 4790">
    <p class='ocr_par' dir='ltr' id='par_1_90' title="bbox 581 4684 3850 4790">
     <span class='ocr_line' id='line_1_90' title="bbox 581 4684 3850 4790; baseline -0.012 -13"><span class='ocrx_word' id='word_1_681' title='bbox 717 4734 768 4777; x_wconf 94' lang='lat' dir='ltr'><strong>c.</strong></span> <span class='ocrx_word' id='word_1_682' title='bbox 820 4715 1053 4773; x_wconf 88' lang='lat' dir='ltr'><strong>Placuit.</strong></span> <span class='ocrx_word' id='word_1_683' title='bbox 1115 4713 1254 4770; x_wconf 89' lang='lat' dir='ltr'><strong>Cum</strong></span> <span class='ocrx_word' id='word_1_684' title='bbox 1299 4709 1459 4766; x_wconf 87' lang='lat' dir='ltr'><strong>aliter</strong></span> <span class='ocrx_word' id='word_1_685' title='bbox 1484 4722 1594 4763; x_wconf 90' lang='lat' dir='ltr'><strong>non</strong></span> <span class='ocrx_word' id='word_1_686' title='bbox 1632 4705 1802 4776; x_wconf 90' lang='lat' dir='ltr'><strong>possit</strong></span> <span class='ocrx_word' id='word_1_687' title='bbox 1834 4701 2018 4776; x_wconf 78' lang='lat' dir='ltr'><strong>ligati,</strong></span> <span class='ocrx_word' id='word_1_688' title='bbox 2069 4716 2172 4757; x_wconf 89' lang='lat' dir='ltr'><strong>nec</strong></span> <span class='ocrx_word' id='word_1_689' title='bbox 2193 4729 2248 4790; x_wconf 69' lang='grc' dir='ltr'><strong>Ι)</strong></span> <span class='ocrx_word' id='word_1_690' title='bbox 2275 4713 2384 4760; x_wconf 87' lang='lat' dir='ltr'><strong>tem</strong></span> <span class='ocrx_word' id='word_1_691' title='bbox 2429 4707 2740 4758; x_wconf 88' lang='lat' dir='ltr'><strong>sanctorum</strong></span> <span class='ocrx_word' id='word_1_692' title='bbox 2781 4695 3004 4751; x_wconf 88' lang='lat' dir='ltr'><strong>Patrum</strong></span> <span class='ocrx_word' id='word_1_693' title='bbox 3027 4731 3043 4759; x_wconf 92' lang='lat'><strong>,</strong></span> <span class='ocrx_word' id='word_1_694' title='bbox 3087 4698 3148 4747; x_wconf 91' lang='lat' dir='ltr'><strong>ut</strong></span> <span class='ocrx_word' id='word_1_695' title='bbox 3184 4689 3444 4761; x_wconf 89' lang='lat' dir='ltr'><strong>probatur</strong></span> <span class='ocrx_word' id='word_1_696' title='bbox 3475 4702 3567 4743; x_wconf 88' lang='lat' dir='ltr'><strong>ex.</strong></span> <span class='ocrx_word' id='word_1_697' title='bbox 3614 4687 3684 4741; x_wconf 88' lang='lat' dir='ltr'><strong>de</strong></span> <span class='ocrx_word' id='word_1_698' title='bbox 3709 4684 3850 4741; x_wconf 80' lang='lat' dir='ltr'><strong>Statu</strong></span> 
     </span>
    </p>
   </div>
   <div class='ocr_carea' id='block_1_91' title="bbox 579 4791 2172 4881">
    <p class='ocr_par' dir='ltr' id='par_1_91' title="bbox 579 4791 2172 4881">
     <span class='ocr_line' id='line_1_91' title="bbox 579 4791 2172 4881; baseline -0.016 -8"><span class='ocrx_word' id='word_1_699' title='bbox 579 4811 740 4879; x_wconf 80' lang='lat' dir='ltr'><strong>solvi,</strong></span> <span class='ocrx_word' id='word_1_700' title='bbox 766 4817 826 4866; x_wconf 93' lang='lat' dir='ltr'><strong>ut</strong></span> <span class='ocrx_word' id='word_1_701' title='bbox 852 4810 908 4866; x_wconf 93' lang='lat' dir='ltr'><strong>in</strong></span> <span class='ocrx_word' id='word_1_702' title='bbox 930 4807 1206 4881; x_wconf 61' lang='lat' dir='ltr'><strong>praedictis</strong></span> <span class='ocrx_word' id='word_1_703' title='bbox 1220 4801 1456 4874; x_wconf 91' lang='lat' dir='ltr'><strong>juribus,</strong></span> <span class='ocrx_word' id='word_1_704' title='bbox 1481 4799 1589 4855; x_wconf 89' lang='lat' dir='ltr'><strong>nisi</strong></span> <span class='ocrx_word' id='word_1_705' title='bbox 1604 4795 1787 4853; x_wconf 80' lang='lat' dir='ltr'><strong>forsan</strong></span> <span class='ocrx_word' id='word_1_706' title='bbox 1813 4801 1960 4852; x_wconf 87' lang='lat' dir='ltr'><strong>esset</strong></span> <span class='ocrx_word' id='word_1_707' title='bbox 1984 4791 2172 4865; x_wconf 88' lang='lat' dir='ltr'><strong>regula</strong></span> 
     </span>
    </p>
   </div>
   <div class='ocr_carea' id='block_1_92' title="bbox 581 4885 2171 4966">
    <p class='ocr_par' dir='ltr' id='par_1_92' title="bbox 581 4885 2171 4966">
     <span class='ocr_line' id='line_1_92' title="bbox 581 4885 2171 4966; baseline -0.015 -1"><span class='ocrx_word' id='word_1_708' title='bbox 581 4904 858 4964; x_wconf 85' lang='lat' dir='ltr'><strong>contraria</strong></span> <span class='ocrx_word' id='word_1_709' title='bbox 886 4908 943 4959; x_wconf 91' lang='lat' dir='ltr'><strong>et</strong></span> <span class='ocrx_word' id='word_1_710' title='bbox 969 4915 1001 4956; x_wconf 91' lang='lat' dir='ltr'><strong>a</strong></span> <span class='ocrx_word' id='word_1_711' title='bbox 1025 4911 1237 4956; x_wconf 89' lang='lat' dir='ltr'><strong>summo</strong></span> <span class='ocrx_word' id='word_1_712' title='bbox 1265 4892 1520 4966; x_wconf 80' lang='lat' dir='ltr'><strong>pontiﬁce</strong></span> <span class='ocrx_word' id='word_1_713' title='bbox 1549 4887 1876 4963; x_wconf 87' lang='lat' dir='ltr'><strong>approbata;</strong></span> <span class='ocrx_word' id='word_1_714' title='bbox 1909 4886 2051 4943; x_wconf 89' lang='lat' dir='ltr'><strong>sicut</strong></span> <span class='ocrx_word' id='word_1_715' title='bbox 2072 4885 2171 4941; x_wconf 86' lang='lat' dir='ltr'><strong>ha-</strong></span> 
     </span>
    </p>
   </div>
   <div class='ocr_carea' id='block_1_93' title="bbox 582 4977 2172 5058">
    <p class='ocr_par' dir='ltr' id='par_1_93' title="bbox 582 4977 2172 5058">
     <span class='ocr_line' id='line_1_93' title="bbox 582 4977 2172 5058; baseline -0.016 -1"><span class='ocrx_word' id='word_1_716' title='bbox 582 4995 719 5056; x_wconf 81' lang='lat' dir='ltr'><strong>bent</strong></span> <span class='ocrx_word' id='word_1_717' title='bbox 763 4991 964 5051; x_wconf 86' lang='lat' dir='ltr'><strong>fratres</strong></span> <span class='ocrx_word' id='word_1_718' title='bbox 1005 4989 1394 5050; x_wconf 87' lang='lat' dir='ltr'><strong>Cistercienses</strong></span> <span class='ocrx_word' id='word_1_719' title='bbox 1441 4985 1534 5058; x_wconf 92' lang='lat' dir='ltr'><strong>qui</strong></span> <span class='ocrx_word' id='word_1_720' title='bbox 1590 4981 1884 5039; x_wconf 89' lang='lat' dir='ltr'><strong>secundum</strong></span> <span class='ocrx_word' id='word_1_721' title='bbox 1929 4977 2172 5051; x_wconf 87' lang='lat' dir='ltr'><strong>regulam</strong></span> 
     </span>
    </p>
   </div>
   <div class='ocr_carea' id='block_1_94' title="bbox 584 5071 2170 5149">
    <p class='ocr_par' dir='ltr' id='par_1_94' title="bbox 584 5071 2170 5149">
     <span class='ocr_line' id='line_1_94' title="bbox 584 5071 2170 5149; baseline -0.015 0"><span class='ocrx_word' id='word_1_722' title='bbox 584 5089 691 5149; x_wconf 87' lang='lat' dir='ltr'><strong>sibi</strong></span> <span class='ocrx_word' id='word_1_723' title='bbox 713 5088 920 5146; x_wconf 80' lang='lat' dir='ltr'><strong>faciunt</strong></span> <span class='ocrx_word' id='word_1_724' title='bbox 945 5085 1331 5144; x_wconf 83' lang='lat' dir='ltr'><strong>confessorem.</strong></span> <span class='ocrx_word' id='word_1_725' title='bbox 1383 5077 1535 5135; x_wconf 86' lang='lat' dir='ltr'><strong>Licet</strong></span> <span class='ocrx_word' id='word_1_726' title='bbox 1562 5077 1708 5134; x_wconf 90' lang='lat' dir='ltr'><strong>enim</strong></span> <span class='ocrx_word' id='word_1_727' title='bbox 1733 5075 1902 5130; x_wconf 88' lang='lat' dir='ltr'><strong>multa</strong></span> <span class='ocrx_word' id='word_1_728' title='bbox 1930 5074 2038 5128; x_wconf 89' lang='lat' dir='ltr'><strong>sint</strong></span> <span class='ocrx_word' id='word_1_729' title='bbox 2071 5071 2170 5126; x_wconf 89' lang='lat' dir='ltr'><strong>ab-</strong></span> 
     </span>
    </p>
   </div>
   <div class='ocr_carea' id='block_1_95' title="bbox 585 5160 2170 5250">
    <p class='ocr_par' dir='ltr' id='par_1_95' title="bbox 585 5160 2170 5250">
     <span class='ocr_line' id='line_1_95' title="bbox 585 5160 2170 5250; baseline -0.016 -9"><span class='ocrx_word' id='word_1_730' title='bbox 585 5183 774 5240; x_wconf 85' lang='lat' dir='ltr'><strong>batum</strong></span> <span class='ocrx_word' id='word_1_731' title='bbox 813 5180 947 5236; x_wconf 88' lang='lat' dir='ltr'><strong>vitia</strong></span> <span class='ocrx_word' id='word_1_732' title='bbox 970 5220 987 5247; x_wconf 93' lang='lat'><strong>,</strong></span> <span class='ocrx_word' id='word_1_733' title='bbox 1037 5193 1158 5250; x_wconf 68' lang='lat' dir='ltr'><strong>quae</strong></span> <span class='ocrx_word' id='word_1_734' title='bbox 1201 5178 1428 5246; x_wconf 89' lang='lat' dir='ltr'><strong>possunt</strong></span> <span class='ocrx_word' id='word_1_735' title='bbox 1461 5174 1563 5228; x_wconf 89' lang='lat' dir='ltr'><strong>sub</strong></span> <span class='ocrx_word' id='word_1_736' title='bbox 1591 5182 1818 5225; x_wconf 89' lang='lat' dir='ltr'><strong>numero</strong></span> <span class='ocrx_word' id='word_1_737' title='bbox 1845 5160 2170 5234; x_wconf 84' lang='lat' dir='ltr'><strong>computari,</strong></span> 
     </span>
    </p>
   </div>
   <div class='ocr_carea' id='block_1_96' title="bbox 588 5253 2172 5344">
    <p class='ocr_par' dir='ltr' id='par_1_96' title="bbox 588 5253 2172 5344">
     <span class='ocr_line' id='line_1_96' title="bbox 588 5253 2172 5344; baseline -0.014 -13"><span class='ocrx_word' id='word_1_738' title='bbox 588 5281 771 5330; x_wconf 88' lang='lat' dir='ltr'><strong>tamen</strong></span> <span class='ocrx_word' id='word_1_739' title='bbox 796 5286 967 5344; x_wconf 87' lang='lat' dir='ltr'><strong>pauca</strong></span> <span class='ocrx_word' id='word_1_740' title='bbox 1007 5286 1075 5326; x_wconf 92' lang='lat' dir='ltr'><strong>ex</strong></span> <span class='ocrx_word' id='word_1_741' title='bbox 1108 5270 1189 5325; x_wconf 91' lang='lat' dir='ltr'><strong>eis</strong></span> <span class='ocrx_word' id='word_1_742' title='bbox 1215 5267 1451 5324; x_wconf 86' lang='lat' dir='ltr'><strong>breviter</strong></span> <span class='ocrx_word' id='word_1_743' title='bbox 1473 5262 1919 5344; x_wconf 87' lang='lat' dir='ltr'><strong>perstringamus,</strong></span> <span class='ocrx_word' id='word_1_744' title='bbox 1971 5253 2038 5312; x_wconf 89' lang='lat' dir='ltr'><strong>ad</strong></span> <span class='ocrx_word' id='word_1_745' title='bbox 2066 5256 2172 5310; x_wconf 90' lang='lat' dir='ltr'><strong>hoc</strong></span> 
     </span>
    </p>
   </div>
   <div class='ocr_carea' id='block_1_97' title="bbox 587 5339 1760 5441">
    <p class='ocr_par' dir='ltr' id='par_1_97' title="bbox 587 5339 1760 5441">
     <span class='ocr_line' id='line_1_97' title="bbox 587 5339 1760 5441; baseline -0.013 -15"><span class='ocrx_word' id='word_1_746' title='bbox 587 5370 734 5441; x_wconf 85' lang='lat' dir='ltr'><strong>quod</strong></span> <span class='ocrx_word' id='word_1_747' title='bbox 757 5339 953 5423; x_wconf 76' lang='lat' dir='ltr'><strong>futuris</strong></span> <span class='ocrx_word' id='word_1_748' title='bbox 986 5365 1194 5423; x_wconf 89' lang='lat' dir='ltr'><strong>cautela</strong></span> <span class='ocrx_word' id='word_1_749' title='bbox 1218 5363 1381 5419; x_wconf 87' lang='lat' dir='ltr'><strong>tutior</strong></span> <span class='ocrx_word' id='word_1_750' title='bbox 1408 5339 1760 5434; x_wconf 60' lang='lat' dir='ltr'><strong>praeparetur.</strong></span> 
     </span>
    </p>
   </div>
   <div class='ocr_carea' id='block_1_98' title="bbox 660 5445 2174 5527">
    <p class='ocr_par' dir='ltr' id='par_1_98' title="bbox 660 5445 2174 5527">
     <span class='ocr_line' id='line_1_98' title="bbox 660 5445 2174 5527; baseline -0.013 -9"><span class='ocrx_word' id='word_1_751' title='bbox 660 5461 905 5517; x_wconf 88' lang='lat' dir='ltr'><strong>Primum</strong></span> <span class='ocrx_word' id='word_1_752' title='bbox 942 5467 1026 5515; x_wconf 91' lang='lat' dir='ltr'><strong>est</strong></span> <span class='ocrx_word' id='word_1_753' title='bbox 1053 5458 1244 5515; x_wconf 92' lang='lat' dir='ltr'><strong>vitium</strong></span> <span class='ocrx_word' id='word_1_754' title='bbox 1289 5451 1584 5527; x_wconf 88' lang='lat' dir='ltr'><strong>principale</strong></span> <span class='ocrx_word' id='word_1_755' title='bbox 1604 5492 1620 5518; x_wconf 96' lang='lat'><strong>,</strong></span> <span class='ocrx_word' id='word_1_756' title='bbox 1665 5448 1809 5521; x_wconf 90' lang='lat' dir='ltr'><strong>quod</strong></span> <span class='ocrx_word' id='word_1_757' title='bbox 1851 5455 1912 5504; x_wconf 93' lang='lat' dir='ltr'><strong>ut</strong></span> <span class='ocrx_word' id='word_1_758' title='bbox 1948 5445 2174 5502; x_wconf 90' lang='lat' dir='ltr'><strong>abbates</strong></span> 
     </span>
    </p>
   </div>
   <div class='ocr_carea' id='block_1_99' title="bbox 589 5539 2169 5625">
    <p class='ocr_par' dir='ltr' id='par_1_99' title="bbox 589 5539 2169 5625">
     <span class='ocr_line' id='line_1_99' title="bbox 589 5539 2169 5625; baseline -0.014 -13"><span class='ocrx_word' id='word_1_759' title='bbox 589 5556 759 5622; x_wconf 80' lang='lat' dir='ltr'><strong>ﬁant,</strong></span> <span class='ocrx_word' id='word_1_760' title='bbox 800 5550 1040 5625; x_wconf 89' lang='lat' dir='ltr'><strong>regulam</strong></span> <span class='ocrx_word' id='word_1_761' title='bbox 1063 5555 1372 5611; x_wconf 89' lang='lat' dir='ltr'><strong>assumunt,</strong></span> <span class='ocrx_word' id='word_1_762' title='bbox 1417 5551 1608 5601; x_wconf 90' lang='lat' dir='ltr'><strong>contra</strong></span> <span class='ocrx_word' id='word_1_763' title='bbox 1632 5539 2011 5597; x_wconf 88' lang='lat' dir='ltr'><strong>auctoritatem</strong></span> <span class='ocrx_word' id='word_1_764' title='bbox 2043 5551 2169 5593; x_wconf 85' lang='lat' dir='ltr'><strong>san—</strong></span> 
     </span>
    </p>
   </div>
   <div class='ocr_carea' id='block_1_100' title="bbox 591 5630 2164 5714">
    <p class='ocr_par' dir='ltr' id='par_1_100' title="bbox 591 5630 2164 5714">
     <span class='ocr_line' id='line_1_100' title="bbox 591 5630 2164 5714; baseline -0.017 -7"><span class='ocrx_word' id='word_1_765' title='bbox 591 5659 804 5708; x_wconf 90' lang='lat' dir='ltr'><strong>ctorum</strong></span> <span class='ocrx_word' id='word_1_766' title='bbox 825 5645 1068 5711; x_wconf 85' lang='lat' dir='ltr'><strong>Patrum,</strong></span> <span class='ocrx_word' id='word_1_767' title='bbox 1102 5650 1162 5698; x_wconf 92' lang='lat' dir='ltr'><strong>ut</strong></span> <span class='ocrx_word' id='word_1_768' title='bbox 1189 5641 1455 5714; x_wconf 90' lang='lat' dir='ltr'><strong>probatur</strong></span> <span class='ocrx_word' id='word_1_769' title='bbox 1482 5636 1573 5704; x_wconf 79' lang='grc'><strong>16,</strong></span> <span class='ocrx_word' id='word_1_770' title='bbox 1603 5651 1658 5707; x_wconf 89' lang='lat' dir='ltr'><strong>q.</strong></span> <span class='ocrx_word' id='word_1_771' title='bbox 1689 5634 1741 5700; x_wconf 83' lang='lat'><strong>7,</strong></span> <span class='ocrx_word' id='word_1_772' title='bbox 1772 5650 1823 5689; x_wconf 90' lang='lat' dir='ltr'><strong>c.</strong></span> <span class='ocrx_word' id='word_1_773' title='bbox 1855 5631 1963 5687; x_wconf 86' lang='lat' dir='ltr'><strong>Per</strong></span> <span class='ocrx_word' id='word_1_774' title='bbox 1979 5630 2164 5694; x_wconf 82' lang='lat' dir='ltr'><strong>laicos,</strong></span> 
     </span>
    </p>
   </div>
   <div class='ocr_carea' id='block_1_101' title="bbox 591 5726 2174 5812">
    <p class='ocr_par' dir='ltr' id='par_1_101' title="bbox 591 5726 2174 5812">
     <span class='ocr_line' id='line_1_101' title="bbox 591 5726 2174 5812; baseline -0.016 -11"><span class='ocrx_word' id='word_1_775' title='bbox 591 5743 684 5800; x_wconf 88' lang='lat' dir='ltr'><strong>ubi</strong></span> <span class='ocrx_word' id='word_1_776' title='bbox 713 5740 912 5799; x_wconf 88' lang='lat' dir='ltr'><strong>dicitur</strong></span> <span class='ocrx_word' id='word_1_777' title='bbox 929 5737 1076 5812; x_wconf 87' lang='lat' dir='ltr'><strong>quod</strong></span> <span class='ocrx_word' id='word_1_778' title='bbox 1116 5732 1296 5790; x_wconf 91' lang='lat' dir='ltr'><strong>nullus</strong></span> <span class='ocrx_word' id='word_1_779' title='bbox 1333 5730 1580 5788; x_wconf 89' lang='lat' dir='ltr'><strong>habitum</strong></span> <span class='ocrx_word' id='word_1_780' title='bbox 1602 5726 1881 5799; x_wconf 89' lang='lat' dir='ltr'><strong>suscipiat,</strong></span> <span class='ocrx_word' id='word_1_781' title='bbox 1903 5737 2054 5795; x_wconf 91' lang='lat' dir='ltr'><strong>spem</strong></span> <span class='ocrx_word' id='word_1_782' title='bbox 2078 5727 2174 5777; x_wconf 88' lang='lat' dir='ltr'><strong>aut</strong></span> 
     </span>
    </p>
   </div>
   <div class='ocr_carea' id='block_1_102' title="bbox 590 5816 2173 5905">
    <p class='ocr_par' dir='ltr' id='par_1_102' title="bbox 590 5816 2173 5905">
     <span class='ocr_line' id='line_1_102' title="bbox 590 5816 2173 5905; baseline -0.013 -16"><span class='ocrx_word' id='word_1_783' title='bbox 590 5831 1003 5905; x_wconf 86' lang='lat' dir='ltr'><strong>promissionem</strong></span> <span class='ocrx_word' id='word_1_784' title='bbox 1027 5825 1264 5894; x_wconf 84' lang='lat' dir='ltr'><strong>habens,</strong></span> <span class='ocrx_word' id='word_1_785' title='bbox 1311 5829 1374 5880; x_wconf 91' lang='lat' dir='ltr'><strong>ut</strong></span> <span class='ocrx_word' id='word_1_786' title='bbox 1395 5821 1565 5879; x_wconf 88' lang='lat' dir='ltr'><strong>abbas</strong></span> <span class='ocrx_word' id='word_1_787' title='bbox 1586 5819 1699 5876; x_wconf 82' lang='lat' dir='ltr'><strong>ﬁat.</strong></span> <span class='ocrx_word' id='word_1_788' title='bbox 1740 5817 1875 5872; x_wconf 80' lang='lat' dir='ltr'><strong>Nam</strong></span> <span class='ocrx_word' id='word_1_789' title='bbox 1901 5816 2038 5871; x_wconf 89' lang='lat' dir='ltr'><strong>tales</strong></span> <span class='ocrx_word' id='word_1_790' title='bbox 2065 5827 2173 5869; x_wconf 91' lang='lat' dir='ltr'><strong>non</strong></span> 
     </span>
    </p>
   </div>
   <div class='ocr_carea' id='block_1_103' title="bbox 593 5903 2175 5991">
    <p class='ocr_par' dir='ltr' id='par_1_103' title="bbox 593 5903 2175 5991">
     <span class='ocr_line' id='line_1_103' title="bbox 593 5903 2175 5991; baseline -0.014 -9"><span class='ocrx_word' id='word_1_791' title='bbox 593 5903 877 5981; x_wconf 79' lang='lat' dir='ltr'><strong>intendunt</strong></span> <span class='ocrx_word' id='word_1_792' title='bbox 902 5917 1159 5979; x_wconf 68' lang='lat' dir='ltr'><strong>mlum</strong></span> <span class='ocrx_word' id='word_1_793' title='bbox 1186 5912 1378 5991; x_wconf 80' lang='lat' dir='ltr'><strong>fugare</strong></span> <span class='ocrx_word' id='word_1_794' title='bbox 1399 5956 1416 5982; x_wconf 93' lang='lat'><strong>,</strong></span> <span class='ocrx_word' id='word_1_795' title='bbox 1470 5912 1568 5970; x_wconf 88' lang='lat' dir='ltr'><strong>sed</strong></span> <span class='ocrx_word' id='word_1_796' title='bbox 1604 5917 1834 5976; x_wconf 87' lang='lat' dir='ltr'><strong>mutare,</strong></span> <span class='ocrx_word' id='word_1_797' title='bbox 1885 5914 1945 5963; x_wconf 92' lang='lat' dir='ltr'><strong>ut</strong></span> <span class='ocrx_word' id='word_1_798' title='bbox 1978 5903 2175 5980; x_wconf 85' lang='lat' dir='ltr'><strong>proba-</strong></span> 
     </span>
    </p>
   </div>
   <div class='ocr_carea' id='block_1_104' title="bbox 595 6013 797 6074">
    <p class='ocr_par' dir='ltr' id='par_1_104' title="bbox 595 6013 797 6074">
     <span class='ocr_line' id='line_1_104' title="bbox 595 6013 797 6074; baseline 0.01 -2"><span class='ocrx_word' id='word_1_799' title='bbox 595 6013 797 6074; x_wconf 68' lang='grc' dir='ltr'><strong>ωτδδ.</strong></span> 
     </span>
    </p>
   </div>
   <div class='ocr_carea' id='block_1_105' title="bbox 2275 4796 2546 4854">
    <p class='ocr_par' dir='ltr' id='par_1_105' title="bbox 2275 4796 2546 4854">
     <span class='ocr_line' id='line_1_105' title="bbox 2275 4796 2546 4854; baseline -0.022 1"><span class='ocrx_word' id='word_1_800' title='bbox 2275 4796 2546 4854; x_wconf 88' lang='lat' dir='ltr'><strong>monachi.</strong></span> 
     </span>
    </p>
   </div>
   <div class='ocr_carea' id='block_1_106' title="bbox 2344 4873 3850 4947">
    <p class='ocr_par' dir='ltr' id='par_1_106' title="bbox 2344 4873 3850 4947">
     <span class='ocr_line' id='line_1_106' title="bbox 2344 4873 3850 4947; baseline -0.015 1"><span class='ocrx_word' id='word_1_801' title='bbox 2344 4890 2442 4947; x_wconf 85' lang='lat' dir='ltr'><strong>Est</strong></span> <span class='ocrx_word' id='word_1_802' title='bbox 2487 4894 2666 4944; x_wconf 88' lang='lat' dir='ltr'><strong>autem</strong></span> <span class='ocrx_word' id='word_1_803' title='bbox 2709 4884 2977 4942; x_wconf 89' lang='lat' dir='ltr'><strong>decimum</strong></span> <span class='ocrx_word' id='word_1_804' title='bbox 3019 4881 3239 4938; x_wconf 87' lang='lat' dir='ltr'><strong>tertium</strong></span> <span class='ocrx_word' id='word_1_805' title='bbox 3265 4877 3457 4933; x_wconf 89' lang='lat' dir='ltr'><strong>vitium</strong></span> <span class='ocrx_word' id='word_1_806' title='bbox 3482 4915 3498 4942; x_wconf 91' lang='lat'><strong>,</strong></span> <span class='ocrx_word' id='word_1_807' title='bbox 3549 4874 3701 4946; x_wconf 84' lang='lat' dir='ltr'><strong>quod</strong></span> <span class='ocrx_word' id='word_1_808' title='bbox 3738 4873 3850 4940; x_wconf 79' lang='lat' dir='ltr'><strong>jura</strong></span> 
     </span>
    </p>
   </div>
   <div class='ocr_carea' id='block_1_107' title="bbox 2276 4961 3848 5054">
    <p class='ocr_par' dir='ltr' id='par_1_107' title="bbox 2276 4961 3848 5054">
     <span class='ocr_line' id='line_1_107' title="bbox 2276 4961 3848 5054; baseline -0.013 -16"><span class='ocrx_word' id='word_1_809' title='bbox 2276 4981 2601 5054; x_wconf 85' lang='lat' dir='ltr'><strong>episcopalia</strong></span> <span class='ocrx_word' id='word_1_810' title='bbox 2639 4995 2747 5034; x_wconf 89' lang='lat' dir='ltr'><strong>non</strong></span> <span class='ocrx_word' id='word_1_811' title='bbox 2783 4981 3028 5033; x_wconf 90' lang='lat' dir='ltr'><strong>metuunt</strong></span> <span class='ocrx_word' id='word_1_812' title='bbox 3071 4983 3352 5043; x_wconf 86' lang='lat' dir='ltr'><strong>usurpare,</strong></span> <span class='ocrx_word' id='word_1_813' title='bbox 3400 4975 3462 5023; x_wconf 86' lang='lat' dir='ltr'><strong>ut</strong></span> <span class='ocrx_word' id='word_1_814' title='bbox 3481 4968 3752 5040; x_wconf 80' lang='lat' dir='ltr'><strong>probatur</strong></span> <span class='ocrx_word' id='word_1_815' title='bbox 3774 4961 3848 5030; x_wconf 81' lang='lat' dir='ltr'><strong>ill,</strong></span> 
     </span>
    </p>
   </div>
   <div class='ocr_carea' id='block_1_108' title="bbox 2274 5072 2785 5148">
    <p class='ocr_par' dir='ltr' id='par_1_108' title="bbox 2274 5072 2785 5148">
     <span class='ocr_line' id='line_1_108' title="bbox 2274 5072 2785 5148; baseline -0.016 -17"><span class='ocrx_word' id='word_1_816' title='bbox 2274 5092 2330 5148; x_wconf 88' lang='lat' dir='ltr'><strong>q.</strong></span> <span class='ocrx_word' id='word_1_817' title='bbox 2367 5077 2420 5142; x_wconf 84' lang='lat' dir='ltr'><strong>l,</strong></span> <span class='ocrx_word' id='word_1_818' title='bbox 2445 5090 2496 5130; x_wconf 90' lang='lat' dir='ltr'><strong>c.</strong></span> <span class='ocrx_word' id='word_1_819' title='bbox 2525 5072 2785 5128; x_wconf 84' lang='lat' dir='ltr'><strong>Pervenit.</strong></span> 
     </span>
    </p>
   </div>
   <div class='ocr_carea' id='block_1_109' title="bbox 2348 5148 3847 5230">
    <p class='ocr_par' dir='ltr' id='par_1_109' title="bbox 2348 5148 3847 5230">
     <span class='ocr_line' id='line_1_109' title="bbox 2348 5148 3847 5230; baseline -0.008 -7"><span class='ocrx_word' id='word_1_820' title='bbox 2348 5167 2474 5223; x_wconf 62' lang='lat' dir='ltr'><strong>Haec</strong></span> <span class='ocrx_word' id='word_1_821' title='bbox 2494 5167 2540 5221; x_wconf 90' lang='lat' dir='ltr'><strong>si</strong></span> <span class='ocrx_word' id='word_1_822' title='bbox 2579 5164 2790 5220; x_wconf 90' lang='lat' dir='ltr'><strong>notoria</strong></span> <span class='ocrx_word' id='word_1_823' title='bbox 2824 5166 2950 5218; x_wconf 70' lang='lat' dir='ltr'><strong>‘sunt</strong></span> <span class='ocrx_word' id='word_1_824' title='bbox 2971 5200 2987 5226; x_wconf 94' lang='lat'><strong>,</strong></span> <span class='ocrx_word' id='word_1_825' title='bbox 3037 5159 3290 5230; x_wconf 83' lang='lat' dir='ltr'><strong>episcopo</strong></span> <span class='ocrx_word' id='word_1_826' title='bbox 3330 5154 3530 5210; x_wconf 85' lang='lat' dir='ltr'><strong>debent</strong></span> <span class='ocrx_word' id='word_1_827' title='bbox 3564 5148 3847 5211; x_wconf 73' lang='lat' dir='ltr'><strong>conﬁteri;</strong></span> 
     </span>
    </p>
   </div>
   <div class='ocr_carea' id='block_1_110' title="bbox 2274 5245 3851 5322">
    <p class='ocr_par' dir='ltr' id='par_1_110' title="bbox 2274 5245 3851 5322">
     <span class='ocr_line' id='line_1_110' title="bbox 2274 5245 3851 5322; baseline -0.011 -10"><span class='ocrx_word' id='word_1_828' title='bbox 2274 5257 2378 5313; x_wconf 86' lang='lat' dir='ltr'><strong>alia</strong></span> <span class='ocrx_word' id='word_1_829' title='bbox 2405 5263 2619 5321; x_wconf 87' lang='lat' dir='ltr'><strong>autem,</strong></span> <span class='ocrx_word' id='word_1_830' title='bbox 2650 5259 2710 5308; x_wconf 89' lang='lat' dir='ltr'><strong>ut</strong></span> <span class='ocrx_word' id='word_1_831' title='bbox 2753 5252 2820 5308; x_wconf 90' lang='lat' dir='ltr'><strong>de</strong></span> <span class='ocrx_word' id='word_1_832' title='bbox 2864 5251 3015 5322; x_wconf 89' lang='lat' dir='ltr'><strong>lapsu</strong></span> <span class='ocrx_word' id='word_1_833' title='bbox 3065 5248 3244 5305; x_wconf 87' lang='lat' dir='ltr'><strong>carnis</strong></span> <span class='ocrx_word' id='word_1_834' title='bbox 3291 5252 3594 5310; x_wconf 87' lang='lat' dir='ltr'><strong>taceantur,</strong></span> <span class='ocrx_word' id='word_1_835' title='bbox 3639 5245 3851 5314; x_wconf 76' lang='lat' dir='ltr'><strong>possunt</strong></span> 
     </span>
    </p>
   </div>
   <div class='ocr_carea' id='block_1_111' title="bbox 2274 5335 3846 5415">
    <p class='ocr_par' dir='ltr' id='par_1_111' title="bbox 2274 5335 3846 5415">
     <span class='ocr_line' id='line_1_111' title="bbox 2274 5335 3846 5415; baseline -0.014 -9"><span class='ocrx_word' id='word_1_836' title='bbox 2274 5349 2541 5415; x_wconf 79' lang='lat' dir='ltr'><strong>confiteri,</strong></span> <span class='ocrx_word' id='word_1_837' title='bbox 2574 5346 2620 5403; x_wconf 89' lang='lat' dir='ltr'><strong>si</strong></span> <span class='ocrx_word' id='word_1_838' title='bbox 2649 5351 2775 5401; x_wconf 89' lang='lat' dir='ltr'><strong>sunt</strong></span> <span class='ocrx_word' id='word_1_839' title='bbox 2802 5349 3030 5406; x_wconf 88' lang='lat' dir='ltr'><strong>secreta,</strong></span> <span class='ocrx_word' id='word_1_840' title='bbox 3050 5339 3268 5412; x_wconf 89' lang='lat' dir='ltr'><strong>proprio</strong></span> <span class='ocrx_word' id='word_1_841' title='bbox 3297 5335 3631 5402; x_wconf 82' lang='lat' dir='ltr'><strong>confessori,</strong></span> <span class='ocrx_word' id='word_1_842' title='bbox 3662 5344 3846 5390; x_wconf 76' lang='lat' dir='ltr'><strong>secun-</strong></span> 
     </span>
    </p>
   </div>
   <div class='ocr_carea' id='block_1_112' title="bbox 2275 5434 3508 5505">
    <p class='ocr_par' dir='ltr' id='par_1_112' title="bbox 2275 5434 3508 5505">
     <span class='ocr_line' id='line_1_112' title="bbox 2275 5434 3508 5505; baseline -0.015 -6"><span class='ocrx_word' id='word_1_843' title='bbox 2275 5442 2404 5499; x_wconf 89' lang='lat' dir='ltr'><strong>dum</strong></span> <span class='ocrx_word' id='word_1_844' title='bbox 2431 5438 2829 5496; x_wconf 87' lang='lat' dir='ltr'><strong>distinctionem</strong></span> <span class='ocrx_word' id='word_1_845' title='bbox 2862 5434 3111 5505; x_wconf 85' lang='lat' dir='ltr'><strong>superius</strong></span> <span class='ocrx_word' id='word_1_846' title='bbox 3137 5435 3508 5501; x_wconf 67' lang='lat' dir='ltr'><strong>praeacutam.</strong></span> 
     </span>
    </p>
   </div>
   <div class='ocr_carea' id='block_1_113' title="bbox 2275 5508 3845 5605">
    <p class='ocr_par' dir='ltr' id='par_1_113' title="bbox 2275 5508 3845 5605">
     <span class='ocr_line' id='line_1_113' title="bbox 2275 5508 3845 5605; baseline -0.016 -15"><span class='ocrx_word' id='word_1_847' title='bbox 2275 5536 2353 5592; x_wconf 88' lang='lat' dir='ltr'><strong>De</strong></span> <span class='ocrx_word' id='word_1_848' title='bbox 2386 5533 2706 5605; x_wconf 74' lang='lat' dir='ltr'><strong>confessione</strong></span> <span class='ocrx_word' id='word_1_849' title='bbox 2734 5526 3142 5591; x_wconf 79' lang='lat' dir='ltr'><strong>monachorum,</strong></span> <span class='ocrx_word' id='word_1_850' title='bbox 3171 5531 3221 5577; x_wconf 85' lang='lat' dir='ltr'><strong>et</strong></span> <span class='ocrx_word' id='word_1_851' title='bbox 3266 5521 3350 5605; x_wconf 77' lang='lat' dir='ltr'><strong>cui</strong></span> <span class='ocrx_word' id='word_1_852' title='bbox 3379 5509 3564 5574; x_wconf 63' lang='lat' dir='ltr'><strong>debent</strong></span> <span class='ocrx_word' id='word_1_853' title='bbox 3600 5508 3845 5583; x_wconf 62' lang='lat' dir='ltr'><strong>conﬁteri.</strong></span> 
     </span>
    </p>
   </div>
   <div class='ocr_carea' id='block_1_114' title="bbox 2883 5601 3335 5691">
    <p class='ocr_par' dir='ltr' id='par_1_114' title="bbox 2883 5601 3335 5691">
     <span class='ocr_line' id='line_1_114' title="bbox 2883 5601 3335 5691; baseline -0.018 -17"><span class='ocrx_word' id='word_1_854' title='bbox 2883 5618 2985 5691; x_wconf 79' lang='lat' dir='ltr'><strong>(Ex</strong></span> <span class='ocrx_word' id='word_1_855' title='bbox 3019 5629 3138 5687; x_wconf 84' lang='lat' dir='ltr'><strong>cap.</strong></span> <span class='ocrx_word' id='word_1_856' title='bbox 3169 5613 3251 5686; x_wconf 81' lang='lat'><strong>8.)</strong></span> <span class='ocrx_word' id='word_1_857' title='bbox 3330 5601 3335 5605; x_wconf 45' lang='lat'><em>&#39;</em></span> 
     </span>
    </p>
   </div>
   <div class='ocr_carea' id='block_1_115' title="bbox 2347 5694 3846 5786">
    <p class='ocr_par' dir='ltr' id='par_1_115' title="bbox 2347 5694 3846 5786">
     <span class='ocr_line' id='line_1_115' title="bbox 2347 5694 3846 5786; baseline -0.014 -12"><span class='ocrx_word' id='word_1_858' title='bbox 2347 5719 2560 5776; x_wconf 89' lang='lat' dir='ltr'><strong>Dictum</strong></span> <span class='ocrx_word' id='word_1_859' title='bbox 2584 5723 2670 5773; x_wconf 93' lang='lat' dir='ltr'><strong>est</strong></span> <span class='ocrx_word' id='word_1_860' title='bbox 2693 5713 2942 5786; x_wconf 89' lang='lat' dir='ltr'><strong>superius</strong></span> <span class='ocrx_word' id='word_1_861' title='bbox 2974 5711 3041 5764; x_wconf 86' lang='lat' dir='ltr'><strong>de</strong></span> <span class='ocrx_word' id='word_1_862' title='bbox 3070 5706 3348 5764; x_wconf 89' lang='lat' dir='ltr'><strong>monachis</strong></span> <span class='ocrx_word' id='word_1_863' title='bbox 3374 5711 3430 5760; x_wconf 93' lang='lat' dir='ltr'><strong>et</strong></span> <span class='ocrx_word' id='word_1_864' title='bbox 3465 5703 3533 5759; x_wconf 87' lang='lat' dir='ltr'><strong>de</strong></span> 
     </span>
    </p>
   </div>
   <div class='ocr_carea' id='block_1_116' title="bbox 2280 5785 3846 5874">
    <p class='ocr_par' dir='ltr' id='par_1_116' title="bbox 2280 5785 3846 5874">
     <span class='ocr_line' id='line_1_116' title="bbox 2280 5785 3846 5874; baseline -0.017 -4"><span class='ocrx_word' id='word_1_865' title='bbox 2280 5814 2438 5870; x_wconf 87' lang='lat' dir='ltr'><strong>nibus</strong></span> <span class='ocrx_word' id='word_1_866' title='bbox 2463 5785 2796 5874; x_wconf 73' lang='lat' dir='ltr'><strong>earumdem,</strong></span> <span class='ocrx_word' id='word_1_867' title='bbox 2835 5819 2978 5860; x_wconf 85' lang='lat' dir='ltr'><strong>nunc</strong></span> <span class='ocrx_word' id='word_1_868' title='bbox 2997 5802 3281 5859; x_wconf 89' lang='lat' dir='ltr'><strong>dicendum</strong></span> <span class='ocrx_word' id='word_1_869' title='bbox 3306 5804 3391 5856; x_wconf 78' lang='lat' dir='ltr'><strong>est</strong></span> <span class='ocrx_word' id='word_1_870' title='bbox 3407 5796 3622 5870; x_wconf 84' lang='lat' dir='ltr'><strong>plenius</strong></span> <span class='ocrx_word' id='word_1_871' title='bbox 3649 5785 3744 5847; x_wconf 66' lang='lat' dir='ltr'><strong>est</strong></span> <span class='ocrx_word' id='word_1_872' title='bbox 3763 5789 3846 5845; x_wconf 85' lang='lat' dir='ltr'><strong>de-</strong></span> 
     </span>
    </p>
   </div>
   <div class='ocr_carea' id='block_1_117' title="bbox 2278 5878 3844 5964">
    <p class='ocr_par' dir='ltr' id='par_1_117' title="bbox 2278 5878 3844 5964">
     <span class='ocr_line' id='line_1_117' title="bbox 2278 5878 3844 5964; baseline -0.016 0"><span class='ocrx_word' id='word_1_873' title='bbox 2278 5907 2442 5963; x_wconf 87' lang='lat' dir='ltr'><strong>beant</strong></span> <span class='ocrx_word' id='word_1_874' title='bbox 2463 5899 2729 5960; x_wconf 82' lang='lat' dir='ltr'><strong>conﬁteri.</strong></span> <span class='ocrx_word' id='word_1_875' title='bbox 2759 5898 2828 5954; x_wconf 89' lang='lat' dir='ltr'><strong>Et</strong></span> <span class='ocrx_word' id='word_1_876' title='bbox 2853 5904 2936 5954; x_wconf 89' lang='lat' dir='ltr'><strong>est</strong></span> <span class='ocrx_word' id='word_1_877' title='bbox 2959 5895 3248 5952; x_wconf 83' lang='lat' dir='ltr'><strong>tenendum</strong></span> <span class='ocrx_word' id='word_1_878' title='bbox 3271 5892 3415 5964; x_wconf 79' lang='lat' dir='ltr'><strong>quod</strong></span> <span class='ocrx_word' id='word_1_879' title='bbox 3437 5888 3614 5945; x_wconf 83' lang='lat' dir='ltr'><strong>abbati</strong></span> <span class='ocrx_word' id='word_1_880' title='bbox 3633 5878 3844 5956; x_wconf 72' lang='lat' dir='ltr'><strong>proprio</strong></span> 
     </span>
    </p>
   </div>
   <div class='ocr_carea' id='block_1_118' title="bbox 2281 5983 3904 6061">
    <p class='ocr_par' dir='ltr' id='par_1_118' title="bbox 2281 5983 3904 6061">
     <span class='ocr_line' id='line_1_118' title="bbox 2281 5983 3904 6061; baseline -0.017 -5"><span class='ocrx_word' id='word_1_881' title='bbox 2281 5998 2513 6056; x_wconf 85' lang='lat' dir='ltr'><strong>debeant</strong></span> <span class='ocrx_word' id='word_1_882' title='bbox 2533 5992 2793 6059; x_wconf 81' lang='lat' dir='ltr'><strong>conﬁteri,</strong></span> <span class='ocrx_word' id='word_1_883' title='bbox 2818 5989 2912 6061; x_wconf 81' lang='lat' dir='ltr'><strong>qui</strong></span> <span class='ocrx_word' id='word_1_884' title='bbox 2931 5989 3091 6047; x_wconf 88' lang='lat' dir='ltr'><strong>debet</strong></span> <span class='ocrx_word' id='word_1_885' title='bbox 3105 5987 3250 6046; x_wconf 85' lang='lat' dir='ltr'><strong>scire</strong></span> <span class='ocrx_word' id='word_1_886' title='bbox 3265 5983 3620 6060; x_wconf 86' lang='lat' dir='ltr'><strong>oppositiones</strong></span> <span class='ocrx_word' id='word_1_887' title='bbox 3641 5985 3843 6036; x_wconf 80' lang='lat' dir='ltr'><strong>eorum.</strong></span> <span class='ocrx_word' id='word_1_888' title='bbox 3901 6051 3904 6060; x_wconf 33' lang='grc' dir='ltr'><strong>Ι</strong></span> 
     </span>
    </p>
   </div>
  </div>
