4020 6360
203 552 343 613 1101

1121 542 1485 604 EXCERPTA
1521 542 1615 598 EX
1651 538 2163 597 POENITENTIALI
2200 539 2247 594 J.
2287 538 2373 593 DE
2412 536 2564 595 ΠΕΟ.

3320 534 3456 597 11οὲ

202 683 258 732 ct
293 670 485 746 quales
515 668 846 724 intrinsecus
867 673 1023 731 sunt,
1055 674 1115 720 ut
1143 679 1228 719 ex.
1264 671 1320 719 et
1350 677 1426 727 c.,
1450 676 1571 716 cum
1593 670 1782 713 eorum
1806 653 1860 716 Δ
1883 652 2015 707 bent
2039 654 2235 724 puniri.
2271 654 2424 722 Quod
2453 655 2496 708 si
2516 662 2697 708 essent
2717 649 2947 719 occulta,
2976 650 3043 709 de
3070 651 3153 708 his
3178 651 3458 726 recolligas

202 766 377 822 abbas
408 764 607 820 habeat
649 775 836 817 eorum
861 759 995 814 velle
1023 765 1078 812 et
1105 756 1275 821 nolle,
1307 770 1469 825 quem
1497 752 1599 808 sibi
1622 764 1784 820 super

203 860 387 930 capita
416 873 512 914 sua
536 862 832 928 posuerunt
853 853 971 907 loco
995 850 1117 913 Dei,
1162 856 1221 904 ut
1240 849 1504 925 probatur
1534 844 1622 909 12,
1648 844 1701 909 1,
1733 858 1782 897 c.

204 952 373 1020 Nolo.
403 957 462 1006 et
482 962 532 1006 e.
560 948 685 1005 Non
704 947 911 1012 dicatis,
956 952 1011 1000 et
1037 943 1102 997 15
1128 942 1276 1005 dist.,
1302 956 1350 995 c.
1383 936 1545 993 Nervi
1576 935 1786 990 testicu-

202 1052 399 1105 lorum.
441 1046 681 1117 Apparet
712 1042 854 1112 quod
898 1038 1079 1095 abbati
1120 1036 1351 1093 debeant
1387 1032 1631 1091 conﬁteri
1669 1029 1787 1083 loco

203 1143 327 1200 Dei.
358 1142 510 1197 Licet
534 1144 714 1193 autem
762 1133 927 1188 multa
964 1132 1069 1185 sint
1099 1129 1230 1184 vitia
1260 1125 1672 1185 monachorum,
1703 1128 1784 1174 ta-

202 1253 333 1297 men
361 1243 489 1293 sunt
512 1232 754 1304 quaedam
784 1225 1120 1299 principalia,
1163 1238 1195 1277 a
1232 1222 1427 1292 quibus
1452 1232 1665 1274 cessare
1697 1215 1789 1270 de-

202 1332 360 1397 bent,
388 1344 509 1401 quae
533 1325 709 1384 sancti
738 1323 927 1377 Patres
954 1315 1409 1390 quamplurimum
1437 1313 1785 1367 detestantur.

281 1397 525 1479 Primum
552 1427 667 1484 est,
711 1415 855 1486 quod
881 1412 1193 1482 conSpirant
1224 1414 1415 1464 contra
1440 1403 1710 1463 abbatem,
1744 1397 1789 1454 sl

207 1518 421 1574 nitatur
439 1511 733 1581 corrigere,
768 1515 824 1563 et
851 1521 974 1560 eum
1000 1502 1186 1557 volunt
1212 1498 1507 1568 deponere,
1544 1500 1599 1546 et
1625 1489 1787 1544 alium

210 1612 413 1673 facere,
447 1606 539 1677 qui
564 1620 688 1660 suas
714 1600 945 1670 ineptias
970 1595 1145 1651 valeat
1170 1590 1476 1653 confovere,
1506 1594 1564 1641 ut
1596 1582 1791 1656 proba-

212 1715 301 1761 tur
332 1704 420 1768 18,
452 1718 507 1772 q.
536 1700 592 1765 2,
634 1714 683 1753 c.
712 1697 804 1751 ubi
833 1693 1029 1749 dicitur
1068 1688 1209 1759 quod
1257 1684 1401 1740 nulla
1442 1686 1681 1753 potestas
1707 1691 1793 1731 re-

213 1806 460 1858 maneret
488 1794 687 1859 abbati,
712 1791 759 1845 si
784 1785 1063 1844 monachis
1095 1780 1322 1853 cmperit
1349 1774 1647 1844 subiacere.

286 1888 593 1944 Secundum
620 1883 806 1937 vitium
829 1887 913 1935 est
931 1920 947 1945 ,
994 1874 1135 1946 quod
1163 1869 1475 1940 conspirant
1498 1873 1711 1935 quoque
1737 1858 1793 1914 ln

212 1991 468 2045 mortem,
492 1980 631 2035 sicut
660 1976 733 2031 illi
755 1973 846 2045 qui
874 1968 1257 2040 conspirabant
1282 1965 1337 2018 in
1358 1968 1583 2016 mortem
1611 1954 1669 2009 S.
1693 1951 1797 2008 Be-

214 2075 415 2133 nedicti
442 2092 455 2127 :
479 2080 533 2129 et
562 2070 694 2125 tales
722 2075 847 2123 sunt
873 2064 1132 2130 infames,
1161 2068 1222 2116 ut
1256 2058 1516 2130 probatur
1538 2051 1625 2117 11,
1654 2065 1707 2121 q.
1736 2046 1790 2114 1,

214 2188 263 2228 c.
292 2167 769 2239 Conspirationum.

286 2285 531 2339 Tertium
558 2280 746 2335 vitium
777 2284 893 2342 est,
938 2272 1083 2344 quod
1112 2272 1314 2328 habent
1342 2268 1612 2322 incautam
1640 2258 1797 2314 fami—

215 2375 507 2432 liaritatem
536 2386 657 2426 cum
683 2367 1015 2431 mulieribus,
1040 2377 1172 2433 quas
1197 2360 1300 2416 sibi
1329 2357 1534 2412 faciunt
1561 2367 1797 2409 comma-

218 2476 329 2526 tres
354 2473 545 2523 contra
575 2462 949 2517 auctoritatem
972 2464 1285 2513 sanctorum
1305 2451 1545 2512 Patrum,
1580 2454 1685 2502 etc.

290 2584 553 2652 Quartum
600 2578 788 2632 vitium
828 2584 933 2641 est,
978 2571 1121 2644 quod
1155 2570 1369 2625 incaute
1406 2568 1797 2620 conversantur

223 2695 343 2735 cum
366 2672 709 2738 monialibus,
738 2678 925 2727 contra
954 2664 1329 2721 auctoritatem
1355 2668 1665 2717 sanctorum
1696 2655 1795 2711 Pa-

229 2783 385 2829 trum.
415 2771 500 2836 18,
529 2786 584 2840 q.
624 2768 678 2833 2,
707 2782 754 2821 c.
785 2761 1124 2818 Monasteria.

300 2886 548 2955 Quintum
574 2882 765 2938 vitium
786 2885 899 2941 est,
933 2874 1075 2946 quod
1104 2890 1210 2929 non
1254 2869 1579 2927 erubescunt
1609 2874 1795 2919 matri-

234 2982 467 3038 monium
501 2975 817 3034 contrahere
861 2978 1045 3027 contra
1073 2966 1450 3023 auctoritatem
1481 2968 1791 3016 sanctorum

229 3080 446 3134 Patrum
471 3117 488 3143 ,
526 3083 587 3131 ut
610 3078 755 3146 patet
780 3070 872 3135 27,
902 3084 956 3138 q.
987 3068 1038 3134 1,
1064 3082 1112 3121 c.
1166 3062 1234 3119 Ut
1273 3061 1355 3117 lea:
1395 3058 1639 3124 continet,
1666 3060 1793 3111 etc.

226 3168 549 3240 Impudicus.

293 3281 521 3338 Sextum
554 3278 743 3334 vitium
770 3282 876 3341 cst,
907 3271 1051 3344 quod
1076 3268 1265 3326 velunt
1290 3264 1478 3339 vagari
1496 3270 1661 3320 extra
1685 3274 1802 3315 mo-

1888 745 2053 801 vitam
2083 747 2469 802 monachorum
2490 761 2586 817 per
2612 748 2745 802 istos
2772 761 2995 803 versus:

2010 883 2306 937 Ingrediens
2329 882 2596 933 claustrum
2622 883 2847 933 meditari
2872 896 3010 932 sacra
3032 890 3285 937 memento
3308 896 3325 935 :

2110 946 2315 1020 mortale
2341 959 2505 1020 geras,
2527 947 2615 1020 sed
2639 959 2836 1019 semper
2859 947 3050 1020 so_brius
3073 953 3181 995 esto
3206 957 3221 995 :

2010 1007 2090 1079 liii
2120 1016 2325 1079 reputes
2342 1009 2545 1079 factum,
2572 1011 2614 1079 si
2640 1004 2977 1079 voti'tenqﬂe
3004 1008 3181 1079 factum

2011 1070 2313 1131 Morticinum
2340 1069 2507 1130 fuerit,
2533 1068 2615 1131 Qui
2643 1072 2737 1119 voti
2765 1068 2960 1131 prae'mia
2985 1068 3112 1120 tollit
3136 1082 3150 1117 :

2010 1130 2091 1183 Nil
2115 1132 2323 1183 fortasse
2340 1134 2474 1196 juvat
2496 1141 2746 1195 satagere,
2766 1130 2810 1181 si
2832 1133 3090 1183 recidivae.

2361 1238 2438 1294 De
2461 1242 2760 1311 pwnitentia
2785 1241 2989 1295 decani.

2489 1352 2587 1429 (Ex
2629 1369 2746 1425 cap.
2778 1353 2857 1424 9.)

1960 1492 2037 1547 De
2059 1492 2375 1562 pmnitentia
2402 1494 2594 1549 decani
2622 1494 2697 1548 ita
2723 1502 2936 1560 teneas,
2966 1494 3109 1563 quod
3130 1494 3256 1551 licet
3284 1496 3461 1552 archi-

1891 1586 2149 1647 diaconus
2169 1585 2341 1655 major
2361 1586 2433 1640 sit
2454 1586 2521 1641 de
2552 1586 2671 1658 lege
2693 1588 2964 1643 communi
2984 1595 3108 1657 post
3130 1587 3462 1657 episcopum,

1890 1687 1950 1733 ut
1971 1679 2227 1749 probatur
2278 1694 2365 1734 ex.
2417 1679 2481 1733 de
2524 1678 2813 1748 Appellat.,
2855 1695 2904 1734 c.
2931 1678 3260 1744 Constitutis,
3288 1687 3466 1733 tamen

1890 1770 2144 1841 episcopo
2170 1769 2364 1825 debeat
2386 1769 2661 1835 conﬁteri,
2711 1770 2794 1825 vel
2815 1770 2882 1826 de
2911 1771 3029 1840 ejus
3067 1769 3279 1825 licentia
3304 1768 3469 1823 alium

1891 1863 1995 1917 sibi
2021 1862 2219 1933 eligere
2239 1862 2621 1928 confessorem,
2650 1862 2812 1917 etiam
2837 1862 2881 1917 si
2903 1860 3313 1917 archidiaconus
3338 1858 3471 1914 fuis-

1895 1962 1980 2007 set
2023 1955 2323 2024 presbyter.
2386 1953 2618 2010 Peccant
2653 1963 2834 2010 autem
2866 1953 3056 2008 decani
3090 1953 3147 2007 in
3184 1951 3273 2007 his
3298 1951 3473 2009 tribus

1898 2048 2148 2119 graviter.

1964 2134 2166 2198 Primo,
2197 2133 2324 2202 quia
2352 2139 2477 2187 sunt
2512 2131 2709 2187 infensi
2737 2132 2849 2186 suis
2876 2129 3164 2201 episcopis,
3201 2136 3309 2185 etc.

1966 2226 2230 2289 Secundo,
2264 2225 2391 2295 quia
2430 2225 2615 2279 volunt
2644 2223 2712 2278 ad
2746 2223 3109 2279 sacerdotium
3146 2219 3472 2293 promoveri,

1896 2337 2018 2377 cum
2048 2320 2147 2390 ipsi
2174 2320 2475 2391 presbyteri
2503 2319 2763 2375 deberent
2788 2331 2940 2384 esse,
2966 2325 3073 2374 etc.

1966 2414 2173 2479 Tertio,
2224 2413 2350 2483 quia
2393 2411 2550 2467 valde
2599 2411 2839 2481 superbi,
2880 2419 2935 2466 et
2982 2407 3301 2466 conculcant
3342 2407 3477 2464 alios

1894 2508 2166 2579 simplices
2218 2517 2273 2562 et
2322 2507 2608 2561 litteratos.
2675 2503 2827 2560 Unde
2866 2502 3027 2558 hodie
3064 2516 3205 2571 saepe
3248 2507 3481 2571 surgunt

1893 2602 2039 2669 odia,
2079 2610 2135 2657 et
2174 2601 2464 2656 homicidia
2502 2606 2903 2670 perpetrantur,
2944 2611 3064 2665 quae
3096 2595 3238 2664 juris
3275 2594 3477 2664 proba-

1897 2694 2045 2749 tione
2077 2708 2185 2748 non
2222 2693 2463 2763 indigent
2497 2709 2511 2745 :
2541 2691 2669 2763 quia
2699 2692 2767 2745 de
2808 2688 2954 2744 facto
2997 2703 3138 2758 saepe
3172 2686 3368 2756 smpius
3395 2692 3481 2741 est

1894 2796 2253 2858 compertum.
2305 2783 2364 2840 Si
2397 2799 2526 2854 ergo
2562 2784 2622 2838 in
2664 2782 2861 2837 talibus
2902 2780 3265 2851 peccaverint,
3311 2776 3395 2831 vel
3424 2776 3480 2830 in

1894 2880 2020 2934 aliis
2045 2877 2418 2939 consimilibus
2443 2916 2458 2941 ,
2500 2884 2561 2931 ut
2594 2876 2659 2930 de
2686 2874 2892 2930 carnali
2940 2874 3093 2942 lapsu
3141 2877 3404 2934 taceatur,
3434 2867 3483 2925 si

1896 2971 2169 3027 notorium
2195 2979 2298 3034 est,
2326 2982 2427 3038 per
2450 2969 2759 3038 episcopum
2788 2967 2984 3021 debent
2999 2962 3216 3033 corrigi,
3247 2970 3301 3017 et
3319 2974 3483 3031 agere

1897 3062 2274 3136 paenitentiam
2302 3068 2672 3131 competenter
2698 3074 2714 3113 :
2743 3059 2789 3114 si
2817 3066 2999 3113 autem
3027 3055 3259 3119 occulte,
3287 3054 3484 3109 debent

1900 3156 2185 3227 pcenitere,
2235 3160 2292 3208 et
2320 3153 2567 3209 conﬁteri
2596 3154 2871 3224 episcopo,
2906 3150 2988 3205 vel
3019 3149 3178 3205 alteri
3206 3148 3326 3205 loco
3345 3144 3483 3217 ejus,

1903 3256 1965 3301 ut
1983 3248 2243 3317 probatur
2264 3246 2329 3300 de
2355 3244 2509 3299 Pmn.
2539 3245 2666 3298 dist.
2693 3243 2746 3309 1,
2774 3256 2824 3298 c.

222 3377 521 3435 nasterium
544 3374 658 3430 sine
687 3371 895 3428 abbatis
924 3367 1138 3423 licentia
1158 3406 1172 3430 ,
1209 3369 1396 3420 contra
1426 3357 1801 3415 auctoritatem
1827 3378 1878 3445 ο
1942 3359 2020 3416 De
2043 3357 2348 3429 paenitentia
2374 3355 2757 3420 archidiaconi,
2792 3360 2840 3407 et
2866 3352 2953 3407 cui
2981 3352 3163 3406 debeat
3190 3349 3448 3419 conﬁteri.

222 3480 535 3528 sanctorum
568 3467 785 3520 Patrum
812 3505 827 3531 ,
873 3471 933 3519 ut
970 3458 1236 3543 probatur
1260 3457 1347 3522 16,
1393 3468 1448 3525 q.
1489 3453 1543 3517 1,
1569 3466 1618 3506 c.
1667 3446 1801 3503 Cum

219 3560 439 3633 quidam
466 3556 726 3615 monachi.

297 3676 600 3745 Septimum
627 3672 817 3727 vitium
845 3677 947 3733 est,
977 3664 1120 3737 quod
1146 3663 1329 3718 volunt
1350 3674 1469 3716 esse
1494 3658 1649 3713 otiosi
1674 3671 1803 3711 con—

223 3782 310 3827 tra
338 3768 713 3825 auctoritatem
748 3770 1054 3818 sanctorum
1094 3756 1347 3821 Patrum;
1400 3752 1522 3824 quia
1561 3750 1805 3806 otiositas

220 3870 280 3918 et
305 3860 551 3929 voluptas
573 3872 724 3911 arma
744 3860 871 3909 sunt
898 3850 1068 3907 hostis
1099 3845 1329 3919 antiqui,
1352 3853 1413 3900 ut
1436 3843 1695 3915 probatur
1715 3856 1800 3895 ex.

220 3954 294 4011 de
325 3954 598 4015 Renunc.,
622 3956 725 4004 etc.

297 4070 564 4127 Octavum
600 4066 792 4123 vitium
832 4070 935 4130 est,
982 4060 1125 4133 quod
1159 4059 1345 4115 volunt
1373 4053 1657 4111 comedere
1686 4067 1807 4106 car—

218 4177 327 4219 nes
352 4201 365 4225 ,
410 4174 532 4215 cum
577 4158 688 4214 sint
731 4157 847 4212 sani
893 4156 1010 4210 sine
1053 4153 1231 4222 aliqua
1271 4148 1591 4205 necessitate
1619 4152 1803 4200 contra

219 4252 607 4310 auctoritatem
635 4259 945 4304 sanctorum
966 4245 1209 4309 Patrum,
1228 4241 1554 4312 utprobatur
1578 4236 1643 4291 de
1669 4234 1807 4289 Con-

220 4352 433 4404 secrat.
462 4344 611 4408 dist.,
640 4342 691 4405 5,
723 4357 771 4397 c.
804 4338 1054 4405 Carnem,
1094 4336 1187 4392 ubi
1214 4334 1507 4405 imponitur
1530 4334 1610 4385 eis
1636 4326 1809 4400 poeni-

221 4437 402 4494 tentia
432 4450 524 4490 sex
550 4432 832 4488 mensium.

300 4547 514 4602 Nonum
536 4543 724 4597 vitium
768 4544 851 4596 est
876 4581 890 4605 ,
932 4539 1073 4610 quod
1096 4536 1281 4592 volunt
1313 4534 1425 4590 suis
1452 4533 1611 4587 sociis
1641 4532 1809 4586 domi-

217 4642 372 4706 nari,
408 4636 631 4696 dicendo
651 4652 709 4691 se
740 4634 942 4689 nobiles
968 4639 1023 4687 et
1041 4632 1306 4686 litteratos
1326 4668 1341 4693 ,
1374 4627 1516 4697 quod
1540 4626 1690 4679 valde
1720 4640 1807 4679 re—

2496 3466 2606 3541 (Ex
2634 3481 2751 3539 cap.
2785 3462 2896 3538 10.)
2940 3520 2951 3535 θ

1973 3590 2050 3646 De
2076 3586 2395 3660 poenitentia
2422 3583 2791 3641 archidiaconi
2819 3582 2897 3637 sic
2924 3589 3109 3636 teneas
3126 3618 3141 3645 ,
3180 3586 3237 3633 et
3278 3577 3345 3633 de
3366 3576 3491 3647 jure

1905 3684 2179 3741 communi
2214 3697 2310 3738 suo
2338 3680 2497 3737 debet
2525 3679 2776 3749 episcopo
2813 3674 3075 3738 conﬁteri,
3122 3688 3242 3728 cum
3281 3671 3394 3743 ipse
3418 3669 3490 3727 sit

1906 3780 2098 3850 major.
2130 3776 2365 3832 Peccant
2392 3771 2757 3829 archidiaconi
2788 3767 3091 3841 specialiter
3119 3766 3172 3820 in
3195 3764 3316 3820 istis
3336 3779 3449 3818 sex.

1976 3872 2179 3937 Primo,
2232 3868 2358 3940 quia
2404 3867 2590 3923 volunt
2623 3864 2799 3920 facere
2837 3858 3088 3920 collectas
3116 3872 3169 3914 tn
3206 3859 3489 3929 presbyte-

1909 3983 1998 4022 I‘OS
2032 3973 2219 4021 contra
2247 3962 2624 4018 auctoritatem
2657 3965 2991 4020 sanctorum,
3032 3962 3091 4010 ut
3130 3953 3390 4011 probatur
3419 3949 3492 4007 24'

1910 4066 2059 4131 dist.,
2083 4080 2133 4119 c.
2166 4062 2242 4117 ult

1984 4157 2252 4223 Secundo,
2280 4148 2403 4225 quia
2428 4153 2613 4209 volunt
2638 4149 2839 4206 habere
2858 4147 3143 4220 pecuniam
3169 4143 3252 4201 vel
3274 4156 3493 4199 vaccam

1912 4251 2087 4307 albam
2130 4264 2227 4320 pro
2270 4246 2602 4301 investituris
2642 4240 3023 4302 ecclesiarum,
3068 4236 3152 4291 vel
3199 4234 3492 4290 beneﬁcio-

1912 4360 2057 4409 rum,
2101 4341 2182 4397 vel
2225 4357 2320 4411 pro
2355 4338 2639 4394 abbatibus
2677 4335 2763 4390 vel
2803 4332 3089 4389 abbatissis
3132 4328 3395 4400 ponendis
3437 4326 3492 4382 in

1913 4439 2066 4500 sede,
2108 4444 2297 4491 contra
2326 4432 2703 4488 auctoritatem
2733 4434 3041 4483 sanctorum
3078 4423 3319 4487 Patrum,
3351 4428 3456 4475 etc.

1984 4530 2191 4594 Tertio,
2217 4528 2361 4599 quod
2393 4540 2514 4581 cum
2544 4517 3012 4578 excommunicant
3042 4514 3251 4583 aliquos
3276 4518 3497 4583 propter

1914 4623 2149 4694 aliquem
2177 4635 2480 4682 excessum,
2508 4613 2699 4671 nolunt
2725 4625 2848 4666 eum
2891 4607 3168 4664 absolvere
3196 4606 3309 4661 sine
3336 4619 3498 4675 pecu-

217 4742 440 4792 motum
468 4740 551 4787 est
595 4746 627 4785 a
670 4726 852 4800 regula
887 4723 1217 4787 monachali,
1267 4729 1327 4776 ut
1348 4721 1607 4791 probatur
1630 4733 1715 4773 ex.
1746 4718 1811 4772 de
1838 4744 1892 4805 ι)
1916 4718 2007 4773 nia
2034 4738 2045 4771 :
2081 4726 2135 4773 et
2162 4717 2264 4771 hoc
2294 4713 2647 4769 simoniacam
2695 4715 2797 4771 est,
2829 4712 2889 4758 ut
2918 4704 3177 4773 probatur
3200 4700 3253 4765 1,
3282 4714 3335 4769 q.
3364 4698 3417 4763 1,
3444 4712 3492 4750 c.

217 4828 391 4885 Statu
417 4823 584 4896 regni.
614 4837 663 4878 c.

300 4918 582 4973 Decimum
608 4912 799 4967 vitium
825 4917 941 4977 est,
979 4907 1122 4979 quod
1158 4905 1345 4961 volunt
1372 4903 1570 4959 habere
1592 4901 1814 4957 cellulas

219 5017 531 5081 separatas,
556 5015 611 5062 et
628 5005 815 5061 volunt
835 5004 1015 5059 facere
1038 5000 1422 5056 abstinentiam
1443 5004 1629 5052 contra
1665 5010 1814 5050 com-

216 5117 457 5161 munem
485 5100 744 5172 regnlam,
778 5105 837 5152 ut
860 5097 1117 5167 probatur
1132 5094 1224 5158 20,
1257 5109 1311 5163 q.
1343 5090 1397 5155 1,
1427 5104 1477 5144 c.
1517 5087 1809 5141 Monachis.

305 5194 664 5252 Undecimum
693 5191 880 5245 vitium
906 5196 1010 5253 est,
1048 5186 1193 5256 quod
1212 5185 1399 5239 volunt
1422 5180 1622 5235 habere
1651 5192 1815 5249 pecu-

217 5293 389 5353 lium,
418 5290 559 5359 quod
587 5285 733 5340 nullo
757 5283 916 5338 modo
940 5280 1021 5336 eis
1048 5280 1191 5335 licet.
1232 5277 1438 5332 Debent
1462 5274 1517 5327 in
1547 5280 1721 5327 morte
1759 5269 1816 5324 in

220 5380 581 5453 sterquilinio
604 5376 845 5448 sepeliri,
870 5384 931 5432 ut
954 5374 1217 5447 probatur
1238 5386 1325 5426 ex.
1352 5369 1418 5423 de
1441 5365 1596 5421 Statu
1620 5362 1812 5434 regul.,

220 5494 288 5538 ο.
316 5473 581 5529 Monachi.

310 5564 699 5620 Duodecimum
743 5561 933 5615 vitium
976 5567 1080 5622 est,
1117 5556 1259 5625 quod
1296 5562 1381 5607 est
1410 5551 1648 5624 gravius,
1673 5548 1818 5619 quod

226 5654 495 5712 monachi
522 5653 812 5709 detrahunt
834 5664 891 5704 se
917 5649 985 5703 ad
1005 5648 1254 5710 invicem,
1279 5654 1339 5698 ut
1358 5643 1568 5714 possint
1585 5642 1779 5697 cadere
1800 5653 1814 5691 :

225 5753 299 5805 et
323 5747 405 5803 sic
423 5752 552 5800 sunt
573 5744 880 5816 spirituales
904 5740 1202 5796 homicidae.

315 5835 444 5893 Haec
467 5852 595 5909 ergo
622 5844 678 5892 et
705 5833 900 5891 similia
926 5832 1123 5887 debent
1143 5829 1392 5884 monachi
1424 5829 1629 5883 evitare
1654 5845 1665 5880 :
1699 5833 1754 5881 et
1771 5826 1819 5881 si

230 5929 303 5986 in
334 5930 416 5984 eis
438 5928 731 5985 ceciderint
772 5926 852 5981 vel
889 5926 942 5979 in
986 5924 1163 5993 aliquo
1190 5921 1612 5991 praemissorum,
1642 5919 1820 5973 abbati

237 6019 445 6077 debent
469 6020 713 6079 conﬁteri
738 6060 752 6086 ,
802 6018 883 6072 vel
922 6016 1079 6072 alicui
1124 6014 1241 6070 loco
1267 6011 1400 6082 eius,
1432 6021 1484 6067 et
1514 6010 1695 6068 acrius
1721 6010 1818 6066 de-

1920 4811 2146 4879 Quilibet
2176 4826 2316 4880 ergo,
2349 4814 2403 4861 et
2429 4821 2477 4860 c.
2511 4800 2706 4857 Nullus
2727 4801 3013 4871 episcopus.

1988 4906 2212 4973 Quarto,
2266 4899 2392 4971 quia
2442 4895 2679 4951 vendunt
2700 4889 3131 4961 jurisdictionem
3169 4900 3323 4942 suam
3354 4884 3494 4949 aliis,

1919 4997 2011 5069 qui
2041 4998 2365 5062 extorquent
2408 4987 2693 5059 pecuniam
2737 5001 2765 5039 a
2802 4981 3171 5040 sacerdotibus
3214 4993 3311 5049 per
3360 4974 3500 5047 inju-

1918 5093 2137 5148 riamet
2155 5085 2517 5142 Simoniacam
2544 5080 2887 5151 pravitatem,
2932 5084 2993 5131 ut
3017 5074 3281 5145 probatur
3301 5087 3387 5127 ex.
3416 5069 3499 5125 Ne

1916 5182 2121 5254 prwlati
2143 5181 2275 5235 vices
2298 5194 2443 5240 suas,
2465 5191 2514 5229 c.
2531 5169 2817 5236 Pra’terea,
2842 5177 2967 5224 etc.
2990 5166 3139 5222 Cum.

1989 5275 2206 5342 Quinto,
2249 5271 2373 5343 quia
2402 5268 2591 5324 nolunt
2618 5265 2685 5320 ad
2725 5261 3054 5319 diaconalem
3100 5258 3344 5315 ordinem
3376 5272 3499 5327 pro-

1918 5366 2145 5432 moveri,
2169 5373 2356 5421 contra
2383 5360 2671 5418 concilium
2700 5354 2951 5412 Lateran.
2978 5368 3064 5408 ex.
3094 5350 3157 5404 de
3186 5348 3493 5413 Elect.,etc.

1993 5457 2184 5523 Sexto,
2221 5464 2277 5509 et
2304 5451 2432 5509 illud
2479 5450 2746 5506 deformat
2776 5458 2960 5501 eorum
3000 5444 3361 5505 honestatem,
3388 5437 3495 5491 sci-

1920 5554 2046 5608 licet
2098 5549 2242 5620 quod
2299 5561 2422 5601 cum
2481 5539 2809 5597 mulierculis
2873 5544 3262 5593 conversantur
3311 5537 3500 5585 contra

1921 5640 2294 5699 auctoritatem
2348 5642 2659 5692 sanctorum
2703 5632 2922 5687 Patrum
2950 5672 2965 5697 ,
3024 5638 3085 5684 ut
3128 5627 3387 5697 probatur
3428 5623 3491 5679 81

1923 5738 2072 5800 dist.,
2121 5750 2170 5788 c.
2214 5729 2770 5791 Archidiaconatuum,
2800 5733 2853 5779 et
2877 5739 2926 5778 c.
2960 5720 3191 5776 Clericus
3219 5717 3383 5781 solus,
3406 5714 3498 5769 ubi

1922 5828 2120 5884 dicitur
2148 5822 2293 5894 quod
2320 5822 2419 5877 sub
2443 5825 2703 5889 praetextu
2740 5813 3058 5871 humilitatis
3093 5826 3199 5865 non
3229 5809 3389 5864 debet
3413 5823 3501 5861 ar-

1923 5920 2270 5976 chidiaconus
2299 5915 2638 5984 frequentare
2665 5906 2929 5965 domicilia
2969 5912 3357 5959 matronarum.

1991 6012 2035 6067 Α
2067 6009 2262 6067 talibus
2291 6021 2419 6079 ergo
2453 6013 2509 6060 et
2543 6000 2911 6059 consimilibus
2952 5996 3221 6051 abstinere
3270 5993 3494 6057 debent;
