4020 6360
608 425 742 482 1105
1530 415 1894 474 EXCERPTA
1932 415 2026 471 EX
2063 415 2134 472 I’C

2243 411 2573 472 [TENTIALI
2610 411 2659 470 J.
2690 413 2777 470 DE
2813 413 2966 470 DEO.
3702 418 3813 475 nos

599 552 657 601 et
675 543 723 600 si
748 540 1107 613 peccaverint,
1131 554 1236 610 per
1275 537 1648 608 paenitentiam
1677 536 1936 592 humilem
1976 543 2031 590 et
2056 535 2167 590 dis-
2193 535 2250 595 Α
2273 531 2433 586 debet
2455 546 2551 584 suo
2591 529 2855 600 superiori
2881 523 3148 593 conﬁteri,
3177 533 3231 582 et
3259 525 3328 582 ab
3354 525 3445 582 illo
3469 526 3735 600 castigari,
3771 545 3817 588 ut

597 643 801 690 cretam
825 635 1024 690 debent
1048 631 1356 687 satisfacere
1378 630 1640 685 Creatori.
2274 624 2536 694 probatur
2556 638 2642 677 ex.
2677 623 2742 677 de
2771 622 2958 692 Appel.
2983 631 3037 676 et
3065 635 3152 675 ex.
3182 621 3246 676 de
3273 619 3421 676 Jure.
3456 620 3512 676 Si
3544 634 3715 678 autem
3733 641 3817 680 non

2275 723 2368 769 est,
2383 714 2686 782 religiosus,
2714 713 2874 768 debet
2894 729 2992 768 suo
3017 711 3283 783 superiori
3311 713 3561 768 conﬁteri
3583 713 3665 767 vel
3691 714 3819 774 alteri

878 748 954 802 De
977 746 1297 816 confessione
1319 745 1900 816 archipresbyterorum.
2275 745 2368 816 ξδι
2384 745 2683 816 {Susa-vana:

2274 805 2339 860 de
2363 805 2479 874 ejus
2507 805 2741 860 licentia.

1111 861 1283 982 λεια
1307 862 1583 982 (Ὕλῃ.)

656 977 1264 1050 Archiprcsbyterorum
1310 977 1543 1032 ofﬁcium
1584 978 1801 1047 duplex,
1849 977 1991 1048 quod
2044 986 2169 1032 sunt

587 1068 1041 1140 archipresbyteri
1084 1069 1491 1125 cathedralium‘
1519 1069 1868 1124 ecclesiarum
1915 1088 1926 1122 :
1968 1077 2022 1124 et
2077 1068 2165 1122 isti

587 1111 925 1174 ...μην-νοῒ,
942 1111 1041 1124 νυ..
1085 1111 1470 1172 νυ...μω-..ῗ-...ι-
1520 1111 1868 1173 νυνιῒυιυι³ῖ⁵¹⁸⁵
1915 1111 1926 1122 ·
1970 1111 2022 1124 ν·
2077 1111 2165 1122 ευ·-
2834 1112 2954 1185 (Eg
2990 1127 3108 1182 cap,
3147 1111 3278 1184 14.)

586 1162 780 1217 debent
807 1177 1058 1232 episc0po
1099 1162 1362 1227 conﬁteri,
1409 1170 1712 1230 praesertim
1747 1177 1793 1215 sr
1829 1176 1935 1214 non
1965 1161 2167 1215 habent
2339 1225 2389 1237 υ
2463 1223 2474 1237 ο
2516 1231 2523 1237 _
2678 1223 2694 1237 ,
2751 1223 2766 1237 ,
2991 1223 3005 1237 ,
3043 1225 3056 1237 ,
3117 1231 3127 1237 ,
3248 1223 3261 1236 .
3582 1222 3630 1237 η-
3694 1225 3705 1237 .
3805 1227 3811 1236 η

585 1252 747 1307 alium
776 1222 1034 1322 majorem
1059 1268 1222 1323 super
1250 1269 1328 1318 se,
1349 1222 1482 1308 tcum
1512 1254 1577 1308 de
1597 1251 1719 1321 jure
1748 1253 2020 1307 communi
2044 1251 2164 1306 fun—
2264 1315 2277 1323 ,
2338 1223 2592 1323 magis“
2618 1223 2926 1323 “Pomm?
2974 1223 3135 1278 debet
3177 1223 3429 1293 episcopo
3463 1222 3723 1323 9°?“qu

581 1352 776 1414 gantur
820 1313 1054 1414 episcopi
1101 1313 1336 1399 absentis
1362 1344 1480 1398 vice
1523 1344 1577 1397 in
1597 1313 1786 1398 'missis
1828 1343 2082 1398 canendis
2109 1352 2164 1397 et
2261 1315 2593 1414 immfidiafe.
2618 1313 2830 1414 sum“:
2855 1315 3088 1414 Ρθθθθξη
3116 1323 3294 1414 δυξξθω
3335 1315 3648 1414 δρθθίίξιίιθτ
3677 1318 3722 1414 i_"
3753 1318 3813 1371 ἀί·

2260 1409 2454 1463 versis.
2506 1407 2690 1462 Primo
2743 1409 2868 1478 quia
2911 1408 3149 1463 vendunt
3196 1408 3440 1463 licentias
3489 1411 3729 1475 docendi,
3769 1420 3812 1464 ut

2270 921 2349 977 De
2392 924 2690 993 paenitentia
2726 925 2966 997 magistri
2986 924 3297 1065 Isicbolarum
3331 935 3379 981 et
3421 926 3508 980 cui
3540 926 3682 982 debet
3714 946 3815 984 cono

3028 1007 3145 1051 ten.

3028 1007 3145 1051 teri.

582 1437 635 1491 in
665 1437 903 1492 collectis
938 1437 1196 1502 dicendis,
1228 1445 1287 1491 ut
1324 1437 1584 1506 probatur
1620 1436 1688 1490 25
1731 1437 1878 1502 dist.,
1907 1454 1957 1492 c.
1986 1445 2043 1490 et
2069 1453 2154 1491 ex.

578 1531 645 1586 de
667 1530 851 1587 Ofﬁcio
869 1533 1338 1602 archipresbyteri.
1377 1532 1608 1587 Peccant
1630 1538 1809 1586 autem
1856 1531 2158 1601 specialiter

575 1621 631 1676 in
661 1623 763 1676 hoc
789 1621 931 1692 quod
975 1623 1080 1676 sint
1113 1623 1443 1693 negligentes
1471 1623 1614 1677 circa
1657 1637 1843 1676 curam
1874 1622 2155 1692 presbyte-

581 1730 761 1767 rorum
806 1712 1177 1779 cardinalium,
1209 1723 1268 1767 ut
1307 1715 1450 1769 circa
1497 1713 1845 1782 paenitentias
1878 1714 2155 1782 imponen—

575 1806 670 1862 das
720 1814 830 1860 tam
878 1805 1086 1862 clericis
1115 1823 1274 1876 quam
1314 1806 1500 1862 laicis:
1544 1815 1600 1860 et
1626 1814 1686 1860 ut
1713 1807 1781 1860 de
1824 1805 1944 1860 aliis
1974 1814 2152 1861 tacea-

574 1913 713 1963 mus,
741 1898 868 1967 quia
912 1869 1178 1965 denegant
1210 1897 1495 1966 justitiam,
1535 1906 1588 1952 et
1615 1897 1738 1967 quia
1767 1897 1896 1950 dant
1937 1903 2151 1950 senten—
2179 1909 2228 1972 Β
2255 1869 2398 1972 qua?
2427 1870 2588 1972 “(1.95
2613 1877 2671 1972 et.
2706 1869 2878 1940 ignari
2904 1869 3226 1972 Peimmum

573 1988 676 2042 tias
723 1988 948 2057 pecunia
973 1989 1263 2053 mediante,
1313 1989 1508 2059 quibus
1543 1988 1588 2042 si
1618 2003 1742 2058 spes
1770 1987 1977 2042 nummi
2024 1989 2149 2042 sub-

571 2079 824 2146 trahitur,
863 2081 1045 2134 statim
1084 2081 1338 2136 recedunt
1375 2097 1406 2135 a
1448 2082 1533 2135 via
1560 2080 1801 2150 justitiaa,
1833 2090 1892 2135 ut
1921 2088 2151 2136 testatur

571 2180 791 2228 sanctus
836 2171 1147 2244 Gregorius,
1180 2181 1234 2228 et
1263 2173 1519 2244 probatur
1549 2175 1634 2239 ll,
1667 2192 1720 2245 q.
1747 2177 1800 2230 5.
1833 2174 1990 2230 Tales
2019 2190 2149 2246 ergo

568 2279 823 2320 excessus
851 2275 904 2322 et
929 2265 1254 2332 consimiles,
1287 2269 1332 2322 si
1362 2267 1573 2337 publica
1617 2268 1864 2323 laborant
1906 2255 2146 2332 infamia,

566 2357 761 2415 debent
782 2361 1034 2431 episcopo
1059 2361 1327 2426 conﬁteri,
1347 2371 1403 2416 et
1431 2378 1528 2432 per
1552 2378 1676 2417 eum
1701 2379 1736 2428 a
1760 2363 1954 2418 talibus
1983 2363 2148 2418 casti-

565 2452 715 2523 gari;
773 2452 906 2507 alias
935 2453 1002 2507 de
1027 2451 1245 2507 licentia
1275 2454 1511 2524 episcopi
1553 2462 1779 2524 possunt
1803 2454 1903 2508 sibi
1937 2455 2142 2509 discre-

565 2548 681 2594 tum
713 2539 911 2613 eligere
953 2541 1340 2609 confessorem,
1388 2551 1441 2596 et
1469 2545 1726 2613 probatur
1753 2545 1817 2598 de
1832 2544 1983 2598 Poen.
2015 2547 2139 2600 dist.

562 2631 617 2698 6,
649 2648 699 2687 c.
730 2631 828 2686 ult.
853 2631 958 2687 Alii
987 2641 1114 2688 sunt
1156 2634 1607 2705 archipresbyteri
1644 2634 1880 2701 rurales,
1923 2635 2014 2705 qui
2044 2635 2142 2690 de-

562 2724 681 2778 cani
711 2739 742 2778 a
771 2725 1091 2794 quibusdam
1129 2734 1409 2790 vocantur,
1455 2735 1510 2780 et
1543 2727 1864 2797 quandoque
1907 2726 2137 2796 plebani,

559 2822 616 2868 ct
635 2815 956 2884 quandoque
980 2816 1220 2882 abbates,
1267 2818 1392 2873 licet
1414 2818 1722 2888 improprie.
1767 2817 1920 2885 Quod
1945 2833 2140 2873 vocen-

565 2914 658 2960 tur
685 2907 894 2973 decani,
944 2907 1104 2963 habet
1151 2924 1239 2963 ex.
1287 2908 1476 2964 deﬁﬁ’.
1507 2910 1636 2966 0rd.
1685 2910 1837 2976 Quod
1880 2916 2134 2965 vocentur

563 2997 813 3063 abbates.
867 2997 1031 3054 habet
1072 3014 1158 3053 ex.
1214 3000 1280 3054 de
1322 2999 1642 3056 Renunciat.
1680 3001 1832 3068 Quod
1879 3009 2140 3056 vocentur

560 3087 792 3157 plebani,
837 3088 1001 3143 habet
1028 3104 1114 3144 ex.
1155 3091 1221 3145 de
1251 3090 1340 3145 oﬁ‘.
1381 3091 1534 3158 0rd.,
1567 3101 1696 3148 etc.
1745 3093 1838 3148 Isti
1867 3094 2000 3150 tales
2040 3093 2136 3149 de-

561 3179 693 3232 bent
713 3179 966 3249 episcopo
993 3179 1261 3246 conﬁteri,
1291 3190 1346 3237 et
1369 3183 1525 3239 alteri
1553 3185 1617 3239 de
1635 3183 1852 3252 licentia
1874 3186 2130 3256 episcopi.

560 3268 793 3325 Peccant
839 3278 1018 3328 tamen
1062 3273 1118 3327 in
1164 3274 1265 3329 hoc
1294 3277 1583 3346 praecipue,
1626 3279 1767 3347 quod
1813 3287 1938 3333 sunt
1966 3280 2132 3350 negli-

557 3366 748 3426 gentes
795 3361 943 3416 circa
991 3365 1382 3434 correptionem
1433 3369 1891 3447 presbyterorum,
1947 3374 2037 3441 qui
2076 3372 2130 3426 in

555 3467 653 3516 δυο
683 3453 899 3522 plebatu
924 3471 1024 3526 per
1048 3458 1285 3513 minores
1312 3459 1496 3516 titulos
1538 3472 1959 3531 commorantur,
1991 3482 2128 3536 quo-

554 3569 674 3608 rum
711 3546 878 3610 vitam
913 3558 968 3612 et
996 3556 1202 3612 statum
1221 3550 1530 3608 debuissent
1555 3555 1804 3626 episcopo
1825 3556 1907 3612 vel
1951 3560 2131 3614 archi-

552 3643 796 3701 diaconis
824 3646 1097 3714 intimare,
1119 3657 1179 3703 ut
1205 3643 1466 3720 probatur
1491 3659 1578 3699 ex.
1608 3647 1674 3701 de
1703 3646 1804 3703 ΟΠ.
1834 3651 1984 3705 arch.

550 3753 627 3808 De
655 3755 976 3827 confessione
1009 3760 1344 3827 thesaurarii,
1375 3770 1423 3816 et
1457 3759 1732 3817 camerarii
1761 3759 1837 3833 vel
1869 3762 2124 3818 sacristw.

1126 3853 1250 3924 (Ex
1277 3869 1395 3924 cap.
1438 3853 1568 3925 12.)

623 3957 1017 4018 Thesaurarius
1047 3963 1132 4019 vel
1173 3965 1400 4020 sacrista
1418 4005 1432 4031 ,
1463 3967 1605 4036 quod
1635 3967 1774 4022 idem
1801 3974 1884 4023 est
1922 3968 1976 4022 in
2006 3967 2126 4023 ofﬁ-

548 4049 656 4117 cio,
681 4049 1035 4109 licetnomina
1065 4055 1173 4109 sint
1195 4056 1424 4123 diversa,
1450 4057 1608 4112 debet
1633 4060 1850 4129 proprio
1867 4061 2123 4130 episcopo

547 4143 813 4210 conﬁteri,
864 4143 946 4201 vél
991 4145 1057 4202 de
1094 4148 1308 4203 licentia
1359 4149 1527 4218 ipsius
1569 4150 1668 4204 sibi
1713 4151 1876 4206 alium
1922 4153 2124 4223 eligere

545 4253 647 4307 pro
687 4239 910 4308 provido
938 4239 1264 4296 confessore.
1319 4240 1551 4298 Peccant
1595 4244 1737 4299 circa
1785 4246 1888 4300 hoc
1922 4246 2124 4316 princi-

545 4331 762 4402 paliter,
805 4334 945 4403 quod
998 4335 1329 4406 negligenter
1376 4345 1630 4391 exercent
1677 4337 1914 4394 ofﬁcium
1965 4355 2122 4394 suum

547 4425 694 4481 circa
739 4428 1034 4482 custodiam
1083 4444 1361 4483 sacrorum
1387 4445 1637 4484 vasorum
1666 4431 1750 4485 vel
1775 4435 2124 4488 vestimento-

546 4531 666 4571 rum
693 4516 1201 4584 ecclesiasticorum,
1241 4520 1366 4589 quia
1403 4535 1534 4574 vasa
1574 4519 1654 4574 vel
1691 4522 2009 4578 vestimenta
2044 4524 2121 4579 fa-

486 4633 497 4680 ,
547 4607 695 4662 ciunt
745 4610 984 4675 tractari,
1013 4618 1068 4665 et
1105 4610 1384 4665 inhoneste
1412 4626 1510 4680 per
1545 4611 1691 4665 viros
1715 4611 1881 4667 laicos
1907 4614 1991 4668 vel
2022 4615 2121 4669 mi-

2258 1501 2520 1570 probatur
2557 1515 2644 1554 ex.
2693 1501 2758 1554 de
2811 1499 3100 1570 Magistris.
3135 1498 3379 1554 Secundo
3405 1500 3536 1570 quia
3582 1501 3809 1570 denegant

2259 1591 2533 1647 licentiam
2559 1591 2756 1661 dignis.
2797 1591 2987 1656 Tales,
3023 1591 3066 1644 si
3097 1591 3299 1646 directe
3326 1590 3561 1645 fuissent
3583 1592 3807 1656 accusati,

2257 1683 2518 1739 deberent
2543 1699 2574 1737 a
2604 1700 2702 1739 suo
2729 1682 2908 1738 ofﬁcio
2936 1692 3195 1753 perpetuo
3236 1682 3527 1745 removeri,
3556 1690 3619 1736 ut
3649 1685 3808 1751 proba-

2256 1783 2345 1831 tur
2374 1777 2426 1842 1,
2467 1794 2523 1848 q.
2572 1777 2625 1840 7,
2666 1784 2770 1832 etc.
2796 1776 3027 1831 Peccant
3052 1783 3254 1838 autem,
3305 1782 3360 1829 et
3391 1776 3446 1828 in
3485 1790 3554 1829 eo
3584 1777 3805 1845 graviter,

3268 1881 3325 1922 se
3354 1868 3421 1921 ad
3455 1865 3564 1920 tale
3607 1867 3802 1922 ofﬁcium

2253 1961 2556 2026 sublimari,
2583 1961 2674 2030 qui
2699 1969 2920 2030 possent
2945 1960 3079 2014 alios
3105 1959 3434 2014 examinare.
3459 1958 3596 2013 Item
3620 1961 3802 2030 quando

2251 2062 2376 2110 sunt
2403 2055 2804 2125 conspiratores
2832 2054 3022 2109 contra
3050 2054 3329 2122 episcopos
3355 2067 3505 2117 suos,
3541 2061 3598 2106 ut
3623 2053 3798 2122 proba-

2251 2156 2342 2202 tur
2367 2163 2456 2203 ex.
2489 2149 2555 2202 de
2593 2147 2802 2202 Calum.
2835 2147 3067 2202 Peccant
3094 2154 3274 2200 autem
3307 2146 3362 2198 in
3395 2161 3452 2200 ea
3488 2147 3713 2208 scientia,
3741 2145 3788 2199 in

2249 2256 2353 2310 qua
2381 2246 2570 2309 petunt
2607 2239 2853 2294 licentias
2897 2238 2997 2294 sibi
3041 2239 3176 2292 dari.
3225 2237 3388 2292 Tales
3418 2239 3574 2300 enim,
3607 2238 3685 2306 qui
3716 2235 3782 2289 ita

2247 2332 2532 2387 ambitiose
2577 2339 3001 2401 promoventur,
3053 2328 3347 2385 crudeliter
3395 2344 3427 2382 a
3469 2327 3666 2382 diabolo
3708 2343 3796 2397 pu-

2246 2424 2482 2477 nientur.
2518 2419 2762 2476 Potentes
2787 2423 2923 2475 enim
2965 2429 3199 2491 potenter
3233 2429 3496 2473 tormenta
3533 2421 3798 2489 patientur:

2245 2526 2370 2566 nam
2397 2512 2556 2566 debet
2583 2511 2744 2566 homo
2777 2525 2834 2565 se
2858 2510 3038 2564 metiri
3081 2525 3204 2565 cum
3235 2509 3326 2565 illo
3352 2508 3541 2565 ofﬁcio
3576 2510 3704 2579 qnol
3727 2509 3804 2563 de-

2242 2603 2446 2657 siderat
2487 2601 2730 2672 adipisci,
2767 2610 2820 2656 et
2849 2603 2891 2657 si
2919 2610 3003 2657 est
3039 2600 3280 2665 inferior,
3311 2610 3493 2656 cesset
3523 2617 3538 2655 :
3564 2593 3612 2656 si
3654 2610 3802 2654 autem

2242 2701 2325 2748 est
2348 2693 2592 2763 azqualis,
2626 2709 2748 2748 cum
2771 2694 2965 2748 timore
3004 2693 3241 2748 accedat.
3292 2691 3441 2746 Talia
3479 2708 3613 2762 ergo
3632 2702 3683 2747 et
3701 2706 3806 2746 con-

2241 2787 2458 2853 similia,
2504 2787 2552 2842 si
2577 2802 2739 2857 super
2766 2788 2850 2841 his
2880 2787 3085 2840 laborat
3117 2784 3357 2850 infamia,
3391 2785 3558 2840 debet
3583 2786 3806 2856 episcopo

2241 2879 2511 2945 conﬁteri,
2562 2881 2609 2935 si
2659 2879 2774 2934 vult
2823 2879 3054 2943 salvari;
3109 2878 3304 2943 aliter,
3361 2880 3427 2932 de
3487 2878 3706 2932 licentia
3741 2875 3807 2931 sui

2240 2971 2500 3042 episcopi,
2532 2977 2712 3040 potest
2731 2971 2832 3024 sibi
2853 2970 3052 3040 eligere
3070 2969 3352 3038 providum
3379 2968 3762 3024 confessorem.

2364 3081 2443 3136 De
2469 3082 2771 3152 ptenitentia
2799 3081 3048 3144 cantoris,
3076 3089 3123 3135 et
3155 3081 3239 3134 cui
3267 3080 3413 3134 debet
3438 3080 3701 3148 conﬁteri.

2815 3195 2934 3266 (Ex
2955 3208 3072 3264 cap.
3099 3192 3185 3248 15.
3217 3192 3236 3263 )

2159 3270 2207 3336 C
2306 3310 2508 3366 Cantor
2534 3317 2714 3366 autem
2755 3309 2914 3365 debet
2949 3309 3202 3380 episcopo
3241 3306 3489 3363 conﬁteri
3521 3309 3616 3363 cui
3646 3308 3805 3362 imme-

2233 3404 2378 3459 diate
2407 3405 2650 3460 noscitur
2681 3402 2980 3471 subjacere,
3011 3402 3096 3456 vel
3125 3402 3190 3456 de
3220 3401 3335 3470 ejus
3361 3401 3588 3455 licentia
3615 3402 3705 3456 sibi
3723 3399 3801 3454 eli:

2233 3509 2358 3564 gere
2405 3496 2698 3550 discretum
2733 3493 3118 3550 confessorem.
3165 3492 3362 3548 Peccat
3411 3503 3601 3549 autem
3643 3501 3810 3548 cantor

2232 3583 2539 3653 specialiter
2567 3583 2621 3638 in
2649 3585 2770 3648 hoc,
2815 3593 2873 3637 ut
2899 3585 2964 3639 de
2990 3583 3108 3638 aliis
3132 3591 3431 3647 taceamus,
3464 3585 3600 3654 quia
3641 3585 3808 3654 recipit

2232 3677 2286 3730 in
2314 3677 2480 3732 choro
2509 3677 2777 3748 indignos,
2809 3677 2899 3747 qui
2929 3678 3107 3747 legere
3131 3679 3394 3744 nesciunt,
3444 3695 3547 3734 nec
3575 3689 3806 3740 cantare,

2229 3778 2283 3823 et
2315 3769 2552 3824 refutant
2579 3769 2899 3838 quandoque
2937 3769 3125 3840 dignos
3152 3787 3164 3822 :
3215 3771 3358 3840 quod
3391 3770 3571 3842 magis
3598 3785 3808 3826 consue-

2231 3863 2411 3918 tudine
2460 3879 2622 3932 quam
2663 3862 2787 3932 jure
2833 3863 3032 3933 poterit
3076 3865 3437 3933 comprobari.
3481 3863 3723 3921 Peccant
3764 3871 3811 3919 et

2227 3963 2448 4022 propter
2475 3953 2618 4007 aliud
2647 3953 2789 4023 quod
2831 3954 3151 4022 quibusdam
3194 3955 3500 4011 concedunt
3546 3957 3618 4012 de
3647 3957 3805 4028 gratia

2227 4044 2568 4114 quotidianos
2599 4046 2766 4110 cibos,
2819 4045 2910 4114 qui
2950 4045 3282 4116 negligenter
3322 4046 3573 4103 ofﬁcium
3620 4049 3812 4104 obeunt

2225 4141 2666 4203 ecclesiasticum,
2693 4149 2750 4195 et
2775 4141 2894 4195 aliis
2918 4142 3280 4208 subtrahunt;
3311 4142 3437 4211 quia
3466 4141 3535 4196 ad
3577 4143 3807 4199 ofﬁcium

2225 4249 2331 4289 non
2354 4242 2646 4304 potuerunt
2665 4235 2945 4289 commode
2978 4235 3259 4290 interesse.

2265 4363 2342 4419 De
2365 4364 2667 4434 paenitentia
2693 4367 3087 4433 canonicorum,
3112 4375 3159 4422 et
3187 4368 3271 4422 cui
3295 4367 3480 4423 debent
3511 4370 3775 4440 conﬁteri.

2787 4477 2908 4549 (Ex
2947 4493 3067 4550 cap.
3109 4478 3196 4535 16.
3223 4478 3242 4550 )

2294 4589 2371 4644 De
2418 4590 2735 4660 poenitentia
2783 4591 3167 4647 canonicorum
3217 4591 3525 4648 ﬁrmissime
3570 4603 3717 4657 tene,
3763 4603 3811 4648 et

490 4679 498 4720 ῖ
545 4715 709 4756 nores
752 4683 984 4757 clerico;
1028 4711 1215 4757 comm
1256 4657 1633 4757 θυοωξίωωω
1663 4713 1970 4760 sanctorum
2019 4707 2122 4762 pa_
2149 4657 2200 4717 D
2224 4681 2530 4737 nullatenus
2565 4684 2794 4747 dubites,
2841 4684 2984 4752 quod
3017 4682 3085 4738 dc
3119 4681 3244 4752 jure
3287 4686 3563 4739 communi
3595 4686 3810 4740 debuis-

547 4800 693 4846 trum
717 4800 776 4848 ut
798 4795 1059 4863 probatur
1083 4794 1154 4848 25
1192 4794 1339 4858 dist.,
1367 4810 1415 4849 c.
1444 4793 1568 4847 Non
1605 4794 1756 4848 liceat
1784 4836 1798 4859 ,
1825 4803 1881 4849 et
1908 4813 1957 4852 c.
2000 4798 2120 4854 Non

545 4894 760 4954 oportet.
811 4886 1044 4943 Peccant
1073 4888 1235 4943 etiam
1263 4888 1404 4942 circa
1426 4887 1711 4942 luminaria
1737 4889 1997 4956 ecclesize,
2027 4899 2121 4946 aut

543 4975 690 5031 circa
713 4977 1105 5034 ordinationem
1133 4978 1340 5033 ostiarii
1365 5018 1380 5042 ,
1407 4987 1463 5033 et
1486 4980 1628 5035 circa
1665 4983 2116 5050 praeparationem

543 5066 770 5133 incensi,
824 5076 880 5122 et
906 5069 1052 5124 circa
1082 5084 1265 5123 curam
1307 5069 1627 5139 baptisterii,
1679 5080 1733 5125 ut
1759 5074 2015 5142 probatur
2043 5074 2113 5129 25

543 5158 668 5212 dist.
697 5173 746 5212 c.
770 5165 873 5213 etc.
907 5159 1056 5214 Talia
1078 5175 1207 5231 ergo
1229 5169 1284 5214 et
1316 5162 1636 5228 consimilia,
1681 5164 1724 5218 si
1757 5163 2004 5219 laborent
2033 5167 2114 5220 in-

541 5247 730 5314 famia,
772 5251 969 5334 debent
995 5252 1244 5324 episcopo
1278 5255 1559 5310 conﬁteri:
1591 5257 1723 5312 alias
1769 5268 1946 5315 autem
1989 5276 2115 5331 pos-

541 5349 668 5397 sunt
695 5342 761 5398 de
803 5341 921 5412 ejus
951 5345 1170 5402 licentia
1195 5348 1295 5403 sibi
1323 5347 1614 5406 discretum
1661 5351 1862 5422 eligere
1905 5352 2117 5409 confes-

539 5448 737 5490 sorem.

642 5549 724 5608 De
758 5555 1058 5624 paenitentia
1085 5536 1371 5628 pricpositi,
1390 5567 1440 5615 et
1466 5561 1551 5616 cui
1572 5561 1716 5617 debet
1746 5564 2003 5632 conﬁteri.

1107 5670 1228 5740 (Ex
1269 5688 1386 5742 cap.
1422 5673 1554 5745 '15.)

607 5779 934 5854 Przepositus
963 5795 1137 5841 autem
1172 5795 1318 5843 recto
1345 5788 1604 5844 vocabulo
1629 5797 1872 5855 vocatur,
1911 5792 1999 5860 qui
2028 5807 2117 5846 su-

543 5885 641 5941 per
667 5875 798 5930 alios
828 5894 1009 5933 curam
1040 5880 1194 5950 gerit.
1228 5880 1330 5935 lste
1367 5892 1566 5945 autem,
1612 5882 1653 5934 si
1698 5890 1780 5936 est
1810 5882 2110 5952 religiosus,

2218 4783 2340 4829 sent
2379 4777 2584 4829 decano
2613 4774 2882 4838 conﬁteri,
2921 4775 3006 4829 vel
3040 4777 3312 4846 episcopo,
3350 4775 3436 4830 vel
3474 4776 3638 4830 alicui
3677 4790 3812 4846 pm

2217 4867 2393 4938 posito
2417 4867 2680 4932 ecclesire,
2715 4867 2760 4922 si
2781 4868 3036 4923 sacerdos
3060 4875 3222 4931 esset,
3253 4867 3337 4920 vel
3361 4867 3556 4922 saltem
3587 4868 3810 4922 debuis-

2217 4968 2339 5014 sent
2360 4969 2544 5030 petere
2574 4962 2641 5014 ab
2670 4961 2922 5032 episcopo
2963 4962 3236 5017 licentiam
3263 4962 3404 5032 quod
3432 4963 3650 5031 possint
3689 4961 3809 5015 aliis

2224 5051 2575 5116 conﬁteri,vel
2599 5053 2700 5108 sibi
2724 5055 3049 5109 constituere
3067 5053 3370 5125 generalem
3395 5054 3806 5122 paenitentiam.

2223 5142 2469 5197 Przedicti
2511 5144 2755 5198 canonici
2787 5145 2839 5198 in
2884 5145 3002 5199 istis
3037 5153 3308 5215 quatuor,
3352 5154 3410 5200 ut
3450 5145 3516 5201 de
3560 5145 3692 5198 aliis
3731 5154 3811 5200 ta-

2222 5248 2462 5298 ceamus,
2486 5235 2721 5304 graviter
2745 5234 3038 5291 offendunt.

2291 5324 2492 5390 Primo,
2519 5327 2644 5394 quia
2671 5334 2912 5396 tempore
2939 5327 3277 5383 necessitatis
3299 5327 3488 5382 volunt
3514 5325 3581 5381 ad
3610 5339 3808 5381 sacros

2218 5418 2436 5472 ordines
2459 5420 2781 5487 promoveri,
2810 5429 2868 5472 ut
2900 5421 3163 5488 probatur
3185 5419 3252 5474 74
3280 5421 3431 5487 dist.,
3480 5435 3529 5473 c.
3573 5417 3640 5472 Si
3685 5418 3808 5487 quis

2220 5509 2416 5574 clerici,
2445 5519 2500 5566 et
2525 5527 2575 5565 c.
2618 5511 2872 5566 Placui'..

2291 5601 2540 5658 Secundo
2563 5644 2578 5668 ,
2621 5605 2839 5673 quidam
2873 5619 3058 5661 eorum
3089 5621 3185 5676 per
3225 5607 3570 5662 ambitionem
3602 5618 3810 5659 succe-

2220 5697 2354 5752 dunt
2377 5698 2432 5751 in
2459 5697 2634 5752 locum
2666 5698 2928 5764 viventis;
2958 5707 3014 5753 et
3056 5698 3177 5753 ideo
3203 5707 3463 5770 perpetuo
3501 5703 3626 5753 sunt
3659 5693 3801 5752 infa‘

2219 5801 2352 5843 mes.
2379 5789 2481 5843 Ex.
2514 5789 2579 5843 de
2602 5789 2908 5852 Praebend.,
2935 5797 3040 5845 etc.

2291 5880 2491 5944 Tertio,
2525 5881 2648 5948 quia
2681 5888 2803 5936 sunt
2835 5881 2988 5937 valde
3033 5881 3271 5944 delicati,
3311 5891 3364 5937 et
3408 5881 3584 5936 volunt
3611 5877 3810 5934 ofﬁcia
