4020 6360
303 248 447 306 1105

1200 239 1568 296 EXCERPTA
1602 241 1694 296 EX
1732 241 2248 298 ΡΟΕΝΙΤΕΝΤΙΑΜ
2287 243 2335 297 J.
2379 241 2468 296 DE
2505 240 2660 295 ΠΕΟ.

3417 248 3556 305 1106

299 359 668 429 frequentare.
692 355 870 423 Quare
891 353 1206 409 debuissent
1228 370 1259 408 a
1285 355 1589 424 praebendis
1619 357 1731 410 suis
1761 372 1873 411 sus-

1986 347 2500 424 cretorumffaciam
2539 372 2733 430 pauca,
2759 366 2817 413 et
2842 359 3072 414 narrabo
3097 365 3329 431 posteris
3351 379 3560 436 pm.

296 453 461 524 pendi
522 465 698 521 usque
751 449 820 504 ad
868 449 1261 520 correptionem
1282 491 1297 515 ,
1352 449 1648 506 monitione
1699 460 1879 506 tamen

293 545 601 620 praemissa,
625 551 686 598 ut
704 541 969 612 probatur
1004 555 1090 596 ex.
1123 541 1190 596 de
1215 540 1357 596 Cler.

369 637 596 707 Quarto,
646 635 769 705 quia
811 633 1086 689 cumulant
1135 633 1418 703 pecuniam
1444 633 1512 688 de
1553 631 1879 703 prmbendis,

296 740 352 787 et
383 727 918 806 noluntpauperibus
946 725 1164 794 elargiri
1204 734 1393 780 contra
1413 740 1597 780 sacros
1623 740 1879 792 canones,

297 830 358 876 ut
382 819 720 890 probatur‘7,
770 833 823 888 q.
873 818 926 883 1,
955 833 1004 871 c.
1038 816 1171 882 ult.;
1204 816 1295 870 ubi
1336 817 1479 870 enim
1514 816 1759 870 canonici
1785 831 1879 871 ca-

297 912 561 968 thedralis
607 910 848 966 ecclesiae
894 908 1034 962 male
1067 908 1274 974 vivunt,
1329 914 1441 962 tota
1470 907 1660 962 civitas
1706 907 1882 976 capite

295 1007 550 1061 deorsum
595 1003 794 1074 pendet
852 1019 865 1055 :
925 1009 980 1055 ct
1036 1007 1179 1054 totus
1231 1008 1401 1053 status
1453 999 1688 1053 civitatis
1747 1013 1878 1052 con-

296 1098 588 1161 turbatur,
650 1093 948 1164 prtesertim
1011 1092 1140 1163 quia
1193 1090 1382 1146 nolunt
1428 1090 1695 1160 superiori
1751 1089 1880 1144 obe-

295 1189 432 1243 dire.

369 1278 428 1334 Si
479 1293 607 1350 ergo
662 1278 715 1332 in
744 1278 1016 1348 praedictis
1037 1277 1119 1332 vel
1149 1277 1204 1331 in
1248 1276 1426 1346 aliquo
1471 1275 1878 1346 przedictorum,

292 1370 380 1424 vel
429 1370 484 1424 in
517 1370 815 1424 minoribus
844 1369 926 1423 vel
970 1369 1023 1422 in
1063 1368 1378 1437 majoribus,
1407 1365 1747 1431 offenderint,
1781 1382 1880 1437 per

292 1478 481 1517 veram
498 1463 888 1533 paenitentiam,
907 1462 952 1516 si
975 1462 1174 1516 salvari
1198 1461 1398 1524 volunt,
1425 1476 1520 1515 suo
1542 1459 1880 1514 satisfaciant

291 1553 552 1609 creditori
600 1554 695 1624 qui
746 1566 960 1622 semper
988 1560 1176 1606 eorum
1226 1551 1460 1607 reditum
1487 1558 1786 1619 exspectat,
1818 1560 1880 1606 ut

291 1646 556 1716 probatur
591 1645 660 1700 95
690 1645 841 1709 dist.,
875 1659 923 1699 c.
956 1644 1198 1698 Diuconi.

1981 456 2172 511 venda.

2049 546 2231 603 Primo
2281 556 2335 604 et
2387 547 2761 619 principaliter
2804 562 3032 622 peccant
3095 554 3364 622 advocati,
3426 559 3558 630 quia

1979 637 2233 706 adjuvant
2252 639 2474 696 subdole
2492 642 2874 705 adversarium,
2905 652 2960 698 et
2981 645 3255 713 perdendo
3277 652 3555 720 proprium

1980 728 2292 784 clientulum
2319 750 2330 784 :
2357 740 2413 786 et
2439 733 2573 787 tales
2597 733 3043 801 praevaricatores
3072 745 3198 792 sunt
3224 746 3279 794 et
3300 727 3553 811 infames,

1979 826 2040 872 ut
2069 821 2325 887 probatur
2348 821 2404 886 2,
2433 837 2487 891 q.
2514 823 2570 887 5,
2600 837 2673 886 c.,
2701 830 2807 877 etc.
3375 833 3378 836 ί

2053 908 2317 975 Secundo,
2368 914 2491 982 quia
2540 912 2834 969 defendunt
2893 917 3064 997 Ws
3093 934 3286 975 causas
3317 923 3559 980 scienter

1979 1011 2168 1056 contra
2218 1005 2598 1060 auctoritatem
2641 1016 2954 1065 sanctorum
2983 1008 3222 1077 Patrum,
3262 1022 3322 1068 ut
3360 1016 3560 1086 proba-

1976 1101 2065 1148 tur
2088 1095 2176 1160 11,
2203 1111 2256 1166 q.
2289 1097 2342 1151 5.

2047 1185 2250 1252 Tertio,
2283 1189 2408 1258 quia
2457 1190 2556 1245 sub
2579 1191 2756 1262 specie
2799 1194 3022 1264 pietatis
3053 1194 3281 1264 palliant
3305 1197 3558 1268 impieta-

1979 1287 2106 1344 tem,
2133 1281 2510 1347 protrahentes
2545 1296 2737 1338 causas
2765 1283 3002 1340 clientuli
3034 1287 3136 1341 sui.

2049 1369 2253 1436 Quarto
2299 1380 2546 1440 peccant,
2596 1373 2719 1442 quia
2750 1375 2840 1429 ubi
2874 1392 2979 1430 non
3012 1386 3137 1431 sunt
3166 1378 3256 1433 alii
3284 1381 3555 1451 advocati,

1978 1461 2245 1530 recipiunt
2267 1477 2518 1532 magnum
2547 1462 2802 1518 salarium
2847 1482 2971 1521 cum
3017 1471 3166 1539 gravi
3207 1471 3404 1528 damno
3449 1474 3558 1531 liti-

1978 1552 2183 1619 gatoris
2217 1569 2228 1606 ;
2257 1565 2481 1624 propter
2524 1557 2670 1626 quod
2728 1557 3043 1614 debuissent
3087 1562 3156 1617 ab
3203 1565 3557 1622 advocatione

1978 1657 2262 1698 removeri.

291 1757 372 1813 De
397 1757 702 1830 paenitentia
729 1756 1001 1810 doctorum
1023 1755 1488 1830 et_ma_giatrorum,
1511 1760 1560 1806 et
1586 1755 1671 1806 cui
1692 1752 1875 1808 debent
1904 1729 1953 1791 Β
2049 1731 2247 1830 Ωυίίξῑο
2301 1747 2546 1830 Ρθεοθη-ῖν
2577 1741 2702 1808 qum
2724 1755 2847 1795 cum
2886 1744 3136 1798 Πθεείυηι
3154 1745 3295 1815 lum,
3350 1750 3558 1819 ViWPC'

959 1826 1214 1895 conﬁteri.

893 1920 993 1992 (Ex
1021 1934 1140 1989 cap.
1172 1919 1283 1990 17.)

359 2015 620 2070 Doctores
664 2026 812 2078 vero,
845 2012 891 2068 si
920 2019 1044 2066 sunt
1074 2010 1342 2081 inquilini,
1383 2009 1580 2074 debent
1608 2007 1872 2077 pteniten-

290 2108 422 2161 tiam
451 2120 610 2176 agere
631 2119 816 2160 coram
845 2103 1144 2168 sacerdote,
1168 2104 1222 2156 in
1253 2099 1408 2169 cujus
1433 2101 1692 2171 parochia
1717 2099 1872 2154 habi-

286 2207 425 2263 tant,
467 2197 552 2252 vel
585 2196 650 2252 de
697 2212 794 2252 sua
832 2196 1047 2250 licentia
1089 2194 1291 2266 eligant
1313 2194 1418 2248 sibi
1462 2191 1867 2248 confessorem:

288 2282 333 2348 si
365 2301 550 2347 autem
575 2299 701 2346 sunt
740 2299 1067 2353 castrenses,
1099 2289 1293 2344 debent
1321 2285 1566 2342 confiteri
1596 2300 1696 2341 suo
1732 2300 1872 2355 prte-

285 2386 422 2450 lato,
448 2385 502 2438 in
534 2384 687 2454 cujus
707 2382 965 2453 parochia
987 2381 1253 2446 habitant,
1275 2378 1360 2433 vel
1385 2378 1544 2432 alicui
1575 2379 1692 2433 loco
1718 2377 1866 2447 ejus;

287 2491 413 2530 cum
465 2474 601 2528 alius
630 2488 754 2528 eum
800 2487 908 2527 non
961 2471 1131 2541 possit
1167 2470 1397 2534 solvere,
1443 2483 1543 2523 nec
1591 2467 1780 2539 ligare,
1811 2475 1873 2522 ut

285 2567 552 2640 probatur
579 2565 633 2631 8,
663 2566 719 2631 2,
771 2581 818 2619 c.
853 2565 908 2630 1,
939 2564 975 2618 2
1003 2572 1058 2618 et
1095 2565 1146 2618 5.
1180 2562 1294 2617 Hoc
1344 2569 1519 2616 autem
1571 2561 1873 2616 subintelli-

287 2677 407 2735 gas,
455 2661 580 2731 quia
612 2659 860 2730 superior
885 2673 1100 2728 semper
1133 2664 1310 2727 potest
1351 2655 1652 2720 absolvere,
1717 2656 1872 2725 cujus

293 2753 584 2808 auctoritas
638 2760 861 2821 excepta
911 2750 1244 2820 intelligitur.
1301 2749 1560 2803 Doctores
1609 2755 1789 2801 autem
1816 2756 1870 2802 et

292 2848 558 2918 praecipue
607 2845 947 2900 decretorum
996 2843 1053 2898 in
1084 2842 1268 2897 multis
1297 2840 1584 2896 Dominum
1632 2839 1870 2910 graviter

289 2937 586 2996 oﬂendunt.

353 3028 557 3091 Primo,
585 3027 716 3098 quia
740 3042 848 3082 non
875 3035 999 3081 sunt
1021 3027 1166 3096 digni
1192 3025 1528 3096 magisterio,
1571 3032 1626 3078 et
1657 3022 1866 3078 faciunt

281 3134 344 3175 se
403 3136 501 3190 per
543 3121 827 3191 pecuniam
867 3120 951 3174 vel
991 3135 1086 3190 per
1113 3133 1302 3187 preces
1336 3117 1601 3179 sordidas,
1651 3115 1734 3170 vel
1767 3131 1866 3186 per
1893 3092 1938 3157 ο

280 3210 627 3266 fraudulenta
680 3211 993 3266 munuscula
1021 3251 1035 3275 ,
1077 3209 1162 3264 vel
1216 3209 1372 3263 aliter
1422 3207 1746 3263 inconcinne
1799 3207 1868 3262 ad

281 3303 661 3374 magisterium
699 3302 1024 3373 promoveri.

357 3392 629 3459 Secundo,
678 3393 803 3462 quia
845 3391 1144 3461 despiciunt
1194 3389 1437 3444 subditos
1491 3388 1584 3457 qui
1642 3395 1767 3441 sunt
1812 3387 1865 3440 in

283 3486 580 3541 cathedris.
611 3485 770 3539 Tales
806 3483 1055 3553 injuriam
1079 3480 1282 3536 faciunt
1308 3480 1599 3545 cathedrae,
1632 3493 1696 3533 eo
1724 3477 1869 3547 quod

260 3561 429 3634 ‘male
481 3577 670 3633 sedent
718 3592 879 3646 super
935 3575 1250 3631 cathedram
1310 3582 1566 3644 tanquam
1620 3573 1868 3642 Dagones

282 3686 450 3742 super
468 3686 649 3726 arcam
669 3669 901 3726 Domini.
936 3668 1086 3724 Unde
1114 3667 1270 3721 multi
1291 3665 1618 3730 sacerdotes,
1635 3673 1690 3719 et
1707 3663 1867 3734 pauci

283 3763 616 3819 sacerdotes.

357 3857 567 3922 Tertio,
598 3855 722 3925 quia
771 3862 1121 3910 contemnunt
1156 3851 1350 3906 idiotas
1375 3851 1516 3904 bene
1564 3848 1870 3917 morigena—

283 3955 392 4012 tos,
415 3947 506 4017 qui
536 3947 708 4017 magis
729 3945 978 4014 abjurare
997 3944 1282 3998 voluerunt
1303 3941 1433 3996 vitia
1457 3953 1686 4003 morum,
1706 3954 1870 4008 quam

281 4040 600 4104 verborum,
627 4047 684 4092 ut
713 4039 780 4092 59
830 4037 955 4092 dist.
989 4050 1036 4089 c.
1073 4033 1263 4089 sedulo
1304 4031 1614 4085 immiscent
1658 4045 1717 4082 se
1749 4029 1869 4097 qui-

281 4131 514 4187 busdam
543 4128 928 4198 quaestionibus
968 4136 1022 4181 et
1062 4124 1454 4180 subtilitatibus
1484 4129 1542 4175 ut
1580 4120 1870 4173 videantur

282 4224 456 4280 multa
511 4224 671 4288 scire,
721 4230 778 4276 et
827 4223 900 4278 ita
955 4235 1080 4275 suos
1127 4216 1466 4273 confundunt
1497 4211 1771 4267 auditores
1802 4213 1869 4265 ad

283 4334 442 4374 suam
497 4317 936 4380 ostentationem,
1003 4328 1113 4368 non
1169 4312 1239 4367 ad
1291 4307 1681 4379 discipulorum
1717 4304 1868 4359 utili-

283 4421 339 4466 ta
349 4420 482 4465 tem.

1975 1831 2102 1878 rant
2124 1825 2412 1880 advocatos
2447 1827 2688 1884 adversae
2715 1833 2907 1900 partis,
2939 1845 2998 1888 ut
3047 1836 3306 1904 probatur
3330 1839 3386 1904 5,
3416 1855 3470 1910 q.
3501 1840 3553 1896 7.

2047 1915 2212 1971 Sexto
2246 1928 2493 1987 peccant,
2535 1928 2589 1974 et
2635 1930 2893 1990 tanquam
2925 1925 3209 1980 homicida:
3235 1937 3380 1996 sunt,
3409 1936 3552 1985 "cum

1975 2007 2180 2063 faciunt
2198 2009 2482 2065 clientulos
2506 2027 2633 2067 suos
2651 2020 2705 2066 et
2725 2021 2890 2069 testes
2919 2013 3120 2087 ﬂagitia
3149 2017 3330 2074 dicere
3369 2029 3559 2078 contra

1975 2101 2260 2156 adversam
2283 2112 2520 2172 partem.

2045 2194 2150 2248 Ista
2183 2205 2307 2249 sunt
2336 2197 2655 2267 principalia
2684 2214 2805 2268 quae
2835 2199 3115 2254 confessor
3158 2202 3228 2255 ab
3273 2203 3352 2257 eis
3380 2203 3557 2274 inqui-

1975 2302 2094 2341 rere
2121 2287 2299 2343 debet.
2336 2287 2393 2344 Si
2429 2305 2560 2360 crgo
2598 2290 2842 2345 advocati
2871 2290 3064 2346 salvari
3093 2293 3300 2359 volunt,
3343 2294 3557 2350 satisfa-

1975 2379 2122 2434 ciant
2160 2379 2264 2433 illis
2295 2396 2430 2450 quos
2459 2381 2736 2448 laeserunt,
2764 2392 2818 2437 et
2842 2398 2939 2454 per
2962 2384 3340 2454 paenitentiam
3369 2401 3555 2444 veram

1975 2489 2072 2528 suo
2097 2473 2436 2528 satisfaciant
2460 2473 2724 2530 Creatori.

2047 2569 2122 2623 De
2146 2570 2443 2639 paenitentia
2458 2571 2820 2640 juriconsulti,
2845 2583 2892 2626 et
2919 2575 3004 2627 cui
3043 2573 3188 2628 debet
3221 2576 3478 2646 conﬁteri.

2557 2645 2570 2662 /

2570 2662 2671 2734 (Ex
2697 2678 2816 2732 cap.
2850 2663 2961 2734 19.)

2040 2748 2465 2804 Iurisconsultus
2484 2758 2570 2804 est
2614 2750 2702 2805 ille
2739 2750 2830 2820 qui
2877 2751 3036 2805 solvit
3063 2753 3393 2822 quaestiones
3425 2770 3556 2824 pro-

1972 2843 2174 2911 positas
2201 2843 2267 2898 de
2287 2841 2708 2927 iurisconsultis.
2753 2845 2831 2898 Ita
2873 2852 3014 2911 tene,
3042 2846 3185 2914 quod
3215 2845 3356 2924 idem
3409 2846 3550 2916 juris

1971 2940 2074 2997 est,
2100 2933 2242 2988 sicut
2275 2934 2340 2987 de
2370 2919 2664 3001 advocatis,
2701 2936 2912 2990 scilicet
2960 2937 3188 2992 reddere
3230 2919 3404 2995 aliena
3432 2955 3552 3010 quae

1970 3037 2252 3094 perperam
2291 3025 2471 3095 adepti
2520 3035 2664 3094 sunt,
2704 3036 2758 3081 et
2804 3027 3051 3084 confiteri
3100 3031 3322 3102 proprio
3377 3046 3556 3087 sacer-

1972 3113 2104 3179 doti,
2133 3123 2187 3170 et
2224 3131 2320 3184 per
2344 3115 2460 3184 ejus
2486 3119 2772 3173 consilium
2799 3134 2897 3174 suo
2917 3119 3231 3176 satisfacere
3277 3120 3546 3177 Creatori.

1971 3204 2050 3260 De
2079 3209 2378 3277 paenitentia
2401 3210 2818 3279 presbyterorum
2849 3221 2897 3265 et
2923 3213 3008 3266 cui
3036 3212 3255 3266 debeant
3289 3214 3547 3284 conﬁteri.

2565 3300 2666 3370 (Ex
2696 3315 2816 3368 cap.
2850 3300 2965 3372 20.)

1973 3391 1979 3398 ’
2041 3387 2194 3444 Licet
2237 3389 2483 3458 superius
2512 3390 2578 3443 de
2625 3390 2941 3459 paenitentia
2983 3393 3424 3464 presbyterorum
3472 3395 3554 3450 di—

1971 3489 2119 3535 ctum
2154 3481 2243 3546 sit,
2272 3489 2450 3535 tamen
2480 3482 2728 3551 quaedam
2751 3493 3128 3540 remanserunt
3153 3499 3274 3554 qua:
3300 3486 3403 3540 sub
3429 3488 3553 3542 bre-

1969 3573 2205 3643 viloquio
2263 3573 2544 3628 intimabo.
2604 3573 2895 3644 Presbyter
2938 3591 3036 3629 suo
3083 3575 3241 3631 debet
3305 3576 3553 3632 confiteri

1971 3668 2252 3738 superiori,
2309 3677 2365 3722 et
2408 3667 2716 3722 sacerdotes
2763 3666 3000 3722 minores
3044 3667 3142 3722 sub
3183 3668 3425 3738 praelato,
3465 3668 3556 3726 vel

1971 3758 2075 3814 sibi
2120 3760 2350 3814 invicem
2384 3760 2450 3814 de
2486 3759 2704 3814 licentia
2731 3759 2942 3828 prazlati
2972 3759 3299 3814 confitentur
3339 3762 3550 3830 episco-

1970 3865 2060 3920 po,
2086 3851 2130 3904 si
2160 3850 2359 3905 volunt.
2401 3851 2470 3907 Et
2519 3851 2646 3905 licet
2683 3859 2834 3904 tanta
2858 3851 2930 3904 sit
2954 3850 3159 3905 malitia
3206 3851 3550 3920 clericorum,

1971 3943 2273 4013 praesertim
2311 3944 2766 4013 presbyterorum,
2796 3958 2915 4012 qua:
2948 3942 3039 3997 vix
3071 3951 3252 4012 posset
3311 3945 3412 3999 sub
3454 3961 3555 4000 nu-

1973 4048 2123 4087 mero
2163 4033 2566 4103 comprehendi,
2600 4049 2770 4103 pauca
2816 4043 2998 4089 tamen
3022 4034 3151 4089 vitia
3184 4035 3283 4091 sub
3320 4036 3556 4093 brevilo-

1973 4126 2101 4194 quie
2127 4127 2194 4188 ad
2239 4140 2426 4182 eorum
2458 4128 2855 4197 correptionem
2883 4136 2937 4184 et
2961 4129 3226 4183 cautelam
3256 4130 3325 4185 ad
3349 4146 3556 4186 memo—

1975 4222 2110 4276 riam
2138 4223 2584 4293 perstringamus.

2043 4314 2224 4369 Primo
2253 4315 2303 4368 in
2335 4315 2437 4369 hoc
2461 4324 2708 4384 peccant,
2733 4315 2859 4384 quia
2879 4315 3200 4384 permittunt
3217 4330 3275 4369 se
3301 4315 3552 4384 indignos

1974 4405 2040 4461 ad
2067 4406 2433 4461 ecclesiastica
2463 4405 2638 4461 ofﬁcia
2666 4405 2974 4476 promoveri
3004 4413 3192 4462 contra
3220 4404 3552 4461 ecclesiasti-

357 4501 588 4569 Quarto,
633 4502 759 4572 quia
785 4500 980 4554 docent
1011 4499 1061 4552 in
1090 4495 1361 4551 cathedris
1400 4508 1464 4548 ea
1491 4507 1612 4561 qua:
1648 4489 1869 4559 placere
1891 4471 1946 4533 Ῐ)
1973 4513 2067 4552 cos
2086 4513 2344 4553 canones,

279 4602 512 4667 possunt
542 4613 553 4648 :
588 4601 643 4648 et
672 4593 761 4648 isti
790 4600 916 4647 sunt
958 4591 1208 4646 doctores
1237 4587 1304 4642 de
1337 4585 1532 4656 quibus
1561 4582 1694 4637 dicit
1739 4594 1870 4634 con-

280 4687 471 4742 cilium
514 4684 1168 4755 Constantinopolitanum
1211 4700 1223 4734 :
1279 4680 1539 4733 Malorum
1582 4675 1868 4730 doctorum

281 4777 430 4832 mala
470 4777 716 4833 doctrina
736 4783 839 4832 est.
871 4776 922 4843 1,
959 4791 1014 4845 q.
1058 4775 1110 4840 7,
1143 4790 1192 4829 c.
1230 4769 1684 4826 Convenientibus.

357 4869 579 4937 Quinto,
603 4869 729 4938 quia
758 4883 881 4924 cum
925 4868 1026 4937 ipsi
1073 4866 1213 4920 male
1244 4865 1452 4928 vivunt,
1507 4860 1630 4914 talia
1687 4873 1869 4929 repre-

283 4963 527 5019 hendere
551 4961 751 5018 audent
777 4969 966 5018 contra
997 4960 1376 5016 auctoritatem
1416 4963 1725 5011 sanctorum
1767 4952 1871 5006 Pa-

283 5068 456 5121 trum,
478 5064 585 5112 etc.

283 5148 367 5203 De
391 5146 713 5216 confessione
732 5147 1126 5212 advocatorum,
1153 5155 1200 5199 et
1241 5144 1327 5198 cui
1376 5139 1562 5195 debent
1610 5134 1865 5204 conﬁteri.

893 5240 995 5314 (Ex
1017 5253 1134 5310 cap.
1157 5235 1269 5307 18.)

358 5339 620 5395 Advocati
671 5336 868 5392 debent
905 5331 1150 5386 confiteri
1204 5329 1423 5400 proprio
1465 5327 1752 5392 sacerdoti,
1784 5327 1871 5381 vel

284 5431 450 5488 alteri
476 5426 780 5485 discretiori
805 5424 872 5479 de
899 5422 1116 5478 licentia
1164 5419 1460 5476 sacerdotis
1498 5417 1700 5489 proprii
1729 5437 1740 5470 :
1775 5416 1871 5470 ali-

287 5535 379 5580 ter
409 5521 615 5577 absolvi
638 5535 743 5574 non
773 5516 972 5588 poterit
1000 5516 1068 5570 ab
1107 5513 1213 5567 alio
1253 5512 1338 5566 vel
1379 5511 1554 5583 ligari.
1589 5510 1702 5565 Hoc
1728 5517 1873 5565 esset

289 5615 664 5674 difﬁcillimum
690 5626 915 5667 narrare
951 5623 1142 5666 omnes
1166 5621 1425 5662 excessus
1451 5606 1868 5669 advocatorum;

293 5726 475 5771 tamen
528 5727 628 5783 ego
679 5708 913 5765 Joannes
958 5709 1023 5764 de
1079 5708 1212 5771 Deo,
1265 5704 1519 5773 antiquus
1557 5703 1744 5759 doctor
1772 5703 1874 5758 De-

2045 4589 2311 4656 Secundo,
2338 4591 2462 4660 quia
2489 4596 2872 4660 promoventur
2911 4589 3230 4660 quandoque
3260 4603 3358 4660 per
3387 4589 3554 4646 simo-

1975 4683 2184 4737 niacam
2215 4683 2556 4751 pravitatem.

2044 4774 2248 4839 Tertio,
2289 4773 2412 4842 quia
2447 4771 2602 4826 valde
2633 4771 3033 4827 incontinenter
3060 4773 3268 4827 vivunt.

2045 4864 2266 4931 Quarto,
2295 4862 2419 4930 quia
2449 4861 2756 4916 immiscent
2789 4878 2847 4916 se
2878 4861 3198 4932 spectaculis
3242 4870 3297 4916 et
3340 4862 3553 4934 pompis

1975 4958 2278 5022 mulierum,
2309 4966 2363 5011 et
2383 4956 2651 5026 recipiunt
2676 4971 2901 5010 munera
2932 4964 2987 5010 et
3010 4954 3329 5010 incumbunt
3350 4955 3550 5020 usuris,

1974 5057 2028 5104 et
2049 5049 2168 5119 plus
2202 5047 2427 5119 diligunt
2454 5062 2639 5102 comas
2665 5047 2922 5101 laicorum
2950 5060 3110 5115 quam
3137 5060 3368 5100 coronas
3397 5043 3553 5100 cleri-

1974 5157 2183 5206 corum,
2206 5150 2262 5197 et
2288 5142 2594 5196 immiscent
2629 5157 2686 5196 se
2736 5139 3179 5204 mercationibus,
3211 5147 3266 5194 et
3303 5137 3553 5208 frequen-

1977 5240 2093 5287 tant
2112 5233 2379 5288 domicilia
2405 5233 2686 5287 mulierum
2707 5232 3012 5296 viduarum,
3041 5240 3095 5285 et
3117 5232 3321 5286 habent
3339 5246 3555 5301 quoque

1975 5325 2115 5395 apud
2144 5340 2203 5380 se
2224 5324 2480 5379 mulieres
2499 5339 2529 5378 a
2555 5322 2852 5378 eanonibus
2873 5321 3212 5387 interdictas,
3232 5329 3288 5376 et
3303 5320 3554 5390 frequen-

1977 5425 2092 5472 tant
2119 5419 2395 5482 tabernas,
2445 5426 2498 5472 et
2543 5417 2697 5471 ludos
2739 5414 3049 5470 taxillorum
3096 5422 3153 5468 et
3199 5411 3457 5475 alearum,
3497 5419 3556 5466 et

1974 5511 2166 5567 nolunt
2219 5511 2401 5566 divina
2451 5510 2623 5567 ofﬁcia
2665 5508 3027 5579 frequentare,
3057 5516 3114 5560 et
3137 5505 3362 5576 diligunt
3386 5518 3558 5593 ven?-

1975 5607 2150 5662 tiones
2180 5606 2449 5662 silvaticas
2474 5613 2530 5659 et
2557 5604 2844 5668 saltuosas,
2877 5610 2934 5657 et
2971 5602 3100 5656 dant
3145 5597 3363 5654 liberius
3383 5612 3554 5653 vena-

1976 5699 2203 5764 toribus,
2233 5698 2630 5763 meretricibus,
2653 5697 2739 5753 vel
2760 5693 3150 5765 joculatoribus
3175 5707 3335 5762 quam
3357 5703 3558 5762 paupe-
