4020 6360
220 236 361 294 1109

1363 220 1937 281 OBSERVATIONES
1974 220 2063 277 ET
2102 220 2337 279 NOTAE.

3358 214 3497 271 mo

215 353 385 410 sienst
406 350 700 419 subjectam
721 344 957 419 reperit;
982 357 1103 399 can.
1126 340 1164 396 2
1181 339 1396 398 concilii
1417 337 1795 404 Nanneteusis,
1827 342 1881 402 Α
1902 337 2106 394 Deinde
2134 336 2383 407 exempla
2411 333 2633 390 Patrum
2678 331 2947 404 proponit.
2977 347 2996 382 ι
3032 327 3339 385 Praesertim
3372 341 3499 384 cum

219 463 273 505 θ.
305 447 381 513 6;
412 444 651 518 synodus
694 440 867 501 sancti
903 438 1146 504 Patricii,
1176 453 1225 492 c.
1252 436 1323 492 23
1354 454 1368 503 ;
1410 443 1630 491 sanctus
1672 433 1808 490 Gre-

219 538 409 613 gorius
434 537 493 594 in
522 534 749 607 epistola
777 533 845 589 de
869 531 1207 603 expositione
1233 530 1571 584 diversarum
1598 527 1664 582 ad
1700 527 1811 580 Au-

218 634 499 707 gustinum
530 631 585 685 in
613 627 963 698 responsione
987 624 1055 679 ad
1102 622 1579 693 interrogationem
1602 619 1672 686 9;
1704 619 1811 674 Ex-

217 726 529 797 eerptiones
552 720 769 794 Egberti
797 717 1155 775 Eboracensis
1174 712 1566 784 archiepiscopi
1585 726 1634 765 c.
1662 709 1809 775 9-59,

220 836 384 895 quem
414 819 549 875 citat
576 832 641 871 ex
681 826 888 870 canone
910 806 1215 881 Epaonensi
1252 805 1342 860 56.
1388 805 1515 860 Vide
1544 802 1637 857 lib.
1664 817 1682 856 ι
1710 800 1811 856 Ca-

217 916 406 990 pitul.,
432 930 482 970 c.
516 912 659 974 459;
696 909 801 963 lib.
836 922 899 971 ιι,
932 920 982 961 c.
1014 903 1124 967 47;
1165 899 1360 956 concil.
1394 896 1712 952 Arelatense
1734 910 1809 960 vr,

220 986 271 1066 ξ.
297 1008 361 1061 21
393 1024 407 1072 ;
452 999 788 1070 Theodulpbi
814 994 1051 1068 episcopi
1080 989 1486 1048 Aurelianensis
1517 987 1677 1058 capit.
1711 986 1771 1039 11
1796 1000 1810 1051 ;

219 1098 417 1156 concil.
472 1092 792 1165 Iloguntiae.
827 1106 878 1144 c.
909 1088 998 1152 52,
1048 1087 1101 1140 in
1149 1083 1345 1154 quibus
1385 1080 1516 1136 illud
1566 1079 1710 1135 idem
1743 1077 1815 1133 ob

219 1191 465 1248 eamdem
496 1186 760 1242 rationem
786 1181 1120 1252 prohibetur.

290 1283 429 1337 Inde
458 1279 655 1335 evulsa.
698 1275 877 1344 Quare
905 1275 1019 1328 haec
1059 1271 1250 1326 altaria
1289 1267 1452 1339 vulgo
1497 1263 1819 1322 everteban-

218 1388 347 1441 tur;
385 1376 523 1429 sicut
558 1380 706 1445 patet
750 1387 816 1427 ex
862 1369 1093 1425 concilio
1136 1363 1548 1437 Carthaginensi
1595 1361 1819 1417 nomine

219 1468 434 1537 quinto,
464 1480 513 1521 c.
542 1464 606 1518 M
632 1481 646 1516 :
676 1481 695 1514 ι
728 1462 812 1517 Ab
841 1460 1111 1532 episcopis
1152 1458 1246 1529 qui
1272 1456 1477 1513 eisdem
1523 1456 1656 1510 locis
1679 1467 1817 1524 prte-

220 1568 366 1625 sunt,
396 1559 443 1614 si
480 1558 594 1613 fieri
618 1561 1213 1629 potest,-evertantur;
1247 1552 1291 1606 si
1328 1560 1507 1605 autem
1549 1551 1653 1605 hoc
1690 1564 1816 1619 pro-

118 1692 121 1695 ι
218 1660 343 1724 pter
373 1649 636 1705 tumultus
664 1648 951 1718 populares
995 1662 1101 1701 non
1144 1645 1359 1709 sinitur,
1408 1643 1592 1713 plebes
1631 1650 1815 1697 tamen
1845 1655 1857 1666 ·

1911 448 2019 488 ιιοιι
2066 432 2373 503 ignorarem
2429 430 2585 485 istius
2626 427 2771 482 modi
2820 424 3067 495 exempla
3114 422 3257 495 apud
3303 421 3497 479 Patres

1911 537 2241 595 superesse:
2291 522 2464 577 beatae
2518 519 2784 591 siquidem
2838 515 3116 573 memoria:
3169 514 3499 581 Alexander,

1910 631 2037 672 eum
2082 614 2189 670 alia
2236 612 2355 670 loca
2403 619 2632 684 angusta
2673 618 2877 676 essent,
2927 608 2984 663 in
3033 606 3266 662 ecclesia
3297 604 3504 673 majore

1911 706 2129 772 lheone,
2165 720 2331 777 quam
2378 702 2699 769 aediﬁcabat,
2746 714 2977 773 synaxes
3004 698 3268 755 celebrari
3310 696 3499 751 voluit.

1912 800 1970 855 Id
1995 801 2141 856 enim
2164 800 2398 855 habebat
2420 797 2698 855 hominum
2719 793 3040 866 frequentia,
3067 792 3243 848 necin
3263 788 3503 861 cogendo

1912 895 2111 968 populo
2156 894 2415 964 respexit,
2465 908 2585 947 eam
2637 891 2877 946 nondum
2924 886 3316 943 exmdilicatam
3362 884 3503 939 esse.

1916 990 2169 1058 Quinimo
2199 984 2371 1041 frater
2417 994 2544 1040 tuus
2586 985 2759 1041 beatae
2788 980 3065 1037 memoriae
3108 980 3164 1034 in
3195 973 3507 1048 hujusmodi

1914 1082 2137 1153 templo,
2169 1097 2292 1136 cum
2322 1078 2583 1150 Aquileiae
2622 1078 2842 1150 synaxis
2888 1076 3199 1138 haberetur,
3231 1072 3348 1141 ipse
3373 1083 3510 1140 quo-

1915 1190 2021 1246 que
2046 1191 2111 1230 eo
2130 1190 2187 1229 se
2209 1173 2440 1230 contulit
2465 1192 2477 1226 :
2512 1173 2588 1226 ita
2616 1170 2869 1226 nimirum
2896 1176 2952 1222 et
2973 1182 3074 1238 ego
3098 1179 3311 1237 quoque
3333 1162 3459 1217 feci.
3482 1179 3505 1216 ι

1915 1269 2158 1337 Denique
2182 1268 2427 1337 ipsismet
2446 1263 2647 1319 Christi
2669 1262 2849 1316 verbis
2870 1262 2971 1315 hoc
2993 1275 3024 1313 a
3052 1274 3111 1314 se
3132 1264 3281 1314 recte
3309 1253 3515 1311 factum

1917 1361 1997 1415 sic
2023 1360 2236 1430 probat.
2289 1375 2309 1408 ι
2358 1355 2620 1426 Superest
2666 1352 2832 1424 igitur
2864 1358 2924 1405 ut
2965 1349 3254 1419 anticipem
3286 1346 3339 1401 in
3370 1342 3517 1415 quod

1917 1451 2005 1507 ille
2032 1451 2243 1506 dentem
2272 1448 2438 1520 figere
2486 1457 2690 1517 posset.
2720 1443 2921 1515 Objicit
2948 1443 3003 1497 in
3047 1442 3163 1503 suis
3203 1438 3516 1506 calumniis,

1916 1561 2051 1617 opus
2073 1545 2310 1600 nondum
2336 1544 2643 1599 dedicatum
2673 1540 2862 1607 fuisse,
2889 1555 2953 1596 ac
2980 1538 3208 1610 proinde
3233 1537 3519 1609 illegitime

1919 1638 1991 1693 ibi
2023 1652 2214 1711 preces
2244 1644 2554 1707 conceptas.
2589 1634 2851 1689 Dominus
2878 1641 3062 1687 tamen
3092 1632 3147 1687 in
3182 1630 3519 1686 contrarium

220 1718 638 1804 admoneamur,
670 1753 738 1795 ne
768 1739 855 1793 illa
897 1737 1012 1792 loca
1058 1736 1436 1806 frequentem;
1470 1741 1529 1788 ut
1553 1733 1646 1803 qui
1672 1739 1821 1788 recte
1847 1718 1896 1779 Β
1926 1730 2190 1802 pnecipit,
2228 1745 2352 1785 cum
2400 1728 2552 1783 dicit.
2606 1727 2688 1782 Tu
2718 1735 2899 1781 autem
2930 1740 3056 1781 cum
3093 1722 3295 1790 orabis,
3340 1724 3523 1794 ingre-

221 1838 462 1908 sapiunt,
492 1836 635 1889 nulla
664 1833 736 1887 lbi
766 1832 1149 1903 superstitione
1178 1830 1409 1885 devincti
1456 1836 1762 1883 teneantur.
1794 1845 1813 1878 ι

218 1928 330 1987 Iste
358 1944 533 1985 canon
565 1924 799 1982 refertur
826 1925 881 1979 in
913 1925 1121 1994 integro
1144 1921 1328 1977 codice
1348 1935 1615 1975 canonum
1636 1916 1822 1972 Eccle-

222 2024 319 2080 δίε
349 2021 640 2083 Africanas,
674 2033 722 2072 c.
754 2017 845 2082 85,
897 2022 1060 2085 atque
1106 2013 1160 2067 in
1200 2009 1486 2080 capitulari
1520 2009 1821 2078 Aquisgra-

223 2113 383 2170 nensi
409 2112 499 2166 42.
548 2110 614 2164 Et
658 2108 792 2164 satis
832 2106 999 2176 repeti
1038 2121 1147 2160 non
1191 2112 1389 2174 potest,
1439 2109 1501 2155 ut
1552 2101 1644 2171 qui
1677 2107 1823 2155 recte

223 2207 467 2277 sapiunt,
500 2202 650 2258 nullo
678 2197 1082 2270 superstitionis
1107 2209 1294 2249 errore
1331 2191 1566 2248 devincti
1606 2199 1825 2245 tenean-

225 2309 338 2354 tur.
394 2299 471 2353 De
496 2296 778 2353 eversione
814 2295 1009 2348 borum
1047 2289 1297 2344 altarium
1335 2286 1609 2359 egregium
1638 2284 1827 2338 Marti—

222 2393 284 2449 ni
315 2389 620 2460 exemplum
660 2386 815 2441 nobis
847 2384 1153 2455 suppeditat
1185 2380 1447 2450 Sulpitius
1493 2377 1728 2431 Severus
1772 2375 1825 2429 in

227 2485 374 2539 libro
419 2482 535 2551 ejus
580 2480 832 2535 Historiae
870 2492 989 2549 cap.
1018 2477 1050 2531 8
1086 2491 1099 2527 :
1138 2492 1157 2525 ι
1202 2474 1377 2542 Atque
1426 2471 1501 2525 ita
1548 2468 1722 2537 inquit
1772 2467 1827 2520 in

229 2578 342 2634 fine
389 2575 600 2649 capitis,
652 2573 913 2645 pepulum
964 2566 1371 2641 superstitionis
1410 2563 1557 2619 illius
1597 2558 1828 2616 absolvit

228 2685 441 2728 errore.
474 2689 491 2722 ι

309 2781 417 2841 Sed
444 2783 488 2836 si
517 2790 643 2852 apta
673 2779 877 2834 videtur
901 2776 970 2833 ad
995 2774 1427 2837 consecrandum,
1457 2778 1586 2837 etc.,
1610 2767 1833 2837 rea’diﬁ-

245 2882 408 2929 cetur.
459 2873 633 2929 Etiam
684 2871 882 2942 templa
934 2870 1175 2934 deorum,
1236 2876 1522 2939 postquam
1578 2861 1833 2928 demolita

243 2966 482 3033 fuerant,
519 2963 813 3021 Christiani
860 2963 912 3016 in
950 2960 1237 3017 ecclesiam
1278 2958 1370 3013 Dei
1401 2955 1828 3012 commutabant.

241 3060 400 3129 Quod
428 3068 653 3114 testatur
698 3056 1050 3119 Sozomenus,
1096 3052 1189 3105 lib.
1232 3068 1285 3105 v1
1332 3050 1559 3114 Histor.,
1589 3062 1706 3117 cap.
1738 3046 1829 3100 20.
1864 3080 1910 3145 α

236 3151 546 3222 Aliquando
569 3156 716 3203 tanta
740 3145 1112 3203 exsecratione
1134 3156 1297 3198 exosa
1318 3140 1612 3206 habebant,
1642 3147 1701 3193 ut
1727 3136 1837 3208 pol-

236 3242 503 3298 lutionem
532 3255 718 3301 eorum
757 3236 1091 3311 purgabilem
1116 3250 1219 3289 non
1250 3242 1525 3315 putarent,
1550 3239 1604 3285 et
1633 3229 1836 3286 sanctis

238 3338 436 3393 usibus
460 3334 729 3409 applicare
755 3331 1114 3402 despicerent,
1147 3329 1288 3383 sicut
1330 3327 1620 3397 loquuntur
1646 3323 1836 3376 Patres

242 3430 460 3488 concilii
498 3426 852 3506 Epaonensis,
876 3418 877 3421 “
900 3439 1021 3479 can.
1051 3422 1155 3488 '55;
1205 3420 1523 3492 quandoque
1557 3430 1687 3469 vero
1727 3429 1836 3469 non

244 3504 559 3586 diruebant,
586 3518 679 3574 sed
722 3518 832 3574 Deo
858 3514 911 3568 in
956 3513 1215 3571 honorem
1262 3508 1537 3578 cujusdam
1582 3504 1838 3575 martyris

246 3615 661 3673 consecrabant.
695 3630 712 3667 ι
739 3609 876 3664 Cum
902 3604 1243 3679 vero,iuquit
1272 3609 1490 3658 sanctus
1505 3597 1837 3668 Augustinus

245 3715 307 3773 in
336 3713 566 3785 epistola
595 3710 719 3775 154,
744 3708 797 3762 in
824 3721 954 3761 usus
982 3715 1319 3765 communes,
1352 3713 1458 3753 non
1497 3692 1746 3766 proprios
1774 3705 1840 3744 ac

245 3806 513 3879 privatos,
555 3802 639 3865 vel
670 3802 722 3855 in
749 3800 954 3867 honore
1000 3796 1095 3853 Dei
1126 3793 1239 3849 veri
1286 3795 1692 3853 convertuntur,
1738 3785 1842 3845 hoc

249 3877 319 3953 de
354 3896 462 3953 illis
489 3877 548 3950 fit
596 3893 736 3963 quod
765 3891 831 3945 de
879 3889 1009 3959 ipsis
1037 3883 1367 3947 hominibus,
1412 3896 1534 3939 cum
1563 3894 1630 3934 ex
1669 3877 1839 3937 sacri-

251 3989 390 4061 legis
426 3995 480 4043 et
509 3984 769 4057 improbis
795 3983 851 4041 in
895 3996 1078 4036 veram
1124 3976 1438 4047 religionem
1488 3978 1781 4028 mutantur.
1819 3988 1835 4019 ι

251 4079 422 4151 Cujus
444 4078 521 4134 rei
551 4077 760 4149 insigne
789 4073 1092 4147 exemplum
1130 4076 1309 4127 exstat
1346 4066 1487 4139 apud
1532 4064 1842 4134 Evagrium,

251 4169 352 4227 lib.
384 4187 402 4226 ι
433 4170 595 4239 Hist.,
624 4186 672 4224 c.
706 4167 790 4232 16,
820 4164 910 4237 qui
952 4162 1118 4219 refert
1157 4162 1222 4217 de
1250 4158 1576 4221 Theodosio,
1607 4166 1663 4209 ut
1694 4155 1845 4225 lgna-

255 4262 399 4319 tium
439 4261 679 4323 divinum
726 4265 1021 4329 martyrem
1072 4252 1368 4324 majoribus
1411 4250 1647 4307 alliceret
1679 4249 1847 4303 bono-

260 4356 439 4419 ribus,
469 4352 728 4424 templum
750 4351 861 4419 jam
894 4349 1024 4413 olim
1056 4348 1389 4407 daemonibus
1415 4347 1674 4411 dicatum,
1705 4344 1848 4416 quod

1921 1823 2086 1878 dieris
2114 1823 2168 1877 in
2196 1820 2494 1893 penetralia
2519 1829 2637 1885 tua,
2667 1828 2723 1873 et
2744 1818 2997 1874 occludes
3026 1816 3171 1872 fores
3200 1824 3345 1872 tuas.
3376 1814 3522 1884 Quid

1924 1919 2055 1973 mihi
2094 1934 2223 1988 ergo
2245 1917 2488 1987 loquitur
2513 1914 2896 1978 calumniator,
2920 1912 3005 1968 vel
3032 1912 3161 1982 quid
3186 1911 3367 1983 potius
3392 1924 3523 1982 pru-

1926 2012 2119 2066 denter
2145 2019 2199 2065 et
2233 2024 2362 2064 vere
2408 2008 2706 2064 Christiani
2755 2008 2939 2063 dicant
2987 2005 3373 2061 attendendum
3402 2012 3522 2087 est;

1926 2105 2028 2159 hos
2058 2104 2153 2159 tibi
2202 2102 2585 2167 consulendos,
2631 2099 3046 2172 interrogandos
3078 2106 3233 2169 puta,
3279 2112 3389 2153 non
3429 2112 3528 2154 au-

1928 2204 2035 2251 tem
2064 2197 2495 2261 obtrectatores;
2537 2209 2659 2249 cum
2693 2194 2758 2248 de
2786 2193 2853 2246 iis
2895 2190 3155 2261 scriptum
3189 2191 3280 2256 sit,
3314 2188 3527 2246 Stultus

1930 2287 2030 2341 tibi
2068 2287 2233 2342 stulta
2259 2286 2509 2358 loquetur
2534 2302 2548 2351 ;
2580 2285 2646 2340 de
2677 2284 2795 2339 istis
2823 2294 3003 2338 autem
3049 2282 3414 2353 praecipiatur,
3442 2282 3528 2338 Ab

1930 2381 2074 2436 omni
2131 2380 2375 2449 sapiente
2421 2379 2604 2449 accipe
2655 2376 2962 2433 consilium.
2997 2396 3013 2427 ι
3065 2374 3293 2430 Sublata
3341 2384 3526 2430 tamen

1930 2474 2274 2539 necessitate,
2318 2474 2585 2529 rationem
2629 2472 2735 2526 loci
2782 2471 2837 2525 in
2884 2485 2992 2540 quo
3037 2470 3260 2543 synaxis
3293 2469 3529 2527 habetur

1930 2582 2041 2623 non
2070 2580 2190 2621 esse
2209 2565 2584 2637 negligendam
2616 2562 2774 2618 docet
2793 2559 3298 2627 sanctus-Basilius,
3328 2560 3395 2615 de
3424 2560 3532 2615 Ba-

1931 2661 2153 2733 ptismo,
2183 2675 2301 2730 cap.
2328 2661 2360 2715 8
2388 2677 2400 2712 :
2432 2677 2449 2709 ι
2482 2657 2648 2713 Nobis
2669 2673 2882 2727 quoque
2911 2655 3212 2729 periculum
3235 2655 3374 2712 male
3393 2652 3532 2711 obiti

1932 2751 2192 2815 mandati,
2224 2750 2271 2805 si
2302 2749 2404 2804 loci
2438 2751 2702 2805 rationem
2733 2749 3138 2820 neglexerimus
3164 2766 3179 2815 ;
3220 2747 3457 2802 maxime
3484 2746 3532 2803 si

1935 2844 2219 2899 sacerdotii
2251 2843 2506 2914 mysteria
2538 2842 2590 2896 in
2613 2841 2745 2896 locis
2772 2841 3015 2912 profanis
3041 2841 3529 2897 celebraverimus:

1933 2944 2225 3007 propterea
2267 2936 2409 3004 quod
2438 2949 2502 2989 ea
2531 2948 2621 2987 res
2648 2932 2911 3002 judicium
2942 2934 3167 2989 haberet
3193 2940 3536 3004 contemptus

1937 3028 1992 3083 in
2037 3027 2369 3092 celebrante,
2416 3024 2799 3080 otl‘endiculum
2844 3039 3059 3095 quoque
3105 3034 3389 3097 generaret
3436 3039 3536 3097 pro

1938 3121 2203 3175 varietate
2233 3119 2601 3185 aﬂectionum,
2630 3126 2686 3173 et
2730 3126 2950 3189 propter
2994 3117 3201 3172 variam
3244 3115 3537 3171 multorum

1941 3216 1994 3269 in
2022 3230 2205 3270 rerum
2252 3214 2558 3267 divinarum
2610 3211 2834 3266 scientia
2882 3211 3280 3277 infirmitatem,
3334 3210 3541 3272 διάει-ὴν

1940 3320 2042 3369 τῶν
2081 3312 2276 3366 πολλῶν
2320 3313 2369 3364 ἐν
2418 3318 2480 3384 τῇ
2510 3311 2697 3382 γνώσει
2725 3307 2961 3385 διάφορον
3005 3308 3282 3362 ἀσθένειαν.
3325 3304 3539 3360 Etenim

1941 3421 2066 3461 eum
2101 3411 2284 3458 essent
2322 3401 2615 3457 Christiani
2648 3400 2791 3471 pleni
2831 3400 3004 3470 gratia
3035 3406 3093 3453 et
3116 3398 3453 3467 fortitudine,
3481 3404 3544 3463 ut

1942 3499 2018 3552 ait
2065 3497 2301 3553 Joannes
2344 3496 2765 3566 Chrysostomus
2812 3493 2865 3547 in
2913 3492 3135 3547 homilia
3179 3491 3247 3545 54
3301 3493 3355 3547 in
3398 3492 3540 3549 Mat-

1944 3594 2167 3657 thzeum,
2195 3592 2390 3648 domus
2422 3592 2550 3660 ipsae
2578 3590 2666 3644 bis
2711 3588 2905 3661 priscis
2934 3587 3271 3663 temporibus
3300 3588 3545 3648 ecclesiae

1942 3694 2117 3743 erant.
2149 3686 2255 3741 Sed
2300 3687 2623 3757 frigescente
2667 3682 2958 3751 charitate,
3001 3688 3055 3736 et
3096 3691 3338 3754 spectata
3367 3682 3545 3755 pluri-

1944 3796 2157 3835 morum
2192 3777 2509 3833 infirmitate
2538 3794 2567 3832 a
2607 3777 2860 3834 Patribus
2887 3779 3154 3833 sancitum
3182 3786 3267 3835 est
3293 3779 3347 3835 in
3372 3777 3548 3838 ecclo-

1946 3872 2024 3928 sia
2052 3887 2159 3926 non
2201 3869 2383 3925 offerri
2431 3879 2722 3940 antequam
2754 3880 3187 3929 consecraretur.
3219 3891 3238 3927 ι
3282 3872 3415 3929 Vide
3445 3870 3547 3947 Sy-

1945 3964 2146 4018 nodum
2179 3963 2351 4017 sancti
2399 3962 2639 4027 Patricii,
2671 3979 2719 4018 c.
2751 3963 2859 4030 23;
2895 3962 3285 4035 Excerptiones
3322 3963 3545 4037 Egberti

1947 4053 2328 4120 Eboracensis,
2371 4069 2421 4109 c.
2460 4054 2531 4118 9;
2584 4053 2816 4125 Capitol.
2859 4055 2893 4109 l.
2942 4071 3019 4122 vi,
3051 4071 3099 4110 c.
3149 4055 3295 4125 507;
3346 4056 3540 4113 concil.

1950 4148 2319 4213 Triburiense,
2351 4164 2399 4202 c.
2430 4147 2486 4213 4,
2530 4147 2684 4217 cujus
2728 4148 2891 4204 verba
2932 4150 3200 4209 habentur
3223 4152 3279 4207 in
3316 4151 3547 4210 concilio

1950 4242 2265 4323 Moguntino
2292 4242 2390 4296 sub
2420 4241 2724 4312 Arnulpho,
2754 4258 2803 4297 c.
2830 4244 2882 4297 9.
2915 4242 3078 4298 Plura
3118 4242 3233 4313 jam
3261 4244 3326 4300 de
3346 4240 3523 4303 Conso

1951 4338 2193 4392 cratione
2216 4337 2461 4391 ecclesiae
2489 4352 2650 4407 supra
2679 4336 2962 4391 retulimus
2980 4352 3046 4391 ex
3082 4339 3247 4394 variis
3268 4339 3547 4399 codicibus

261 4447 531 4518 indigena
568 4444 825 4515 templum
853 4441 1109 4506 Fortuna:
1156 4439 1558 4509 nuncupabant,
1596 4436 1650 4491 in
1679 4436 1847 4508 ipsius
1873 4447 1925 4508 ι)
1951 4447 2081 4487 mss.
2112 4429 2307 4501 quibus
2336 4428 2481 4485 istud
2508 4429 2743 4500 primum
2773 4436 2934 4498 caput
2964 4429 3359 4487 Ptenitentialis
3382 4448 3547 4503 expo-

261 4543 525 4599 honorem
548 4552 914 4599 consecrasse.
945 4535 1081 4605 illnc
1104 4536 1359 4597 discimus
1379 4532 1603 4595 multum
1624 4532 1853 4602 tempori

264 4632 677 4697 consulendum,
738 4638 899 4703 atque
946 4630 1050 4695 hoc
1093 4644 1261 4695 unum
1308 4627 1656 4699 spectandum
1709 4627 1856 4696 quod

264 4743 433 4782 omne
476 4724 793 4795 scandalum
832 4732 1076 4785 removet
1121 4730 1176 4780 et
1221 4721 1564 4783 aedificationi
1592 4721 1854 4792 plurimo-

267 4833 392 4873 rum
423 4817 669 4883 inservit.

343 4905 404 4983 Si
429 4909 539 4965 lucc
565 4916 868 4971 consecrata
894 4924 1041 4979 prius
1068 4907 1188 4977 fuit.
1235 4905 1535 4965 Athanasio
1569 4907 1727 4978 quasi
1769 4923 1859 4962 ca-

266 4997 438 5071 pitale
467 5000 671 5059 crimen
696 4997 1051 5067 objiciebatur
1077 4998 1220 5069 quod
1242 4998 1295 5059 in
1326 4997 1551 5053 ecclesia
1581 5014 1701 5067 qua:
1726 5014 1860 5055 non-

270 5093 402 5149 dum
427 5094 670 5151 dedicata
715 5091 910 5159 fuerat,
941 5092 1187 5165 synaxim
1217 5091 1516 5146 habuisset.
1548 5090 1654 5147 Sed
1679 5108 1860 5147 exem-

268 5187 377 5259 plis
404 5201 623 5249 suorum
649 5194 865 5256 patrum
894 5201 959 5241 ac
1005 5184 1330 5249 testimoniis
1374 5183 1689 5254 Scripturae,
1732 5184 1861 5239 illud

270 5282 478 5337 crimen
508 5278 667 5334 facile
694 5278 850 5337 diluit
879 5278 932 5333 in
963 5292 1059 5337 sua
1094 5278 1163 5333 ad
1189 5278 1569 5347 imperatorem
1598 5274 1864 5331 Constano

269 5375 409 5430 tium
453 5373 732 5445 Apologia.
767 5391 786 5424 ι
831 5371 1119 5437 Caeterum.
1162 5369 1357 5439 inquit,
1394 5368 1520 5438 quia
1551 5368 1618 5422 de
1666 5382 1862 5438 magna

270 5468 503 5525 ecclesia
530 5468 738 5525 crimen
761 5468 1107 5528 concinnant.
1144 5466 1287 5535 quod
1317 5465 1389 5521 ibi
1430 5463 1652 5535 synaxis
1681 5462 1864 5518 habita

272 5558 349 5614 sit
374 5558 695 5629 priusquam
720 5558 1084 5623 dedicaretur,
1131 5569 1251 5627 age,
1291 5556 1456 5611 etiam
1487 5569 1551 5609 ea
1580 5554 1646 5609 de
1672 5569 1731 5608 re
1758 5560 1865 5607 tute

272 5651 467 5723 pietati
494 5667 817 5723 responsum
861 5652 1090 5709 demus:
1119 5664 1184 5705 eo
1218 5649 1363 5707 enim
1408 5662 1505 5703 nos
1535 5646 1754 5701 trahunt
1788 5644 1865 5701 illi

274 5744 371 5815 qui
406 5744 463 5800 in
492 5759 591 5801 nos
615 5744 740 5801 odia
786 5751 1103 5818 congerunt.
1148 5742 1375 5799 Factum
1419 5749 1521 5809 est,
1552 5754 1805 5813 agnosco.
1839 5758 1858 5791 ι

1955 4526 2119 4587 nitur.
2147 4523 2246 4581 llic
2266 4539 2480 4595 quoque
2505 4538 2615 4578 non
2635 4522 2741 4578 erit
2761 4521 2994 4578 alienum
3010 4522 3206 4595 addere
3222 4525 3548 4593 quaestiones

1957 4634 2091 4690 quas
2120 4618 2314 4673 Petrus
2342 4615 2546 4673 Cantor
2575 4623 2757 4670 movet
2781 4615 2849 4670 de
2878 4615 3066 4671 eadem
3087 4615 3314 4679 materia
3336 4616 3392 4675 in
3406 4616 3548 4675 libro

1958 4710 2023 4764 de
2048 4707 2438 4764 Sacramentis.

1959 4825 2161 4883 Seiecta
2182 4840 2249 4882 ea:
2282 4840 2398 4893 cap.
2430 4822 2500 4878 55
2549 4822 2877 4893 codicisAms.
2909 4822 2975 4877 de
3002 4821 3359 4880 Summis
3400 4821 3552 4881 Petri

2459 4893 2702 4951 Cantoris
2733 4890 3075 4955 Parisiensis.

2031 4992 2299 5061 Quaeritur
2344 4988 2473 5059 quid
2502 4988 2574 5053 sit
2609 4989 2753 5061 quod
2789 4989 2919 5045 dicit
2947 4990 3255 5061 episcopus,
3288 4991 3446 5065 Ungo
3471 5002 3549 5063 te,

1962 5090 2028 5145 ad
2057 5087 2335 5144 basilicam
2360 5100 2427 5141 ex
2454 5086 2746 5143 iusensatis
2776 5086 3042 5156 lapidibus
3069 5096 3456 5148 constructam.
3480 5093 3548 5150 Β.

1963 5180 2116 5250 Quod
2155 5180 2245 5235 hic
2288 5186 2372 5237 est
2399 5193 2589 5234 sensus
2634 5180 2947 5245 verborum,
2987 5178 3092 5235 Per
3131 5189 3184 5238 te
3210 5183 3458 5256 signiﬁco
3486 5184 3552 5241 ﬂ-

1964 5272 2162 5329 delium
2191 5270 2489 5327 Ecclesiam
2522 5276 2741 5326 unctam
2768 5270 2825 5326 in
2854 5282 3195 5333 sacramento
3240 5274 3387 5341 ﬁdei,
3415 5284 3472 5333 et
3494 5277 3553 5335 in

1965 5367 2149 5421 futuro
2169 5366 2383 5437 plenius
2432 5367 2904 5437 inungendam.—
2924 5366 3198 5435 Quzeritur
3231 5372 3397 5426 etiam
3422 5372 3554 5441 quid

1966 5461 2035 5516 sit
2063 5462 2203 5530 quod
2236 5459 2450 5522 dicitur,
2501 5459 2586 5517 Sit
2625 5460 2741 5516 haec
2766 5460 2959 5529 domus
3002 5460 3229 5518 firmiter
3264 5464 3550 5533 mdiﬁcata,

1967 5569 2087 5610 cum
2116 5552 2254 5608 forte
2280 5560 2552 5608 structura
2582 5553 2697 5622 ipsa
2720 5553 2942 5610 muralis
2968 5555 3039 5611 sit
3064 5556 3119 5610 in
3147 5557 3295 5611 brevi
3318 5558 3549 5615 ruitura.

1969 5645 2034 5699 R.
2061 5644 2214 5712 Quod
2243 5644 2347 5701 hoc
2376 5644 2611 5700 refertur
2638 5648 2706 5702 ad
2747 5646 2894 5703 illam
2922 5648 3217 5718 Spiritalem
3253 5649 3553 5708 Ecclesiam

1970 5752 2089 5810 quae
2114 5752 2212 5815 per
2240 5735 2389 5792 illam
2433 5737 2772 5812 intelligitur.
2788 5772 2858 5782 —
2878 5740 3149 5811 Quaeritur
3173 5742 3338 5799 etiam
3368 5752 3553 5801 utrum
