4020 6360
539 283 674 341 1111

1637 287 1728 340 AD
1767 283 2305 342 POENITENTIALE
2347 285 2695 345 THEODORI

3660 297 3801 356 H12

535 415 604 457 ex
640 401 894 458 unctione
921 401 1295 458 sacramentali
1331 410 1386 457 ct
1411 401 1688 471 multiplici
1718 401 2110 467 benedictione,
2137 403 2189 462 Α
2216 401 2401 457 nasius
2427 403 2482 457 in
2511 403 2631 460 Vita
2667 406 2840 460 sancti
2875 406 3122 474 Antonii,
3151 410 3244 480 qui
3271 419 3468 481 prteter
3496 413 3645 468 hanc
3672 429 3801 471 con-

535 508 656 565 quaa
684 495 825 550 litin
857 495 1174 560 dedicando,
1212 496 1372 551 veluti
1398 511 1520 549 cum
1549 505 1755 559 oratur,
1794 504 1855 549 ut
1887 495 2114 564 quicun-

533 599 637 654 que
666 585 842 642 locum
885 585 1034 640 illum
1079 585 1279 656 aliquid
1323 585 1591 656 petiturus
1627 584 1944 656 ingreditur,
1982 601 2115 640 cun-

531 686 619 734 cta
647 693 705 734 se
742 679 1028 750 impetrare
1052 680 1297 744 lzctetur;
1345 680 1496 734 locus
1535 679 1623 734 ille
1650 679 1884 749 aliquam
1913 680 2109 734 sortia-

535 780 626 826 tur
653 770 966 836 efIicaciam,
997 779 1050 825 et
1085 771 1314 841 aliquem
1339 771 1525 842 gratiae
1569 771 1864 836 cumulum,
1893 779 1952 824 ut
1988 786 2112 826 con-

529 863 672 919 ferat
700 864 899 934 aliquid
944 865 1221 919 orantibus
1267 864 1321 918 in
1365 880 1450 926 eo,
1485 864 1692 919 scilicet
1735 863 1817 917 vel
1851 861 2108 931 majorem

531 957 869 1012 devotionem
898 965 952 1012 et
997 959 1380 1028 promptiorem
1427 973 1648 1026 precum
1686 955 2104 1011 exauditionem.

525 1046 715 1102 Nonne
739 1049 789 1100 in
822 1049 928 1103 alio
951 1049 1068 1104 loco
1105 1051 1301 1120 poterit
1329 1050 1451 1120 quis
1479 1065 1546 1104 ex
1580 1049 1696 1119 pari
1741 1048 2029 1111 charitate,
2055 1056 2109 1100 et

523 1139 806 1195 devotione
833 1142 1024 1196 orare?
1047 1141 1223 1210 Quare
1261 1157 1391 1214 ergo
1426 1157 1534 1198 non
1580 1141 1800 1197 habebit
1842 1139 2107 1210 aequalem

521 1232 772 1286 affectum
805 1231 922 1301 ejus
946 1233 1122 1287 oratio
1145 1247 1192 1288 α.
1245 1245 1266 1278 ο

516 1322 603 1378 Ex
631 1342 746 1395 cap.
775 1325 862 1380 54.
895 1326 972 1381 De
989 1329 1162 1382 causis
1186 1329 1439 1384 iterandw
1465 1327 1868 1383 consecrationis
1893 1325 2100 1380 altaris.

588 1413 777 1470 Solent
807 1425 986 1484 autem
1015 1418 1240 1473 diversa:
1266 1435 1442 1474 causae
1463 1419 1755 1490 distingui;
1803 1433 1971 1487 quare
2003 1417 2100 1472 fiat

517 1506 732 1562 iteratio
783 1509 1208 1564 consecrationis
1236 1510 1310 1564 .in
1341 1511 1521 1575 altari,
1560 1496 1623 1564 et.
1660 1510 1800 1564 inter
1829 1508 1950 1563 illas
1992 1522 2099 1562 una

515 1613 675 1653 causa
702 1601 940 1670 ponitur,
989 1604 1156 1660 motio
1186 1619 1385 1659 mensa:
1411 1605 1614 1658 altaris.
1667 1604 1772 1659 Sed
1811 1611 2098 1674 antequam

514 1689 580 1743 de
614 1689 716 1744 hoc
740 1689 1000 1752 dicamus,
1039 1708 1345 1763 quaeramus
1389 1694 1434 1748 si
1482 1693 1620 1748 forte
1658 1701 2004 1748 consecretur
2027 1692 2100 1745 al-

2219 496 2587 563 suetudinem,
2616 507 2843 554 caeteras
2869 515 2976 554 non
3011 502 3226 569 probat.
3264 521 3283 554 ι
3315 501 3428 558 Mos
3454 505 3689 567 etenim,
3721 506 3800 561 in-

2216 589 2363 659 quit,
2392 587 2664 660 )Egyptiis
2690 599 2804 656 est,
2839 592 3096 648 nobilium
3129 603 3183 649 et
3211 596 3484 667 praecipue
3511 599 3800 653 beatorum

2214 688 2512 754 martyrum
2545 696 2770 750 corpora
2805 682 3116 739 linteamine
3146 687 3359 755 quidem
3398 688 3719 752 obvolvere,
3749 698 3803 744 et

2213 770 2446 825 studium
2487 771 2663 826 funeri
2695 773 2906 828 solitum
2936 791 3042 830 non
3074 793 3272 848 negare
3302 797 3314 832 :
3349 788 3494 834 terra
3525 795 3667 836 vero
3697 797 3799 837 non

2213 859 2575 928 abscondere,
2619 863 2709 918 sed
2751 880 2915 934 super
2951 865 3179 923 lectulos
3217 870 3360 924 domi
3398 872 3578 941 posita
3627 887 3799 928 reser-

2210 966 2360 1006 vare.
2407 951 2560 1007 Hunc
2607 955 2864 1011 honorem
2906 959 3309 1028 quiescentibus
3343 963 3526 1029 reddi,
3587 966 3794 1020 invete-

2210 1051 2342 1105 rata:
2367 1046 2776 1102 consuetudinis
2796 1049 3005 1103 vanitas
3029 1051 3270 1106 tradidit.
3296 1054 3372 1108 De
3399 1055 3502 1109 hoc
3524 1053 3794 1111 Antonius

2209 1148 2349 1204 saepe
2374 1145 2429 1190 et
2452 1137 2733 1207 episcopos
2759 1141 3076 1210 deprecatus
3105 1153 3217 1210 est,
3274 1153 3336 1199 ut
3362 1145 3596 1216 populos
3628 1148 3794 1204 eccle-

2207 1228 2422 1284 siastica
2449 1233 2836 1288 consuetudine
2865 1235 3196 1303 corrigerent
3215 1277 3228 1300 ,
3263 1245 3316 1291 et
3346 1238 3515 1294 laicos
3552 1240 3709 1294 viros
3734 1256 3789 1296 ac

2207 1319 2464 1374 mulieres
2493 1321 2715 1392 rigidius
2744 1325 2857 1394 ipse
2880 1326 3148 1388 convenit,
3182 1327 3367 1382 dicens
3402 1346 3415 1381 :
3447 1343 3552 1384 nec
3585 1328 3788 1384 licitum

2206 1411 2310 1466 hoc
2335 1426 2474 1477 esse,
2505 1429 2603 1468 nec
2632 1414 2741 1468 Deo
2769 1415 3047 1484 placitum,
3077 1417 3274 1486 quippe
3302 1435 3423 1473 cum
3452 1419 3786 1490 patriarcha-

2204 1517 2323 1556 rum
2352 1511 2405 1558 et
2432 1505 2812 1574 pmphetarum
2841 1507 3085 1577 sepulcra
3111 1523 3229 1577 qua:
3257 1508 3323 1562 ad
3352 1524 3452 1564 nos
3475 1523 3657 1579 usque
3678 1527 3785 1580 per-

2204 1594 2398 1648 durant
2420 1596 2534 1650 haec
2557 1597 2698 1652 facta
2725 1599 3124 1654 convincerent.
3153 1600 3416 1656 Dominici
3441 1601 3651 1671 quippe
3675 1617 3784 1656 cor-

2201 1686 2349 1755 poris
2391 1688 2692 1758 exemplum
2732 1690 2929 1745 intueri
2965 1692 3218 1761 jubebat,
3260 1694 3403 1762 quod
3445 1694 3504 1748 in
3544 1695 3782 1764 sepulcro

515 1787 652 1846 tare,
686 1783 839 1854 cujus
861 1784 1168 1840 vehiculum
1202 1785 1270 1840 sit
1298 1801 1488 1857 magna
1514 1793 1690 1840 strues
1716 1784 1970 1854 lapidum,
1989 1798 2096 1838 non
2127 1765 2172 1825 Β
2199 1776 2457 1845 positum,
2478 1779 2653 1848 lapide
2676 1795 2845 1850 usque
2867 1782 2934 1836 ad
2961 1784 3380 1838 resurrectionis
3400 1785 3547 1840 diem
3570 1787 3778 1842 tertium

513 1877 693 1925 tamen
725 1871 1099 1941 terratinﬁxa,
1131 1872 1226 1928 sed
1261 1881 1372 1928 tota
1403 1873 1639 1938 mobilis,
1668 1881 1723 1926 et
1754 1881 1863 1926 tota
1908 1872 2008 1934 sic,
2037 1879 2097 1924 ut

510 1964 740 2018 materia
766 1965 855 2019 illa
883 1965 1008 2021 inde
1035 1966 1102 2020 ad
1129 1966 1304 2021 locum
1337 1966 1568 2036 aliquem
1592 1965 1875 2036 profanum
1904 1963 2094 2019 affera-

511 2060 621 2118 tur,
649 2070 715 2108 an
739 2055 910 2124 possit
934 2056 1008 2110 ibi
1038 2057 1091 2110 in
1117 2071 1182 2110 eo
1209 2057 1495 2112 celebrari.
1529 2057 1595 2112 Et
1619 2065 1798 2128 potest
1826 2056 1929 2111 dici
1959 2055 2091 2110 nihil

511 2143 792 2213 impedire,
842 2147 1132 2202 dummodo
1177 2147 1230 2202 in
1269 2147 1426 2202 altari
1466 2148 1606 2203 nulla
1658 2147 1750 2202 ﬁat
1779 2149 1948 2202 motio
1995 2162 2092 2218 per

508 2234 935 2292 translationem.
968 2237 1120 2293 Unde
1148 2247 1294 2308 patet
1322 2241 1493 2311 magis
1529 2241 1582 2293 in
1617 2239 1847 2294 ecclesia
1874 2255 1980 2294 non
2007 2240 2095 2294 de-

506 2324 683 2380 dicata
717 2341 874 2395 posse
908 2343 1070 2397 super
1090 2329 1248 2383 altari
1271 2330 1419 2384 illato
1447 2329 1728 2384 celebrari.
1764 2329 1834 2386 Ut
1855 2331 1921 2384 ad
1948 2328 2092 2383 aliud

504 2417 880 2485 procedamus,
924 2433 1185 2487 ponamus
1214 2422 1356 2491 quod
1398 2421 1451 2474 in
1483 2434 1666 2475 mensa
1714 2419 1947 2488 quadam
1979 2419 2093 2473 sive

503 2505 732 2577 lapidea,
761 2509 874 2564 sive
893 2509 1066 2579 lignea
1092 2511 1228 2581 lapis
1256 2511 1454 2581 aliquis
1474 2512 1782 2574 collocetur,
1812 2511 1950 2566 sicut
1973 2510 2090 2566 fieri

502 2599 639 2654 solet
668 2601 724 2655 in
758 2601 916 2656 altari
952 2604 1209 2672 portatili,
1259 2604 1348 2658 illa
1379 2613 1558 2658 autem
1605 2618 1793 2658 mensa
1838 2617 2032 2671 magno
2059 2618 2091 2658 e

502 2696 655 2744 strue
683 2689 920 2760 lapidum
961 2701 1224 2748 cmmento
1269 2694 1508 2748 uniatur.
1550 2692 1608 2747 Si
1655 2708 1784 2764 ergo
1824 2693 1960 2762 lapis
2001 2692 2090 2749 ille

498 2793 699 2837 mensa:
727 2783 1002 2840 immissus
1032 2786 1104 2840 sit
1120 2796 1487 2852 consecratus,
1515 2787 1777 2856 quaeritur
1804 2802 1874 2841 an
1899 2801 2086 2841 mensa

497 2883 645 2930 mota
674 2893 705 2931 a
738 2886 904 2941 strue,
936 2880 1009 2933 sit
1045 2880 1217 2935 altare
1241 2882 1416 2936 denuo
1452 2880 1900 2945 consecrandum,
1929 2880 2085 2950 quasi

499 2976 647 3020 mota
695 2983 727 3022 a
764 2969 1014 3025 vehiculo
1061 2986 1181 3037 suo,
1220 2987 1341 3026 cum
1392 2972 1482 3026 illa
1524 2984 1700 3028 strues
1753 2971 2084 3042 intelligatur

496 3058 618 3128 ejus
668 3075 788 3114 esse
835 3061 1160 3116 vehiculum.
1218 3063 1420 3117 Volunt
1462 3063 1680 3131 quidam
1731 3062 2078 3131 distinguere,

2195 1866 2436 1923 clausum
2481 1868 2659 1924 fuerit.
2705 1871 2882 1940 Atque
2929 1872 3014 1927 his
3050 1873 3224 1928 modis
3260 1875 3455 1929 vitium
3503 1877 3650 1932 circa
3692 1878 3776 1933 de-

2195 1957 2404 2014 functos
2441 1959 2692 2032 Egypti,
2723 1963 2936 2018 etiamsi
2965 1976 3157 2020 sancta
3185 1977 3366 2022 essent
3405 1983 3663 2038 corpora,
3691 1987 3773 2027 co-

2195 2053 2452 2122 arguebat
2492 2053 2678 2109 dicens
2710 2070 2724 2108 :
2769 2050 2911 2121 Quid
2937 2055 3133 2125 majus,
3165 2069 3258 2114 aut
3287 2061 3532 2116 sanctius
3559 2077 3765 2133 corpore

2192 2152 2370 2213 potest
2413 2159 2534 2199 esse
2582 2146 2891 2212 Dominico,
2944 2149 3085 2217 quod
3133 2149 3288 2218 juxta
3333 2155 3750 2210 consuetudinem

2193 2235 2434 2306 gentium
2480 2247 2799 2293 camerarum
2844 2239 3012 2294 humo
3057 2241 3331 2296 conditum
3379 2258 3492 2298 esse
3536 2247 3748 2300 scunus?

2194 2323 2319 2380 Haec
2349 2324 2492 2394 justa
2534 2328 2810 2395 persuasio
2842 2328 3132 2384 multorum
3168 2331 3390 2388 insitum
3419 2334 3600 2390 evellit
3621 2350 3760 2389 erro-

2194 2433 2338 2481 rem,
2381 2429 2435 2472 et
2473 2420 2724 2489 repositis
2760 2421 2812 2474 in
2846 2430 2988 2477 terra
3018 2425 3376 2481 cadaveribus
3400 2428 3630 2483 Domino
3652 2443 3766 2499 gra-

2194 2510 2296 2564 tias
2324 2525 2423 2578 pro
2450 2511 2592 2566 bono
2622 2513 2937 2582 magisterio
2967 2515 3288 2572 retulerunt.
3327 2540 3345 2571 ι
3377 2519 3539 2586 Quod
3567 2530 3770 2576 sanctus

2190 2598 2457 2655 Antonius
2499 2610 2559 2655 ut
2597 2616 2842 2657 errorem
2875 2612 2931 2658 et
2959 2619 3152 2660 vanam
3188 2611 3634 2678 superstitionem
3659 2610 3772 2681 reji-

2191 2689 2401 2755 ciehat,
2451 2691 2806 2748 inveteratam
2857 2710 2978 2751 esse
3028 2698 3170 2766 apud
3221 2698 3556 2756 inﬁrmiores
3604 2702 3773 2761 fideles

2191 2783 2632 2838 consuetudinem
2691 2794 2922 2842 testatur
2978 2797 3170 2844 auctor
3219 2790 3342 2846 libri
3396 2791 3465 2847 de
3519 2794 3772 2849 Resurre.

2189 2876 2392 2941 ctione,
2415 2892 2574 2946 quem
2595 2893 2646 2931 v.
2671 2878 2738 2932 cl.
2763 2879 2814 2935 J.
2841 2880 3162 2938 Sirmondns
3183 2883 3282 2938 sub
3317 2885 3540 2938 nomine
3565 2885 3773 2942 Eusebii

2187 2963 2537 3022 Caesariensis
2565 2967 2732 3022 edidit
2764 2987 2776 3023 :
2814 2987 2832 3020 ι
2866 2969 2982 3024 Non
3013 2973 3178 3037 enim,
3207 2981 3265 3027 ut
3297 2975 3392 3040 ait,
3423 2975 3660 3045 projecit
3683 2977 3771 3031 lin-

2186 3074 2380 3130 guam,
2421 3075 2582 3130 quam
2613 3061 2801 3116 incidit
2831 3063 3094 3130 medicus,
3125 3065 3220 3120 sed
3261 3067 3540 3137 accipiens
3573 3084 3696 3123 eam
3718 3077 3769 3122 ut

498 3159 678 3206 utrum
701 3153 753 3207 in
782 3169 966 3209 mensa
994 3163 1370 3211 consecratum
1412 3156 1600 3220 altare,
1633 3165 1920 3226 antequam
1960 3156 2081 3210 uni-
2108 3150 2158 3215 C
2188 3149 2522 3205 medicamen
2565 3152 2632 3206 ad
2681 3153 2967 3208 sanilalcm
3006 3155 3147 3210 illius
3192 3155 3367 3211 delicti
3415 3161 3563 3227 quod
3605 3162 3768 3215 admi-

495 3252 649 3296 rctur
673 3245 809 3299 strui
854 3245 1049 3316 lapidis
1072 3262 1171 3316 per
1198 3254 1537 3311 caementum,
1569 3262 1636 3300 an
1674 3254 1814 3317 post.
1849 3246 1905 3299 Si
1934 3255 2078 3314 ante,

494 3333 609 3389 sola
637 3350 819 3390 mensa
848 3337 1180 3408 intelligatur
1207 3337 1371 3392 fuisse
1399 3337 1698 3391 vehiculum
1725 3354 1740 3402 ;
1781 3337 2008 3408 ideoque
2035 3338 2080 3392 si

493 3435 680 3496 postea
707 3439 985 3499 separetur
1005 3447 1191 3488 mensa
1227 3447 1258 3486 a
1288 3439 1457 3496 strue,
1483 3446 1588 3486 non
1617 3430 1935 3500 intelligitur
1963 3447 2080 3487 mo-

496 3526 608 3575 tum
641 3522 827 3589 altare,
857 3540 958 3581 nec
979 3535 1064 3582 est
1107 3528 1284 3582 denuo
1321 3527 1767 3582 consecrandum.
1802 3527 1860 3582 Si
1898 3536 2080 3584 autem

493 3615 630 3668 strui
674 3615 824 3670 unita
854 3631 1040 3672 mensa
1071 3617 1234 3673 fuerit
1281 3618 1422 3673 facta
1472 3619 1826 3681 consecratio,
1869 3620 2081 3674 videtur

491 3706 657 3760 etiam
697 3707 814 3776 ipsa
841 3716 1019 3764 strues
1048 3725 1146 3780 pro
1186 3710 1436 3765 vehiculo
1465 3709 1632 3764 fuisse
1657 3727 1672 3775 ;
1703 3719 1755 3763 et
1778 3715 1906 3764 tunc
1935 3709 2079 3778 judi-
2124 3742 2125 3745 η

493 3807 652 3854 catur
680 3800 868 3856 altaris
896 3802 1064 3856 motio
1095 3801 1236 3857 facta
1281 3803 1333 3856 in
1363 3818 1562 3858 mensa:
1591 3804 1947 3873 separatione.
1981 3803 2079 3859 Hic

491 3893 674 3944 tamen
697 3889 910 3945 credam
935 3892 1380 3964 investigandum,
1407 3893 1618 3947 etiamsi
1649 3894 1726 3948 sic
1753 3892 1924 3956 ﬁeret,
1949 3894 2079 3964 quid

493 3977 796 4035 intenderet
821 3982 1106 4053 episcopus
1149 3998 1468 4040 consecrare
1516 4001 1776 4050 mensam,
1812 4001 1879 4038 an
1909 3985 2078 4040 altare

495 4085 697 4125 mensae
739 4071 980 4127 inﬁxum.
1032 4073 1132 4129 Ubi
1176 4090 1304 4129 vero
1330 4091 1514 4130 mensa
1557 4077 1935 4147 superponitur
1961 4077 2078 4133 sine

493 4170 776 4228 caemento,
805 4163 891 4218 vel
919 4180 1240 4235 quocunque
1265 4167 1471 4238 glutino
1497 4168 1836 4238 interposito,
1874 4169 2077 4225 nullam

493 4251 845 4320 quaestionem
872 4263 1079 4324 reputo.

490 4363 578 4420 Ea:
606 4383 722 4447 cap.
753 4367 841 4424 55.
872 4366 1055 4423 Utrum
1075 4371 1340 4426 destructa
1364 4371 1564 4441 fabrica
1586 4372 1812 4456 ecclesia:
1832 4376 1989 4446 possit
2019 4377 2076 4431 in

941 4458 1235 4496 communes
1263 4459 1390 4496 usus
1418 4460 1635 4497 assumi.

2187 3251 2334 3297 serat
2378 3245 2712 3314 abnegando,
2741 3247 3013 3315 accipiens
3046 3246 3188 3303 domi
3234 3250 3503 3315 recondit,
3547 3260 3612 3306 ut
3654 3266 3768 3307 con-

2185 3345 2410 3391 suerunt
2441 3336 2786 3404 infirmiores,
2819 3339 3004 3394 fideles
3033 3349 3212 3394 tamen
3248 3341 3544 3409 honorare,
3577 3346 3628 3400 si
3652 3345 3760 3416 quid

2185 3443 2217 3480 a
2265 3430 2595 3500 martyribus
2637 3431 3020 3499 sumpserint.»
3059 3430 3253 3487 Utrum
3285 3448 3415 3488 vero
3454 3433 3628 3490 liceat
3653 3435 3766 3492 reli-

2183 3519 2342 3587 quias
2391 3529 2610 3574 sanctas
2651 3533 2923 3590 exponere
2973 3521 3041 3574 ad
3091 3520 3418 3591 colligendas
3464 3523 3768 3580 oblationes

2181 3627 2280 3681 pro
2309 3611 2512 3667 fabrica
2540 3613 2806 3677 ecclesiae,
2841 3613 2922 3668 sic
2954 3613 3177 3682 exponit
3210 3613 3465 3685 Magister
3500 3614 3768 3672 Rohertus

2183 3703 2249 3757 de
2274 3702 2520 3771 Chorcon
2551 3705 2605 3758 in
2633 3720 2728 3759 sua
2757 3720 2987 3759 summa.

2181 3792 2384 3848 Selecta
2413 3812 2477 3848 ea:
2503 3806 2688 3862 qmrst.
2717 3796 2752 3850 2
2784 3814 2900 3862 cap.
2928 3796 2996 3850 12
3029 3796 3222 3851 codicis
3247 3813 3345 3852 ms.
3383 3796 3626 3854 Summa:
3655 3816 3765 3855 nta-

2251 3866 2400 3936 gistri
2424 3865 2633 3920 Roberti
2659 3866 2723 3920 de
2751 3866 2990 3932 Cltorcon
3017 3866 3357 3922 illustrissimi
3384 3869 3697 3924 cardinalis.

2251 3977 2520 4046 Quaeritur
2545 3980 2591 4032 si
2618 3979 2874 4048 praelatus
2898 3979 3092 4035 debeat
3122 3981 3439 4051 permittere
3467 3981 3764 4051 praedican-

2181 4080 2260 4125 tes
2298 4079 2519 4142 propter
2559 4079 2822 4139 quaestum
2862 4081 2918 4125 et
2958 4080 3038 4126 tot
3065 4071 3495 4127 abominationes
3537 4074 3765 4130 interse—

2179 4171 2362 4218 rentes
2391 4161 2601 4217 deferre
2637 4161 2885 4231 capsulas
2914 4170 2971 4217 et
3005 4161 3260 4232 reliquias
3295 4151 3613 4218 sanctorum
3647 4180 3762 4219 cum

2175 4255 2447 4326 praedictis
2484 4253 2711 4318 cedulis,
2752 4254 2821 4308 ad
2849 4253 3176 4324 colligendas
3219 4253 3521 4308 oblationes
3560 4255 3760 4324 pdssim

2176 4362 2276 4417 pro
2311 4344 2518 4400 fabrica
2547 4344 2808 4400 ecclesiae.
2844 4343 3070 4399 Videtur
3104 4343 3248 4413 quod
3276 4343 3422 4398 nullo
3453 4345 3618 4400 modo
3665 4345 3762 4399 hoc

2175 4442 2287 4513 pati
2313 4442 2537 4507 debeat,
2577 4441 2704 4511 quia
2734 4440 2868 4495 nihil
2897 4440 3042 4495 aliud
3077 4449 3163 4494 est
3190 4437 3316 4492 talia
3345 4435 3600 4492 conferre
3629 4451 3762 4506 pra:-

565 4527 836 4596 Quaaritur
865 4531 1055 4586 deinde
1097 4534 1160 4588 de
1187 4534 1470 4605 lapidibus,
1506 4535 1617 4588 sive
1646 4535 1712 4589 de
1741 4536 1919 4606 lignis,
1953 4552 2072 4606 qua:
2094 4519 2148 4579 Ῑ)
2175 4535 2332 4591 dictis
2371 4550 2532 4605 quam
2571 4533 2911 4589 committere
2952 4532 3159 4605 gladios
3196 4531 3430 4586 furiosis.
3464 4529 3758 4600 Propterea

491 4619 710 4675 fuerunt
747 4621 800 4674 in
843 4629 1113 4677 structura
1160 4623 1379 4680 fabricae
1423 4625 1841 4680 ecclesiasticae:
1887 4637 2069 4684 utrum

493 4710 736 4782 disrupta
780 4713 1006 4779 fabrica,
1041 4714 1131 4768 illa
1163 4717 1337 4786 possit
1364 4716 1431 4770 ad
1478 4732 1607 4770 usus
1646 4731 1958 4772 communes
1987 4734 2073 4773 as-

492 4807 652 4861 sumi.
671 4807 932 4863 Videntur
948 4822 1110 4876 super
1133 4809 1234 4863 hoc
1249 4807 1371 4876 jura
1394 4809 1624 4878 prodere
1644 4807 1892 4863 Clemens
1911 4825 2070 4880 papa,

493 4906 546 4951 et
570 4897 860 4968 Eugenius,
895 4908 950 4954 et
977 4899 1133 4968 quasi
1164 4898 1611 4962 contrahendum,
1642 4897 1784 4966 quod
1811 4913 1916 4953 non
1944 4915 2069 4970 pos-

490 4988 582 5045 sit.
615 4988 721 5044 Sed
747 4991 1019 5046 dubitatur
1045 4999 1228 5045 utrum
1261 4990 1326 5044 ad
1348 4990 1588 5045 oﬂicinas
1615 4988 1870 5047 fratribus
1891 5008 2073 5048 neces-

491 5080 681 5145 sarias,
696 5089 824 5150 puta
845 5083 1158 5151 capitulum,
1182 5082 1575 5149 dormitorium,
1591 5083 1704 5138 sive
1725 5083 2068 5140 refectorium

488 5171 662 5241 possit
683 5174 904 5227 assumi.
933 5174 1084 5241 Quod
1110 5175 1286 5245 primo
1315 5189 1423 5228 non
1466 5174 1678 5228 videtur
1706 5191 1913 5239 verum,
1941 5177 2066 5244 quia
2103 5191 2108 5196 ·

491 5262 705 5334 lapides
728 5263 802 5318 illi
823 5274 877 5318 et
897 5265 1040 5336 ligna
1064 5281 1220 5322 sacra
1242 5274 1387 5330 sunt,
1414 5265 1533 5320 loca
1553 5279 1681 5321 vero
1704 5266 1832 5322 talia
1858 5267 1938 5323 vel
1957 5283 2064 5323 non

489 5353 737 5427 profana,
772 5355 855 5411 vel
883 5357 1100 5413 omnino
1130 5358 1202 5412 ita
1225 5372 1399 5413 sacra.

562 5444 775 5501 Gradus
813 5464 916 5501 non
945 5447 1188 5503 debemus
1220 5448 1392 5518 facere
1427 5457 1546 5503 ante
1586 5448 1774 5516 altare,
1815 5450 1907 5504 ubi
1943 5450 2067 5505 reli-

490 5537 646 5609 quie.
680 5537 818 5593 Nam
848 5538 1090 5608 rcliquia:
1121 5555 1226 5595 non
1261 5541 1313 5594 in
1358 5539 1524 5594 altum
1558 5540 1940 5605 evehebantur,
1973 5542 2066 5597 sed

493 5637 640 5685 terra
676 5629 1162 5686 abscondebantur.
1206 5630 1320 5686 Hoc
1363 5630 1602 5686 declarat
1637 5639 1857 5685 sanctus
1894 5629 2063 5686 Atha-

2175 4625 2277 4679 hoc
2320 4625 2631 4679 indecorum
2676 4633 2788 4690 est,
2830 4633 2885 4678 et
2922 4631 3109 4678 contra
3149 4621 3528 4677 auctoritatem
3569 4630 3629 4675 et
3663 4623 3759 4676 ho-

2174 4723 2437 4770 nestatem
2474 4723 2820 4779 sanctorum,
2861 4722 2922 4768 ut
2948 4714 3232 4784 episcopus
3258 4710 3422 4767 faciat
3448 4710 3572 4766 illos
3611 4726 3758 4766 men-

2174 4806 2356 4862 dicare
2393 4815 2658 4873 mortuos,
2697 4815 2754 4862 et
2785 4814 2907 4878 post
2934 4814 3162 4861 mortem
3189 4821 3253 4861 ea
3279 4819 3524 4875 quaerere
3552 4820 3674 4874 qua:
3704 4807 3755 4859 in

2173 4900 2282 4954 vita
2313 4915 2407 4955 sua
2440 4908 2694 4969 tanquam
2723 4907 2967 4954 stercora
2996 4907 3397 4968 contempsere,
3435 4897 3581 4951 sicut
3616 4906 3760 4968 patet

2175 5005 2275 5061 per
2302 4999 2544 5046 sanctum
2571 4989 2724 5058 cujus
2751 5005 2949 5061 corpus
2975 4990 3294 5045 collocatum
3323 4987 3549 5043 Parisiis
3591 4989 3645 5042 in
3670 5003 3753 5042 ar-

2175 5093 2366 5154 gentea
2404 5075 2658 5151 capsula,’
2687 5097 2807 5136 eam
2844 5081 3026 5135 statim
3069 5081 3235 5152 rupit,
3279 5078 3529 5135 similiter
3570 5087 3626 5134 et
3663 5093 3753 5131 au-

2172 5188 2341 5228 ream.
2386 5171 2624 5226 Tandem
2666 5171 2722 5225 in
2763 5171 2942 5242 lignea
2980 5171 3265 5241 requievit,
3308 5180 3368 5226 ut
3412 5170 3493 5226 sic
3540 5170 3754 5226 doceret

2172 5272 2419 5317 mortuus
2457 5270 2738 5333 argentum
2779 5262 3261 5327 contemnendum,
3293 5260 3436 5331 quod
3473 5261 3592 5332 ipse
3629 5276 3751 5317 con-

2172 5352 2393 5422 tempsit
2420 5352 2596 5407 vivus.
2641 5351 2755 5408 Hoc
2781 5353 2944 5407 etiam
2970 5359 3200 5408 testatus
3225 5361 3310 5408 est
3333 5346 3526 5407 beatus
3555 5351 3748 5407 Firmi-

2171 5458 2273 5497 nus
2301 5442 2700 5509 Ambianensis,
2741 5443 2868 5513 quia
2899 5457 3022 5498 cum
3059 5453 3359 5512 quaestores
3394 5440 3598 5498 vellent
3636 5439 3749 5508 ejus

2171 5551 2368 5606 corpus
2397 5551 2426 5591 a
2451 5536 2570 5592 loco
2596 5536 2842 5607 martyrii
2865 5535 2933 5590 ad
2973 5535 3056 5590 sic
3077 5534 3494 5589 mendicantium
3515 5530 3746 5596 deferre,

2171 5645 2278 5686 non
2323 5629 2499 5701 potuit
2536 5629 2605 5686 ab
2649 5627 2918 5700 aliquibus
2955 5642 2987 5684 a
3026 5626 3148 5685 loco
3192 5625 3285 5682 illo
3328 5625 3614 5698 asportari.
3657 5621 3747 5679 Sic

561 5775 594 5809 ι
623 5762 829 5838 Saepius
868 5766 956 5821 hic
1003 5773 1190 5822 auctor
1228 5781 1353 5822 suas
1396 5765 1790 5837 propositiones
1833 5778 1942 5822 nou
1973 5761 2177 5822 deﬁnit.
