4020 6360
191 289 340 345 1115

1359 285 1843 344 OBSERVATION
1850 287 1933 341 ES
1970 288 2060 344 ET
2102 287 2330 343 NOTIE.

3329 303 3466 359 illi

188 424 324 481 ergo
347 415 498 478 patet
520 404 661 476 quod
697 405 937 475 reliquiae
959 411 1157 460 sanctae
1178 418 1282 459 non
1308 412 1433 459 sunt
1459 403 1788 475 exponenda:
1812 403 1866 463 Δ
1892 401 2050 457 ﬁdem
2080 418 2229 458 suam
2250 404 2452 459 habere
2474 407 2799 474 mercedem,
2820 417 2873 462 et
2904 409 2958 464 in
2989 425 3150 465 sensu
3174 428 3271 469 suo
3296 416 3467 472 abun-

190 502 266 558 ad
295 500 729 556 mendicandum.

268 593 504 650 Candela
542 593 725 648 ardeat
764 594 853 646 ibi.
900 592 1095 646 Primis
1125 592 1377 646 Ecclesiae
1407 592 1615 646 saeculis
1650 607 1784 646 non-

188 686 324 743 dum
361 684 493 739 illud
524 685 577 738 in
606 700 704 738 usu
738 682 906 737 fuisse
930 683 1161 752 probant
1202 683 1509 736 testimonia
1534 682 1778 736 Patrum.

186 774 560 831 Tertullianus
586 777 639 829 in
665 773 1013 843 Apologetico
1043 791 1055 825 :
1094 792 1111 823 ‹
1145 771 1253 827 Cur
1276 773 1362 827 die
1391 773 1512 827 lmto
1537 789 1641 827 non
1668 764 1785 827 lau-

186 869 306 925 reis
348 878 529 938 postes
561 866 981 923 obumbramus?
1018 881 1117 921 nec
1146 865 1381 920 lucernis
1410 867 1550 919 diem
1593 865 1785 919 infrin-

186 961 411 1032 gimus?
438 969 544 1014 etc.
580 958 711 1026 Quis
742 958 886 1012 enim
921 958 1301 1028 philosophum
1330 958 1658 1024 sacriﬁcare,
1692 966 1784 1013 aut

184 1051 446 1106 lucernas
486 1050 712 1104 meridie
749 1064 916 1103 vanas
954 1050 1280 1118 prostituere
1314 1049 1620 1120 compellit?
1654 1069 1673 1101 ι
1718 1050 1785 1104 Et

183 1145 287 1199 lib.
330 1144 394 1197 de
427 1142 731 1196 idololatria
768 1159 780 1195 :
823 1160 841 1192 ι
876 1141 1192 1196 Accendunt
1225 1142 1392 1210 igitur
1431 1141 1671 1210 quotidie
1705 1141 1785 1196 lu-

181 1251 408 1301 cernas,
436 1235 632 1304 quibus
658 1234 749 1289 lux
780 1234 925 1288 nulla
956 1238 1056 1290 est".
1092 1254 1110 1286 ι
1148 1234 1484 1298 Lactantius,
1518 1234 1609 1288 lib.
1642 1251 1691 1289 γι
1719 1234 1784 1290 de

182 1342 323 1381 vero
368 1327 513 1380 cultu
556 1345 568 1379 :
608 1345 626 1376 ι
668 1326 983 1380 Accendunt
1024 1325 1227 1379 lumina
1257 1326 1402 1380 velut
1446 1313 1521 1379 in‘
1544 1326 1783 1382 tenebris

184 1419 391 1489 agenti,
430 1426 532 1472 etc.
569 1418 665 1473 Vel
698 1419 741 1472 si
773 1418 995 1472 cceleste
1025 1417 1229 1483 lumen,
1262 1417 1406 1487 quod
1440 1417 1668 1472 dicimus
1696 1432 1783 1473 so-

182 1510 317 1575 lem,
346 1509 703 1579 eontemplari
730 1510 927 1575 velint,
964 1512 1075 1580 jam
1106 1511 1344 1565 sentiant
1373 1512 1516 1581 quod
1557 1526 1663 1565 non
1700 1511 1783 1565 in-

184 1603 371 1673 digeat
397 1603 632 1658 lucernis
660 1618 846 1658 eorum
878 1605 1038 1667 Deus,
1070 1604 1162 1673 qui
1196 1604 1309 1673 ipse
1336 1605 1389 1658 in
1419 1620 1576 1659 usum
1608 1604 1783 1658 homi-

184 1694 275 1747 nis
299 1702 407 1747 tam
431 1693 652 1761 claram,
680 1701 789 1747 tam
811 1695 1094 1749 candidam
1118 1694 1292 1749 lucem
1317 1694 1485 1760 dedit,
1509 1703 1615 1749 etc.
1641 1695 1780 1749 Num

1885 493 2045 560 dare;
2090 495 2143 551 id
2181 502 2290 560 est,
2322 504 2413 561 ut,
2454 497 2657 567 optime
2684 499 2909 568 exponit
2934 500 3264 571 Augustinus
3294 507 3344 559 iu
3375 523 3461 578 ep.

1887 586 2011 653 120,
2039 602 2089 641 c.
2120 588 2208 653 18,
2240 603 2398 642 unam
2432 588 2486 641 in
2521 588 2606 644 his
2631 589 3042 647 saluberrimam
3072 595 3310 665 regulam
3341 599 3469 653 reti-

1884 680 2113 733 nendam
2150 693 2289 745 esse,
2318 689 2377 733 ut
2410 695 2529 750 quae
2568 697 2672 736 nou
2714 691 2840 737 sunt
2866 693 3054 739 contra
3086 685 3270 754 ﬁdem,
3296 703 3470 759 neque

1885 780 2070 827 contra
2112 773 2281 827 bonos
2319 787 2519 837 mores,
2558 783 2612 828 et
2645 775 2844 830 habent
2879 777 3079 846 aliquid
3118 779 3184 833 ad
3219 781 3472 835 exhorta-

1878 867 2088 941 tionem
2129 867 2253 921 vitae
2296 866 2558 932 melioris,
2612 868 2915 938 ubicunque
2954 870 3163 925 institui
3200 872 3468 938 videmus,

1884 959 1969 1013 vel
1998 958 2244 1012 instituta
2274 959 2670 1028 cognoscimus,
2704 974 2810 1013 non
2853 958 3026 1013 solum
3064 975 3169 1014 non
3202 960 3472 1029 improbe-

1883 1069 2025 1117 mus,
2065 1053 2158 1107 sed
2196 1053 2360 1106 etiam
2406 1051 2672 1106 laudando
2714 1059 2768 1107 et
2807 1051 3065 1107 imitando
3099 1061 3392 1119 sectemur,
3424 1052 3471 1111 si

1884 1143 2186 1212 aliquorum
2235 1142 2522 1197 inﬁrmitas
2567 1157 2674 1196 non
2726 1143 2798 1196 ita
2849 1143 3092 1213 impedit,
3135 1150 3196 1197 ut
3241 1143 3473 1212 amplius

1885 1237 2265 1290 detrimentum
2295 1235 2385 1290 sit.
2425 1236 2502 1289 lta
2531 1235 2695 1305 igitur
2719 1235 3058 1290 sentiendum
3089 1244 3171 1291 est
3201 1238 3267 1292 de
3293 1236 3472 1291 lucer-

1883 1328 1970 1382 nis
2007 1342 2126 1396 qua:
2165 1327 2530 1381 accenduntur
2570 1327 2684 1381 sole
2722 1327 2996 1393 rutilante,
3030 1343 3135 1382 non
3178 1329 3361 1397 utique
3405 1328 3471 1382 ad

1884 1419 2147 1490 fugandas
2186 1421 2458 1485 tenebras,
2503 1420 2596 1474 sed
2642 1419 2709 1473 ad
2756 1420 2966 1491 signum
3013 1421 3213 1475 laetitiae
3253 1422 3473 1477 demon-

1883 1511 2181 1566 strandum.
2252 1511 2450 1567 Verum
2511 1511 2708 1581 quibus
2772 1512 3116 1581 potissimum
3179 1513 3473 1570 luminibus

1884 1605 2261 1674 splendescere
2314 1606 2506 1659 debeat
2555 1606 2819 1671 ecclesia,
2876 1606 3161 1661 admodum
3214 1607 3473 1677 praeclare

1885 1698 2161 1752 declarant
2196 1706 2415 1752 sanctus
2442 1697 2735 1768 Gregorius
2774 1698 3144 1755 Nazianzenus
3171 1709 3223 1755 et
3255 1711 3474 1758 sanctus

188 1783 361 1853 igitur
390 1784 588 1838 mentis
624 1801 735 1839 suae
770 1800 991 1854 compos
1018 1787 1289 1856 putandus
1328 1796 1412 1841 est
1439 1788 1529 1857 qui
1572 1790 1782 1843 auctori
1810 1762 1859 1823 Β
1888 1790 1936 1845 J.
1968 1791 2403 1861 Chrysostomus,
2435 1762 2661 1859 quorum
2690 1793 2841 1861 prior
2862 1794 2940 1848 sic
2969 1794 3022 1846 in
3049 1794 3295 1849 oratione
3320 1794 3353 1848 4
3381 1797 3475 1849 ad-

185 1885 246 1933 et
272 1877 452 1931 datori
494 1876 733 1942 luminis,
777 1877 1125 1932 candelarum
1169 1893 1233 1934 ac
1275 1894 1556 1935 cereorum
1603 1880 1785 1935 lumen

183 1967 352 2025 offert
378 1983 479 2038 pro
510 1969 765 2023 munere?
800 1989 817 2021 ι
848 1968 1004 2024 Circa
1034 1970 1137 2024 hoc
1168 1978 1378 2041 tempus
1409 1972 1551 2025 inter
1576 1971 1786 2025 Tertul-

186 2061 395 2115 lianum
427 2070 481 2116 et
514 2060 857 2116 Laetantium
885 2062 1076 2117 Patres
1105 2063 1320 2117 concilii
1346 2063 1662 2118 Eliberitani
1698 2079 1787 2118 ce-

190 2170 414 2210 reorum
453 2170 553 2225 per
592 2155 735 2209 diem
780 2172 953 2218 usum,
1003 2165 1095 2209 aut
1135 2157 1315 2225 potius
1357 2138 1584 2210 abusum
1618 2157 1785 2212 inter-

187 2251 444 2306 dixerunt
470 2265 591 2303 can.
624 2248 693 2303 34-
726 2269 737 2304 :
777 2269 795 2299 ‹
829 2248 1030 2304 Cereos
1059 2266 1156 2320 per
1190 2251 1331 2305 diem
1360 2250 1562 2320 placuit
1592 2251 1644 2304 in
1676 2266 1785 2306 coe-

188 2344 421 2398 meterio
458 2358 563 2397 non
600 2343 843 2407 incendi,
887 2352 1025 2409 etc.;
1076 2364 1094 2395 )
1137 2352 1191 2398 et
1231 2360 1349 2399 can.
1394 2345 1462 2399 57
1494 2362 1506 2397 :
1542 2362 1561 2395 ι
1593 2344 1785 2399 Prohi-

186 2434 423 2491 bendum
440 2435 606 2489 etiam
628 2450 694 2489 ne
716 2434 967 2490 lucernas
986 2435 1039 2490 hi
1062 2436 1274 2506 publice
1291 2437 1606 2501 accendant,
1634 2456 1651 2487 ›
1675 2445 1778 2492 etc.

186 2526 385 2583 Postea
417 2530 598 2582 tamen
623 2542 753 2581 usus
778 2527 944 2595 ccepit
971 2542 1124 2592 esse;
1180 2541 1340 2597 quem
1371 2542 1494 2581 cum
1520 2527 1783 2582 acerrime

187 2620 344 2692 quasi
374 2619 735 2674 idololatriaru
773 2617 1056 2673 damnaret
1092 2617 1432 2688 Vigilantius,
1475 2619 1553 2672 sic
1588 2616 1785 2672 refelli-

192 2723 279 2767 tur
306 2714 376 2768 ab
406 2712 756 2782 Hieronymo,
796 2712 851 2765 in
891 2711 1115 2782 epistola
1155 2726 1318 2780 quam
1358 2710 1617 2765 adversus
1659 2725 1783 2765 eum

203 2807 414 2875 scripsit
438 2824 451 2858 :
481 2824 498 2855 ί
530 2804 729 2859 Cereos
750 2813 931 2859 autem
956 2819 1062 2858 non
1091 2804 1235 2858 clara
1267 2804 1386 2859 luce
1414 2804 1780 2869 accendimus,

201 2900 340 2954 sicut
365 2900 557 2954 frustra
579 2899 963 2965 calumniaris;
993 2899 1087 2954 sed
1112 2908 1174 2952 ut
1200 2900 1374 2955 noctis
1404 2900 1656 2955 tenebras
1680 2901 1785 2955 hoc

197 2992 393 3047 solatio
428 3000 802 3061 temperemus,
837 3001 892 3046 et
917 2992 1203 3059 vigilemus
1231 2992 1297 3046 ad
1328 2992 1532 3057 lumen,
1566 3009 1633 3047 ne
1657 2994 1784 3048 caeci

194 3093 370 3139 tecum
404 3082 734 3138 dormiamus
759 3084 809 3138 in
838 3084 1091 3137 tenebris.
1119 3083 1273 3151 Quod
1301 3083 1345 3139 si
1371 3083 1536 3153 aliqui
1562 3093 1784 3154 propter

192 3176 517 3244 imperitiam
536 3185 591 3232 et
605 3178 1001 3247 simplicitatem
1023 3180 1363 3234 saecularium
1381 3180 1681 3247 hominum,
1696 3182 1782 3236 vel

188 3280 332 3326 certe
358 3270 732 3341 religiosarum
763 3271 1105 3337 feminarum,
1134 3273 1198 3327 de
1225 3273 1420 3341 quibus
1440 3288 1568 3327 vere
1592 3290 1782 3344 possu-

185 3380 308 3420 mus
340 3365 564 3419 dicere:
595 3364 886 3428 Conﬁteor,
921 3366 1097 3419 zelum
1136 3367 1227 3419 Dei
1272 3366 1494 3428 habent,
1536 3367 1632 3421 sed
1674 3382 1782 3421 non

185 3460 484 3515 secundum
528 3458 831 3523 scientiam,
865 3460 967 3513 hoc
1004 3474 1102 3528 pro
1142 3459 1345 3513 honore
1374 3466 1672 3528 martyrum
1702 3456 1783 3512 fa-

184 3553 353 3613 ciunt,
405 3550 534 3619 quid
580 3550 705 3604 inde
751 3550 965 3621 perdis?
1002 3551 1381 3606 Causabantur
1427 3553 1695 3621 quondam
1725 3558 1784 3606 et

186 3642 441 3712 apostoli,
476 3642 620 3711 quod
649 3644 855 3712 periret
883 3653 1214 3715 unguentum
1235 3686 1249 3709 ,
1283 3646 1376 3700 sed
1406 3645 1619 3698 Domini
1650 3658 1783 3699 voce

181 3734 424 3804 correpti
468 3744 610 3788 sunt.
668 3734 853 3805 Neque
899 3736 1043 3789 enim
1093 3735 1341 3790 Christus
1374 3735 1650 3806 indigebat
1682 3751 1783 3789 un-

182 3833 409 3895 guento,
454 3841 553 3881 nec
588 3835 859 3896 martyres
900 3827 1103 3881 lumine
1135 3842 1417 3882 cereorum
1461 3846 1472 3880 :
1517 3835 1571 3881 et
1600 3838 1783 3883 tamen

181 3918 275 3972 illa
316 3917 513 3972 mulier
555 3919 609 3972 in
652 3906 858 3972 honore
884 3917 1084 3972 Christi
1132 3918 1232 3972 hoc
1270 3916 1419 3981 fecit,
1460 3919 1783 3989 dca'otioque

178 4009 389 4063 mentis
429 4006 547 4076 ejus
584 4009 858 4078 recipitur.
899 4009 966 4062 Et
1009 4009 1314 4079 quicunque
1352 4011 1654 4065 accendunt
1696 4024 1784 4065 ce—

181 4115 335 4165 reos,
373 4099 666 4154 secundum
712 4099 872 4155 ﬁdem
913 4115 1067 4153 suam
1106 4101 1306 4155 habent
1346 4102 1671 4167 mercedem,
1704 4102 1783 4157 di—

178 4199 348 4246 cente
383 4190 640 4273 Apostolo
678 4211 689 4245 :
732 4188 1096 4262 Unusquisque
1125 4194 1183 4246 in
1218 4209 1315 4247 suo
1344 4210 1499 4247 sensu
1530 4193 1778 4247 abundet.

178 4283 508 4339 ldololatras
550 4284 786 4355 appellas
828 4283 1135 4353 bujusmodi
1172 4286 1453 4342 homines?
1492 4287 1609 4342 Non
1647 4285 1783 4341 difﬁ-

176 4388 329 4442 teor,
365 4393 554 4432 omnes
578 4394 676 4433 nos
703 4379 795 4448 qui
834 4380 887 4432 in
917 4377 1134 4434 Christo
1159 4380 1431 4435 credimus
1463 4378 1529 4434 de
1560 4378 1783 4433 idolola-

178 4472 293 4525 tria
338 4470 570 4525 venisse.
623 4469 737 4525 Non
780 4472 923 4525 enim
971 4471 1265 4535 nascimur,
1309 4470 1401 4526 sed
1447 4470 1782 4525 renascimur

175 4563 509 4619 Christiani.
542 4563 610 4618 Et
637 4563 762 4632 quia
791 4564 1064 4634 quondam
1106 4564 1414 4619 colebamus
1444 4563 1606 4627 idola,
1640 4578 1782 4617 nunc

176 4654 361 4710 Deum
393 4654 571 4709 colere
611 4671 718 4709 non
750 4654 1030 4720 debemus,
1061 4671 1130 4709 ne
1159 4654 1317 4709 simili
1349 4671 1471 4709 eum
1501 4655 1782 4709 videamur

174 4762 311 4803 cum
361 4747 518 4803 idolis
552 4750 759 4804 honore
804 4748 1092 4803 venerari?
1137 4748 1249 4803 Hoc
1293 4747 1456 4803 ﬁebat
1507 4748 1685 4812 idolis,
1728 4758 1783 4801 et

175 4840 394 4895 idcirco
424 4840 796 4895 detestandum
826 4850 939 4906 est;
976 4840 1081 4895 hoc
1128 4838 1190 4894 ﬁt
1230 4838 1581 4910 martyribus,
1609 4848 1665 4894 et
1702 4840 1783 4896 id-

176 4937 339 4993 circo
374 4936 739 5006 recipiendum
768 4943 870 4990 est.

262 5045 283 5078 ‹
334 5025 474 5081 Nam
517 5034 572 5080 et
616 5027 822 5096 absque
868 5031 1166 5098 martyrum
1216 5026 1459 5095 reliquiis
1503 5042 1600 5096 per
1639 5034 1781 5081 totas

176 5118 430 5176 Orientis
451 5118 731 5183 ecclesias,
756 5119 971 5187 quando
996 5118 1278 5188 legendum
1302 5126 1385 5172 est
1405 5117 1778 5188 Evangelium,

176 5207 564 5263 accenduntur
592 5208 878 5262 luminaria
910 5206 1025 5276 jam
1066 5208 1175 5263 sole
1202 5208 1456 5261 rutilante
1492 5223 1506 5261 :
1545 5226 1649 5262 non
1679 5210 1781 5263 uti-

176 5314 293 5369 que
322 5300 389 5352 ad
419 5298 682 5370 fugandas
707 5299 979 5365 tenebras,
1008 5299 1100 5353 sed
1134 5299 1198 5353 ad
1226 5298 1436 5369 signum
1467 5298 1665 5353 laetitiae
1689 5298 1782 5353 de-

176 5393 627 5448 monstrandum.
656 5390 811 5447 Unde
835 5401 889 5446 et
910 5392 1149 5463 virgines
1169 5391 1272 5447 illae
1295 5393 1615 5463 evangelica:
1640 5409 1781 5447 sem-

177 5501 287 5556 per
309 5484 513 5539 habent
544 5499 803 5539 accensas
831 5484 1105 5563 lampades
1136 5500 1281 5539 suas.
1323 5484 1388 5538 Et
1418 5484 1483 5539 ad
1511 5484 1781 5554 apostolos

180 5577 430 5633 dicitur:
465 5574 587 5631 Sint
621 5575 784 5630 lumbi
818 5576 974 5629 vestri
1001 5577 1299 5646 pra’cincti,
1351 5587 1399 5630 et
1439 5576 1665 5631 lacerna:
1694 5594 1781 5631 ar-

178 5670 371 5724 dentes
398 5669 456 5723 in
492 5667 733 5722 manibus
762 5666 967 5731 vestris,
1013 5674 1119 5721 etc.
1158 5687 1176 5718 ι
1212 5666 1442 5723 Omnino
1482 5668 1779 5723 notandum

184 5770 275 5818 est
303 5762 449 5833 quod
477 5760 838 5831 Hieronymus
857 5757 993 5816 dicit
1018 5774 1457 5830 unumquemque
1485 5761 1777 5819 secundum

1811 3131 1858 3196 C

1888 1898 2078 1939 versus
2107 1882 2397 1937 lulianum.
2434 1901 2453 1933 ι
2489 1882 2601 1937 Nec
2628 1883 2825 1937 visibili
2866 1884 3066 1939 lumine
3102 1885 3478 1955 splendescant

1889 1976 2098 2040 domus,
2128 1990 2226 2029 nec
2254 1975 2533 2029 tibicinum
2560 1983 2720 2030 cantu
2744 1975 3129 2046 plausibusque
3154 1984 3473 2046 personent;

1888 2066 1992 2121 hoc
2036 2066 2181 2120 enim
2235 2080 2387 2119 more
2430 2065 2659 2137 gentiles
2701 2081 2855 2120 nova:
2904 2064 3045 2120 lunae
3092 2064 3289 2120 festum
3335 2064 3479 2124 cele-

1886 2157 2065 2211 brant.
2110 2156 2179 2211 At
2208 2173 2307 2211 nos
2336 2173 2402 2213 ne
2431 2159 2835 2213 committamus
2875 2167 2934 2211 ut
2974 2157 3042 2212 ad
3080 2159 3222 2214 hunc
3261 2159 3480 2215 modum

1887 2248 2058 2303 Deum
2085 2250 2436 2315 honoremus,
2470 2265 2533 2303 ac
2564 2265 2803 2320 praesens
2832 2257 3042 2319 tempus
3074 2251 3139 2306 iis
3168 2252 3329 2305 rebus
3361 2265 3480 2320 quae

1888 2341 2109 2395 minime
2149 2342 2360 2405 decent,
2407 2341 2765 2408 extollamus;
2817 2342 2911 2396 sed
2956 2342 3119 2395 animi
3161 2343 3394 2410 puritate
3426 2351 3480 2396 et

1886 2433 2083 2486 mentis
2111 2431 2407 2498 hilaritate,
2438 2441 2494 2487 et
2528 2432 2763 2488 lucernis
2794 2440 2964 2488 totum
3002 2432 3255 2487 Ecclesiae
3282 2449 3479 2503 corpus

1887 2524 2304 2587 illustrantibus,
2337 2525 2441 2579 hoc
2480 2533 2584 2589 est,
2628 2524 2827 2579 divinis
2855 2524 3402 2594 contemplationibus
3427 2533 3482 2578 et

1887 2615 2326 2685 cogitatioiiibus,
2359 2630 2478 2684 quae
2499 2631 2661 2685 super
2691 2624 2939 2671 sanctum
2969 2615 3350 2670 candelabrum
3376 2631 3477 2670 ex-

1887 2708 2142 2773 citantur,
2165 2716 2328 2778 atque
2356 2708 2665 2762 universum
2699 2716 2969 2763 terrarum
3000 2707 3186 2762 orbem
3213 2707 3331 2761 luce
3356 2721 3479 2778 per-

1887 2797 2135 2853 fundunt.
2177 2819 2193 2850 ι
2228 2799 2360 2854 Vide
2394 2797 2551 2853 Joan.
2578 2798 3025 2870 Chrysostomum
3051 2799 3107 2854 in
3136 2798 3357 2854 homilia
3384 2797 3476 2868 20,

1887 2889 1953 2943 ad
1982 2890 2238 2960 populum
2266 2891 2683 2946 Antiochenum.

1957 2981 2179 3037 Incensa
2208 2986 2502 3055 aspergitur
2539 2984 2777 3039 ecclesia.
2820 2983 3176 3040 Judicandum
3216 2985 3283 3040 de
3322 2966 3505 3039 thure‘

1888 3081 1944 3125 et
1980 3073 2199 3128 incenso
2239 3075 2465 3144 perinde
2508 3090 2573 3129 ac
2613 3074 2682 3129 de
2721 3075 2979 3130 lucernis.
3022 3076 3212 3131 Patres
3252 3074 3480 3143 antiqui,

1889 3167 2192 3236 prmsertim
2231 3167 2432 3232 Latini,
2475 3168 2614 3222 ritus
2641 3169 2836 3238 quibus
2874 3169 3066 3241 pagani
3109 3169 3401 3223 utebantur
3428 3168 3481 3222 in

1890 3258 2193 3321 sacriﬁciis,
2226 3258 2361 3312 adeo
2406 3258 2760 3329 refugiebant,
2792 3261 3089 3329 ut‘quidam
3130 3261 3197 3315 ab
3228 3261 3294 3315 iis
3324 3260 3483 3316 rebus

1888 3348 2250 3401 abstinuerint
2289 3363 2426 3417 quas
2453 3349 2724 3416 posterius
2763 3351 2902 3404 bona
2932 3349 3359 3404 Christianorum
3400 3349 3483 3404 in-

1886 3441 2056 3494 tentio
2084 3440 2305 3494 invexit.
2335 3439 2703 3496 Tertullianus
2726 3442 2780 3495 in
2810 3441 3179 3511 Apologetico,
3210 3456 3327 3511 cap.
3360 3440 3431 3496 30
3462 3456 3478 3495 :

1895 3551 1913 3584 ι
1948 3533 2049 3599 Ουι
2078 3534 2127 3587 ei
2158 3532 2326 3588 offero
2353 3535 2588 3603 opimam
2626 3542 2680 3589 et
2715 3536 2972 3605 majorem
3009 3536 3273 3601 hostiam,
3314 3549 3478 3605 quam

1887 3627 2003 3697 ipse
2025 3627 2321 3693 mandavit,
2349 3630 2649 3682 orationem
2678 3629 2744 3683 de
2772 3645 2938 3685 carne
2966 3629 3177 3699 pudica,
3209 3630 3273 3684 de
3301 3630 3482 3683 anima

1886 3718 2181 3783 innocenti,
2228 3720 2294 3774 de
2338 3721 2531 3790 spiritu
2573 3729 2761 3775 sancto
2802 3720 3141 3791 profectam:
3175 3738 3281 3776 non
3312 3738 3482 3793 grana

1888 3813 2064 3868 thuris
2090 3814 2253 3868 unius
2282 3814 2421 3869 assis
2452 3831 2463 3867 :
2496 3830 2602 3868 non
2630 3813 2877 3869 Arabicae
2908 3815 3120 3869 arboris
3138 3814 3431 3886 lacrymas.
3457 3835 3477 3866 ι

1887 3915 1991 3961 etc.
2024 3906 2231 3976 Etcap.
2257 3908 2318 3961 41
2344 3925 2354 3960 :
2385 3924 2403 3957 ι
2438 3906 2621 3961 Thura
2648 3906 2805 3975 plane
2834 3923 2940 3961 non
2968 3907 3215 3962 emimus.
3251 3928 3268 3959 ι
3302 3906 3483 3962 Arno-

1886 3998 2009 4054 bius
2035 3999 2130 4053 lib.
2159 4014 2233 4053 vn
2263 3998 2521 4054 adversus
2548 3997 2750 4053 Gentes
2781 4017 2792 4052 :
2830 4018 2848 4049 ‹
2885 3997 2979 4053 Sin
3009 4008 3190 4054 autem
3220 3998 3481 4070 tempori—

1885 4089 1987 4145 bus
2014 4090 2231 4159 priscis,
2260 4104 2435 4158 neque
2484 4089 2751 4155 homines,
2797 4104 2970 4159 neque
3001 4090 3075 4144 dii
3120 4089 3281 4159 hujus
3312 4089 3485 4144 thuris

1888 4183 2195 4251 expetivere
2221 4182 2527 4248 materiam,
2571 4181 2958 4252 comprobatur
2997 4190 3050 4236 et
3092 4180 3252 4235 hodie
3281 4180 3481 4233 frustra

1886 4276 2019 4331 illud
2063 4276 2407 4345 inaniterque
2454 4276 2732 4345 praestari;
2781 4275 2924 4344 quod
2970 4287 3144 4342 neque
3188 4270 3483 4339 antiquitas

1888 4370 2253 4423 necessarium
2280 4367 2531 4433 credidit,
2560 4375 2617 4422 et
2642 4367 2759 4422 sine
2782 4365 2906 4419 ullis
2934 4365 3146 4419 novitas
3181 4360 3482 4417 rationibus

1806 4497 1861 4557 Β
1889 4463 2167 4534 appetivit,
2213 4472 2315 4518 etc.
2358 4461 2718 4524 Honoramus,
2765 4459 2971 4528 inquiet
3001 4456 3199 4527 aliquis
3226 4454 3478 4520 fortasse,

1888 4557 1974 4611 his
2003 4557 2154 4620 deos,
2185 4563 2291 4610 etc.
2324 4554 2391 4608 Et
2416 4555 2624 4623 pietas!
2656 4561 2890 4622 quantus
2912 4550 3013 4604 iste
3033 4557 3116 4603 est
3139 4549 3333 4613 honor,
3362 4555 3479 4612 aut,

1884 4649 2080 4719 qualis,
2105 4649 2198 4718 qui
2221 4662 2286 4702 ex
2316 4646 2456 4717 ignis
2480 4647 2646 4701 odore
2668 4643 2953 4697 conﬁcitur
2979 4650 3033 4696 et
3062 4640 3241 4696 resina
3269 4637 3482 4693 arboris

1886 4753 2252 4813 comparatur.
2286 4739 2419 4794 Nam
2451 4753 2519 4792 ne
2549 4738 2689 4791 forte
2734 4736 2995 4807 ignoretis
3033 4734 3162 4804 quid
3203 4741 3296 4787 aut
3336 4731 3478 4786 unde

1884 4834 1956 4888 sit
1985 4834 2111 4887 thus
2137 4831 2279 4886 istud
2307 4849 2318 4883 :
2348 4830 2557 4883 viscum
2579 4836 2663 4883 est
2686 4827 2977 4881 corticibus
3000 4822 3295 4895 proﬂuens,
3325 4842 3344 4876 ι
3370 4829 3480 4877 etc.

1883 4930 2178 5000 Antiquum
2221 4936 2402 4981 tamen
2443 4924 2584 4995 apud
2611 4924 2830 4979 Graecos
2870 4921 3047 4975 thuris
3088 4918 3294 4974 incensi
3320 4931 3478 4972 usum

1884 5021 2137 5092 colligere
2184 5018 2309 5073 licet
2359 5033 2425 5072 ex
2477 5016 2776 5073 canonibus
2829 5014 3057 5069 vetustis
3106 5012 3206 5067 sub
3260 5009 3480 5065 nomine

1886 5115 2270 5187 apostolorum.
2301 5113 2415 5168 Hoc
2443 5121 2625 5167 autem
2653 5111 2817 5165 habet
2846 5122 3019 5163 canon
3045 5107 3079 5161 5
3108 5124 3120 5157 :
3160 5124 3178 5155 ‹
3212 5102 3291 5158 Ne
3320 5102 3480 5157 liceat

1885 5207 2089 5277 aliquid
2114 5206 2259 5261 aliud
2292 5206 2357 5260 ad
2385 5204 2557 5258 altare
2582 5200 2797 5265 offerre,
2831 5212 2995 5269 quam
3021 5196 3199 5251 oleum
3229 5194 3297 5249 ad
3323 5192 3477 5247 lumi-

1884 5315 2038 5366 nare,
2085 5307 2139 5353 et
2185 5300 2466 5353 incensum
2512 5306 2755 5365 tempore
2803 5299 3004 5347 sanctae
3046 5288 3355 5353 oblationis,
3399 5308 3479 5342 και

1883 5396 2111 5464 θυμίαμα
2133 5388 2205 5466 τῷ
2231 5398 2406 5465 χαιρῷ
2433 5398 2524 5450 τῆς
2548 5388 2698 5463 ἁγίας
2724 5389 3043 5461 προσφορᾶς.
3094 5382 3163 5437 Ει
3199 5393 3326 5436 sane
3363 5378 3477 5431 lau-

1885 5484 2079 5539 dabilis
2106 5498 2256 5547 usus,
2305 5482 2398 5551 qui
2447 5479 2717 5550 signiﬁcat
2760 5478 3063 5533 orationem
3104 5482 3346 5529 nostram
3383 5468 3477 5524 de-

1883 5579 2014 5633 bere
2042 5591 2160 5631 esse
2185 5577 2464 5629 incensum
2490 5573 2543 5626 in
2574 5579 2867 5641 conspectu
2899 5570 3015 5625 Dei.
3067 5564 3219 5634 Quod
3240 5560 3476 5618 Joannes

1885 5668 2303 5739 Chrysostomus
2328 5674 2382 5720 et
2412 5664 2503 5719 alii
2536 5662 2725 5718 Patres
2755 5660 2928 5717 Graeci
2970 5659 3162 5729 szepius
3198 5660 3472 5725 repetunt.

1885 5758 2246 5827 Quamobrem
2298 5757 2345 5814 si
2398 5756 2602 5827 majora
2655 5754 2953 5810 studiorum
3005 5750 3157 5805 lucra
3206 5744 3473 5817 speranda
