4020 6360
589 226 730 288 1115

1693 228 1789 285 AD
1826 218 2372 283 PGENITENTIALE
2411 219 2764 281 THEODORI

3737 226 3873 286 Hi6

587 354 731 423 sint,
774 366 937 426 quam
980 351 1436 411 calumniatorum
1484 350 1808 406 detrimenta
1858 343 2141 403 metuenda
2162 386 2177 411 ,
2209 343 2257 406 Α
2285 344 2411 397 dum
2469 342 2705 398 debitam
2755 344 2975 401 Christo
3027 346 3340 403 reddiderat
3371 348 3657 405 animam:
3713 351 3872 409 etiam

587 448 708 507 sine
736 445 1076 504 dubitatione
1104 442 1411 503 faciendum
1441 453 1554 511 est,
1595 444 1736 500 sicut
1770 441 2012 514 loquitur
2048 456 2174 497 san-

588 547 711 601 ctus
745 537 1079 609 Augustinus
1122 538 1178 592 in
1218 535 1444 607 epistola
1474 533 1541 589 ad
1577 531 1912 589 Ianuarium.
1955 532 2061 588 Sed
2091 532 2177 587 nl-

588 636 753 692 miam
786 634 943 697 istius
971 633 1113 687 modi
1150 631 1352 686 rituum
1381 630 1591 703 copiam
1626 628 1785 700 paulo
1812 635 1934 700 post
1961 635 2179 683 sanctus

587 725 921 798 Augustinus
948 724 1218 799 vituperat
1253 737 1372 794 cap.
1408 721 1474 777 19
1509 719 1749 790 ejusdem
1788 720 2059 791 epistolae,
2094 720 2179 775 his

587 819 769 877 verbis
800 837 812 875 :
855 836 873 868 ι
911 816 1017 873 Sed
1056 817 1158 873 hoc
1196 816 1359 873 nimis
1395 815 1575 896 doleo.
1591 815 1717 887 quia
1759 813 1924 870 multa
1964 830 2084 885 qua:
2123 812 2178 869 in

588 910 787 968 divinis
822 909 975 965 libris
1014 909 1372 965 saluberrime
1399 918 1666 981 prmcepta
1695 917 1847 970 sunt,
1879 907 2059 962 minus
2085 922 2180 961 cu-

588 1013 801 1069 rantur,
832 1010 936 1058 etc.
968 1001 1226 1072 Quamvis
1253 1001 1400 1056 enim
1430 1017 1604 1074 neque
1639 1001 1745 1055 hoc
1778 1000 2019 1059 invenire
2056 1014 2179 1069 pos-

589 1098 682 1163 sit,
713 1095 983 1169 quomodo
1020 1094 1211 1150 contra
1241 1094 1401 1149 fidem
1440 1094 1577 1157 sint;
1624 1093 1793 1162 ipsam
1835 1100 2011 1145 tamen
2054 1089 2179 1145 reli-

585 1192 821 1265 gionem,
871 1205 1034 1261 quam
1078 1188 1419 1265 paucissimis
1459 1195 1515 1244 et
1561 1185 2014 1242 manifestissimis
2041 1184 2180 1239 cele-

584 1285 894 1340 brationum
924 1250 1280 1340 sacramentis
1302 1283 1673 1339 misericordia
1695 1282 1788 1336 Dei
1812 1298 1931 1336 esse
1952 1281 2178 1335 liberam

583 1378 772 1447 voluit,
818 1378 1105 1435 servilibus
1134 1378 1391 1433 oneribus
1431 1386 1703 1447 premunt,
1746 1385 1805 1431 ut
1846 1373 2179 1431 tolerabilior

584 1470 655 1526 sit
681 1471 919 1527 conditio
944 1470 1276 1549 Judteorum,
1304 1471 1396 1541 qui
1427 1470 1642 1524 etiamsi
1670 1478 1881 1539 tempus
1910 1467 2177 1522 libertatis

582 1566 709 1625 non'
733 1565 1083 1637 agnoverint,
1124 1564 1383 1635 legalibus
1415 1571 1596 1617 tamen
1634 1561 1882 1625 sarcinis,
1924 1576 2030 1615 non
2071 1559 2175 1614 hu-

581 1655 758 1709 manis
785 1655 1297 1729 praasumptionibus
1323 1651 1697 1721 subjiciuntur.
1738 1672 1756 1702 ι
1793 1650 1927 1705 Vide
1957 1664 2173 1721 quoque

581 1743 863 1815 epistolam
901 1745 1144 1801 Leonisl
1177 1744 1244 1797 ad
1271 1744 1551 1798 universos
1589 1741 1873 1812 episc0pos
1905 1756 2000 1815 per
2032 1739 2171 1795 Sici-

580 1836 708 1903 liam
727 1839 1088 1917 .constitutos,
1116 1854 1235 1909 cap.
1267 1839 1320 1893 2.

650 1927 839 1983 Laicus
899 1945 1001 1982 non
1056 1928 1201 1982 debet
1247 1929 1303 1985 in
1340 1925 1570 1981 ccclesiis
1617 1924 1890 1979 lectionem
1925 1922 2167 1977 recitare.

578 2019 740 2078 Hunc
800 2022 1046 2079 ordinem
1089 2022 1202 2097 jam
1256 2037 1355 2077 suo
1407 2029 1650 2091 tempore
1704 2016 2002 2073 stabilitum
2050 2030 2170 2070 esse

578 2123 764 2184 aperte
789 2114 1030 2171 declarat
1069 2116 1479 2186 antiquissimus
1524 2112 1666 2185 apud
1715 2111 1937 2167 Latinos
1981 2109 2170 2165 Patres

576 2207 962 2272 Tertullianus,
1009 2207 1100 2278 qui
1143 2207 1477 2262 contrarium
1506 2220 1665 2260 usum
1709 2204 1929 2258 damnat
1974 2202 2028 2256 in
2064 2201 2169 2257 Ec-

576 2297 742 2354 clesia
791 2297 1171 2353 haereticorum
1210 2312 1330 2369 cap.
1361 2296 1425 2350 41
1459 2314 1472 2351 :
1528 2314 1547 2348 ι
1595 2296 1780 2366 Itaque
1826 2293 1965 2349 alius
2009 2292 2170 2348 hodie

535 2425 542 2435 ι
575 2388 884 2465 episcopus,
918 2405 1044 2449 cras
1077 2389 1253 2445 alius:
1285 2388 1450 2444 hodie
1489 2385 1770 2453 diaconus,
1812 2386 1903 2459 qui
1934 2399 2058 2439 cras
2096 2382 2171 2463 le-

574 2494 726 2554 ctor;
757 2485 918 2542 hodie
942 2487 1247 2559 presbyter,
1275 2484 1366 2555 qui
1393 2498 1518 2541 cras
1544 2481 1735 2538 laicus.
1768 2479 1904 2535 Nam
1941 2486 1995 2533 et
2018 2477 2171 2534 laicis

574 2577 931 2637 sacerdotalia
978 2591 1199 2635 munera
1245 2575 1551 2648 injungunt.
1604 2593 1621 2627 ι
1682 2572 1972 2643 Antiquior
2022 2570 2170 2645 apud

573 2668 795 2727 Griecos
822 2667 1067 2735 Justinus
1099 2669 1243 2725 hunc
1271 2682 1487 2743 quoque
1512 2665 1759 2722 ordinem
1789 2664 1921 2719 mihi
1952 2662 2171 2719 videtur

574 2760 817 2819 indicare
842 2762 897 2821 in
948 2761 1197 2833 apologia
1250 2761 1424 2835 prima
1460 2758 1615 2828 juxta
1676 2756 1985 2821 Eusebium,
2048 2769 2169 2827 qua:

573 2854 802 2925 proinde
829 2853 970 2907 male
1007 2851 1323 2908 inscribitur
1363 2859 1425 2905 ut
1452 2848 1689 2907 secunda
1718 2848 1774 2902 in
1800 2846 1993 2914 editis;
2042 2860 2167 2902 cum

576 2946 745 3005 dicit:
796 2963 816 3005 ι
872 2945 1079 3005 Deinde
1126 2945 1329 3000 lectore
1356 2946 1668 3017 quiescente
1713 2942 2075 3017 praesidens...
2113 2950 2168 2995 et

574 3038 806 3111 populus
865 3036 1042 3101 fauste
1092 3036 1424 3093 acclamat...
1476 3034 1790 3093 absentibus
1835 3044 2015 3087 autem
2070 3047 2167 3102 per

578 3131 843 3191 diaconos
880 3129 1135 3197 mittitur,
1198 3136 1305 3185 etc.
1359 3149 1378 3181 ›
1432 3126 1525 3183 Sic
1574 3127 1791 3182 videtur
1838 3126 2169 3195 distinguere

575 3224 837 3287 lectorem
885 3238 916 3281 a
951 3223 1296 3299 przesidente,
1330 3222 1595 3289 diaconis,
1643 3229 1698 3277 et
1750 3218 1967 3295 populo.
2028 3219 2168 3274 Num

575 3331 708 3375 vero
757 3324 902 3381 esset
957 3315 1155 3388 aliquis
1212 3315 1473 3371 diaconus
1519 3313 1611 3387 qui
1676 3311 1893 3375 lectoris
1946 3325 2168 3367 munere

576 3408 917 3481 fungeretur,
952 3409 1055 3467 hoc
1108 3407 1308 3467 nollem
1350 3407 1563 3479 penitus
1607 3420 1825 3477 negare.
1870 3404 2007 3460 Nam
2043 3421 2167 3460 cum

575 3501 727 3583 prius
762 3500 1020 3556 describit
1049 3498 1320 3570 synaxim,
1360 3488 1603 3567 loquitur
1632 3504 1840 3551 tantum
1872 3496 1938 3551 de
1982 3496 2168 3566 [περεί-

577 3592 759 3659 dente,
788 3592 1051 3655 diaconis,
1080 3598 1136 3645 et
1155 3587 1371 3667 populo.
1403 3587 1469 3641 Et
1507 3594 1725 3642 sanctus
1754 3587 2003 3641 Clemens
2042 3585 2168 3641 Ale-

576 3683 878 3739 xandriuus
941 3681 1368 3741 ecclesiasticam
1436 3679 1798 3734 bierarchiam
1862 3694 2168 3751 proponens

576 3774 714 3832 libro
749 3792 803 3831 vr
854 3774 1190 3830 Stromatum
1242 3771 1488 3828 meminit
1525 3780 1732 3827 tantum
1760 3772 2163 3844 episcoporum,

575 3850 1429 3943 presbyterorum,diaconorum.
1463 3865 1732 3937 Quidquid
1767 3865 1839 3920 sit
1869 3884 1880 3919 :
1910 3866 2042 3921 satis
2071 3882 2165 3921 su-

576 3976 781 4035 perque
808 3969 1041 4027 constat,
1073 3961 1219 4016 hunc
1266 3958 1526 4019 lectorem
1581 3973 1688 4012 non
1741 3954 1905 4011 fuisse
1940 3958 2161 4013 laicum.

578 4052 733 4125 Quod
763 4053 957 4113 sulIicit
998 4053 1066 4109 ad
1091 4053 1427 4127 probandum
1454 4053 1617 4107 etiam
1649 4052 1813 4108 laicos
1839 4054 2032 4125 priscis
2073 4070 2164 4112 ec-

578 4148 757 4209 clesia:
786 4148 998 4207 seculis
1025 4149 1079 4207 in
1106 4147 1294 4223 synaxi
1324 4146 1579 4203 lectiones
1605 4163 1713 4205 non
1742 4149 2020 4205 recitasse.

605 4267 619 4286 ι
652 4241 764 4303 Nec
793 4241 1011 4299 alleluia
1041 4243 1232 4305 dicere.
1292 4244 1524 4305 Sanctus
1564 4246 1899 4318 Augustinus
1953 4248 2008 4307 in
2050 4249 2165 4319 epi-

575 4337 713 4397 stola
738 4337 806 4397 ad
832 4334 1151 4397 Ianuarium
1190 4356 1203 4393 :
1233 4356 1252 4393 ι
1291 4338 1474 4407 Varie,
1502 4340 1696 4411 inquit,
1729 4347 1979 4399 cantatur
2012 4339 2158 4409 alibi,

576 4439 737 4504 atque
763 4431 907 4489 alibi.
941 4431 1040 4488 llic
1070 4432 1303 4505 hymnus
1348 4433 1483 4488 tanti
1530 4434 1901 4491 aestimabatur
1951 4434 2155 4501 Roma},

574 4532 634 4581 ut
679 4524 966 4595 quotannis
1006 4525 1172 4579 semel
1217 4533 1507 4581 caneretur
1539 4543 1553 4579 :
1586 4527 1631 4580 si
1666 4527 1950 4595 credamus
1996 4526 2163 4584 Sozo-

574 4630 731 4677 meno
773 4615 867 4674 lib.
919 4631 1011 4697 v1,
1051 4632 1170 4688 cap.
1212 4618 1299 4675 l9.
1353 4617 1624 4672 Praeterea
1657 4618 1841 4675 lloma:
1872 4622 2161 4691 quotannis

571 4707 739 4769 semel
765 4708 981 4773 canitur
1010 4709 1259 4776 Alleluia,
1288 4710 1464 4782 primo
1486 4710 1573 4765 die
1589 4711 1863 4779 paschalis
1885 4711 2159 4771 festivita-

572 4800 643 4865 tis
670 4817 681 4853 :
716 4801 848 4863 adeo
866 4810 949 4873 ut,
988 4801 1142 4873 multi
1174 4802 1546 4859 Romanorum
1573 4802 1677 4861 hoc
1695 4802 2053 4876 jurejurando
2078 4808 2157 4865 uti

571 4891 798 4959 Soleant,
846 4903 907 4957 ut
952 4895 1094 4955 hunc
1140 4895 1399 4964 hymnum
1444 4894 1633 4949 audire
1675 4903 1729 4950 et
1780 4912 1977 4953 canere
2028 4898 2158 4969 ipsis

574 4984 866 5056 contingat.
906 5005 927 5039 ι
963 4986 1106 5043 ldem
1151 4993 1384 5042 testatur
1424 4986 1776 5049 Cassiodorus
1820 4991 1875 5047 in
1919 4991 2157 5061 Historia

573 5074 862 5142 tripartita,
890 5077 981 5145 qui
1010 5077 1099 5135 vix
1126 5085 1339 5148 poterat
1365 5079 1509 5136 hunc
1534 5095 1737 5141 morem
1766 5082 2035 5154 ignorare.
2065 5086 2157 5143 At-

574 5175 755 5231 tamen
804 5166 1165 5240 Hieronymus
1211 5171 1471 5229 adversus
1515 5172 1866 5245 Vigilantiam
1896 5175 2039 5233 inter
2069 5177 2151 5247 ip-

572 5258 686 5317 sius
744 5258 1155 5318 allucinationes
1214 5270 1483 5329 recenset,
1512 5281 1531 5317 ι
1572 5264 1714 5335 quod
1754 5274 1986 5339 putaret,
2017 5283 2154 5322 nun-

572 5364 731 5425 quam
756 5350 863 5413 nisi
908 5350 962 5413 in
1004 5350 1209 5417 Pascha
1260 5350 1489 5408 Alleluia
1536 5354 1882 5409 cantandum.
1925 5376 1943 5407 ι
1996 5354 2062 5409 Ει
2098 5357 2152 5415 in

569 5443 845 5515 epitaphio
882 5443 1116 5509 Fabiola:
1140 5446 1309 5505 refert
1336 5447 1391 5503 in
1424 5447 1568 5505 illius
1612 5450 1884 5519 exsequiis
1923 5449 2152 5506 Alleluia

568 5533 737 5593 fuisse
762 5545 1036 5595 cantatum
1071 5539 1235 5595 etiam
1266 5539 1472 5597 Romze.
1504 5540 1800 5610 Quantum,
1830 5541 2021 5611 inquit,
2056 5544 2152 5598 ha-

568 5627 724 5687 beret
751 5631 981 5689 viventis
1013 5632 1251 5691 Fabiola:
1274 5634 1444 5692 Roma
1482 5636 1822 5703 miraculum,
1857 5636 1911 5693 in
1936 5644 2150 5697 mortua

572 5721 977 5791 demonstravit.
1017 5726 1259 5791 Necdum
1307 5729 1559 5805 spiritum
1606 5729 1975 5798 exhalaverat,
2024 5745 2150 5787 nec-

2280 433 2422 489 fama
2460 435 2667 503 volans,
2723 437 2858 491 tanti
2908 437 3214 508 praznuntia
3252 436 3453 506 luctus,
3508 440 3685 496 totius
3731 442 3874 501 urbis

2277 526 2534 597 populum
2574 527 2641 581 ad
2685 527 2976 597 exsequias
3001 531 3385 602 congregabat.
3418 529 3709 588 Sonabant
3740 534 3874 605 psal-

2280 620 2389 688 mi,
2418 628 2475 675 et
2502 630 2692 676 aurata
2724 622 3049 694 templorum
3094 624 3331 680 roboans
3374 624 3431 681 in
3465 625 3708 682 sublime
3751 643 3875 699 qua-

2279 716 2450 773 tiebat
2484 717 2737 774 Alleluia.

2352 808 2420 864 Et
2432 810 2644 883 quando
2668 811 2784 883 quis
2811 819 3081 866 consecrat
3104 828 3319 883 aquam,
3338 814 3570 885 primum
3585 814 3870 871 oratiom

2279 903 2463 974 faciat.
2510 904 2728 972 Absque
2780 904 2924 958 enim
2954 904 3223 969 oratione,
3260 902 3417 973 juxta
3448 904 3867 973 Tertullianum,

2279 995 2452 1051 vidua:
2476 1004 2602 1050 sunt
2638 1012 2813 1067 aqum,
2845 995 3051 1051 scilicet
3084 996 3292 1067 Spiritu
3337 1004 3530 1051 sancto
3570 997 3692 1067 qui,
3726 996 3864 1052 inro-

2282 1098 2435 1144 catus
2460 1104 2621 1160 super
2650 1104 2840 1159 aquas,
2868 1104 2961 1143 cas
2995 1088 3203 1145 caelesti
3229 1088 3379 1143 fonte
3421 1089 3675 1154 maritat,
3718 1096 3779 1144 ut
3803 1091 3868 1145 ait

2282 1190 2502 1239 sanctus
2540 1181 2798 1236 Paulinus
2835 1183 2891 1238 in
2918 1183 3076 1254 epist.
3121 1181 3210 1247 ιε,
3248 1184 3315 1237 ad
3347 1180 3656 1237 Severum:

2406 1296 2613 1361 Sanctus
2637 1298 2682 1361 in
2711 1297 2838 1347 hunc
2862 1294 3264 1361 ccelogdescendit
3285 1296 3504 1353 Spiritus
3522 1308 3747 1361 amnem,

2466 1359 2768 1423 leestique
2793 1373 2958 1409 sacras
2981 1358 3115 1408 fonte
3140 1373 3230 1408 mai
3245 1360 3331 1409 itat
3355 1372 3528 1422 aquas.

2906 1471 3137 1541 CAPUT
3177 1483 3244 1540 ιι.

2424 1579 2502 1635 De
2539 1580 2707 1637 tribus
2753 1580 3003 1653 gradibus
3044 1578 3295 1637 Ecclesia:
3325 1579 3739 1653 principalibus.

2201 1715 2251 1787 η
2349 1694 2610 1767 Episcopo
2636 1694 2754 1750 licet
2784 1694 3119 1764 conﬁrmare,
3149 1702 3283 1759 etc.,
3313 1694 3565 1751 similiter
3593 1706 3645 1750 et
3674 1694 3862 1768 presby-

2276 1796 2406 1842 tero.
2441 1786 2571 1843 Vide
2590 1785 2735 1842 infra
2760 1794 2921 1856 caput
2942 1785 2977 1841 4
3006 1785 3404 1853 Ptnnitentialis
3431 1786 3502 1842 de
3542 1785 3858 1857 Baptismte

2277 1887 2334 1935 et
2359 1877 2808 1935 Conﬁrmatione.

2346 1991 2407 2048 Si
2442 1992 2697 2047 diaconus
2743 1989 2823 2046 uel
2865 1989 3133 2063 presbyter
3154 1992 3264 2062 ipse
3308 1990 3528 2048 calicem
3574 1999 3628 2048 et
3653 1992 3855 2048 oblatio-

2273 2100 2389 2140 nem
2419 2084 2659 2139 manibus
2693 2083 2938 2139 tenuerit.
2970 2082 3123 2151 Quod
3166 2084 3312 2139 idem
3337 2087 3654 2155 prtstitisae
3683 2087 3745 2142 de
3765 2100 3851 2143 sc-

2272 2164 2391 2249 i'pso
2416 2186 2646 2233 testatur
2667 2178 3043 2234 Theodoretus
3070 2178 3125 2233 in
3157 2177 3400 2234 Historia
3436 2179 3697 2251 religiosa,
3719 2195 3831 2250 cap.

2271 2273 2361 2330 20.
2417 2293 2437 2327 ι
2489 2275 2602 2348 Ego
2637 2292 2792 2343 vero,
2843 2276 3042 2346 inquit,
3090 2275 3328 2332 libenter
3372 2277 3747 2350 obtemperavi,
3790 2286 3847 2334 et

2273 2382 2428 2423 sacra
2468 2384 2597 2424 vasa
2628 2367 2809 2423 ali‘erri
2839 2367 2975 2438 jussi
3009 2368 3133 2440 (nec
3163 2370 3311 2424 enim
3338 2370 3529 2442 procul
3567 2370 3844 2427 aberatio-

2272 2461 2389 2533 cus)
2437 2460 2897 2531 diaeonorumque
2941 2459 3191 2517 manibus
3218 2469 3379 2517 utens
3408 2477 3510 2532 pro
3544 2463 3725 2528 altari,
3747 2477 3854 2540 my-

2273 2554 2469 2610 sticum
2503 2562 2555 2609 et
2582 2554 2824 2608 divinum
2860 2568 2926 2608 ac
2953 2552 3191 2610 salutare
3232 2553 3567 2611 sacriﬁcium
3618 2555 3797 2611 obtuli.
3827 2574 3849 2611 ι

2344 2667 2632 2740 Episcopus
2658 2686 2760 2724 non
2809 2666 2955 2723 debet
2983 2668 3220 2725 abbatem
3268 2687 3451 2745 cogere
3489 2672 3564 2726 ad
3611 2673 3851 2744 synodum

2271 2760 2367 2813 ire.
2405 2758 2543 2826 Nisi,
2586 2768 2646 2815 ut
2691 2759 2871 2827 addit,
2904 2761 3069 2816 etiam
3108 2756 3287 2832 aliqua
3332 2763 3684 2823 rationabilis
3710 2780 3853 2819 causa

2272 2850 2363 2913 sit.
2399 2851 2529 2920 Quae
2557 2868 2722 2908 causa
2756 2852 2992 2908 maxime
3022 2851 3360 2909 rationabilis
3388 2861 3499 2919 est,
3531 2869 3663 2909 cum
3685 2870 3853 2911 vocan-

2272 2948 2363 2996 tur
2387 2942 2456 2997 ab
2484 2943 2759 3014 episcopo,
2782 2957 2847 2998 ex
2875 2958 2941 2999 eo
2964 2944 3107 3015 quod
3145 2952 3300 2999 extra
3333 2944 3584 3017 regulam
3624 2943 3849 3000 fecerint.

2271 3033 2436 3089 Cone.
2463 3033 2851 3091 Aurelianense
2885 3052 2931 3097 ι,
2976 3052 3024 3090 c.
3062 3035 3163 3090 l9:
3199 3055 3218 3087 ‹
3251 3036 3497 3094 Abbates
3527 3054 3636 3113 pro
3660 3036 3851 3093 humili-

2276 3135 2389 3181 tate
2419 3127 2697 3197 religionis
2741 3128 2796 3183 in
2835 3129 3213 3199 episcoporum
3247 3139 3519 3201 potestate
3562 3134 3852 3188 consistant

2273 3218 2391 3272 etsi
2436 3219 2562 3287 quid
2605 3227 2758 3273 extra
2792 3218 3043 3285 fecerint,
3084 3221 3151 3277 ab
3194 3222 3449 3292 episcopo
3498 3225 3854 3301 corrigantur,

2273 3309 2365 3378 qui
2400 3308 2562 3364 semel
2595 3310 2648 3364 in
2697 3326 2860 3375 anno,
2894 3310 2946 3366 in
2986 3310 3101 3367 loco
3142 3313 3234 3368 ubi
3281 3314 3576 3386 episcopus
3627 3314 3850 3387 elegerit,

2272 3409 2495 3470 accepta
2543 3402 2829 3459 vocatione
2876 3405 3223 3462 conveniant.
3258 3426 3278 3459 ι
3312 3406 3523 3462 Concil.
3560 3408 3853 3465 Antisiodo-

2274 3507 2430 3547 rense
2454 3494 2554 3548 sub
2581 3493 2800 3565 Pelagio
2832 3510 2901 3559 ιι,
2929 3511 2979 3551 c.
3008 3495 3039 3549 7
3067 3514 3079 3550 :
3129 3515 3147 3547 ‹
3187 3497 3254 3553 Ut
3283 3499 3461 3557 medio
3501 3499 3647 3554 Maio
3682 3514 3855 3556 omnes

2268 3583 2572 3652 presbyteri
2599 3583 2667 3637 ad
2702 3585 2965 3655 synodum
2992 3586 3229 3651 veniant,
3260 3596 3316 3642 et
3351 3587 3613 3645 Kalendis
3635 3589 3853 3646 Novem-

2268 3674 2382 3731 bris
2409 3691 2597 3731 omnes
2626 3677 2850 3733 abbates
2880 3677 2948 3732 ad
2988 3678 3281 3734 concilium
3317 3682 3669 3739 conveniant.
3703 3703 3725 3736 ι

2341 3787 2616 3855 Rexvero,
2640 3792 2686 3845 si
2712 3790 2830 3862 plus
2859 3800 2955 3846 est.
2994 3789 3130 3859 Quia
3169 3808 3265 3848 rex
3309 3810 3341 3849 a
3381 3794 3493 3849 Deo
3535 3796 3856 3856 constitutus

2269 3888 2354 3936 est
2396 3881 2685 3954 episcopus
2711 3898 2895 3941 rerum
2926 3894 3321 3942 externarum:
3372 3886 3588 3957 qualem
3642 3905 3707 3946 se
3747 3888 3856 3960 jure

2268 3983 2430 4029 vocat
2468 3975 2856 4033 Constantinus
2899 3978 3193 4048 imperator
3230 3978 3512 4051 alloquens
3554 3982 3852 4057 episcopos.

2273 4084 2293 4118 ς
2328 4066 2435 4121 Vos
2474 4067 2939 4138 quidemhinquit,
2983 4068 3037 4123 in
3089 4068 3156 4124 iis
3203 4084 3323 4140 qua:
3375 4071 3517 4127 intra
3566 4071 3856 4135 Ecclesiam

2268 4165 2418 4224 sunt,
2452 4159 2690 4231 episcopi
2726 4159 2859 4215 estis
2889 4174 2903 4214 :
2940 4173 3040 4231 ego
3073 4176 3201 4217 vero
3232 4162 3286 4217 in
3326 4162 3392 4217 iis
3437 4178 3562 4234 quae
3590 4174 3754 4221 extra
3776 4182 3857 4237 ge-

2266 4258 2481 4317 runtur,
2517 4252 2803 4327 episcopus
2849 4267 2879 4313 a
2928 4252 3039 4308 Deo
3090 4269 3209 4309 sum
3268 4256 3625 4317 constitutus?
3655 4279 3677 4315 ι
3739 4258 3856 4317 Hac

2266 4344 2407 4414 apud
2442 4343 2756 4409 Eusebium,
2785 4344 2878 4399 lib.
2910 4360 2963 4409 ιν
2992 4346 3057 4400 de
3097 4346 3218 4403 Vita
3244 4346 3587 4409 Constantini
3613 4368 3739 4424 cap.
3773 4352 3854 4409 24.

2186 4457 2246 4526 Β
2265 4434 2374 4491 Leo
2396 4434 2449 4502 Ι,
2474 4436 2526 4490 in
2541 4435 2764 4506 epistola
2786 4434 2852 4490 ad
2880 4436 3243 4495 Theodosium
3264 4439 3573 4513 Augustum
3601 4463 3616 4499 :
3640 4465 3658 4498 ι
3682 4445 3858 4513 Quan-

2266 4536 2381 4585 tqu
2409 4529 2643 4600 praesidii
2676 4529 2936 4587 Dominus
2977 4530 3232 4588 Ecclesiae
3270 4548 3381 4593 suae
3424 4534 3479 4590 in
3522 4536 3631 4592 ﬁde
3663 4548 3856 4594 vestrae

2262 4624 2562 4681 clementim
2588 4624 2929 4695 przepararit,
2958 4624 3043 4681 his
3072 4626 3237 4685 etiam
3265 4625 3467 4687 litteris
3508 4645 3650 4701 quas
3675 4632 3747 4687 ad
3775 4646 3856 4687 me

2260 4716 2506 4780 misistis,
2538 4715 2866 4780 ostenditur,
2892 4723 2951 4769 ut
2975 4715 3128 4771 vobis
3156 4733 3262 4773 non
3288 4717 3463 4775 solum
3493 4720 3732 4792 regium,
3765 4722 3853 4778 sed

2260 4808 2425 4862 etiam
2478 4805 2866 4862 sacerdotalem
2915 4808 3155 4869 animum
3205 4808 3385 4871 inesse
3433 4810 3793 4882 gaudeamus.
3828 4832 3847 4867 ι

2257 4897 2520 4968 Agapitus
2550 4899 2835 4967 episcopus
2860 4898 3037 4955 Rhodi
3064 4899 3130 4953 ad
3157 4899 3392 4959 Leonem
3426 4902 3848 4975 imperatorem:

2264 5010 2281 5042 ι
2311 4990 2511 5047 Omnes
2538 5005 2759 5046 oramus
2784 4990 3082 5055 innumeris
3107 5007 3204 5047 vos
3230 4995 3546 5055 conservari
3587 4996 3848 5067 tempori.

2256 5083 2376 5138 bus.
2407 5083 2546 5141 Vere
2574 5098 2808 5155 namque
2835 5084 3089 5140 sacerdos
3112 5094 3168 5140 et
3188 5094 3383 5142 natura
3409 5086 3713 5167 imperator
3735 5090 3848 5149 αἱ*

2256 5174 2373 5231 stis.
2400 5194 2419 5227 ι
2466 5174 2620 5229 Unde
2640 5172 2935 5244 Gregorius
2964 5174 3008 5230 ll
3037 5192 3143 5233 non
3174 5175 3437 5235 diffitetur
3463 5194 3659 5239 omnes
3680 5182 3848 5237 bonos

2256 5267 2613 5338 imperatores
2659 5281 2820 5337 posse
2865 5267 3046 5322 vocari
3093 5269 3422 5329 sacerdotes.
3456 5268 3550 5326 Sic
3580 5275 3728 5328 enim
3773 5288 3848 5326 re-

2254 5362 2483 5439 spondet
2504 5360 2672 5415 Leoni
2706 5360 2891 5415 Isauro
2914 5361 3230 5432 imperatori
3269 5364 3325 5419 in
3347 5364 3579 5434 epistola
3612 5383 3653 5431 rt
3674 5354 3845 5437 'quam

2252 5453 2318 5508 ad
2349 5453 2523 5524 ipsum
2564 5452 2753 5509 scribit
2792 5471 2802 5506 :
2849 5471 2867 5504 ‹
2905 5453 3183 5533 Scripsisti
3214 5472 3228 5510 :
3277 5455 3579 5531 imperator
3622 5474 3767 5525 sum,
3791 5466 3843 5515 et

2252 5546 2523 5604 sacerdos.
2548 5546 2839 5603 Enimvero
2857 5546 2948 5619 qui
2977 5555 3102 5605 ante
3129 5558 3181 5604 te
3224 5548 3442 5611 fuerunt
3483 5550 3847 5629 imperatores

2253 5641 2356 5697 hoc
2384 5655 2547 5712 opere
2584 5655 2649 5695 ac
2679 5655 2928 5696 sermone
2960 5640 3425 5713 demonstrarunt,
3462 5643 3555 5717 qui
3590 5642 3845 5699 condide-

2252 5740 2399 5802 runt,
2425 5740 2481 5789 et
2510 5747 2697 5789 curam
2728 5741 3013 5804 gesserunt
3038 5732 3391 5805 ecclesiarum
3411 5750 3519 5803 una
3546 5750 3674 5793 cum
3692 5750 3840 5809 pon-
