4020 6360
157 273 294 330 111⁸1

1311 255 1886 316 OBSERVATIONES
1928 257 2018 315 ET
2058 257 2292 316 NOTAE.

3293 263 3432 320 1118

154 386 392 443 tiﬁeibus
415 378 714 452 cupiditate
743 376 964 447 zeloque
993 376 1222 439 incensi,
1257 381 1364 429 etc.
1408 394 1426 425 ι
1458 372 1525 426 Ει
1556 371 1696 426 infra
1725 390 1737 426 :
1766 381 1818 439 Α
1846 353 2328 427 consecrationem.
2365 391 2384 425 ι
2421 371 2576 428 Unde
2602 372 2731 428 olim
2757 372 2969 429 diaconi
2998 375 3257 432 ecclesias
3278 393 3438 448 quas-

159 505 178 539 ι
214 483 278 539 Hi
307 488 433 537 sunt
461 476 774 534 sacerdotes
796 483 851 530 et
876 475 1235 548 imperatores
1259 471 1350 543 qui
1378 470 1432 525 id
1457 484 1620 540 opere
1652 470 1745 525 de-

153 581 552 633 monstrarunt.
596 591 615 624 ι

222 666 281 723 Si
309 665 537 740 pretium
574 660 862 717 redimendi
892 677 997 714 non
1023 658 1195 713 habet.
1224 657 1358 712 Vide
1385 671 1540 711 conc.
1570 654 1744 708 Aure-

151 761 396 816 lianense
429 773 523 822 ιιι,
552 773 600 810 c.
628 755 725 819 l5;
773 752 1159 808 Aurelianense
1192 765 1264 815 Iv,
1293 764 1341 804 c.
1380 748 1482 815 25;
1519 745 1578 802 S.
1612 745 1746 800 Gre-

152 868 269 925 gor.
299 851 396 905 lib.
433 865 528 914 ιιι,
553 847 713 920 epist.
761 845 812 900 9.

220 963 486 1037 Episcopo
531 960 647 1016 licet
697 967 871 1016 votum
901 956 1120 1013 solvere.
1167 956 1276 1011 Nec
1306 956 1409 1010 hoc
1435 955 1748 1024 vituperan-

149 1061 278 1116 dum
329 1071 449 1113 esse
496 1055 644 1114 clare
686 1051 923 1112 ostendit
966 1058 1187 1108 sanctus
1217 1048 1538 1106 Ambrosius
1562 1062 1748 1102 exem-

147 1152 250 1224 plis
293 1149 703 1220 Scripturarum
751 1144 1075 1206 auctoritate
1128 1141 1358 1198 ﬁrmatis
1386 1140 1478 1194 lib.
1527 1156 1585 1194 ιιι
1616 1137 1747 1194 Ofﬁ-

147 1245 382 1308 eiorum,
421 1255 542 1312 cap.
584 1238 652 1296 12
681 1257 693 1292 :
727 1238 972 1308 Denique
1005 1236 1060 1292 in
1084 1235 1232 1290 lsaac
1265 1235 1529 1292 habemus
1555 1246 1741 1286 exem-

144 1338 323 1408 plum,
356 1348 457 1406 pro
493 1347 600 1410 quo
637 1331 861 1386 arietem
905 1330 1044 1390 Deus
1085 1328 1275 1382 statuit
1307 1323 1577 1380 immolari
1620 1323 1742 1378 sibi.

146 1427 260 1482 Non
300 1440 517 1496 semper
557 1423 724 1492 igitur
767 1422 1035 1493 promissa
1084 1419 1338 1474 solvenda
1367 1418 1546 1474 omnia
1596 1424 1743 1472 sunt.

146 1522 393 1588 Denique
431 1518 541 1590 ipse
581 1515 842 1575 Dominus
882 1512 1194 1582 frequenter
1227 1526 1380 1566 suam
1419 1517 1592 1564 mutat
1619 1525 1743 1564 sen-

148 1611 402 1672 tentiam,
431 1609 572 1664 sicut
596 1605 879 1678 Scriptura
912 1604 1135 1664 indicat.
1176 1603 1404 1669 Quando
1431 1601 1746 1655 Theodorus

143 1703 319 1767 addit,
350 1702 409 1755 Si
447 1700 577 1764 vult,
607 1698 852 1752 declarat
893 1712 1014 1765 qua:
1043 1695 1116 1749 sit
1150 1694 1448 1750 auctoritas
1471 1693 1738 1764 episcopi,

143 1796 282 1850 adeo
314 1801 375 1847 ut
418 1790 510 1862 qui
569 1790 686 1846 sine
744 1788 888 1842 illius
933 1802 1200 1843 consensu
1252 1792 1410 1841 vovet
1458 1783 1614 1852 quasi
1678 1799 1745 1838 ex

143 1887 326 1943 alieno
352 1891 545 1940 voveat
573 1893 628 1938 et
665 1883 819 1953 quasi
853 1881 1090 1940 alienum
1115 1888 1356 1950 usurpet.
1383 1879 1539 1944 Nam,
1581 1885 1640 1932 ut
1671 1879 1747 1932 ait

144 1987 370 2036 sanctus
407 1976 710 2050 Cyprianus
746 1976 801 2030 in
826 1957 1054 2047 epistola
1095 1973 1164 2027 27
1193 1992 1203 2028 :
1237 1991 1256 2024 ι
1309 1973 1566 2028 Ecclesia:
1606 1971 1745 2026 ratio

145 2073 389 2128 decurrit
415 2082 474 2128 ut
520 2070 762 2130 Ecclesia
811 2084 975 2142 super
1024 2069 1304 2141 episcopos
1350 2068 1742 2134 constituatur;

146 2175 197 2220 et
216 2165 401 2220 omnis
425 2171 578 2218 actus
618 2161 871 2217 Ecclesiae
907 2176 1004 2232 per
1037 2161 1254 2216 eosdem
1291 2160 1611 2234 praepositos
1646 2174 1744 2228 gu-

146 2260 422 2313 bernetur.
467 2277 485 2308 ι
521 2254 672 2311 Unde
705 2253 846 2310 infra
875 2252 1190 2308 Theodorus
1218 2252 1271 2306 in
1312 2266 1433 2320 cap.
1471 2250 1746 2318 Quaestio-

146 2364 276 2405 num
307 2347 525 2420 conjug.
557 2366 569 2400 :
615 2365 631 2398 ι
665 2345 734 2400 Ει
757 2346 802 2402 si
825 2346 948 2418 quis
984 2345 1038 2400 in
1070 2343 1315 2400 sz‘eculari
1347 2342 1535 2397 habitu
1562 2349 1747 2395 votum

149 2443 356 2499 voverit
389 2444 508 2497 sine
536 2456 803 2496 consensu
834 2439 1099 2514 episcopi,
1135 2438 1247 2510 ipse
1272 2437 1558 2507 episcopus
1585 2434 1747 2489 habet

152 2541 476 2607 potestatem
516 2541 731 2588 mutare
772 2531 1116 2592 sententiam,
1148 2529 1192 2584 si
1222 2529 1354 2583 vult.
1391 2547 1409 2579 ι
1446 2526 1578 2582 [llud
1609 2527 1747 2580 idem

155 2628 307 2682 docet
329 2625 592 2696 magister
618 2623 888 2678 Robertus
925 2621 992 2674 de
1032 2619 1384 2674 Flamesbure
1410 2617 1465 2671 in
1503 2632 1602 2671 suo
1629 2616 1750 2670 Ρω-

159 2717 443 2772 uitentiali.

171 2827 369 2884 Selecta
418 2845 480 2890 ea:
522 2843 659 2898 cap._
681 2823 716 2879 4
746 2824 865 2898 libri
893 2840 930 2879 ιι
965 2822 1348 2898 Pwniteutialis
1377 2839 1476 2898 me.
1510 2821 1751 2898 magistri

239 2899 447 2980 Roberti
490 2891 957 2982 deLFlamesbure,
1003 2895 1244 2949 canonici
1292 2891 1350 2949 S.
1408 2892 1652 2956 Victoris,
1700 2899 1751 2944 et

234 2980 623 3041 pwmtenttartt.

228 3081 364 3136 Item
406 3081 506 3135 etsi
543 3081 608 3136 de
664 3080 884 3135 licentia
933 3079 1120 3134 uxoris
1168 3079 1379 3131 intrans
1432 3076 1751 3148 religionem

158 3176 442 3232 monachis
466 3185 519 3230 et
542 3174 825 3232 sacerdote
853 3174 1233 3245 przesenlibus,
1263 3173 1347 3227 vir
1382 3173 1437 3228 in
1473 3188 1665 3228 manus
1692 3187 1752 3226 se

157 3269 303 3325 dedit
339 3268 571 3332 abbatis,
617 3268 715 3322 sed
749 3268 1001 3338 episcopo
1026 3266 1336 3337 ignorante;
1366 3265 1411 3324 si
1440 3264 1633 3326 mulier
1655 3278 1754 3318 nec

155 3370 478 3433 perpetuam
508 3359 656 3413 vovit
697 3357 1108 3422 continentiam,
1151 3369 1252 3418 nec
1286 3370 1409 3414 cum
1458 3353 1574 3410 viro
1629 3353 1755 3406 reli-

154 3451 652 3526 gionem'intravit,
684 3460 863 3522 potest
895 3458 1019 3505 eum
1058 3462 1316 3508 revocare
1351 3447 1657 3520 episcopus,
1696 3454 1755 3503 ut

155 3545 210 3599 in
234 3542 500 3598 decretali
533 3540 844 3618 Prapterea,
892 3539 944 3598 in
976 3537 1132 3593 titulo
1168 3539 1232 3592 de
1270 3537 1602 3596 conversione
1632 3553 1757 3592 con-

147 3639 489 3710 fugatorum.
533 3634 686 3702 Quod
719 3633 798 3690 sic
825 3633 1106 3705 intelligo:
1159 3633 1301 3702 quod
1337 3632 1623 3701 cpiscopus
1663 3647 1759 3701 po-

152 3741 263 3788 test
293 3740 348 3786 et
379 3730 537 3785 debet
565 3730 740 3786 virum
770 3729 836 3784 ad
862 3728 1107 3784 mulieris
1131 3727 1449 3796 petitionem
1471 3741 1756 3791 revocare,

149 3825 196 3880 si
235 3823 330 3877 illa
359 3822 413 3876 in
443 3821 747 3892 ingressum
769 3819 870 3875 viri
896 3826 1195 3892 protestata
1217 3824 1300 3871 est
1324 3832 1380 3872 se
1411 3816 1553 3870 nolle
1580 3817 1758 3872 conti-

149 3930 313 3970 nere.
346 3912 502 3979 Quod
546 3913 689 3967 enim
727 3911 926 3965 dicitur
957 3909 1100 3980 quod
1127 3916 1309 3962 votum
1349 3907 1758 3971 solemnizatur,

149 4007 384 4081 quando
416 4005 611 4078 aliquis
659 4020 717 4062 se
748 4006 802 4060 in
835 4019 1027 4059 manus
1066 4003 1157 4057 dat
1201 4001 1434 4065 abbatis,
1478 4000 1544 4052 de
1569 3999 1762 4054 solutis

147 4100 489 4170 intelligitur
517 4099 782 4171 personis,
816 4114 923 4158 non
976 4097 1042 4154 de
1082 4094 1332 4159 subditis,
1365 4093 1478 4148 sive
1510 4092 1762 4164 coniuga-

147 4197 226 4251 tis
254 4215 269 4250 :
301 4194 430 4265 quia
471 4207 569 4248 nec
600 4193 704 4259 vir,
735 4207 834 4250 nec
863 4190 1056 4252 mulier
1097 4188 1213 4242 sine
1242 4185 1478 4256 episcopi
1525 4184 1764 4238 auctori-

147 4298 278 4345 tate
308 4288 626 4360 religionem
657 4286 861 4344 intrare
889 4292 1084 4356 potest.
1129 4280 1282 4336 Unde
1310 4281 1412 4334 iste
1441 4278 1761 4349 coniugatus

147 4384 256 4458 qui
299 4383 418 4438 sine
440 4381 762 4440 auctoritate
787 4379 1025 4459 episcopi
1050 4377 1106 4434 in
1130 4390 1322 4432 manus
1344 4389 1401 4429 se
1425 4373 1571 4429 dedit
1599 4373 1761 4432 abba-

149 4476 254 4543 tis,
309 4473 443 4528 nihil
473 4472 621 4530 fecit.

229 4567 555 4636 Presbytero
581 4566 680 4622 soli
707 4564 860 4620 liceat
908 4564 1096 4620 missas
1129 4561 1323 4634 facere.
1362 4561 1616 4618 Diaconis
1664 4561 1765 4632 igi-

146 4671 255 4717 tur
299 4673 406 4713 non
445 4657 592 4712 licet.
624 4655 925 4712 Concilium
959 4654 1277 4710 Arelatense
1307 4670 1354 4718 ι,
1401 4668 1452 4707 c.
1486 4653 1588 4706 l5:
1638 4671 1654 4703 ι
1690 4653 1766 4706 De

149 4749 497 4810 diaconibus
549 4763 686 4820 quos
734 4746 1086 4818 cognovimus
1137 4745 1320 4800 multis
1365 4743 1499 4800 locis
1548 4742 1764 4809 oll‘erre,

146 4843 380 4917 placuit
412 4839 634 4900 minime
677 4838 795 4900 ﬁeri
839 4836 1060 4897 debere.
1093 4856 1112 4889 ι
1169 4835 1336 4892 Conc.
1395 4835 1766 4906 Ancyranum,

149 4955 206 4996 c.
241 4935 288 4990 ‘2
315 4952 329 4987 :
378 4951 398 4984 ‹
449 4933 719 4988 Diaconos
746 4929 998 4985 similiter
1026 4929 1118 4998 qui
1150 4927 1549 4991 sacriﬁcarunt,
1577 4935 1768 4996 postea

150 5039 357 5088 autem
391 5026 635 5081 reluctati
663 5030 810 5089 sunt,
833 5023 998 5078 alium
1015 5021 1232 5093 quidem
1257 5021 1521 5075 honorem
1545 5018 1769 5081 habere,

153 5124 326 5194 ipsos
351 5125 534 5172 autem
562 5118 628 5172 ab
658 5117 805 5171 omni
831 5114 1152 5171 sacerdotali
1186 5112 1511 5178 ministerio,
1541 5120 1596 5166 et
1612 5111 1768 5180 juxta

152 5212 420 5270 codicem
460 5209 715 5264 Ecclesia:
743 5209 1032 5272 universae,
1062 5208 1128 5261 ab
1154 5206 1302 5262 omni
1343 5219 1500 5259 sacro
1527 5205 1772 5258 ministe-

157 5307 254 5361 rio
287 5316 531 5368 cessare,
562 5310 616 5357 et
647 5317 842 5371 panem
878 5299 964 5355 vel
990 5299 1216 5354 calicem
1243 5296 1502 5352 oderendi
1528 5295 1612 5350 vel
1636 5311 1774 5366 pra:-

156 5392 419 5451 dicandi.
446 5414 463 5444 ι
492 5391 588 5446 llis
614 5393 814 5446 etenim
837 5391 1128 5461 aliquando
1163 5390 1449 5445 commissa
1481 5394 1567 5443 est
1593 5387 1775 5443 Domi-

155 5485 292 5542 nici
316 5484 597 5554 sanguinis
627 5483 989 5550 consecratio,
1026 5490 1085 5537 ut
1107 5491 1326 5538 sanctus
1345 5481 1664 5536 Ambrosius
1700 5487 1773 5535 tea

160 5585 364 5635 statur
405 5577 470 5630 de
505 5585 696 5633 sancto
739 5576 1032 5631 Laurentio
1073 5576 1325 5641 diacono,
1376 5575 1471 5629 lib.
1505 5591 1520 5628 ι
1563 5572 1780 5629 Ofﬁcio-

160 5687 329 5750 rurp,
353 5684 474 5740 cap.
499 5669 560 5724 41
594 5687 606 5723 z
639 5688 657 5722 ι
696 5669 959 5741 Experire
987 5677 1158 5736 certe,
1186 5675 1373 5723 utrum
1399 5668 1650 5723 idoneum
1675 5666 1778 5720 mi-

161 5767 420 5824 nistrum
447 5764 693 5837 elegeris,
737 5766 822 5820 cui
849 5763 1172 5821 commisisti
1204 5762 1471 5820 Dominici
1496 5760 1776 5832 sanguinis

1776 1755 1824 1816 Β

1811 1797 1824 1818 '
1850 1797 2082 1851 mondus
2113 1798 2165 1851 in
2196 1798 2309 1853 suis
2341 1797 2407 1852 ad
2456 1799 2602 1854 hunc
2647 1815 2910 1856 canonem
2958 1801 3120 1868 notis,
3167 1808 3293 1858 ante
3344 1803 3450 1864 hoc

1847 465 1973 519 dam
2020 472 2296 520 rexerunt.
2356 463 2522 520 Cone.
2575 463 2920 532 Eliberitan.,
2977 481 3098 521 can.
3135 467 3238 524 77:
3291 487 3311 522 ι
3377 469 3438 528 Si

1846 561 1968 630 quis
1994 560 2254 616 diaconus
2280 576 2473 632 regens
2496 561 2729 632 plebem,
2761 571 2866 619 etc.
2903 583 2922 616 ι
2950 563 3246 633 Gregorius
3266 566 3439 623 Turo-

1847 660 2050 724 nensis,
2104 659 2171 714 de
2222 659 2407 715 Gloria
2447 659 2842 729 confessorum,
2892 679 3012 736 cap.
3073 663 3189 720 50:
3239 683 3260 718 ι
3309 667 3442 724 Post

1848 754 2141 825 longinqua
2176 771 2306 810 vero
2357 772 2624 811 annorum
2670 759 2963 825 curricula,
3018 758 3302 829 Cautinus,
3345 764 3440 836 qui

1847 848 2016 920 ipsius
2036 848 2292 904 Arverna:
2317 849 2467 904 urbis
2492 839 2777 921 episcopus
2808 853 2964 907 datus
2998 862 3102 921 est,
3146 856 3200 911 in
3254 857 3438 912 diaco—

1847 950 1978 1000 natu
2015 958 2111 997 suo
2139 942 2439 998 Ecclesiam
2463 944 2581 1000 vice
2618 943 2763 999 illius
2795 945 2953 1000 rexit.
2990 967 3008 999 ι

1919 1056 1988 1111 Et
2035 1056 2283 1130 populum
2333 1056 2651 1122 benedicere.
2702 1058 2892 1120 Patres
2926 1062 3140 1121 concilii
3182 1064 3444 1138 Regensis

1847 1149 2177 1224 presbyteris
2216 1150 2538 1219 permittunt
2583 1161 2642 1206 ut
2679 1151 2933 1224 privatim
2961 1154 3307 1225 benedicant,
3336 1171 3444 1214 non

1848 1244 2059 1314 publice
2090 1244 2142 1296 in
2182 1243 2410 1300 ecclesia
2442 1262 2454 1298 :
2495 1262 2513 1294 ι
2564 1243 2632 1298 Et
2659 1245 2801 1304 inter
2827 1246 3064 1306 minutas
3109 1249 3205 1304 bas
3238 1249 3445 1306 discus-

1850 1335 2029 1390 siones
2051 1343 2104 1388 et
2136 1332 2443 1388 indeﬁnitas
2473 1335 2650 1390 visum
2682 1343 2764 1392 est
2813 1337 2958 1392 omni
3001 1339 3319 1410 presbytero
3348 1357 3445 1412 per

1850 1425 2103 1488 familias,
2134 1440 2232 1494 per
2259 1441 2437 1496 agros,
2467 1441 2563 1495 per
2597 1427 2836 1498 privatas
2861 1428 3070 1494 domos,
3109 1445 3206 1500 pro
3229 1431 3445 1488 deside-

1849 1518 1931 1572 rio
1956 1518 2216 1582 ﬁdelium,
2246 1517 2559 1574 facultatem
2599 1521 2991 1576 benedicﬁonis
3029 1525 3266 1594 aperire,
3301 1525 3447 1596 quod

1850 1612 2136 1668 nonnullas
2173 1611 2286 1682 jam
2339 1613 2647 1684 provincias
2695 1614 2898 1670 habere
2937 1617 3228 1673 succurrit.
3260 1637 3280 1674 ι
3335 1617 3450 1676 Nec

1848 1705 2104 1774 privatim
2130 1720 2281 1774 ergo,
2311 1715 2369 1762 ut
2396 1714 2543 1763 recte
2574 1706 2960 1764 animadvertit
3003 1724 3056 1763 v.
3108 1707 3177 1764 cl.
3225 1705 3277 1770 εἶ.
3328 1708 3446 1764 Sir-

1849 1898 2062 1966 tempus
2093 1891 2393 1964 presbyteri
2433 1891 2866 1948 benedictionem
2893 1893 3093 1949 dabant
3121 1895 3175 1949 in
3213 1895 3297 1950 his
3324 1910 3451 1964 pro-

1847 1982 2043 2040 vinciis
2071 1982 2279 2039 Galliae.
2323 1982 2381 2038 In
2420 1983 2626 2053 synodo
2670 1984 2968 2054 Agatbensi
3011 1985 3284 2060 publicam
3330 1993 3446 2042 tan-

1850 2083 1966 2138 tum
1995 2078 2123 2136 dare
2147 2076 2524 2148 prohibentur,
2553 2093 2661 2134 non
2706 2079 2994 2148 privatam.
3040 2077 3100 2136 C.
3144 2079 3213 2134 44
3243 2099 3255 2133 :
3285 2098 3305 2134 ‹
3341 2081 3446 2138 Be-

1848 2168 2207 2228 nedictioneai
2245 2185 2408 2242 super
2433 2171 2646 2241 plebem
2677 2171 2731 2226 in
2775 2171 3005 2227 ecclesia
3033 2169 3258 2230 fundere
3287 2187 3443 2243 pres-

1845 2263 2043 2334 bytero
2079 2261 2291 2334 penitus
2322 2276 2428 2318 non
2453 2261 2654 2320 licebit.
2692 2281 2710 2316 ι
2745 2261 2812 2322 Et
2846 2263 3134 2336 nequidem
3175 2264 3429 2335 chorepi-

1850 2355 2029 2424 scopis
2060 2354 2185 2410 licet
2223 2370 2290 2410 ex
2321 2353 2501 2410 Caroli
2533 2354 2708 2424 Magni
2751 2353 3016 2428 Capitulis
3040 2356 3446 2425 ecclesiasticis,

1853 2448 1934 2502 tit.
1966 2463 2042 2513 iv,
2067 2462 2186 2518 cap.
2217 2448 2283 2502 2:
2336 2447 2569 2515 Placuit,
2613 2449 2754 2508 sicut
2804 2449 3000 2504 Leonis
3027 2465 3180 2522 papae
3225 2459 3280 2508 et
3331 2467 3447 2507 om-

1851 2540 2002 2597 nium
2037 2542 2415 2610 episcoporum
2445 2549 2757 2596 nostrorum
2780 2551 2942 2612 atque
2962 2542 3292 2613 reliquorum
3322 2542 3454 2600 ﬁde-

1850 2631 1982 2690 lium
2018 2632 2254 2706 generali
2299 2641 2351 2686 et
2379 2632 2621 2709 synodali
2678 2633 2928 2688 consultu
2973 2616 3336 2700 decrevimus,
3386 2643 3449 2690 ut

1852 2724 2034 2782 nullus
2069 2725 2506 2795 ehorepiseopus,
2540 2733 2669 2790 ete.,
2701 2726 3132 2796 benedictionem
3163 2729 3216 2792 iu
3236 2727 3454 2798 publica

1854 2815 2021 2872 missa
2059 2816 2270 2888 populis
2310 2817 2550 2871 tribuere
2584 2827 2897 2886 praesumat.
2936 2817 3066 2888 Quae
3092 2821 3276 2884 omnia
3305 2835 3452 2878 sum-

1854 2905 1960 2960 mis
1995 2906 2361 2978 pontiﬁcibus,
2412 2907 2465 2964 id
2509 2915 2590 2962 est
2633 2909 3036 2971 cathedralibus
3061 2912 3328 2984 episcopis
3359 2912 3456 2969 de.-

1855 2997 2073 3063 bentur,
2105 3005 2160 3053 et
2203 3013 2311 3052 non
2340 2997 2748 3068 chorepiscopis
2790 3000 2874 3054 vel
2921 3003 3270 3076 presbyteris,
3323 3019 3457 3076 quo-

1857 3104 1978 3147 rum
2034 3087 2266 3144 formam
2315 3087 2474 3157 juxta
2531 3099 2844 3146 sanctorum
2912 3108 3183 3152 canonum
3232 3095 3454 3160 decreta

1858 3179 2231 3262 chorepiscopi
2269 3187 2511 3250 gerunt:
2566 3181 2612 3236 si
2661 3193 2840 3237 autem
2899 3184 2937 3241 ii
2996 3184 3197 3258 aliquid
3251 3201 3320 3248 ex
3371 3188 3461 3244 his

1860 3284 2020 3340 agere
2056 3271 2411 3335 tentaverint,
2456 3271 2614 3326 irrita
2639 3280 2800 3326 erunt
2833 3289 2953 3343 qua:
2985 3276 3052 3330 ab
3075 3275 3142 3331 iis
3171 3286 3456 3348 geruntur,

1859 3370 1914 3417 et
1935 3362 2034 3434 ipsi
2073 3363 2219 3417 omni
2273 3361 2642 3418 ecclesiastico
2697 3364 2900 3420 honore
2948 3365 3191 3424 funditus
3238 3368 3458 3440 priven-

1863 3460 1970 3512 tur.
2010 3474 2028 3508 ι
2056 3453 2113 3514 lu
2155 3455 2378 3512 Oriente
2409 3469 2535 3510 vero
2556 3465 2842 3526 utramque
2867 3459 3204 3530 presbyteris
3226 3475 3457 3518 conces-

1862 3560 1980 3600 sam
2009 3560 2130 3602 esse
2159 3547 2376 3602 elicitur
2410 3562 2474 3602 ex
2504 3547 2683 3606 verbis
2709 3550 2882 3608 sancti
2917 3549 3097 3608 Basilii
3120 3551 3187 3606 ad
3231 3551 3460 3624 Amphi-

1863 3636 2100 3693 lochium
2143 3655 2192 3693 c.
2224 3638 2333 3692 97:
2386 3639 2462 3694 De
2505 3640 2823 3710 presbytero
2867 3639 3091 3701 nefariis
3130 3643 3334 3714 nuptiis
3365 3658 3462 3714 per

1865 3728 2227 3800 ignorantiam
2259 3729 2540 3800 implicito.
2565 3749 2582 3780 ι
2618 3729 2726 3786 Nec
2748 3731 2976 3800 publice,
3001 3732 3198 3806 inquit,
3221 3749 3320 3794 nec
3342 3734 3461 3808 pri-

1865 3822 2033 3876 vatim
2057 3823 2362 3878 benedicat.
2399 3843 2416 3875 ι
2446 3823 2590 3876 ldem
2615 3838 2680 3876 ex
2706 3823 2926 3886 humilia
2951 3824 3018 3878 54
3045 3823 3270 3881 Joannis
3295 3825 3461 3899 Chry-

1867 3916 2092 3974 sostomi
2136 3916 2188 3970 in
2227 3931 2346 3993 cap.
2391 3931 2445 3976 ιιι
2497 3915 2766 3982 Mattluci;
2820 3919 2962 3988 quod
3009 3929 3194 3992 aperte
3224 3920 3463 3978 declarat

1866 4016 2030 4078 atque
2061 4009 2344 4064 conﬁrmat
2379 4007 2518 4062 infra
2549 4007 2865 4070 Theodorus,
2893 4009 2948 4068 in
2985 4010 3092 4066 ﬁne
3118 4026 3237 4090 cap.
3269 4011 3303 4066 5
3339 4013 3463 4068 Ρω-

1866 4103 2057 4158 nitent.

1939 4210 2216 4283 Presbyter
2242 4212 2472 4276 decimas
2507 4213 2636 4274 dare
2666 4231 2771 4272 non
2804 4216 3031 4285 cogitur.
3064 4214 3347 4285 Indignum
3375 4223 3462 4274 est

1867 4306 2033 4372 enim,
2061 4306 2235 4375 inquit
2280 4305 2594 4377 Gregorius,
2641 4315 2702 4366 ut
2739 4324 2768 4364 a
2796 4307 3008 4365 clericis
3035 4307 3342 4377 exigantur,
3369 4308 3464 4376 qui

1868 4412 2090 4474 prepter
2129 4418 2274 4468 eum,
2319 4401 2474 4471 cujus
2503 4411 2629 4460 sunt
2652 4403 2895 4467 decima},
2926 4415 3192 4472 pauperes
3219 4401 3461 4456 eﬂiciun-

1722 4561 1733 4571 .
1789 4495 1847 4566 D
1872 4505 1978 4552 tur.
2009 4496 2140 4554 Vide
2162 4493 2408 4566 Append.
2437 4509 2588 4550 conc.
2618 4493 2868 4550 Lateran.
2908 4509 2967 4548 ιιι
2987 4533 3002 4557 ,
3047 4508 3168 4562 cap.
3199 4493 3251 4548 9.
3286 4494 3465 4558 Quare

1872 4588 2014 4644 infra
2040 4587 2258 4652 dicitur,
2287 4603 2408 4657 cap.
2441 4587 2508 4642 15
2539 4605 2550 4640 :
2581 4605 2600 4638 ‹
2637 4585 2883 4641 Decimas
2906 4599 3013 4640 non
3049 4592 3132 4640 est
3162 4584 3460 4655 legitimum

1873 4677 2022 4742 dare,
2070 4678 2173 4732 nisi
2219 4677 2549 4748 pauperibus
2588 4684 2644 4731 et
2689 4676 3010 4746 peregrinis.
3045 4695 3065 4729 ι
3103 4677 3237 4732 Vide
3269 4676 3466 4730 librum

1872 4770 2097 4827 Joannis
2147 4770 2400 4835 Launoii,
2452 4769 2693 4825 doctoris
2741 4769 3102 4836 celeberrimi,
3153 4771 3220 4825 de
3267 4769 3468 4824 Deﬁni-

1877 4861 2022 4918 tione
2048 4864 2313 4920 bonorum
2359 4860 2634 4926 Ecclesiui,
2674 4861 2726 4916 in
2763 4877 2872 4931 quo
2912 4861 3210 4917 innumeris
3244 4861 3469 4918 Patrum

1878 4956 2202 5011 testimoniis
2237 4955 2430 5025 probat
2453 4956 2594 5010 bona
2627 4954 2885 5010 Ecclesia:
2915 4969 3040 5037 esse
3078 4956 3217 5012 bona
3259 4969 3469 5027 paupe-

1876 5063 1998 5103 rum
2025 5066 2038 5112 ;
2070 5048 2266 5117 quibus
2299 5045 2586 5118 adiungam
2615 5049 2936 5105 sententiam
2964 5048 3209 5119 magistri
3247 5047 3470 5108 Roberti

1877 5141 1942 5196 de
1964 5140 2216 5206 Chorcon
2249 5141 2301 5195 in
2343 5156 2444 5202 sua
2480 5140 2722 5206 Summa,
2757 5141 2846 5195 ubi
2871 5149 3062 5211 quaest.
3098 5141 3187 5206 15,
3232 5141 3297 5195 de
3334 5140 3474 5194 deci-

1875 5235 1996 5299 mis,
2031 5249 2149 5302 cap.
2197 5234 2250 5298 5,
2305 5235 2444 5288 hanc
2481 5241 2680 5292 traCtat
2723 5233 3094 5302 quaestionem,
3133 5234 3323 5289 Utrum
3364 5234 3474 5290 cle-

1883 5325 1982 5380 rici
2015 5333 2274 5380 tenentur
2300 5325 2540 5380 decimas
2564 5323 2796 5382 solvere.

1884 5457 2089 5516 Selecta
2121 5477 2184 5513 ex
2217 5457 2436 5514 Summa
2467 5473 2563 5511 ms.
2609 5455 2849 5527 magistri
2877 5454 3088 5512 Roberti
3118 5457 3182 5511 de
3209 5453 3470 5522 Chorcou,

2239 5540 2424 5600 qua'st.
2461 5528 2528 5582 15
2558 5528 2622 5582 de
2651 5527 2886 5592 decimis,
2925 5546 3040 5598 cap.
3061 5529 3112 5581 '5.

1954 5644 2192 5699 Dicimus
2221 5643 2364 5713 quod
2394 5657 2550 5698 secus
2596 5615 2679 5696 est
2723 5643 2790 5696 de
2828 5641 2966 5698 laico
3015 5642 3106 5714 qui
3151 5640 3316 5696 habet
3351 5650 3474 5710 pro-

1881 5737 2076 5808 prium,
2104 5747 2159 5792 et
2189 5751 2345 5793 secus
2379 5744 2464 5793 est
2502 5737 2574 5792 de
2593 5735 2794 5792 clerico
2831 5735 2925 5810 qui
2948 5751 3055 5791 non
3088 5744 3172 5791 est
3196 5747 3474 5794 possessor
