4020 6360
596 324 734 378 1119

1686 320 1775 375 AD
1814 315 2353 376 POENITENTIALE
2393 313 2740 372 THEODOR!

3722 329 3851 388 11Ξο

591 458 780 502 eorum
825 456 946 512 quae
987 440 1171 509 habet,
1221 443 1314 497 sed
1364 451 1571 496 tantum
1615 441 1973 511 dispensator.
2016 439 2172 508 juxta
2196 441 2251 496 Α
2346 431 2682 501 Sacriﬁcium
2718 447 2821 486 non
2847 442 2922 486 est
2951 434 3315 502 accipiendum
3341 437 3406 490 de
3429 455 3594 493 manu
3615 447 3855 501 sacerdo-

587 535 923 609 Apostolum,
945 534 1038 604 qui
1064 534 1141 588 ait
1164 551 1178 587 :
1212 533 1543 605 Dispensatio
1571 534 1726 589 nobis
1753 534 1947 587 credita
1978 543 2073 586 est.
2100 530 2168 584 Et

586 626 741 698 juxta
781 625 1188 696 Hieronymum,
1223 626 1313 694 qui
1349 625 1425 679 ait
1467 640 1576 689 xvr,
1619 634 1810 694 quzest.
1846 625 1900 690 1,
1938 638 2056 693 cap.
2084 622 2168 676 ul-

590 721 722 774 timo
757 737 770 773 :
815 737 833 769 (
864 717 1128 788 Quidquid
1157 719 1355 772 habent
1393 718 1608 784 clerici,
1639 733 1939 790 pauperum
1974 727 2075 790 est,
2113 725 2169 772 et

588 811 711 866 ideo
752 810 941 868 domus
975 825 1161 865 eorum
1197 810 1393 864 debent
1431 825 1549 864 esse
1587 825 1919 865 communes.
1961 829 1978 861 ι
2015 808 2168 864 Unde

587 904 819 959 clericus
851 911 1027 972 potest
1077 903 1317 972 recipere
1363 903 1428 959 de
1467 903 1623 957 bonis
1661 901 2074 965 ecclesiasticis,
2109 906 2170 953 ut

587 1001 924 1069 dispensator
958 1004 1014 1052 et
1037 1012 1246 1062 servus,
1277 1013 1395 1066 quae
1420 995 1692 1050 sufﬁciunt
1734 996 1780 1050 ei
1825 1002 1880 1049 et
1920 1001 2064 1047 arcte
2089 991 2169 1045 fa-

585 1091 767 1154 milias,
806 1097 862 1144 et
899 1090 1124 1144 honeste
1149 1089 1216 1142 ad
1241 1087 1595 1151 esculentum,
1634 1095 1684 1141 et
1723 1085 2087 1155 poculentum,
2115 1091 2171 1138 et

585 1182 977 1235 indumentum.
1028 1179 1098 1234 Et
1155 1179 1256 1244 his,
1311 1187 1371 1233 ut
1417 1178 1549 1232 dicit
1594 1176 1900 1246 Apostolus,
1942 1174 2168 1228 contenti

583 1272 768 1336 simus,
801 1279 857 1325 et
902 1279 1072 1324 totum
1116 1269 1391 1324 residuum
1435 1267 1502 1322 de
1537 1267 1662 1336 jure
1691 1267 1936 1321 districto
1963 1277 2168 1334 paupe-

585 1379 702 1418 rum
725 1373 824 1418 est.
845 1363 996 1419 Unde
1018 1363 1198 1417 clerici
1215 1362 1333 1417 loco
1347 1361 1702 1424 decimarum,
1719 1374 1853 1428 quas
1872 1358 2000 1412 dant
2019 1356 2164 1421 laici,

584 1459 856 1514 residuum
883 1474 914 1512 a
936 1457 1320 1514 sufﬁcientibus
1362 1456 1464 1512 sibi
1497 1464 1552 1511 et
1577 1470 1688 1510 sua:
1713 1452 1930 1507 familia:
1972 1451 2027 1504 in
2052 1449 2168 1520 pias

583 1565 742 1605 curas
800 1565 1096 1620 pauperum
1145 1557 1199 1604 et
1243 1548 1496 1604 Ecclesia:
1546 1555 1799 1601 tenentur
1842 1541 2108 1612 impartiri
2149 1557 2164 1593 :

584 1641 730 1710 quia,
763 1642 806 1696 si
836 1641 976 1695 ultra
1001 1641 1308 1696 necessaria
1354 1639 1609 1705 retinent,
1653 1646 1791 1691 teste
1815 1635 2165 1705 Hieronymo,

513 1775 526 1790 .
583 1741 827 1804 raptores
846 1743 990 1790 sunt.
1018 1734 1169 1790 Unde
1208 1735 1306 1801 ait,
1333 1754 1351 1785 ‹
1385 1735 1572 1790 Aliena
1598 1749 1785 1803 rapere
1805 1730 2162 1794 convincitur,

583 1827 827 1898 quisquis
853 1827 993 1882 ultra
1018 1830 1323 1884 necessaria
1349 1830 1581 1884 retinere
1612 1835 1856 1882 conatur.
1891 1846 1909 1876 ›
1938 1826 2006 1879 Ει
2035 1822 2166 1878 dicit
2195 1807 2242 1868 Β

584 1920 916 1991 Gregorius:
956 1939 974 1972 ‹
1005 1919 1140 1976 Cum
1164 1921 1490 1992 pauperibus
1533 1921 1672 1974 bona
1718 1918 2024 1982 tribuimus,
2059 1929 2168 1969 non

585 2021 772 2066 nostra
794 2011 899 2066 illis
929 2012 1140 2075 damus,
1165 2012 1258 2065 sed
1284 2027 1380 2064 sua
1410 2011 1542 2080 ipsis
1566 2009 1856 2064 reddimus.
1884 2006 2036 2061 Unde
2062 2019 2169 2059 non

586 2101 786 2155 dicitur
821 2102 1186 2156 misericordia
1220 2110 1444 2166 tantum,
1474 2103 1731 2172 quoniam
1779 2102 1918 2156 bona
1968 2113 2170 2168 paupe-

587 2196 738 2250 ribus
773 2195 1160 2260 distribuimus,
1195 2197 1289 2250 sed
1311 2195 1540 2264 justitia.
1586 2216 1605 2247 ›
1647 2195 1798 2250 Unde
1822 2194 1877 2248 in
1913 2193 2118 2263 psalmo
2150 2211 2163 2246 :

586 2289 860 2358 Dispersit,
893 2289 1036 2343 dedit
1072 2289 1406 2360 pauperibus,
1433 2289 1645 2358 justitia
1681 2289 1817 2358 ejus,
1861 2296 1968 2341 etc.
2034 2285 2168 2352 Quia

583 2385 652 2439 de
669 2385 791 2455 jure
817 2385 1064 2439 districto
1096 2393 1344 2438 tenemur
1386 2399 1486 2438 nos
1535 2382 1720 2439 clerici
1766 2381 1896 2436 dare
1923 2380 2171 2451 pauperi-

585 2478 686 2531 bus
733 2478 914 2532 omnia
959 2493 1023 2533 ea
1047 2493 1168 2546 qua:
1208 2485 1495 2546 supersunt
1539 2477 1714 2541 nobis,
1752 2474 1907 2529 nobis
1940 2482 1995 2528 et
2023 2481 2171 2526 arcte

585 2565 802 2622 familia:
845 2569 1167 2623 necessariis
1220 2569 1467 2636 sumptis.
1521 2565 1674 2621 Unde
1725 2565 1780 2618 in
1833 2562 2166 2634 Evangelio:

587 2655 738 2723 Quod
782 2669 1046 2728 superest,
1090 2660 1210 2714 date
1257 2659 1669 2728 eleemosynam,
1725 2667 1773 2711 et
1830 2673 1945 2710 ecce
1993 2656 2172 2709 omnia

579 2753 780 2809 munda
821 2764 942 2808 sunt
983 2755 1142 2808 vobis.
1180 2754 1248 2808 Et
1292 2754 1434 2807 idem
1480 2753 1677 2806 dicitur
1724 2767 1838 2816 xvr,
1888 2758 2088 2836 quaest.
2117 2749 2167 2802 1.

655 2845 965 2918 Presbytero
1018 2865 1122 2902 non
1170 2846 1287 2900 licet
1333 2856 1602 2916 peccatum
1653 2844 1878 2915 episcopi
1927 2841 2168 2914 prodere,

583 2937 707 3009 quia
735 2953 890 3006 super
915 2953 1032 2990 eum
1077 2946 1172 2990 est.
1215 2937 1416 2990 Eodem
1457 2935 1616 2988 modo
1655 2933 1936 3001 judicabat
1982 2932 2171 2986 Abun-

585 3029 706 3084 dius
747 3029 1030 3098 episcopus
1063 3029 1117 3082 in
1163 3027 1392 3082 concilio
1440 3028 1683 3080 Romano
1727 3026 1826 3079 sub
1876 3023 2028 3077 Sixto
2062 3022 2168 3077 lll:

591 3139 609 3171 ‹
652 3119 948 3188 Respondit
978 3126 1032 3172 et
1077 3119 1212 3172 dixit
1255 3133 1269 3170 :
1317 3117 1433 3174 Non
1468 3119 1593 3172 licet
1630 3132 1954 3187 quemquam
2011 3132 2168 3171 accu-

581 3227 706 3268 sare
733 3210 1042 3280 pontiﬁcem
1069 3227 1248 3276 suum,
1281 3211 1536 3280 quoniam
1562 3210 1725 3280 judex
1765 3224 1873 3263 non
1896 3207 2165 3276 judicabi-

585 3312 690 3356 tur.
717 3300 829 3356 Nisi
861 3310 1038 3356 tamen
1063 3317 1094 3356 a
1122 3311 1270 3356 recta
1297 3302 1400 3357 ﬁde
1429 3301 1832 3356 exorbitaverit.
1870 3321 1889 3353 ι
1924 3300 2076 3356 Sicut
2100 3303 2169 3357 ad

583 3393 892 3449 universale
938 3393 1225 3448 concilium
1271 3395 1602 3464 Ephesinum
1651 3393 1841 3447 scribit
1889 3391 2170 3447 Charisius

585 3486 898 3572 presbyter!
968 3501 1276 3541 mconomus
1334 3486 1748 3556 Philadelphiae,
1805 3485 1889 3539 his
1941 3485 2165 3540 verbis:

592 3598 611 3630 ι
643 3579 828 3635 Oratio
851 3581 1066 3650 quidem
1089 3591 1174 3636 est
1198 3583 1438 3636 omnium
1462 3582 1554 3651 qui
1577 3583 1713 3636 bene
1736 3581 1973 3650 sapiunt,
2001 3581 2170 3634 hono-

586 3688 701 3728 rem
733 3687 945 3744 semper
984 3683 1040 3728 et
1080 3675 1358 3730 decentem
1389 3674 1745 3728 reverentiam
1802 3672 2170 3742 spiritualibus

585 3766 821 3821 maxime
842 3767 1092 3822 Patribus
1118 3776 1174 3822 et
1197 3767 1509 3823 doctoribus
1534 3767 1808 3822 exhibere.
1837 3767 1895 3821 Si
1922 3783 2050 3822 vero
2072 3767 2168 3820 ali-

584 3857 709 3912 cubi
745 3859 1049 3929 contigerit,
1082 3873 1174 3914 eos
1213 3860 1304 3930 qui
1339 3861 1534 3915 docere
1578 3860 1773 3914 debent
1818 3860 1946 3915 talia
1992 3861 2167 3930 subje-

583 3959 718 4014 ctos,
753 3953 818 4006 de
846 3953 950 4006 ﬁde
990 3954 1239 4008 insonare
1273 3969 1394 4024 quae
1433 3954 1675 4008 omnium
1720 3969 1880 4008 aures
1922 3962 1976 4008 et
2003 3953 2165 4007 corda

582 4041 800 4107 laedunt,
829 4044 1190 4097 necessarium
1228 4053 1312 4098 est
1344 4044 1588 4100 ordinem
1618 4043 1960 4108 commutari,
1989 4052 2043 4097 et
2074 4058 2167 4098 eos

585 4132 676 4201 qui
697 4129 838 4188 male
866 4133 1058 4189 docere
1090 4142 1376 4201 conantur,
1424 4150 1455 4189 a
1500 4136 1798 4191 minoribus
1825 4135 2096 4204 redargui.
2141 4154 2160 4187 ι

583 4221 736 4290 Quod
780 4224 835 4279 in
869 4225 1074 4295 synodo
1125 4225 1369 4282 Romana
1415 4244 1448 4282 v
1502 4228 1859 4298 Symmachus
1903 4243 1933 4282 a
1981 4227 2165 4283 multis

580 4317 1012 4371 antecessoribus
1035 4319 1146 4373 suis
1186 4318 1462 4374 decretum
1495 4329 1658 4390 atque
1690 4319 1962 4374 ﬁrmatum
1989 4319 2119 4373 dicit
2146 4337 2160 4373 :

583 4421 607 4460 ι
633 4405 750 4462 Non
779 4423 908 4478 ergo
933 4423 1155 4465 necesse
1198 4419 1282 4466 est
1312 4427 1474 4482 super
1506 4412 1588 4467 his
1625 4413 2028 4479 novar‘cudere,
2067 4411 2162 4468 sed

2267 526 2351 578 tis.
2391 523 2494 591 Qui
2536 524 2744 580 scilicet
2793 525 3092 581 oblationes
3130 526 3216 582 vel
3263 527 3522 586 lectiones
3562 538 3854 596 secundum

2267 616 2431 670 ritum
2455 615 2676 686 implere
2704 633 2810 671 non
2846 626 3040 688 potest.
3071 617 3279 676 Concil.
3310 621 3618 681 Romanum
3649 631 3750 684 sub
3775 631 3854 688 Hi-

2268 706 2407 761 lario
2428 722 2564 778 papa
2593 707 2944 774 celebratum,
2973 726 3094 765 can.
3122 710 3156 764 ὅ
3192 730 3204 764 :
3241 730 3258 763 ι
3295 712 3452 769 lnscii
3481 732 3706 788 quoque
3726 720 3854 778 litte-

2267 819 2537 858 rarum....
2579 804 2644 858 ad
2675 819 2859 859 sacros
2899 805 3116 861 ordines
3161 807 3404 877 aspirare
3447 827 3556 866 non
3603 813 3844 869 audeant.

2267 895 2521 966 Quisquis
2550 896 2735 951 talium
2766 907 3114 958 consecrator
3137 900 3430 967 exstiterit,
3466 902 3678 957 factum
3710 921 3850 962 suum

2267 984 2538 1041 dissulvet.
2576 1008 2592 1038 ι
2619 986 2784 1042 Cone.
2816 987 3092 1042 Aurelian.
3139 1006 3202 1055 ιι,
3234 1006 3354 1044 can.
3408 992 3475 1046 16
3506 1011 3518 1045 :
3554 1011 3576 1044 σ
3638 993 3851 1068 Presby-

2271 1083 2353 1128 ter
2382 1075 2466 1129 vel
2493 1076 2750 1130 diaconus
2778 1077 2895 1131 sine
2929 1076 3140 1143 litteris,
3188 1078 3271 1132 vel
3298 1079 3344 1132 si
3374 1079 3693 1150 baptizandi
3720 1085 3847 1139 ordi-

2269 1181 2392 1221 nem
2438 1168 2662 1230 nesciat,
2708 1167 3014 1224 nullatenus
3048 1169 3344 1225 ordinetur.
3393 1190 3413 1223 ι
3449 1172 3588 1228 Vide
3637 1173 3850 1244 Regino-

2269 1275 2392 1314 nem
2421 1259 2512 1313 lib.
2544 1260 2610 1314 de
2637 1261 2829 1315 eccles.
2860 1260 3187 1329 Disciplinis,
3229 1263 3473 1332 inquisit.
3503 1263 3600 1331 83,
3630 1274 3689 1319 et
3714 1276 3848 1323 notas

2271 1349 2527 1421 Stephani
2551 1351 2754 1406 Baluzii
2800 1354 2904 1407 viri
2941 1354 3312 1422 eruditissimi,
3373 1358 3466 1427 qui
3497 1358 3565 1414 de
3591 1360 3780 1415 eadem
3800 1379 3848 1419 re

2270 1447 2400 1501 citat
2445 1447 2695 1501 Carolum
2735 1446 2957 1502 Calvum
3001 1450 3055 1504 in
3097 1450 3322 1519 epistola
3358 1450 3425 1504 ad
3457 1451 3742 1508 Nicolaum
3774 1471 3848 1525 pa-

2269 1553 2408 1607 pam,
2436 1539 2721 1593 concilium
2755 1539 3115 1606 Valentinum,
3160 1551 3215 1597 et
3261 1541 3621 1599 Hincmamm
3663 1547 3716 1600 in
3743 1562 3843 1619 cap.

2269 1629 2337 1683 36
2364 1632 2678 1700 posterioris
2707 1633 2888 1702 operis
2917 1634 3176 1691 adversus
3203 1635 3652 1694 GOthescalcum.

2343 1744 2643 1800 Sacerdotis
2663 1748 2752 1818 qui
2775 1746 3040 1802 lectiones.
3071 1748 3130 1802 In
3159 1750 3480 1819 quibusdam
3508 1754 3751 1810 ecclesiis
3777 1773 3846 1810 sa-

2271 1836 2518 1890 cerdotes
2549 1846 2765 1892 sanctas
2806 1835 3116 1908 Scripturas
3146 1839 3416 1909 legebant.
3446 1843 3524 1898 De
3548 1861 3658 1914 quo
3693 1845 3842 1901 Soza-

2269 1943 2480 1992 menus,
2521 1927 2616 1982 lib.
2667 1945 2741 1982 vn
2782 1929 2976 1984 eccles.
3021 1929 3249 1998 Histor.,
3295 1948 3416 2002 cap.
3448 1935 3535 1996 l9,
3576 1937 3736 1991 refert
3759 1955 3842 1992 va-

2271 2019 2405 2072 riam
2443 2019 2799 2088 disciplinam,
2841 2036 3033 2092 nempe
3079 2022 3218 2091 apud
3260 2013 3652 2082 Alexan‘drinos
3683 2030 3840 2083 solum

2270 2111 2707 2166 archidiaconum
2749 2128 2964 2168 sacrum
3009 2115 3250 2170 codicem
3297 2116 3498 2187 legere,
3550 2120 3672 2175 alibi
3716 2138 3832 2176 vero

2270 2203 2564 2257 diaconos:
2600 2203 2653 2257 in
2695 2204 2878 2259 multis
2919 2214 3097 2261 autem
3134 2207 3382 2263 ecclesiis
3416 2210 3548 2264 solos
3585 2211 3828 2266 duntaxat

2270 2295 2652 2364 presbyteros:
2686 2295 2882 2349 alicubi
2910 2295 2965 2349 in
2993 2297 3277 2366 praecipuis
3320 2297 3687 2354 festivitatibus
3722 2304 3830 2371 epi-

2270 2401 2460 2456 scopos
2483 2385 2679 2456 legere,
2710 2396 2769 2440 ut
2794 2387 3259 2459 Constantinopoli
3303 2391 3481 2459 primo
3508 2391 3591 2445 die
3629 2393 3842 2448 Pascha-

2271 2478 2340 2532 tis
2378 2477 2722 2547 Evangelium
2772 2481 3038 2548 praecipue
3087 2480 3353 2551 legebant.
3413 2483 3490 2538 De
3533 2485 3842 2555 presbyteris

2270 2576 2454 2636 postea
2484 2567 2715 2621 dicitur:
2758 2587 2775 2618 ι
2816 2567 3109 2640 Presbyter
3137 2572 3183 2623 si
3209 2574 3555 2640 responsoria
3588 2585 3762 2629 cantat
3797 2577 3843 2630 in

2272 2659 2435 2714 missa
2467 2659 2550 2714 vel
2589 2676 2942 2731 quaecunque,
2989 2678 3210 2733 cappam
3239 2680 3395 2720 suam
3421 2683 3532 2722 non
3568 2669 3740 2735 tollat,
3764 2669 3844 2724 sed

2270 2751 2622 2822 Evangelium
2644 2753 2829 2823 legens
2865 2770 3028 2824 super
3057 2756 3309 2811 humeros
3334 2769 3521 2828 ponat.
3558 2781 3578 2813 ι

2342 2839 2575 2911 Cappam
2605 2859 2776 2896 suam.
2803 2843 3044 2900 Clericos
3066 2847 3140 2900 uti
3168 2862 3336 2917 cappa
3363 2849 3583 2904 diversa
3604 2867 3635 2905 a
3660 2852 3846 2905 czeteris

2271 2934 2663 2988 monachorum
2679 2943 2734 2988 et
2747 2934 2975 2990 aliorum
2995 2936 3234 2992 declarat
3247 2949 3552 2996 conventus
3572 2942 3844 3012 Aquisgra—

2271 3022 2473 3086 mensis,
2498 3038 2615 3092 cap.
2647 3023 2837 3090 12-61;
2870 3027 3064 3081 concil.
3096 3029 3375 3084 Vaurense
3399 3047 3525 3086 can.
3556 3031 3651 3097 46,
3682 3033 3732 3086 in
3756 3048 3844 3101 quo

2271 3115 2586 3182 prohibetur
2609 3131 2677 3169 ne
2701 3132 2881 3187 cappm
2902 3118 3144 3175 ecclesiae
3170 3137 3268 3192 per
3289 3122 3458 3177 laicos
3485 3123 3540 3177 in
3564 3123 3720 3178 festis
3741 3139 3846 3178 con-

2271 3205 2672 3261 lraternitalum
2689 3208 3021 3264 deferantur.
3042 3211 3306 3284 Tempore
3326 3215 3629 3282 Theodori,
3645 3227 3697 3271 et
3715 3219 3847 3286 longe

2270 3297 2422 3367 prius
2440 3297 2740 3366 peculiares
2776 3310 2934 3355 erant
2954 3301 3272 3358 clericorum
3303 3317 3485 3362 vestes
3512 3309 3569 3362 in
3597 3310 3847 3379 plerisque

2270 3387 2533 3451 ecclesiis,
2553 3391 2692 3445 sicut
2716 3392 2951 3461 probant
2979 3395 3286 3468 testimonia
3309 3397 3558 3470 Gregorii
3588 3402 3842 3456 Turonen-

2271 3479 2368 3543 sis,
2392 3479 2484 3539 lib.
2509 3480 2697 3536 vHist.
2726 3498 2845 3554 cap.
2874 3485 2970 3548 l4;
3003 3502 3156 3541 conc.
3185 3503 3245 3542 ιιι
3276 3487 3844 3566 Carthaginens.,can.

2269 3571 2360 3636 41,
2388 3582 2482 3626 aut
2510 3573 2687 3642 potius
2710 3575 2798 3637 60,
2833 3576 2986 3646 juxta
3017 3578 3258 3633 ordinem
3283 3581 3489 3636 codicis
3513 3585 3847 3654 antiquorum

2270 3663 2525 3718 Ecclesim
2549 3675 2872 3722 statutorum
2893 3685 2907 3734 ;
2932 3667 3245 3741 Hieronym.
3273 3673 3327 3727 in
3353 3673 3747 3732 Commentarii
3768 3677 3848 3732 lib.

2269 3772 2366 3810 xm
2397 3757 2449 3810 in
2481 3758 2729 3813 Ezechiel
2754 3776 2872 3830 cap.
2899 3777 3044 3825 xuv,
3071 3771 3125 3816 et
3155 3779 3308 3818 conc.
3338 3765 3586 3833 Laodic.,
3613 3784 3738 3824 can.
3772 3770 3848 3823 12.

2271 3849 2377 3903 Sed
2399 3859 2524 3904 ante
2548 3852 2648 3905 hoc
2666 3860 2877 3923 tempus
2902 3854 2954 3908 id
2969 3855 3155 3910 nullibi
3173 3871 3434 3928 apparere
3449 3860 3655 3916 indicat
3676 3862 3851 3918 Henrio

2269 3956 2364 3995 cus
2381 3941 2624 3997 Valesius
2640 3944 2722 3997 vir
2742 3945 3086 4002 doctissimus
3107 3949 3160 4002 in
3177 3949 3288 4003 suis
3299 3951 3442 4005 notis
3453 3952 3522 4005 ad
3537 3968 3658 4023 cap.
3682 3955 3749 4008 19
3771 3955 3846 4008 lib.

2267 4048 2320 4085 vr
2345 4031 2544 4086 Hister.
2575 4035 2768 4091 ecclcs.
2805 4037 3023 4092 Eusebii
3052 4058 3064 4091 :
3099 4058 3117 4089 ι
3150 4040 3408 4110 Apparet,
3433 4043 3635 4112 inquit,
3658 4045 3850 4098 nullum

2266 4123 2428 4176 etiam
2459 4131 2570 4177 tum
2615 4127 2942 4194 peculiarem
2969 4127 3138 4184 fuisse
3173 4131 3427 4185 vestitum
3457 4132 3800 4189 clericorum.
3827 4151 3848 4188 θ

2266 4213 2708 4286 Quandoquidem
2739 4220 2993 4276 Heraclas
3018 4221 3397 4278 Alexandrina:
3445 4225 3715 4282 Ecclesiae
3742 4244 3852 4298 pre-

2265 4307 2483 4378 sbyter,
2513 4317 2567 4362 et
2595 4310 2686 4379 qui
2727 4321 2913 4380 postea
2961 4314 3202 4384 ejusdem
3252 4315 3353 4370 loci
3398 4319 3696 4390 episc0pus
3740 4320 3852 4386 fuit,

2265 4413 2478 4469 semper
2499 4402 2737 4456 retinuit.
2765 4404 2994 4460 Sanctus
3015 4405 3263 4461 Clemens
3285 4407 3696 4467 Alexandrinus
3719 4429 3854 4467 com-

578 4507 761 4555 vetera
790 4500 1137 4556 reconciliare
1165 4512 1326 4572 atque
1358 4504 1594 4557 ﬁrmare.
1624 4503 1720 4557 Est
1747 4504 1890 4557 enim
1917 4519 1948 4556 a
1976 4503 2160 4558 multis

2266 4489 2484 4544 mendat
2506 4499 2684 4546 vestes
2711 4494 2984 4560 candidas,
3013 4497 3110 4552 sed
3147 4497 3358 4567 quibus,
3397 4508 3457 4552 ut
3495 4513 3623 4570 p0te
3649 4503 3850 4573 simpli-

579 4592 1010 4647 antecessoribus
1058 4593 1260 4648 nostris
1304 4593 1634 4664 synodaliter
1685 4593 1960 4647 decretum
2001 4603 2163 4664 atque

579 4682 872 4749 ﬁrmatum,
899 4691 958 4738 ut
974 4698 1102 4738 oves
1124 4699 1243 4753 qua:
1268 4684 1474 4754 pastori
1497 4699 1593 4738 suo
1615 4683 1916 4738 commissae
1939 4684 2156 4747 fuerint,

577 4787 700 4828 eum
729 4790 828 4829 nec
854 4776 1265 4846 reprehendere,
1303 4777 1406 4830 nisi
1447 4791 1478 4829 a
1519 4785 1669 4830 recta
1700 4775 1803 4829 ﬁde
1829 4774 2162 4830 exorbitave-

580 4863 672 4930 rit,
687 4874 1033 4935 praesumant.
1059 4887 1078 4919 ι
1097 4867 1246 4922 Licet
1266 4882 1478 4937 quoque
1493 4882 1590 4936 pro
1607 4883 1703 4922 sua
1718 4866 2006 4936 injustitia,
2024 4867 2163 4921 sicut

577 4957 814 5028 synodus
842 4960 1189 5029 prosequitur
1212 4959 1296 5014 his
1323 4959 1503 5013 verbis
1529 4973 1545 5012 :
1579 4979 1598 5011 ι
1635 4959 1745 5014 Nec
1774 4958 2038 5014 ullatenus
2061 4975 2160 5030 pro

579 5057 900 5116 quaeunque
923 5064 984 5102 re
1021 5048 1147 5114 alia,
1171 5049 1274 5104 nisi
1301 5064 1402 5119 pro
1427 5065 1522 5104 sua
1573 5051 1855 5121 injustitia,
1901 5065 2160 5105 accusare

581 5137 831 5202 audeant,
863 5145 969 5193 etc.
1010 5158 1028 5191 ι
1076 5138 1264 5194 Patres
1307 5140 1521 5196 concilii
1563 5141 1895 5211 Epaonensis
1933 5141 2159 5211 amplio-

580 5243 696 5283 rem
741 5228 903 5282 etiam
932 5228 1080 5286 laicis
1126 5231 1427 5287 concedunt
1463 5241 1782 5303 potestatem
1806 5275 1820 5298 ,
1873 5249 1993 5288 can.
2039 5233 2152 5288 24:

584 5337 603 5371 ι
633 5317 810 5374 Laicis
860 5329 1048 5376 contra
1084 5322 1371 5391 cujuslibet
1413 5324 1613 5394 gradus
1639 5325 1916 5389 clericum,
1950 5325 1994 5379 si
2027 5325 2156 5394 quid

577 5412 856 5467 criminale
878 5423 1071 5484 parant
1091 5414 1342 5484 objicere,
1372 5417 1660 5474 dummodo
1688 5433 1813 5473 vera
1838 5428 2152 5490 suggerant,

573 5507 905 5575 proponendi
929 5507 1290 5576 permittimus
1332 5519 1673 5580 potestatem.
1709 5531 1729 5563 ›
1761 5509 1960 5565 Verum
1985 5527 2154 5581 quan-

573 5604 688 5650 tum
711 5596 902 5651 delicta
933 5598 1304 5668 episcoporum
1336 5602 1442 5672 tegi
1473 5601 1723 5670 debeant,
1758 5604 2152 5675 sapientissime

574 5689 729 5744 docet
755 5688 1140 5745 Constantinus
1181 5692 1487 5763 imperator,
1529 5695 1680 5765 cujus
1707 5696 1870 5751 verba
1903 5697 2151 5754 Theodo-

576 5789 723 5838 retus
748 5783 915 5840 refert
949 5783 1041 5840 lib.
1072 5802 1088 5840 ι
1121 5784 1258 5842 Ilist.
1288 5787 1503 5856 eccles.,
1531 5804 1650 5861 cap.
1674 5789 1758 5844 10.

2265 4579 2436 4645 cibus,
2459 4596 2647 4637 omnes
2665 4581 3001 4639 Christianos
3020 4603 3034 4651 ;
3055 4595 3109 4641 et
3131 4596 3186 4641 ut
3203 4588 3317 4657 ipse
3337 4590 3414 4642 ait
3435 4589 3533 4643 lib.
3565 4608 3603 4645 ιι
3624 4593 3850 4663 pcedag.,

2263 4686 2380 4740 cap.
2419 4671 2501 4734 10,
2532 4688 2624 4728 eos
2653 4675 2901 4742 quidem,
2927 4677 3019 4744 qui
3049 4687 3172 4731 sunt
3202 4679 3435 4742 candidi,
3471 4688 3528 4734 et
3577 4697 3688 4735 non
3719 4684 3851 4736 intus

2263 4761 2572 4828 adulterini,
2617 4765 2861 4819 candidis
2905 4774 2961 4819 et
2999 4768 3221 4821 minime
3250 4769 3482 4823 curiosis
3511 4786 3580 4825 ac
3617 4774 3850 4842 operosis

2261 4857 2499 4911 vestibus
2543 4858 2623 4910 uti
2650 4858 3216 4913 convenientissimum
3265 4869 3364 4915 est.
3408 4860 3850 4934 Heges‘ppuslo-

2260 4946 2446 5016 quitur
2467 4948 2532 5001 de
2555 4947 2697 5002 linea
2725 4957 2874 5003 veste
2901 4947 3086 5004 Jacobi
3119 4950 3258 5020 apud
3285 4950 3581 5007 Eusebium
3612 4971 3731 5025 cap.
3764 4955 3844 5008 25.

2259 5037 2571 5109 Polycrates
2601 5041 2665 5095 de
2693 5039 2918 5096 Joannis
2947 5041 3173 5096 Lamina
3204 5044 3344 5113 apud
3370 5043 3668 5100 Eusebium
3696 5047 3789 5100 lib.
3819 5062 3848 5097 v

2257 5129 2421 5196 Hist.,
2449 5147 2567 5200 cap.
2597 5131 2686 5185 25.
2739 5132 2881 5186 [dem
2926 5133 3095 5188 refert
3136 5145 3357 5189 sanctus
3404 5135 3743 5206 Epiphanius
3788 5137 3848 5191 de

2257 5217 2456 5275 Iacobo
2484 5221 2677 5275 limares.
2727 5238 2919 5288 xxviii,
2952 5232 3006 5277 et
3039 5224 3232 5279 brercs.
3280 5242 3506 5280 LXXVIII.
3550 5227 3624 5281 At
3659 5228 3848 5297 quibus

2255 5315 2587 5368 ornamentis
2627 5315 2984 5385 peculiaribus
3042 5333 3147 5370 non
3199 5319 3369 5372 solum
3411 5335 3440 5373 a
3471 5319 3648 5384 laicis,
3685 5320 3780 5375 sed
3815 5334 3846 5375 a

2255 5405 2464 5458 caeteris
2493 5407 2743 5460 omnibus
2766 5406 3018 5462 Ecclesiae
3045 5409 3418 5465 sacerdotibus
3445 5411 3846 5484 distingueban-

2254 5506 2360 5551 tur.
2392 5496 2544 5553 Unde
2573 5498 2755 5553 forsan
2783 5501 2866 5554 his
2894 5510 3072 5556 motus
3121 5519 3301 5558 rerum
3355 5505 3841 5561 ecclesiasticarum

2251 5589 2613 5660 peritissimus
2649 5589 2883 5646 Joannes
2918 5592 3103 5647 Beleth
3128 5593 3231 5647 ista
3255 5594 3386 5650 dicit
3421 5595 3475 5649 in
3503 5611 3622 5667 cap.
3648 5598 3708 5651 de
3738 5594 3840 5651 Sa-

2252 5668 2456 5736 criﬁcio
2486 5682 2664 5737 missm
2699 5702 2709 5736 :
2749 5703 2765 5733 ι
2800 5685 2866 5737 Et
2903 5694 3030 5739 nota
3075 5686 3219 5746 quod
3245 5687 3503 5758 apostolis
3530 5687 3675 5742 etab
3708 5700 3839 5756 apo-

2251 5775 2454 5832 stolicis
2477 5777 2608 5830 viris
2635 5777 2690 5831 in
2728 5779 3003 5848 primitiva
3029 5779 3268 5837 Ecclesia
3315 5782 3644 5838 sacriﬁcium
3676 5779 3839 5835 ﬁebat
