4020 6360
225 309 366 378 ttét

1369 312 1957 372 OBSERVATIONES
1999 313 2087 370 ET
2129 312 2361 371 ΝΟΤᾹΞ.

3357 319 3500 377 1122

223 437 279 492 in
308 432 461 490 vasis
478 429 673 504 ligneis
703 436 760 485 et
781 428 1026 485 vestibus
1053 426 1449 484 communibus.
1484 429 1637 484 Tunc
1671 430 1815 484 enim

1929 437 2056 495 tum,
2088 427 2336 504 ἐμφανῶς,
2369 427 2637 504 παρούσης
2661 435 2754 490 τῆς
2773 436 2989 506 γραφῆς,
3016 417 3079 486 ξ..
3101 430 3188 489 οὐκ
3213 434 3392 493 οἰκεῖον
3418 444 3506 496 καὶ

222 528 393 602 lignei
417 525 636 591 calices,
664 532 721 579 et
741 523 891 579 aurei
914 521 1244 578 sacerdotes.
1278 541 1296 574 ι
1324 522 1463 578 Olim
1490 521 1705 578 fuerunt
1728 523 1818 592 qui

221 620 521 692 quemdam
561 617 890 688 peculiarem
935 616 1168 671 vestium
1209 616 1622 672 sacerdotalium
1664 631 1821 671 usum

221 714 381 770 velut
432 711 868 782 antiquissimum
913 725 978 764 ex
1031 710 1278 780 ipsismet
1316 710 1498 764 verbis
1547 709 1823 779 Evangelii

221 805 431 860 vellent
467 803 846 872 comprobare,
874 816 1011 871 quos
1038 801 1252 872 egregie
1283 800 1475 855 refellit
1500 799 1823 854 Ctelestinus

223 913 375 968 papa
398 895 453 950 in
481 895 638 965 epist.
687 894 754 948 ad
795 893 1075 962 episcopos
1109 892 1397 962 provinciae
1429 890 1749 946 Viennensis
1770 896 1825 944 et

224 988 622 1052 Narbonensis,
658 986 827 1056 cap.l
865 1003 876 1038 :
919 1005 935 1035 ι
974 984 1212 1039 Dicimus
1241 985 1408 1048 enim,
1435 985 1631 1054 inquit,
1662 999 1824 1054 quos-

222 1083 360 1138 dam
409 1081 622 1136 Domini
667 1079 976 1135 sacerdotes
1021 1078 1395 1147 superstitioso
1439 1077 1620 1146 potius
1657 1076 1822 1130 cultui

222 1171 521 1236 inservire,
562 1185 724 1239 quam
755 1169 951 1223 mentis
981 1168 1066 1222 vel
1114 1169 1238 1224 lidei
1288 1167 1529 1238 puritati.
1579 1166 1685 1222 Sed
1717 1183 1824 1221 non

223 1267 454 1331 mirum,
482 1265 527 1320 si
557 1273 744 1319 contra
777 1261 1205 1318 ecclesiasticum
1233 1277 1442 1316 morem
1469 1261 1697 1327 faciunt,
1729 1261 1826 1330 qui

223 1359 286 1414 in
315 1356 546 1412 ecclesia
571 1373 676 1410 non
721 1363 1028 1421 creverunt,
1054 1355 1148 1410 sed
1169 1353 1274 1409 alio
1301 1355 1579 1409 venientes
1607 1354 1822 1418 itinere,

223 1465 416 1505 secum
449 1449 562 1502 haec
603 1447 657 1501 in
693 1446 1012 1510 Ecclesium,
1048 1461 1168 1516 quae
1198 1445 1252 1498 in
1281 1445 1386 1499 alia
1415 1446 1824 1500 conversatione

223 1541 552 1603 habuerant,
583 1537 901 1592 intulerunt.
933 1536 1130 1590 Amicti
1159 1536 1338 1604 pallio,
1372 1544 1427 1590 et
1447 1535 1654 1590 lumbos
1683 1551 1822 1606 prae-

222 1633 420 1695 cincti,
470 1632 700 1686 credunt
749 1647 807 1686 se
833 1630 1130 1699 Scripturae
1157 1648 1263 1684 non
1300 1646 1396 1699 per
1429 1631 1701 1700 spiritum,
1729 1629 1824 1684 sed

221 1742 325 1797 per
350 1725 588 1779 litteram
619 1723 1000 1793 completur-os.
1041 1721 1176 1776 Nam
1227 1723 1273 1777 si
1317 1723 1386 1777 ad
1429 1723 1531 1777 hoc
1561 1723 1661 1776 ista
1686 1737 1825 1791 pra:-

1920 527 2122 598 γνήσιον
2147 521 2284 600 ὕδωρ
2313 524 2629 593 λογιζομένη.
2673 521 3040 580 Tertullianus
3073 524 3170 581 lib.
3202 527 3268 582 de
3298 527 3507 586 Pudici-

1923 618 2019 682 tia,
2036 631 2156 685 cap.
2174 615 2262 669 21.
2286 614 2567 685 Origenes,
2584 616 2638 670 in
2653 614 3071 672 Commentariis
3095 617 3150 672 in
3170 617 3506 690 Matthteum,

1921 713 1982 763 Εἰ
2013 708 2066 764 δὲ
2110 718 2306 786 σειραῖς
2337 715 2436 764 τῶν
2463 708 3039 785 ἁμαρτημάτων”αὖτοῦ
3077 711 3305 784 inim,
3344 714 3511 783 μάτην

1921 808 2007 859 καί
2031 802 2210 876 δεσμεῖ
2233 807 2317 856 καὶ
2343 801 2471 858 λύει.
2498 803 2574 856 De
2610 816 2717 871 quo
2748 817 2800 854 v.
2833 800 2901 856 cl.
2933 801 3127 857 Petrus
3155 802 3345 859 Daniel
3370 805 3511 862 Huc-

1921 894 2030 948 tius
2056 893 2172 948 haec
2205 893 2587 949 animadvertit
2614 893 2671 948 in
2714 892 2837 949 libr.
2876 910 2915 948 ιι
2945 893 3420 963 Origenianorum,
3450 912 3506 967 p.

1925 985 2047 1039 l76.
2076 985 2134 1039 ln
2158 985 2303 1040 hunc
2329 984 2530 1050 locum,
2560 985 2756 1056 inquit,
2785 984 3010 1040 adnotat
3039 985 3224 1040 Sixtus
3253 985 3514 1044 Senensis

1923 1074 2163 1129 alludere
2204 1075 2490 1146 Origenem
2524 1076 2592 1130 ad
2627 1091 2870 1130 errorem
2917 1077 2984 1130 ab
3011 1075 3248 1132 llussitis
3275 1085 3515 1147 postmo-

1925 1163 2053 1218 dum
2073 1174 2492 1234 propngnatum,
2509 1165 2599 1236 qui
2629 1181 2780 1236 papae
2797 1174 2851 1220 et
2876 1165 3254 1236 episcoporum
3274 1176 3516 1238 potesta-

1924 1264 2034 1312 tem
2069 1273 2138 1311 ex
2177 1273 2390 1313 morum
2417 1259 2706 1336 sanctitate
2751 1260 2986 1328 pendere
3009 1260 3282 1328 volebant,
3315 1270 3420 1318 etc.
3449 1263 3518 1318 Et

1924 1351 2084 1422 paulo
2109 1361 2227 1422 post
2253 1370 2265 1405 :
2297 1371 2315 1402 ‹
2350 1352 2634 1407 Assentior
2661 1353 2834 1417 Sixto,
2860 1361 2914 1407 et
2953 1369 3182 1424 peccare
3209 1356 3296 1410 aio
3323 1354 3515 1426 Orige-

1926 1457 2070 1508 nem,
2104 1452 2264 1512 atque
2314 1443 2456 1498 hanc
2493 1443 2665 1497 videri
2713 1443 2962 1513 amplecti
3011 1444 3282 1510 haeresim,
3315 1445 3370 1499 in
3411 1460 3517 1515 qua

1924 1535 2116 1590 deinde
2155 1536 2355 1590 versati
2407 1544 2534 1589 sunt
2585 1536 2898 1601 Donatistae,
2933 1551 3056 1592 cum
3092 1553 3123 1590 a
3162 1537 3508 1592 sacerdotum

1926 1630 2215 1684 sanctitate
2247 1629 2502 1684 Ecclesia
2531 1638 2854 1700 potestatem
2877 1632 3295 1700 suspenderunt.
3328 1651 3346 1684 ι
3384 1631 3517 1687 Ter~

1926 1723 2134 1777 tulliani
2176 1739 2240 1777 ac
2293 1722 2543 1794 Origenis
2599 1726 2842 1778 eamdem
2895 1727 3222 1779 sententiam
3283 1723 3518 1795 amplexi

223 1828 386 1888 εει)ιό
412 1825 558 1881 δυηι,
583 1823 642 1868 ιιι
665 1815 844 1869 taliter
864 1823 1242 1878 servarentur;
1271 1830 1367 1867 cur
1390 1829 1494 1867 non
1521 1812 1655 1866 ﬁunt
1682 1813 1825 1880 pari-
1855 1797 1904 1860 Β
1929 1824 2056 1871 sunt
2079 1817 2116 1870 ii
2155 1817 2222 1870 de
2250 1816 2446 1885 quibus
2469 1825 2702 1872 testatur
2725 1818 3013 1889 Dionysius
3040 1818 3440 1874 Alexandrinus
3460 1817 3520 1872 in

227 1915 314 1963 ter
346 1924 466 1979 quae
492 1915 810 1977 sequuntur,
853 1915 913 1960 ut
937 1906 1170 1961 lucernae
1196 1905 1449 1960 ardentes
1492 1904 1545 1957 in
1577 1903 1826 1957 manibus

223 2018 337 2059 una
364 2018 488 2057 cum
512 2001 705 2055 baculo
732 2001 1052 2055 teneantur?
1081 1998 1292 2054 Habent
1317 2015 1472 2053 suum
1497 1998 1601 2052 ista
1628 2005 1827 2068 myste-

228 2096 392 2158 rium,
440 2101 494 2148 et
525 2092 948 2163 intelligentibus
979 2091 1051 2144 ita
1091 2090 1241 2146 clara
1285 2097 1432 2155 sunt,
1467 2097 1527 2142 ut
1556 2106 1619 2143 ea
1654 2089 1827 2160 magis

227 2206 336 2260 qua
367 2189 527 2242 decet
570 2186 968 2258 signiﬁcatione
1003 2193 1287 2239 serventur
1319 2198 1333 2237 :
1365 2198 1491 2237 nam
1533 2183 1585 2236 in
1613 2182 1828 2236 lumbo-

228 2296 355 2335 rum
381 2277 766 2349 prtet-inctione
792 2277 1037 2342 castitas,
1069 2277 1122 2329 in
1153 2274 1345 2330 baculo
1373 2274 1612 2344 regimen
1639 2281 1825 2343 pasto-

231 2371 365 2429 rale.
395 2373 449 2425 in
478 2370 716 2425 lucernis
764 2369 1080 2423 ardentibus
1136 2368 1264 2422 boni
1304 2366 1478 2436 fulgor
1528 2368 1726 2436 cperis,
1761 2367 1828 2420 de

231 2480 338 2536 quo
364 2464 604 2518 dicitur:
636 2462 812 2533 Opera
842 2470 1024 2516 vestra
1064 2461 1300 2526 luceant,
1349 2461 1675 2514 indicantur.
1719 2459 1825 2514 Ha-

233 2555 394 2610 beant
427 2564 604 2609 tamen
637 2554 799 2607 istum
839 2552 1070 2607 forsitan
1119 2551 1341 2615 cultum,
1395 2565 1600 2604 morem
1650 2551 1827 2621 potius

240 2664 400 2718 quam
427 2648 689 2701 rationem
721 2655 1029 2716 sequentes,
1061 2645 1152 2714 qui
1185 2644 1238 2698 in
1268 2644 1648 2698 remotioribus
1676 2643 1828 2697 habi-

247 2747 359 2792 tant
386 2738 547 2802 locis,-
569 2746 624 2792 et
667 2737 855 2808 procul
889 2752 920 2790 a
947 2736 1158 2790 caeteris
1188 2735 1407 2806 degunt.
1440 2735 1592 2790 Unde
1619 2735 1708 2789 hic
1731 2735 1828 2788 ha-

250 2826 394 2881 bitus
421 2829 475 2881 in
500 2827 753 2882 Ecclesiis
779 2827 1092 2891 Gallicanis,
1135 2835 1195 2880 ut
1227 2834 1304 2880 tot
1345 2841 1606 2880 annorum
1645 2835 1826 2880 tanto-

243 2933 475 2988 rumque
502 2918 836 2987 pontiﬁcum,
870 2919 921 2972 in
956 2919 1187 2973 alterum
1217 2917 1462 2972 habitum
1493 2917 1826 2972 consuetudo

238 3010 519 3064 vertatur?
546 3010 895 3065 Discernendi
920 3026 950 3064 a
979 3010 1135 3079 plebe
1161 3009 1242 3064 vel
1265 3011 1478 3065 caneris
1513 3025 1702 3064 sumus
1731 3010 1826 3065 do-

234 3101 430 3162 ctrina,
461 3117 569 3155 non
598 3110 777 3166 veste;
817 3101 1250 3166 conversatione,
1283 3117 1390 3155 non
1428 3101 1644 3166 habitu;
1677 3115 1824 3155 men—

231 3193 300 3247 tis
338 3192 598 3262 puritate,
647 3209 753 3247 non
783 3193 951 3247 cultu.
1001 3191 1136 3245 Nam
1173 3193 1219 3246 si
1252 3192 1470 3246 studere
1500 3191 1822 3261 incipiamus

229 3286 479 3348 novitati,
508 3286 766 3340 traditum
792 3285 946 3339 nobis
969 3300 1002 3337 a
1030 3285 1282 3338 Patribus
1320 3282 1565 3337 ordinem
1593 3281 1823 3336 calcabi-

229 3396 375 3445 mus,
399 3380 652 3435 utlocum
673 3380 1022 3449 supervacuis
1042 3375 1514 3448 superstitionibus
1536 3373 1819 3429 faciamus.

225 3471 416 3527 Rudes
445 3485 576 3543 ergo
631 3470 867 3526 ﬁdelium
914 3478 1123 3524 mentes
1163 3467 1230 3520 ad
1263 3465 1389 3519 talia
1417 3479 1524 3518 non
1566 3465 1823 3518 debemus

229 3561 515 3617 inducere.
552 3561 792 3616 Docendi
821 3560 966 3614 enim
995 3558 1174 3629 potius
1200 3569 1328 3610 sunt
1352 3571 1516 3625 quam
1541 3554 1820 3609 illudendi.

224 3654 344 3711 Nec
379 3655 764 3723 imponendum
808 3661 894 3708 est
934 3667 1123 3708 eorum
1174 3651 1369 3716 oculis,
1419 3649 1512 3704 sed
1550 3647 1825 3702 mentibus

225 3745 566 3802 infundenda
599 3754 866 3816 praecepta
895 3754 1040 3800 sunt.
1073 3745 1153 3798 En
1180 3744 1449 3813 quomodo
1473 3741 1656 3796 clerici
1680 3756 1822 3810 prm—

223 3840 426 3896 sertim
469 3839 811 3895 discernendi
860 3846 986 3894 sunt
1033 3856 1063 3893 a
1093 3837 1268 3908 plebe.
1301 3837 1368 3891 Et
1415 3836 1545 3890 illud
1571 3844 1657 3890 est
1683 3831 1822 3903 quod

221 3911 555 4005 Aposttilum
585 3934 906 4004 praecepisse
949 3934 1026 3987 ait
1071 3939 1292 3986 sanctus
1320 3929 1552 3984 Basilius
1600 3928 1654 3982 in
1688 3925 1828 3981 libro

223 4024 566 4096 Regularum
603 4023 773 4078 fusius
818 4023 1235 4093 disputatarum,
1292 4035 1434 4089 resp.
1487 4019 1553 4073 ad
1589 4019 1824 4072 interro-

223 4125 350 4190 gat.
388 4115 478 4168 22.
516 4133 538 4168 ι
579 4115 646 4168 Et
686 4113 825 4168 infra
858 4133 871 4168 :
910 4133 928 4164 ‹
957 4113 1056 4168 Hie
1107 4129 1279 4168 canon
1328 4119 1591 4182 perpetuo
1641 4118 1826 4164 tenore

223 4215 507 4265 servetur.
532 4226 550 4259 ι
573 4205 708 4262 Vide
733 4205 1054 4275 Gregorium
1077 4206 1478 4260 Nazianzenunt
1507 4204 1562 4258 in
1583 4203 1826 4258 oratione

223 4303 342 4368 19;
375 4301 638 4357 lsidorum
678 4299 1004 4355 Pelusiotam
1048 4299 1142 4354 lib.
1171 4315 1210 4363 ι,
1238 4313 1322 4367 ep.
1358 4296 1455 4362 45';
1487 4296 1687 4352 librum
1731 4294 1827 4350 Sa-

223 4403 644 4451 cramentorum
673 4392 845 4448 sancti
873 4392 1142 4463 Gregorii,
1175 4391 1228 4445 in
1252 4390 1496 4444 oratione
1521 4389 1590 4443 de
1620 4387 1824 4443 Conse-

1927 1907 2156 1977 epistola
2187 1907 2254 1961 ad
2284 1907 2653 1962 Philemonem
2683 1908 2942 1964 Ecclesiae
2992 1909 3250 1964 Romanae
3296 1910 3517 1980 scripta,

1929 1999 2081 2068 cujus
2100 1999 2398 2069 fragmenta
2416 1999 2831 2068 praeclarissima
2853 1999 3117 2055 Eusebius
3135 2001 3301 2055 refert
3323 2001 3416 2058 lib.
3446 2016 3519 2056 vn

1928 2093 2124 2148 ecclcs.
2183 2093 2452 2160 Historiae,
2503 2109 2622 2163 cap.
2667 2095 2727 2159 7;
2759 2094 2853 2148 sed
2901 2095 3154 2164 praacipui
3198 2095 3525 2151 exstiterunt

1929 2185 2232 2248 interalios
2259 2184 2570 2240 defensores
2595 2191 2816 2239 sanctus
2845 2183 3149 2254 Cyprianus
3178 2185 3232 2239 in
3265 2186 3424 2256 epist.
3455 2185 3522 2240 ad

1928 2277 2180 2348 Magnum
2213 2278 2279 2332 de
2307 2277 2648 2346 baptizandis
2674 2277 3009 2342 Novatianis,
3038 2278 3092 2332 in
3113 2278 3271 2349 epist.
3305 2277 3394 2344 74,
3429 2277 3519 2334 76.

1929 2368 2020 2434 78,
2051 2376 2103 2422 et
2133 2377 2350 2424 sanctus
2381 2369 2728 2422 Firmilianus
2756 2369 2810 2422 in
2839 2370 2997 2438 epist.
3040 2369 3108 2424 ad
3143 2378 3390 2424 sanctum
3416 2368 3523 2440 Cy-

1927 2461 2205 2531 prianum;
2238 2462 2304 2516 de
2344 2460 2538 2530 quibus
2566 2461 2647 2516 sic
2674 2460 2912 2530 loquitur
2939 2468 3160 2516 sanctus
3201 2460 3436 2515 Basilius
3464 2461 3519 2515 in

1928 2555 2086 2625 epist.
2118 2553 2380 2609 canonica
2411 2554 2477 2608 ad
2516 2553 2974 2624 Amphilochium,
3003 2570 3126 2610 can.
3158 2555 3184 2608 l
3215 2573 3226 2609 :
3266 2573 3285 2605 ‹
3315 2553 3519 2609 Verum

1927 2647 2070 2702 enim
2116 2661 2244 2701 vero
2270 2646 2504 2716 antiquis
2537 2646 2713 2701 visum
2744 2655 2846 2712 est,
2878 2646 3150 2718 Cypriano
3180 2647 3324 2713 dico,
3355 2656 3408 2702 et
3432 2663 3504 2701 no
3561 2698 3564 2702 .

1928 2747 2043 2793 stro
2056 2738 2392 2802 Firmiliano,
2415 2751 2509 2792 eos
2528 2752 2718 2792 omnes
2749 2738 2838 2792 uni
2863 2737 3069 2793 calculo
3083 2739 3370 2808 subjicere,
3388 2746 3519 2802 etc.,

1925 2839 1987 2885 ut
2001 2831 2092 2900 qui
2109 2845 2216 2885 non
2241 2830 2452 2900 possint
2468 2830 2698 2900 amplius
2716 2829 2953 2900 Spiritus
2966 2831 3140 2885 sancti
3155 2831 3387 2901 gratiam
3405 2829 3524 2884 aliis

1928 2938 2142 2993 quoque
2162 2923 2424 2992 praebere,
2453 2939 2483 2976 a
2521 2938 2628 2992 qua
2664 2923 2766 2992 ipsi
2793 2923 3129 2979 exciderunt.
3164 2943 3182 2976 ›
3212 2923 3391 2993 Atque
3423 2923 3521 2977 bo-

1926 3030 2113 3070 rumce
2129 3014 2442 3085 dogmatum
2462 3014 2730 3068 rationem
2743 3014 2976 3085 explicat
2989 3015 3335 3071 doctissimus
3347 3012 3527 3086 Rigal-

1929 3108 2103 3161 tiusin
2127 3109 2240 3161 suis
2257 3106 2397 3160 notis
2421 3106 2486 3159 ad
2512 3104 2765 3176 Cypriani
2782 3106 3068 3176 epistolam
3092 3106 3180 3172 64,
3199 3107 3284 3161 his
3304 3106 3516 3160 verbis:

1933 3217 1952 3249 ι
1966 3198 2258 3253 Sententiae
2271 3197 2525 3268 Cypriani
2542 3196 2813 3253 Pamelius
2833 3200 3055 3268 opponit
3075 3200 3398 3254 sententiam
3411 3199 3521 3252 Au-

1925 3290 2124 3361 gustini
2154 3289 2462 3353 statuentis,
2486 3299 2827 3343 sacramenta
2851 3291 2919 3344 ab
2951 3290 3130 3359 impiis
3161 3297 3215 3342 et
3243 3289 3523 3346 sceleratis

1925 3382 2191 3451 episcopis
2217 3382 2331 3436 sive
2356 3383 2688 3453 presbyteris
2711 3382 3018 3436 ministrata
3044 3381 3243 3436 valere.
3278 3380 3408 3449 Qua:
3432 3395 3520 3437 res

1924 3475 2129 3545 indiget
2155 3476 2500 3532 distinctione
2532 3477 2660 3530 facti
2686 3477 2740 3530 in
2773 3475 3198 3531 controversiam
3225 3474 3462 3530 deducti.
3496 3494 3515 3528 ι

1925 3565 1992 3620 Ει
2015 3565 2175 3634 paulo
2200 3574 2323 3635 post
2352 3585 2363 3618 :
2401 3584 2419 3617 (
2456 3566 2606 3620 Talia
2635 3568 2908 3636 dogmata,
2926 3580 3042 3619 aevo
3071 3571 3394 3634 potestatem
3418 3577 3520 3620 saa-

1926 3656 2193 3711 cularium
2220 3657 2595 3712 vexationibus
2635 3666 2690 3712 et
2720 3655 3092 3711 ministrorum
3137 3654 3395 3711 Ecclesiae
3441 3654 3520 3709 fa-

1927 3747 2196 3802 ctionibus
2245 3746 2628 3813 amictissimo,
2679 3746 2922 3802 stabilire
2976 3761 3040 3801 ac
3085 3746 3297 3801 sancire
3345 3745 3520 3801 visum

1927 3837 2218 3909 Cypriano,
2273 3840 2592 3910 caeterisque
2644 3855 2743 3908 per
2787 3838 3047 3904 Africam,
3105 3837 3410 3893 Numidiam
3457 3853 3523 3893 ac

1927 3928 2327 3994 Mauritaniam,
2359 3946 2465 4000 quo
2500 3931 2601 3984 sibi
2637 3930 2892 3999 populum
2923 3929 3165 3985 facerent
3204 3929 3327 3984 ﬁdei
3356 3928 3522 3985 Chri-

1928 4023 2117 4076 stianae
2152 4030 2421 4088 tenacem,
2451 4023 2837 4093 ministrosque
2867 4023 3128 4078 baberent
3148 4023 3298 4094 pacis
3320 4030 3375 4078 et
3401 4022 3522 4077 uni-

1930 4115 2056 4169 tatis
2089 4113 2470 4170 ecclesiastica:
2515 4116 2688 4188 magis
2735 4127 2998 4172 amantes.
3033 4137 3051 4169 ι
3091 4117 3182 4171 Sic
3217 4117 3520 4171 doctissimi

1927 4207 2031 4260 viri
2059 4206 2300 4261 sentiunt
2325 4207 2390 4261 de
2437 4208 2539 4262 hac
2566 4207 2820 4278 opinione
2866 4207 3223 4278 quorumdam
3273 4205 3520 4272 Patrum,

1928 4315 2092 4372 quam
2123 4301 2438 4358 Theodorus
2471 4311 2688 4358 secutus
2718 4311 2802 4358 est
2827 4318 2951 4358 cum
2980 4309 3200 4357 auctore
3238 4300 3331 4357 lib.
3359 4302 3425 4356 de
3451 4302 3522 4359 iis

1929 4395 2020 4464 qui
2049 4395 2323 4465 mysteriis
2353 4394 2658 4460 initiantur,
2689 4395 2827 4466 apud
2870 4401 3117 4449 sanctum
3147 4393 3514 4461 Ambrosium,

223 4485 488 4542 oratione
509 4485 774 4555 episcopi;
802 4483 1175 4547 Fortunatam,
1199 4482 1294 4536 lib.
1320 4497 1380 4546 ιι,
1408 4482 1667 4552 epigram.
1687 4477 1826 4545 x,de
1851 4520 1904 4580 Β
1931 4502 2050 4558 cap,
2082 4486 2116 4540 4
2147 4505 2159 4540 ;
2192 4505 2210 4538 ‹
2247 4486 2363 4541 Non
2402 4496 2578 4550 sanat,
2611 4486 2803 4554 inquit,
2840 4484 3140 4554 baptismus
3165 4483 3517 4554 perﬁdorum,

225 4584 436 4632 sancto
462 4573 732 4630 Germano
759 4573 1090 4628 Parisiorum
1117 4573 1389 4642 episcopo.

368 4686 461 4738 llle
485 4695 649 4736 tamen
669 4690 849 4736 sensim
876 4687 1079 4747 incedit,
1105 4685 1241 4735 velut
1263 4685 1388 4734 alter
1415 4682 1605 4747 Aaron,

431 4749 535 4798 Non
557 4751 623 4798 de
646 4763 784 4799 V-‘Sle
809 4753 993 4806 nitens,
1013 4750 1102 4797 sed
1131 4749 1317 4808 pietate
1343 4748 1556 4808 placens.

371 4810 481 4860 Non
506 4811 711 4872 lapides,
735 4824 928 4867 coccus,
952 4811 1135 4859 clarum
1177 4821 1366 4868 aurum,
1400 4821 1630 4872 purpura,
1653 4809 1828 4870 liyssus

431 4873 676 4922 Exornant
702 4875 956 4935 humeros,
985 4875 1071 4920 sed
1098 4875 1242 4921 micat
1257 4873 1381 4919 alma
1409 4872 1546 4920 ﬁdes.

314 4977 495 5044 Quare
524 4985 713 5032 auctor
741 4977 879 5031 Vitae
909 4976 1081 5031 sancti
1125 4975 1392 5045 Fulgentii
1436 4975 1552 5029 haec
1600 4974 1664 5030 de
1713 4973 1830 5042 ipso

229 5078 480 5128 testatur
512 5087 524 5123 :
563 5088 580 5120 ‹
614 5069 670 5123 ln
700 5085 805 5139 qua
838 5069 1021 5123 tunica
1049 5067 1371 5133 dormiebat,
1403 5067 1457 5120 in
1487 5067 1602 5137 ipsa
1625 5066 1831 5121 sacriﬁ-

231 5163 440 5227 cabat;
481 5171 536 5216 et
581 5171 826 5234 tempore
870 5161 1142 5226 sacriﬁcii,
1191 5160 1449 5214 mutanda
1497 5174 1616 5215 esse
1668 5159 1832 5213 corda

231 5258 431 5330 potius
457 5272 618 5327 quam
647 5257 968 5312 vestimenta
1001 5257 1236 5311 dicebat.
1270 5275 1288 5307 ι

319 5348 523 5403 lterum
559 5348 886 5420 baptizenlur
923 5347 1002 5402 illi
1029 5365 1156 5419 quos
1205 5346 1502 5418 baptizavit.
1546 5343 1834 5414 Presbyter

236 5443 545 5508 fornicans,
585 5444 631 5499 si
679 5453 962 5514 postquam
1010 5453 1341 5514 compertum
1396 5442 1556 5497 fuerit
1607 5443 1832 5507 crimen,

239 5537 628 5606 baptizaverit.
675 5536 1064 5612 Mirum‘quod
1117 5537 1245 5606 quid
1305 5536 1409 5591 tale
1460 5536 1670 5608 legatur
1714 5543 1838 5606 post

243 5630 605 5700 quaestionem
623 5621 652 5684 α
673 5629 927 5686 Patribus
947 5631 1205 5685 adversus
1226 5629 1538 5685 Donatistas
1554 5636 1838 5698 tantopere

247 5723 576 5778 discussam.
617 5722 792 5778 Antea
814 5723 1032 5793 quidam
1062 5721 1253 5778 Patres
1283 5722 1506 5778 liberius
1543 5721 1836 5791 loqueban-

253 5822 368 5881 tur,
395 5823 619 5873 sanctus
662 5816 912 5872 Clemens
939 5815 1334 5872 Alexandrinus
1356 5813 1451 5870 lib.
1483 5829 1556 5868 vu
1588 5813 1835 5868 Struma-

1931 4594 2039 4633 non
2081 4581 2328 4645 mundat,
2374 4581 2466 4635 sed
2491 4579 2697 4649 polluit.
2738 4599 2758 4631 ι
2787 4577 3093 4634 Notandum
3128 4577 3272 4648 quod
3299 4577 3519 4641 dicitur,

1927 4680 2211 4742 postquam
2236 4682 2571 4743 compertum
2595 4671 2758 4726 fuerit
2780 4671 2987 4726 crimen
3016 4689 3028 4724 :
3058 4671 3218 4742 longo
3239 4677 3361 4741 post
3383 4678 3522 4724 tem-

1928 4781 2061 4836 pore
2088 4768 2293 4837 pariter
2317 4765 2561 4820 distinxit
2588 4764 2842 4836 Magister
2877 4764 3152 4820 Robertus
3177 4763 3242 4818 de
3268 4761 3518 4828 Chorcon

1930 4863 1984 4916 in
2010 4878 2104 4917 sua
2141 4864 2362 4919 Summa
2380 4900 2395 4924 ,
2425 4860 2602 4929 quoad
2631 4866 2959 4930 potestatem
3003 4857 3244 4913 solvendi
3271 4863 3515 4928 peccata.

1932 4977 2136 5033 Selecta
2164 4993 2228 5031 ea:
2258 4975 2479 5031 Summa
2510 4992 2608 5030 ms.
2637 4973 2848 5029 Roberti
2871 4975 2936 5028 de
2962 4971 3226 5039 Chorpon,
3249 4981 3436 5029 auwst.
3462 4971 3519 5036 5,

2621 5086 2738 5140 cap.
2771 5069 2826 5123 5.

2004 5162 2276 5230 Quaeritur
2303 5169 2483 5217 utrum
2523 5161 2778 5216 sacerdos
2806 5160 2898 5231 qni
2928 5165 3013 5216 est
3051 5159 3109 5215 in
3147 5158 3362 5216 mortali
3395 5173 3522 5232 pec-

1936 5265 2059 5311 cato
2086 5239 2281 5310 habeat
2308 5254 2594 5325 praedictas
2631 5252 2836 5314 claves,
2875 5252 3072 5322 quibus
3107 5260 3202 5306 aut
3239 5252 3388 5324 liget,
3428 5257 3523 5306 aut

1936 5345 2131 5401 solvat.
2188 5345 2413 5400 Videtur
2461 5343 2606 5413 quod
2662 5358 2791 5405 non,
2846 5350 2951 5398 etc.
3004 5341 3296 5413 Gregorius
3348 5340 3518 5396 dicit:

1944 5456 1962 5488 ‹
2002 5436 2105 5504 Qui
2141 5436 2254 5492 suis
2282 5435 2570 5506 premitur,
2609 5434 2783 5490 aliena
2822 5450 2929 5490 non
2958 5435 3133 5489 diluit.
3176 5456 3194 5486 ι
3247 5433 3392 5502 Ergo
3419 5433 3523 5488 im-
3603 5423 3614 5434 ’

1938 5532 2169 5586 mundus
2190 5529 2364 5584 aliena
2392 5544 2500 5583 non
2526 5528 2701 5582 diluit.
2734 5529 2863 5583 ltem
2889 5527 3181 5599 Gregorius
3202 5524 3331 5579 alibi
3357 5524 3519 5581 dicit:

1946 5643 1965 5677 ι
2003 5622 2082 5678 llli
2111 5622 2211 5678 soli
2243 5623 2297 5677 in
2327 5622 2430 5677 hac
2459 5635 2624 5676 carne
2649 5619 2812 5690 positi
2851 5627 3176 5690 potestatem
3204 5616 3407 5673 habent
3447 5617 3517 5673 li-

1941 5717 2101 5788 gandi
2125 5724 2181 5772 et
2203 5715 2462 5778 solvendi,
2495 5714 2588 5785 qui
2615 5714 2916 5769 doctrinam
2946 5711 3312 5782 apostolorum
3335 5719 3522 5769 tenent

1939 5818 1994 5865 et
2018 5807 2205 5863 vitam.
2255 5805 2398 5876 Ergo
2443 5820 2567 5860 cum
2620 5803 2929 5860 immundus
2961 5802 3216 5859 sacerdos
3261 5803 3375 5859 haec
3407 5817 3522 5861 nou
