4020 6360
560 424 704 492 1ιῦ

1659 410 1754 478 ΔΙ)
1788 408 2335 479 PCENITENTIALE
2372 408 2724 473 THEODORI

3700 408 3840 473 1136

559 540 775 606 habeat,
817 544 995 612 neque
1026 522 1393 612 ligat,’n'téque
1421 535 1601 606 solvit,
1636 542 1746 593 etc.
1780 554 1800 591 ι
1841 535 1983 605 Quid
2006 550 2136 608 ergo
2161 535 2218 598 Α
2238 538 2294 588 et
2338 528 2575 602 Spiritus
2623 529 2818 586 sancti.
2885 526 2968 585 Ex
3008 525 3305 601 Spicilegio
3351 526 3610 585 Romano
3655 530 3835 591 domat

559 640 725 708 super
752 630 839 692 his
866 626 1393 705 dicendumlNobis
1426 628 1641 687 videtur
1680 631 1737 687 in
1761 630 1847 688 his
1878 642 2000 695 esse
2028 614 2136 685 dis-

561 725 945 802 tinguendum;
984 730 1077 781 aut
1107 708 1254 782 enim
1300 722 1545 781 notorlus
1584 731 1670 782 est
1717 723 2002 789 sacerdos,
2044 727 2138 777 aut

559 822 822 878 Occultu‘s.
899 811 958 877 Si
993 820 1241 876 notarius
1280 822 1393 883 est,
1431 832 1608 890 neque
1649 818 1718 874 de
1756 817 1883 874 vitae
1916 816 2134 883 merito,

558 916 736 985 neque
768 912 835 969 de
863 906 1039 969 cilicio
1069 911 1240 985 ligare
1270 910 1431 968 debet
1452 910 1539 967 vel
1568 909 1801 977 solvere,
1824 910 1933 965 imo
1962 906 2136 965 arceri

558 1004 717 1061 debet
755 998 975 1059 omnino
1009 1003 1079 1058 ab
1106 1001 1454 1058 exsecutione
1494 998 1749 1065 clavium,
1783 998 2028 1054 similiter
2056 997 2138 1053 di-

557 1090 752 1161 cimus,
803 1092 947 1164 quod
1000 1092 1127 1149 talis
1173 1090 1438 1150 arcendus
1483 1101 1567 1147 est
1605 1092 1675 1147 ab
1708 1088 1883 1147 oilicio
1909 1087 2138 1161 publica:

553 1180 862 1259 legationis,
893 1188 948 1242 et
985 1183 1405 1257 praediCationis,
1437 1194 1492 1240 et
1526 1182 1906 1239 celebrationis
1943 1182 2137 1236 missa-

553 1282 695 1332 rum.
736 1275 804 1332 Et
836 1276 892 1332 in
919 1275 1013 1331 tali
1039 1290 1169 1332 casu
1210 1273 1508 1346 loquuntur
1530 1274 1802 1345 praedicta
1838 1270 2135 1328 auctorita-

553 1375 657 1425 tes.
703 1358 763 1424 Si
788 1374 920 1426 Vero
944 1366 1189 1425 occultus
1217 1376 1321 1435 est,
1363 1367 1583 1423 tolerari
1619 1374 1823 1438 potest,
1850 1370 1907 1422 et
1935 1364 1980 1420 si
2006 1362 2139 1435 ligat

551 1456 638 1518 Vel
665 1455 847 1531 solvit,
879 1460 1028 1520 tenet
1056 1464 1175 1536 ejus
1217 1462 1407 1535 ligatio
1438 1462 1524 1519 vel
1570 1461 1858 1518 absolutio.
1910 1448 2065 1515 Sicut
2089 1451 2136 1513 sl

556 1557 734 1614 maius
789 1559 1025 1623 cnnlicit,
1090 1557 1398 1614 confectum
1452 1565 1554 1614 est.
1617 1554 1675 1612 Si
1727 1555 1985 1627 baptizat,
2036 1548 2134 1608 ba-

552 1652 817 1724 ptitatum
846 1660 948 1709 est.
983 1646 1092 1708 Sed
1117 1651 1386 1708 absolutio
1410 1657 1465 1707 et
1484 1646 1669 1723 iigatio
1701 1649 1826 1703 talis
1855 1646 1917 1702 tit
1936 1647 1989 1701 in
2020 1645 2137 1717 ejus

550 1744 878 1816 perniciem,
922 1742 1019 1816 qui
1055 1742 1187 1815 ligat
1221 1738 1308 1800 vel
1347 1741 1526 1799 solvit.
1570 1734 1689 1795 Non
1717 1740 1862 1795 enim
1906 1738 2035 1809 ligat
2070 1734 2137 1792 de

552 1837 679 1895 vita:
710 1838 926 1905 merito,
951 1839 1047 1895 sed
1076 1840 1143 1894 de
1170 1832 1347 1894 cilicio
1376 1844 1558 1892 tamen
1583 1832 1686 1891 sibi
1714 1831 2027 1889 commisso.

2234 626 2396 682 Lucae
2419 625 2657 691 Acherii,
2694 630 2828 680 tom.
2873 621 2966 680 IX.
3021 622 3280 696 Magister
3303 623 3590 681 Robertus
3620 625 3691 681 de
3714 625 3835 683 Fla-

2235 721 2486 777 mesbure
2513 720 2571 775 in
2611 734 2709 776 suo
2734 716 3105 775 Pmnitentlali
3134 724 3293 790 putat
3318 717 3575 792 Dionysii
3603 717 3833 777 Alenuo

2237 810 2378 870 drini
2426 813 2751 869 sententiam
2802 826 2911 867 non
2949 820 3071 867 esse
3109 811 3496 879 damnandam,
3536 812 3651 869 etsi
3695 826 3832 870 coll—

2236 905 2455 961 munius
2482 902 2713 961 aliorum
2730 900 2998 974 judicium
3023 904 3192 961 tutius
3215 904 3513 961 existimet.

2237 1014 2444 1077 Selecta
2458 1038 2522 1075 ex
2538 1014 2892 1077 Paenitentiali
2907 1037 3005 1075 ms.
3026 1014 3240 1076 Robem'
3253 1012 3634 1088 Flamesbure,
3651 1016 3741 1077 lib.
3754 1030 3821 1082 m

2308 1111 2619 1184 Baptismus
2693 1120 2776 1169 est
2833 1112 3000 1169 etiam
3057 1113 3123 1169 de
3192 1111 3497 1169 substantia
3561 1114 3768 1171 ordinis
3810 1134 3823 1172 :

2237 1204 2365 1276 quia
2411 1204 2713 1277 baptismus
2757 1210 2841 1261 est
2882 1204 3051 1278 janua
3095 1210 3153 1259 et
3197 1200 3624 1262 fundamentum
3652 1249 3669 1275 ,
3732 1223 3823 1264 non

2237 1290 2411 1352 solum
2436 1296 2713 1365 ordinum,
2747 1294 2842 1353 sed
2868 1295 3033 1352 etiam
3058 1297 3300 1353 omnium
3339 1305 3819 1356 sacramentorum.

2238 1387 2393 1450 Unde
2439 1391 2713 1462 baptismo
2763 1409 2871 1449 non
2922 1390 3139 1461 habito,
3186 1392 3370 1451 nullus
3409 1395 3586 1463 ordo,
3636 1394 3819 1453 nullum

2238 1493 2637 1541 sacramentum
2669 1484 2980 1556 suscipitur.
3023 1485 3168 1543 Dicit
3195 1496 3378 1543 tamen
3411 1488 3654 1545 domnus
3678 1486 3819 1546 Inuo-

2237 1578 2451 1635 centius
2483 1597 2495 1633 :
2525 1579 2667 1649 quod
2707 1579 2753 1635 si
2796 1579 2920 1651 quis
2953 1572 3120 1636 habet
3159 1576 3342 1649 ﬁdem,
3382 1578 3515 1638 licet
3556 1600 3661 1640 nec
3696 1600 3818 1657 aqua

2236 1671 2549 1742 baptizatus
2606 1669 2789 1737 fuerit,
2838 1688 2940 1726 nec
2989 1673 3253 1744 sanguine
3296 1675 3545 1746 proprio,
3586 1684 3646 1731 ut
3684 1675 3743 1732 lit
3773 1676 3817 1732 iu

2238 1763 2523 1835 martyrio,
2554 1763 2803 1819 ordinem
2832 1758 3076 1834 suscipit.
3105 1756 3428 1836 Baptizatur
3453 1764 3599 1821 enim
3626 1766 3739 1838 quis
3769 1767 3818 1824 in

2242 1855 2437 1927 spiritu
2469 1873 2481 1908 :
2511 1863 2567 1912 et
2595 1870 2664 1910 ex
2697 1870 2808 1925 quo
2835 1853 2999 1911 habet
3034 1848 3218 1923 ﬁdem,
3248 1853 3419 1911 habet
3448 1865 3505 1913 et
3526 1856 3813 1915 Christum:

620 1946 971 2022 Deprehendit
991 1968 1048 2006 se
1072 1968 1178 2007 non
1199 1968 1310 2006 esse
1334 1951 1676 2021 baptizatum.
1707 1944 1785 2004 De
1807 1946 1995 2003 eadem
2022 1942 2138 2001 fere
2169 1942 2217 1970 "
2242 1958 2299 2005 et
2326 1950 2400 2005 ita
2443 1949 2498 2004 in
2526 1947 2747 2006 Christo
2773 1948 3080 2022 baptizatus
3126 1956 3231 2015 est,
3264 1946 3360 2019 qui
3396 1960 3481 2005 est
3512 1949 3814 2009 fundamen-

551 2042 852 2114 quaestione
891 2042 1258 2116 interrogatus
1292 2040 1581 2113 Dionysius
1614 2037 2014 2094 Alexandrinus
2058 2036 2138 2092 sic

550 2132 828 2204 respondit
862 2134 918 2190 in
958 2142 1045 2205 ep.
1082 2134 1150 2188 ad
1184 2133 1403 2189 Xistum
1438 2128 1695 2187 Romanae
1734 2130 1886 2186 urbis
1928 2132 2138 2200 episco-

550 2238 703 2296 pum,
744 2239 907 2295 quam
950 2218 1215 2279 Eusebius
1253 2220 1417 2278 refert
1463 2220 1557 2276 lib.
1589 2238 1661 2275 vn
1702 2214 1870 2287 illst.,
1913 2235 2032 2290 cap.
2065 2220 2133 2276 9:

557 2330 578 2365 ι
613 2311 750 2369 Nam
780 2314 871 2385 qui
902 2314 1199 2386 gratiarum
1232 2312 1505 2368 actionem
1536 2309 1850 2383 frequenter
1880 2311 2135 2377 audierit,

548 2412 603 2461 et
643 2406 735 2477 qui
769 2407 983 2463 caeteris
1031 2405 1373 2477 responderit
1410 2403 1617 2471 Amen;
1667 2404 1758 2475 qui
1810 2404 1879 2459 ad
1921 2418 2136 2459 sacram

548 2516 791 2559 mensam
817 2501 1073 2569 astiterit,
1096 2510 1154 2558 et
1174 2510 1367 2557 manus
1391 2500 1459 2555 ad
1485 2497 1888 2570 suscipiendum
1919 2511 2134 2553 sacrum

548 2590 729 2651 cibum
768 2597 1098 2667 porrexerit,
1140 2596 1232 2667 qui
1272 2592 1424 2650 illum
1467 2590 1759 2663 exceperit,
1794 2599 1849 2649 et
1892 2590 2138 2662 corporis

502 2688 505 2695 “
548 2703 614 2744 ac
662 2688 941 2764 sanguinis
990 2688 1205 2744 Domini
1260 2686 1432 2743 nostri
1481 2685 1612 2743 Jesu
1638 2682 1843 2742 Christi
1866 2683 2137 2757 particeps

546 2772 713 2839 fuerit
747 2782 1074 2848 diutissime,
1104 2797 1229 2837 eum
1256 2797 1356 2854 ego
1391 2776 1456 2837 de
1493 2781 1707 2852 integro
1738 2794 1999 2836 renovare
2028 2793 2135 2833 non

546 2870 744 2931 ausim.
797 2872 970 2931 Porro
1013 2883 1073 2930 ut
1119 2876 1262 2932 bono
1307 2878 1491 2931 animo
1535 2886 1699 2943 esset,
1732 2885 1788 2931 et
1823 2892 1947 2932 cum
1978 2875 2136 2931 ﬁrma

548 2958 655 3023 ﬁde
681 2962 837 3022 bonae
868 2968 982 3038 spei
1013 2967 1209 3038 plenus
1241 2968 1311 3022 ad
1342 2968 1617 3047 Dominicil
1640 2969 1885 3038 corporis
1912 2965 2138 3038 partici-

548 3056 824 3129 pationem
866 3056 1173 3124 accederet,
1199 3050 1357 3128 jussi.
1394 3077 1412 3110 ι
1459 3056 1566 3114 Sed
1594 3068 1780 3129 postea
1822 3056 1981 3112 aliter
2005 3055 2139 3111 defi-

549 3149 725 3207 nitum
778 3158 862 3207 est
919 3167 950 3206 a
993 3142 1249 3207 Pan-ibus
1309 3149 1526 3209 concilii
1582 3148 2026 3221 Carthaginensis
2077 3163 2133 3214 v,

548 3255 744 3333 nempe
781 3236 899 3299 sine
933 3240 1024 3298 illa
1058 3242 1403 3299 cunctatione
1440 3243 1639 3299 debere
1670 3239 1957 3314 baptizari.
1999 3238 2134 3340 V-ide
2157 3277 2207 3340 ο

549 3328 671 3392 can.
702 3336 736 3392 6
765 3336 858 3408 qui
888 3337 1123 3393 refertur
1161 3339 1215 3393 in
1254 3337 1467 3410 integro
1502 3338 1689 3395 codice
1727 3350 1996 3393 canonum
2025 3332 2131 3391 Ec-

550 3424 728 3483 clesiae
756 3424 1050 3495 Africanae,
1081 3444 1132 3485 c.
1165 3422 1252 3483 72.
1299 3424 1516 3485 Statuta
1547 3428 1743 3486 concil.
1770 3427 2134 3501 Hipponensis

547 3516 792 3577 breviata
838 3538 958 3594 cap.
989 3522 1080 3579 40.
1133 3521 1251 3578 Non
1291 3522 1451 3579 aliter
1486 3531 1708 3579 sanctus
1744 3522 1853 3579 Leo
1889 3523 1942 3578 in
1971 3524 2131 3593 epist.

547 3614 619 3670 ad
645 3613 878 3671 Leonem
906 3615 1274 3671 Ravennatem
1315 3619 1650 3687 episcopum,
1695 3624 1749 3670 et
1794 3616 1847 3670 in
1887 3615 1999 3671 suis
2041 3631 2132 3671 re-

548 3707 931 3778 spousionibus
970 3708 1037 3762 ad
1074 3707 1456 3777 inquisitiones
1496 3707 1705 3763 Rustici
1740 3705 2129 3773 Narbonensis,

550 3813 696 3870 resp.
722 3799 808 3854 16.
845 3818 864 3852 ι
903 3798 962 3855 Si
998 3798 1181 3865 nulla,
1233 3800 1437 3870 inquit,
1470 3808 1687 3855 exstant
1740 3798 1938 3854 indicia
1991 3800 2134 3854 inter

548 3889 881 3962 propinquos
917 3898 1010 3945 aut
1049 3890 1364 3956 familiares,
1403 3890 1554 3946 nulla
1593 3891 1740 3945 inter
1775 3890 2003 3946 clericos
2038 3898 2132 3944 aut

550 3981 782 4049 vicinos,
832 3983 1027 4053 quibus
1068 3985 1145 4050 hi,
1192 3985 1259 4040 de
1304 3984 1501 4055 quibus
1542 3982 1825 4055 quaeritur,
1872 3983 2132 4053 baptizati

549 4074 721 4131 fuisse
758 4077 1071 4142 doceantur,
1106 4077 1373 4149 agendum
1408 4084 1493 4133 est
1531 4086 1591 4132 ut
1628 4084 1986 4132 renascantur
2020 4094 2032 4131 :
2064 4092 2133 4132 ne

548 4167 835 4224 manifeste
876 4176 1124 4240 pereant,
1171 4169 1226 4225 in
1267 4169 1464 4241 quibus
1503 4170 1647 4241 quod
1684 4184 1791 4225 non
1829 4169 2133 4225 ostenditur

547 4270 781 4334 gestum,
813 4263 955 4318 sicut
981 4264 1122 4319 ratio
1148 4278 1256 4319 non
1280 4264 1408 4320 sinit
1434 4272 1496 4320 ut
1520 4265 1770 4321 videatur
1799 4264 2073 4320 iteratum.
2105 4283 2125 4317 ι

547 4344 1133 4425 Eademiespondens
1180 4353 1447 4426 Trojanus
1497 4355 1781 4427 episcopus
1828 4354 1896 4410 ad
1935 4353 2132 4410 Eume-

546 4444 689 4503 rium
712 4447 1020 4519 episcopum
1054 4447 1343 4518 profitetur
1370 4463 1430 4505 se
1453 4448 1599 4518 quod
1633 4464 1664 4503 a
1690 4447 1988 4517 majoribus
2018 4454 2130 4502 sta-

548 4542 727 4594 tutum
768 4546 871 4602 est,
909 4539 1278 4595 indubitanter
1305 4538 1572 4610 judicare,
1601 4554 1771 4610 quare
1812 4540 1885 4594 ita
1914 4537 2133 4595 conclu-

2239 2050 2355 2097 tum
2393 2042 2637 2097 omnium
2666 2042 2952 2098 bonorum.
2997 2040 3357 2098 Sacerdotem
3386 2051 3551 2098 tamen
3584 2060 3685 2099 non
3714 2044 3804 2100 ba-

2238 2132 2502 2205 ptizatum
2557 2131 2687 2188 fecit
2747 2131 3013 2203 baptizari
3066 2140 3121 2188 et
3172 2132 3505 2197 reordinari,
3557 2135 3675 2205 quia
3722 2134 3798 2190 sic

2241 2234 2530 2284 senserunt
2551 2221 2980 2298 pnedecessores
3007 2223 3123 2294 ejus
3148 2243 3162 2279 :
3188 2234 3246 2281 et
3272 2222 3377 2281 hoc
3404 2226 3563 2281 tutius
3578 2233 3674 2281 est.

2314 2320 2384 2375 Et
2412 2338 2590 2376 omnes
2611 2337 2742 2392 quos
2772 2319 2921 2391 prius
2952 2317 3255 2390 baptizavit.
3301 2316 3591 2391 Presbyter
3614 2317 3703 2389 qui
3730 2316 3813 2373 de-

2239 2412 2531 2486 prehendit
2561 2428 2620 2468 se
2669 2427 2776 2467 non
2804 2427 2925 2467 esse
2955 2410 3312 2481 baptizatum.
3372 2409 3440 2464 Et
3466 2408 3677 2480 quidem
3710 2400 3813 2466 fue-

2240 2514 2369 2560 runt
2418 2500 2511 2576 qui
2557 2504 2819 2560 rebantur
2867 2519 2961 2559 eos
3005 2502 3096 2573 qui
3141 2500 3268 2558 laici
3311 2500 3494 2557 effecti
3541 2506 3684 2567 sunt,
3727 2516 3813 2556 nec

2238 2595 2549 2669 baptizandi
2593 2596 2795 2653 habere
2836 2602 3192 2668 potestatem,
3234 2604 3295 2649 ut
3340 2602 3569 2650 sanctus
3605 2590 3815 2649 Basilius

2241 2674 2475 2745 testatur
2516 2687 2570 2743 in
2610 2686 2769 2758 epist.
2804 2687 3066 2744 canonica
3094 2686 3161 2742 ad
3188 2684 3658 2756 Amphilochium,
3685 2701 3728 2741 c.
3758 2684 3811 2739 i:

2246 2801 2265 2834 ι
2302 2781 2404 2849 Qui
2450 2789 2632 2836 autem
2673 2780 2889 2851 abrupti
2930 2787 3078 2846 sunt,
3126 2778 3253 2835 laici
3298 2778 3479 2835 effecti
3522 2793 3631 2835 nec
3667 2776 3817 2849 bapti-

2239 2874 2399 2929 zandi
2424 2888 2525 2929 nec
2546 2871 2834 2928 ordinandi
2861 2871 3063 2928 habent
3082 2880 3433 2944 potestatem,
3465 2880 3576 2929 etc.
3612 2893 3632 2926 ι
3663 2871 3813 2940 Quare

2238 2983 2335 3025 eos
2362 2967 2455 3039 qui
2498 2967 2567 3023 ab
2609 2967 2740 3038 ipsis
2780 2965 3039 3037 baptizati
3079 2974 3257 3031 erant,
3299 2974 3565 3037 tanquam
3618 2982 3649 3021 a
3682 2964 3810 3021 laicis

2237 3058 2571 3129 baptizatos,
2610 3058 2892 3130 jusserunt
2938 3057 3006 3113 ad
3052 3057 3340 3114 ecclesiam
3379 3059 3671 3114 venientes
3709 3073 3813 3114 vero

2239 3151 2497 3207 Ecclesiae
2554 3151 2829 3222 baptismo
2859 3151 3169 3222 expurgari.
3202 3150 3374 3207 Porro
3425 3152 3668 3221 quaestio
3691 3159 3813 3206 tanta

2238 3251 2344 3311 est,
2368 3250 2549 3298 utrum
2577 3251 2634 3299 et
2659 3244 2727 3298 ab
2755 3242 2821 3299 iis
2841 3242 2933 3313 qui
2961 3257 3241 3313 nunquam
3267 3241 3494 3299 fuerunt
3514 3241 3808 3307 Christiani.

2236 3337 2410 3410 possit
2450 3336 2751 3407 baptismus
2788 3336 2928 3401 dari,
2966 3342 3028 3390 ut
3057 3345 3279 3391 sanctus
3304 3334 3658 3407 Augustinus
3681 3336 3736 3391 de
3757 3349 3812 3391 ea

2236 3429 2373 3486 nihil
2401 3429 2599 3484 audeat
2633 3428 2903 3485 afﬁrmare
2933 3426 3074 3486 libro
3102 3444 3143 3484 ιι
3170 3438 3361 3485 contra
3388 3429 3689 3502 epistolam
3706 3428 3816 3485 Par-

2236 3522 2497 3588 meniani,
2550 3536 2669 3591 cap.
2704 3520 2790 3575 l2.
2842 3539 2862 3572 α
2903 3519 2973 3575 Ει
3023 3520 3140 3577 haec
3184 3520 3431 3590 quidem,
3480 3522 3689 3592 inquit,
3732 3520 3816 3575 alia

2235 3614 2465 3685 quaestio
2502 3619 2607 3680 est,
2647 3622 2831 3668 utrum
2859 3623 2915 3669 et
2952 3613 3022 3670 ab
3055 3606 3123 3668 iis
3162 3613 3255 3684 qui
3293 3630 3583 3685 nunquam
3620 3615 3817 3671 fuerunt

2234 3705 2554 3773 Christiani,
2588 3706 2761 3777 possit
2798 3704 3102 3777 baptismus'
3143 3705 3259 3762 dari
3297 3723 3309 3759 :
3348 3722 3453 3762 nec
3494 3705 3709 3779 aliquid
3747 3715 3815 3763 te-

2233 3812 2385 3854 mere
2435 3798 2559 3853 inde
2604 3797 2978 3853 afﬁrmandum
3028 3806 3115 3853 est
3169 3798 3289 3854 sine
3334 3798 3673 3854 auctoritate
3701 3795 3816 3853 tanti

2235 3890 2473 3955 concilii,
2497 3897 2760 3961 quantum
2786 3898 2948 3945 tanta:
2970 3890 3049 3946 rei
3072 3887 3287 3946 sufﬁcit.
3317 3911 3337 3944 ι
3364 3889 3483 3946 Non
3510 3892 3691 3949 multo
3718 3899 3818 3963 post

2233 3983 2426 4041 Patres
2470 3984 2684 4040 concilii
2714 3985 3156 4055 Compendiensis
3192 3986 3551 4056 quaestionem
3616 3986 3816 4043 deﬁnie-

2229 4084 2384 4143 runt,
2421 4090 2541 4130 can.
2574 4076 2606 4131 9
2635 4092 2648 4127 :
2692 4094 2710 4126 ‹
2749 4073 2806 4130 Si
2845 4077 2967 4145 quis
2996 4076 3303 4147 baptizatus
3343 4085 3488 4133 ests
3513 4081 3816 4151 presbytero

2234 4184 2343 4224 non
2382 4167 2673 4238 baptizato,
2717 4176 2772 4223 et
2817 4175 3004 4223 sancta
3032 4167 3274 4225 Trinitas
3310 4170 3365 4224 in
3406 4169 3530 4240 ipso
3560 4170 3816 4242 baptismo

2234 4258 2485 4315 invocata
2524 4258 2710 4326 fuerit,
2773 4260 3079 4329 baptizatus
3117 4269 3234 4326 est,
3266 4261 3407 4317 sicut
3434 4260 3673 4334 Sergius
3700 4275 3817 4334 papa

2235 4352 2391 4407 dixit.
2430 4371 2450 4405 ι
2522 4351 2676 4407 Unde
2713 4351 2972 4422 magister
3019 4352 3289 4409 Robertus
3323 4355 3391 4409 de
3427 4354 3692 4422 Chorcon
3721 4371 3813 4411 non

2233 4441 2446 4498 dubitat
2493 4458 2738 4498 asserere
2780 4444 3110 4513 baptismum
3155 4447 3222 4502 ab
3251 4445 3454 4501 inﬁdeli
3478 4462 3615 4504 vere
3641 4448 3810 4503 datum

2234 4550 2355 4591 esse
2385 4555 2397 4589 :
2432 4536 2479 4590 si
2515 4534 2761 4591 intendat
2803 4536 3129 4611 immergere
3152 4580 3168 4607 ,
3209 4556 3275 4595 eo
3313 4540 3477 4597 modo
3514 4558 3633 4613 quo
3675 4544 3814 4599 domet

548 4627 664 4683 dit:
700 4646 719 4680 ‹
753 4627 1026 4684 Statutum
1054 4631 1269 4686 noveris
1303 4638 1362 4684 ut
1388 4631 1697 4702 quicunque
1721 4645 1779 4685 se
1799 4630 2131 4700 baptizatum
2156 4642 2210 4704 ι)
2235 4626 2500 4700 Ecclesia,
2548 4627 2796 4697 quamvis
2845 4644 2952 4682 non
2998 4628 3139 4685 ferat
3184 4632 3425 4687 animum
3472 4633 3545 4688 ad
3595 4634 3811 4691 fructum

548 4723 716 4782 fuisse
761 4740 868 4780 non
918 4724 1124 4790 recolit,
1171 4740 1273 4782 nec
1317 4725 1386 4781 ab
1435 4724 1540 4780 alia
1564 4738 1797 4794 persona
1844 4722 1898 4778 id
1926 4722 2129 4778 factum

549 4811 715 4869 fuisse
757 4816 1043 4886 probatur,
1092 4815 1423 4886 baptismum
1475 4815 1680 4883 absque
1721 4813 1851 4868 ulla.
1876 4813 2131 4871 dilatione

547 4909 831 4980 percipiat,
878 4924 945 4963 ne
985 4923 1016 4962 a
1061 4908 1218 4963 nobis
1265 4907 1413 4963 illius
1459 4908 1642 4962 anima
1689 4898 1733 4961 si
1773 4923 1804 4961 a
1844 4905 2130 4977 baptizatis

545 5006 798 5071 separata
840 4996 1024 5064 fuerit,
1074 4998 1401 5069 requiratur.
1446 5016 1465 5052 ι
1517 4994 1654 5053 Vide
1691 4995 2013 5069 Gregorium
2060 4994 2127 5066 ll,

546 5093 705 5164 epist.
732 5092 817 5157 15,
850 5109 899 5147 c.
932 5092 997 5157 9;
1057 5091 1451 5163 Excerptiones
1495 5091 1715 5163 Egberti
1746 5091 2126 5158 Eboracensis,

547 5201 598 5241 c.
637 5178 738 5250 ll;
795 5182 1116 5256 Gregorium
1162 5178 1250 5250 Ill,
1297 5184 1455 5254 epist.
1484 5182 1538 5252 i,
1589 5198 1637 5240 c.
1669 5180 1721 5238 5.
1770 5182 1921 5240 Tunc
1964 5183 2130 5255 igitur

544 5274 809 5347 temporis
836 5272 981 5330 nulla
1019 5275 1468 5346 inter-ponebatur
1501 5275 1755 5332 conditio.
1786 5274 1954 5331 Actus
1982 5276 2127 5331 enim

546 5366 811 5442 legitimi,
872 5376 934 5423 ut
983 5369 1277 5439 loquuntur
1318 5358 1653 5440 iurisperiti,
1703 5382 1811 5425 non
1862 5369 2129 5440 recipiunt

545 5461 932 5518 conditionem.
1003 5459 1063 5517 Si
1116 5471 1295 5517 tamen
1342 5472 1728 5533 nonnunquam
1785 5461 1948 5517 tacite
1987 5462 2127 5517 reci-

542 5554 732 5625 piant:
765 5568 885 5626 qure
918 5560 1106 5624 aperte
1130 5554 1523 5623 comprehensa
1550 5552 1743 5609 vitium
1785 5549 1981 5607 adfert.
2023 5550 2124 5607 At-

546 5640 729 5702 tamen
764 5650 967 5709 statuta
1004 5645 1178 5702 sancti
1204 5644 1466 5700 Bonifacii
1494 5642 1787 5718 Moguntini
1817 5643 1916 5699 sub
1942 5644 2127 5699 condi-

542 5738 693 5796 tione
733 5740 1114 5811 baptizandum
1164 5738 1445 5805 sanciunt,
1498 5753 1619 5809 cap.
1658 5738 1749 5795 28.
1799 5736 1895 5794 His
1943 5745 2125 5793 tamen

542 5816 727 5903 verbis
754 5831 1047 5900 praemissis
1081 5848 1092 5884 :
1122 5829 1239 5887 Non
1268 5837 1321 5889 te
1357 5829 1657 5902 rebaptizo,
1689 5832 1785 5888 sed
1814 5833 1860 5887 si
1887 5831 2124 5887 nondum

545 5936 606 5981 es
627 5924 951 5996 baptizatus,
984 5926 1204 5999 baptizo
1226 5935 1283 5985 te
1327 5927 1383 5985 in
1409 5926 1628 5984 nomine
1657 5924 1859 5994 Patris,
1892 5934 1947 5984 et
1975 5923 2121 5994 Filii,

2230 4720 2508 4792 baptismi,
2534 4730 2590 4775 et
2614 4720 2764 4776 illum
2798 4738 2898 4793 pro
2927 4722 3155 4780 ridiculo
3184 4724 3400 4781 habeat.

2234 4833 2439 4890 Selecta
2458 4852 2521 4890 ea:
2539 4832 2760 4891 Summa
2774 4853 2873 4890 ms.
2899 4833 3113 4909 prerti
3141 4837 3377 4909 magistri
3397 4838 3465 4895 de
3487 4832 3736 4908 Claarpan
3763 4841 3810 4894 in

2725 4917 2911 4977 quwst.
2941 4906 3011 4962 58
3032 4949 3047 4973 ,
3080 4925 3195 4979 cap.
3232 4906 3317 4964 lO.

2302 4994 2399 5053 ille
2433 4995 2528 5067 qui
2550 4996 2847 5068 immergit,
2886 4997 2931 5051 si
2956 4997 3188 5054 intendit
3213 4999 3267 5054 id
3301 5000 3447 5071 quod
3474 5000 3612 5058 facit
3638 5000 3831 5079 κατιθ-

2230 5091 2312 5147 sia
2338 5089 2542 5156 facere,
2574 5098 2630 5146 et
2655 5106 2719 5145 co
2743 5088 2849 5146 fine
2873 5105 2980 5160 quo
3002 5089 3135 5146 facit
3157 5090 3400 5148 Ecclesia
3421 5134 3435 5159 ,
3470 5106 3583 5151 non
3614 5104 3697 5152 est
3721 5096 3807 5151 du-

2228 5182 2377 5240 bium
2407 5185 2538 5255 quin
2562 5184 2823 5255 baptizet.
2864 5182 2971 5239 Sed
3003 5184 3096 5255 qui
3130 5180 3362 5242 intendit
3390 5184 3719 5261 immergere
3748 5195 3804 5244 eo

2228 5277 2391 5331 modo
2420 5291 2526 5346 quo
2568 5276 2812 5332 Ecclesia
2843 5276 3000 5332 docet
3021 5318 3037 5344 ,
3083 5277 3178 5333 sed
3206 5284 3386 5334 tamen
3423 5294 3533 5334 non
3564 5276 3800 5343 intendit,

2229 5367 2477 5425 conferre
2517 5369 2756 5425 fructum
2797 5368 3088 5440 baptismi,
3141 5370 3303 5427 alieni
3340 5379 3524 5443 potest
3563 5386 3682 5430 esse
3713 5371 3802 5427 du-

2226 5461 2397 5527 bium,
2431 5462 2561 5532 quin
2600 5460 2878 5533 baptizet:
2906 5471 3036 5532 puta
3083 5462 3281 5535 aliquis
3323 5462 3500 5521 ﬁdelis
3541 5462 3803 5522 commisit

2225 5551 2513 5624 parvulum
2561 5566 2718 5609 suum
2742 5553 2948 5609 inﬁdeli
2989 5568 3112 5610 cum
3154 5568 3384 5629 peregre
3405 5556 3797 5628 profectusest.

2227 5645 2322 5700 tali
2355 5645 2567 5715 adjecta
2596 5646 2933 5713 conditione,
2967 5650 3113 5720 quod
3138 5648 3183 5705 si
3213 5648 3413 5705 viderit
3434 5651 3716 5722 parvulum
3746 5648 3794 5703 in

2226 5738 2487 5793 extremis
2514 5738 2855 5796 laborantem
2876 5780 2890 5804 ,
2921 5754 3044 5795 eum
3070 5738 3215 5796 trina
3238 5736 3475 5813 baptizet
3504 5739 3797 5799 immersio-

2227 5844 2317 5897 ne,
2345 5830 2447 5888 sub
2470 5832 2727 5901 praedicta
2763 5830 2934 5889 forma
2967 5834 3257 5890 verbon
3279 5878 3293 5903 ,
3342 5848 3505 5906 quam
3548 5834 3641 5892 ille
3664 5830 3796 5902 adje—

2228 5925 2317 5981 cit.
2359 5924 2417 5978 ln
2450 5924 2539 5979 tali
2572 5939 2700 5982 casu
2729 5926 2962 5983 dicimus
2990 5927 3132 5996 quod
3162 5927 3273 5997 ille,
3315 5944 3380 5984 ex
3409 5944 3520 5999 quo
3547 5926 3789 5995 δεήθη-
