4020 6360
164 509 309 568 1125

1311 508 1880 569 OBSERVATIONES
1915 511 2005 569 ET
2043 510 2275 571 NOTAE.

3293 519 3433 609 “26

158 629 341 685 tendit
384 626 665 699 baptizare
691 666 707 694 ,
756 640 820 683 eo
868 627 1028 683 modo
1061 641 1169 698 quo
1196 628 1435 697 baptizat
1476 626 1739 691 Ecclesia,
1769 627 1822 685 A
1849 608 1950 679 nec
1996 625 2138 680 ultra
2190 635 2433 681 tenorem
2483 623 2725 695 paternis
2764 625 3067 685 canonibus
3114 627 3430 699 deputatum

157 722 280 793 ipse
304 722 424 777 sine
450 722 614 777 dubio
641 723 878 792 baptizat
904 740 916 776 :
943 723 1189 792 quamvis
1212 738 1318 778 non
1346 722 1486 777 ferat
1510 721 1751 775 animum

158 815 231 869 ad
261 813 503 870 fructum
550 816 832 885 baptismi,
882 816 991 871 imo
1022 832 1122 886 pro
1151 814 1381 872 ridiculo
1406 816 1603 871 habeat
1629 828 1749 868 om-

159 923 291 963 nem
319 907 577 963 fructum.

237 998 364 1056 Non
410 1000 531 1055 licet
580 1001 803 1055 diacono
850 1000 984 1055 laico
1023 1000 1375 1071 pmm’tentiam
1420 999 1567 1054 dare.
1628 996 1748 1052 Non

157 1096 273 1152 nisi
306 1104 532 1167 cogente
560 1096 886 1151 necessitate
913 1097 1076 1150 licere
1106 1095 1234 1150 dicit
1263 1093 1549 1149 concilium
1574 1091 1751 1145 Elibe-

160 1191 433 1257 ritanum,
466 1206 584 1246 can.
623 1190 731 1245 52:
779 1204 797 1241 ι
826 1189 979 1259 Apud
1015 1191 1393 1259 presbyterum
1416 1186 1461 1240 si
1486 1186 1606 1253 quis
1629 1198 1751 1253 gra-

160 1285 219 1339 vi
252 1284 408 1356 lapsu
454 1285 511 1338 in
557 1285 770 1339 ruinam
818 1284 1010 1339 mortis
1054 1283 1326 1347 inciderit,
1362 1281 1564 1352 placuit
1591 1288 1752 1346 agere

159 1376 546 1448 paenitentiam
575 1392 683 1431 non
713 1377 933 1441 debere,
965 1376 1059 1430 sed
1090 1376 1269 1445 potius
1298 1374 1365 1428 ad
1396 1374 1707 1443 episcopum
1732 1385 1745 1423 :

160 1474 395 1537 cogente
423 1476 602 1522 tamen
633 1467 947 1522 infirmitate
964 1506 978 1533 ,
1014 1482 1236 1522 necesse
1261 1474 1345 1521 est
1372 1465 1747 1536 presbyterum

162 1563 604 1617 communionem
626 1572 888 1632 praestare
916 1560 1129 1623 debere,
1177 1567 1229 1615 et
1260 1559 1544 1614 diaconum
1573 1596 1589 1623 ,
1626 1558 1671 1611 si
1698 1556 1749 1610 ei

156 1654 391 1725 jusserit
433 1651 702 1709 sacerdos.
735 1672 754 1705 ι
802 1652 1034 1708 Sanetus
1084 1652 1386 1724 Cyprianus
1434 1652 1488 1705 in
1529 1647 1745 1719 ep.12:

169 1764 191 1797 ι
219 1744 281 1800 Si
328 1746 672 1801 incommodo
702 1745 882 1814 aliquo
932 1754 988 1800 et
1036 1743 1364 1798 inﬁrmitatis
1390 1738 1632 1811 periculo
1659 1752 1751 1792 oc-

164 1838 355 1909 cupati
379 1837 605 1901 fuerint,
632 1854 739 1893 non
763 1845 1071 1908 exspectata
1092 1836 1379 1908 prresentia
1402 1842 1585 1888 nostra
1609 1831 1749 1901 apud

164 1935 549 2006 presbyterum
580 1946 849 2002 quemque
891 1940 1211 2002 praesentem
1232 1973 1245 1995 ,
1276 1930 1359 1985 vel
1397 1930 1439 1983 si
1469 1929 1751 1998 presbyter

1853 720 2127 790 quidpiam
2160 728 2368 776 tentare
2393 720 2760 790 permittimus
2786 739 2799 777 :
2824 721 2958 777 nihil
2994 737 3182 777 eorum
3219 725 3438 793 penitus

1854 833 1952 873 suo
1977 818 2280 873 ministerio
2312 817 2583 887 applicare
2608 833 2729 887 quae
2766 818 2959 887 primis
2996 817 3279 874 ordinibus
3304 834 3435 890 pro-

1848 912 1967 981 prie
1993 910 2231 966 decrevit
2259 910 2573 980 antiquitas.
2628 909 2848 979 Absque
2876 904 3137 981 episcopo
3160 910 3245 966 vel
3273 926 3429 981 pres-

1849 1004 2041 1075 bytero
2084 1004 2363 1073 baptizare
2414 1019 2522 1059 non
2563 1005 2821 1071 audeant,
2854 1004 2988 1070 nisi,
3019 1004 3293 1074 praedictis
3314 1002 3429 1060 for-

1852 1106 1995 1151 tasse
2021 1095 2212 1151 oﬂiciis
2240 1097 2449 1167 longius
2486 1097 2826 1159 constitutis,
2874 1092 3167 1152 necessitas
3195 1104 3439 1152 extrema

1853 1189 2018 1257 cogit,
2071 1191 2216 1258 quod
2257 1197 2313 1245 et
2352 1188 2505 1244 laicis
2547 1188 2874 1245 Christianis
2920 1188 3099 1245 facere
3123 1189 3441 1261 plerumque

1852 1282 2183 1336 conceditur.
2218 1301 2236 1333 ι
3092 1346 3101 1353 _

1923 1375 2044 1430 Non
2072 1391 2259 1445 panem
2289 1376 2437 1430 dare.
2469 1374 2634 1430 Cone.
2660 1375 2904 1440 Laodie.,
2932 1389 3053 1431 can.
3084 1374 3191 1429 ‘35:
3236 1393 3257 1425 ‹
3282 1373 3439 1441 Quod

1851 1482 1956 1521 non
1978 1475 2225 1536 oporteat
2253 1467 2532 1522 ministros
2566 1482 2760 1535 panem
2802 1467 2952 1531 dare,
2982 1465 3067 1519 vel
3100 1465 3325 1521 calicem
3347 1465 3441 1519 be-

1851 1561 2119 1615 nedicere.
2162 1560 2426 1614 Diaconos
2454 1559 2652 1629 priscis
2692 1558 2944 1612 Eeclesim
2979 1556 3190 1611 swculis
3222 1556 3437 1610 dedisse

1850 1666 2044 1721 panem
2073 1651 2126 1704 in
2153 1666 2258 1720 quo
2286 1652 2586 1720 gratiarum
2612 1649 2852 1703 actiones
2878 1656 3004 1703 sunt
3033 1656 3193 1710 actae,
3230 1654 3285 1700 et
3305 1644 3439 1699 eali-

1853 1759 1969 1799 cem
2004 1744 2347 1813 propinasse,
2387 1742 2520 1796 satis
2546 1756 2819 1811 superque
2842 1740 3222 1795 demonstrant
3246 1737 3441 1791 horum

1851 1844 2155 1905 temporum
2178 1834 2396 1889 Patrest
2431 1854 2449 1885 ι
2493 1833 2725 1888 Sanctus
2771 1831 3015 1887 Justinus
3070 1831 3124 1884 in
3184 1827 3444 1898 Apologia

1850 1928 2003 1998 juxta
2044 1926 2335 1982 Eusebium
2378 1925 2592 1995 prima:
2647 1922 2909 1977 «Diaconi
2951 1921 3281 1975 distribuunt
3323 1918 3444 1973 nni-

165 2035 421 2099 repertus
448 2042 555 2081 non
587 2024 779 2091 fuerit,
814 2036 869 2080 et
897 2040 1089 2095 urgere
1126 2025 1302 2078 exitus
1328 2022 1584 2092 cceperit,
1615 2019 1753 2089 apud
1784 1991 1831 2051 B
1857 2021 2054 2090 cuique
2092 1991 2439 2089 praesentium
2469 2058 2483 2083 ,
2534 2032 2678 2081 eum,
2708 2016 2761 2068 in
2788 2022 2896 2084 quo
2921 2013 3109 2084 gratiae
3134 2019 3270 2067 actae
3298 2016 3441 2074 sunt,

166 2119 458 2175 diaconum
502 2128 715 2187 quoque
758 2116 1176 2185 exomologesim
1227 2114 1407 2169 facere
1453 2111 1635 2166 delicti
1675 2111 1755 2165 sui

166 2212 400 2283 possint,
432 2216 495 2264 ut
525 2224 687 2264 manu
717 2209 797 2264 eis
835 2208 885 2261 in
916 2209 1233 2278 ptenitentia
1256 2204 1503 2275 imposita
1536 2204 1759 2257 veniant

167 2303 236 2357 ad
282 2301 571 2356 Dominum
617 2315 739 2356 cum
796 2312 946 2370 pace.
988 2318 1005 2351 ›
1073 2299 1140 2352 Et
1193 2298 1410 2368 quidem
1462 2295 1758 2350 secundum

168 2390 425 2462 Optatum
468 2400 524 2449 et
562 2392 947 2461 Hieronymum
976 2391 1188 2444 diaconi
1214 2397 1340 2444 sunt
1370 2389 1422 2442 in
1453 2388 1611 2442 tertio
1638 2401 1760 2458 gra-

168 2488 236 2543 du
264 2485 577 2541 sacerdotii.
615 2485 750 2541 Vide
796 2484 1151 2551 Halitgarium
1195 2483 1249 2537 in
1295 2480 1610 2553 prmfatione
1637 2478 1760 2532 Poe-

171 2578 469 2635 nitentialis
505 2578 770 2642 Romani;
824 2576 1159 2648 Reginonem
1185 2614 1199 2641 ,
1244 2574 1339 2628 lib.
1370 2589 1385 2627 ι
1414 2574 1477 2627 de
1505 2571 1759 2627 ecclesia-

172 2674 325 2729 sticis
350 2672 681 2741 Disciplinis,
701 2670 909 2735 295,ex
934 2668 1297 2723 Poenitentiali
1314 2667 1588 2729 Romano;
1618 2665 1759 2719 sicut

174 2771 317 2825 enim
341 2766 669 2823 sacrificium
696 2764 891 2819 offerre
930 2778 1036 2817 non
1066 2762 1262 2816 debent
1297 2760 1398 2813 nisi
1442 2756 1679 2829 episcopi
1708 2763 1761 2810 et

180 2861 519 2933 presbyteri,
571 2858 768 2927 quibus
818 2856 997 2911 claves
1053 2853 1202 2924 regni
1255 2851 1490 2906 caelestis
1548 2847 1760 2903 traditae

182 2961 347 3018 sunt,
396 2951 474 3007 sic
494 2965 591 3007 nec
615 2948 993 3021 paenitentiam
1021 2945 1223 3014 judicia
1253 2942 1342 2996 alii
1374 2953 1634 3009 usurpare
1664 2938 1758 2992 de-

180 3048 327 3103 bent.
361 3044 497 3101 296:
545 3062 565 3097 ι
595 3044 652 3099 Si
697 3051 874 3097 autem
901 3038 1196 3095 necessitas
1221 3034 1486 3099 evenerit,
1521 3040 1576 3086 et
1603 3046 1759 3100 pres-

174 3141 333 3214 byter
362 3155 468 3195 non
510 3138 671 3195 fuerit
703 3148 941 3209 prtesens
963 3175 978 3199 ,
1016 3133 1277 3186 diaconus
1302 3126 1558 3196 suscipiat
1587 3118 1761 3193 pteni‘

175 3240 382 3289 tentem
440 3231 507 3287 ad
578 3236 823 3286 sanctam
886 3223 1339 3280 communionem.
1370 3237 1387 3269 ι
1444 3214 1762 3270 Theodorus

1856 2126 2075 2182 panem,
2113 2120 2218 2165 etc.
2264 2110 2434 2165 Porro
2479 2108 2794 2164 alimentum
2839 2107 2942 2159 hoc
2967 2103 3107 2174 apud
3137 2114 3239 2157 nos
3265 2099 3447 2171 appel-

1858 2206 1998 2261 latur
2039 2202 2399 2259 Eucharistia.
2432 2216 2451 2255 ι
2495 2200 2727 2255 Sanctus
2764 2197 3069 2269 Cyprianus
3109 2193 3176 2250 de
3214 2192 3441 2261 Lapsis:

1866 2316 1883 2349 ι
1913 2298 2013 2352 Ubi
2043 2310 2171 2351 vero
2199 2295 2529 2349 solemnibus
2573 2291 2881 2359 adimpletis
2931 2287 3155 2342 calicem
3185 2286 3447 2340 diaconus

1859 2390 2055 2445 oil‘erre
2082 2388 2439 2458 praesentibus
2484 2385 2679 2454 erepit,
2722 2391 2828 2436 etc.
2858 2400 2876 2432 ι
2926 2380 3129 2433 Tamen
3160 2375 3447 2431 Tertullin-

1860 2498 1963 2537 nus
2005 2480 2259 2551 Cypriani
2314 2478 2574 2545 magister
2624 2472 2978 2529 Eueharistize
3042 2476 3443 2524 sacramentum

1861 2592 1961 2631 nec
1988 2576 2053 2629 de
2080 2575 2308 2628 aliorum
2352 2582 2516 2625 manu
2558 2576 2721 2639 quam
2760 2564 3163 2637 praesidentium
3193 2560 3335 2615 sumi
3365 2568 3445 2614 te-

1860 2678 2035 2726 statur
2058 2670 2150 2723 lib.
2185 2669 2251 2721 de
2280 2666 2514 2729 Corona,
2538 2678 2656 2733 cap.
2690 2662 2744 2715 2.
2788 2660 2983 2715 Postea
3007 2657 3243 2711 Sanctus
3270 2653 3443 2707 Atha-

1861 2763 2045 2816 nasius
2074 2762 2138 2815 de
2160 2758 2496 2830 propinando
2525 2756 2785 2825 sanguine
2832 2750 3035 2806 Christi
3082 2747 3319 2802 allirmat
3351 2757 3447 2799 ne-

1862 2853 1992 2907 mini
2022 2853 2123 2905 hoc
2147 2850 2333 2912 licere,
2382 2847 2486 2901 nisi
2528 2843 2938 2900 sacerdotibus:
2989 2858 3008 2891 ι
3038 2839 3324 2901 Vestrum,
3360 2836 3444 2889 ina

1864 2944 1982 3013 quit
2028 2943 2080 2995 in
2107 2940 2368 3011 Apologia
2409 2937 2665 3001 secunda,
2695 2932 3030 2989 solummodo
3052 2937 3135 2984 est
3156 2927 3449 2999 propinare

1862 3035 2059 3107 populo
2104 3033 2420 3102 sanguinem
2470 3029 2673 3085 Christi
2700 3066 2714 3091 ,
2763 3035 2818 3081 et
2865 3033 3128 3095 praeterea
3166 3020 3384 3075 nullius.
3423 3035 3445 3070 ι

1865 3128 1997 3183 Cum
2048 3125 2342 3180 Athanasio
2373 3122 2607 3177 Joannes
2644 3120 3064 3190 Chrysostomus
3103 3116 3182 3171 sio
3214 3113 3453 3184 loquitur

1863 3219 1921 3273 in
1946 3216 2162 3271 homilia
2190 3214 2259 3268 46
2290 3216 2345 3267 ἱιι
2384 3222 2547 3282 caput
2590 3227 2687 3264 xm
2714 3210 2950 3263 Matthzei
2979 3226 2991 3261 :
3029 3225 3047 3258 ι
3082 3206 3271 3260 Nonne
3300 3202 3453 3257 vides

174 3325 453 3397 subiungit
478 3339 493 3379 :
524 3342 543 3375 ‹
568 3322 677 3379 Sed
692 3319 929 3391 episcopi
950 3312 1355 3386 autpresbyteri
1378 3310 1507 3364 dare
1530 3307 1757 3370 debet“;
1866 3310 1990 3378 quia
2021 3308 2121 3362 soli
2149 3304 2417 3360 sacerdoti
2450 3303 2531 3357 l‘as
2562 3309 2644 3356 est
2666 3299 2944 3369 sanguinis
2973 3298 3200 3352 calicem
3224 3294 3320 3348 tibi
3344 3302 3453 3346 tra-

174 3422 220 3479 si
249 3419 559 3493 presbyteri
604 3419 839 3473 habeant
884 3419 1235 3486 potestatem,
1287 3422 1392 3460 non
1436 3410 1613 3458 tamen
1644 3403 1761 3455 sine

166 3511 327 3582 jussu
375 3510 654 3581 episcopi,
704 3508 844 3563 sicut
884 3504 1161 3560 declarant
1211 3496 1484 3569 prrcdictse
1537 3494 1758 3546 Patrum

175 3604 556 3661 auctoritates.
606 3614 624 3655 ι
669 3599 823 3667 Quod
868 3597 1152 3652 conﬁrmat
1196 3588 1457 3661 magister
1498 3586 1765 3641 Robertus

176 3695 244 3751 de
270 3694 527 3759 Chor-con
550 3692 605 3746 in
631 3705 729 3745 sua
756 3687 998 3745 Summa.

179 3806 398 3865 Selecta
427 3820 492 3859 ea;
508 3790 726 3859 Summa
762 3818 857 3853 ms.
893 3795 1133 3867 magistri
1161 3795 1374 3851 Roberti
1405 3794 1468 3867 de
1504 3790 1765 3855 Chorgon,

471 3877 527 3929 in
559 3874 758 3939 Quwst.
792 3873 855 3924 de
891 3865 1222 3931 Pwnitentia,
1248 3883 1362 3938 cap.
1396 3865 1484 3919 46.

254 3970 502 4027 Dicimus
531 3967 674 4037 quod
706 3966 810 4020 duo
847 3963 1125 4033 praemissa
1146 4002 1159 4027 ,
1202 3961 1407 4015 scilicet
1436 3959 1566 4013 dare
1595 3953 1773 4009 consi-

178 4065 347 4129 lium,
376 4068 431 4117 et
468 4059 841 4131 pcenitentiam
884 4056 1122 4109 indicere
1142 4096 1155 4119 ,
1201 4053 1525 4109 conveniunt
1555 4048 1775 4103 cuilibet

179 4159 374 4215 alieno
397 4152 664 4208 sacerdoti
690 4168 705 4205 :
737 4150 782 4205 si
812 4157 991 4203 tamen
1035 4148 1235 4201 habeat
1261 4145 1389 4199 illud
1416 4159 1513 4212 per
1543 4139 1775 4211 speciale

181 4247 514 4306 mandatum
542 4241 839 4313 superioris
859 4282 872 4305 ,
908 4248 970 4293 ut
989 4238 1226 4310 episcopi
1256 4237 1359 4291 loci
1386 4235 1468 4289 vel
1491 4232 1653 4302 legati
1682 4232 1776 4285 do-

176 4339 329 4396 mini
367 4350 538 4408 papaz.
582 4331 734 4389 Unde
767 4330 1083 4385 claustrales
1114 4328 1172 4383 S.
1204 4326 1436 4381 Victoris
1472 4339 1579 4379 non
1611 4322 1778 4377 habe-

176 4441 315 4490 rent
341 4432 445 4485 hoc
469 4427 570 4482 nisi
603 4427 667 4481 de
696 4425 949 4479 mandato
971 4419 1207 4492 episcopi
1230 4417 1571 4473 Parisiensls.
1625 4411 1779 4468 Unde

178 4536 301 4580 nec
323 4520 424 4591 ipsi
456 4533 555 4574 nec
584 4517 751 4588 aliqui
785 4515 874 4570 alii
906 4516 1022 4570 sine
1063 4512 1317 4567 mandato
1344 4508 1545 4565 domini
1571 4505 1779 4577 episco-

175 4614 239 4688 pi
269 4616 501 4684 possunt
525 4622 582 4665 se
612 4609 677 4661 ad
710 4607 811 4662 hoc
836 4606 1133 4660 intrudere.

261 4702 496 4760 Diacom‘
541 4707 755 4771 possunt
800 4699 1085 4768 baptizare.
1136 4694 1233 4749 Jus
1280 4694 1457 4758 datur,
1498 4690 1640 4760 quod
1671 4704 1778 4743 non
1808 4718 1860 4782 ο

178 4796 367 4855 habet
397 4792 501 4847 nisi
525 4791 760 4862 episcopi
792 4789 1113 4844 auctoritate
1151 4795 1371 4857 propter
1408 4784 1661 4838 Ecclesiae
1685 4783 1776 4836 bo-

178 4902 413 4948 norem.
444 4880 668 4939 Tertull.
698 4884 763 4936 de
786 4881 1078 4951 Baptismo,
1111 4894 1229 4949 cap.
1258 4878 1322 4930 l7
1353 4895 1366 4930 :
1409 4896 1426 4927 ι
1458 4875 1626 4930 Dandi
1656 4872 1777 4943 qui-

181 4985 323 5040 dem
352 4976 513 5034 habet
535 4974 624 5045 jus
652 4989 895 5029 summus
916 4972 1186 5035 sacerdos,
1220 4973 1311 5041 qui
1347 4978 1430 5024 est
1458 4969 1778 5039 episcopus;

182 5074 404 5133 dehinc
453 5070 750 5142 presbyteri
802 5077 856 5123 et
895 5068 1137 5131 diaconi;
1185 5082 1288 5121 non
1316 5075 1495 5121 tamen
1528 5066 1643 5119 sine
1673 5064 1784 5133 epi-

183 5165 356 5235 scopi
400 5163 719 5218 auctoritate
768 5169 990 5230 propter
1036 5160 1291 5213 Eeelesiae
1332 5160 1638 5213 honorem:
1680 5171 1786 5226 quo

185 5257 361 5316 salvo
388 5255 531 5310 salva
561 5269 665 5324 pax
694 5260 798 5307 est.
830 5271 849 5304 ι
886 5250 1120 5306 Sanetus
1142 5250 1498 5319 Hieronymus
1529 5249 1787 5301 adversus

184 5346 622 5409 Luciferianos:
659 5365 677 5397 ί
708 5344 962 5400 Ecclesiae
1002 5343 1147 5398 salus
1172 5342 1225 5396 in
1256 5341 1451 5396 summi
1491 5340 1789 5394 sacerdotis

188 5442 475 5513 dignitate
500 5439 734 5511 pendet:
786 5436 873 5491 cui
915 5437 961 5490 si
1000 5450 1105 5489 non
1135 5446 1325 5489 exsors
1364 5432 1607 5503 quaedam
1639 5440 1694 5487 et
1724 5432 1790 5486 ab

188 5531 468 5591 omnibus
509 5530 755 5585 eminens
798 5530 956 5584 detur
997 5534 1256 5596 potestas,
1308 5532 1387 5580 tot
1429 5526 1481 5579 in
1538 5524 1792 5579 Ecclesiis

191 5627 514 5684 eiﬁcientur
540 5626 831 5681 schismata
860 5630 993 5692 quot
1021 5622 1347 5678 sacerdotes.
1390 5621 1519 5676 inde
1556 5622 1704 5675 venit
1732 5628 1793 5674 ut

192 5722 334 5783 sine
360 5719 658 5777 chrismate
679 5725 734 5773 et
760 5716 995 5787 episcopi
1016 5716 1280 5787 jussione,
1295 5729 1470 5784 neque
1490 5713 1793 5784 presbyter,

194 5827 395 5885 neque
419 5812 701 5874 diaconus,
725 5810 814 5880 jus
848 5808 1084 5863 habeant
1107 5806 1432 5876 baptizandi.
1469 5826 1487 5857 ι
1511 5802 1796 5860 Gelasiusl

202 5906 289 5966 ad
315 5905 600 5977 episcopos
628 5902 899 5967 Lucaniae,
931 5901 1088 5972 epist.
1125 5898 1179 5965 9,
1223 5912 1343 5969 cap.
1381 5898 1412 5950 '7
1440 5917 1452 5951 ε
1493 5918 1511 5948 ‹
1532 5899 1799 5952 Diaconos

205 6011 441 6071 quoque
478 5995 753 6067 pr0priam
800 5991 1179 6049 constituimus
1224 6005 1443 6046 servare
1466 6003 1796 6057 mensuram,

1868 3402 2035 3473 dere?
2066 3421 2083 3453 ι
2118 3400 2287 3453 Porro
2316 3397 2381 3451 de
2405 3396 2560 3450 istius
2590 3394 2734 3447 modi
2771 3393 2965 3447 ritibus
2996 3396 3209 3459 oportet
3238 3401 3454 3456 semper

1869 3476 2146 3546 attendere
2193 3500 2297 3541 non
2357 3484 2529 3541 solum
2578 3491 2821 3551 tempora
2850 3522 2863 3546 ,
2921 3477 3013 3533 sed
3057 3485 3113 3533 et
3133 3477 3271 3533 loca.
3313 3476 3451 3531 Nam

1866 3585 2011 3640 circa
2038 3590 2279 3651 tempora
2304 3578 2527 3633 Joannis
2553 3573 2925 3646 Chrysostomi
2942 3613 2956 3637 ,
2988 3572 3043 3625 in
3072 3572 3228 3641 cujus
3265 3568 3455 3624 Eccle-

1869 3675 1950 3730 sia
1977 3674 2077 3727 soli
2114 3672 2425 3728 sacerdotes
2450 3669 2672 3724 calicem
2705 3666 3065 3737 propinabant
3084 3703 3099 3728 ,
3125 3663 3178 3716 in
3210 3661 3456 3717 Ecclesia

1871 3765 2254 3822 Mediolanensi
2300 3769 2531 3818 testatur
2557 3759 2874 3814 Ambrosius
2916 3757 3080 3811 etiam
3120 3754 3308 3808 viduas
3337 3767 3458 3808 cor-

1870 3877 1977 3933 pus
2017 3868 2072 3913 et
2121 3857 2440 3927 sanguinem
2484 3852 2686 3909 Christi
2725 3850 3080 3914 ministrasse,
3106 3847 3243 3901 libro
3267 3846 3333 3901 de
3361 3846 3458 3899 Vi-

1874 3953 2031 4007 duis:
2067 3968 2085 4000 ι
2115 3948 2288 4003 Simul
2317 3945 2494 4017 qualis
2526 3958 2646 3999 esse
2689 3942 2884 3997 debeat
2909 3955 3028 4010 qum
3053 3937 3273 3995 Christo
3295 3935 3456 3991 mini-

1875 4056 2033 4112 strat,
2059 4044 2379 4101 ostenditur.
2432 4040 2659 4110 Oportet
2702 4050 2823 4091 eam
2862 4035 3039 4104 primo
3074 4046 3261 4089 carere
3282 4028 3465 4083 varia-

1880 4158 2000 4197 rum
2030 4138 2299 4194 illecebris
2338 4136 2691 4204 voluptatum,
2717 4130 2891 4184 vitare
2917 4130 3190 4183 internum
3218 4122 3464 4194 corporis

1880 4234 2154 4301 animique
2181 4232 2514 4300 languorem,
2539 4233 2600 4281 ut
2624 4238 2819 4294 corpus
2847 4231 2899 4278 et
2921 4222 3236 4290 sanguinem
3262 4217 3464 4272 Christi

1880 4328 2174 4389 ministret,
2198 4332 2300 4379 etc.
2335 4342 2352 4374 ι
2410 4320 2697 4391 Dionysius
2725 4316 3119 4371 Alexandrinus
3158 4313 3211 4365 in
3238 4307 3465 4380 epistola

1884 4422 1949 4475 ad
1978 4419 2203 4475 Fabium
2226 4457 2239 4482 ,
2282 4415 2422 4485 apud
2460 4412 2751 4467 Eusebium
2782 4409 2903 4463 libr.
2934 4423 2987 4461 γι
3032 4404 3196 4467 Hist.,
3224 4416 3344 4470 cap.
3372 4399 3461 4463 41,

1882 4512 2071 4569 scribit
2101 4523 2270 4580 puero
2298 4504 2697 4561 Eucharistiam
2727 4503 2905 4555 datam
2933 4512 3053 4552 esse
3093 4509 3124 4549 a
3164 4492 3463 4557 sacerdote,

1885 4612 1943 4658 ut
1970 4603 2308 4657 ministraret
2336 4596 2641 4668 Serapioni.
2695 4610 2713 4644 ‹
2738 4592 2846 4647 Sed
2870 4589 3145 4659 quoniam,
3181 4586 3375 4655 inquit,
3410 4584 3466 4639 in

1888 4700 2157 4757 mandatis
2186 4698 2442 4753 dederam
2476 4700 2534 4747 ut
2560 4688 2859 4753 morituris,
2890 4686 2934 4742 si
2962 4689 3231 4755 peterent,
3261 4688 3316 4736 et
3346 4695 3467 4734 ma—

1882 4796 2027 4849 xime
2066 4792 2111 4847 si
2143 4798 2303 4844 antea
2346 4784 2660 4855 suppliciter
2690 4778 3084 4850 postulassent,
3112 4774 3266 4828 venia
3293 4769 3470 4827 indul-

1884 4892 2118 4957 geretur,
2143 4898 2247 4950 quo
2275 4881 2427 4933 bona:
2451 4876 2565 4945 spei
2600 4873 2745 4942 pleni
2777 4887 2843 4925 ex
2873 4871 2971 4924 hac
2996 4869 3107 4923 vita
3141 4866 3465 4936 migrarent;

1886 4956 2134 5048 exiguam
2166 4968 2519 5027 Eucharistite
2551 4976 2759 5036 partem
2800 4979 2968 5035 puero
3000 4959 3241 5023 tradidit,
3274 4956 3471 5027 jubens

1886 5076 1947 5123 ut
1981 5067 2035 5121 in
2082 5079 2217 5133 aqua
2267 5061 2550 5116 intinctam
2592 5058 2710 5114 seni
2760 5057 2814 5111 in
2846 5071 2907 5110 os
2950 5052 3254 5108 instillaret.
3290 5070 3307 5102 ι
3341 5050 3474 5116 Qua:

1887 5159 2068 5215 omnia
2093 5164 2281 5227 postea
2312 5154 2534 5207 omnino
2564 5150 2841 5206 interdixit
2862 5147 3100 5219 synodus
3124 5142 3471 5205 Rbemensis,

1889 5266 2009 5307 can.
2058 5248 2130 5302 2:
2183 5265 2201 5298 ‹
2229 5246 2485 5301 Pervenit
2523 5245 2588 5299 ad
2622 5243 2870 5298 notitiam
2910 5246 3151 5295 nostram
3180 5236 3324 5308 quod
3354 5234 3473 5305 qui-

1892 5345 2013 5398 dam
2043 5340 2342 5412 presbyteri
2369 5340 2421 5393 in
2452 5346 2662 5393 tantum
2694 5330 2848 5407 parvi
2874 5334 3113 5403 pendant
3144 5331 3321 5387 divina
3352 5344 3471 5399 my-

1892 5437 2059 5493 steria
2084 5476 2098 5501 ,
2141 5444 2202 5488 ut
2231 5434 2368 5488 laico
2395 5433 2480 5487 vel
2523 5430 2738 5487 feminae
2783 5443 2994 5484 sacrum
3034 5442 3228 5497 corpus
3263 5421 3475 5479 Domini

1895 5528 2113 5584 tradant
2136 5526 2202 5580 ad
2231 5525 2579 5580 deferendum
2606 5521 2836 5578 inﬁrmis
2863 5539 2875 5575 :
2916 5529 2971 5577 et
3001 5522 3196 5592 quibus
3223 5514 3479 5587 prohibe—

1896 5631 2003 5681 tur,
2030 5633 2097 5672 ne
2127 5616 2424 5673 sacrarium
2452 5614 2845 5683 ingrediantur,
2882 5627 2951 5667 ne
2981 5611 3047 5665 ad
3076 5609 3246 5663 altare
3284 5617 3479 5673 appro-

1896 5713 2179 5784 pinquent,
2216 5708 2321 5763 illis
2335 5714 2523 5763 sancta
2547 5714 2855 5762 sanctorum
2884 5702 3304 5759 committantur.
3327 5694 3481 5764 Quod

1901 5820 2061 5875 quam
2090 5804 2160 5859 sit
2190 5800 2451 5855 horribile
2477 5800 2717 5854 omnium
2742 5797 3116 5869 religiosorum
3142 5789 3483 5847 animadver-

1903 5899 1968 5952 tit
1994 5894 2294 5968 prudentia.
2352 5891 2522 5963 lgitur
2572 5890 2847 5947 interdicit
2892 5900 2989 5959 per
3023 5886 3205 5943 omaia
3246 5881 3484 5955 synodus

1905 6004 1972 6046 ne
1994 5988 2114 6043 talis
2144 5984 2432 6043 temeraria
2471 5983 2820 6056 praesumptio
2864 5980 3089 6037 ultenus
3130 5976 3260 6033 ﬁat:
3292 5972 3388 6032 sed
3427 5974 3484 6031 in
