4060 6350
638 430 774 488 1127
809 469 812 473 ν

1735 422 1825 480 AD
1865 417 2405 480 ΡοΕΝιτΕΝΤιΑιΕ
2443 417 2793 478 THEODORI

3760 419 3884 477 1128

637 538 964 598 omnimodis
987 537 1268 610 presbyter
1291 548 1390 606 per
1403 533 1747 607 semetipsum
1767 536 2041 591 infirmum
2067 549 2214 590 com-
2237 534 2290 593 Δ
2388 532 2666 604 Presbyter
2691 539 2856 604 potest
2887 530 3206 586 abbatissam
3255 525 3580 587 consecrare.
3635 529 3745 586 Sed
3791 549 3884 587 non

640 631 896 686 municet.
939 628 1093 697 Quod
1122 627 1171 682 si
1202 626 1363 682 aliter
1389 625 1600 693 fecerit,
1635 627 1834 698 gradus
1859 628 1943 683 sui
1971 625 2211 698 periculo

638 721 957 792 subjacebit.
991 740 1010 774 ι

711 812 960 868 Monachi
985 821 1034 867 et
1062 811 1238 867 clerici
1265 821 1479 883 possunt
1501 812 1797 868 benedicere
1818 813 2009 866 cibum.
2033 809 2212 866 Etiam

639 904 881 977 virgines
914 905 1306 960 benedicebant
1336 913 1472 960 teste
1500 913 1720 960 auctore
1739 903 1862 960 libri
1883 904 1948 959 de
1974 901 2204 973 Virgini-

641 1002 772 1060 tate,
796 995 886 1066 qui
914 995 1262 1064 legiturinter
1289 995 1464 1064 Opera
1485 995 1657 1050 sancti
1679 994 1993 1049 Athanasii:
2029 1009 2048 1044 ‹
2069 990 2214 1062 quod

640 1086 709 1151 si,
739 1086 941 1156 inquit,
979 1085 1250 1141 adfuerint
1275 1086 1368 1141 tibi
1396 1093 1506 1141 tres
1532 1086 1798 1157 virgines,
1835 1085 2017 1140 dicant
2047 1084 2212 1138 bene-

639 1177 928 1234 dictionem
975 1192 1138 1248 super
1160 1192 1373 1247 panem,
1413 1193 1520 1232 una
1559 1187 1736 1233 tecum
1769 1185 1957 1240 orent,
1985 1184 2090 1230 etc.
2133 1174 2214 1229 Tu

636 1267 782 1324 enim
809 1274 995 1324 sancta
1037 1283 1096 1322 es
1117 1267 1371 1330 Domino,
1424 1275 1479 1322 et
1499 1267 1649 1322 cibus
1677 1273 1802 1322 tuus
1829 1275 1885 1320 et
1905 1273 2064 1336 potus
2091 1273 2215 1318 tuus

637 1358 1008 1414 sanctiﬁcatus
1033 1365 1134 1413 est.
1171 1357 1276 1412 Per
1299 1371 1487 1429 preces
1510 1357 1657 1411 enim
1681 1367 1736 1412 et
1769 1356 2067 1412 sacratiora
2094 1371 2216 1409 ver-

635 1453 704 1509 ba
729 1451 1114 1508 sanetiticatur.
1143 1472 1162 1504 ι
1208 1450 1440 1506 Sanctus
1463 1449 1698 1506 Joannes
1723 1449 2141 1520 Chrysostomus
2159 1449 2214 1503 in

639 1547 860 1602 homilia
888 1546 959 1601 32
981 1545 1033 1600 in
1055 1560 1176 1616 cap.
1215 1561 1308 1600 xix
1331 1543 1542 1608 Matth.,
1568 1541 1804 1596 ostendit
1831 1556 1863 1594 a
1889 1540 2034 1596 nullo
2061 1539 2216 1594 Chri-

636 1639 814 1695 stiano
849 1653 1003 1694 escas
1023 1639 1163 1692 sumi
1192 1637 1413 1700 debere,
1443 1635 1545 1690 nisi
1567 1633 1878 1689 benedictas
1904 1639 1959 1687 et
1977 1629 2216 1686 sanctiﬁ—

636 1737 788 1783 catas
829 1728 1077 1782 oratione
1127 1741 1191 1782 ac
1235 1727 1531 1797 gratiarum
1574 1723 1899 1779 actionibus.
1955 1721 2014 1776 Si
2047 1721 2211 1785 enim,

636 1818 732 1882 ait,
782 1818 872 1887 qui
919 1832 1077 1873 escas
1121 1831 1248 1872 suas
1285 1831 1382 1885 per
1423 1813 1724 1869 orationem
1754 1828 1862 1867 non
1893 1810 2053 1866 offert
2083 1810 2210 1875 Deo,

2314 622 2622 679 inconsulto
2649 624 2902 694 episcopo
2932 623 3291 692 prmscribunt
3308 622 3500 677 Patres
3529 621 3749 678 concilii
3771 621 3885 678 Car-

2317 715 2650 784 thaginensis
2693 731 2786 780 Ill,
2817 729 2866 769 c.
2913 713 2982 770 56
3030 731 3045 767 :
3105 731 3124 764 ι
3157 712 3228 770 Ut
3260 713 3548 784 presbyter
3597 713 3885 771 inconsulto

2313 809 2564 878 episc0po
2585 807 2826 878 virgines
2849 821 2956 862 non
2981 813 3284 870 consecret,
3314 805 3554 861 chrisma
3603 820 3738 862 vero
3764 823 3885 864 nun-

2313 914 2476 970 quam
2500 898 2774 955 conﬁciat.
2805 918 2824 952 ι

2385 991 2599 1048 Sancta:
2627 989 2886 1046 maniales
2915 1007 3034 1046 vero
3062 989 3307 1045 basilicas
3331 1005 3536 1060 semper
3555 989 3747 1045 debent
3778 1008 3881 1047 con-

2315 1100 2518 1139 secrare
2556 1083 2826 1138 continuis
2879 1097 3102 1151 precum
3155 1092 3212 1136 et
3265 1082 3566 1152 gratiarum
3631 1083 3880 1140 actionum

2315 1175 2615 1231 sacriﬁciis.
2681 1175 2833 1230 Unde
2868 1176 3065 1246 saepius
3116 1191 3148 1229 a
3203 1175 3456 1231 Patribus
3485 1185 3757 1232 vocantur
3793 1194 3880 1232 ara:

2315 1266 2410 1321 Dei
2442 1267 2674 1330 mundae,
2703 1275 2757 1320 et
2783 1265 2994 1320 altaria.
3028 1266 3253 1321 Tertull.
3281 1266 3402 1321 libr.
3443 1283 3459 1319 ι
3507 1267 3580 1321 ad
3634 1283 3843 1323 uxorem
3865 1310 3877 1330 ,

2316 1373 2434 1427 cap.
2467 1357 2498 1410 7
2542 1376 2554 1410 :
2602 1376 2620 1409 ι
2643 1357 2806 1412 Aram
2830 1358 2970 1413 enim
2999 1358 3092 1414 Dei
3117 1358 3372 1412 mundam
3399 1359 3637 1428 proponi
3663 1371 3876 1430 oportet;

2314 1457 2428 1504 tota
2458 1449 2543 1503 illa
2567 1447 2822 1505 Ecclesiae
2853 1449 3080 1505 candida
3110 1449 3175 1503 de
3207 1449 3499 1504 sanctitate
3537 1451 3878 1505 conscribitur

2316 1541 2680 1597 sacerdotium
2721 1540 3034 1605 viduitatis,
3064 1547 3118 1593 et
3153 1539 3507 1594 cmlibatium.
3540 1559 3560 1591 ι
3609 1539 3806 1596 Concil.
3831 1556 3874 1594 ιγ

2319 1630 2656 1702 Carthagin.,
2725 1647 2774 1687 c.
2829 1631 2951 1686 105.
3004 1631 3171 1685 Vetus
3215 1638 3404 1685 auctor
3443 1629 3877 1687 Constitutionum

2316 1724 2738 1794 apostolicarum
2788 1724 2913 1780 libr.
2942 1739 3003 1789 ιι,
3035 1739 3154 1794 cap.
3182 1722 3251 1777 26
3281 1742 3292 1776 :
3332 1741 3349 1773 ‹
3374 1723 3588 1780 Habete
3616 1725 3773 1780 etiam
3796 1726 3876 1781 bo-

2317 1831 2504 1871 norem
2557 1816 2872 1888 virginibus,
2922 1824 2982 1869 ut
3034 1815 3374 1870 thuribulum
3402 1825 3459 1870 et
3487 1817 3772 1888 thymiama
3804 1835 3876 1874 re-

634 1909 1016 1979 coinquinatus
1049 1924 1143 1964 eas
1178 1909 1501 1972 manducat,
1529 1905 1823 1962 secundum
1849 1905 1991 1976 quod
2013 1905 2080 1960 de
2107 1904 2213 1958 illis
2242 1901 2290 1962 B
2319 1907 2787 1978 prmsentantibus.
2848 1925 2865 1957 ι
2930 1905 3062 1960 Vide
3112 1905 3206 1960 lib.
3239 1922 3323 1972 in,
3376 1921 3496 1976 cap.
3554 1906 3624 1971 6;
3670 1907 3758 1960 lib.
3807 1924 3872 1973 IV,

635 2001 712 2056 ait
740 2001 1068 2072 Apostolus:
1115 1999 1368 2070 quoniam
1417 1999 1594 2054 omnis
1642 2007 1890 2052 creatura
1927 1997 2022 2051 Dei
2049 1997 2212 2059 bona,

638 2099 698 2146 et
744 2091 879 2146 nihil
924 2090 1273 2160 rejiciendum
1323 2091 1465 2159 quod
1508 2104 1632 2144 cum
1675 2088 1972 2159 gratiarum
2003 2086 2214 2140 actione

635 2183 937 2255 percipitur
971 2199 987 2237 :
1032 2181 1400 2237 sanctificatur
1448 2181 1592 2235 enim
1634 2195 1735 2249 per
1774 2180 1999 2234 verbum
2028 2178 2121 2232 Dei
2159 2185 2214 2230 et

633 2273 960 2335 orationem,
986 2270 1222 2325 ostendit
1250 2270 1376 2340 quia
1398 2269 1667 2324 maculata
1694 2275 1811 2333 est,
1839 2267 1943 2321 nisi
1971 2275 2215 2337 perora-

635 2363 836 2418 tionem
885 2359 1048 2416 fuerit
1090 2361 1267 2416 omnis
1309 2375 1433 2416 esca
1483 2361 1741 2414 mundata
1766 2367 1821 2415 et
1845 2357 2209 2414 sanctiﬁcata.

630 2451 714 2510 Ad
761 2453 1185 2509 benedicendum
1229 2468 1422 2523 panem
1466 2469 1497 2507 a
1536 2453 1861 2508 Christianis
1908 2451 2216 2521 consignari

633 2545 832 2600 indicat
861 2547 1102 2602 incertus
1139 2555 1330 2601 auctor
1359 2546 1745 2602 Commentarii
1780 2546 1834 2598 in
1867 2545 2217 2616 Evangelium

636 2637 910 2704 Matthmi,
956 2639 1098 2694 inter
1137 2638 1316 2708 Opera
1364 2637 1589 2694 Joannis
1617 2637 1990 2709 Chrysostomi
2031 2635 2214 2691 homil.

635 2731 703 2786 18
729 2750 740 2784 :
787 2750 807 2783 ί
833 2730 904 2787 Ut
925 2740 1054 2801 puta
1082 2732 1265 2802 signas
1293 2745 1488 2803 panem
1515 2741 1689 2796 tuum,
1715 2746 1876 2801 quem
1899 2730 2216 2793 manducas,

638 2822 779 2878 sicut
807 2822 883 2877 ait
911 2821 1109 2878 Paulus
1133 2843 1146 2878 :
1179 2823 1562 2879 Sanctiﬁcatnr
1587 2824 1730 2878 enim
1753 2837 1853 2892 per
1874 2823 2096 2876 verbum
2123 2818 2217 2874 Dei

639 2919 698 2969 et
721 2914 1042 2969 orationem.
1084 2935 1103 2967 ι
1166 2915 1300 2969 Vide
1348 2913 1670 2984 Gregorium
1712 2913 2117 2969 Nazianzenum
2162 2911 2218 2965 in

638 2995 886 3058 oratiOne
920 3004 1008 3070 l9,
1039 3004 1131 3072 qui
1155 3004 1228 3060 ibi
1261 3003 1428 3059 refert
1466 3006 1696 3074 panibus
1726 3004 2029 3060 benedictis
2055 3012 2220 3072 atque

641 3108 804 3148 cruce
852 3095 1182 3163 consignatis
1229 3111 1385 3150 suam
1433 3106 1661 3152 matrem
1705 3107 1968 3167 mgrotam
2001 3097 2218 3162 aluisse,

643 3183 829 3254 sicque
851 3186 1190 3242 convaluisse
1226 3203 1291 3243 ac
1320 3189 1461 3243 vires
1490 3189 1790 3260 collegisse.

1264 3320 1488 3378 CAPUT
1525 3320 1612 3376 ΠΙ.

1021 3434 1098 3490 De
1133 3436 1467 3490 ordinatione
1489 3437 1836 3492 diversorum.

712 3549 919 3620 Septem
950 3550 1058 3604 dies
1085 3549 1212 3604 velet
1239 3560 1394 3621 caput
1422 3567 1574 3604 suum
1602 3551 1812 3605 cuculla
1831 3567 1948 3606 sua.
1977 3550 2222 3610 Conven-

641 3649 731 3696 tus
773 3641 1226 3713 Aquisgranensis
1252 3683 1266 3707 ,
1319 3658 1439 3712 cap.
1471 3643 1573 3698 35:
1619 3663 1637 3694 ‹
1676 3643 1748 3699 Ut
1772 3647 2068 3702 monachus
2097 3663 2224 3718 pro-

645 3732 878 3788 fessione
925 3732 1066 3789 facta
1108 3735 1282 3790 tribus
1327 3735 1518 3798 diebus
1545 3737 1754 3791 cuculla
1784 3747 2097 3808 coopertum
2126 3741 2223 3795 ha-

643 3823 768 3878 beat
797 3832 978 3894 caput.
1010 3845 1028 3876 ι

717 3916 1017 3971 Secundum
1040 3918 1297 3990 baptisma
1327 3930 1374 3975 et
1392 3921 1552 3992 juxta
1570 3922 1838 3992 judicium
1869 3923 2116 3991 Patrum,
2143 3928 2225 3982 ni-

645 4007 842 4062 mirum
887 4019 1108 4080 propter
1153 4013 1551 4081 pmnitentiam,
1597 4032 1761 4085 quam
1797 4019 2091 4087 saepissime
2118 4020 2224 4075 Pa-

649 4104 764 4153 tres
786 4107 982 4153 vocant
1003 4101 1330 4170 baptismum
1352 4107 1683 4175 asperiorem
1710 4118 1766 4164 et
1795 4109 2221 4169 laboriosiorem.

603 4209 614 4219 ·
654 4190 889 4249 Sanctus
915 4193 1208 4267 Gregorius
1236 4197 1494 4254 Nazianz.
1519 4201 1574 4255 in
1600 4204 1844 4260 oratione
1866 4206 1936 4261 59
1961 4221 1976 4260 :
2014 4225 2030 4258 ι
2061 4208 2227 4274 Quin-

650 4293 766 4340 tum
807 4286 986 4342 locum
1024 4287 1385 4360 lacrymarum
1443 4292 1742 4362 baptismus
1787 4303 1952 4350 tenet.
2029 4297 2228 4352 Verum

654 4378 897 4448 asperior
924 4387 979 4433 et
998 4378 1354 4449 laboriosior;
1389 4399 1497 4452 quo
1533 4385 1750 4453 quidem
1779 4386 1869 4442 ille
1894 4387 2137 4460 tingitur,
2169 4395 2230 4442 ut

649 4471 741 4540 qui
761 4485 859 4540 per
892 4472 1131 4542 singulas
1169 4483 1353 4529 noctes
1380 4474 1578 4530 lectmn
1615 4493 1771 4532 suurn
1799 4495 1864 4533 ac
1891 4489 2120 4536 stratum
2155 4481 2233 4535 la-

650 4565 848 4635 crymis
879 4564 1044 4631 lavat,
1068 4567 1151 4620 cui
1179 4566 1308 4637 ipsa:
1337 4583 1556 4639 quoque
1582 4571 1700 4624 vitii
1726 4571 2008 4629 cicatrices
2036 4575 2226 4641 fetent,

651 4657 744 4725 qui
772 4656 961 4727 lugens
998 4667 1053 4712 et
1096 4660 1446 4715 contristatus
1475 4663 1792 4734 ingreditur,
1839 4668 1933 4734 qui
1965 4667 2226 4725 Manassis

652 4747 1100 4818 resipiscentiam,
1130 4765 1195 4804 ac
1215 4749 1574 4806 Ninivitarum
1601 4753 1982 4822 humilitatem,
2011 4758 2099 4812 cui
2121 4759 2226 4813 mi-

650 4840 942 4895 sericordia
971 4840 1246 4909 impertita
1272 4850 1390 4907 est,
1423 4844 1685 4909 imitatur,
1714 4854 1819 4900 etc.
1847 4867 1866 4898 ι
1899 4847 1966 4901 Ει
1994 4847 2232 4906 Joannes

653 4926 926 4984 Climacus
961 4930 1106 4984 hunc
1129 4931 1455 5000 baptismum
1495 4934 1632 4988 tanti
1670 4933 1831 5003 facit,
1872 4945 1932 4993 ut
1959 4953 2081 4994 eum
2105 4943 2228 5010 qui-

654 5017 775 5072 dem
803 5021 1050 5075 videatur
1076 5022 1335 5092 praeferre
1377 5023 1647 5094 baptismo
1674 5043 1827 5097 aqua:
1865 5047 1878 5083 :
1926 5050 1944 5081 ι
1978 5031 2107 5087 Post
2135 5033 2232 5088 ba-

654 5112 874 5182 ptisma,
899 5114 1095 5185 inquit,
1128 5115 1184 5170 in
1209 5116 1378 5187 gradu
1417 5134 1545 5184 Vlll,
1582 5124 1853 5190 potentior
1888 5125 2231 5194 baptismate,

653 5200 703 5256 si
753 5201 828 5256 ita
857 5201 938 5257 fas
981 5203 1165 5275 loqui,
1218 5205 1338 5261 fons
1389 5217 1474 5263 est
1522 5208 1902 5282 lacrymarum.
1961 5215 2234 5284 Baptisma

655 5291 854 5362 quippe
885 5300 1091 5349 tantum
1121 5297 1424 5366 praeteritas
1454 5311 1798 5370 peccatorum
1831 5305 2020 5360 sordes
2048 5322 2234 5378 repur-

658 5393 770 5455 gat,
803 5384 978 5441 luctus
1002 5396 1182 5442 autem
1230 5407 1400 5446 noxas
1415 5402 1537 5462 post
1560 5395 1891 5464 baptismum
1928 5408 2237 5455 contractas

656 5479 828 5538 diluit.
870 5479 1293 5554 Baptismaquo
1335 5485 1571 5542 infantes
1601 5489 1752 5545 tincti
1787 5507 2008 5558 sumus,
2048 5508 2236 5549 omnes

653 5583 842 5645 postea
865 5576 1298 5646 inquinavimus;
1321 5595 1418 5651 per
1439 5581 1641 5638 fontem
1670 5594 1852 5640 autem
1872 5586 2236 5658 lacrymarum

657 5667 823 5722 etiam
861 5668 1197 5739 baptismum.
1218 5685 1318 5726 suo
1364 5672 1531 5727 nitori
1569 5675 1935 5742 restituimus;
1979 5693 2139 5747 quem
2190 5681 2238 5735 si

659 5756 1080 5830 benignissimus
1120 5761 1263 5818 Deus
1287 5762 1494 5820 homini
1522 5764 1748 5837 largitus
1772 5783 1880 5824 non
1905 5777 2080 5837 esset,
2128 5773 2237 5828 rari

661 5848 950 5906 admodum
979 5860 1073 5907 aut
1094 5854 1351 5925 perpauci
1375 5853 1602 5912 salutem
1622 5854 2101 5928 consequerentur.

2317 2012 2435 2066 cap.
2472 1997 2527 2051 2.

2387 2087 2559 2144 Gnaei
2583 2089 2739 2143 simul
2785 2090 3092 2143 benedicunt
3146 2089 3361 2143 uiduam
3383 2098 3433 2143 et
3461 2090 3712 2161 virginem.
3747 2091 3867 2146 Vide

2313 2182 2506 2237 concil.
2535 2197 2589 2236 1v
2615 2181 2906 2252 Carthag.,
2950 2197 2999 2236 c.
3037 2181 3102 2234 1?.
3127 2189 3181 2236 et
3215 2181 3303 2244 15,
3338 2189 3430 2234 aut
3467 2181 3634 2251 potius
3661 2181 3854 2235 Statuta

2314 2275 2569 2331 Ecclesia:
2588 2277 2829 2344 antiqua,
2855 2291 2903 2330 c.
2935 2275 3001 2330 99
3034 2293 3047 2327 :
3087 2293 3106 2326 ι
3142 2273 3572 2329 Sanctimonialis
3589 2275 3727 2341 virgo
3743 2289 3859 2328 cum

2319 2366 2385 2420 ad
2413 2365 2898 2430 consecrationem,
2931 2372 3064 2429 etc.;
3093 2383 3112 2414 ι
3147 2371 3202 2417 et
3232 2378 3352 2418 can.
3382 2361 3485 2415 100
3512 2380 3524 2414 :
3559 2380 3577 2412 ‹
3602 2360 3775 2416 Vidua:
3793 2362 3871 2415 vel

2317 2455 2758 2511 sanctimoniales
2794 2469 2912 2523 qua:
2937 2454 3005 2508 ad
3036 2453 3424 2518 ministerium,
3453 2461 3559 2507 etc.
3595 2470 3614 2503 ν

2389 2547 2617 2602 Romani
2641 2564 2743 2602 non
2767 2547 2933 2601 velant
2963 2546 3194 2600 viduam.
3226 2546 3380 2612 Quod
3406 2546 3552 2600 idem
3581 2542 3875 2600 conﬁrmant

2320 2640 2511 2696 Patres
2566 2639 2780 2694 concilii
2834 2630 3187 2702 Turonensis,
3242 2652 3362 2691 can.
3405 2635 3495 2700 20,
3550 2634 3638 2688 his
3676 2634 3872 2687 verbis:

2328 2752 2347 2785 ι
2385 2732 2519 2787 Illud
2557 2745 2686 2786 vero
2709 2730 2852 2800 quod
2906 2729 3071 2799 aliqui
3113 2729 3322 2794 dicunt,
3352 2725 3516 2781 vidua
3546 2742 3669 2795 qua:
3691 2722 3878 2779 benedi-

2323 2834 2410 2880 cta
2438 2839 2544 2878 non
2597 2821 2722 2888 fuit,
2753 2836 2924 2893 quare
2955 2837 3060 2874 non
3101 2821 3262 2874 debet
3315 2819 3575 2873 maritum
3623 2813 3877 2886 accipere?

2323 2930 2446 2970 cum
2476 2929 2664 2969 omnes
2717 2914 2893 2969 sciant
2921 2912 3065 2983 quod
3118 2927 3393 2981 nunquam
3432 2911 3489 2964 in
3540 2908 3808 2964 canonicis
3829 2906 3876 2960 li-

2325 3005 2441 3061 bris
2469 3004 2665 3076 legitur
2690 3003 2996 3058 benedictio
3026 3001 3256 3056 vidualis
3281 3019 3294 3054 :
3334 3000 3460 3070 quia
3503 2999 3685 3054 solum
3715 3012 3873 3068 propo-

2325 3097 2493 3152 situm
2523 3093 2600 3147 illi
2635 3091 2880 3147 sufﬁcere
2919 3093 3098 3158 debet,
3135 3092 3276 3147 sicut
3300 3091 3355 3145 in
3387 3089 3793 3160 Epaonensibus
3809 3103 3877 3142 ca-

2234 3213 2240 3218 -
2324 3186 2558 3241 nonibus
2584 3199 2615 3238 a
2642 3199 2779 3254 papa
2808 3183 2967 3238 Avito
2989 3183 3070 3239 vel
3092 3181 3344 3237 omnibus
3369 3181 3651 3251 episcopis
3677 3179 3878 3236 conscri-

2247 3261 2296 3327 (ἶ
2325 3287 2478 3350 ptum
2535 3285 2665 3332 est:
2705 3295 2720 3326 ι
2767 3275 3061 3330 Viduarum
3107 3273 3602 3337 consecrationem,
3649 3287 3769 3341 quas
3791 3268 3881 3322 dia-

2262 3418 2267 3424 .
2325 3386 2494 3427 conas
2517 3377 2734 3435 vocant,
2767 3367 2836 3422 ab
2857 3368 3005 3423 omni
3034 3366 3253 3437 regione
3280 3373 3462 3420 nostra
3503 3366 3722 3434 penitus
3750 3364 3880 3416 abro-

2325 3477 2536 3533 gamus,
2565 3471 2696 3526 etc.;
2731 3480 2750 3512 i
2785 3467 2841 3514 et
2867 3474 3022 3514 conc.
3065 3456 3382 3511 Triburens.
3415 3471 3464 3510 c.
3497 3456 3571 3508 22
3610 3474 3625 3509 :
3669 3474 3687 3506 ι
3720 3452 3886 3508 Viuuas

2326 3568 2508 3612 autem
2536 3556 2717 3611 velare
2745 3554 3058 3625 pontificum
3087 3553 3267 3608 nullus
3296 3557 3547 3615 attentet,
3610 3555 3768 3619 prout
3786 3560 3886 3598 con-

2327 3650 2576 3706 stitutum
2605 3657 2689 3703 est
2717 3647 2771 3702 in
2799 3646 3032 3702 decretis
3065 3643 3443 3716 papaa‘Gelasii
3469 3656 3596 3711 cap.
3636 3639 3704 3694 15
3731 3656 3745 3702 ;
3775 3634 3887 3706 quod

2327 3757 2427 3796 nec
2452 3741 2748 3796 auctoritas
2795 3739 3000 3804 divina,
3048 3751 3150 3792 nec
3177 3750 3448 3791 canonum
3482 3733 3672 3788 forma
3718 3729 3889 3802 praesti-

2329 3840 2452 3894 tuit.
2495 3857 2514 3890 ι
2548 3837 2682 3892 Vide
2720 3835 2862 3890 infra
2895 3843 3056 3906 caput
3085 3833 3137 3886 7.

2400 3928 2701 3984 Secundum
2735 3924 2944 3980 Grazcos
2959 3925 3267 3996 presbytero
3306 3924 3426 3977 licet
3469 3920 3733 3990 uirginem
3770 3927 3888 3969 sacro

2328 4018 2581 4074 velamine
2610 4033 2932 4082 consecrare,
2980 4015 3318 4070 reconciliare
3363 4014 3706 4084 pauitantem
3745 4009 3796 4062 in
3817 4020 3891 4076 pl-

2331 4111 2464 4165 blica
2496 4112 2678 4176 missa,
2715 4111 2888 4178 facere
2923 4107 3093 4162 oleum
3148 4107 3524 4169 exorcizatum,
3574 4103 3807 4172 denique
3827 4098 3893 4151 la-

2331 4219 2456 4260 cere
2507 4204 2730 4258 absente
2783 4202 3036 4271 episcopo
3091 4197 3353 4268 quidquid
3398 4209 3650 4267 praesens
3687 4193 3893 4249 fecisset.

2331 4299 2434 4366 Qui
2463 4313 2580 4353 mos
2634 4296 2860 4351 multum
2919 4293 3238 4349 servabatur
3265 4292 3320 4346 in
3371 4288 3714 4344 Alexandria
3749 4293 3799 4340 et
3823 4298 3898 4352 per

2332 4400 2504 4446 totam
2522 4388 2835 4460 Egyptum,
2862 4387 3000 4442 sicut
3026 4385 3209 4454 plures
3232 4381 3522 4437 allirmant.
3539 4379 3752 4435 Auctor
3769 4374 3899 4430 Com-

2332 4480 2582 4535 mentarii
2635 4480 2690 4533 in
2744 4477 3040 4547 Epistolatn
3071 4474 3219 4529 Pauli
3267 4473 3334 4527 ad
3363 4470 3660 4541 Ephesios,
3690 4483 3806 4537 cap.
3830 4479 3896 4522 nl.

2335 4573 2477 4644 apud
2527 4570 2892 4626 Ambrosium.
2945 4587 2962 4618 ‹
2999 4567 3240 4636 Denique
3268 4563 3407 4633 apud
3438 4560 3746 4633 Egyptum
3773 4571 3900 4628 pres-

2337 4665 2514 4738 byteri
2563 4664 2896 4734 consignant,
2930 4662 2976 4716 si
3023 4675 3258 4730 prmsens
3309 4672 3414 4712 non
3454 4656 3528 4710 sit
3554 4656 3895 4725 episcopus.»

2339 4756 2542 4811 Auctor
2589 4755 2953 4822 Quaestionum
3010 4752 3222 4806 Veteris
3257 4757 3310 4805 et
3358 4748 3494 4802 Novi
3562 4740 3898 4803 Testamenti.

2341 4850 2483 4920 apud
2513 4856 2761 4903 sanctum
2821 4845 3177 4917 Augustinum
3210 4861 3221 4895 :
3260 4861 3279 4893 ‹
3315 4840 3448 4896 Nam
3483 4841 3537 4893 in
3565 4835 3899 4894 Alexandria.

2337 4951 2391 4997 et
2418 4957 2516 5012 per
2546 4950 2709 4997 totam
2757 4939 3073 5012 Egyptum,
3127 4939 3171 4992 si
3194 4937 3331 4992 desit
3375 4935 3693 5011 episcolius,
3737 4941 3901 4986 conse-

2339 5043 2455 5090 crat
2474 5033 2774 5103 presbyter.
2812 5052 2831 5082 ι
2867 5031 2999 5084 Vide
3024 5028 3404 5098 Hieronymum
3433 5027 3486 5079 in
3514 5026 3678 5094 epist.
3707 5023 3774 5078 ad
3796 5022 3906 5076 Eva-

2339 5128 2544 5200 grium;
2584 5104 2864 5179 Rabanum
2895 5123 2948 5176 in
2987 5124 3145 5192 epist.
3175 5121 3243 5174 ad
3266 5118 3702 5190 Regimbaldum.
3736 5113 3904 5181 Hujus-

2337 5236 2401 5275 ce
2427 5220 2506 5274 rei
2535 5219 2674 5272 ratio
2696 5232 2859 5286 quam
2918 5214 3078 5269 iidem
3121 5223 3452 5283 proponunt,
3506 5225 3572 5265 ea
3599 5219 3707 5274 est,
3764 5219 3904 5277 quam

2339 5313 2526 5385 paucis
2553 5310 2720 5366 refert
2763 5309 2997 5363 Hilarius
3045 5308 3325 5372 diaconus,
3379 5307 3520 5377 apud
3575 5304 3904 5360 Ambrosium

2343 5405 2396 5459 in
2428 5403 2560 5473 lep.
2593 5402 2662 5456 ad
2688 5399 3030 5454 Timotheum
3061 5417 3074 5452 :
3130 5416 3148 5449 ι
3185 5399 3344 5466 Quia,
3371 5398 3568 5468 inquit,
3604 5396 3842 5468 episc0pi
3865 5399 3909 5446 et

2342 5493 2646 5566 presbyteri
2685 5507 2789 5546 una
2823 5491 3092 5546 ordinatio
3140 5501 3242 5546 est.
3279 5491 3520 5560 Uterque
3569 5492 3717 5545 enim
3747 5501 3909 5544 sacer-

2344 5589 2442 5643 dos
2475 5596 2578 5653 est,
2607 5586 2700 5641 sed
2736 5585 3022 5656 episcOpus
3055 5584 3261 5656 primus
3305 5594 3408 5641 est.
3456 5604 3475 5636 ι
3517 5584 3647 5640 Vide
3675 5583 3910 5638 eumdem

2346 5681 2402 5735 in
2429 5677 2831 5746 Quaestionibus
2877 5676 3089 5731 Veteris
3120 5684 3176 5730 et
3203 5675 3340 5732 Novi
3396 5675 3752 5738 Testamenti,
3789 5668 3912 5744 apud

2346 5771 2718 5843 Aug.,qua:st.
2750 5768 2883 5835 101;
2914 5767 3299 5840 Hieronymum
3329 5768 3383 5823 in
3410 5766 3633 5839 epistola
3659 5765 3736 5820 ad
3764 5764 3914 5820 Orea-

2347 5877 2498 5928 num,
2530 5861 2586 5916 in
2631 5859 2791 5930 epist.
2833 5859 2903 5915 ad
2931 5858 3242 5931 Evagrium,
3272 5859 3634 5915 Commentar.
3661 5857 3724 5913 in
3754 5871 3866 5926 cap.
3897 5867 3912 5908 ι
