4060 6350
222 301 366 363 1129

1396 302 1969 360 OBSERVATIONES
2009 302 2094 357 ET
2136 300 2362 358 NOT/E.

3350 297 3486 352 1150
3539 317 3549 326 ⁸

216 427 394 496 Epist.
437 411 503 478 ad
548 401 754 488 'Titum,
796 401 887 477 ubi
925 417 1162 492 loquitur
1201 403 1342 476 sicut
1365 421 1726 475 Tertulli-anus
1749 421 1815 474 de
1843 425 1889 480 Α
1917 420 2230 490 byterorum
2271 413 2500 472 consilio
2545 413 2800 468 Ecclesia:
2845 411 3299 482 gubernabantur.
3334 412 3492 472 Post.

218 519 612 574 Exhortatione
662 515 950 580 castitatis,
991 529 1108 584 cap.
1139 515 1215 577 ’ῖς
1257 521 1500 568 sanctum
1558 511 1810 580 Augusti-

218 625 374 672 num,
408 611 462 663 in
485 608 708 678 epistola
751 607 819 660 ad
866 604 1272 676 Hieronymum.
1311 605 1419 659 Sed
1466 619 1534 658 ne
1564 604 1810 657 omittam

215 699 441 756 Grmcos
475 699 688 761 Patres,
720 696 942 752 conSule
991 694 1258 750 Joannem
1285 693 1570 764 Chrysost.
1603 693 1655 746 in
1685 706 1806 760 cap.

218 807 239 848 ι
267 792 428 861 epist.
467 791 617 844 Pauli
642 789 708 842 ad
742 788 1151 858 Philippenses;
1178 787 1573 840 Theodoretum
1606 785 1660 837 in
1687 799 1806 852 cap.

217 898 281 937 tu
314 881 486 952 Epist.
517 883 534 935 l
562 881 710 935 Pauli
742 881 809 934 ad
841 879 1203 945 Timotheum,
1241 889 1295 932 et
1323 878 1376 931 in
1407 889 1525 946 cap.
1565 893 1580 930 ι
1610 877 1707 946 Ep.
1743 875 1810 929 ad

219 974 410 1029 Titum

295 1050 534 1131 Inﬁrniis
562 1061 789 1115 claritma
818 1062 863 1114 si
879 1076 1082 1114 necesse
1109 1069 1205 1114 est.
1246 1058 1553 1114 Secundum
1594 1057 1812 1112 Gnecos

218 1162 278 1206 et
308 1152 499 1206 Patres
529 1151 742 1206 concilii
770 1151 1040 1216 Toletani,
1068 1165 1189 1204 can.
1224 1150 1314 1212 9.0,
1353 1157 1408 1204 et
1449 1164 1602 1203 eone.
1637 1149 1812 1201 Arau-

219 1245 419 1305 sicani,
467 1259 588 1296 can.
620 1244 644 1296 I
682 1261 696 1297 :
749 1261 768 1293 ι
808 1242 1102 1296 [hereticos
1160 1243 1212 1295 in
1266 1242 1460 1296 mortis
1499 1240 1813 1295 discrimine

220 1339 454 1408 positos,
491 1335 536 1388 si
575 1333 825 1389 catholici
859 1347 980 1387 esse
1004 1333 1332 1397 desiderant,
1373 1333 1415 1387 si
1445 1331 1813 1401 desitepisco-

218 1442 347 1497 pus,
384 1441 414 1478 a
444 1423 774 1493 presbyteris
819 1437 941 1476 cum
997 1421 1290 1476 chrismate
1325 1430 1378 1475 et
1432 1421 1811 1476 benedictione

220 1514 536 1585 consignari
589 1512 814 1581 placuit.
853 1531 872 1564 ι
901 1512 1099 1566 Eadem
1134 1511 1372 1580 reperies
1403 1512 1455 1565 in
1486 1527 1637 1565 conc.
1672 1509 1810 1564 Are-
1845 1528 1861 1541 ι

222 1607 420 1661 latensi
451 1623 510 1669 ιι,
538 1620 586 1659 c.
623 1606 694 1658 26
724 1622 738 1669 ;
778 1619 930 1658 conc.
967 1605 1268 1673 Epaonens.
1289 1636 1304 1667 ι
1337 1619 1386 1657 c.
1425 1601 1506 1656 16.

296 1695 600 1751 Secundum
628 1694 892 1748 Romanos
916 1703 1223 1748 autem-non
1251 1693 1389 1759 licet,
1423 1693 1524 1746 nisi
1569 1693 1809 1762 episcopo

1911 523 2072 580 quam
2103 524 2232 563 vero
2257 507 2624 578 unusquisque
2655 521 2751 561 eos
2777 520 2912 576 quos
2948 505 3337 573 baptizaverat,
3361 525 3492 568 suos

1911 599 2134 668 putabat
2162 613 2304 662 esse,
2335 613 2440 650 non
2463 595 2687 659 Christi,
2727 595 2779 648 in
2810 602 2922 650 toto
2944 595 3075 648 orbe
3106 594 3380 651 decretum
3405 607 3490 656 est

1912 697 1972 743 ut
1997 704 2136 743 unus
2164 688 2230 742 de
2277 687 2611 757 presbyteris
2651 685 2856 740 electus
2910 695 3387 754 superponeretur,
3423 703 3492 743 an

1910 793 2072 847 quem
2099 778 2276 834 omnis
2303 777 2558 832 Ecclesia:
2605 791 2737 830 cura
2764 775 3086 845 pertineret,
3144 785 3198 830 et
3226 777 3492 831 schisma-

1910 879 2025 926 tum
2075 871 2282 926 semina
2341 869 2676 934 tollerentur,
2741 877 2844 923 etc.
2907 868 3034 924 Hice
3093 879 3401 939 pr0pterea,
3435 877 3491 922 ut

1910 967 2323 1020 ostenderemus
2352 962 2492 1031 apud
2517 967 2728 1015 veteres
2780 960 2998 1014 eosdem
3031 959 3192 1014 Ihisse
3217 960 3496 1031 presbyte-

1911 1070 2001 1109 ros
2027 1070 2163 1124 quos
2186 1062 2241 1107 et
2274 1054 2589 1123 episcopos:
2641 1051 2896 1121 paulatim
2944 1065 3071 1105 vero
3100 1059 3157 1104 ut
3196 1049 3494 1105 dissensio-

1911 1159 2038 1197 num
2052 1143 2318 1212 plantaria
2331 1142 2715 1204 evellerentur,
2732 1141 2797 1194 ad
2812 1156 2975 1194 unum
3003 1142 3216 1195 omnem
3235 1141 3497 1196 sollicitu-

1911 1234 2091 1288 dinem
2118 1249 2241 1287 esse
2261 1233 2510 1287 delatam.
2554 1252 2572 1283 ι
2600 1231 2840 1299 Denique
2862 1239 3082 1300 propter
3107 1231 3365 1286 Ecclesiae
3392 1232 3493 1286 ho-

1912 1339 2120 1387 norem,
2149 1338 2259 1393 quo
2281 1322 2430 1377 salvo
2459 1322 2606 1376 salva
2635 1338 2738 1390 pax
2765 1333 2869 1386 est,
2905 1323 3078 1392 inquit
3110 1322 3492 1389 Tertullianus,

1911 1413 2052 1468 libro
2094 1414 2158 1466 de
2191 1413 2483 1484 Baptismo,
2522 1428 2642 1481 cap.
2703 1414 2786 1478 l7,
2841 1422 2896 1468 et
2944 1427 3102 1483 quem
3136 1425 3356 1470 sanctus
3394 1414 3498 1486 Cy-

1911 1502 2134 1570 prianus
2158 1504 2357 1572 smpius
2393 1504 2734 1558 commendat
2769 1504 2823 1558 in
2852 1504 2964 1558 suis
3003 1505 3265 1574 epistolis,
3293 1507 3497 1561 consti-

1913 1601 2132 1646 tuerunt
2165 1592 2254 1645 illa
2291 1593 2469 1646 omnia
2525 1593 2783 1662 praedicta
2834 1594 2902 1646 ad
2935 1591 3027 1661 jus
3063 1594 3229 1649 solius
3255 1595 3497 1665 episcopi

1911 1685 2204 1754 pertinere,
2233 1694 2396 1755 atque
2423 1686 2537 1739 haec
2565 1685 2743 1739 omnia
2779 1684 2966 1739 illicita
2989 1699 3111 1740 esse
3137 1685 3495 1756 presbyteris,

219 1788 344 1842 soli.
377 1786 596 1842 Scilicet
651 1786 912 1855 virginem
949 1799 1107 1840 sacro
1162 1785 1428 1838 velamine
1467 1797 1808 1846 consecrare,
1841 1773 1889 1831 B
1915 1778 2070 1846 quia,
2104 1784 2162 1830 ut
2190 1777 2339 1830 aiunt
2358 1776 2547 1830 Patres
2572 1776 2788 1830 concilii
2828 1776 3161 1847 I-lispalensis
3191 1794 3250 1842 ιι,
3280 1793 3401 1832 ean.
3431 1778 3496 1834 7:

218 1878 577 1933 reconciliare
625 1877 975 1946 ptenitentem
1029 1876 1083 1930 in
1131 1875 1345 1945 publica
1392 1875 1578 1939 missa,
1635 1874 1811 1927 facere

218 1971 405 2025 oleum
463 1968 852 2022 Cxoreizatum.
918 1966 1010 2021 Sic
1072 1972 1317 2020 statuunt
1369 1965 1560 2019 Patres
1596 1963 1810 2018 concilii

222 2058 672 2130 Carthaginensis
718 2063 783 2123 τι,
822 2073 944 2112 can.
971 2058 1028 2121 3,
1086 2057 1178 2126 qui
1234 2056 1470 2110 refertur
1514 2056 1567 2108 in
1604 2056 1812 2125 integro

219 2153 413 2207 codice
440 2163 708 2205 canonum
738 2148 994 2203 Ecclesia:
1020 2147 1310 2212 Africanae,
1343 2163 1391 2202 (ιι
1420 2147 1489 2201 56
1515 2165 1528 2211 ;
1563 2146 1812 2204 Gclasius

219 2259 364 2316 papa
403 2244 455 2298 in
505 2243 663 2310 epist.
707 2241 772 2294 ad
824 2240 1106 2309 episcopos
1158 2239 1431 2303 Lucanite,
1470 2253 1589 2306 cap.
1619 2237 1683 2300 6;
1714 2237 1813 2290 Pa-
1867 2227 1869 2230 ’

219 2345 340 2390 tres
363 2333 577 2389 concilii
604 2332 948 2402 Agathensis,
981 2346 1102 2385 can;
1133 2331 1235 2395 44;
1265 2329 1455 2384 Patres
1476 2329 1688 2384 concilii
1721 2328 1810 2382 lli-

227 2426 502 2497 spalensis
534 2441 592 2486 Il,
634 2440 754 2477 can.
795 2423 848 2485 7v,
900 2423 986 2476 his
1035 2421 1254 2477 verbis:
1301 2441 1319 2473 ε
1388 2423 1524 2476 Nam
1565 2421 1812 2491 quamvis

220 2534 346 2572 cum
375 2516 644 2586 episcopis
672 2514 906 2584 plurima
932 2514 1039 2568 illis
1088 2513 1472 2584 mysteriorum
1510 2510 1812 2567 communis

223 2609 296 2663 sit
322 2605 672 2676 dispensatio,
711 2604 954 2672 quaedam
983 2603 1208 2658 novellis
1232 2611 1286 2657 et
1321 2604 1704 2658 ecclesiasticis
1728 2618 1814 2658 re-

224 2699 368 2768 gulis
404 2697 504 2751 sibi
537 2695 807 2765 prohibita
855 2694 1124 2748 noverint.
1161 2694 1314 2748 Sicut
1350 2695 1808 2766 presbyterorum,

232 2799 287 2844 et
321 2790 670 2843 diaconorum
699 2801 763 2839 ac
790 2785 1059 2856 virginum
1109 2786 1448 2840 consecratio
1475 2801 1490 2850 ;
1525 2786 1667 2840 sicut
1689 2801 1814 2838 con-

237 2879 444 2933 stitutio
495 2877 710 2940 altaris;
769 2875 1094 2941 benedictio,
1125 2875 1209 2930 vel
1261 2877 1486 2930 unctio:
1546 2875 1812 2945 siquidem

234 2983 338 3024 nec
366 2969 523 3023 licere
549 2969 627 3022 eis
655 2967 947 3022 ecclesiam
980 2967 1065 3022 vel
1111 2968 1303 3022 altaria
1337 2984 1680 3033 consecrare,
1717 2981 1815 3022 nec

226 3074 328 3132 per
384 3059 778 3129 impositionem
832 3073 1026 3112 manus
1081 3059 1326 3113 ﬁdelibus
1375 3059 1681 3129 baptizatis,
1731 3060 1812 3112 vel

1917 1886 1936 1918 ς
1981 1869 2333 1922 Pontilicatus
2354 1868 2562 1938 apicem
2585 1883 2692 1923 non
2721 1867 2940 1933 habent,
2965 1885 3125 1938 quem
3150 1870 3278 1924 solis
3300 1871 3497 1926 debere

1911 1962 2178 2031 episcopis
2229 1961 2553 2015 auctoritate
2596 1976 2866 2015 canonum
2919 1962 3268 2032 prtecipitur:
3309 1972 3368 2015 ut
3401 1979 3500 2033 per

1914 2054 2017 2108 hoc
2075 2062 2128 2107 et
2182 2054 2437 2108 discretio
2489 2054 2752 2124 graduum
2811 2063 2866 2108 et
2896 2056 3176 2127 dignitatis
3224 2054 3498 2128 fastigium

1914 2143 2109 2200 summi
2131 2143 2404 2214 pontificis
2431 2143 2855 2200 demonstretur.
2892 2164 2910 2197 ι

2527 2273 2754 2329 CAPUT
2793 2275 2879 2329 IV.

2271 2384 2348 2439 De
2370 2385 2694 2457 baptismatis
2719 2378 3135 2456 conﬁrmatione.

1984 2500 2051 2556 In
2077 2502 2386 2573 baptismate
2405 2503 2742 2558 dimittuntur
2762 2521 2866 2558 non
2890 2506 3302 2576 conjunctiones.
3327 2507 3489 2575 Quia,

1914 2601 1972 2649 ut
1999 2594 2236 2662 subjicit,
2273 2595 2537 2663 baptisma
2567 2612 2671 2650 non
2707 2597 2925 2660 bonum,
2958 2598 3049 2652 sed
3087 2597 3288 2652 malum
3316 2599 3492 2654 diluit.

1915 2687 2146 2742 Sanctus
2205 2687 2498 2756 Gregorius
2555 2687 2930 2742 Nazianzenus
2975 2689 3028 2742 in
3088 2691 3335 2746 oratione
3385 2691 3493 2747 80:

1919 2801 1939 2833 ‹
1968 2781 2084 2837 Non
2109 2782 2280 2847 enim,
2311 2782 2765 2850 quemadmodum
2791 2782 3068 2836 lavacrum
3096 2785 3236 2838 hanc
3261 2784 3369 2837 vim
3400 2785 3497 2838 ha-
3553 2807 3556 2810 «

1913 2873 2004 2928 bet
2025 2913 2038 2938 ,
2065 2882 2123 2927 ut
2147 2883 2371 2944 peccata
2399 2873 2598 2939 deleat,
2631 2873 2704 2927 ita
2738 2873 2902 2928 etiam
2930 2882 3078 2929 recte
3123 2875 3265 2929 facta
3295 2876 3500 2930 exstin-

1915 2967 2046 3034 guit.
2074 2984 2092 3016 ι

1988 3055 2102 3110 Hoc
2130 3056 2464 3110 Innocentius
2487 3073 2643 3127 papa.
2672 3055 2784 3111 IIoc
2808 3063 3129 3126 argumento
3158 3056 3502 3112 Innocentius

223 3126 507 3207 conversis
536 3167 604 3204 ex
640 3149 835 3204 haeresi
872 3149 1211 3203 Paraeletum
1259 3126 1520 3219 Spiritum
1577 3150 1809 3213 tradere,
1841 3126 1885 3186 Ο
1920 3163 2048 3202 usus
2094 3155 2180 3202 est
2221 3147 2275 3201 in
2313 3148 2424 3202 suis
2467 3126 2731 3217 epistolis,
2765 3148 3021 3201 nimirum
3065 3148 3118 3201 in
3163 3147 3389 3217 cpistola
3435 3147 3502 3200 ad

224 3255 326 3296 nec
349 3240 588 3296 chrisma
612 3239 903 3304 conﬁcere,
939 3254 1039 3294 nec
1088 3239 1383 3294 chrismate
1415 3241 1813 3309 baptizatorum

227 3331 465 3386 frontem
500 3330 738 3401 signare,
789 3329 884 3384 sed
932 3345 1032 3385 nec
1073 3331 1288 3400 publice
1325 3331 1538 3399 quidem
1565 3331 1620 3384 in
1651 3331 1812 3384 missa

218 3438 557 3492 quemquam
589 3422 963 3491 paenitentium
1016 3422 1386 3485 reconciliare,
1419 3437 1522 3475 nec
1556 3420 1814 3475 formatas

221 3511 453 3566 cuilibet
497 3511 755 3579 epistolas
810 3511 1044 3564 mittere.
1084 3529 1102 3560 ι
1134 3510 1240 3563 Ista
1293 3511 1477 3578 praxis
1537 3510 1814 3564 Romano-

230 3619 356 3657 rum
380 3601 595 3655 diversa
619 3618 648 3655 a
674 3601 987 3656 Grzccorum
1023 3601 1215 3655 ritibus
1253 3616 1380 3655 suas
1406 3616 1619 3670 quoque
1654 3603 1817 3656 habet

220 3696 490 3757 rationes,
514 3710 649 3764 quas
679 3695 856 3748 varias
882 3695 1069 3748 Patres
1119 3693 1192 3747 ita
1241 3702 1538 3762 exponunt.
1572 3695 1674 3747 Alii
1703 3694 1815 3748 exi-

221 3786 460 3840 stimant
483 3784 611 3838 illud
649 3785 788 3848 fieri,
812 3785 939 3852 quia
986 3784 1040 3837 in
1096 3784 1349 3853 episcopo
1383 3799 1571 3838 omnes
1599 3785 1817 3840 ordines

218 3884 377 3939 sunt,
413 3887 468 3929 et
522 3890 589 3928 n'c
638 3875 874 3945 vulgaris
931 3883 988 3929 ct
1019 3874 1280 3929 vilissima
1338 3890 1425 3930 res
1471 3876 1745 3930 videretur
1770 3877 1815 3930 si

219 3982 428 4024 onlnes
478 3968 664 4021 eadem
717 3976 954 4037 possent.
1012 3967 1250 4020 Ililarius
1281 3967 1538 4021 diaconus
1577 3967 1628 4020 in
1660 3967 1819 4021 Com-

217 4066 402 4114 ment.
438 4058 489 4111 iu
520 4057 690 4127 Epist.
723 4058 788 4111 ad
816 4057 1078 4127 Ephesios
1113 4073 1230 4126 cap.
1280 4073 1329 4110 Iv
1359 4076 1370 4110 :
1414 4075 1431 4107 ‹
1465 4056 1598 4110 Nam
1625 4057 1678 4111 in
1711 4059 1818 4126 epi-

216 4147 399 4216 scopo
428 4162 616 4201 omnes
638 4147 856 4201 ordines
879 4156 1019 4210 sunt,
1049 4148 1176 4217 quia
1201 4149 1406 4216 primus
1433 4149 1686 4204 sacerdos
1711 4159 1814 4215 est,

217 4243 334 4296 hoc
362 4248 468 4302 est,
517 4239 769 4309 princeps
803 4248 887 4294 est
934 4241 1294 4304 sacerdotum,
1346 4248 1401 4294 et
1458 4241 1818 4310 propheta,et

213 4331 584 4401 evangelista,
615 4341 669 4385 et
721 4339 920 4388 caetera
974 4333 1315 4402 adimplenda
1363 4332 1536 4387 oilicia
1565 4335 1819 4389 Ecclesiae

217 4426 284 4479 in
315 4424 620 4477 ministerio
648 4423 906 4488 fidelium,
940 4433 1045 4479 etc.
1083 4445 1101 4477 ι
1125 4425 1212 4485 _Et
1238 4425 1375 4479 infra
1408 4444 1420 4479 :
1458 4446 1476 4475 ι
1519 4427 1586 4481 llt
1610 4442 1820 4481 cresce-

217 4524 321 4572 ret
365 4516 517 4584 plebs
567 4525 622 4570 ct
677 4516 1144 4586 multiplicaretur,
1201 4519 1452 4573 omnibus
1501 4519 1642 4574 inter
1668 4518 1817 4575 initia

214 4620 553 4661 concessum
577 4614 679 4670 est,
702 4615 806 4660 etc.
842 4623 860 4657 ι
892 4606 960 4658 At
988 4607 1078 4661 ubi
1125 4616 1303 4662 autem
1350 4609 1528 4662 omnia
1563 4609 1676 4663 loca
1711 4611 1820 4664 cir-

215 4693 520 4762 cumplexa
551 4702 636 4748 est
667 4694 925 4760 Ecclesia,
953 4696 1324 4751 conventECula
1353 4698 1644 4752 constituta
1673 4706 1819 4765 sunt,

216 4794 290 4840 et
331 4793 595 4849 rectores,
629 4793 686 4838 et
728 4794 924 4839 ezetcra
957 4784 1131 4841 cilicia
1159 4788 1212 4841 in
1238 4787 1496 4845 Ecclesiis
1527 4799 1650 4845 sunt
1679 4790 1823 4846 ordi-

217 4886 387 4937 nata,
417 4886 520 4931 etc.
573 4877 750 4947 Cmpit
772 4878 878 4932 alio
904 4880 1094 4934 ordine
1145 4887 1199 4940 et
1243 4880 1578 4951 providentia
1628 4887 1824 4955 guber-

216 4967 356 5023 nari
390 4967 667 5022 Ecclesia:
699 4969 826 5036 quia
857 4969 899 5024 si
944 4985 1132 5025 omnes
1189 4973 1376 5025 eadem
1405 4984 1648 5042 possent,
1688 4977 1822 5030 irra-

220 5057 496 5114 tionabile
547 5066 712 5121 esset,
748 5067 802 5112 et
831 5059 1068 5129 vulgaris
1109 5076 1198 5114 res
1227 5069 1282 5114 et
1326 5062 1585 5116 vilissima
1615 5065 1823 5122 videre-

217 5160 348 5204 tur.
386 5148 520 5203 Ilinc
554 5164 683 5220 ergo
712 5159 796 5203 est
825 5151 966 5204 unde
1013 5167 1156 5206 nunc
1212 5169 1404 5222 neque,
1435 5161 1539 5209 etc.
1591 5155 1693 5210 Alii
1721 5157 1823 5210 hoc

219 5243 519 5297 decretum
580 5257 701 5296 esse
762 5243 967 5306 dicunt,
1029 5252 1090 5296 ut
1146 5246 1434 5299 schismata
1487 5247 1817 5300 tollerentur.

221 5331 477 5388 Sanctus
537 5328 895 5402 Hieronymus
949 5333 1000 5386 in
1037 5334 1403 5389 Commentar.
1460 5338 1512 5390 in
1553 5336 1722 5408 Epist.
1753 5340 1821 5394 ad

226 5423 424 5477 Titum
472 5439 589 5493 cap.
627 5440 643 5477 I
677 5439 691 5477 :
731 5442 747 5473 ι
785 5424 928 5478 Idem
951 5433 1031 5479 est
1069 5438 1196 5496 ergo
1224 5429 1503 5499 prcsl-yter
1531 5431 1673 5500 quod
1709 5432 1822 5500 epi-

225 5531 482 5584 SCnptls:
521 5525 574 5569 et
595 5525 884 5584 antequam
913 5519 1110 5572 diaboli
1143 5519 1424 5586 instinctu,
1457 5523 1633 5577 studia
1659 5523 1710 5576 in
1738 5540 1821 5578 re-

226 5610 442 5678 ligione
497 5607 709 5671 ﬂerent,
750 5616 807 5663 et
853 5609 1097 5663 dicerent
1151 5611 1202 5664 in
1260 5613 1513 5682 populis:
1567 5613 1678 5685 Ego
1704 5633 1819 5668 sum

232 5696 426 5764 Ρηιιίὶ,
451 5716 540 5768 ego
569 5696 772 5767 Apollo,
805 5715 897 5768 ego
928 5709 1097 5753 (uitem
1130 5699 1332 5772 Cap/ur,
1377 5705 1647 5759 communi
1673 5721 1821 5776 prcs-

564 5793 836 5851 I’naOL.
884 5791 1113 5856 XCIX.

1917 3238 2234 3293 Victricium
2269 3239 2580 3308 episcopum
2618 3239 3136 3308 Rothomagensem,
3169 3254 3288 3308 cap.
3317 3239 3378 3304 6;
3413 3251 3498 3308 ep.

1914 3329 1980 3382 ad
2032 3330 2310 3398 episcopos
2339 3327 2687 3393 Macedoniae,
2731 3343 2848 3397 cap.
2891 3330 2954 3393 2;
2986 3343 3072 3397 ep.
3125 3330 3192 3383 ad
3237 3329 3501 3400 synodum

1915 3417 1967 3471 in
2017 3417 2275 3472 Toletana
2319 3418 2538 3472 civitate
2584 3418 2964 3482 constitutam,
3007 3435 3056 3472 e.
3084 3418 3144 3483 6;
3196 3434 3283 3488 ep.
3324 3419 3394 3472 25
3434 3421 3503 3473 ad

1914 3510 2194 3580 episcopos
2239 3508 2429 3580 synodi
2476 3508 2770 3563 Toletauaa.
2803 3507 3194 3579 Argumentum
3233 3509 3376 3579 quod
3418 3509 3502 3561 In-

1917 3602 2200 3656 nocentius
2239 3602 2398 3656 toties
2442 3601 2666 3670 repetit,
2700 3615 2806 3669 quo
2853 3602 3044 3670 probet
3090 3601 3333 3670 bigamos
3379 3615 3504 3655 esse

1915 3694 2078 3748 etiam
2125 3709 2219 3748 eos
2263 3693 2352 3763 qui
2383 3693 2610 3747 alteram
2653 3702 2774 3762 post
2804 3693 3100 3756 lavacrum,
3138 3693 3322 3762 priore
3360 3706 3506 3748 mor-

1921 3795 2030 3851 tua,
2076 3787 2345 3841 duxerunt
2412 3801 2669 3852 uxorem,
2718 3787 2792 3841 ita
2846 3787 3172 3858 Hieronymo
3228 3784 3500 3854 objectum

1917 3892 2004 3937 est
2027 3899 2056 3936 a
2095 3884 2213 3938 viro
2241 3883 2700 3952 eloquentissimo,
2739 3883 2878 3937 sicut
2923 3883 3153 3954 ipsemet
3190 3891 3420 3938 testatur
3447 3883 3501 3938 in

1918 3974 2077 4044 epist.
2109 3975 2177 4028 ad
2220 3974 2510 4038 Oceanum,
2537 3983 2596 4028 ut
2625 3975 2764 4029 inter
2790 3974 2896 4028 alia
2941 3974 3089 4029 dicat
3135 3975 3294 4030 unius
3320 3976 3504 4031 uxoris

1918 4081 2038 4121 esse
2062 4067 2260 4130 virum,
2291 4067 2381 4135 qui
2412 4066 2650 4136 singulas
2691 4083 2798 4121 uno
2829 4075 3069 4138 tempore
3096 4067 3345 4122 habuerit
3370 4084 3503 4122 uxo-

1919 4171 2026 4210 res.
2059 4173 2078 4206 ‹
2108 4155 2221 4210 Hoc
2258 4156 2401 4224 quod
2445 4156 2576 4210 dicit
2617 4157 2774 4210 unius
2807 4157 2996 4210 uxoris
3025 4157 3212 4220 virum,
3244 4165 3421 4226 potest
3449 4166 3504 4211 et

1919 4247 2078 4300 aliter
2124 4247 2339 4302 disseﬁ.
2404 4246 2481 4300 Ex
2531 4245 2732 4302 ludatis
2791 4255 2910 4302 erat
2965 4246 3258 4316 apostolus.
3321 4245 3502 4300 Prima

1920 4336 2122 4391 Christi
2164 4336 2401 4392 Ecclesia
2447 4338 2512 4392 de
2551 4337 2715 4392 Israel
2759 4337 3000 4406 reliquiis
3053 4336 3499 4407 congregabatur.

1925 4426 2143 4482 Sciebat
2169 4427 2286 4498 lege
2314 4444 2655 4495 concessum,
2679 4437 2734 4483 et
2777 4428 3023 4498 exemplo
3069 4428 3501 4499 patriarcharum

1926 4517 1989 4573 ac
2025 4517 2191 4589 Moysi
2223 4518 2475 4574 familiari
2518 4520 2712 4590 populo
2741 4529 2968 4575 noverat
2997 4519 3050 4574 in
3081 4519 3268 4575 multis
3312 4521 3500 4574 uxori—

1925 4613 2028 4668 bus
2053 4613 2254 4668 liberos
2277 4625 2530 4684 spargere
2555 4629 2567 4667 :
2597 4613 2727 4683 ipsis
2755 4627 2971 4683 quoque
2999 4611 3375 4667 sacerdotibus
3403 4613 3503 4666 bu-

1919 4701 2011 4772 jus
2054 4703 2287 4759 licentiae
2323 4705 2543 4774 patebat
2595 4704 2901 4758 arbitrium.
2947 4703 3213 4773 Prtecepit
3257 4718 3386 4773 ergo
3432 4718 3502 4757 ne

1927 4795 2172 4850 eamdem
2198 4795 2470 4850 licentiam
2507 4795 2761 4850 Ecclesia:
2800 4796 2898 4850 sibi
2939 4796 3214 4851 vindicent
3249 4795 3504 4851 sacerdo-

1863 4939 1868 4942 _
1893 4895 2048 4971 ‘tes:
2080 4900 2147 4942 ne
2191 4888 2316 4941 bina
2360 4889 2564 4956 pariter
2597 4895 2652 4942 et
2699 4889 2839 4943 trina
2888 4887 3132 4958 coniugia
3180 4889 3500 4952 sortiantur,
3558 4909 3563 4918 τ

1926 4979 2018 5033 sed
2050 4989 2108 5031 ut
2149 4978 2386 5049 singulas
2412 4994 2520 5033 uno
2569 4987 2810 5051 tempore
2849 4996 3047 5036 uxores
3089 4982 3340 5036 habeant.
3372 5003 3390 5035 ι
3420 4982 3503 5037 Ab

1925 5067 2011 5122 illa
2059 5069 2501 5136 interpretatione
2547 5070 2731 5140 procul
2776 5071 2940 5126 dubio
2982 5087 3086 5126 non
3133 5071 3502 5128 abhorrebant

1924 5161 2180 5229 episcopi,
2212 5176 2347 5234 quos
2392 5163 2636 5232 asperius
2662 5165 2929 5234 vituperat
2964 5164 3328 5220 Tertullianus
3362 5165 3501 5221 libro

1926 5253 1991 5308 de
2021 5252 2376 5325 Monogamia,
2412 5271 2528 5324 cap.
2561 5255 2663 5321 I2,
2705 5257 2790 5312 his
2833 5256 3049 5312 verbis:
3085 5278 3103 5307 ι
3134 5257 3505 5326 Prospiciehat

1927 5343 2162 5412 Spiritus
2209 5354 2426 5399 sanctus
2475 5347 2715 5402 dicturos
2760 5350 3019 5417 quosdam
3051 5369 3062 5402 :
3091 5349 3284 5405 Omnia
3333 5349 3499 5403 licent

1927 5433 2222 5503 episcopis;
2265 5435 2404 5490 sicut
2440 5435 2527 5490 ille
2548 5446 2729 5492 vester
2752 5435 3026 5493 Utinensis
3051 5455 3150 5494 nec
3179 5439 3498 5493 scantiniam

1928 5522 2127 5576 timuit.
2172 5523 2323 5589 Quod
2365 5526 2505 5580 enim
2547 5535 2601 5581 et
2639 5529 2835 5598 digami
2880 5530 3172 5599 praesident
3212 5530 3349 5600 apud
3379 5546 3499 5597 vos,

1928 5612 2248 5668 insultantes
2271 5616 2454 5686 utique
2486 5604 2761 5686 Apostolo,
2793 5631 2940 5676 certo
2969 5638 3073 5676 non
3099 5623 3504 5690 erubescentes,

1929 5724 2048 5763 cum
2085 5709 2200 5764 hmo
2238 5711 2336 5765 sub
2365 5711 2466 5764 illis
2498 5712 2764 5782 leguntur.
2792 5736 2810 5766 ι
2848 5713 3206 5769 Nihilominus
3229 5721 3393 5784 Supra
3423 5715 3504 5770 di-

2949 5808 3025 5867 36
