4060 6350
600 317 732 379 H3!

1691 320 1781 377 AD
1823 317 2359 376 mansurum
2398 273 2744 373 Iunonem

3716 317 3844 372 “5'2

601 443 752 491 serat
771 434 909 492 libro
936 449 952 490 ι
976 435 1044 490 ad
1075 434 1333 502 Uxorem,
1362 449 1481 505 cap.
1506 434 1535 487 7
1564 452 1575 487 :
1610 452 1628 483 ι
1657 434 1928 500 Quantum
1955 431 2165 485 obstre—
2190 431 2240 490 Α
2267 441 2437 499 ganus
2479 428 2731 484 habuerit
2769 427 3027 493 alteram,
3063 415 3423 484 ordinandum
3461 440 3582 482 esse
3624 440 3842 484 censue-

601 534 728 600 pant
747 523 1020 585 sanctitati
1044 526 1241 596 nuptim
1262 524 1526 588 secundae,
1543 520 1825 592 disciplina
1844 518 2096 576 Ecclesiae
2112 527 2168 573 et

599 613 936 683 praescriptio
959 614 1199 684 Apostoli
1215 613 1471 677 declarat,
1495 627 1618 667 cum
1642 611 1885 681 digamos
1909 623 2017 663 non
2042 608 2171 663 sinit

601 702 909 772 prmsidere.
933 723 949 754 ι
989 703 1055 756 Et
1083 702 1137 755 in
1176 702 1315 756 libro
1355 702 1421 755 de
1456 701 1841 755 Exhortatione
1879 697 2167 762 castitatis,

602 793 659 847 in
722 808 829 863 quo
893 794 1211 848 dehortatur
1255 807 1286 846 a
1338 791 1589 847 secundis
1650 791 1884 860 nuptiis,
1928 788 2175 843 meminit

598 886 865 954 quosdam
890 885 1132 955 digamos
1154 900 1184 938 a
1210 884 1327 939 loco
1354 881 1609 950 deiectos.
1637 882 1742 936 Sed
1771 882 1900 937 illud
1927 880 2092 936 refert
2113 885 2173 933 ut

602 977 732 1044 quid
762 977 983 1032 omnino
1026 976 1342 1031 insolitum:
1376 994 1394 1026 ι
1425 974 1601 1044 thue
1642 974 1797 1037 adeo,
1838 971 2013 1041 inquit
2049 984 2170 1039 cap.

602 1070 656 1135 7,
682 1070 943 1139 quosdam
971 1069 1191 1124 memini
1215 1069 1459 1139 digamos
1496 1068 1615 1122 loco
1651 1066 1906 1135 deiectos.
1942 1066 2009 1119 Et
2034 1063 2175 1119 veri-

601 1155 777 1211 simile
805 1164 889 1212 est
926 1156 1109 1228 plures
1136 1157 1190 1211 in
1235 1156 1476 1211 Ecclesia
1511 1155 1856 1225 praesedisse;
1883 1168 2005 1207 cum
2051 1167 2176 1206 san—

598 1257 723 1302 ctus
766 1247 1124 1320 Hieronymus
1150 1256 1425 1305 assevcrct
1448 1254 1620 1301 totum
1669 1245 1926 1299 mundum
1957 1244 2174 1313 plenum

601 1353 724 1395 esse
751 1339 838 1394 his
873 1338 1320 1403 ordinationibus,
1348 1348 1512 1408 amne
1535 1346 1596 1393 ut
1623 1339 1700 1392 ait
1722 1338 1775 1392 in
1800 1352 1886 1407 ep.
1918 1338 1985 1391 ad
2009 1336 2177 1393 Ocea-

602 1450 764 1500 num,
800 1453 819 1486 ι
848 1433 964 1488 Νοιι
1009 1433 1132 1489 dico
1157 1433 1224 1488 de
1269 1433 1619 1504 presbyteris,
1660 1447 1769 1486 non
1818 1431 1885 1485 de
1932 1428 2178 1485 inferiori

602 1526 794 1596 gradu,
822 1526 891 1580 ad
916 1522 1197 1595 episcopos
1226 1525 1399 1588 venio,
1429 1539 1568 1594 quos
1592 1523 1637 1578 si
1661 1520 1933 1593 sigillatim
1960 1520 2179 1575 voluero

603 1617 901 1682 nominare,
930 1625 1112 1671 tantus
1139 1630 1397 1671 numerus
1437 1612 1871 1684 congregabitur,
1900 1619 1960 1666 ut
1982 1608 2181 1664 Arimi-

604 1708 788 1763 nensis
816 1707 1005 1779 synodi
1033 1706 1316 1762 multitudo
1341 1715 1643 1776 superetur.
1668 1704 1775 1760 Sed
1819 1704 2075 1759 indecens
2096 1708 2181 1756 est

2268 523 2413 573 runt.
2442 516 2519 572 De
2558 524 2904 573 sacramento
2932 518 3079 573 enim
3107 519 3304 587 agitur,
3347 532 3453 571 non
3497 515 3567 570 de
3611 527 3843 585 peccato.

2269 604 2405 661 Nam
2441 606 2498 660 in
2519 606 2785 676 baptismo
2811 614 3035 675 peccata
3062 606 3245 660 Omnia
3276 606 3650 661 dimittuntur.
3675 625 3695 658 ι
3726 607 3850 664 Vide

2269 697 2502 754 Leonem
2548 697 2789 767 papaml
2835 698 2888 752 in
2927 712 3013 766 ep.
3060 696 3130 751 ad
3158 696 3507 752 Anastasium
3539 697 3849 766 episcopum

2271 790 2827 854 Thessalonicensem,
2856 805 2977 860 cap.
3003 792 3072 856 5;
3100 790 3156 844 in
3195 805 3280 861 ep.
3308 791 3376 844 ad
3407 790 3702 860 episcopos
3740 806 3851 857 pro-

2275 881 2460 936 vinciae
2488 880 2828 944 Viennensis,
2857 894 2979 949 cap.
3006 881 3029 933 l
3053 895 3069 945 ε
3101 895 3256 936 conc.
3286 880 3642 941 Arausican.,
3676 894 3725 933 c.
3752 879 3846 941 25;

2271 973 2464 1027 concil.
2489 973 2894 1045 Andegavense,
2922 990 3043 1029 can.
3088 976 3184 1039 ll;
3234 974 3523 1030 concilium
3552 973 3849 1029 Romanum

2274 1064 2374 1118 sub
2404 1062 2585 1119 Hilaro
2613 1079 2772 1135 papa,
2804 1078 2928 1119 can.
2955 1064 3021 1131 2;
3053 1064 3343 1120 concilium
3370 1063 3712 1133 Agathense,
3736 1079 3845 1120 can.

2277 1152 2328 1219 l,
2358 1161 2412 1206 et
2439 1154 2732 1210 concilium
2752 1154 3067 1212 Arelatense
3091 1172 3165 1222 Iv,
3191 1171 3316 1211 can.
3339 1158 3394 1211 5.

2349 1243 2568 1298 Nullum
2614 1245 2902 1315 perfectum
2946 1246 3205 1301 credimus
3251 1247 3306 1300 in
3346 1247 3634 1317 baptismo.
3665 1247 3851 1319 Nempe

2275 1333 2368 1402 qui
2395 1349 2500 1387 non
2526 1334 2827 1403 completur
2849 1336 3062 1391 caeteris
3089 1337 3464 1391 sacramentis.
3496 1337 3602 1392 llic
3644 1354 3851 1407 praeser-

2277 1424 2373 1478 tim
2414 1439 2537 1479 cum
2573 1424 2826 1480 Patribus
2851 1425 3062 1481 Latinis
3090 1426 3407 1482 Theodorus
3433 1427 3704 1496 loquitur.
3730 1428 3846 1485 Ter-

2276 1515 2552 1579 tullianus,
2583 1515 2723 1571 libro
2753 1517 2822 1572 de
2851 1517 3147 1587 Baptismo,
3178 1533 3298 1587 cap.
3325 1518 3358 1571 6
3383 1533 3399 1572 :
3437 1536 3456 1569 ι
3487 1517 3610 1573 Non
3639 1519 3776 1587 quod
3801 1521 3849 1575 in

2278 1604 2433 1674 aquis
2470 1603 2733 1674 Spiritum
2773 1614 3021 1662 sanctum
3048 1612 3463 1675 cansequamur,
3492 1607 3594 1662 sed
3627 1608 3685 1662 in
3728 1623 3849 1678 aqua

2280 1695 2542 1759 mundati,
2573 1696 2674 1751 sub
2701 1696 2890 1767 angelo
2937 1695 3163 1765 Spiritui
3204 1705 3396 1751 sancto
3425 1712 3805 1767 przeparamur.
3826 1717 3844 1750 ι

607 1797 686 1852 sic
709 1813 874 1851 unum
904 1797 1064 1857 tueri,
1086 1805 1144 1850 ut
1166 1795 1347 1865 plures
1371 1810 1628 1851 accusare
1652 1793 1915 1859 videaris;
1944 1800 1999 1848 et
2019 1806 2181 1862 quem
2213 1780 2258 1841 Β
2281 1780 2564 1839 Cornelius
2608 1784 2663 1838 in
2692 1797 2778 1853 ep.
2805 1784 2874 1840 ad
2909 1785 3138 1840 Fabium
3165 1787 3231 1840 de
3259 1785 3493 1852 Novato,
3522 1787 3669 1857 apud
3705 1788 3850 1843 Euse-

606 1887 816 1945 ratione
844 1901 948 1939 non
984 1887 1176 1955 possis,
1202 1886 1462 1941 societate
1496 1884 1835 1955 peccantium
1865 1881 2177 1939 defendas»

609 1981 745 2048 Quis
788 1979 979 2034 credat
1030 1979 1383 2047 Hieronymo,
1424 1978 1470 2031 si
1516 1976 1728 2047 legatur
1765 1974 1907 2045 quod
1963 1980 2186 2029 sanctus

616 2072 947 2143 Epiphanius
974 2078 1095 2140 post
1136 2069 1421 2139 Origenem
1455 2068 1589 2122 dicit
1613 2068 1804 2122 haeres.
1831 2080 1921 2120 ux
1956 2080 2062 2119 non
2102 2079 2189 2118 su-

614 2163 822 2232 scipere
845 2169 1087 2214 sanctam
1120 2156 1213 2212 Dei
1238 2156 1671 2227 prmdicationem
1702 2162 1824 2225 post
1849 2153 2049 2209 Christi
2088 2151 2186 2206 ad-

612 2259 832 2305 ventum
872 2265 966 2304 eos
1008 2249 1130 2317 qui,
1177 2255 1387 2301 mortua
1431 2247 1670 2316 ipsorum
1711 2258 1896 2308 uxore,
1939 2242 2189 2298 secundis

613 2341 816 2410 nuptiis
849 2338 1119 2408 conjuncti
1165 2346 1320 2402 sunt,
1360 2346 1583 2408 propter
1621 2336 1973 2391 excellentem
2010 2349 2191 2389 sacer-

613 2431 745 2486 dotii
785 2431 1044 2485 honorem
1087 2444 1151 2484 ac
1188 2429 1539 2499 dignitatem:
1570 2427 1673 2482 nisi
1720 2427 1971 2481 observet
2001 2425 2190 2479 Hiero-

617 2523 764 2594 nymi
805 2521 1089 2577 sententiae
1128 2519 1311 2574 lavere
1355 2518 1661 2574 testimonia
1710 2516 1940 2570 aliorum
1970 2515 2192 2569 Patrum

618 2612 932 2668 Graecorum
965 2629 978 2666 :
1012 2611 1184 2668 sancti
1212 2609 1262 2664 .l.
1290 2609 1594 2681 Chrysost.,
1623 2607 1810 2663 bomil.
1842 2606 1908 2661 10
1937 2606 1991 2660 ἰιι
2018 2605 2190 2675 Epist.

618 2704 769 2759 Pauli
797 2704 865 2758 ad
888 2703 1123 2758 Timoth.
1150 2702 1189 2765 ι,
1219 2716 1341 2770 cap.
1368 2717 1454 2767 ιιι,
1477 2706 1533 2754 et
1557 2696 1903 2753 Theodoreti.
1931 2695 2029 2750 llic
2049 2696 2192 2750 enim

618 2796 787 2851 refert
825 2796 878 2851 in
905 2809 1025 2864 cap.
1060 2809 1122 2849 ιιι
1163 2794 1319 2862 epist.
1344 2793 1365 2847 ι
1390 2793 1459 2849 ad
1494 2793 1835 2848 Timotheum
1872 2791 2195 2846 sententiam

617 2901 805 2941 eorum
836 2885 929 2954 qui
970 2884 1235 2939 sentirent
1275 2898 1398 2937 eum
1442 2884 1536 2953 qui
1584 2899 1706 2938 cum
1735 2898 1843 2937 una
1882 2881 1997 2937 sola
2027 2895 2197 2936 uxore

618 2976 813 3048 pudice
834 2974 1135 3037 cohabitat,
1174 2973 1392 3044 dignum
1418 2990 1536 3029 esse
1563 2974 1657 3043 qui
1691 2975 1972 3029 ordinetur
1992 2973 2199 3042 episco-

624 3081 727 3135 pus
767 3079 782 3118 :
830 3079 932 3125 nec
980 3062 1247 3118 secundas
1305 3062 1617 3132 Apostolum
1668 3064 1919 3133 reiecisse
1962 3063 2191 3134 nuptias.

625 3125 827 3211 beinde
867 3170 989 3210 eam
1017 3153 1340 3208 auctoritate
1352 3125 1481 3207 -divi
1528 3153 1678 3208 Pauli
1710 3125 2054 3209 conﬁrmare-
2069 3169 2195 3209 con-
2223 3125 2266 3186 C

626 3245 816 3309 tendit,
845 3259 911 3299 ac
937 3244 1168 3313 denique
1201 3243 1350 3297 illam
1387 3244 1599 3298 ueteris
1638 3252 1964 3314 anteponere
1989 3260 2048 3300 se
2073 3260 2200 3314 pro-

626 3332 920 3388 litetur.his
946 3332 1128 3387 verbis
1153 3350 1165 3385 ε
1195 3338 1370 3388 Ταῦτα
1399 3338 1479 3389 καὶ
1504 3335 1571 3389 τὰ
1597 3341 1816 3390 τοιαῦτα
1842 3337 2195 3409 σκοήσύμηος,

623 3422 948 3494 ἀποδέχομαι
984 3431 1083 3478 τῶν
1110 3423 1241 3480 οὕτω
1277 3424 1573 3482 νενοηκότων
1607 3431 1696 3485 τήν
1731 3426 2016 3503 ἄρμηνιίαν.
2045 3426 2200 3494 Quod

625 3529 756 3569 vero
798 3515 985 3569 Patres
1028 3514 1205 3570 Latini
1247 3515 1339 3585 qui
1381 3515 1765 3587 Hieronymum
1810 3526 2202 3588 przecesserunt

627 3606 726 3676 ipsi
759 3615 1024 3661 testantur
1046 3607 1242 3671 multos
1266 3606 1569 3675 huiusmodi
1596 3609 1839 3680 digamos
1867 3610 2032 3666 fuisse
2057 3612 2203 3667 ordi-

628 3708 805 3762 natos,
830 3708 1155 3769 quapropter
1174 3699 1428 3755 Patribus
1449 3701 1663 3756 concilii
1692 3702 1956 3757 Valentini
1982 3703 2197 3774 placuit,

616 3805 751 3868 can.
783 3791 833 3855 l,
878 3789 945 3844 de
972 3804 1160 3845 eorum
1208 3799 1352 3846 statu
1386 3792 1479 3860 qui
1522 3792 1673 3862 prius
1715 3793 1947 3848 ordinati
1991 3792 2206 3848 fuerant

630 3880 763 3935 nihil
792 3880 1010 3935 revolvi.
1044 3881 1111 3935 Et
1146 3890 1366 3937 sanctus
1389 3881 1708 3937 Ambrosius
1735 3883 1867 3939 dicit
1886 3883 2039 3943 ,libro
2065 3900 2083 3939 1
2113 3882 2206 3939 Of-

632 3971 898 4035 ticiorum,
925 3987 1044 4041 cap.
1070 3971 1163 4038 50,
1192 3972 1465 4043 plerisque
1506 3974 1704 4029 mirum
1732 3973 1901 4030 videri
1941 3989 2040 4030 cur
2079 3981 2207 4030 ante

633 4061 959 4131 baptismum
986 4062 1180 4117 iterato
1212 4061 1479 4133 coniugio,
1515 4066 1583 4119 ad
1620 4064 1938 4120 electionem
1967 4065 2206 4121 muneris

633 4162 688 4207 et
712 4152 1065 4208 ordinationis
1098 4155 1505 4224 prierogativam
1536 4155 1918 4224 impedimenta
1946 4169 2207 4225 generen-

635 4255 742 4311 tur,
773 4260 895 4300 cum
925 4245 1089 4300 etiam
1112 4245 1303 4301 delicta
1328 4245 1519 4301 obesse
1543 4262 1649 4302 non
1677 4247 1904 4312 soleant,
1933 4247 1980 4303 si
2006 4247 2208 4303 lavacri

638 4340 862 4392 remissa
890 4335 1090 4393 fuerint
1124 4346 1482 4392 sacramento.
1515 4337 1621 4393 Sed
1664 4346 1842 4395 tamen
1879 4338 2208 4394 contrariam

2282 1873 2431 1930 bium
2468 1875 2562 1932 lib.
2588 1888 2676 1943 vt,
2707 1890 2824 1948 cap.
2856 1877 2962 1933 65:
2999 1897 3017 1931 ι
3045 1878 3103 1933 In
3147 1879 3262 1950 ipso
3291 1880 3347 1933 in
3390 1895 3502 1949 quo
3530 1878 3740 1948 iacebat
3781 1882 3848 1937 lea

2283 1966 2429 2021 ctulo
2456 1967 2725 2037 perfusus,
2771 1970 3099 2039 baptismum
3140 1973 3410 2042 suscepit;
3438 1973 3485 2027 si
3536 1982 3709 2030 tamen
3750 1978 3845 2032 huc

2277 2054 2577 2124 inscemodi
2607 2059 2931 2128 baptismum
2974 2062 3280 2130 suscepisse
3326 2062 3584 2119 dicendus
3616 2075 3709 2120 est.
3738 2066 3837 2123 Sed

2285 2161 2461 2216 neque
2486 2155 2770 2217 postquam
2800 2149 3060 2205 liberatus
3083 2160 3170 2206 est
3196 2152 3410 2218 morbo,
3437 2152 3626 2222 reliqua
3658 2171 3832 2224 perce-

2286 2234 2368 2305 pit
2407 2250 2528 2304 quae
2561 2237 2717 2304 juxta
2760 2236 3184 2294 ecclesiasticam
3230 2239 3467 2310 regulam
3511 2243 3704 2312 percipi
3741 2244 3827 2298 de:

2285 2324 2453 2378 bent:
2487 2338 2661 2394 neque
2701 2326 2769 2381 ab
2803 2326 3056 2397 episcopo
3096 2328 3449 2398 consignatus
3478 2339 3579 2384 est.
3605 2330 3714 2385 lloc
3750 2346 3841 2385 au.

2290 2420 2400 2468 tem
2436 2413 2712 2484 signaculo
2748 2415 2969 2471 minime
2993 2426 3268 2489 percepto,
3295 2434 3406 2489 quo
3451 2421 3664 2476 tandem
3703 2423 3845 2478 modo

2293 2509 2555 2580 Spiritum
2606 2520 2856 2568 sanctum
2905 2514 3079 2582 potuit
3128 2515 3396 2584 accipere.
3424 2535 3443 2567 ›
3493 2515 3720 2571 Sanctus
3753 2517 3847 2587 Cy-

2289 2600 2512 2669 prianus
2542 2601 2597 2655 in
2627 2616 2713 2671 ep.
2744 2601 2813 2655 74
2840 2602 2906 2656 ad
2935 2602 3269 2673 Pompeium.
3298 2605 3467 2659 Vetus
3499 2614 3689 2660 auctor
3709 2619 3848 2675 quem

2293 2706 2398 2744 una
2443 2705 2566 2745 cum
2607 2689 2878 2761 Cypriane
2918 2691 3087 2747 edidit
3114 2693 3214 2748 vir.
3253 2693 3324 2747 cl.
3354 2693 3419 2748 N.
3458 2694 3852 2767 Rigaltinspost

2292 2782 2577 2853 epistolam
2622 2784 2867 2839 citatam.
2898 2783 3015 2839 Non
3047 2796 3245 2856 negant
3274 2793 3457 2842 tamen
3489 2787 3784 2860 Cyprianus
3804 2798 3850 2844 et

2293 2871 2672 2945 Hieronymus,
2694 2886 2919 2946 cogente
2944 2879 3290 2944 necessitate,
3322 2886 3501 2934 totum
3522 2881 3769 2936 conferre
3789 2881 3853 2935 di-

2293 2964 2415 3018 vina
2441 2964 2778 3035 compendia.
2810 2966 2924 3023 Hoc
2949 2969 3081 3024 dicit
3109 2978 3333 3025 sanctus
3371 2970 3687 3042 Cyprianus
3715 2974 3851 3028 etiam

2298 3052 2364 3108 de
2394 3053 2603 3109 clinicis
2643 3055 2699 3109 in
2733 3056 2890 3127 epist.
2922 3056 2990 3111 ad
3019 3057 3266 3128 Magnum
3296 3059 3364 3114 de
3402 3060 3749 3131 baptizandis
3772 3061 3856 3116 No-

2298 3146 2555 3211 vatianis;
2583 3154 2640 3201 et
2670 3147 2738 3204 de
2776 3148 2845 3203 iis
2879 3151 2971 3219 qui
3002 3150 3057 3204 in
3087 3150 3227 3206 lecto
3255 3152 3485 3223 gratiam
3533 3169 3852 3224 consequan—

2298 3243 2405 3289 tur.
2428 3254 2447 3287 ι
2475 3236 2533 3290 ln
2560 3239 2936 3303 sacramentis,
2961 3240 3155 3309 inquit,
3171 3241 3527 3307 salutaribus,
3557 3246 3855 3300 necessitate

2297 3334 2523 3395 cogente
2550 3335 2603 3381 et
2633 3328 2744 3382 Deo
2796 3327 3183 3400 indulgentiam
3210 3342 3361 3387 suam
3390 3332 3688 3403 largiente,
3711 3343 3850 3389 totum

2297 3420 2644 3474 credentibus
2665 3419 2952 3476 conferunt
2974 3421 3156 3477 divina
3177 3423 3517 3492 compendia.
3545 3444 3568 3478 ι
3605 3425 3754 3493 Quod
3777 3424 3859 3495 Cy-

2298 3509 2519 3578 prianus
2548 3510 2678 3565 dicit
2705 3510 2770 3565 de
2804 3510 3035 3577 clinicis,
3079 3511 3132 3565 id
3157 3510 3393 3567 ailirmat
3422 3511 3788 3586 Hieronymus
3809 3516 3862 3568 de

2300 3600 2367 3654 iis
2396 3600 2487 3670 qui
2522 3601 2591 3656 ob
2624 3602 2919 3657 remotiora
2947 3601 3062 3656 loca
3090 3618 3121 3657 a
3151 3603 3487 3673 presbyteris
3512 3604 3604 3659 vel
3644 3604 3864 3659 diamnis

2298 3692 2559 3761 baptizati
2587 3692 2784 3746 mortui
2817 3701 2994 3757 erant,
3028 3694 3339 3763 priusquam
3368 3695 3438 3748 ab
3466 3696 3733 3766 episcopo
3760 3709 3866 3749 con—

2301 3780 2663 3836 ﬁrmarentur.
2696 3780 2789 3836 Sic
2807 3782 3022 3853 egregie
3046 3790 3269 3837 sanctus
3296 3781 3670 3855 Hieronymus
3696 3784 3865 3840 adver-

2302 3888 2397 3928 sus
2449 3871 2898 3928 Luciferanianos
2925 3912 2939 3926 .
2978 3892 2996 3924 ‹
3025 3872 3179 3940 Quod
3226 3873 3272 3928 si
3313 3874 3417 3929 hoc
3462 3875 3587 3931 loco
3645 3875 3867 3946 quaeris:

2302 3979 2472 4034 quare
2522 3965 2577 4019 in
2611 3964 2852 4020 Ecclesia
2888 3966 3214 4035 baptizatus,
3252 3967 3358 4021 nisi
3401 3982 3501 4038 per
3535 3984 3738 4024 manus
3770 3969 3868 4039 epi-

2304 4055 2473 4126 scopi,
2506 4071 2613 4110 non
2636 4055 2867 4126 accipiat
2895 4040 3153 4126 Spiritum
3179 4067 3448 4123 sanctum,
3477 4074 3649 4128 quem
3676 4077 3772 4116 nos
3794 4076 3868 4113 as-

2304 4147 2535 4202 serimus
2571 4148 2625 4201 in
2663 4162 2796 4203 vero
2834 4147 3158 4218 baptismate
3185 4151 3387 4205 tribui:
3421 4151 3574 4207 disce
3610 4153 3755 4207 hanc
3789 4153 3871 4206 ob-

2305 4237 2661 4292 servationem
2689 4249 2757 4291 ex
2780 4251 2843 4291 ea
2865 4237 3185 4292 auctoritate
3215 4237 3571 4304 descendere,
3601 4243 3749 4310 quod
3770 4250 3875 4312 post

2306 4341 2590 4381 ascensum
2621 4314 2834 4383 Domini
2872 4325 3109 4396 Spiritus
3142 4337 3362 4384 sanctus
3386 4331 3454 4386 ad
3482 4332 3761 4400 apostolos
3793 4332 3873 4385 de-

638 4428 977 4498 amplectitur
1009 4429 1331 4485 sententiam
1357 4447 1369 4482 :
1406 4447 1426 4480 ι
1458 4429 1777 4498 intelligere,
1826 4428 2023 4498 inquit,
2050 4428 2209 4483 debe-
2237 4458 2285 4516 Ι)
2312 4418 2558 4516 scendit:
2578 4425 2643 4516 ‘et
2684 4418 2866 4475 multis
2892 4420 2947 4473 in
2963 4419 3115 4516 locis
3144 4421 3288 4516 idem
3332 4421 3646 4516 iactitatnm

636 4525 849 4588 bemus,
888 4524 1014 4594 quia
1054 4523 1107 4578 in
1144 4524 1412 4593 baptismo
1440 4522 1596 4592 culpa
1640 4521 1838 4576 dimitti
1883 4529 2080 4591 potest,
2122 4521 2207 4576 lex
2237 4505 2279 4516 ”
2312 4522 2433 4561 mus
2461 4505 2530 4560 ad
2578 4507 2837 4562 honorem
2867 4508 3046 4577 P0tius
3090 4511 3398 4577 εθοθτάοῑίίν
3431 4527 3601 4581 quam
3647 4515 3717 4568 ad
3761 4514 3877 4582 ἰθείε

638 4615 841 4670 aboleri
886 4631 991 4671 non
1020 4623 1216 4686 potest.
1255 4615 1313 4669 in
1347 4612 1600 4684 coniugio
1632 4627 1739 4668 non
1783 4613 1962 4682 culpa,
1994 4614 2087 4669 sed
2122 4612 2208 4669 lex

637 4716 751 4771 est;
783 4706 924 4776 quod
949 4705 1120 4775 culpm
1143 4715 1228 4760 est
1254 4705 1440 4775 igitur,
1468 4704 1521 4758 in
1553 4702 1877 4772 baptismate
1902 4702 2206 4768 relaxatur;

638 4796 782 4867 quod
806 4796 939 4866 legis
960 4802 1066 4857 cst,
1095 4796 1147 4849 in
1170 4793 1419 4864 coniugio
1434 4808 1540 4848 non
1563 4792 1810 4848 solvitur.
1826 4811 1844 4842 ι
1874 4790 2066 4847 Postea
2095 4808 2212 4847 om-

636 4902 736 4942 nes
760 4886 872 4942 fere
908 4886 997 4939 alii
1031 4885 1221 4939 eodem
1261 4884 1420 4937 modo
1445 4882 1610 4937 locuti
1641 4890 1782 4936 sunt.
1813 4881 2037 4936 Siricius
2073 4896 2136 4950 pa

638 4975 695 5030 in
737 4975 893 5045 epist.
922 4974 989 5028 ad
1021 4972 1319 5027 Himerium
1354 4969 1835 5035 Tarraconensem,
1875 4983 1995 5038 cap.
2025 4969 2080 5034 9,
2114 4969 2208 5032 10';

635 5061 978 5118 Innocentius
1014 5061 1054 5125 ι,
1087 5061 1140 5113 in
1167 5059 1418 5115 omnibus
1444 5058 1577 5114 locis
1600 5074 1762 5128 supra
1791 5058 2001 5124 citatis;
2030 5057 2214 5111 conci-

636 5152 766 5207 lium
788 5150 1212 5220 Carthagineuse
1236 5150 1450 5203 nomine
1474 5163 1547 5214 tv,
1579 5164 1627 5203 c.
1655 5148 1754 5214 69;
1787 5156 2007 5203 sanctus
2031 5146 2214 5218 Augu-

636 5242 813 5296 stinus
852 5240 917 5294 de
943 5239 1092 5293 Bono
1120 5238 1419 5308 coniugali,
1447 5254 1564 5308 cap.
1612 5238 1696 5302 18,
1726 5237 1878 5306 cuius
1912 5237 2075 5291 verba
2117 5252 2215 5290 no-

637 5330 797 5385 tanda
842 5337 1004 5384 sunt:
1045 5347 1063 5379 ‹
1096 5328 1387 5398 Propterea
1444 5337 1841 5383 sacramentum
1906 5328 2213 5398 nuptiarum

638 5421 894 5491 temporis
922 5419 1097 5474 nostri
1121 5418 1200 5473 sic
1231 5418 1299 5473 ad
1322 5433 1487 5472 unum
1517 5418 1768 5495 maritum
1795 5425 1850 5471 et
1892 5432 2057 5470 unam
2082 5431 2216 5470 uxo-

636 5525 752 5564 rem
793 5510 1067 5563 redactum
1113 5513 1227 5570 est,
1260 5514 1320 5559 ut
1345 5503 1772 5574 dispensatorem
1818 5504 2061 5559 ecclesiae
2105 5519 2211 5558 non

635 5602 795 5656 liceat
815 5599 1086 5662 ordinare,
1111 5596 1213 5650 nisi
1235 5596 1391 5650 unius
1410 5596 1594 5651 uxoris
1614 5596 1809 5649 virum.
1828 5594 1980 5661 Quod
2001 5596 2211 5650 acutius

637 5691 1013 5747 intellexerunt
1039 5688 1131 5756 qui
1168 5703 1264 5742 nec
1296 5702 1418 5741 cum
1449 5686 1540 5755 qui
1564 5686 1983 5740 catcchumenus
2012 5686 2093 5749 vel
2117 5701 2211 5754 pa-

2310 4596 2711 4651 necessitatem.
2757 4597 2970 4667 Alioqui
3006 4598 3053 4653 si
3081 4599 3151 4654 ad
3179 4600 3419 4671 episcopi
3446 4610 3669 4658 tantum
3698 4606 3881 4673 impre-

2309 4687 2574 4742 cationem
2605 4680 2840 4757 Spiritus
2881 4697 3100 4744 sanctus
3127 4689 3330 4757 deﬂuit,
3374 4691 3597 4761 lugendi
3646 4704 3774 4750 sunt
3798 4695 3878 4762 qui

2310 4776 2363 4830 in
2392 4777 2638 4843 vinculis,
2668 4786 2761 4831 aut
2789 4779 2845 4831 in
2868 4778 3126 4845 castellis,
3147 4790 3241 4835 aut
3269 4781 3324 4835 in
3346 4784 3737 4841 remotioribus
3762 4786 3881 4839 locis

2309 4880 2406 4936 per
2434 4869 2775 4939 presbyteros
2800 4874 2857 4924 et
2888 4868 3145 4926 diaconos
3181 4871 3441 4943 baptizati
3487 4883 3621 4932 ante
3659 4878 3879 4933 dormie-

2312 4966 2466 5023 runt,
2494 4974 2655 5029 quam
2682 4960 2751 5013 ab
2776 4962 3040 5030 episcopis
3079 4964 3456 5021 invisereatur.
3486 4966 3672 5033 Quare
3720 4969 3881 5024 Theo-

2314 5048 2477 5103 dorus
2523 5049 2655 5103 dicit
2698 5050 3030 5118 capitulot:
3067 5071 3085 5101 c
3116 5052 3327 5107 Nullum
3371 5050 3671 5123 perfectum
3718 5057 3881 5113 credi-

2313 5153 2436 5191 mus
2468 5138 2584 5191 sine
2612 5139 3019 5194 continuatione
3047 5142 3280 5211 episcopi
3310 5162 3322 5196 :
3356 5152 3538 5200 tamen
3565 5162 3679 5201 non
3704 5147 3882 5215 desire

2315 5240 2517 5280 ramus.
2546 5246 2564 5278 ι

2385 5314 2844 5385 Conﬁrmationcm
2891 5320 3117 5391 episcopi
3167 5337 3270 5376 non
3319 5324 3672 5395 disputamus.
3737 5327 3881 5382 Nunc

2315 5403 2632 5462 Theodorus
2657 5408 2876 5464 natione
2904 5408 3125 5466 Gnaeus
3161 5413 3373 5471 videtur
3398 5417 3642 5475 indicare
3660 5420 3879 5475 Patnun

2314 5502 2627 5558 Gnecorum
2670 5505 2996 5560 sententiam
3025 5546 3040 5571 ,
3070 5508 3164 5577 qui
3196 5509 3382 5578 dicunt
3426 5514 3760 5585 baptismum
3782 5515 3880 5570 tria

2314 5593 2665 5663 signiﬁcare:
2715 5596 3048 5664 tinctionem,
3103 5600 3374 5658 hominem
3423 5605 3530 5662 ﬁde
3554 5608 3879 5669 imbutum;

2313 5682 2657 5749 mersionem,
2705 5684 2944 5740 ablutum
2975 5688 3222 5747 sordibus
3249 5701 3303 5747 et
3329 5695 3553 5751 maculis
3580 5715 3593 5755 :
3621 5699 3885 5754 emersis-
