4060 6350
197 362 338 420 H53

1325 351 1894 415 OBSERVATIONES
1933 351 2020 406 ET
2060 349 2265 407 ΝΟΤᾹΞ
2278 390 2290 404 .

3296 352 3431 406 “Si

193 493 346 541 nem,
379 483 783 548 resurgentem;
808 487 871 528 ac
890 472 1113 542 proinde
1142 473 1210 528 ab
1237 471 1342 527 illis
1365 472 1544 526 vocari
1577 469 1770 525 illumi-
1799 472 1847 531 Α
1871 463 2188 518 Arausicani
2210 477 2314 518 non
2335 461 2523 531 repeti.
2553 461 2704 516 Unde
2729 460 2961 516 fortasse
2983 460 3200 531 quidam
3227 471 3280 515 et
3306 478 3430 518 auc-

193 569 490 630 nationem,
517 565 812 628 lavacrum,
833 562 1150 633 perfectum,
1183 571 1237 617 et
1257 561 1552 632 perfectum
1577 560 1661 613 cui
1691 558 1771 612 ni-

194 659 272 714 hil
297 659 468 712 deest.
489 655 616 711 Post
645 662 888 709 sanctum
910 653 1172 707 Justinum
1205 654 1258 706 in
1283 653 1386 707 ﬁne
1410 650 1680 720 Apologia:
1707 662 1768 710 ii,

193 746 248 800 in
271 745 454 808 editis,
471 745 563 799 sed
584 759 702 812 qua:
717 744 886 812 prima
902 752 982 797 est
1006 743 1158 811 juxta
1182 743 1499 805 Eusebium;
1525 747 1769 794 sanctum

191 835 550 905 Theophilum
565 834 952 887 Antiochenam
975 832 1042 886 ad
1056 825 1356 887 Autolicum
1379 831 1471 884 lib.
1501 845 1562 892 ιι,
1583 835 1770 881 contra

187 922 517 980 Christiana:
557 921 832 991 religionis
893 919 1339 984 calumniatores;
1381 929 1627 973 sanctum
1661 918 1770 970 Ire-

189 1029 374 1070 meum
403 1014 525 1068 libr.
556 1029 593 1066 ιι
634 1013 893 1066 adversus
926 1011 1160 1064 hareses
1186 1025 1308 1078 cap.
1341 1010 1422 1071 l9,
1445 1009 1559 1074 ,ista
1594 1006 1769 1061 mani-

190 1108 488 1163 festissime
537 1105 777 1160 declarat
826 1111 1047 1158 sanctus
1083 1101 1328 1157 Clemens
1381 1099 1769 1154 Alexandrinus

188 1199 322 1253 libr.
373 1215 390 1252 ι
427 1197 662 1266 Pmdag.,
683 1211 802 1266 cap.
830 1195 884 1260 6,
909 1195 993 1250 his
1015 1195 1194 1249 verbis
1220 1212 1232 1247 :
1265 1212 1283 1245 ‹
1318 1191 1428 1248 Hoc
1471 1194 1643 1262 ipsum
1670 1208 1766 1246 no-

192 1293 282 1345 bis
319 1305 535 1360 quoque
557 1289 754 1353 evenit,
781 1303 1009 1358 quorum
1052 1286 1330 1355 exemplar
1356 1284 1456 1338 fuit
1484 1285 1762 1338 Dominus.

188 1381 392 1443 Tincti,
423 1379 816 1443 illuminamur;
851 1377 1150 1439 illuminati,
1173 1377 1224 1430 in
1252 1375 1388 1429 ﬁlios
1414 1375 1763 1444 adoptamur;

184 1468 458 1538 ad0ptati,
480 1466 822 1536 perﬁeimur;
847 1463 1092 1535 perfecti,
1121 1464 1450 1519 immortales
1467 1464 1762 1518 reddimur.

189 1555 397 1610 Multis'
417 1564 596 1609 autem
624 1555 797 1609 modis
839 1562 1063 1608 vocatur
1093 1555 1196 1608 hoc
1220 1569 1376 1623 opus,
1427 1554 1622 1622 gratia,
1653 1553 1767 1606 illu-

182 1648 437 1709 niinatio,
454 1644 773 1715 perfectum,
798 1653 851 1698 et
871 1645 1165 1698 lavacrum.
1190 1643 1492 1696 Lavacrum
1520 1643 1760 1712 quidem,

184 1755 290 1811 per
317 1741 460 1810 quod
508 1747 729 1808 peccata
774 1738 1168 1809 abstergimus;
1201 1738 1372 1808 gratia
1418 1745 1620 1798 autem,
1654 1750 1759 1804 qua

1869 558 2089 611 toritate
2112 557 2282 610 sancti
2309 555 2549 625 Gregorii
2581 555 2794 631 impulsi
2823 555 3076 610 dixerunt
3109 556 3163 610 in
3185 570 3314 610 casu
3342 571 3434 610 ne-

1867 645 2161 711 cessitatis,
2189 653 2244 699 et
2269 646 2322 698 in
2347 646 2667 715 quibusdam
2692 644 2826 701 locis
2845 645 3179 718 presbyteris
3213 661 3434 701 conces-

1868 751 1984 790 sam
2006 735 2168 791 fuisse
2190 736 2542 791 conﬁrmandi
2569 745 2893 806 potestatem

1869 843 2072 917 Selecta
2103 862 2170 917 ea;
2191 845 2322 917 Iilgro
2371 861 2469 900 ms.
2523 847 2587 900 de
2620 846 2974 902 Sacrameniis
3018 850 3253 917 magisfri
3286 843 3437 905 Petti

1955 912 2199 968 Castoris
2225 914 2542 969 Parisiensis
2568 917 2632 969 de
2658 918 3076 983 conﬁrmatione,
3106 912 3224 988 ξαρ.
3255 918 3346 974 50.

1937 1000 2065 1056 Post
2097 1001 2444 1072 baptismum,
2486 1006 2576 1074 qui
2625 1014 2781 1074 porta
2817 1016 2900 1061 est
2948 1018 3431 1075 sacramentorum,

1868 1094 2114 1163 sequitur
2141 1095 2500 1150 conﬁrmatio.
2534 1098 2610 1151 De
2655 1099 2756 1152 hac
2803 1099 3064 1168 quaeritur
3087 1099 3282 1168 primo,
3315 1115 3438 1155 cum

1868 1187 1936 1240 ad
1985 1187 2274 1256 discipulos
2319 1188 2462 1242 solos
2515 1189 2855 1256 pertinuerit,
2883 1197 2938 1244 et
2966 1198 3087 1258 post
3133 1191 3198 1244 ad
3246 1206 3436 1246 eorum

1868 1292 2208 1333 successores
2251 1279 2600 1347 specialiter;
2649 1279 2790 1333 unde
2818 1289 2872 1334 et
2909 1279 3052 1334 inter
3098 1290 3439 1336 sacramenta

1867 1365 2142 1436 dignitatis
2192 1375 2538 1432 numeratur;
2589 1369 2862 1436 quomodo
2907 1368 3198 1439 Gregorius
3228 1382 3252 1409 α
3305 1369 3440 1427 illud

1865 1455 2142 1510 celebrare
2183 1457 2430 1526 permisit
2457 1457 2788 1526 simplicibus
2818 1457 3189 1512 sacerdotibus
3218 1468 3440 1528 propter

1865 1550 2244 1604 necessitatem
2300 1560 2581 1621 urgentem
2644 1567 2710 1606 ex
2754 1553 2979 1621 penuria
3037 1554 3435 1624 episcoporum.

1866 1640 2048 1711 Neque
2070 1643 2213 1697 enim
2267 1644 2320 1697 in
2349 1643 2468 1698 aliis
2498 1649 2851 1701 sacramentis
2880 1649 3182 1703 audivimus
3209 1657 3301 1703 aut
3325 1665 3441 1705 cre-

1865 1733 2063 1799 dimus,
2089 1733 2228 1803 quod
2249 1743 2490 1804 potestas
2511 1751 2573 1789 ea
2595 1736 2896 1791 celebrandi
2923 1738 3216 1792 secundum
3239 1748 3438 1794 statum

185 1831 537 1886 remittuntur
558 1843 728 1899 pinna:
756 1843 874 1898 quae
898 1828 1134 1896 peccatis
1181 1826 1477 1890 debentur;
1505 1825 1766 1879 illumina—
1796 1816 1839 1874 Β
1867 1830 1921 1876 et
1944 1824 2309 1878 conditionem
2333 1840 2688 1894 personarum
2719 1825 3115 1882 conferentium
3153 1830 3321 1897 possi‘
3351 1830 3430 1885 di.

187 1922 267 1976 lio
306 1930 487 1974 autem
515 1962 530 1985 ,
561 1935 658 1989 per
685 1935 846 1988 quam
891 1928 1133 1973 sanciam
1185 1918 1330 1971 illam
1373 1927 1428 1972 et
1473 1917 1762 1970 salutarem

187 2010 676 2073 lucemintuemur,
707 2009 808 2063 hoc
829 2018 931 2073 est,
962 2023 1058 2076 per
1086 2023 1249 2076 quam
1271 2007 1323 2060 id
1353 2006 1492 2075 quod
1522 2014 1606 2060 est
1631 2005 1766 2058 divi-

187 2115 320 2153 num
342 2097 694 2168 perspicimus
721 2115 734 2161 ;
753 2096 1050 2166 perfectum
1065 2106 1244 2151 autem
1268 2097 1517 2161 dicimus,
1533 2096 1616 2149 cui
1633 2094 1766 2149 nihil

185 2190 361 2242 deest.
398 2208 416 2239 ι
445 2188 649 2254 Quibus
663 2188 844 2257 plures
861 2187 1152 2241 aliiPatres
1177 2185 1349 2241 Grieci
1375 2187 1760 2241 assentiuntur.

186 2277 453 2344 Origenes
493 2276 858 2330 Commentar.
913 2277 966 2330 in
1015 2275 1308 2340 Joannem,
1359 2285 1490 2330 tom.
1541 2275 1586 2328 ll
1632 2277 1760 2331 edit.

189 2365 377 2429 lluet.,
421 2381 543 2435 pag.
589 2366 728 2431 l24;
778 2375 997 2421 sanctus
1023 2367 1373 2433 Athanasius,
1423 2367 1475 2421 in
1519 2369 1764 2422 oratione

188 2466 379 2511 contra
423 2456 654 2512 Arianos
706 2459 759 2511 in
807 2459 922 2512 ha:c
947 2459 1109 2512 verba
1137 2476 1150 2510 :
1180 2458 1320 2512 Deus
1373 2469 1446 2512 est
1500 2458 1761 2524 Verbum;

191 2556 412 2602 sanctus
440 2547 668 2602 Basilius
696 2548 747 2601 in
774 2547 991 2601 homilia
1025 2548 1090 2602 de
1111 2547 1458 2618 Baptismate,
1484 2558 1540 2603 et
1563 2565 1767 2604 sermo-

195 2653 262 2691 ne
283 2639 337 2702 2,
383 2653 500 2707 cap.
533 2641 592 2703 l;
649 2646 865 2694 sanctus
910 2637 1204 2708 Gregorius
1241 2637 1611 2693 Nazianzenus
1645 2679 1659 2704 ,
1707 2639 1763 2694 in

198 2735 335 2781 orat.
364 2727 417 2781 in
442 2735 685 2780 sanctum
715 2728 1002 2797 baptisma,
1029 2736 1134 2782 etc.
1160 2727 1456 2781 Fatendum
1483 2736 1660 2781 tamen
1683 2735 1767 2782 est

203 2816 393 2873 Patres
416 2818 628 2874 concilii
657 2819 942 2873 Laudiceni
968 2819 1139 2873 videri
1169 2819 1328 2872 aliter
1364 2818 1507 2886 loqui
1533 2833 1650 2872 can.
1670 2818 1760 2873 48.

276 2908 469 2962 Tamen
490 2910 544 2962 in
565 2907 785 2962 Nic-ana
803 2909 1001 2978 synodo
1024 2909 1122 2978 fuit
1148 2909 1373 2960 chrisma
1397 2909 1755 2961 constitutum.

203 2996 351 3054 Istud
366 3013 468 3052 non
484 2998 744 3068 reperitur
760 2998 902 3052 inter
925 2998 1141 3052 decreta
1158 2998 1381 3053 Nicaeum
1404 2999 1614 3068 synodi.
1631 2999 1759 3052 Por-

202 3103 264 3142 ro
281 3089 527 3157 quaedam
547 3098 674 3144 sunt
711 3105 830 3159 quia
855 3090 993 3144 inter
1013 3089 1082 3144 20
1103 3088 1337 3144 canone's
1359 3106 1463 3145 non
1487 3090 1758 3161 leguntur,

199 3187 256 3232 ut
275 3181 550 3234 decretum
572 3181 635 3236 de
648 3180 786 3235 festo
799 3181 1037 3246 Paschze,
1055 3181 1194 3250 apud
1215 3182 1521 3245 Eusebium,
1540 3159 1768 3236 etAtha-
1792 3159 1838 3221 (ἶ

197 3273 432 3338 nasium,
447 3280 584 3338 etc.;
611 3273 882 3326 decretum
907 3271 974 3327 de
996 3273 1132 3327 actis
1144 3273 1339 3341 prioris
1362 3273 1617 3342 synodiin
1632 3273 1765 3326 alte-

195 3377 254 3418 ra
281 3364 490 3435 synodo
533 3363 905 3418 exa‘minandis
937 3381 948 3416 :
978 3363 1130 3431 cujus
1158 3362 1404 3416 meminit
1429 3360 1602 3415 Julius
1626 3377 1765 3432 papa

190 3453 249 3508 in
278 3455 505 3524 epistola
539 3470 701 3524 quam
723 3461 939 3509 sanctus
977 3453 1304 3506 Athanasius
1339 3453 1519 3506 retulit
1542 3453 1592 3505 in
1633 3468 1762 3521 apo-

189 3541 331 3612 logia
365 3559 426 3598 ιι.
457 3543 584 3597 Haec
607 3544 821 3598 decreta
845 3559 962 3612 qua:
988 3559 1016 3597 a
1042 3544 1291 3598 Patribus
1316 3544 1769 3598 commendantur

188 3634 285 3703 qui
324 3633 532 3704 synodo
560 3634 938 3700 interfuerunt,
963 3643 1056 3688 aut
1095 3635 1186 3704 qui
1219 3633 1332 3690 fere
1357 3634 1598 3705 ejusdem
1639 3644 1768 3689 tem-

186 3725 364 3794 poris,
398 3726 644 3778 maxima:
666 3733 790 3780 sunt
835 3727 1174 3780 auctoritatis
1201 3744 1213 3779 :
1242 3727 1465 3781 minoris
1494 3740 1641 3792 vero,
1675 3734 1769 3779 aut

185 3829 362 3886 prape
378 3815 598 3880 nullius,
614 3830 732 3886 quae
747 3817 1102 3886 posteriorum
1119 3817 1426 3872 testimonio
1441 3817 1762 3882 fulciuntur;

182 3907 372 3975 qualia
399 3907 507 3959 sint
530 3907 744 3960 decreta
765 3922 883 3976 qua:
912 3906 1158 3976 leguntur
1173 3908 1311 3976 apud
1329 3907 1645 3977 Gregorium
1663 3909 1766 3962 Tu-

180 4011 504 4060 ronenscm,
523 4005 576 4050 et
592 3997 714 4061 alia,
734 3997 883 4052 vorbi
904 3999 1077 4068 gratia
1091 4000 1156 4053 de
1178 3999 1319 4052 notis
1341 3998 1642 4054 litterarum
1658 3999 1768 4054 for-

182 4098 468 4142 maturum
506 4102 535 4139 a
568 4088 955 4141 recentioribus
982 4088 1170 4142 relata.
1211 4088 1256 4141 Α
1283 4089 1476 4157 quibus
1503 4091 1646 4143 enim
1676 4089 1764 4144 illa

181 4183 522 4251 acceperint,
549 4181 702 4235 valde
727 4181 989 4235 incertum
1013 4189 1114 4235 est.
1146 4181 1252 4236 Sed
1282 4181 1346 4234 ad
1376 4180 1652 4251 cujusnam
1678 4199 1768 4254 ge-

180 4273 342 4327 neris
369 4273 584 4325 deereta
611 4269 950 4326 referendum
991 4273 1062 4326 sit
1092 4274 1192 4327 hoc
1223 4275 1596 4338 constitutum,
1627 4273 1764 4329 difﬁ-

177 4363 297 4418 cile
322 4371 409 4416 est
431 4359 711 4416 allirmare.
743 4362 1020 4429 Quomodo
1040 4364 1184 4417 enim
1219 4365 1270 4418 in
1316 4364 1532 4419 Nicama
1561 4367 1766 4435 synodo

175 4453 434 4508 chrisma
461 4453 831 4517 constitutum,
861 4455 926 4508 de
952 4470 1058 4523 quo
1073 4454 1282 4508 locutus
1299 4463 1382 4508 est
1403 4455 1766 4509 Tertullianus

1867 1913 2027 1967 latari
2052 1915 2136 1969 vel
2165 1915 2404 1968 coerceri
2430 1932 2443 1967 :
2477 1916 2744 1984 quomodo
2773 1931 2902 1986 ergo
2923 1918 2975 1970 in
3006 1919 3109 1973 hoc
3138 1934 3442 1974 sacramen-

1865 2012 1920 2058 to
1947 2005 2288 2075 singulariter
2329 2005 2503 2074 potuit
2551 2012 2706 2058 extra
2747 2005 3032 2075 prmdictos
3072 2007 3271 2062 limites
3293 2009 3439 2078 posi-

1869 2104 1950 2149 tos
1982 2095 2099 2149 ﬁeri
2127 2093 2389 2159 dilatatio,
2420 2105 2472 2148 et
2502 2105 2689 2164 postea
2728 2095 2781 2148 in
2807 2095 3041 2165 primum
3065 2105 3263 2151 statum
3289 2113 3444 2154 revo-

1864 2186 2044 2240 catio?
2072 2185 2309 2239 Rursum
2339 2186 2441 2239 hoc
2461 2185 2845 2240 attendendum
2865 2187 3008 2255 quod
3033 2203 3156 2240 cum
3183 2203 3288 2241 una
3321 2204 3438 2242 mu-

1865 2277 1996 2331 tatio
2014 2275 2156 2330 facta
2186 2283 2290 2339 est,
2323 2291 2388 2330 ex
2415 2291 2580 2330 causa
2617 2276 2855 2330 evidenti
2894 2284 2945 2330 et
2977 2283 3126 2330 certa
3159 2275 3303 2332 facta
3330 2287 3436 2334 est.

1865 2365 1971 2420 Sed
2005 2366 2181 2434 posito
2206 2367 2350 2435 quod
2395 2367 2555 2421 hodie
2595 2367 2898 2437 presbyteri
2948 2366 3174 2437 alicujus
3202 2369 3440 2439 regionis

1863 2456 1946 2511 vel
1961 2457 2248 2526 provinciae
2269 2472 2373 2511 non
2390 2457 2650 2511 habentes
2673 2457 2882 2525 copiam
2898 2457 3157 2527 episcopi,
3182 2457 3290 2512 tale
3305 2457 3436 2528 quid

1869 2546 2088 2616 exigant
2123 2562 2381 2601 asummo
2412 2531 2665 2619 pontifice
2693 2554 2746 2602 et
2773 2547 3083 2602 obtineant:
3111 2548 3203 2602 alii
3247 2564 3436 2618 parem

1863 2637 2239 2691 necessitatem
2268 2646 2323 2690 et
2358 2638 2518 2707 paulo
2551 2637 2810 2706 majorem
2842 2638 3078 2708 allegent
3113 2648 3170 2694 et
3211 2655 3317 2694 non
3343 2642 3443 2695 oh-

1864 2727 2090 2780 tineant.
2122 2726 2316 2793 Quer
2337 2743 2466 2798 ergo
2493 2743 2561 2782 an
2589 2728 2887 2798 prmvalerc
2912 2730 3106 2784 debeat
3125 2731 3208 2785 vel
3234 2731 3439 2786 attendi

1865 2817 1918 2869 in
1943 2817 2043 2870 hoc
2068 2816 2434 2886 dispensantis
2454 2820 2769 2885 auctoritas,
2794 2837 2863 2874 an
2885 2836 3048 2876 causa
3077 2821 3436 2891 dispensatio—

1863 2909 1968 2973 uis,
1995 2925 2061 2962 an
2094 2909 2183 2962 illa
2212 2910 2317 2964 duo
2339 2911 2543 2980 pariter

1864 3018 2068 3074 Selecta
2097 3036 2160 3074 ex
2187 3019 2541 3074 Pwnitcntiali
2577 3037 2673 3074 ms.
2713 3022 2949 3091 magistri
2979 3019 3189 3076 Roberu’
3211 3019 3275 3077 de
3313 3022 3437 3078 Fla-

2312 3091 2567 3155 mesbure,
2589 3091 2678 3145 lib.
2711 3106 2794 3156 ιιι,
2820 3109 2934 3162 cap.
2962 3093 3013 3146 l.

1940 3179 2296 3234 Instituuntur
2321 3189 2498 3234 autem
2529 3182 2758 3236 ministri
2785 3183 3039 3238 Ecclesia:
3073 3201 3176 3240 non
3209 3201 3238 3240 a
3270 3187 3442 3257 quoli-

1865 3270 1976 3333 bet,
2010 3272 2102 3325 sed
2135 3271 2203 3325 ab
2254 3273 2506 3341 episcopo
2561 3289 2678 3336 suo,
2711 3274 2795 3327 vel
2844 3276 3164 3342 sacerdote;
3210 3287 3268 3332 ut
3305 3280 3440 3333 ordo

1865 3354 2177 3429 psal'misue,
2209 3362 2322 3416 sive
2353 3363 2439 3415 ille
2479 3362 2571 3431 qui
2611 3364 2810 3418 dicitur
2853 3380 3054 3419 corona
3079 3369 3219 3436 apud
3265 3383 3384 3434 nos,
3407 3387 3439 3424 a

1865 3453 2182 3508 Lombardis
2217 3454 2435 3511 clerico.
2484 3453 2625 3508 Olim
2679 3471 2708 3509 a
2770 3457 3000 3525 simplici
3059 3459 3444 3516 conferebatur

1867 3544 2168 3607 sacerdme,
2199 3553 2254 3598 et
2282 3543 2458 3598 adhuc
2497 3545 2656 3599 hodie
2697 3546 2750 3600 iu
2779 3545 3096 3602 Alemannia
3142 3550 3440 3608 cunfertur.

1867 3632 2272 3687 Conﬁrmabant
2305 3633 2469 3687 etiam
2503 3634 2630 3688 olim
2663 3635 2934 3704 simplices
2964 3638 3290 3694 sacerdotes.

1938 3723 2148 3792 Singuli
2197 3724 2503 3793 suscipiunt.
2557 3724 2658 3790 Qui
2713 3725 3013 3795 suscipiunt
3061 3729 3112 3781 in
3166 3728 3436 3798 baptismo

1865 3830 2140 3884 sponsores
2165 3823 2319 3868 vocat
2345 3815 2704 3870 Tertullianus
2749 3817 2872 3871 libr.
2898 3819 2962 3872 de
2987 3818 3280 3888 Baptismo,
3315 3838 3436 3892 cap.

1867 3905 1967 3960 l7:
2005 3923 2022 3955 ι
2059 3904 2198 3972 Quid
2223 3906 2367 3959 enim
2398 3921 2618 3962 necesse
2661 3916 2744 3962 est
2769 3923 3059 3978 sponsores
3087 3911 3252 3964 etiam
3300 3915 3441 3982 peri-

1865 3996 1987 4050 culo
2013 3996 2221 4067 ingeri?
2258 4016 2276 4047 »
2305 3997 2420 4063 Qua
2449 3999 2770 4054 auctoritate
2805 3999 3209 4056 demonstratur
3238 4003 3290 4058 in
3315 4006 3444 4074 bap-

1867 4089 2026 4141 tismo
2057 4100 2344 4156 sponsores
2366 4087 2640 4154 adhibere,
2683 4089 2786 4144 hoc
2807 4104 2927 4144 esse
2951 4091 3003 4144 in
3030 4091 3270 4147 Ecclesia
3298 4096 3441 4149 anti-

1865 4177 2204 4246 quissimum.
2251 4176 2530 4242 Quodnam
2578 4193 2708 4232 vero
2734 4194 3052 4248 sponsorum
3089 4181 3160 4235 sit
3184 4181 3438 4247 cilicium,

1865 4267 2088 4322 docetur
2102 4283 2132 4321 a
2147 4267 2397 4322 Patribus
2409 4270 2620 4324 concilii
2637 4269 3028 4335 Calchutensis,
3047 4287 3168 4326 can.
3185 4274 3234 4334 2,
3254 4281 3309 4326 ct
3321 4289 3445 4326 con-

1867 4363 1972 4417 cilii
1997 4362 2320 4417 Parisiensis
2357 4379 2433 4429 VI,
2463 4379 2586 4419 can.
2612 4365 2641 4417 7
2667 4381 2678 4419 :
2718 4385 2737 4416 ‹
2782 4365 3025 4432 Qualiter
3046 4374 3227 4420 autem
3257 4367 3313 4420 hi
3345 4367 3439 4437 qui

1867 4457 1934 4509 de
1981 4471 2135 4511 sacro
2186 4456 2332 4510 fonte
2361 4457 2494 4511 alios
2523 4459 2820 4529 suscipiunt
2865 4459 3136 4512 instruere
3185 4458 3437 4524 debeant,

179 4541 607 4610 antiquissimus
633 4542 684 4595 in
708 4516 843 4596 libro
872 4543 937 4596 de
958 4516 1248 4612 Eaptismo,
1274 4559 1393 4613 cap.
1418 4543 1447 4596 7
1467 4553 1522 4599 et
1547 4545 1666 4598 aliis
1687 4545 1765 4599 lo-
1798 4516 1846 4574 ί)
1873 4549 2060 4601 beatus
2093 4547 2423 4616 Augustinus
2471 4548 2524 4603 in
2561 4516 2808 4604 sermone
2861 4549 3043 4603 habito
3073 4551 3141 4603 ad
3182 4549 3438 4619 populum

175 4635 294 4687 cis.
329 4630 446 4684 Non
473 4631 624 4685 video
651 4631 813 4703 igitur
856 4633 984 4702 quid
1007 4633 1106 4688 hoc
1139 4634 1256 4688 loco
1283 4635 1481 4688 sentiat
1519 4635 1763 4688 Theodo—

175 4739 314 4786 rus,
351 4721 455 4775 nisi
497 4720 678 4776 forsan
702 4712 970 4792 intelligat
991 4723 1044 4776 id
1071 4724 1210 4792 quod
1254 4740 1284 4778 a
1315 4723 1592 4796 Sylvestro
1627 4742 1762 4796 papa

175 4816 343 4871 circa
400 4822 636 4882 tempora
663 4812 892 4868 Nicaeus:
943 4815 1130 4884 synodi
1178 4823 1435 4869 statutum
1461 4817 1538 4871 sic
1568 4817 1766 4872 dicitur

177 4907 236 4959 in
258 4903 448 4957 Gestis
462 4904 771 4970 pontiﬁcum
791 4923 802 4958 :
829 4924 846 4955 ι
860 4904 958 4958 Hic
974 4913 1026 4958 et
1045 4906 1145 4959 hoc
1159 4906 1440 4960 constituit
1453 4916 1512 4960 ut
1526 4907 1769 4976 baptiza-

180 5005 314 5048 tum
330 4993 485 5045 liniat
505 4993 786 5065 presbyter
796 4995 1088 5061 chrismate
1109 4995 1340 5049 levatum
1363 4995 1429 5052 de
1449 5011 1588 5065 aqua
1611 5013 1770 5066 prop-

181 5095 281 5140 ter
312 5083 611 5151 periculum
625 5085 868 5139 mortis.»
891 5085 1070 5150 Quare
1099 5085 1186 5138 ille
1214 5085 1353 5140 foret
1376 5102 1565 5141 sensus
1591 5106 1601 5138 :
1631 5086 1770 5140 Con-

176 5171 563 5227 ﬁnmtionem
589 5173 822 5243 episcOpi
854 5189 959 5228 non
982 5173 1340 5243 disputamus,
1368 5183 1548 5228 tamen
1579 5191 1609 5228 a
1656 5176 1772 5245 Syl-

178 5271 386 5318 vestro
425 5279 558 5332 papa
584 5265 935 5318 constitutum
967 5275 1072 5330 est,
1124 5280 1222 5319 nec
1246 5280 1274 5318 a
1317 5263 1533 5318 Nica‘na
1571 5266 1773 5334 synodo

176 5352 566 5422 reprobatum,
596 5361 657 5407 ut
683 5355 982 5425 presbyteri
1028 5353 1330 5424 baptizatos
1361 5353 1580 5408 linirent
1628 5354 1773 5408 chri-

179 5447 392 5502 smatis
442 5449 692 5502 unctione
723 5489 737 5511 ,
787 5465 948 5518 quam
998 5450 1195 5519 placuit
1258 5449 1508 5504 Patribus
1562 5449 1774 5504 concilii

267 5605 685 5676 aGregoriusl,
736 5606 830 5663 lib.
861 5623 940 5671 ιιι,
989 5610 1148 5676 epist.
1199 5608 1289 5669 26,
1341 5607 1407 5661 ad
1458 5606 1774 5662 Januarium

181 5679 516 5748 episcopum
540 5676 902 5732 Caralitanum
934 5698 945 5731 :
985 5700 1001 5727 ‹
1035 5680 1139 5732 Sed
1169 5679 1212 5730 si
1240 5678 1460 5730 omnino
1488 5679 1587 5732 hac
1623 5680 1688 5734 de
1721 5697 1777 5733 re

182 5748 369 5815 aliqui
396 5748 808 5813 contristantur,
835 5749 924 5802 ubi
946 5750 1179 5819 cpiscOpi
1213 5750 1426 5811 desunt,
1479 5757 1537 5801 ut
1562 5752 1776 5820 presby-

1869 4638 2204 4693 demoustrat
2227 4680 2242 4703 ,
2273 4640 2496 4694 dicens:
2530 4639 2842 4708 Quicunque
2881 4641 3046 4710 igitur
3095 4639 3196 4696 viri
3231 4683 3244 4706 ,
3286 4658 3436 4712 qum-

1871 4746 2085 4800 eunque
2119 4728 2377 4787 mulieres
2419 4733 2485 4787 de
2515 4747 2672 4786 sacro
2714 4731 2859 4786 fonte
2912 4731 3051 4787 ﬁlios
3087 4733 3442 4801 spiritualiter

1871 4833 2243 4896 susceperunt,
2268 4834 2598 4897 cegnoscant
2620 4841 2676 4880 se
2698 4842 2795 4896 pro
2817 4826 2896 4880 eis
2918 4824 3258 4893 ﬁdcjussores
3279 4827 3443 4880 exsti-

1875 4917 2005 4968 tisse
2026 4915 2165 4983 apud
2195 4914 2384 4968 Deum.
2411 4915 2478 4968 Et
2502 4915 2554 4968 in
2577 4930 2643 4969 co
2667 4930 2888 4970 necesse
2907 4923 2990 4969 cst
3023 4924 3081 4968 ut
3103 4930 3316 4984 semper
3343 4915 3446 4970 illis

1871 5003 2284 5057 sollicitudinem
2337 5018 2478 5058 verm.
2531 5005 2813 5059 charitatis
2868 5005 3196 5073 impendant,
3253 5005 3442 5060 admo-

1871 5101 2052 5158 neant,
2075 5101 2130 5148 et
2157 5094 2444 5166 castigent,
2478 5102 2638 5166 atque
2667 5095 2964 5165 corripiant
2996 5104 3092 5161 ;ut
3134 5097 3444 5150 castitatem

1873 5184 2200 5247 custodiant,
2243 5185 2604 5254 virginitatem
2634 5202 2803 5256 usque
2851 5187 2918 5240 ad
2947 5187 3163 5256 nuptias
3204 5196 3443 5252 servent,

1873 5285 1926 5329 et
1958 5277 2171 5330 caeteris
2211 5277 2366 5330 bonis
2408 5279 2662 5346 operibus
2691 5278 2854 5332 dediti
2915 5278 3042 5332 sint.
3075 5278 3131 5332 lu
3168 5280 3269 5333 hoc
3293 5280 3445 5347 quip-

1877 5381 1942 5435 pe
1958 5366 2130 5430 facto,
2169 5368 2234 5422 de
2264 5384 2370 5437 quo
2399 5369 2596 5438 agitur,
2631 5377 2890 5438 quantum
2918 5385 2946 5422 a
2992 5369 3252 5439 religione
3291 5371 3445 5423 (λιιι-ἧι

1878 5461 2052 5515 stiana
2077 5461 2374 5517 discessum
2408 5463 2507 5527 sit,
2539 5463 2772 5532 ignorari
2808 5460 2887 5516 fas
2910 5478 3014 5516 non
3044 5471 3143 5516 est.
3182 5481 3200 5514 ι

1881 5615 1976 5668 teri
2016 5615 2176 5668 etiam
2215 5615 2267 5668 in
2302 5616 2565 5670 frontibus
2595 5617 2896 5685 baptizatos
2933 5617 3226 5671 chrismate
3261 5621 3448 5684 tange-

1882 5702 1940 5739 re
1976 5685 2204 5740 debeant
2260 5687 2628 5741 concedimus.
2662 5709 2677 5739 ι
