4060 6350
628 324 768 385 1155

1236 455 1462 511 CAPUT
1508 455 1567 510 V.

1070 568 1146 623 De
1169 570 1325 621 missa
1356 567 1742 636 defunctorum.

696 684 997 743 Secundum
1029 683 1315 736 Romanam
1360 679 1668 734 Ecclesium.
1698 678 1776 734 Ne
1804 678 1904 733 sim
1931 668 2192 748 prolixior

622 781 674 834 in
722 776 1067 835 recensendis
1112 772 1306 827 ritibus
1354 770 1607 825 Ecclesia:
1645 769 1901 824 Romamn
1929 754 2076 821 circa
2101 780 2188 819 se-

620 869 886 940 pulturas,
910 875 964 921 et
992 864 1281 926 Africanae,
1329 876 1449 930 quas
1474 859 1774 914 Ecclesiam
1805 858 2105 912 Romanam
2136 855 2191 908 in

466 954 482 959 ’
546 1020 551 1025 .
618 964 895 1033 plerisque
921 967 1104 1016 secuta
1124 954 1371 1021 ρειαίάο
1400 953 1791 1009 Tertullianum
1815 948 1867 1009 in
1882 940 2189 1021 Apologet.,

619 1070 739 1123 cap.
771 1050 1037 1117 40;]ibro
1075 1047 1140 1101 de
1168 1042 1498 1107 ldololatria,
1525 1058 1574 1096 c.
1602 1041 1662 1095 ll
1695 1057 1710 1107 ;
1755 1038 2034 1110 epistolam
2063 1036 2193 1092 clcri

622 1145 851 1201 Romani
900 1143 967 1197 ad
998 1140 1201 1195 clerum
1241 1136 1727 1206 Cartltaginensem
1753 1132 1821 1186 de.
1848 1145 2060 1186 secessu
2091 1127 2193 1198 Cy-

617 1237 815 1307 priani,
846 1250 965 1305 quce
1002 1241 1085 1286 est
1112 1232 1254 1286 inter
1300 1227 1469 1298 ipsius
1509 1223 1763 1296 epistolas
1808 1222 1882 1286 2;
1910 1215 2194 1292 epistolam

620 1329 878 1401 Cypriani
894 1326 984 1390 57,
1009 1325 1137 1379 edit.
1166 1320 1365 1391 Rigalt.
1396 1336 1410 1383 ;
1441 1326 1595 1372 actus
1620 1313 1889 1385 passionis
1912 1310 2191 1383 Cypriani,

618 1422 775 1491 cujus
796 1418 1022 1474 Pontius
1047 1413 1291 1469 meminit
1314 1428 1328 1476 ;
1359 1417 1605 1465 sanctum
1642 1404 1985 1460 Ambrosium
2009 1402 2061 1455 in
2088 1400 2195 1455 ﬁne

619 1514 744 1570 libri
771 1514 837 1568 de
864 1510 1074 1573 Vitluis,
1105 1504 1387 1576 epistolam
1412 1501 1504 1565 85,
1553 1498 1621 1554 ad
1650 1512 1890 1553 sororem
1922 1510 2075 1549 suam
2104 1533 2118 1558 ,
2140 1500 2195 1547 et

620 1607 742 1664 libri
771 1606 836 1660 de
866 1603 1058 1668 Tobia,
1087 1615 1208 1668 cap.
1238 1598 1259 1651 l
1293 1613 1309 1663 ;
1333 1603 1575 1651 sanctum
1598 1592 1983 1661 Hieronymum
2009 1586 2060 1640 in
2089 1586 2196 1640 ﬁne

619 1697 880 1772 epitaphii
933 1693 1112 1750 Paulae
1162 1690 1352 1746 matris
1403 1687 1471 1742 ad
1506 1684 1859 1741 Eustochium
1892 1681 2191 1751 virginem;

1687 319 1776 374 AD
1815 315 2353 373 PGCNITENTIALE
2392 314 2743 373 TIlEODOlll

2215 437 2262 494 Α
2293 432 2539 498 diacono,
2562 431 2646 484 cui
2670 445 2772 484 non
2801 427 2941 493 licet,
2965 432 3040 481 vel
3068 426 3158 498 qui
3187 442 3290 480 non
3316 425 3422 481 vult
3450 426 3869 482 communionem

3730 313 3869 371 H56

2288 521 2542 590 accipere.
2599 519 2732 574 Can.
2773 517 2807 573 8
2854 516 3136 572 Canonum
3186 517 3287 571 sub
3339 518 3558 572 nomine
3602 519 3871 587 apostolo-

2290 628 2411 667 rum
2439 630 2453 665 :
2490 629 2509 663 ι
2545 610 2602 666 Si
2629 610 2752 680 quis
2784 610 3070 680 episcopus
3101 648 3117 672 ,
3143 607 3426 679 presbyter
3447 649 3465 672 ,
3486 609 3573 665 vel
3589 610 3868 674 diaconus,

2287 702 2372 757 vel
2394 717 2464 757 ex
2491 700 2809 757 sacerdotali
2835 698 3098 769 catalogo,
3128 697 3273 753 facta
3292 697 3565 753 oblatione
3589 713 3705 751 non
3720 714 3868 753 com-

2289 792 2664 857 municaverit,
2721 806 2942 847 causam
2972 790 3159 854 dicat,
3203 798 3311 844 etc.
3348 808 3366 841 ι
3403 789 3556 844 Tunc
3613 792 3871 859 temporis

2290 900 2398 939 non
2424 883 2596 939 solum
2626 883 2945 953 presbytero
2974 896 3079 935 non
3109 880 3305 934 licebat
3328 878 3522 934 missas
3567 880 3867 941 celebrare,

2291 976 2384 1031 sed
2412 990 2513 1031 nec
2554 976 2721 1055 etiam
2769 974 2985 1028 caeteris
3027 972 3274 1027 ﬁdelibus
3297 972 3489 1027 adesse
3512 972 3723 1028 divinis
3758 991 3870 1046 my-

2290 1065 2493 1129 steriis,
2541 1064 2643 1117 nisi
2694 1062 2894 1117 vellent
2937 1060 3372 1116 communionem
3419 1060 3696 1128 accipere.
3751 1062 3869 1117 Vide

2293 1166 2537 1211 sanctum
2564 1155 2890 1227 Cyprianum
2919 1153 2988 1208 de
3024 1152 3282 1209 Oratione
3326 1150 3650 1215 Dominica;
3696 1167 3813 1206 can.
3836 1153 3869 1207 9

2292 1251 2571 1305 (lenonum
2587 1246 2687 1301 sub
2698 1249 2917 1300 nomine
2930 1241 3298 1312 apostolorum
3320 1258 3336 1307 ;
3363 1242 3559 1296 concil.
3590 1242 3869 1297 Antioche-

2292 1355 2443 1403 num,
2496 1352 2617 1393 can.
2647 1336 2721 1402 2;
2750 1334 2945 1390 concil.
2990 1332 3262 1398 Toletan.,
3306 1346 3431 1387 can.
3465 1330 3575 1384 l3:
3615 1351 3637 1381 «ι
3676 1330 3752 1386 De
3795 1333 3871 1386 his

2293 1430 2386 1501 qui
2426 1429 2633 1483 intrant
2678 1426 2731 1483 itt
2778 1425 3069 1481 ecclesiam
3111 1430 3167 1477 et
3208 1421 3691 1492 deprehenduntur
3747 1438 3869 1476 nun-

2292 1534 2454 1591 quam
2494 1514 2896 1573 communicare
2928 1554 2942 1578 ,
2971 1514 3389 1572 admoneamur,
3435 1518 3497 1564 ut
3531 1510 3577 1563 si
3607 1525 3867 1565 nonestn-

2294 1613 2571 1667 municant
2600 1651 2615 1676 ,
2653 1611 2718 1665 ad
2749 1609 3121 1678 paenitentiam
3144 1606 3410 1663 accedant
3439 1622 3459 1671 ;
3500 1606 3546 1659 si
3582 1607 3867 1660 communi-

2296 1711 2439 1766 cant,
2468 1717 2575 1757 non
2599 1700 3135 1770 superabstineantur
3160 1714 3176 1762 ;
3204 1697 3250 1751 si
3278 1711 3385 1750 non
3416 1693 3691 1760 fecerint,
3721 1696 3868 1749 absti-

620 1792 675 1846 δη
709 1791 815 1845 “ne
853 1787 1091 1859 epimph'
1140 1781 1374 1837 Fabio“
1419 1778 1489 1834 ad
1513 1778 1788 1832 0633mm
1820 1790 1836 1838 ἒ
1874 1782 1930 1827 ⁸⁸
1978 1771 2032 1824 in
2086 1770 2192 1829 ﬁne
2226 1781 2270 1841 Β
2300 1804 2551 1849 neantur.
2574 1813 2592 1845 ι
2621 1791 2849 1859 Quidam
2881 1791 2981 1845 bos
3007 1802 3243 1844 canones
3266 1787 3706 1857 interpretantur
3726 1786 3869 1841 deiis

618 1883 758 1940 Vita:
790 1868 940 1935 Pauli
970 1875 1223 1933 Eremitae
1251 1890 1266 1940 ;
1290 1870 1578 1928 concilium
1612 1866 1953 1923 Valentinum
1982 1879 2033 1917 c.
2061 1860 2117 1925 4,
2142 1866 2199 1913 et

620 1977 909 2035 concilium
938 1970 1328 2027 Aurelianense
1350 1983 1414 2031 tt,
1435 1980 1486 2019 c.
1519 1962 1572 2017 6.

695 2088 835 2142 Licet
850 2082 1133 2153 Dionysius
1155 2076 1470 2148 Areopagita
1491 2073 1653 2127 dicat.
1686 2068 1891 2145 Sensus
1906 2064 2198 2120 verborum

627 2177 897 2246 colligitur
929 2189 998 2228 ex
1052 2187 1170 2241 cap.
1202 2169 1233 2222 7
1268 2165 1476 2222 Eccles.
1508 2159 1856 2216 Hierarchizc.
1889 2154 2041 2222 Quod
2073 2153 2199 2207 licet

623 2243 942 2322 Theodorus
970 2262 1104 2317 citet
1150 2259 1251 2314 sub
1275 2254 1495 2311 nomine
1544 2247 1785 2320 Dionysii
1836 2243 2195 2315 AreOpagitze,

622 2363 804 2409 utrum
833 2351 1001 2424 ipsius
1032 2364 1153 2404 esse
1181 2343 1477 2407 censuerit,
1506 2339 1703 2395 merito
1730 2336 1853 2407 quis
1879 2334 2194 2396 dubitaret;

622 2448 819 2522 quippe
837 2459 959 2501 cum
983 2442 1138 2499 istius
1165 2436 1405 2494 auctoris
1431 2430 1668 2505 opinioni
1698 2426 1954 2500 praeferat
1978 2432 2199 2479 senten-

623 2518 758 2596 tiam
783 2537 954 2595 sancti
979 2531 1281 2605 Augustini.
1324 2526 1597 2597 Quidquid
1624 2525 1714 2587 sit,
1761 2522 1815 2577 hi
1844 2521 1965 2575 libri
2009 2518 2198 2574 statim

623 2641 786 2701 atque
834 2626 1190 2700 prodierunt,
1241 2619 1520 2677 catholicis
1564 2632 1595 2671 a
1648 2612 1961 2670 Severianis
2000 2608 2199 2679 objecti

623 2696 769 2786 sunt,
800 2696 855 2775 et
873 2736 903 2773 a
924 2715 1205 2773 catholicis
1230 2720 1294 2768 nt
1312 2710 1411 2765 toti
1439 2702 1748 2776 antiquitati
1779 2715 2004 2772 prorsus
2030 2696 2200 2767 ignoti

623 2818 831 2890 pariter
843 2821 968 2869 sunt
982 2809 1167 2882 reiecti
1200 2824 1213 2861 :
1248 2807 1390 2865 sicut
1412 2808 1559 2872 patet
1571 2814 1639 2853 ex
1653 2795 1942 2852 collatione
1965 2787 2199 2847 catholi-

624 2882 811 2965 corum
829 2919 950 2960 cum
977 2897 1285 2956 Severianis
1311 2893 1491 2949 habita
1512 2882 1976 2953 Constantinopoli
1996 2889 2203 2949 tempo-

622 2991 982 3053 reJustiniani
1004 2983 1377 3058 imperatoris:
1409 3000 1427 3033 ι
1459 2981 1556 3035 llla
1572 2974 1900 3035 testimonia,
1922 2969 2198 3039 inquiunt,

627 3094 749 3155 Quae
774 3097 869 3136 vos
897 3056 1138 3148 Dionysii
1187 3070 1526 3142 Areopagitae
1566 3066 1764 3129 dicitis,
1807 3062 1947 3115 unde
1973 3056 2203 3128 potestis

2297 1887 2388 1957 qui
2422 1895 2572 1941 certa
2592 1884 2659 1938 de
2689 1896 2873 1945 causa,
2902 1879 3161 1934 nimirum
3180 1878 3250 1933 ob
3277 1877 3519 1947 aliquam
3546 1877 3868 1946 superstitio-

2296 1991 2420 2031 nem
2444 1982 2537 2028 aut
2561 1986 2781 2043 pravam
2831 1969 3146 2039 opinionem
3176 2006 3192 2032 ,
3220 1973 3687 2020 sacramentorum
3729 1978 3864 2017 com-

2299 2068 2607 2124 munionem
2637 2063 3047 2119 aversabantur.
3075 2060 3181 2115 Sed
3208 2060 3389 2115 omnis
3414 2057 3705 2128 etquidem
3755 2058 3864 2113 dis—

2301 2158 2581 2215 tinctionis
2607 2155 2801 2210 umbra
2846 2152 3149 2223 dispellitur
3182 2168 3212 2205 a
3233 2148 3441 2205 Joanne
3464 2150 3850 2219 Chrysostomo,

2297 2250 2391 2320 qui
2418 2248 2495 2310 ita
2519 2246 2757 2316 loquitur
2777 2245 2832 2299 in
2859 2242 3079 2299 homilia
3096 2244 3133 2297 5
3157 2240 3415 2311 Epistola:
3436 2240 3578 2295 Pauli
3602 2241 3672 2293 ad
3687 2240 3853 2310 Ephe-

2299 2339 2408 2394 sios
2433 2353 2554 2407 cap.
2587 2352 2623 2392 tt
2654 2354 2665 2389 :
2704 2354 2721 2386 ι
2758 2332 2874 2389 Non
2903 2349 2966 2389 es
2985 2334 3177 2404 dignus
3197 2331 3469 2387 sacriﬁcio
3493 2372 3510 2396 ,
3543 2345 3714 2399 neque
3737 2345 3860 2399 par-=

2299 2429 2611 2499 ticipatione
2631 2428 2654 2481 ?
2678 2427 2822 2498 Ergo
2854 2440 2953 2480 nec
2991 2437 3171 2494 prece.
3197 2422 3369 2476 Audis
3394 2435 3702 2492 praconem
3719 2428 3861 2474 stan-

2299 2530 2409 2575 tem
2438 2528 2495 2574 et
2529 2519 2795 2575 dicentem
2825 2535 2840 2570 :
2868 2515 3185 2583 Quicunque
3231 2513 3365 2567 estis
3393 2512 3448 2566 in
3497 2510 3812 2580 paenitentia
3835 2549 3851 2572 ,

2296 2612 2459 2666 abite.
2488 2608 2687 2665 Omnes
2718 2608 2810 2677 qui
2839 2621 2947 2661 non
2984 2604 3333 2676 participant,
3356 2611 3486 2657 sunt
3527 2602 3583 2655 in
3612 2600 3860 2670 peniten-

2299 2703 2396 2756 tia.
2423 2699 2556 2755 Nam
2583 2699 2676 2764 qui
2707 2715 2813 2755 non
2842 2698 3149 2768 participat,
3176 2704 3260 2751 est
3281 2695 3335 2750 in
3368 2694 3717 2764 ptenitentia.
3751 2711 3769 2744 ι

2931 2832 3159 2889 CAPUT
3188 2832 3275 2887 Vl.

2515 2950 2592 3004 De
2619 2949 2912 3014 abbatibus,
2939 2948 3208 3005 monachis
3241 2946 3317 3002 vel
3341 2946 3704 3005 monasteriis.

2375 3064 2718 3135 Congregatio
2744 3062 2888 3117 debet
2921 3063 3021 3117 sibi
3059 3061 3247 3131 eligere
3288 3060 3553 3114 abbatem.
3598 3057 3873 3129 Gregoritﬁ

628 3123 749 3155 qn...
784 3123 869 3136 ,νυ
898 3123 1138 3148 ωηεν--
1187 3123 1434 3142 --τητκυ
1752 3123 1761 3129 ⁷
1976 3123 1990 3128 _

628 3171 916 3229 ostendere
947 3182 1072 3222 vera
1096 3178 1237 3228 esse,
1259 3162 1402 3217 sicut
1421 3152 1772 3226 suSpicamini
1804 3168 1817 3204 :
1844 3149 1889 3205 si
1912 3147 2056 3202 enim
2081 3145 2199 3215 ejus
2230 3123 2275 3186 (ἶ
2308 3159 2357 3223 ι,
2388 3123 2528 3213 ιίιπξ,
2548 3123 2635 3221 ις,
2655 3155 2814 3224 epist.
2843 3154 2949 3209 43:
2983 3123 3274 3208 ‘Abbznem
3309 3166 3441 3205 vero
3482 3151 3663 3205 eidem
3700 3123 3871 3204 ὡ

627 3275 806 3332 erant,
826 3280 933 3320 non
963 3260 1264 3332 patuissent
1300 3255 1471 3309 latere
1495 3251 1713 3305 beatum
1744 3242 2026 3315 Cyrillum.
2057 3238 2198 3306 Quid

627 3370 808 3417 autem
842 3356 909 3412 de
929 3355 1086 3409 beato
1114 3348 1314 3421 (lyrillo
1339 3343 1493 3401 dico?
1517 3339 1732 3412 quando
1757 3346 1813 3393 et
1830 3337 2022 3391 beatus
2040 3332 2204 3385 Atha-

629 3453 812 3508 nasius
836 3449 883 3505 si
906 3461 1006 3517 pro
1030 3449 1181 3498 certo
1202 3438 1395 3495 scisset
1420 3432 1539 3502 ejus
1566 3431 1754 3493 fuisse,
1789 3434 1913 3481 ante
1933 3421 2116 3481 omnia
2148 3421 2203 3474 in

626 3544 843 3601 Niceno
869 3512 1099 3594 concilio
1119 3532 1185 3588 de
1229 3521 1675 3585 consubstantiali
1718 3517 1985 3574 'l‘rinitate
2012 3512 2204 3568 eadem

627 3632 937 3695 testimonia
983 3624 1303 3699 protulisset
1336 3618 1596 3673 adversus
1639 3612 1755 3666 Arii
1800 3609 2027 3665 diversa:
2073 3602 2205 3659 sub-

630 3729 844 3788 stantia:
869 3698 1250 3790 blasphetuias.
1276 3712 1335 3767 Si
1363 3719 1543 3767 autem
1563 3705 1742 3761 nullus
1764 3718 1828 3759 ex
1860 3698 2098 3769 antiquis
2118 3711 2206 3752 re-

629 3822 890 3878 cordatus
930 3822 1014 3871 est
1047 3829 1129 3875 ea,
1178 3807 1322 3864 unde
1351 3821 1493 3862 nunc
1516 3801 1743 3875 putastis
1768 3796 2054 3853 ostendere
2078 3792 2205 3862 quia

633 3912 777 3966 illius
808 3909 939 3971 sint,
986 3904 1191 3960 nescio.
1226 3920 1244 3953 ι
1282 3897 1418 3955 Vide
1462 3897 1660 3951 librum
1707 3889 1933 3946 Joannis
1957 3885 2205 3950 Launoii,

635 4003 871 4060 doctoris
893 3995 1216 4054 Parisiensis
1239 3990 1559 4055 doctissimi,
1582 3989 1649 4044 de
1677 3984 1886 4042 duobus
1912 3979 2204 4051 Dionysiis.

706 4100 1029 4171 Augustinus
1072 4106 1246 4150 tamen
1292 4093 1417 4147 dicit
1462 4107 1555 4161 pro
1606 4087 1844 4142 omnibus
1871 4079 2205 4139 Christianis.

637 4197 800 4251 Libro
821 4193 887 4248 de
907 4191 1046 4246 Cura
1062 4202 1161 4260 pro
1177 4184 1403 4257 mortuis
1424 4180 1679 4253 gerenda,
1696 4194 1814 4248 cap.
1839 4176 1872 4229 4
1901 4189 1915 4229 :
1952 4192 1971 4224 ι
2008 4173 2209 4227 Vemm

637 4290 738 4344 etsi
771 4287 947 4357 aliqua
975 4281 1271 4339 necessitas
1299 4277 1384 4332 vel
1429 4272 1640 4331 humari
1668 4284 1913 4341 corpora,
1938 4266 2021 4320 vel
2036 4264 2101 4318 in
2133 4272 2213 4317 ta-

640 4380 779 4436 libus
814 4377 950 4431 locis
989 4372 1221 4436 humari,
1260 4368 1405 4424 nulla
1448 4366 1573 4421 data
1605 4361 1880 4425 facultate,
1907 4357 2208 4428 permittat,

641 4491 749 4529 non
789 4480 918 4527 sunt
966 4464 1443 4542 prietermittendae
1496 4457 1918 4531 supplicationes
1954 4464 2055 4522 pro
2103 4446 2212 4517 spi-
2241 4489 2287 4548 Β

644 4566 844 4621 ritibus
881 4572 1221 4619 mortuorum
1256 4577 1267 4612 :
1299 4572 1433 4627 quas
1488 4551 1763 4609 faciendas
1817 4561 1917 4618 pro
1964 4541 2215 4599 omnibus

641 4661 695 4715 itt
724 4658 1031 4714 Christiana
1057 4663 1112 4709 et
1136 4652 1403 4708 catholica
1444 4648 1701 4704 societate
1740 4638 2030 4701 defunctis,
2052 4636 2217 4691 etiam

643 4752 822 4806 tacitis
851 4748 1179 4809 nominibus,
1208 4751 1649 4813 quorumcunquc
1676 4735 1777 4789 sub
1811 4726 2049 4802 generali
2073 4739 2219 4780 com-

644 4841 1034 4899 memoratione
1097 4835 1331 4905 suscepit
1394 4830 1653 4887 Ecclesia.
1719 4824 1885 4891 Cujus
1948 4821 2024 4874 rei
2083 4817 2221 4871 ratio

645 4938 763 4993 erui
805 4943 981 5007 potest
1028 4948 1091 4987 ex
1141 4946 1206 4985 eo
1233 4927 1374 4997 quod
1427 4922 1555 4979 alibi
1588 4922 1719 4976 dicit
1762 4923 1983 4972 sanctus
2041 4911 2223 4980 Augu-

648 5003 823 5084 stinus
846 5028 898 5081 in
926 5026 1064 5079 libro
1087 5023 1152 5077 de
1187 5018 1419 5073 Civitate
1468 5013 1565 5069 Del
1593 5010 1660 5065 ad
1706 5003 2079 5061 Marcellinum
2105 5012 2221 5062 XXI,

651 5136 769 5189 cap.
801 5119 870 5173 27
897 5136 908 5171 :
946 5135 963 5167 ι
999 5114 1153 5183 Quis,
1180 5109 1376 5179 inquit,
1412 5105 1513 5160 iste
1543 5102 1615 5157 sit
1634 5099 1846 5162 modus,
1872 5103 1928 5150 et
1954 5104 2075 5163 quae
2115 5089 2225 5145 sint

650 5178 765 5282 ipsa
823 5178 1043 5280 peccata
1091 5218 1213 5274 qua:
1236 5178 1311 5255 ita
1364 5192 1662 5265 impediunt
1711 5185 2115 5260 perventionem
2153 5178 2222 5233 ad

654 5314 878 5370 regnum
909 5296 1026 5361 Dei,
1059 5303 1119 5347 ut
1140 5301 1319 5346 tamen
1357 5291 1668 5339 sanctorum
1690 5279 1985 5333 amicorum
2016 5269 2225 5326 meritis

653 5361 945 5463 impetrent
994 5380 1382 5452 indulgentiam
1411 5417 1426 5442 ,
1456 5371 1826 5431 difﬁcillimum
1851 5374 1933 5422 est
1962 5361 2223 5425 invenire,

654 5452 1169 5554 periculosissimum
1198 5468 1443 5525 deﬁnire.
1498 5464 1608 5534 Ego
1638 5469 1784 5517 certe
1826 5470 1994 5527 usque
2018 5452 2084 5507 ad
2127 5452 2228 5505 hoc

644 5584 871 5646 tempus
907 5582 1030 5626 cum
1094 5563 1216 5620 inde
1250 5568 1570 5632 satagerem,
1592 5555 1660 5610 ad
1699 5567 1884 5609 eorum
1924 5544 2227 5614 indaginem

657 5661 946 5739 pervenire
965 5673 1077 5724 non
1105 5654 1276 5725 potui.
1313 5672 1332 5705 ι

732 5750 1239 5810 Etaonestiiritnm
1270 5743 1453 5802 missas
1501 5743 1758 5798 celebrare
1790 5737 2105 5803 vresbatero,
2154 5729 2230 5785 re!
2331 5723 2484 5794 plura
2532 5714 2892 5784 manuscripta

2304 3248 2489 3311 sterio,
2521 3261 2627 3300 non
2667 3245 2853 3307 alium,
2884 3242 2978 3297 sed
3005 3254 3165 3310 quem
3192 3240 3416 3311 dignum
3456 3240 3707 3293 moribus
3732 3247 3874 3305 atque

2302 3342 2513 3397 actibus
2524 3338 2833 3393 monasticae
2856 3332 3150 3403 disciplima
3160 3331 3431 3387 communi
3460 3345 3735 3385 consensa
3751 3340 3869 3381 eon-

2301 3430 2539 3504 grcgatio
2577 3439 2688 3485 tota
2726 3425 3050 3498 poposcerit,
3088 3432 3140 3478 te
3181 3422 3429 3477 volumus
3468 3422 3787 3475 ordinat-ea
3814 3417 3874 3471 Et

2302 3524 2397 3579 lib.
2416 3539 2513 3588 vn,
2536 3519 2776 3592 epist.18
2802 3536 2814 3571 :
2843 3536 2861 3567 ι
2885 3514 3150 3570 Defuncto
3188 3528 3317 3567 vero
3362 3511 3563 3566 abbate.
3608 3510 3893 3579 cujum

2302 3631 2408 3686 que
2435 3609 3015 3683 congregationis,non
3059 3612 3371 3665 extraneas,
3420 3602 3525 3656 nisi
3579 3602 3650 3655 de
3702 3600 3876 3654 eadem

2304 3704 2733 3765 conversatione,
2762 3711 2921 3770 quem
2952 3697 3054 3751 sibi
3092 3694 3311 3763 propria
3343 3692 3625 3746 voluntate
3664 3701 3883 3744 concors

2305 3799 2533 3853 fratrum
2559 3794 2789 3851 societas
2815 3788 3065 3859 elegerit,
3096 3795 3152 3841 et
3180 3786 3274 3856 qui
3306 3784 3514 3840 electus
3550 3780 3745 3843 fuerit,
3782 3780 3883 3832 sine

2306 3890 2430 3945 dolo
2454 3887 2541 3941 vel
2565 3883 2856 3940 venalitatc
2895 3880 3072 3949 aliqua
3107 3877 3391 3932 ordinetur
3419 3890 3433 3937 ;
3462 3872 3610 3943 quod
3641 3872 3689 3925 si
3715 3878 3881 3940 aptam

2309 3983 2450 4037 inter
2476 3994 2533 4035 se
2560 3990 2846 4048 personam
2872 3971 3114 4028 invenire
3154 3966 3519 4037 nequiverint,
3554 3962 3795 4018 solerter
3828 3960 3885 4012 de

2306 4072 2424 4127 aliis
2446 4066 2789 4125 monasteriis
2815 4064 2919 4119 sibi
2940 4058 3190 4117 similiter
3210 4058 3409 4126 eligant
3449 4054 3842 4109 ordinandum.
3864 4066 3881 4099 ι

2309 4164 2441 4221 Vide
2473 4166 2717 4217 convent.
2746 4156 3071 4226 Aquisgran.
3104 4167 3154 4207 c.
3188 4149 3277 4203 52.
3317 4146 3473 4214 Quod
3512 4145 3654 4199 idem
3700 4156 3889 4212 prm-

2311 4259 2455 4330 pisse
2482 4253 2813 4310 Lud0vicum
2842 4249 2994 4304 Pium
3017 4245 3263 4300 referunt
3292 4237 3559 4296 chartula:
3581 4231 3889 4291 monasterii

2308 4347 2684 4410 Piscaricnsis,
2731 4344 2845 4399 sive
2886 4338 3118 4396 abbatim
3153 4336 3211 4391 S.
3242 4332 3563 4391 Clementis,
3591 4344 3718 4399 qua:
3764 4339 3893 4381 nunc

2313 4448 2599 4499 servantur
2644 4437 2699 4491 in
2746 4433 3071 4489 billiotheca
3122 4429 3326 4498 Regia:
3363 4423 3715 4493 «imperator
3778 4418 3895 4473 fecit

2318 4539 2646 4605 praeceptum
2677 4540 2838 4596 super
2859 4523 3071 4577 abbatis
3110 4519 3394 4579 rlectione,
3430 4524 3493 4569 ut
3526 4530 3636 4568 non
3672 4512 3896 4579 eligatur

2321 4627 2387 4680 de
2423 4632 2678 4677 extranea
2720 4612 3172 4685 congregatione:
3210 4608 3305 4663 sed
3341 4605 3781 4675 quotiescunque
3812 4596 3893 4668 qui

2318 4721 2516 4788 prmest
2539 4712 2704 4765 abbas
2718 4704 2934 4769 obierit,
2950 4702 3183 4756 habeant
3198 4698 3394 4753 fratres
3405 4694 3691 4751 licentiam
3713 4707 3781 4745 ex
3807 4705 3893 4744 sua

2320 4780 2537 4878 pmpria
2587 4796 3002 4871 congregatione
3032 4793 3153 4859 elig.
3175 4789 3265 4844 ndi
3317 4788 3596 4841 abbatem.
3618 4783 3779 4850 Quod
3813 4780 3893 4849 qui

2322 4875 2694 4965 transgressus
2712 4887 2890 4949 fuerit,
2910 4886 3042 4940 sciat
3067 4898 3124 4937 se
3152 4894 3256 4937 non
3285 4886 3580 4949 pastorem,
3606 4876 3707 4930 sed
3726 4875 3898 4943 lupum

2324 5001 2543 5060 ponere,
2573 4992 2629 5039 et
2664 4983 2719 5038 in
2743 4987 2987 5036 extremo
3022 4974 3226 5045 judicio
3274 4985 3491 5043 poenam
3540 4976 3897 5040 praeparatam

2325 5080 2543 5136 habere.
2752 5064 2759 5073 ’

2400 5167 2524 5221 Non
2566 5164 2685 5218 licet
2722 5160 2898 5215 abbati
2944 5174 3107 5230 neque
3157 5157 3398 5227 episcopo
3443 5161 3645 5206 terram
3678 5145 3902 5203 κριθεὶς

2324 5271 2633 5317 convertere.
2657 5254 2769 5309 Nisi
2794 5268 2916 5307 cum
2944 5249 3171 5305 consilio
3203 5247 3454 5308 fratrum,
3484 5251 3545 5296 ut
3577 5241 3719 5296 intra
3742 5239 3898 5294 addit.

2325 5356 2476 5424 Quod
2504 5354 2642 5407 idem
2669 5349 2734 5403 de
2754 5346 2909 5402 bonis
2939 5342 3192 5399 Ecclesite
3214 5337 3583 5410 prtescribitur
3607 5337 3661 5390 in
3684 5331 3903 5389 concilio

2324 5441 2731 5513 Carthaginensi
2771 5453 2844 5503 tv,
2878 5443 2970 5491 aut
3009 5435 3188 5505 potius
3223 5430 3441 5486 statutis
3479 5426 3741 5483 Ecclesia:
3769 5423 3903 5479 anti-

2327 5538 2469 5608 quis.
2499 5535 2598 5588 llic
2633 5531 2777 5587 enim
2816 5536 2898 5582 est
2928 5524 3117 5579 titulus
3144 5537 3307 5592 quem
3327 5519 3686 5591 przcsefertmt
3703 5514 3905 5571 codices

2328 5622 2733 5686 Ccmblacensis
2787 5615 3040 5683 cmnobii,
3076 5614 3133 5670 S.
3167 5612 3402 5668 Bavonis
3434 5605 3489 5664 in
3532 5607 3813 5670 Gandavo,
3859 5610 3906 5656 et

2932 5701 3152 5780 optimae
3192 5712 3353 5761 notae.
3404 5703 3495 5759 Sic
3517 5711 3701 5756 autem
3750 5696 3904 5754 habet
