4060 6350
201 398 344 455 H37

1344 385 1916 444 OBSERV’ATIONES
1952 389 2037 444 ΕΤ
2080 387 2307 444 NOTAE.

3337 387 3472 443 1153

193 525 320 563 can.
349 506 454 560 52:
487 501 677 558 «Irrita
727 500 944 568 donatio
990 498 1384 568 episcoporum,
1421 499 1503 553 vel
1529 499 1784 563 venditio,
1818 513 1864 572 Α
1892 516 2194 564 consensu;
2226 509 2280 555 et
2307 499 2536 554 fortasse
2567 514 2755 553 servus
2785 498 2899 553 sine
2940 515 3206 554 consensu
3256 501 3340 554 sui
3375 502 3473 556 do-

193 597 282 651 vel
305 592 653 649 commutatio
693 592 769 643 rei
802 589 1179 644 ecclesiastica:
1215 589 1419 658 absque
1452 589 1795 641 conniventia

193 697 253 742 et
289 683 683 752 subscriptione
701 680 1041 734 clericorurn.
1075 699 1092 728 ι
1114 679 1244 732 Vide
1257 678 1542 747 epistolam
1569 679 1600 732 8
1629 677 1794 738 Hilari

194 791 350 847 papa:
365 774 432 827 ad
470 773 748 842 episcopos
785 771 1119 825 diversarum
1159 769 1558 839 provinciarum
1587 768 1790 832 Gallim,

194 883 298 936 cap
353 865 416 929 5;
445 879 596 919 conc.
629 862 958 932 Agathense,
978 876 1099 915 can.
1118 859 1208 925 43,
1228 869 1283 913 et
1303 859 1496 914 concil.
1515 858 1797 912 l‘lerutfor-

196 958 386 1012 diense
402 957 454 1008 in
467 969 571 1023 quo
587 953 906 1022 praesidebat
919 949 1584 1021 Theodorus,can.5,apud
1597 948 1795 1003 Bedam

195 1037 296 1104 lib.
330 1063 404 1108 iv,
437 1062 556 1116 cap.
581 1047 633 1100 5.
662 1044 792 1110 Quae
834 1043 1097 1098 deﬁniunt
1135 1051 1333 1096 statuta
1365 1041 1621 1096 Ecclesia:
1659 1040 1798 1093 anti-

194 1160 310 1212 qua
340 1143 405 1196 de
434 1141 589 1195 bonis
621 1138 894 1204 Ecclesia},
919 1137 1111 1191 eadem
1160 1137 1226 1189 de
1266 1135 1500 1189 ueteris.
1545 1133 1681 1187 Nam
1719 1132 1797 1186 si-

196 1239 303 1294 cut
323 1235 500 1288 clerus
525 1231 658 1284 nihil
685 1231 976 1299 quidquam
1006 1229 1162 1283 debet
1195 1243 1352 1298 agerc
1381 1228 1498 1281 sine
1518 1227 1792 1294 episcopo,

197 1328 278 1382 ita
318 1327 603 1395 episcopus
645 1322 775 1376 nihil
815 1322 1007 1393 agebat
1034 1321 1150 1374 sine
1181 1320 1345 1384 clero,
1377 1320 1510 1374 adeo
1546 1327 1606 1372 ut
1639 1319 1796 1372 irrita
1839 1371 1842 1373 Α

195 1425 348 1473 esset
392 1415 658 1470 sententia
694 1411 948 1482 episcopi,
997 1411 1097 1465 nisi
1148 1411 1466 1465 clericorum
1511 1409 1798 1478 priesentia

196 1509 638 1568 confirmaretur,
689 1503 845 1573 juxta
889 1504 1076 1558 eadem
1123 1510 1322 1557 statuta
1362 1501 1620 1556 Ecclesia:
1657 1499 1796 1552 anti-

197 1617 330 1670 qua,
368 1616 491 1655 can.
533 1597 615 1651 li.

276 1691 405 1746 Non
438 1691 555 1743 licet
585 1689 706 1743 viris
737 1687 957 1756 feminas
979 1686 1166 1739 habere
1189 1683 1492 1738 monachus.
1520 1682 1672 1748 Quod
1696 1683 1797 1736 fre-

197 1783 562 1852 quentissime
602 1781 994 1851 prohibuerunt
1036 1780 1225 1833 Patres
1264 1778 1379 1832 sive
1414 1778 1466 1831 in
1503 1776 1617 1830 suis
1657 1774 1798 1829 scri-

1899 592 2051 657 mini,
2081 608 2180 646 nec
2213 600 2387 660 potest
2416 589 2619 659 aliquid
2647 605 2844 644 vovere
2883 589 2936 642 in
2968 589 3338 659 pra‘jndicium
3376 592 3475 645 do-

1895 686 2027 740 mini
2041 686 2141 740 sui.
2161 687 2201 739 Τ
2205 702 2364 740 amen
2388 683 2641 755 qumlibet
2664 685 2788 739 talis
2813 699 3042 753 persona
3069 683 3288 753 aliquod
3313 700 3479 739 mem-

1897 776 2053 830 brum
2083 777 2243 830 habet
2279 776 2577 845 proprium,
2603 775 2746 843 quod
2787 775 2904 829 sine
2944 775 3175 828 aliorum
3212 791 3479 831 consensu

1897 876 2074 937 potest
2098 881 2331 922 vovere:
2379 876 2440 920 ut
2479 867 2672 920 mulier
2718 875 2898 935 potest
2937 883 3134 922 vovere
3183 869 3328 936 quod
3376 883 3482 922 non

1895 956 2125 1025 exigeta
2153 957 2268 1010 viro
2298 972 2396 1012 suo
2426 956 2700 1021 debitum;
2729 958 2774 1012 si
2797 967 2976 1011 autem
3015 958 3270 1028 qumlibet
3305 957 3480 1012 dicta-

1899 1064 2018 1102 rnm
2043 1064 2396 1116 personarum
2429 1051 2510 1104 vel
2540 1050 2799 1104 similium
2836 1053 2900 1105 de
2925 1066 3190 1107 consensu
3222 1052 3304 1105 sui
3329 1069 3485 1122 snpe-

1901 1140 2060 1193 rioris
2089 1139 2290 1208 aliquid
2318 1141 2546 1204 voverit,
2591 1142 2680 1195 ille
2715 1143 2964 1211 superior
3001 1143 3210 1198 ratione
3244 1144 3485 1212 inspecta

1900 1229 2031 1284 illud
2071 1240 2250 1284 votum
2287 1240 2465 1302 potest
2502 1248 2796 1294 revocare;
2829 1243 2886 1288 ut
2914 1235 2958 1289 si
2984 1235 3050 1289 de
3073 1251 3336 1290 remenso
3383 1237 3488 1290 viri

1878 1322 2046 1376 vovit
2073 1321 2275 1392 aliquid
2311 1323 2524 1388 mulier,
2556 1325 2640 1377 vir
2659 1334 2836 1394 potest
2860 1327 3067 1380 ratione
3095 1327 3334 1396 inspecta
3357 1327 3489 1380 illud

1901 1421 2080 1467 votum
2113 1430 2388 1479 revocare,
2413 1427 2467 1469 et
2497 1416 2585 1469 illa
2617 1425 2828 1471 tenetur
2855 1419 3094 1473 obedire.
3130 1418 3276 1473 Idem
3308 1427 3391 1472 est
3422 1418 3478 1472 in

1898 1504 2165 1558 monacho
2193 1513 2247 1558 et
2271 1505 2463 1560 abbate
2493 1521 2611 1570 suo,
2644 1508 2710 1561 de
2736 1508 2856 1562 aliis
2883 1525 2986 1563 non
3017 1510 3087 1562 ita
3120 1517 3350 1563 constat.

1969 1593 2037 1647 lu
2064 1593 2302 1648 libertate
2319 1612 2523 1664 quoque
2543 1599 2848 1651 monasterii
2876 1609 2948 1652 est
2973 1597 3184 1653 lavandi
3212 1599 3363 1668 pedes
3389 1598 3491 1651 lai-

1898 1701 2117 1748 corum;
2147 1686 2251 1740 nisi
2278 1687 2330 1739 in
2355 1677 2513 1740 Cwua
2545 1687 2756 1741 Domini
2787 1707 2890 1742 non
2918 1689 3290 1760 coguntur..Et
3317 1689 3486 1745 infra:

1898 1775 2237 1832 Consuetudo
2269 1778 2623 1834 Romanorum
2663 1801 2765 1836 non
2795 1793 2868 1837 est
2898 1783 3009 1837 Im'c
3038 1783 3231 1838 lavatio
3275 1785 3485 1855 pedum.

199 1875 337 1943 ptis,
361 1873 476 1926 sive
497 1873 550 1926 in
576 1872 812 1926 decretis
825 1869 1397 1934 conciliorumﬂnare
1413 1868 1599 1925 dicunt
1615 1866 1801 1920 Patres
1839 1871 1881 1928 Β
1911 1871 2145 1925 Sanctus
2172 1870 2504 1941 Augustinus
2540 1875 2759 1943 exponit
2790 1892 2886 1928 cur
2916 1876 3003 1929 alii
3035 1876 3173 1931 hanc
3205 1888 3492 1957 consuetu-

201 1961 424 2020 eoncilii
449 1960 780 2030 Hispalensis
804 1975 863 2022 ιι,
891 1976 1011 2014 can.
1040 1959 1099 2011 ll
1134 1976 1146 2011 ;
1177 1978 1192 2008 ι
1222 1958 1378 2011 Absit
1397 1965 1455 2010 ut
1484 1955 1800 2017 monachos,

200 2059 350 2130 quod
372 2059 535 2114 etiam
557 2058 700 2112 dictu
730 2057 882 2111 nefas
909 2053 1224 2119 est,Christi
1240 2051 1540 2121 virginibus
1571 2049 1805 2112 lamilia-

202 2165 295 2204 res
321 2164 452 2203 esse.
497 2148 758 2202 velimus;
784 2147 878 2200 sed
899 2145 1052 2213 juxta
1102 2145 1243 2212 quod
1280 2141 1438 2210 ‘j-rssa
1477 2140 1789 2210 regularum

208 2238 297 2292 vel
318 2252 588 2292 canonum
605 2235 922 2296 admonent,
952 2233 1108 2302 longe
1133 2233 1398 2285 discretos
1426 2238 1586 2298 atque
1612 2228 1794 2298 sejun-

203 2339 344 2393 ctos,
364 2341 550 2385 eorum
574 2335 783 2382 tantum
808 2327 1023 2381 easdem
1047 2323 1427 2396 gubernaculis
1448 2322 1799 2390 deputamus;

206 2424 602 2480 constituentes
649 2430 707 2474 ut
757 2436 896 2474 unus
944 2417 1330 2473 monachorum
1384 2413 1801 2483 probatissin‘nts

208 2515 465 2585 eligatur,
495 2511 648 2580 cujus
665 2527 809 2565 curae
829 2511 920 2572 sit,
944 2517 1082 2563 etc.»
1113 2508 1180 2562 Et
1208 2507 1470 2576 Egbertus
1495 2505 1804 2558 Eboracen-

209 2605 286 2659 sis
298 2603 767 2672 archiepiscopus:
795 2619 814 2652 ι
840 2599 972 2663 lloc,
987 2599 1184 2666 inquit,
1202 2597 1374 2651 sancti
1387 2596 1576 2650 Patres
1593 2594 1795 2664 Augus-

217 2696 375 2759 tinus,
417 2693 800 2764 Hieronymus,
843 2690 1095 2753 Basilius,
1148 2688 1462 2758 Gregorius,
1517 2694 1572 2740 et
1617 2683 1801 2739 caueri

219 2801 377 2854 quam
400 2785 553 2838 multi
577 2783 766 2838 edictis
796 2784 908 2842 suis
930 2781 1342 2851 prohibuerunt.
1376 2801 1394 2831 ι

220 2922 228 2928 .
296 2871 488 2929 Tamen
516 2893 619 2928 non
660 2875 992 2928 destruamus
1025 2871 1156 2925 illud
1200 2871 1337 2940 quod
1369 2869 1690 2923 consuetudo
1723 2878 1798 2921 ea:

227 2967 279 3020 in
308 2966 408 3018 hac
441 2976 592 3019 terra.
637 2965 915 3031 Quomodo
950 2979 1012 3018 ea
1054 2962 1332 3016 tractanda
1377 2969 1502 3015 sunt
1542 2976 1663 3028 qua:
1702 2974 1804 3014 nec

223 3058 390 3125 recipi
428 3064 649 3125 possunt
681 3057 750 3111 ob
789 3053 1044 3110 Ecclesia:
1073 3053 1434 3113 sanctitatem,
1479 3065 1579 3105 nec
1618 3059 1800 3104 tamen

217 3157 495 3216 usurpatae
555 3147 959 3202 consuetudinis
1007 3161 1171 3200 causa
1229 3143 1497 3209 damnari,
1552 3143 1803 3212 pluribus

1903 1960 2088 2014 dinem
2119 1977 2223 2016 non
2258 1964 2577 2032 receperint,
2609 1974 2664 2018 et
2690 1965 2780 2018 alii
2801 1965 3138 2020 abstulerint.
3168 1969 3257 2023 Sic
3287 1985 3414 2025 veno
3437 1971 3490 2025 in

1907 2050 2132 2119 epistola
2168 2051 2292 2113 ll9,
2346 2068 2464 2122 cap.
2499 2054 2602 2108 l8:
2643 2073 2660 2105 ι
2696 2054 2771 2110 De
2807 2055 3047 2111 lavandis
3091 2072 3218 2111 vero
3244 2061 3493 2128 pedibus,

1908 2156 2036 2194 cum
2066 2142 2321 2196 Dominus
2354 2145 2454 2199 hoc
2482 2155 2706 2216 propter
2735 2146 2962 2202 formam
2995 2149 3338 2229 humilitatis,
3373 2171 3498 2224 pro-

1907 2241 2028 2301 pter
2056 2249 2217 2302 quam
2245 2234 2538 2288 docendam
2566 2247 2812 2304 venerat,
2844 2241 3322 2306 commendavcrit,
3355 2245 3494 2300 sicut

1909 2324 2020 2392 ipse
2061 2334 2451 2393 consequenter
2479 2329 2760 2398 exposuit:
2803 2331 3088 2399 quresitum
3131 2342 3212 2386 est
3254 2350 3489 2402 quonam

1907 2423 2150 2485 tempore
2175 2418 2510 2485 potissimum
2540 2434 2626 2473 res
2653 2430 2799 2474 tanta
2829 2422 2988 2475 etiam
3017 2422 3157 2478 facto
3183 2425 3490 2491 doceretur,

1905 2513 1961 2557 et
1988 2505 2118 2559 illud
2167 2515 2376 2576 tempus
2405 2520 2748 2574 occurreret,
2795 2527 2902 2581 quo
2951 2514 3065 2583 ipsa
3097 2517 3496 2572 commendatio

1909 2595 2212 2665 religiosius
2242 2597 2550 2654 inlnercret.
2583 2602 2687 2654 Sed
2709 2619 2775 2657 ne
2798 2604 2862 2656 ad
2892 2605 3067 2674 ipsum
3097 2617 3498 2664 sacramentum

1903 2687 2162 2757 baptismi
2185 2690 2458 2744 videretur
2488 2694 2778 2762 pertinere,
2813 2696 2963 2749 multi
2997 2697 3099 2752 hoc
3131 2699 3183 2752 in
3215 2709 3502 2754 consuetu-

1908 2779 2088 2835 dinem
2116 2783 2360 2852 recipere
2383 2785 2692 2840 uoluerunt.
2719 2786 2965 2843 Nonnulli
2992 2792 3155 2845 etiam
3182 2793 3246 2846 de
3269 2809 3498 2848 consue-

1907 2869 2092 2925 tudine
2122 2874 2333 2929 auferrc
2356 2893 2461 2930 non
2485 2877 2884 2934 dubitaverunt.
2919 2902 2934 2932 ι
2968 2883 3032 2936 Et
3057 2883 3109 2937 in
3144 2886 3494 2954 Expositione

1905 2963 1962 3016 in
1995 2964 2344 3035 Evangelium
2374 2967 2615 3038 Joannis,
2647 2979 2878 3026 tractatu
2909 2990 3040 3029 LVIII
3070 2995 3081 3028 :
3129 2996 3147 3026 ι
3182 2977 3336 3047 Apud
3367 2993 3496 3033 san«

1903 3063 2025 3109 ctos
2056 3057 2360 3126 ubicunque
2385 3059 2499 3114 lucc
2529 3063 2860 3116 consuetudo
2890 3079 2994 3117 non
3019 3075 3102 3120 est
3121 3106 3134 3130 ,
3169 3068 3312 3136 quod
3334 3084 3497 3122 manu

1907 3163 2016 3201 non
2048 3147 2267 3213 faciunt,
2308 3152 2471 3205 corde
2510 3152 2733 3208 faciunt.
2773 3175 2791 3206 ι
2830 3156 2996 3212 Vetus
3031 3169 3221 3214 auctor
3250 3160 3372 3215 libri
3401 3162 3501 3217 Sa-

215 3237 482 3304 cxemplis
515 3236 753 3290 declarat
774 3235 1062 3290 concilium
1087 3234 1449 3289 Valentinum.
1471 3252 1493 3284 ι
1517 3233 1801 3299 Quocirca,
1831 3218 1879 3280 C
1908 3246 2342 3304 cramentorum,
2372 3242 2511 3309 apud
2552 3241 2898 3297 Ambrosium
2941 3246 3079 3301 libro
3120 3265 3213 3310 ιιι,
3261 3267 3382 3320 cap.
3427 3253 3449 3305 i
3477 3295 3492 3316 ,

215 3333 277 3379 ut
312 3325 469 3379 aiunt
521 3326 710 3380 Patres
741 3327 792 3379 in
824 3324 1050 3394 epistola
1104 3324 1359 3394 synodica
1411 3323 1478 3376 ad
1526 3323 1807 3375 universos

218 3421 503 3489 episcopos
529 3419 844 3480 Galliarum,
885 3419 1081 3472 librato
1121 3417 1208 3470 diu
1251 3416 1636 3483 moderatoque
1677 3429 1807 3467 con-

217 3510 368 3576 silio,
396 3527 460 3566 ea
496 3511 718 3567 cautela:
755 3511 892 3568 ratio
932 3518 1142 3564 servata
1181 3517 1266 3562 cst
1301 3523 1424 3576 qua:
1459 3515 1516 3560 et
1551 3505 1804 3560 scandala

216 3605 590 3670 submoveret,
613 3613 666 3659 et
688 3603 1030 3658 sanctitatem
1063 3601 1320 3657 Ecclesia:
1347 3599 1666 3656 custodiret.
1708 3619 1724 3650 ι

297 3695 558 3749 Monacho
581 3712 680 3748 non
701 3695 819 3748 licet
839 3703 1010 3749 votum
1043 3711 1220 3748 vovere
1242 3695 1352 3747 sine
1373 3709 1627 3746 consensu
1649 3690 1810 3744 abba-

212 3785 321 3847 tis;
347 3784 429 3836 sin
452 3783 625 3836 minus
653 3782 1000 3852 frangendum
1023 3791 1118 3836 est.
1138 3782 1373 3836 Sanctus
1391 3781 1622 3835 Basilius
1651 3781 1810 3835 ratio-

215 3892 345 3931 nem
380 3876 586 3945 profert
613 3876 666 3928 in
696 3873 1184 3929 Constitutionibus
1211 3873 1548 3935 monasticis,
1570 3887 1688 3940 cap.
1717 3871 1808 3938 27,

213 3967 307 4020 bis
345 3966 556 4021 verbis:
586 3984 603 4016 ι
624 3964 956 4020 Potestatem
985 3979 1111 4019 vero
1141 3965 1222 4018 sui
1253 3964 1422 4034 ipsius
1461 3979 1529 4018 ne
1559 3962 1625 4016 ad
1671 3976 1808 4030 pun-

214 4067 369 4112 ctum
391 4057 613 4125 quidem
656 4056 915 4127 temporis
953 4056 1153 4110 habere
1189 4054 1485 4108 monachus
1519 4053 1812 4120 debet,per

211 4163 384 4218 quam
407 4148 465 4201 in
503 4148 728 4216 privatis
753 4148 873 4218 ipse
907 4147 1137 4217 negotiis
1164 4145 1277 4200 suis
1305 4151 1571 4199 versetur.
1612 4143 1809 4209 Quem—

212 4239 510 4293 admodum
558 4240 704 4293 enim
755 4241 978 4294 absente
1024 4237 1234 4292 artifice
1265 4238 1680 4290 instrumentum
1713 4249 1810 4288 sua

216 4339 420 4400 Sponte
448 4331 622 4400 ipsum
664 4346 770 4384 non
809 4339 1138 4395 moveretur,
1169 4345 1344 4400 neque
1385 4330 1687 4384 membrum
1727 4327 1808 4382 vel

215 4422 292 4474 ad
310 4420 688 4481 brevissimum
712 4422 779 4474 ab
801 4421 983 4490 aliquo
1008 4436 1233 4490 corpore
1254 4420 1516 4490 separari,
1531 4419 1804 4473 moverive

213 4522 408 4582 posset
437 4513 556 4566 sine
585 4512 702 4580 ejus
729 4513 822 4581 qui
858 4514 1001 4566 intus
1031 4521 1113 4566 est
1139 4511 1370 4579 Opificis,
1400 4527 1464 4566 ac
1495 4511 1660 4564 totius
1683 4527 1808 4564 cor-

213 4603 373 4672 poris
396 4603 754 4658 moderatoris
776 4605 1048 4659 voluntate
1075 4619 1089 4656 :
1131 4602 1380 4656 similiter
1401 4615 1615 4672 quoque
1634 4617 1808 4671 neque

215 4696 498 4767 religionis
537 4697 846 4752 observanti
903 4697 1102 4765 aliquid
1153 4709 1330 4764 agere,
1368 4694 1656 4764 cxsrquive
1693 4695 1808 4748 sine

212 4787 481 4841 antistitis
510 4787 592 4842 sui
619 4789 886 4843 sententia
915 4788 1060 4841 licet.
1099 4806 1133 4838 ι.
1155 4783 1307 4838 Nulla
1340 4792 1466 4839 sunt
1505 4785 1666 4855 igitur
1702 4785 1804 4838 ista

135 4881 140 4884 ’
214 4887 344 4932 vota
373 4879 642 4944 monachi,
667 4881 788 4948 qua:
815 4894 920 4932 non
944 4886 1069 4932 sunt
1092 4873 1435 4944 ipsiusjuris,
1461 4884 1516 4930 et
1539 4891 1603 4930 ex
1626 4884 1807 4944 potes-

213 4977 332 5021 tate
363 4967 573 5022 abbatis
598 4970 850 5037 pendent.
882 4969 1082 5023 Eodem
1123 4965 1282 5020 modo
1315 4965 1595 5035 judicabat
1634 4968 1802 5037 magi-

211 5068 332 5111 ster
360 5057 628 5113 Robertus
653 5059 718 5114 de
746 5059 1090 5114 Flamesbure
1117 5059 1169 5110 in
1198 5073 1294 5111 suo
1317 5055 1695 5110 Paenitentiali.

213 5169 423 5223 Selecta
438 5185 502 5223 ex
519 5169 869 5225 Paenitentiali
888 5189 982 5224 ms.
1007 5172 1248 5242 Magistri
1267 5169 1474 5222 Roberti
1487 5169 1549 5222 de
1561 5165 1802 5222 Flamcs-

722 5242 866 5306 bare,
899 5241 990 5294 lib.
1016 5259 1075 5308 ιι,
1100 5241 1218 5313 cap.
1252 5242 1303 5294 4.
1637 5245 1640 5247 “

295 5333 501 5387 V'overe
526 5342 701 5402 potest
729 5333 980 5401 qua-libet
1008 5348 1236 5403 persona
1259 5347 1378 5401 quae
1408 5330 1489 5384 sui
1516 5327 1657 5396 juris
1689 5336 1801 5382 est:

215 5430 281 5475 et
315 5423 518 5487 statim,
548 5434 605 5477 ut
629 5432 779 5493 puto,
806 5423 1021 5492 quando
1065 5424 1170 5479 doli
1209 5437 1380 5490 capax
1421 5427 1523 5474 est.
1566 5418 1802 5472 Persona

215 5528 347 5584 quae
385 5514 473 5568 alii
503 5514 742 5583 subjecta
772 5523 871 5577 est,
896 5516 1012 5569 sine
1042 5514 1159 5583 ejus
1184 5528 1450 5568 consensu
1486 5527 1591 5564 non
1627 5517 1802 5580 potest

213 5621 440 5667 vovere.
465 5619 522 5663 ut
549 5611 842 5665 monachus
871 5626 1066 5665 vovere
1094 5625 1202 5664 non
1228 5617 1405 5678 potest
1431 5606 1546 5662 sine
1577 5622 1802 5660 consen-

216 5712 286 5752 sn
312 5700 394 5753 sui
439 5701 666 5765 abbatis,
689 5717 788 5757 nec
837 5701 1030 5756 mulier
1076 5702 1193 5756 sine
1241 5714 1504 5754 consensu
1553 5697 1634 5752 sui
1676 5697 1798 5759 viri,

215 5803 320 5843 nec
343 5791 702 5856 liliaquandiu
727 5802 811 5849 cst
844 5793 893 5846 in
917 5800 1180 5862 potestate
1209 5793 1288 5850 sui
1311 5794 1499 5863 patris,
1535 5794 1647 5849 sine
1684 5791 1798 5860 ejus

1834 4571 1885 4630 D

1909 3326 2052 3379 hunc
2078 3325 2286 3380 lavandi
2317 3343 2712 3398 morem—quam
2740 3332 3031 3401 plurimum
3072 3335 3283 3403 laudat,
3311 3347 3364 3393 et
3395 3341 3496 3394 ob-

1903 3414 2022 3483 jicit
2063 3414 2316 3470 Ecclesiae
2354 3416 2642 3482 Romanae,
2689 3423 2831 3488 quod
2870 3422 3018 3476 illam
3055 3429 3500 3484 consuetudinem

1911 3520 2016 3559 non
2041 3506 2256 3560 habeat.
2293 3508 2463 3571 rNon
2490 3510 2820 3580 ignoramus,
2849 3515 3045 3584 inquit,
3083 3519 3225 3587 quod
3255 3519 3498 3576 Ecclesia

1910 3595 2152 3652 Romana
2187 3598 2330 3653 hanc
2361 3603 2803 3658 consuetudinem
2835 3621 2940 3660 non
2975 3608 3192 3673 habeat,
3229 3609 3382 3678 cujus
3411 3620 3494 3682 ty-

1909 3701 2036 3756 pum
2067 3687 2120 3740 in
2150 3689 2400 3753 omnibus
2443 3693 2722 3762 sequimur
2747 3705 2801 3748 et
2828 3693 3078 3751 formam.
3124 3697 3273 3753 lianc
3317 3708 3498 3755 tamen

1911 3780 2351 3844 consuetudinem
2388 3798 2492 3837 non
2523 3783 2706 3851 habet,
2737 3798 2798 3840 ut
2825 3789 2986 3858 pedes
3014 3790 3178 3844 lavet.
3210 3792 3342 3847 Vide
3369 3809 3499 3863 ergo

1911 3884 1978 3923 ne
2007 3868 2145 3934 forte
2173 3881 2394 3942 propter
2419 3874 2818 3931 rnultitudinem
2850 3879 3158 3934 declinavit.
3196 3901 3212 3934 ι
3249 3881 3315 3936 Et
3341 3883 3500 3952 paulo

1909 3969 2067 4029 post:
2110 3980 2136 4018 ι
2163 3963 2245 4018 Ad
2271 3965 2373 4019 hoc
2394 3965 2633 4022 Ecclesia
2668 3968 2912 4025 Romana
2938 3973 3067 4042 quid
3103 3977 3434 4044 respondet?
3474 4000 3491 4029 ι

1914 4048 2018 4111 Sed
2063 4061 2309 4122 prompta
2337 4063 2421 4108 est
2454 4055 2708 4112 Ecclesiae
2739 4058 2997 4116 Romana:
3028 4066 3328 4134 responsio.
3363 4066 3496 4121 Nam

1912 4143 2156 4212 quisquis
2181 4146 2250 4198 sit
2279 4146 2381 4201 iste.
2411 4137 2633 4216 auctor,
2673 4155 2942 4209 recenseri
2983 4157 3144 4212 debet
3186 4160 3329 4214 inter
3369 4162 3499 4230 sim-

1912 4233 2077 4302 plices
2121 4243 2174 4288 et
2218 4237 2534 4293 rusticiores
2569 4241 2657 4310 qui
2691 4241 2886 4298 littera:
2914 4245 3076 4300 nimis
3107 4247 3390 4312 inharrent,
3431 4251 3500 4303 de

1912 4321 2106 4390 quibus
2134 4323 2207 4377 ita
2234 4324 2471 4395 loquitur
2513 4328 2772 4402 Origenes
2803 4333 2855 4386 in
2886 4332 3187 4390 Comment.
3232 4339 3283 4391 in
3327 4339 3494 4393 Joan—

1912 4430 2056 4479 nem,
2091 4422 2128 4469 t.
2167 4415 2208 4469 ll
2237 4417 2366 4471 edit.
2400 4418 2589 4485 lluet.,
2638 4439 2690 4492 p.
2724 4424 2821 4478 551
2859 4443 2870 4477 :
2910 4445 2928 4475 ι
2966 4425 3116 4480 Adeo
3159 4435 3218 4480 ut
3259 4429 3398 4484 hanc
3425 4431 3496 4484 ob

1911 4519 2131 4558 causam
2171 4506 2427 4563 Dominus
2467 4525 2681 4581 quoque
2728 4515 2911 4568 veniat
2942 4516 3008 4570 ad
3053 4516 3310 4572 lavandos
3353 4522 3498 4574 servi

1912 4597 2184 4653 credentis
2205 4599 2387 4668 pedes,
2415 4609 2522 4656 etc.
2551 4601 2652 4668 Qui
2676 4619 2793 4658 mos
2817 4621 2960 4659 nunc
2988 4623 3092 4660 non
3122 4606 3202 4671 fit,
3233 4609 3332 4664 nisi
3356 4611 3497 4679 apud

1904 4690 2201 4745 admodum
2229 4693 2499 4762 simplices
2532 4695 2971 4767 rusticiorcsquc.
3012 4721 3027 4750 ι
3070 4700 3135 4755 Et
3182 4701 3232 4754 in
3276 4700 3495 4755 homilia

1911 4780 1944 4835 6
1972 4781 2025 4834 in
2055 4781 2245 4836 Isaiam
2274 4801 2286 4835 :
2324 4802 2340 4832 ‹
2375 4783 2542 4838 Nemo
2577 4787 2987 4859 quilmscunquc
3028 4791 3367 4845 venientibus
3408 4807 3494 4845 as-

1909 4885 2128 4924 sumens
2173 4870 2418 4935 linteum,
2450 4872 2725 4938 diaconus,
2759 4878 2841 4930 vel
2884 4880 3197 4949 presbyter,
3227 4880 3338 4934 sive
3381 4881 3494 4951 cpi-

1909 4978 2122 5032 scopus,
2153 4962 2296 5016 lavat
2324 4964 2506 5032 pedes.
2549 4985 2566 5015 (
2605 4964 2798 5020 Postea
2841 4977 3020 5022 tamen
3066 4968 3252 5024 Patres
3279 4968 3491 5025 concilii

1911 5053 2152 5107 Toletani
2211 5071 2320 5108 xvn
2383 5057 2687 5127 exemplum
2736 5058 2936 5114 Christi
2981 5060 3127 5114 velut
3180 5064 3489 5117 mandatmn

1910 5143 2181 5214 Evangelii
2215 5147 2543 5217 praecipuum
2580 5149 2715 5204 adeo
2750 5151 3144 5205 observandum
3171 5151 3487 5214 decernunt.

1909 5243 1966 5288 nt
1998 5256 2014 5284 ε
2051 5236 2115 5298 si,
2150 5237 2396 5305 inquiunt
2436 5253 2556 5292 can.
2585 5240 2646 5303 5,
2680 5240 2964 5308 quisquam
3007 5242 3348 5297 sacerdotum
3389 5245 3491 5298 hoc

1908 5336 2152 5382 nostrum
2175 5329 2751 5398 distuleritadimplere
2770 5331 3067 5397 decretum,
3091 5334 3319 5389 duorum
3340 5351 3488 5388 men-

1909 5418 2046 5472 sium
2074 5419 2248 5489 spatio
2280 5435 2396 5483 sese
2427 5423 2636 5475 noverit
2659 5437 2689 5475 a
2722 5432 2923 5478 sanctae
2951 5424 3488 5494 communionis'peru

1908 5509 2152 5578 ceptione
2183 5507 2518 5564 frustratum.
2563 5532 2579 5562 ι
2623 5512 2690 5566 Εῐ
2717 5529 2877 5583 supra
2918 5515 2969 5568 in
3016 5515 3204 5571 eodem
3239 5531 3481 5570 canone:

1914 5621 1933 5651 ι
1971 5603 2205 5671 Denique
2242 5615 2562 5660 coruscante
2608 5617 2807 5662 sanctae
2844 5611 3173 5679 operationis
3215 5611 3482 5681 exemplo,

1905 5695 2102 5764 partim
2129 5695 2353 5762 desidia,
2383 5698 2579 5765 partim
2627 5702 3043 5766 consuetudine,
3080 5702 3132 5755 in
3163 5703 3484 5770 quibusdam

1905 5789 2145 5845 ecclesiis
2173 5790 2223 5843 in
2253 5788 2415 5843 Cinna
2451 5790 2658 5848 Domini
2691 5794 2960 5850 ablatione
2996 5796 3157 5865 pedes
3188 5794 3417 5851 fratrum
3450 5811 3481 5848 a
