4060 6350
653 375 784 432 1139

1710 376 1803 435 AD
1840 374 2375 435 PCENITENTIALE
2412 374 2758 433 TllEODORl

3748 379 3876 434 1140

639 490 1012 546 sacerdotibus
1035 506 1140 545 non
1166 490 1433 545 lavantur.
1463 488 1602 543 Nihil
1647 488 1792 543 aliud
1828 489 2200 555 obtundentes,
2230 493 2279 553 Α
2305 488 2360 543 iu
2388 489 2630 543 oratione
2653 503 2760 558 qua
2791 487 3170 557 imperatorem
3209 485 3567 542 Theodosium
3594 488 3873 562 obiurgat,

640 583 745 638 nisi
788 582 957 638 solam
1000 581 1299 637 traditionis
1326 579 1797 644 consuetudinem,
1839 595 1961 634 cum
1994 580 2209 635 Veritas
2309 580 2477 634 relata
2504 595 2534 633 a
2559 578 2893 634 Theodoreto
2915 577 3062 634 lib.v
3085 576 3225 633 Hist.
3240 576 3610 651 Eccles.,cap.
3640 582 3729 637 17.
3753 585 3874 644 Vide

638 672 932 743 ubjurgans
959 672 1139 728 dicat:
1186 670 1363 739 Quare
1389 685 1485 725 vos
1518 668 1953 739 transgredimini
1986 669 2206 723 manda-

614 771 755 817 ‘tum
796 762 891 816 Dei
928 771 1138 832 propter
1188 761 1528 816 traditionem
1560 768 1815 814 vestram.
1850 778 1870 811 ι
1904 757 2036 813 Vide
2077 773 2207 813 con-

638 863 855 908 ventum
882 852 1389 922 Aquisgranensem,
1417 866 1535 905 can.
1566 848 1657 904 25.

711 942 822 997 Nec
847 942 1056 995 libertas
1075 940 1378 995 monasterii
1402 949 1475 994 est
1496 939 1846 1010 penitentiam
1865 936 2203 992 stecularibus

632 1032 891 1101 iudicare,
928 1032 1052 1102 quia
1075 1030 1282 1101 proprie
1322 1027 1625 1083 clericorum
1655 1036 1749 1080 est.
1780 1026 1968 1081 Patres
1992 1026 2203 1081 concilii

633 1120 1081 1176 Chalcedonensis
1124 1128 1311 1174 vetant
1354 1119 1646 1173 monachos
1690 1117 2068 1173 ecclesiasticis
2117 1117 2201 1173 vel

631 1210 978 1266 saecularibus
1004 1210 1231 1283 negotiis
1257 1225 1314 1277 se
1344 1209 1607 1279 ingerere.
1634 1207 1841 1262 Canon.
1864 1206 1931 1268 ιε
1965 1224 1988 1265 ι,
2021 1206 2201 1265 Mona-

631 1288 773 1355 chos.
791 1308 971 1361 autem
1000 1300 1090 1370 qui
1126 1307 1250 1371 sunt
1278 1299 1331 1352 in
1365 1311 1684 1365 unaquaque
1712 1295 1930 1364 regione
1971 1301 2025 1350 et
2062 1293 2199 1350 civi-

629 1398 745 1445 tate
771 1390 1023 1460 episcopo
1046 1389 1315 1459 subjectos
1334 1401 1471 1450 esse,
1498 1395 1555 1440 et
1580 1386 1815 1457 quietem
1844 1383 2114 1454 amplecti,
2144 1390 2200 1438 et

627 1480 727 1534 soli
748 1478 953 1549 jejunio
970 1487 1025 1534 et
1042 1478 1272 1533 orationi
1294 1490 1505 1539 vacare,
1528 1476 1582 1545 in
1610 1474 1804 1545 quibus
1821 1473 2051 1529 ordinati
2074 1479 2200 1527 sunt

627 1573 765 1628 locis
806 1572 1018 1627 fortiter
1056 1577 1478 1642 perseverantes,
1502 1581 1600 1623 nec
1642 1565 2051 1630 ecclesiasticis,
2096 1578 2199 1620 nec

625 1664 973 1723 saecularibus
996 1662 1222 1735 negotiis
1249 1677 1307 1715 se
1333 1660 1576 1730 ingerere
1594 1699 1610 1723 ,
1655 1652 1760 1714 etc.
1801 1656 1967 1712 Cone.
1995 1656 2197 1712 Tarra-

630 1770 774 1825 eou.,
801 1770 923 1813 can.
953 1754 1011 1808 11
1038 1771 1051 1808 :
1106 1771 1124 1804 ι
1168 1750 1411 1806 Monachi
1450 1765 1481 1804 a
1512 1747 1841 1804 monasterio
1864 1746 2011 1802 foras
2041 1760 2194 1817 egre-

2306 683 2518 739 quoque
2544 683 2706 740 supra
2727 676 2885 725 notas
2909 670 2976 724 ad
3006 676 3168 739 caput
3185 669 3237 724 3.

2376 761 2572 815 Mulier
2589 769 2755 832 potest
2780 760 3066 816 oblationes
3106 761 3279 832 facere
3312 762 3604 816 secundum
3639 763 3871 835 Gram,

2306 866 2409 905 non
2440 851 2725 905 secundum
2755 849 3038 906 Romanos.
3070 850 3183 907 Hoc
3209 867 3317 907 non
3351 853 3764 925 intelligendum
3800 871 3873 916 est

2304 935 2370 991 de
2388 937 2749 995 oblationibus
2769 938 3008 995 omnium
3032 938 3290 1006 ﬁdelium,
3306 942 3359 997 id
3380 951 3484 1009 est,
3500 943 3866 1017 eleemosynis,

2303 1025 2446 1082 inter
2463 1043 2597 1097 quas
2618 1038 2775 1083 erant
2800 1044 2969 1099 panes
2988 1045 3087 1100 per
3109 1030 3501 1088 Eucharistiam
3528 1039 3800 1100 sacrandi,
3819 1049 3869 1094 ut

2303 1118 2680 1175 animadvertit
2700 1121 2803 1177 vir.
2830 1121 2899 1177 cl.
2931 1120 2997 1177 N.
3026 1122 3204 1194 Rigalt
3231 1124 3286 1180 in
3312 1123 3405 1181 lib.
3424 1126 3604 1181 sancti
3630 1126 3866 1199 Cypriani

2300 1206 2367 1265 de
2394 1206 2570 1280 Opere
2600 1218 2656 1264 et
2677 1209 3079 1282 Eleemosynis:
3112 1215 3256 1283 quod
3284 1214 3424 1269 idem
3454 1227 3681 1273 constat
3707 1234 3769 1275 ex
3789 1236 3863 1291 ep.

2300 1300 2473 1355 sancti
2511 1299 2796 1372 Augustini
2837 1301 2973 1366 122,
3000 1302 3094 1358 sed
3136 1303 3276 1360 sicut
3311 1304 3555 1360 declarat
3600 1307 3789 1363 titulus
3808 1310 3865 1366 de

2299 1390 2530 1460 quodam
2558 1390 2856 1445 ministerio
2881 1391 3145 1457 ecclesiae,
3166 1391 3234 1447 ad
3257 1393 3401 1462 quod
3420 1391 3603 1450 Graeci
3626 1396 3863 1454 mulieres

2300 1478 2674 1547 admittebant,
2703 1488 2758 1535 et
2783 1495 2813 1534 a
2838 1495 2946 1550 quo
2985 1489 3110 1537 tunc
3139 1482 3397 1552 temporis
3427 1483 3664 1539 Romani
3692 1487 3861 1542 exclu-

2298 1568 2512 1625 debant.
2544 1568 2746 1629 Concil.
2778 1570 3117 1637 Aurasican.,
3149 1587 3269 1627 can.
3299 1571 3402 1627 26:
3428 1591 3449 1625 s
3481 1573 3739 1631 Diacons
3759 1591 3859 1632 om-

2297 1656 2531 1713 nimodis
2556 1674 2665 1715 non
2691 1659 3001 1715 ordinandas
3036 1678 3049 1715 :
3090 1661 3135 1716 si
3168 1677 3289 1731 quae
3326 1662 3443 1733 jam
3469 1674 3620 1727 sunt,
3651 1665 3856 1722 benedi-

2297 1746 2464 1803 ctioni
2492 1762 2611 1816 qua:
2635 1747 2832 1818 populo
2866 1748 3219 1819 impenditur,
3263 1751 3443 1821 capita
3471 1752 3801 1810 submittant.
3832 1778 3853 1810 ι

621 1847 855 1919 dientes,
886 1861 954 1901 ne
992 1845 1206 1915 aliquod
1235 1841 1588 1897 ministerium
1613 1837 2038 1895 ecclesiasticum
2057 1850 2194 1906 prae-
2221 1829 2266 1890 B
2294 1835 2457 1892 Conc.
2489 1837 2823 1908 Epaonense,
2847 1854 2967 1894 can.
2993 1839 3097 1894 21:
3127 1858 3148 1892 ι
3187 1840 3482 1906 viduarum
3512 1846 3853 1900 consecratio-

623 1944 841 1992 sumant
865 1950 1061 2009 agere,
1088 1932 1465 2004 prohibemus,
1503 1929 1609 1984 nisi
1649 1927 1789 1984 forte
1830 1942 1953 1983 cum
1982 1925 2193 1981 abbatis

624 2026 873 2097 imperio.
913 2044 935 2080 ι

1217 2109 1442 2167 CAPUT
1482 2108 1591 2165 νιι.

778 2248 857 2304 De
884 2248 989 2301 ritu
1016 2245 1292 2300 mulierum
1315 2246 1373 2300 in
1396 2243 1612 2300 ecclesia
1639 2242 1717 2298 vel
1739 2242 2051 2311 ministeria.

696 2382 940 2437 Mulieres
965 2398 1067 2436 non
1089 2380 1248 2437 velent
1272 2378 1458 2444 altare,
1483 2386 1590 2434 etc.
1616 2377 1845 2434 Sanctus
1863 2376 2199 2447 Epiphanius

620 2483 809 2533 contra
837 2472 1253 2543 Collyridianos,
1272 2471 1461 2527 haeres.
1492 2485 1694 2525 Lxxrx:
1733 2485 1752 2520 ι
1786 2466 1846 2523 Si
1873 2467 2192 2522 mulieribus

617 2576 942 2639 praeceptum
967 2575 1112 2622 esset
1139 2566 1444 2621 sacriﬁcare
1471 2563 1610 2630 Deo,
1638 2569 1730 2617 aut
1762 2559 2010 2632 regulare
2036 2559 2193 2628 quid-

617 2669 778 2724 quam
822 2655 1033 2725 Operari
1082 2655 1135 2708 in
1180 2653 1452 2716 Ecclesia,
1485 2652 1768 2725 oportebat
1811 2647 1982 2720 magis
2015 2647 2190 2717 ipsam

618 2746 842 2809 Mariam
877 2744 1200 2801 sacriﬁcium
1236 2743 1498 2813 perlicere
1529 2742 1583 2795 in
1625 2740 1773 2796 Novo
1811 2738 2187 2803 Testamento,

617 2850 737 2905 qua:
766 2835 924 2908 digna
953 2834 1097 2895 facta
1118 2842 1201 2887 est
1239 2832 1510 2903 suscipere
1542 2831 1595 2885 in
1622 2829 1857 2902 propriis
1890 2829 2189 2886 viscerlius

617 2922 991 2977 universorum
1037 2937 1217 2993 regem
1259 2922 1456 2987 Deum,
1504 2910 1779 2976 ctelestem
1815 2918 2011 2975 Filium
2049 2919 2183 2977 Dei:

616 3010 769 3079 cujus
796 3020 981 3066 uterus
1010 3011 1263 3081 templum
1291 3010 1492 3066 factum
1516 3017 1602 3065 est
1643 3025 1709 3065 ac
1750 3010 2078 3066 domicibium
2118 3008 2186 3064 ad

615 3101 825 3155 Domini
854 3101 910 3173 in
951 3114 1115 3155 carne
1142 3099 1594 3170 dispensationem
1632 3113 1730 3169 per
1757 3097 1853 3154 Dei
1876 3098 2183 3170 benignita-

2295 1941 2439 1992 nem,
2467 1941 2605 1996 quas
2627 1928 2881 1983 diaconas
2900 1929 3160 1994 vocitant,
3183 1927 3252 1983 ab
3270 1930 3425 2000 omni
3444 1932 3665 2002 regione
3681 1942 3852 1989 nostra

2293 2016 2505 2085 penitus
2536 2016 2876 2088 abrogamus.
2926 2036 2945 2070 ι
2995 2017 3225 2084 Quidam
3267 2018 3487 2075 codices
3529 2020 3739 2092 legunt:
3784 2023 3847 2076 ab

2293 2104 2435 2158 omni
2476 2103 2744 2175 religione.
2783 2104 2989 2161 Concil.
3035 2105 3425 2163 Aurelianense
3464 2124 3532 2174 ιι,
3577 2125 3690 2165 can.
3736 2111 3835 2167 l8:

2299 2212 2321 2255 ς
2359 2193 2566 2251 Placuit
2591 2196 2754 2251 etiam
2782 2203 2843 2251 ut
2884 2196 3013 2250 nulli
3042 2198 3388 2267 postmodum
3411 2197 3605 2254 femine
3622 2240 3638 2263 ,
3661 2201 3830 2257 diaco-

2291 2282 2432 2339 nalis
2458 2285 2760 2341 benedictio
2786 2301 2886 2357 pro
2914 2287 3238 2345 conditionis
3256 2287 3421 2359 hujus
3439 2288 3713 2360 fragilitate
3730 2305 3841 2347 cre-

2292 2372 2472 2429 datur.
2511 2393 2531 2427 ι
2563 2374 2707 2432 Idem
2755 2378 2951 2446 prohat
2977 2377 3170 2433 concil.
3205 2378 3551 2445 Turonense,
3588 2395 3708 2435 can.
3748 2380 3844 2447 20,

2291 2464 2615 2519 auctoritate
2640 2464 2860 2520 Patrum
2890 2467 3282 2537 Epaonensium
3301 2469 3416 2539 jam
3450 2470 3642 2526 relata.
3666 2469 3847 2525 Primis

2292 2562 2475 2612 tamen
2496 2556 2706 2612 saeculis
2730 2557 3011 2628 disciplina
3040 2560 3205 2617 totius
3246 2560 3504 2616 Ecclesiae
3536 2563 3592 2616 in
3623 2561 3846 2616 ordinem

2290 2665 2383 2707 eas
2402 2649 2650 2720 eligebat,
2666 2659 2803 2706 teste
2823 2650 3153 2707 Tertulliano
3169 2651 3261 2706 lib.
3282 2668 3299 2707 ι
3316 2653 3385 2707 ad
3398 2652 3656 2718 Uxorem,
3670 2669 3779 2724 cap.
3792 2653 3845 2708 7:

2297 2758 2315 2792 s
2349 2740 2636 2811 Disciplina
2661 2741 2913 2798 Ecclesiae
2951 2751 3006 2798 et
3028 2743 3362 2814 prmscriptio
3402 2743 3654 2816 Apostoli
3690 2745 3849 2800 decla-

2288 2843 2401 2907 rat,
2426 2850 2549 2891 cum
2578 2835 2821 2906 digamos
2846 2850 2953 2891 non
2987 2836 3116 2892 sinit
3152 2836 3460 2906 praesidere,
3500 2852 3633 2892 cum
3655 2838 3848 2892 viduam

2288 2927 2460 2997 adlegi
2503 2928 2559 2982 in
2598 2926 2841 2982 ordinem
2858 2966 2881 2999 ,_
2910 2927 3015 2982 nisi
3051 2927 3349 2993 univiram,
3389 2942 3498 2982 non
3539 2928 3801 2983 concedit.
3826 2946 3844 2979 ι

2290 3019 2423 3074 Vide
2449 3034 2662 3089 quoque
2689 3034 2843 3075 conc.
2873 3018 3125 3090 Carthag.
3144 3035 3238 3084 iv,
3277 3034 3398 3075 can.
3438 3019 3544 3085 12,
3575 3029 3676 3075 aut
3698 3020 3849 3090 potius

2289 3115 2490 3163 statuta
2516 3108 2770 3165 Ecclesia
2793 3109 3034 3179 antiqua,
3051 3124 3171 3165 can.
3195 3109 3315 3164 l00.
3337 3109 3510 3165 Porro
3535 3110 3759 3180 quinam
3780 3123 3849 3165 es-

617 3203 749 3259 tem,
779 3201 835 3247 et
862 3166 1244 3263 admirandqu
1261 3190 1578 3263 mysterium
1622 3166 1954 3261 Praeparat“
1981 3166 2083 3246 eis“
2112 3188 2185 3244 Αῑ
2206 3166 2260 3235 c
2291 3207 2372 3255 set
2397 3199 2530 3256 ordo
2571 3209 2627 3256 et
2654 3201 2830 3256 honor
2865 3166 3265 3267 ecclesiasticus
3297 3200 3364 3259 ad
3403 3166 3574 3270 queui
3617 3201 3850 3255 mulieres

614 3301 720 3341 non
746 3283 1071 3355 complacuit
1095 3303 1107 3338 :
1148 3283 1241 3340 sed
1264 3298 1438 3355 neque
1460 3282 1725 3354 baptisma
1753 3283 1883 3340 dare
1906 3283 2186 3341 concredi—

614 3388 727 3435 tum
753 3386 857 3435 est.
880 3377 1092 3447 Alioqui
1118 3376 1381 3447 potuisset
1403 3375 1651 3431 Christus
1674 3375 1743 3430 ab
1772 3375 1886 3447 ipsa
1920 3375 2184 3446 baptizari

611 3476 791 3548 potius
833 3491 995 3546 quam
1023 3490 1053 3529 a
1080 3473 1306 3529 Joanne.
1342 3493 1361 3526 ι
1394 3471 1566 3533 Simili
1603 3477 1919 3543 argumento
1951 3486 2080 3528 usus
2102 3479 2187 3540 est

611 3575 767 3624 vetus
800 3576 990 3621 auctor
1014 3564 1492 3630 Constitutionum,
1522 3563 1615 3617 lib.
1640 3578 1719 3627 ιιι,
1750 3578 1870 3633 cap.
1896 3562 1959 3635 4.

682 3676 931 3754 Mulieres
956 3683 1171 3745 possunt
1193 3673 1288 3728 sub
1309 3673 1456 3743 nigro
1489 3671 1738 3728 uelamine
1757 3671 2076 3741 sacriﬁcium
2096 3688 2185 3728 ac-

612 3770 800 3839 cipere.
825 3766 966 3837 Ergo
993 3780 1099 3820 non
1120 3765 1200 3819 eis
1228 3764 1424 3818 licebat
1444 3762 1585 3817 nuda
1609 3777 1769 3816 manu
1790 3761 2182 3817 Eucharistiam

611 3857 891 3931 accipere,
926 3869 995 3911 ne
1022 3854 1237 3925 quidem
1266 3852 1331 3906 ad
1368 3852 1562 3925 pallam
1591 3850 1924 3921 Dominicam
1964 3866 2181 3909 manum

614 3945 846 4000 mittere.
884 3942 1049 4015 conc.
1078 3941 1536 4005 Antisiodorense,
1564 3954 1684 3994 can.
1712 3938 1781 3994 '56
1805 3956 1818 3993 :
1859 3956 1879 3990 ι
1913 3937 2029 3993 Non
2058 3939 2184 4005 licet

611 4034 825 4089 mulieri
846 4033 990 4088 nuda
1018 4047 1181 4086 manu
1208 4029 1597 4089 Eucharistiam
1621 4028 1884 4100 accipere.
1917 4047 1936 4080 ι
1965 4027 2032 4081 Ει
2059 4042 2179 4084 can.

611 4124 681 4183 37
706 4145 719 4181 :
759 4144 777 4179 ι
813 4124 928 4198 Non
955 4123 1082 4180 licet
1110 4121 1318 4177 mulieri
1349 4134 1566 4178 manum
1594 4106 1753 4173 suam
1773 4119 1840 4174 ad
1864 4117 2060 4190 pallam
2081 4119 2185 4173 Do-

558 4256 566 4264 -
612 4221 864 4278 minicam
889 4218 1124 4277 mittere.
1160 4234 1184 4275 s_
1213 4214 1389 4270 Etiam
1417 4221 1572 4273 antea
1596 4211 1785 4281 Patres
1809 4211 2019 4273 concilii
2048 4210 2193 4273 Lao—,

610 4312 784 4369 diceni
807 4315 1131 4373 statuerant,
1159 4320 1280 4361 can.
1312 4304 1398 4369 19,
1424 4303 1554 4359 solis
1579 4302 1743 4357 licere
1763 4300 1988 4356 sacratis
2016 4300 2083 4355 ad
2105 4300 2183 4354 al-

612 4414 729 4459 tare
771 4400 1031 4458 accedere
1075 4406 1130 4453 et
1154 4393 1573 4460 communicare.
1617 4389 1867 4448 Attamen
1910 4389 2182 4459 plerisque

612 4496 669 4550 in
696 4494 830 4549 locis
854 4491 1014 4565 vulgo
1041 4489 1187 4560 nuda
1214 4501 1377 4542 manu
1410 4482 1806 4539 Eucharistiam
1833 4470 1999 4537 fuisse
2025 4496 2178 4537 rece-

612 4595 759 4659 ptam
785 4583 1017 4654 probant
1059 4577 1363 4653 testimonia
1390 4575 1612 4630 Patrum
1641 4574 1837 4641 quibus
1865 4572 2051 4628 fideles
2080 4588 2182 4628 sa:-

613 4678 734 4748 pius
760 4676 1067 4736 admonent,
1093 4677 1152 4723 ut
1178 4667 1610 4739 animadvertant
1635 4665 1904 4728 dextram,
1924 4679 2043 4732 qua:
2066 4679 2182 4719 cor-

613 4765 731 4843 puri
761 4762 963 4819 Christi
1008 4761 1350 4821 admovetur,
1381 4761 1748 4811 consecratam
1777 4768 1922 4814 esse,
1967 4753 2106 4808 sicut
2129 4760 2185 4817 et

614 4842 848 4925 linguam
878 4861 932 4919 et
956 4867 1069 4906 cor.
1086 4849 1218 4905 Vide
1245 4846 1570 4903 Clementem
1588 4842 2138 4908 Alexa_ndrinum,lib.
2164 4858 2181 4897 ι

617 4944 984 5006 Stromatum;
1022 4939 1064 4999 Τ
1068 4934 1430 4999 ertullianum,
1461 4933 1555 4989 lib.
1584 4933 1651 4987 de
1692 4931 1994 5005 ldololatria
2013 4972 2028 4997 ,
2060 4946 2179 5002 cap.

616 5033 680 5097 7;
716 5038 958 5087 sanctum
978 5027 1301 5105 Cyprianum
1322 5024 1376 5078 in
1397 5023 1554 5093 epist.
1577 5021 1666 5090 56,
1692 5022 1761 5077 ad
1782 5021 2178 5087 Thibaritanos,

615 5124 683 5180 de
711 5121 1081 5177 exhortatione
1115 5114 1380 5187 martyrii,
1412 5122 1468 5169 et
1504 5113 1598 5168 lib.
1620 5113 1686 5168 de
1712 5112 1862 5173 Bono
1883 5112 2177 5193 patientia.

614 5212 996 5283 Fragmentum
1025 5205 1340 5278 praeclarum
1367 5203 1602 5275 epistolae
1627 5203 1660 5258 5
1688 5202 1926 5272 Dionysii
1951 5201 2183 5256 Alexan-

613 5304 752 5362 drini
781 5303 851 5358 ad
877 5301 1090 5357 Xistum
1117 5298 1374 5353 Romana:
1402 5296 1551 5351 urbis
1594 5295 1900 5365 episcopum
1930 5294 2144 5365 scripta:
2164 5332 2180 5360 ,

612 5399 753 5472 apud
775 5394 1061 5452 Eusebium
1085 5393 1178 5448 lib.
1197 5407 1270 5446 vu
1292 5389 1496 5444 Eccles.
1521 5387 1682 5452 llist.,
1704 5402 1822 5458 cap.
1845 5386 1908 5452 9;
1934 5395 2179 5442 sanctum

613 5490 872 5564 Cyrillum
918 5482 1459 5552 Hierosolymitanum
1516 5479 1569 5533 in
1623 5476 1882 5543 Catech.;
1933 5485 2180 5531 sanctum

613 5582 933 5655 Gregorium
960 5577 1359 5633 Nazianzenum
1400 5572 1460 5626 in
1506 5570 1749 5626 oratione
1792 5568 1850 5622 11
1887 5569 1940 5621 in
1966 5568 2179 5623 laudem

613 5674 898 5746 Gorgonius
922 5689 936 5739 ;
976 5678 1220 5727 sanctum
1248 5664 1505 5720 Joannem
1535 5663 1977 5733 Chrysostomum
2006 5659 2058 5714 in
2084 5660 2180 5714 ho-

617 5768 761 5821 milia
789 5766 877 5832 2|,
909 5765 976 5817 ad
1002 5760 1251 5834 populum
1296 5754 1712 5819 Antioclienum,
1740 5760 1797 5806 et
1836 5750 2177 5806 Ambrosium

2210 4527 2259 4588 D

2286 3290 2629 3362 eligerentur,
2676 3289 2867 3346 Patres
2911 3298 3222 3362 exponunt:
3257 3288 3509 3345 Clemens
3547 3288 3845 3345 Alexandri.

2288 3397 2410 3447 nus,
2440 3381 2534 3436 lib.
2566 3397 2626 3438 ιιι
2654 3381 3013 3447 Stromatum;
3041 3382 3305 3454 Origenes
3329 3382 3386 3437 in
3411 3380 3705 3444 Joannem,
3734 3392 3768 3436 t.
3788 3380 3842 3444 ll,

2284 3486 2341 3541 p.
2379 3470 2463 3535 90,
2493 3471 2623 3526 edit.
2652 3472 2790 3528 liuet
2815 3488 2830 3538 ;
2859 3472 3026 3530 Cone.
3049 3471 3342 3537 Niczenum,
3372 3488 3496 3529 can.
3529 3474 3623 3539 19,
3646 3475 3741 3529 ubi
3761 3472 3850 3528 Ga-

2286 3562 2422 3619 briel
2444 3562 2846 3631 Albaspinaeus,
2877 3563 3269 3620 illustrissimus
3302 3564 3591 3635 episcopus
3621 3565 3850 3619 Aurelia-

2285 3652 2491 3717 nensis,
2521 3652 2716 3721 probat
2746 3660 2936 3708 contra
2971 3651 3262 3708 Baronium
3288 3652 3392 3708 rite
3425 3660 3482 3707 et
3517 3653 3720 3708 ordine
3742 3668 3852 3708 con—

2286 3753 2528 3800 secratas
2551 3742 2737 3801 fuisse.
2772 3762 2792 3797 ‹
2835 3745 2970 3803 Nam
3000 3760 3120 3800 cum
3143 3785 3159 3812 ,
3190 3745 3396 3816 inquit,
3435 3743 3684 3815 synodus
3715 3760 3855 3816 quas-

2285 3831 2408 3887 dam
2425 3872 2445 3905 ,,
2472 3848 2592 3904 qua:
2635 3833 2815 3888 minus
2855 3841 3003 3890 recte
3043 3842 3098 3890 et
3140 3843 3295 3892 extra
3324 3834 3574 3889 ordinem
3603 3835 3854 3889 instituta

2284 3936 2486 3993 essent,
2515 3928 2658 3984 inter
2682 3929 2851 3985 laicas
2878 3927 3213 3999 deputandas
3247 3943 3370 3985 esse
3414 3936 3642 3984 censet:
3679 3930 3854 3984 subin-

2285 4018 2631 4091 telligendum
2677 4019 2922 4090 profecto
2950 4018 3207 4088 relinquit
3232 4019 3497 4089 quasdam
3533 4017 3711 4074 fuisse
3748 4032 3854 4088 qua

2286 4111 2393 4165 rite
2418 4117 2473 4163 et
2497 4110 2686 4165 ordine
2712 4116 3039 4165 consecratae
3062 4117 3264 4164 essent.
3314 4127 3333 4160 ι
3365 4107 3601 4163 Sanctus
3631 4108 3854 4165 Basilius

2285 4200 2341 4255 in
2367 4199 2592 4269 epistola
2617 4201 2873 4256 canonica
2901 4200 2970 4255 ad
2987 4198 3444 4271 Amphilochium,
3464 4215 3590 4254 can.
3611 4199 3721 4264 μς
3745 4215 3856 4255 san-

2285 4298 2403 4348 ctus
2427 4290 2719 4362 Gregorius
2764 4290 3038 4362 Nyssenus
3074 4290 3141 4345 de
3172 4290 3290 4345 Vita
3333 4299 3537 4346 sancta:
3588 4289 3850 4345 Macr-inm.

2283 4382 2522 4450 Quorum
2540 4382 2818 4447 sententiae
2838 4397 2944 4438 non
2967 4380 3269 4453 refragatur
3288 4388 3509 4437 sanctus
3527 4380 3855 4453 Epiphanius

2283 4482 2442 4529 antea
2466 4474 2683 4541 citatus,
2711 4474 2820 4528 imo
2842 4474 2895 4528 in
2926 4473 3113 4529 eodem
3143 4473 3261 4529 loco
3290 4487 3415 4528 eam
3444 4481 3638 4541 aperte
3660 4472 3852 4528 asserit

2283 4579 2407 4622 cum
2436 4564 2605 4619 dicit:
2645 4582 2664 4615 ι
2699 4571 2756 4618 et
2780 4564 3202 4631 diaconissarum
3228 4563 3365 4618 ordo
3396 4571 3482 4617 est
3506 4579 3564 4617 ιιι
3592 4562 3850 4623 Ecclesia,

2282 4665 2385 4711 etc.
2424 4676 2441 4710 ι
2472 4657 2615 4712 idem
2644 4657 2807 4729 sentit
2841 4664 2996 4711 vetus
3024 4664 3214 4711 auctor
3240 4654 3851 4723 ConStitutionumbpo-

2283 4746 2612 4811 stolicarum,
2640 4746 2734 4803 lib.
2767 4762 2882 4811 vin,
2912 4761 3032 4815 cap.
3065 4746 3164 4811 l9,
3194 4745 3248 4800 in
3284 4760 3395 4815 quo
3416 4745 3662 4800 declarat
3686 4746 3849 4816 impo-

2283 4836 2477 4890 sitione
2504 4851 2762 4896 manuum
2794 4828 3031 4906 episcopi
3058 4834 3301 4891 ordinari
3325 4836 3708 4907 presbyteros,
3740 4835 3849 4890 dia-

2284 4940 2450 4982 conos
2490 4934 2546 4981 et
2582 4925 2935 4982 diaconissas.
2964 4926 3098 4981 Vide
3140 4924 3336 4981 concil.
3383 4924 3846 4991 Chalcedonense,

2284 5031 2405 5072 can.
2457 5015 2539 5080 I5,
2568 5015 2810 5088 δεξαμένη
2837 5023 2927 5076 τήν
2970 5017 3293 5091 χειρρθεσίαν
3321 5030 3336 5080 ;
3377 5014 3669 5070 concilium
3702 5011 3848 5068 Trul-

2283 5106 2464 5173 lanum
2496 5106 2611 5161 sive
2649 5107 3045 5177 quinisextum,
3089 5122 3210 5161 can.
3250 5106 3356 5172 40;
3397 5113 3453 5160 et
3504 5103 3757 5160 Sedulius
3797 5102 3847 5156 in

2284 5213 2401 5268 cap.
2437 5210 2524 5251 xv:
2548 5197 2717 5266 Epist.
2742 5197 2808 5251 ad
2836 5196 3129 5260 Romanos,
3155 5203 3344 5250 auctor
3362 5194 3509 5249 circa
3532 5209 3732 5249 nonum
3754 5207 3849 5246 sa:-

2283 5288 2480 5352 culum,
2515 5295 2747 5344 testatur
2777 5289 2831 5351 in
2865 5287 3233 5347 Orientalibus
3256 5286 3388 5343 locis
3416 5295 3625 5341 tantum
3665 5287 3843 5340 diaco-

2282 5381 2459 5435 nissas
2481 5381 2837 5436 ministrasse.
2866 5380 2946 5434 Ex
2972 5394 3079 5449 quo
3113 5378 3503 5449 dignoscuntnr
3528 5377 3663 5431 varii
3693 5376 3842 5437 ritas.

2282 5485 2417 5543 quos
2440 5479 2587 5526 recte
2611 5470 2810 5541 ubique
2838 5468 3005 5525 refert
3030 5467 3365 5524 Theodorus.

2857 5560 3082 5623 CAPUT
3124 5558 3253 5615 Vlll.
3350 5552 3357 5559 ’

2498 5653 2576 5707 De
2605 5654 2830 5707 moribus
2857 5652 3157 5708 Graecorum
3186 5662 3234 5707 et
3263 5650 3631 5705 Romanorum.

2354 5745 2421 5799 Et
2449 5744 2685 5800 laborant
2717 5746 2821 5799 sive
2850 5742 3118 5797 Dominico
3144 5742 3249 5797 die.
3283 5742 3376 5796 Die
3400 5740 3674 5797 Dominico
3698 5737 3843 5791 labo-
