4060 6350
233 386 376 446 HM

1368 371 1942 433 OBSERVATIONES
1979 370 2067 425 ΕΤ
2106 370 2336 427 NOTAE.

3349 356 3483 412 “5.9.

235 502 454 562 rabant,
479 506 532 552 et
555 496 768 566 quidem
789 492 1068 558 mouiales,
1095 497 1230 546 teste
1258 488 1586 559 Hieronymo
1611 487 1677 540 ad
1703 484 1810 538 Eu-
1840 485 1885 543 Α
1911 491 2122 552 oportet
2145 483 2286 552 quod
2312 493 2592 550 perperam
2623 476 2800 536 ﬁebat,
2841 475 2924 530 vel
2959 474 3164 529 institui
3194 474 3335 542 quod
3369 487 3476 526 nou

236 589 507 647 stochium
531 587 793 657 virginem
823 585 888 640 de
914 582 1187 652 epitaphio
1216 580 1394 634 Paula:
1417 578 1637 631 matris:
1668 594 1684 624 ι
1718 575 1813 627 Die

238 687 450 734 tantum
471 675 749 730 Dominico
770 674 837 728 ad
856 673 1140 728 ecclesiam
1162 669 1543 739 procedebant,
1565 681 1633 720 ex
1661 662 1814 731 cujus

237 767 560 823 habitabant
597 763 796 826 latere,
829 770 885 816 et
917 760 1333 829 unumquodque
1367 771 1556 827 agmen
1587 763 1815 809 matrem

239 856 515 926 propriam
559 853 920 922 sequebatur;
961 858 1120 919 atque
1151 847 1274 902 inde
1307 847 1509 916 pariter
1539 853 1817 898 reverten-

240 953 342 1005 tes,
369 942 643 996 instabant
660 940 810 1008 operi
836 938 1156 1000 distributo;
1179 943 1230 990 et
1262 934 1349 987 vel
1368 933 1489 997 sibi,
1509 931 1592 985 vel
1613 930 1819 985 (ueteris

238 1032 557 1086 indumenta
586 1030 874 1084 faciebant.
910 1047 928 1079 ι
964 1026 1162 1091 Labor,
1188 1025 1280 1094 qui
1326 1040 1355 1077 a
1395 1021 1647 1092 precibus
1689 1028 1744 1074 et
1787 1035 1819 1072 a

240 1123 391 1177 cultu
423 1121 518 1174 Dei
564 1119 855 1182 avocabat,
888 1118 1206 1173 interdictas
1250 1114 1350 1169 fuit
1385 1130 1414 1167 a
1444 1111 1817 1173 Constantino,

240 1214 336 1284 qui
362 1214 570 1282 primus
595 1211 852 1281 praecepit
877 1209 1083 1272 feriari,
1134 1217 1194 1262 ut
1238 1207 1406 1262 refert
1440 1204 1703 1259 Eusebius
1724 1202 1817 1255 lib.

241 1321 298 1358 tv
323 1305 388 1358 de
416 1304 535 1356 Vita
561 1301 918 1364 Constantini,
941 1315 1060 1370 cap.
1094 1299 1180 1363 18,
1202 1297 1344 1367 quod
1365 1304 1550 1366 postea
1579 1294 1822 1364 pluribus

239 1396 569 1467 synodorum
596 1393 828 1449 decretis
849 1391 1118 1445 ﬁrmatum
1139 1389 1259 1454 fuit,
1284 1389 1358 1442 ita
1381 1397 1562 1442 tamen
1585 1393 1645 1439 ut
1664 1383 1820 1438 Chri-

240 1485 408 1540 stiani
439 1498 544 1537 non
587 1482 950 1552 judaizarcnt,
987 1480 1126 1534 sicut
1163 1480 1453 1532 admonent
1483 1475 1669 1529 Patres
1696 1487 1824 1526 con~

240 1577 357 1631 cilii
389 1574 792 1630 Aurelianensis
813 1588 897 1637 ιιι,
924 1587 1048 1627 can.
1083 1571 1172 1636 28;
1203 1589 1220 1620 ι
1251 1569 1376 1639 quia
1400 1581 1714 1638 persuasum
1741 1570 1824 1617 est

239 1666 455 1737 populis
483 1666 572 1720 die
596 1663 876 1718 Dominico
906 1661 991 1732 agi
1022 1675 1143 1716 cum
1174 1658 1432 1722 caballis,
1480 1665 1573 1710 aut
1613 1655 1819 1717 bubus,

242 1765 337 1811 aut
367 1754 626 1810 vehiculis
671 1753 866 1809 itinera
898 1767 1005 1805 non
1051 1749 1246 1805 debere
1266 1788 1282 1813 ,
1319 1762 1492 1816 neque
1519 1745 1678 1799 ullam
1710 1758 1821 1796 rem

1915 574 2094 628 ﬁebat.
2149 575 2268 644 Ipsa
2319 574 2514 643 quippe
2569 570 2796 624 mutatio
2840 565 3265 627 consuetudinis,
3319 564 3482 617 etiam

1914 681 2034 735 qua:
2070 664 2284 734 adjuvat
2320 663 2571 726 utilitate,
2619 661 2855 717 novitate
2899 657 3198 726 perturbat.
3236 653 3480 722 Quapro-

1914 763 2033 823 pter
2078 769 2196 822 quze
2231 753 2377 806 utilis
2412 767 2520 805 non
2560 757 2660 813 est,
2713 745 3117 818 perturbatione
3155 741 3488 798 infructuosa

1917 853 2306 912 consequenter
2330 842 2489 896 noxia
2518 848 2619 895 est.
2658 859 2677 892 ›

2527 972 2754 1028 CAPUT
2785 971 2874 1026 IX.

1926 1115 1997 1168 De
2040 1112 2507 1177 communicatione
2542 1109 2814 1164 Scotorum
2853 1117 2900 1160 et
2947 1106 3254 1166 Britonunt,
3302 1120 3390 1172 qut
3432 1119 3487 1155 ιη

2164 1182 2371 1235 Pascha
2398 1190 2444 1234 et
2476 1190 2690 1232 tonsura
2720 1177 2962 1231 catholici
2991 1193 3090 1228 non
3115 1184 3253 1228 sunt.

1994 1297 2097 1363 Qui
2122 1297 2178 1349 in
2205 1293 2411 1348 Pascha
2439 1292 2517 1347 vel
2543 1302 2758 1346 tonsura
2784 1287 3054 1344 catholicae
3082 1305 3181 1341 non
3207 1296 3326 1340 sunt
3351 1287 3490 1340 adu-

1925 1389 2034 1441 nati
2084 1383 2351 1439 Ecclesia'.
2397 1384 2538 1438 Beda
2589 1381 2746 1450 hujus
2790 1379 3098 1435 schismatis
3141 1377 3405 1448 originem
3440 1386 3497 1430 et

1923 1491 2144 1532 causam
2170 1475 2273 1529 late
2299 1474 2556 1529 describit
2585 1473 2678 1528 lib.
2709 1489 2746 1526 ιι
2779 1471 2940 1535 llist.,
2984 1485 3103 1538 cap.
3143 1468 3233 1532 25,
3275 1484 3340 1522 ex
3377 1467 3498 1536 qui-

1924 1569 2025 1623 bus
2053 1568 2235 1621 multis
2263 1566 2376 1620 hate
2406 1579 2576 1634 pauca
2601 1581 2613 1616 :
2651 1581 2669 1614 ‹
2699 1562 2983 1629 Finitoque
3021 1559 3287 1617 conﬂictu,
3321 1571 3384 1609 ac
3412 1571 3500 1610 so-

1927 1659 2034 1713 luta
2067 1658 2348 1722 concione,
2382 1655 2689 1725 Agilbertus
2723 1654 2937 1707 domum
2965 1649 3142 1704 rediit.
3174 1648 3501 1703 Colmannns

1926 1749 2114 1804 videns
2159 1756 2396 1818 spretam
2444 1761 2595 1802 suam
2644 1743 2969 1806 doctrinam,
3016 1749 3326 1807 sectamque
3380 1751 3503 1790 esse

241 1846 317 1901 ad
344 1847 543 1900 victum
581 1857 906 1914 [impar-are,
929 1840 1014 1895 vel
1045 1841 1112 1895 ad
1139 1840 1370 1893 nitorem
1401 1839 1590 1892 domus
1614 1833 1694 1887 vel
1725 1834 1820 1888 ho-
1848 1818 1895 1878 Β
1925 1839 2256 1909 dcspectam,
2285 1836 2574 1906 assumptis
2599 1835 2682 1890 his
2705 1833 2794 1904 qui
2826 1848 2882 1887 se
2922 1832 3073 1903 sequi
3097 1830 3382 1883 voluerunt
3402 1869 3416 1891 ,
3449 1829 3501 1880 id

245 1934 413 1990 mittis
439 1933 795 2004 pertinentem
835 1930 1103 1985 ullatenus
1138 1928 1580 1996 exerceretquae
1623 1939 1711 1978 res
1756 1922 1823 1976 ad

240 2021 526 2079 Iudaicam
554 2021 722 2091 magis
751 2036 914 2091 quam
939 2020 1005 2074 ad
1032 2018 1394 2074 Christianam
1425 2013 1825 2070 observantiam

243 2113 522 2186 pertinere
562 2109 866 2181 probatur),
914 2109 967 2164 id
1012 2109 1298 2164 statuimus
1341 2113 1401 2159 ut
1437 2105 1523 2159 die
1547 2103 1826 2158 Dominico

243 2201 393 2274 quod
421 2209 545 2255 ante
588 2199 704 2254 ﬁeri
729 2199 900 2263 licuit,
931 2197 1111 2261 liceat,
1141 2205 1246 2250 etc.
1287 2215 1305 2247 ι
1339 2194 1539 2248 Eadem
1577 2193 1828 2262 leguntur

247 2296 306 2351 in
335 2293 564 2349 concilio
591 2292 874 2354 Vernensi,
909 2305 1032 2345 can.
1065 2287 1151 2340 14.
1182 2286 1282 2354 Qui
1320 2300 1448 2340 vero
1475 2285 1614 2340 hanc
1642 2283 1828 2337 obser-

246 2383 488 2438 vantiam
515 2379 790 2435 Iudaicam
818 2380 1126 2441 tuebantur,
1151 2376 1286 2430 adeo
1314 2373 1631 2429 refelluntur
1650 2387 1681 2428 a
1704 2387 1828 2426 san-

247 2483 339 2530 cto
363 2471 626 2542 Gregorio
657 2470 846 2540 Magno
875 2477 931 2522 ut
963 2483 1058 2523 eos
1097 2466 1252 2536 quasi
1291 2463 1610 2517 Antichristi
1637 2462 1830 2532 prtedi-

249 2573 465 2619 catores
495 2568 767 2631 oppugnet
804 2558 897 2612 lib.
930 2574 1005 2622 tu,
1035 2572 1121 2627 ep.
1150 2557 1220 2610 ὃς
1261 2573 1280 2606 ι
1316 2553 1569 2615 Pervenit
1596 2552 1664 2606 ad
1707 2567 1792 2606 me
1813 2592 1827 2616 ,

248 2655 443 2724 inquit,
473 2651 732 2724 quosdam
759 2650 1000 2720 perversi
1021 2649 1242 2718 spiritus
1269 2646 1538 2709 homines,
1559 2659 1722 2714 prava
1755 2644 1832 2698 in-

250 2754 334 2800 ter
361 2760 458 2799 vos
482 2744 657 2812 aliqua
685 2751 740 2796 et
769 2750 971 2796 sancta:
1001 2738 1123 2793 ﬁdei
1154 2738 1380 2792 adversa
1406 2737 1722 2798 seminasse,
1755 2735 1828 2788 ita

254 2844 314 2887 ut
333 2833 420 2887 die
447 2831 651 2886 sabbati
683 2829 884 2899 aliquid
908 2827 1123 2898 operari
1144 2827 1512 2900 prohiberent.
1539 2824 1684 2891 Quos
1701 2823 1828 2892 quid

257 2924 428 2987 aliud,
457 2922 556 2978 nisi
580 2919 899 2975 Antichristi
920 2917 1298 2988 przedicatores
1323 2915 1594 2972 dixerim?
1621 2914 1712 2983 qui
1743 2927 1832 2966 ve-

258 3015 416 3070 niens
439 3014 572 3068 diem
597 3012 882 3067 sabbatum
923 3018 1085 3077 atque
1111 3006 1448 3060 Dominicum
1478 3006 1546 3059 ab
1571 3003 1718 3058 omni
1753 3002 1833 3058 fa-

251 3107 362 3160 ciet
386 3119 543 3174 opere
569 3101 848 3157 custodiri.
890 3120 909 3153 ι
948 3099 1080 3154 Vide
1109 3097 1199 3150 lib.
1233 3113 1249 3150 ι
1279 3096 1536 3165 Capitul.,
1561 3111 1610 3151 c.
1652 3094 1712 3147 71
1738 3135 1752 3158 ,
1777 3101 1834 3150 et

1924 1938 2007 1985 est
2028 1931 2120 2000 qni
2148 1929 2352 1984 Pascha
2379 1927 2701 1982 catholicum
2739 1934 2794 1979 et
2818 1933 3094 1978 tonsuram
3122 1938 3332 1976 corona:
3355 1921 3501 1991 (nam

1925 2029 1982 2074 et
2017 2020 2083 2074 de
2117 2021 2222 2074 hoc
2262 2019 2491 2088 quaestio
2520 2032 2628 2072 non
2671 2015 2894 2072 minima
2916 2013 3053 2084 erat)
3084 2014 3321 2066 recinere
3357 2010 3507 2064 nole-

1927 2110 2079 2173 bant,
2121 2108 2358 2163 Scotiam
2390 2121 2668 2178 regressus
2709 2114 2810 2169 est,
2860 2113 3187 2159 tractaturus
3226 2117 3345 2156 cum
3392 2101 3504 2155 suis

1927 2200 2057 2270 quid
2099 2199 2166 2253 de
2208 2199 2292 2253 bis
2320 2199 2500 2253 facere
2541 2199 2780 2263 deberet,
2813 2206 2917 2251 etc.
2954 2215 2972 2247 ι
3008 2195 3174 2250 Facta
3211 2202 3294 2248 est
3322 2201 3502 2248 autem

1929 2292 2045 2346 lucc
2069 2290 2294 2360 quaestio
2317 2304 2459 2344 anno
2486 2289 2780 2345 Dominicae
2809 2286 3198 2342 incarnationis
3223 2293 3503 2339 sexcente-

1928 2383 2066 2438 simo
2094 2383 2425 2453 sexagesimo
2449 2388 2662 2452 quarto,
2700 2380 2793 2450 qui
2822 2379 2923 2434 fuit
2967 2394 3141 2433 annus
3169 2377 3392 2433 Osuviui
3416 2392 3504 2431 re—

1930 2474 2012 2542 gis
2059 2467 2348 2526 vicesimus
2377 2470 2684 2528 secundus:
2721 2470 3062 2540 episcopatus
3100 2474 3279 2522 autem
3320 2465 3510 2520 Scoto-

1933 2580 2071 2627 rum,
2100 2578 2260 2633 quem
2291 2570 2576 2634 gesserunt
2598 2561 2651 2615 in
2678 2560 2954 2631 provincia
2979 2558 3296 2628 Anglorum,
3335 2571 3510 2610 annus

1934 2657 2257 2711 tricesimus.
2295 2654 2526 2710 Consule
2561 2668 2776 2724 quoque
2813 2650 3058 2721 Capitula
3098 2651 3293 2705 selecta
3320 2665 3384 2703 ex
3416 2664 3508 2704 an.-

1933 2750 2082 2818 tiqua
2106 2747 2432 2803 Collectione
2458 2759 2721 2800 canonum
2749 2743 3188 2805 l-liberncnsium,
3218 2741 3360 2795 edita
3385 2754 3414 2791 a
3439 2737 3504 2792 Β.

1934 2843 1996 2896 1).
2034 2840 2180 2895 Luca
2213 2839 2447 2894 Acherio
2484 2839 2538 2892 in
2579 2847 2725 2891 tomo
2759 2833 2828 2888 IX
2875 2833 3182 2903 Spicilegii,
3224 2831 3274 2884 in
3319 2829 3516 2898 quibus

1934 2931 2034 2988 ista
2075 2930 2464 2998 depromuntur
2497 2941 2565 2980 ex
2613 2925 2706 2978 lib.
2740 2940 2779 2986 1,
2833 2937 2952 2990 cap.
2981 2922 3014 2974 6
3061 2939 3073 2972 ι
3112 2939 3129 2969 ι
3169 2920 3242 2972 De
3292 2925 3516 2971 tonsura

1932 3021 2212 3097 Britonum
2236 3019 2421 3074 Gildas
2441 3017 2518 3070 ait
2543 3031 2559 3070 :
2583 3015 2829 3068 Britones
2857 3019 2968 3065 toto
2998 3009 3196 3063 mundo
3225 3003 3510 3069 contrarii,

1937 3113 2180 3168 moribus
2216 3110 2476 3168 Romanis
2508 3106 2732 3172 inimici,
2775 3120 2882 3159 non
2907 3103 3079 3157 solum
3113 3101 3166 3153 in
3194 3099 3378 3163 missa,
3419 3099 3516 3151 sed

249 3194 607 3264 Reginonem,
631 3193 723 3246 lib.
768 3191 880 3245 Ide
911 3187 1308 3244 Ecclesiasticis
1337 3185 1680 3256 Dlsciplinis,
1712 3199 1831 3254 cap.
1857 3171 1908 3236 C
1939 3204 2101 3259 etiam
2156 3204 2211 3257 in
2253 3212 2476 3256 tonsum
2531 3214 2654 3254 cum
2707 3194 2908 3252 judmis
2963 3193 3167 3246 umbm
3215 3189 3517 3243 ίυιω-οηιω

249 3287 390 3351 372,
440 3302 507 3340 ex
555 3285 682 3354 Cap.
715 3282 894 3338 Caroli
932 3300 944 3336 :
989 3301 1005 3331 ι
1045 3281 1169 3335 Tria
1209 3279 1450 3334 carraria
1495 3292 1659 3347 Opera
1706 3276 1832 3330 licet

249 3379 372 3434 ﬁeri
416 3377 690 3432 Dominica
721 3375 828 3439 die,
861 3374 912 3428 id
951 3381 1054 3437 est,
1103 3370 1315 3426 hostilia
1342 3384 1520 3435 carra,
1552 3367 1827 3430 victualia,

250 3469 339 3524 vel
370 3468 612 3538 angaria,
643 3475 695 3520 et
720 3467 764 3522 si
793 3465 932 3520 forte
961 3478 1183 3519 necesse
1206 3462 1292 3524 sit,
1325 3475 1518 3530 corpus
1545 3458 1834 3528 cujuslibet

249 3559 378 3621 duci
407 3559 473 3612 ad
502 3557 824 3626 sepulcrum.
861 3575 878 3606 ι
923 3553 1076 3610 Unde
1123 3552 1292 3622 liquet
1338 3550 1536 3604 rectius
1571 3549 1698 3620 legi,
1725 3549 1832 3603 sive

251 3649 532 3715 Dominico
557 3647 661 3711 die,
686 3662 867 3715 quam,
901 3652 1110 3714 excepto
1139 3641 1410 3695 Dominico
1432 3640 1534 3693 die.

330 3735 637 3790 ercorum
684 3734 924 3789 monachi
968 3748 1141 3786 servos
1188 3748 1290 3784 non
1337 3729 1547 3795 habent,
1595 3728 1834 3782 monachi

257 3827 619 3886 Romanorum
657 3826 864 3879 habent.
895 3824 972 3878 De
1016 3821 1298 3892 mancipiis
1326 3820 1692 3873 Romanorum
1721 3832 1835 3871 mo-

255 3921 561 3975 nachorum
585 3918 704 3972 vide
726 3915 917 3972 concil.
943 3915 1269 3986 Agathense,
1293 3927 1341 3966 c.
1365 3910 1464 3976 56;
1493 3925 1643 3964 conc.
1667 3908 1836 3979 Epao-

254 4025 455 4076 nense,
486 4025 604 4064 can.
639 4010 692 4064 8.

337 4142 660 4196 Manducant
719 4137 939 4193 Romani
983 4149 1001 4188 :
1053 4132 1224 4189 (ἵνανεὶ
1273 4147 1391 4186 vero
1443 4129 1586 4182 dicta
1632 4143 1840 4197 vespere

255 4233 425 4287 missa
473 4238 696 4283 caenam.
737 4228 812 4281 De
861 4225 954 4280 tali
1003 4223 1150 4276 varia
1197 4219 1583 4276 consuetudine
1621 4209 1840 4271 omnino

256 4321 490 4392 insignis
514 4328 596 4374 est
634 4318 815 4388 regula
851 4330 1011 4385 quam
1048 4321 1266 4368 sanctus
1301 4308 1632 4379 Augustinus
1676 4307 1841 4361 inter-

256 4425 483 4484 rogatus
533 4412 752 4466 exhibet
797 4410 850 4464 in
893 4423 978 4477 ep.
1031 4407 1155 4468 llS,
1199 4419 1316 4472 cap.
1365 4401 1420 4464 5,
1472 4401 1576 4454 hoc
1615 4398 1776 4453 modo
1818 4414 1860 4452 :—

263 4525 288 4557 ι
329 4504 413 4560 Ad
447 4506 562 4559 haec
589 4503 772 4572 itaque
811 4501 884 4554 ita
924 4497 1235 4567 respondeo,
1281 4502 1341 4547 ut
1387 4491 1515 4561 quid
1555 4490 1746 4544 borum
1773 4489 1844 4542 sit
1869 4511 1920 4569 ι)

259 4869 538 4944 quomodo
574 4870 974 4921 sacramentum
1023 4851 1425 4924 intelligendum
1462 4848 1563 4910 sit,
1608 4847 1844 4917 diSpute-

259 4977 412 5019 mus.
457 4957 714 5015 Similiter
758 4954 922 5009 etiam
963 4950 1009 5005 si
1048 4946 1176 5018 quid
1232 4945 1425 4998 horum
1470 4947 1581 4993 tota
1634 4952 1729 5008 per
1757 4951 1847 4990 or-

258 5054 393 5107 bem
415 5048 717 5118 frequentat
743 5041 983 5098 Ecclesia
1019 5037 1153 5092 Nam
1172 5035 1277 5090 hoc
1296 5031 1424 5101 quin
1443 5030 1514 5087 ita
1538 5026 1844 5082 faciendum

260 5144 365 5205 sit,
394 5141 664 5210 disputare
694 5131 1128 5192 insolentissimae
1155 5124 1379 5181 insania:
1401 5130 1501 5176 est.
1543 5119 1650 5174 Sed
1671 5133 1844 5186 neque

263 5235 377 5289 hoc
406 5208 578 5300 neque
603 5228 731 5284 illud
758 5227 901 5280 inest
946 5222 1000 5275 in
1039 5235 1105 5275 eo
1127 5217 1268 5286 quod
1309 5222 1366 5268 tu
1403 5211 1620 5282 quaeris.
1655 5208 1846 5264 Restat

265 5324 440 5395 igitur
473 5332 533 5378 ut
569 5323 634 5376 de
666 5320 756 5374 illo
793 5317 952 5372 tertio
993 5328 1189 5384 genere
1218 5311 1290 5364 sit
1326 5305 1468 5376 quod
1494 5319 1591 5374 per
1617 5303 1736 5356 loca
1759 5316 1846 5355 re-

267 5393 566 5488 gionesque
589 5410 848 5468 variatur.
886 5405 1074 5462 Faciat
1104 5417 1232 5473 ergo
1260 5399 1487 5469 quisque
1515 5393 1658 5465 quod
1692 5393 1746 5446 in
1782 5407 1845 5447 ea

268 5485 513 5566 Ecclesia
551 5505 604 5559 in
633 5516 796 5573 quam
832 5499 993 5560 venit,
1028 5493 1309 5550 invenerit.
1353 5489 1466 5542 Non
1507 5487 1650 5541 enim
1691 5485 1848 5554 quid-

267 5616 435 5672 quam
479 5610 664 5652 eorum
714 5599 899 5648 contra
944 5589 1102 5643 ﬁdem
1150 5584 1248 5646 ﬁt,
1295 5589 1388 5635 aut
1433 5587 1620 5634 contra
1671 5589 1848 5629 mores

268 5668 401 5748 hinc
442 5689 524 5744 vel
550 5686 671 5742 inde
699 5683 966 5739 meliores.
997 5677 1092 5734 His
1117 5674 1260 5731 enim
1296 5671 1495 5732 causis,
1536 5668 1590 5723 id
1620 5675 1723 5730 est,
1756 5673 1848 5720 aut

269 5787 494 5853 propter
538 5777 718 5840 ﬁdem,
778 5780 870 5828 aut
911 5777 1132 5841 propter
1194 5776 1392 5827 ntorcs,
1437 5758 1518 5821 vel
1573 5754 1845 5818 emendari

1934 3298 2231 3353 servientes
2260 3293 2435 3363 potius
2474 3304 2636 3360 quam
2688 3285 2923 3347 veritati,
2964 3293 3023 3337 ut
3053 3280 3279 3336 Romani
3307 3278 3514 3342 dicunt,

1933 3401 2160 3457 quarunt
2215 3394 2434 3438 tonsura
2472 3396 2602 3433 aure
2649 3377 2717 3432 ad
2775 3387 2960 3428 aurem
3003 3377 3206 3424 tantum
3243 3367 3518 3436 continge-

1932 3454 2048 3543 bat,
2074 3491 2174 3547 pro
2195 3471 2509 3528 excellentia
2539 3469 2651 3537 ipsa
2676 3477 2957 3535 magorum
2984 3470 3227 3522 tonsura,
3270 3471 3376 3524 qua
3399 3454 3514 3510 sola

1934 3571 2086 3632 frons
2113 3565 2352 3622 anterior
2376 3561 2483 3632 tegi
2523 3558 2751 3621 solebat,
2775 3553 3040 3624 priorum.
3067 3549 3355 3602 Auctorem
3383 3557 3515 3598 vero

1936 3665 2095 3734 hujus
2140 3670 2375 3714 tonsurae
2418 3655 2473 3709 in
2502 3649 2757 3707 Hibernia
2785 3643 3081 3732 Subulcum
3111 3639 3251 3708 regis
3280 3634 3515 3706 Loigairi

1937 3754 2051 3816 ﬁlii,
2085 3750 2190 3805 illis
2214 3744 2490 3802 exstitisse
2518 3737 2740 3795 Patricii
2791 3748 2970 3790 sermo
3000 3737 3248 3793 testatur,
3291 3742 3359 3780 ex
3403 3740 3514 3793 quo

1938 3843 2296 3900 Hibernenses
2316 3850 2452 3906 pene
2467 3844 2657 3888 omnes
2697 3829 2838 3882 hanc
2862 3833 3137 3878 tonsuram
3151 3821 3515 3885 sumpserunt.

1939 3935 2047 3990 Sed
2072 3931 2232 3993 Beda,
2250 3905 2342 3983 lib.
2361 3942 2414 3990 v,
2436 3939 2554 3993 cap.
2568 3921 2629 3975 at
2645 3961 2659 3984 ,
2677 3918 2842 3973 refert
2861 3911 3143 3984 epistolam
3159 3905 3410 3964 Ceolfridi
3431 3905 3521 3958 ab-

1937 4025 2081 4083 batis
2104 4023 2171 4076 ad
2200 4021 2485 4075 Naitanum
2513 4014 2604 4084 qui
2633 4013 2708 4066 sic
2733 4009 2941 4079 judicat
2975 4005 3043 4059 de
3072 3999 3368 4072 quaestione
3398 4005 3518 4051 ton—

1939 4128 2081 4169 sura:
2109 4129 2120 4163 :
2161 4128 2178 4160 ι
2214 4109 2410 4164 Verum
2439 4105 2484 4160 si
2517 4099 2757 4174 profiteri
2787 4098 2940 4152 nobis
2971 4095 3202 4149 liberum
3231 4098 3337 4154 est,
3387 4086 3515 4156 quia

1941 4214 2176 4258 tonsurae
2196 4198 2484 4258 discrimen
2513 4209 2619 4250 non
2650 4197 2862 4252 noceat,
2888 4187 3081 4256 quibus
3105 4197 3239 4254 pura
3265 4180 3318 4233 in
3344 4177 3514 4232 Deum

1940 4292 2075 4348 ﬁdes
2109 4298 2164 4344 et
2189 4287 2426 4343 charitas
2455 4284 2508 4338 in
2559 4281 2863 4352 proximum
2896 4277 3103 4330 sincera
3149 4279 3250 4334 est,
3284 4267 3516 4320 maxime

1943 4397 2066 4443 cum
2099 4391 2372 4446 nunquam
2398 4373 2651 4432 Patribus
2700 4366 2981 4424 catholicis
3017 4363 3155 4416 sicut
3183 4359 3249 4414 de
3293 4357 3514 4410 Pascha:

1943 4473 2029 4529 vel
2057 4470 2177 4526 ﬁdei
2211 4466 2521 4524 diversitate
2548 4461 2850 4522 conﬂictus,
2883 4457 2957 4511 ita
3001 4453 3166 4508 etiam
3191 4451 3257 4504 de
3283 4457 3517 4502 tonsura:

1944 4563 2245 4622 dilferentia
2271 4560 2477 4628 legatur
2501 4555 2676 4624 aliqua
2706 4551 2873 4605 fuisse
2904 4541 3290 4602 controversia.
3328 4558 3345 4590 ι
3371 4538 3517 4592 Idem

1943 4841 2151 4901 clarant
2175 4849 2359 4892 eorum
2389 4831 2602 4892 littcrm,
2630 4842 2693 4880 ac
2720 4821 3017 4894 praesertim
3049 4816 3256 4881 Irentei,
3287 4828 3406 4884 quae
3425 4827 3521 4868 ex-

1951 4940 2098 4987 stant
2139 4927 2278 4998 apud
2299 4920 2590 4978 Eusebium
2621 4918 2714 4972 lib.
2746 4931 2799 4979 v,
2840 4930 2958 4982 cap.
2994 4911 3084 4973 2i,
3113 4918 3274 4976 atque
3295 4902 3520 4998 epistola

1951 4993 2250 5077 Firmiliani
2301 5016 2367 5070 ad
2406 5021 2654 5068 sanctum
2702 5005 3028 5077 Cyprianum
3083 5001 3224 5054 inter
3264 4993 3520 5066 epistolas

1951 5109 2122 5170 sancti
2157 5107 2410 5183 Cypriani
2445 5104 2609 5160 edita.
2653 5099 2761 5155 Sed
2799 5095 3016 5152 deﬁnita
3055 5100 3138 5147 est
3173 5089 3260 5145 illa
3294 5087 3520 5158 quaestio

1950 5207 2170 5260 decreto
2214 5196 2427 5256 concilii
2462 5192 2688 5257 Nicatni,
2737 5188 2878 5260 quod
2906 5185 3158 5253 deinceps
3192 5195 3379 5236 omnes
3423 5194 3520 5234 ca-

1953 5293 2136 5351 tholici
2165 5287 2406 5346 unanimi
2435 5298 2698 5342 consensu
2736 5276 2966 5348 amplexi
2995 5282 3140 5330 sunt.
3188 5272 3322 5326 Vide
3357 5270 3524 5324 Ense.

1947 5389 2118 5450 bium,
2153 5384 2246 5438 lib.
2280 5396 2338 5436 ιιι
2369 5379 2434 5434 de
2457 5377 2574 5432 Vita
2598 5369 2954 5432 Constantini,
2983 5381 3102 5435 cap.
3131 5364 3229 5428 l9;
3272 5370 3522 5416 sanctum

1948 5474 2302 5534 Athanasium
2345 5470 2411 5524 de
2452 5465 2706 5539 Synodis,
2741 5470 2797 5518 et
2836 5460 2900 5515 ad
2944 5457 3225 5519 Africam;
3276 5458 3523 5506 sanctum

1949 5570 2240 5642 Epiphan.,
2255 5566 2448 5620 htnres.
2474 5576 2576 5618 Lxx
2601 5576 2614 5624 ;
2634 5563 2878 5612 sanctum
2895 5551 2944 5606 J.
2969 5551 3366 5618 Chn'sostom.,
3381 5546 3523 5597 orat.

1947 5639 2196 5732 521mm.
2228 5659 2305 5725 V;
2338 5652 2686 5716 Theodorct.,
2727 5647 2819 5702 lib.
2852 5662 2889 5711 I,
2924 5657 3039 5713 cap.
3072 5639 3122 5694 8.
