4060 6350
526 400 535 407 _
635 331 783 391 ius

1245 453 1469 512 CAPUT
1508 457 1575 512 Χ.

1101 563 1176 619 De
1207 568 1403 622 vexatis
1428 586 1461 622 α
1489 569 1719 625 diabolo.

700 651 770 707 Et
798 668 901 708 non
943 656 1061 710 ausi
1090 672 1270 712 sumus
1323 675 1475 714 orare
1522 677 1619 732 pro
1659 661 1774 718 illo.
1806 663 1971 720 Cone.
2018 666 2195 723 Aure-

624 743 867 799 llanense
890 760 951 811 Ii,
977 760 1095 800 can.
1124 746 1191 801 15
1218 764 1231 801 :
1266 766 1286 799 ι
1319 748 1632 806 Oblationes
1666 752 2060 817 defunctorum,
2104 757 2195 825 qui

624 832 681 890 in
720 835 901 906 aliquo
938 836 1167 891 crimine
1212 837 1413 894 fuerint
1450 840 1757 912 interempti
1808 844 1973 914 recipi
1996 845 2195 901 debere

625 940 926 989 censemus.
964 927 1009 981 si
1036 934 1217 982 tamen
1250 944 1360 985 non
1403 930 1506 1000 ipsi
1547 932 1648 987 sibi
1690 944 1921 989 mortem
1960 935 2194 1005 proben-

622 1026 713 1072 tur
744 1018 975 1092 propriis
1027 1014 1275 1075 manibus
1330 1021 1592 1078 intulisse.
1632 1042 1652 1076 ι
1709 1023 1914 1079 Concil.
1963 1025 2194 1081 Bracha-

620 1122 777 1163 rense
805 1124 1010 1177 11,031].
1034 1109 1145 1165 16:
1175 1128 1195 1161 ι
1229 1110 1363 1169 Item
1399 1111 1601 1181 placuit
1623 1121 1681 1167 ut
1706 1114 1793 1169 his
1828 1115 1919 1185 qui
1946 1115 2049 1171 sibi
2064 1115 2193 1185 ipsis

617 1205 711 1252 aut
732 1213 831 1268 per
859 1198 1083 1266 ferrum,
1108 1208 1204 1255 aut
1238 1215 1338 1271 per
1360 1218 1646 1270 venenum,
1684 1212 1777 1259 aut
1823 1221 1920 1275 per
1945 1205 2193 1279 principi-

617 1289 773 1354 tium,
802 1299 894 1345 aut
920 1293 1289 1367 suspendium,
1324 1294 1410 1348 vel
1438 1297 1676 1364 quolibet
1702 1298 1862 1352 modo
1895 1298 2191 1383 violentam

614 1380 854 1437 inferunt
898 1392 1146 1448 mortem,
1199 1384 1344 1441 nulla
1373 1400 1471 1455 pro
1516 1386 1622 1443 illis
1650 1389 1706 1443 ln
1743 1389 2017 1446 oblatione
2040 1380 2190 1447 com-

614 1474 935 1528 memoratio
960 1474 1075 1540 tlat,
1113 1490 1285 1545 neque
1324 1492 1447 1532 cum
1489 1478 1712 1547 psalmis
1758 1479 1825 1533 ad
1856 1481 2188 1551 sepulturam

614 1579 803 1625 eorum
822 1565 1089 1631 cadavera
1115 1565 1465 1636 deducantur.
1491 1568 1643 1622 Multi
1668 1570 1811 1624 enim
1841 1570 1943 1625 sibi
1969 1573 2070 1627 hoc
2090 1587 2190 1643 per

611 1653 975 1724 ignorantiam
995 1664 1409 1723 usurpaverunt.
1440 1676 1459 1708 ι
1489 1656 1704 1712 Concil:
1724 1657 2185 1728 Antisiodorense,

609 1761 734 1802 can.
765 1748 830 1802 l7
856 1765 870 1801 :
898 1767 917 1801 ι
946 1747 1262 1817 Quicunque
1278 1763 1336 1805 se
1351 1749 1568 1819 propria
1588 1750 1869 1805 voluntate
1911 1752 1963 1806 in
1986 1767 2180 1821 aquam

606 1836 914 1907 iactaverit,
943 1845 1036 1892 aut
1074 1838 1271 1893 collum
1298 1838 1562 1909 ligaverit,
1589 1846 1680 1893 aut
1701 1841 1768 1895 de
1815 1841 2010 1896 arbore
2043 1856 2183 1911 pra:-

610 1928 932 1999 cipitaverit,
980 1936 1072 1983 aut
1108 1927 1252 1983 ferro
1279 1931 1631 1998 percusserit,
1684 1938 1777 1985 aut
1812 1931 2051 2000 qualibet
2087 1947 2181 1987 oc-

608 2021 827 2075 casione
846 2020 1163 2074 voluntariae
1184 2035 1242 2075 se
1262 2020 1425 2075 morti
1452 2020 1754 2086 tradiderit,
1780 2021 2004 2077 istorum
2031 2022 2181 2077 obla-

607 2108 687 2164 tio
739 2124 845 2164 non
887 2109 1195 2179 recipiatur.
1234 2129 1254 2163 ι
1304 2110 1504 2166 Eadem
1569 2113 1837 2167 sententia
1880 2113 2077 2183 legitur
2120 2113 2178 2167 in

602 2199 829 2259 Iudiciis
873 2201 1120 2272 Gregorii
1166 2201 1252 2268 ill,
1299 2218 1347 2257 c.
1376 2203 1477 2269 52;
1509 2203 1563 2257 in
1606 2203 1901 2273 Capitular.
1950 2204 2043 2259 lib.
2081 2220 2176 2273 vn,

602 2305 653 2350 c.
690 2289 815 2345 554.
847 2291 980 2346 Vide
1005 2289 1291 2362 Halitgar.,
1337 2292 1433 2359 lib,
1464 2308 1539 2357 tv,
1572 2308 1622 2349 c.
1660 2293 1729 2359 6;
1764 2293 1979 2363 Regin.,
2018 2294 2111 2350 lib.
2136 2312 2175 2350 ιι

603 2382 671 2437 de
694 2380 1065 2437 Ecclesiasicis
1093 2381 1421 2451 Disciplinis,
1470 2398 1519 2437 c.
1551 2382 1639 2438 92.
1670 2382 1837 2439 Paulo
1864 2392 1988 2454 post
2027 2383 2178 2440 addit

600 2468 963 2525 Theodorus:
1016 2489 1035 2521 ι
1068 2469 1170 2537 Qui
1217 2485 1275 2526 se
1311 2470 1573 2526 occiderit
1613 2472 1834 2542 propria
1878 2473 2174 2543 voluntate,

598 2558 796 2616 missas
817 2574 918 2630 pro
944 2576 1011 2616 eo
1035 2560 1213 2616 facere
1243 2575 1351 2616 non
1378 2561 1529 2626 licet,
1558 2560 1654 2617 sed
1680 2570 1889 2643 tantum
1919 2578 2085 2619 orare
2121 2573 2179 2620 et

597 2651 970 2725 eleemosynas
1018 2654 1222 2724 largiri.
1258 2673 1278 2707 ι
1333 2654 1505 2721 Quam
1546 2656 1873 2711 sententiam
1931 2657 2177 2726 sequitur

595 2747 858 2816 magister
900 2746 1169 2821 llobertus
1218 2747 1286 2807 de
1332 2746 1679 2815 Flamesbure
1723 2748 1778 2803 in
1849 2763 1949 2805 suo
1994 2749 2175 2804 Pteni-

601 2840 830 2896 tentiali.

599 2930 801 2985 Selecta
824 2948 890 2986 ex
931 2929 1283 2985 Paenitentiuli
1310 2945 1407 2984 ms.
1446 2932 1685 3000 magistri
1712 2929 1919 2985 Ποιοεηί
1947 2946 2013 2986 ae
2037 2929 2172 2985 Fla-

1098 3000 1332 3054 mesbure
1345 3040 1360 3064 ,
1409 3000 1498 3054 lib.
1542 3017 1614 3054 iv.

664 3090 746 3154 De
775 3105 836 3144 eo
875 3090 966 3161 qui
1002 3090 1335 3161 ametipsum
1364 3091 1572 3155 occidit,
1604 3100 1696 3145 aut
1732 3091 1917 3162 laqueo
1960 3108 2016 3146 se
2053 3109 2170 3147 sus-

1702 345 1793 402 Αι)
1830 345 2367 404 manumanu
2406 350 2754 410 THEODORI

2208 468 2270 529 ,Α
2299 462 2516 531 pietatis
2536 476 2664 521 sunt
2685 466 3033 527 conferenda.
3057 489 3079 523 ι
3099 470 3195 527 Vir
3208 473 3280 529 cl.
3302 472 3353 529 J.
3371 474 3696 534 Sirmondus
3709 481 3875 540 anim-

3748 367 3876 425 illi

2299 552 2531 609 advertit
2577 556 2905 613 oblationem
2933 574 3035 629 pro
3078 576 3145 618 eo
3174 564 3268 633 qui
3313 565 3418 620 sibi
3447 581 3546 636 per
3579 573 3871 629 amentiam

2297 651 2527 697 mortem
2551 646 2900 712 consciverit,
2927 647 3047 704 ﬁeri
3068 665 3252 721 posse,
3269 663 3326 708 et
3343 656 3635 712 conﬁrmat
3652 674 3872 731 τωρωι.

2296 729 2449 784 sione
2464 730 2730 788 Timothei
2754 734 3106 793 Alexandrini
3131 755 3254 796 can.
3284 742 3370 797 ιδ.
3393 742 3530 799 cum
3553 748 3664 803 hoc
3686 729 3871 809 inloco

2294 820 2525 887 quastio
2549 821 2621 875 sit
2649 822 2717 877 de
2740 831 2961 893 peccato
2989 825 3201 895 furiosi,
3228 845 3338 886 non
3359 833 3466 887 erit
3488 834 3733 892 alienum
3752 854 3869 909 pro-

2294 921 2494 975 ponere
2510 912 2833 967 sententiam
2857 915 3101 986 magistri
3123 916 3457 989 Prepositivi
3482 924 3588 979 viri
3615 940 3723 981 suo
3738 937 3865 985 tem-

2289 1014 2424 1068 pore
2467 1000 2612 1057 inter
2654 1004 3008 1065 scholasticos
3035 1012 3253 1075 summi,
3279 1016 3369 1083 qui
3400 1016 3456 1071 in
3497 1034 3596 1073 sua
3646 1020 3859 1080 Summa

2289 1101 2503 1143 omnem
2531 1090 2694 1146 solvit
2721 1092 3089 1151 didlcultatem
3117 1102 3442 1159 auctoritate
3467 1103 3726 1177 Gregorii
3752 1110 3792 1164 l.

2291 1176 2496 1268 Selecta
2523 1197 2593 1236 ea:
2613 1180 2833 1239 Summa
2861 1201 2960 1241 ms.
2979 1184 3310 1260 Pm‘positivi
3339 1176 3643 1264 deprecato
3663 1199 3859 1268 [αἱαὶ.

2367 1285 2386 1319 ι
2422 1267 2577 1325 Sicut
2604 1274 2865 1341 quaeritur
2893 1276 2960 1332 de
2987 1277 3220 1345 delictis,
3255 1281 3330 1336 ita
3356 1284 3425 1337 de
3464 1286 3553 1341 his
3580 1267 3710 1357 quin
3741 1292 3862 1346 tiqu

2289 1367 2469 1415 mente
2488 1361 2736 1427 alienata,
2756 1366 2841 1420 vel
2864 1382 2964 1436 per
3004 1378 3329 1427 nocturnum
3355 1377 3654 1445 somnium,
3692 1390 3859 1439 utrum

2289 1449 2397 1503 sint
2426 1450 2757 1520 imputanda.
2789 1456 2858 1509 Et
2887 1457 3098 1515 videtur
3119 1463 3263 1530 quod
3292 1480 3419 1531 non,
3451 1469 3582 1536 quia
3614 1470 3858 1542 Augusti-

2288 1557 2393 1597 nus
2429 1543 2561 1598 dicit
2588 1562 2601 1598 :
2633 1544 2860 1616 Aliquos
2890 1551 3092 1605 scimus
3118 1553 3303 1609 subito
3331 1556 3618 1615 dementes
3666 1560 3856 1630 factos.

2288 1629 2456 1696 ferro,
2496 1631 2660 1700 fuste,
2702 1643 2759 1689 et
2787 1635 3057 1705 lapidibus
3081 1640 3281 1698 multos
3303 1644 3577 1712 obruisse,
3608 1655 3858 1720 quosdam

2287 1723 2553 1779 occidisse
2611 1742 2625 1779 :
2680 1736 2868 1795 captos
2914 1743 3043 1784 vero
3085 1738 3139 1785 et
3180 1732 3350 1802 judici
3387 1735 3603 1794 oblatos
3650 1743 3858 1797 minime

2214 1792 2257 1852 Β
2286 1828 2409 1869 reos
2443 1812 2637 1881 factos,
2686 1792 2813 1886 quia
2843 1834 2949 1874 non
2976 1792 3279 1888 voluntate,
3317 1825 3412 1880 sed
3438 1829 3631 1884 nescio
3662 1846 3762 1901 qua
3802 1836 3855 1888 vi

2280 1904 2589 1973 impellente
2634 1907 2739 1962 hoc
2788 1907 3053 1965 fecerunt.
3105 1911 3239 1969 ltem
3287 1914 3620 1987 Augustinus
3662 1935 3679 1976 :
3728 1923 3851 1991 Quis

2279 2004 2471 2064 peccat
2509 1997 2566 2051 in
2593 2010 2660 2053 eo
2684 1999 2830 2068 quod
2858 2014 3050 2056 cavere
3099 2019 3206 2059 non
3236 2008 3454 2073 potest?
3500 2013 3652 2079 quasi
3680 2014 3843 2081 dim,

2280 2083 2478 2139 nullus.
2530 2086 2661 2141 Item
2707 2104 2723 2141 :
2762 2106 2780 2138 ι
2817 2088 2876 2143 Si
2919 2093 3355 2161 concupiscentia
3398 2112 3516 2167 qua
3540 2101 3610 2155 ad
3640 2102 3739 2158 hoc
3780 2106 3834 2159 in

2279 2174 2541 2230 meinbris
2588 2176 2930 2234 moribundis
2976 2180 3204 2249 habitat,
3232 2184 3438 2255 absque
3470 2188 3617 2256 culpa
3651 2202 3733 2244 est
3770 2194 3824 2246 in

2280 2272 2459 2320 mente
2505 2266 2618 2321 sive
2660 2268 2717 2322 in
2765 2284 2992 2338 corpore
3039 2272 3363 2331 dormientis
3408 2288 3640 2348 :quanto
3666 2284 3837 2353 magis

2277 2355 2484 2427 absque
2509 2358 2665 2429 culpa
2696 2369 2781 2415 est
2811 2362 2867 2416 in
2896 2378 3123 2435 corpore
3146 2382 3253 2421 non
3274 2373 3680 2429 consentientis.
3706 2376 3844 2447 Ergo

2277 2446 2390 2501 sive
2418 2446 2579 2503 fuerit
2606 2452 3062 2520 mente'alienata,
3106 2458 3219 2513 sive
3263 2475 3359 2529 per
3404 2465 3701 2529 somnium,
3731 2446 3831 2521 non

2277 2536 2589 2607 imputatur.
2621 2539 2727 2595 Sed
2753 2543 2823 2597 ad
2852 2545 2954 2600 hoc
2986 2550 3346 2617 respondetur
3379 2560 3439 2606 et
3487 2554 3686 2609 dicitur
3710 2560 3842 2626 quod

2277 2626 2394 2683 haec
2435 2628 2781 2701 intelligenda
2818 2643 2966 2702 sunt,
3010 2653 3135 2692 cum
3159 2641 3282 2710 quis
3314 2643 3469 2712 culpa
3498 2661 3599 2700 sua
3643 2649 3694 2702 in
3719 2649 3845 2704 hanc

2273 2718 2652 2774 necessitatem
2678 2737 2787 2777 non
2816 2727 2982 2780 venit.
3024 2745 3042 2778 ι
3069 2728 3322 2785 Etinfra:
3351 2751 3370 2783 ι
3395 2734 3713 2793 Communis
3740 2754 3846 2794 sen-

2275 2807 2441 2861 tentia
2462 2810 2849 2878 magistrorum
2868 2823 2985 2879 est,
3019 2819 3162 2886 quod
3183 2819 3273 2874 illa
3290 2822 3653 2892 imputantur,
3670 2828 3721 2881 in
3741 2829 3844 2907 qui-

2271 2896 2375 2951 bus
2397 2898 2519 2968 quis
2539 2902 2689 2955 venit
2711 2902 2865 2974 culpa
2887 2920 3004 2969 sua,
3037 2915 3093 2962 et
3112 2908 3215 2964 hoc
3241 2911 3506 2980 probatur
3534 2896 3844 2974 auctoritate

2272 2988 2416 3044 beati
2454 2990 2701 3062 Gregorii
2726 2994 2820 3063 qui
2853 2995 3152 3053 illusionem
3182 3006 3505 3058 nocturnam
3532 3006 3841 3078 distinguit,

2273 3078 2415 3147 quod
2445 3080 2491 3134 si
2517 3098 2583 3136 ex
2609 3090 2817 3139 natura:
2862 3086 3229 3156 superﬂuitate
3270 3093 3352 3147 vel
3392 3094 3717 3155 inﬁrmitate
3755 3101 3839 3155 tibi

594 3180 796 3251 pendit.
827 3158 1290 3236 considerandum
1333 3189 1440 3246 est,
1482 3182 1615 3237 utsi
1648 3182 1774 3251 quis
1798 3158 2002 3252 parens
2037 3183 2168 3238 velit

2272 3171 2502 3237 venerit,
2540 3173 2775 3230 timenda
2806 3192 2912 3232 non
2940 3187 3059 3243 est:
3092 3182 3138 3235 si
3185 3197 3253 3237 ex
3296 3184 3477 3254 culpa,
3506 3203 3538 3241 a
3564 3204 3839 3245 consecra-

482 3286 487 3292 ‘
592 3273 989 3344 eleemosxnam
1021 3273 1168 3341 dare,
1196 3274 1399 3329 tribuat
1434 3283 1529 3329 :et
1558 3274 1834 3329 orationes
1859 3274 1914 3328 in
1934 3273 2168 3344 psalmo-

591 3364 700 3419 diis
748 3363 911 3420 t‘aciat
946 3379 963 3418 :
1005 3364 1371 3421 oblationibus
1418 3373 1597 3421 tamen
1631 3374 1688 3420 et
1731 3365 1913 3421 missis
1960 3374 2165 3421 careat.

597 3473 618 3506 ι
644 3454 963 3524 Quicunque
991 3470 1049 3509 se
1068 3455 1587 3525 propriaivoluntate
1624 3465 1720 3510 aut
1744 3457 1799 3510 in
1841 3472 1979 3527 aqua
1997 3455 2170 3525 jacta-

589 3546 749 3612 verit,
780 3554 874 3600 aut
898 3542 1101 3602 Collum
1135 3546 1399 3618 ligavcrit,
1430 3556 1525 3604 aut
1547 3548 1620 3604 de
1640 3550 1836 3604 arbore
1864 3550 2168 3621 principiu-

591 3635 748 3701 verit,
790 3644 884 3691 aut
921 3634 1126 3692 furiose
1173 3638 1518 3706 percusserit,
1581 3647 1675 3694 aut
1728 3640 1969 3709 qualibet
2009 3656 2168 3697 occa-

587 3727 743 3785 sione
769 3734 961 3799 sponte
1001 3743 1097 3782 sua
1127 3742 1187 3782 se
1212 3729 1383 3799 morti
1398 3727 1707 3795 tradiderit,
1736 3729 1964 3791 istorum
1984 3731 2166 3788 oblata

584 3835 697 3887 non
720 3821 1072 3892 recipiantur.
1105 3819 1186 3875 Tu
1216 3820 1424 3887 dixisti,
1465 3820 1685 3891 Laqueo
1713 3821 1943 3877 traditur
1978 3823 2159 3893 periit,

586 3913 844 3985 laqueum.
869 3912 1069 3966 talibus
1093 3911 1399 3983 dereliquit,
1444 3914 1548 3968 hoc
1574 3913 1642 3973 ad
1668 3928 1770 3970 nos
1793 3914 2018 3969 omnino
2054 3930 2163 3971 non

584 4003 820 4072 pertinet
866 4020 885 4055 :
920 4017 1028 4057 non
1057 4002 1203 4056 enim
1244 4017 1569 4057 veneramur
1605 4004 1827 4059 nomine
1862 4013 2161 4076 martyrum

584 4108 683 4149 eos
710 4092 802 4164 qui
830 4093 939 4159 sibi
970 4092 1167 4148 collum
1196 4092 1501 4163 ligaverint.
1525 4094 1734 4149 Placuit
1761 4103 1824 4149 ut
1850 4096 1918 4167 iis
1938 4135 1959 4169 π
1992 4104 2098 4152 etc.
2135 4116 2154 4149 I

584 4183 664 4240 Ex
696 4198 907 4239 canone
929 4182 996 4237 16
1033 4182 1249 4239 concilii
1275 4183 1656 4241 Bracharensis
1684 4202 1747 4241 ιι.

655 4275 857 4347 Siquis
900 4274 1071 4337 subita
1109 4276 1394 4343 tentatione
1420 4287 1592 4331 mente
1623 4292 1722 4331 sua
1764 4280 2047 4346 exciderit,
2082 4281 2158 4334 sel

581 4382 675 4435 per
696 4363 958 4420 insaniam
979 4367 1201 4436 seipsum
1232 4366 1497 4431 occiderit,
1535 4367 1753 4437 quidam
1780 4386 1876 4439 pro
1922 4387 1982 4425 eo
2024 4374 2154 4427 mis-

580 4473 669 4511 sas
692 4455 914 4527 faciunt.
940 4454 1268 4527 Theophilus
1288 4455 1687 4511 Alexandrinus
1705 4458 1764 4513 in
1788 4459 1902 4515 suis
1931 4477 2157 4532 respon-

2273 3262 2418 3318 tione
2446 3269 2775 3323 sacramenti
2802 3279 3022 3325 arcetur
3068 3275 3347 3340 sacerdos,
3376 3279 3479 3333 etsi
3516 3295 3633 3335 non
3671 3298 3699 3335 a
3732 3298 3838 3350 per-

2268 3355 2532 3423 ceptione,
2568 3357 2672 3413 nisi
2716 3358 2807 3415 ubi
2832 3362 3131 3419 necessitas
3156 3368 3397 3436 exegerit
3422 3378 3482 3423 ut
3511 3370 3701 3426 divina
3721 3372 3833 3427 cele-

2264 3443 2493 3509 brentur
2521 3447 2589 3502 ab
2611 3462 2699 3507 eo.

2868 3565 3096 3625 CAPUT
3131 3570 3221 3625 XI.

2585 3671 2663 3727 De
2715 3678 3087 3749 quwstiom'bus
3133 3682 3522 3754 conjugiorum.

2338 3759 2447 3825 Qui
2482 3762 2537 3819 in
2587 3765 2921 3820 matrimonio
2964 3779 3243 3846 suntﬁnes
3303 3784 3476 3838 nocte:
3528 3778 3837 3836 abstineam.

2266 3847 2497 3906 Sanctus
2521 3851 2875 3923 Augustinus,
2904 3856 3041 3913 libro
3066 3876 3104 3915 ιι
3132 3871 3322 3917 contra
3370 3863 3648 3922 Julianum
3702 3870 3841 3925 Pela-

2263 3938 2480 4008 gianum
2510 3953 2576 3994 ex
2603 3941 2743 3997 libro
2769 3944 2837 3998 de
2879 3945 3221 4018 Philosophia
3274 3954 3447 4008 sancti
3499 3956 3780 4031 Ambrosii
3821 3979 3835 4015 :

2268 4045 2288 4078 ι
2324 4027 2494 4083 Mater
2518 4036 2697 4085 autem
2721 4032 2973 4089 vitiorum
3001 4040 3240 4094 omnium
3275 4027 3698 4116 incontinentia,
3729 4067 3840 4121 quae

2258 4119 2428 4175 etiam
2454 4119 2601 4176 licita
2624 4131 2801 4178 vertat
2825 4125 2879 4180 in
2901 4126 3115 4183 vitium.
3148 4130 3377 4202 Ideoque
3403 4134 3705 4206 Apostolus
3737 4119 3835 4197 non

2258 4208 2435 4263 solum
2464 4226 2494 4264 a
2533 4208 2890 4269 fornicatione
2919 4231 3019 4272 nos
3063 4220 3323 4287 retrahit,
3351 4238 3542 4279 verum
3593 4228 3649 4282 in
3707 4232 3837 4303 ipsis

2211 4301 2221 4381 ζ
2260 4300 2522 4371 coniugiis
2550 4303 2768 4358 modum
2792 4307 3078 4377 quemdam
3101 4310 3276 4377 docet,
3303 4321 3358 4367 et
3404 4323 3652 4387 tempora
3707 4300 3838 4393 prae;

2259 4393 2445 4448 scribit
2469 4394 2678 4451 orandi.
2732 4396 3106 4467 lntemperans
3132 4404 3276 4458 enim
3312 4406 3365 4459 in
3404 4409 3681 4481 eonjngio,
3712 4412 3836 4484 quid

2186 4499 2234 4559 ο
2259 4483 2403 4539 aliud
2427 4487 2533 4540 nisi
2556 4487 2774 4557 quidam
2799 4491 3012 4547 adulter
3037 4497 3223 4551 uxoris
3247 4506 3348 4551 est.
3388 4518 3410 4551 ι
3444 4483 3835 4573 Excerptiones

578 4549 827 4604 sionibus
873 4548 1149 4603 canonicis
1192 4548 1258 4601 ad
1300 4548 1789 4654 interrogationem
1837 4567 1928 4605 XIV
1975 4571 1989 4607 :
2028 4574 2048 4607 ι
2094 4555 2155 4611 Si
2187 4548 2227 4559 ⁷
2259 4575 2475 4645 [agnem
2502 4548 2860 4636 Εδδηοεηδίε
2883 4584 3298 4657 archiepiscopi,
3327 4604 3451 4644 can.
3487 4592 3591 4646 “0
3621 4548 3698 4647 ζ.
3736 4595 3833 4663 Qui

578 4642 721 4711 quis,
753 4656 877 4697 cum
905 4640 989 4697 sui
1017 4654 1237 4710 compos
1264 4655 1371 4695 non
1399 4649 1567 4707 esset,
1606 4641 1711 4697 sibi
1755 4658 1977 4700 manum
2007 4658 2153 4705 attu-

577 4731 721 4796 lerit,
752 4731 837 4787 vel
881 4731 1045 4785 etiam
1076 4744 1135 4785 se
1164 4730 1608 4803 principitaverit,
1654 4732 1786 4789 litae
1813 4735 2039 4805 oblatio,
2083 4758 2151 4797 an

578 4822 719 4877 non?
748 4820 1056 4893 Responsio.
1089 4819 1204 4875 Hoc
1237 4820 1398 4877 debet
1422 4822 1655 4891 clericus
1692 4823 2038 4894 discernere,
2081 4847 2151 4886 an

576 4927 766 4967 revera
793 4913 899 4968 hoc
924 4910 1137 4977 fecerit,
1174 4927 1299 4967 cum
1340 4921 1489 4985 esset
1507 4921 1708 4970 emotae
1745 4918 1962 4974 mentis.
1994 4919 2149 4992 Saepe

579 5004 725 5059 enim
752 5004 790 5058 ii
818 5004 909 5074 qui
952 5004 1019 5060 ad
1049 5019 1173 5060 eum
1198 5005 1285 5060 cui
1328 5007 1433 5063 hoc
1458 5009 1656 5077 accidit
1681 5013 1930 5079 attinent,
1963 5017 2150 5073 volen-

577 5109 659 5154 tes
706 5100 963 5170 consequi
1009 5101 1338 5157 oblationem
1392 5114 1447 5158 et
1499 5106 1800 5175 orationem
1850 5126 1952 5182 pro
1998 5113 2144 5184 ipso,

574 5190 932 5255 mentiuntur,
977 5199 1032 5247 et
1078 5193 1262 5248 dicunt
1311 5210 1435 5250 eum
1469 5213 1575 5252 non
1624 5197 1797 5274 fuisse
1836 5205 1978 5273 apud
2025 5219 2084 5261 se
2129 5224 2142 5260 :

572 5296 958 5351 nonnunquam
979 5290 1158 5337 autem
1175 5293 1397 5355 propter
1416 5285 1822 5368 insultationem
1840 5291 2141 5360 hominum,

571 5372 655 5429 vel
683 5372 864 5443 aliquo
909 5372 1014 5427 alio
1043 5375 1201 5429 modo
1227 5391 1326 5447 per
1370 5378 1750 5449 negligentiam
1790 5384 1897 5439 hoc
1923 5382 2138 5443 fecisse.

571 5463 724 5518 Tunc
749 5472 931 5518 autem
982 5480 1090 5519 non
1140 5473 1226 5522 est
1258 5480 1421 5536 super
1460 5484 1584 5526 eum
1617 5471 1863 5531 facienda
1902 5477 2139 5544 oblatio,

568 5561 653 5608 est
677 5552 821 5622 enim
848 5552 929 5608 sui
961 5553 1251 5610 homicida.
1284 5554 1509 5626 Oportet
1533 5576 1663 5632 ergo
1691 5563 1949 5622 clericum
1980 5582 2142 5625 accn-

568 5657 688 5703 rate
734 5646 1020 5711 sciscitari,
1075 5662 1143 5702 ne
1191 5649 1245 5703 in
1288 5648 1548 5718 judicium
1601 5655 1823 5712 incidat.
1857 5666 1881 5711 ι’
1928 5659 2133 5716 Coneil.

574 5735 994 5805 Arausicanum,
1047 5754 1165 5793 can.
1205 5738 1270 5793 15
1309 5756 1381 5807 τι
1436 5740 1752 5802 Amentibus
1807 5763 2139 5819 quaecunque

2256 4665 2310 4719 in
2338 4667 2682 4726 matrimonio
2710 4680 2854 4736 sunt,
2886 4673 3197 4731 abstineant
3225 4692 3283 4732 se
3313 4687 3426 4735 tres
3452 4690 3644 4738 noctes
3685 4693 3833 4739 ante-

2255 4771 2416 4825 quam
2439 4760 2856 4828 communicent,
2882 4771 2937 4817 et
2956 4781 3119 4820 unam
3147 4775 3431 4837 postquam
3459 4776 3833 4831 communica-

2253 4839 2445 4901 vcrint.
2472 4848 2600 4922 Inde
2622 4851 2698 4904 ait
2726 4851 3014 4922 Apostolus
3044 4873 3059 4909 :
3096 4856 3274 4911 Nolite
3296 4858 3553 4927 fraudare
3584 4864 3826 4928 invicem,

2252 4940 2359 5013 nisi
2394 4956 2461 4995 ex
2503 4959 2786 5011 consensu,
2828 4956 2884 5000 ut
2931 4951 3122 5004 vacetis
3165 4955 3392 5008 orationi
3425 4956 3498 5008 ad
3530 4965 3757 5029 tempus.
3803 4978 3821 5010 ι

2249 5030 2391 5086 Beda
2423 5033 2490 5090 de
2526 5033 2800 5107 chediis
2838 5049 3183 5108 peccatorum
3205 5085 3218 5109 ,
3247 5061 3367 5117 cap.
3398 5047 3467 5103 10
3499 5065 3514 5079 ’
3554 5068 3575 5100 ι
3624 5051 3727 5119 Qui
3774 5052 3825 5105 in

2249 5123 2594 5197 matrimonio
2620 5136 2745 5182 sunt
2773 5130 3079 5187 abstineant
3106 5149 3165 5188 se
3210 5145 3322 5192 tres
3356 5138 3824 5212 quadragesimas,

2246 5219 2303 5264 et
2328 5212 2383 5266 in
2408 5213 2685 5288 Dominica
2715 5229 2894 5287 nocte,
2919 5229 2973 5276 et
3001 5222 3055 5277 in
3084 5223 3337 5291 Sabbato,
3362 5235 3417 5283 et
3443 5227 3584 5285 feria
3608 5242 3824 5301 quarta.

2245 5306 2299 5352 et
2329 5301 2485 5356 tertia
2510 5304 2603 5373 qui
2634 5304 2871 5374 legitime
2900 5321 3046 5376 sunt,
3075 5322 3130 5367 et
3160 5322 3272 5369 tres
3299 5325 3497 5372 noctes
3515 5319 3829 5375 abstineant

2250 5402 2309 5444 se
2336 5399 2622 5462 antequam
2649 5399 3065 5454 communicent.
3099 5422 3116 5453 ι
3146 5403 3278 5459 Vide
3304 5404 3657 5475 Reginonem,
3681 5409 3777 5465 lib.
3801 5408 3832 5464 ι’

2249 5477 2319 5535 de
2344 5479 2737 5540 Ecclesiasticis
2762 5486 3089 5569 Disciplinis,
3118 5508 3236 5562 cap.
3269 5495 3404 5558 551,
3432 5513 3500 5553 ex
3538 5498 3820 5556 'Preniten—

2248 5571 2381 5626 tiali.
2409 5572 2544 5629 Vide
2571 5590 2784 5645 quoque
2809 5580 3064 5650 antiquos
3093 5582 3501 5643 Ptenitentiales
3526 5589 3723 5655 libros,
3754 5596 3821 5645 ac

2246 5663 2511 5749 praecipue
2537 5664 2983 5736 Andegavensem‘
3007 5688 3044 5726 ιι
3083 5683 3138 5728 et
3169 5691 3228 5729 ιιι
3250 5717 3264 5737 ,
3293 5677 3346 5731 in
3377 5680 3668 5749 appendice
3715 5681 3814 5735 lib.

2245 5753 2311 5808 de
2338 5748 2657 5811 Ptenitentia
2688 5760 2787 5815 viri
2817 5761 3112 5820 doctissimi
3138 5765 3187 5819 Ι.
3223 5766 3432 5824 Morini.
3466 5771 3668 5837 Quibus
3712 5775 3816 5828 ad-
