4060 6350
203 367 348 425 1145

1340 364 1822 422 OBSERVATION
1829 363 1913 418 ES
1952 362 2039 418 ΕΤ
2079 359 2308 418 NOTAE.

2544 286 2574 298 Ι

3309 366 3448 422 1116

193 479 427 552 jungam
454 492 575 548 qua:
595 476 757 548 selegi
787 493 850 532 es
879 476 1046 532 veteri
1073 476 1257 532 codice
1297 493 1401 532 ms.
1447 480 1551 534 viri
1590 479 1848 539 claris-‘A
1882 493 1975 532 sex
2018 475 2218 531 solidos
2254 475 2460 530 reddat.
2500 495 2521 529 ι
2561 473 2840 530 Theodulll
2878 475 3282 532 Aurelianensis
3307 482 3454 549 capi-

203 571 329 626 simi
358 569 568 624 Wionis
597 569 797 622 domini
830 567 1155 623 Herouvallii
1176 608 1191 633 ,
1215 567 1282 621 de
1310 569 1485 636 poenis
1517 583 1613 638 pro
1655 584 1780 638 pec-

204 666 344 721 catis
384 663 756 733 iniungendis,
787 672 840 718 et
869 679 937 717 ex
979 661 1342 717 Pcenitcntiali
1391 677 1493 716 ms.
1538 662 1782 732 magistri

212 755 443 810 Roberti
470 754 536 812 de
563 752 928 807 Flamesbure.

210 867 418 924 Selecta
465 884 529 920 ex
563 867 721 920 veteri
765 866 938 919 codice
971 882 1067 920 ms.
1111 866 1207 919 viri
1258 865 1535 919 clarissimi
1579 864 1783 918 Wianis

279 938 482 992 domini
513 935 865 997 Ilerouvailii,
901 936 964 989 de
1002 938 1163 1007 panis
1205 952 1299 1005 pro
1335 937 1559 1005 peccatis
1600 935 1781 1004 injun-

280 1008 482 1078 gendis.

289 1136 308 1168 ι
345 1117 450 1184 Qui
480 1131 676 1172 uxores
706 1115 926 1179 habent,
949 1117 1260 1170 contineant
1287 1131 1345 1170 se
1370 1116 1436 1170 ab
1463 1115 1542 1169 eis
1570 1114 1640 1167 40
1669 1114 1786 1168 dies

205 1217 335 1263 ante
363 1206 592 1269 Pascha,
623 1214 677 1259 et
707 1205 896 1260 LVataIe
938 1206 1170 1269 Domini,
1202 1215 1257 1259 et
1301 1207 1445 1259 omni
1483 1205 1781 1269 Dominica,

205 1307 261 1352 et
281 1298 440 1360 tertia
463 1304 518 1351 et
537 1305 690 1355 sexta
719 1296 872 1356 feria.
896 1297 997 1362 Qui
1014 1296 1291 1350 Dominica
1317 1312 1424 1350 non
1447 1311 1505 1350 se
1525 1296 1781 1360 continet,

207 1398 416 1458 septem
445 1389 561 1443 dies
579 1389 858 1458 paeniteat.
900 1409 918 1440 ι

209 1500 418 1556 Selceta
440 1516 506 1554 ea:
532 1499 886 1552 Pwnitentiali
917 1517 1012 1553 ms.
1043 1501 1281 1569 magistri
1311 1499 1518 1553 Roberti
1553 1500 1616 1553 de
1653 1498 1784 1552 Fla-

638 1570 871 1622 mesbare
890 1610 904 1633 ,
929 1569 1022 1623 lib.
1048 1586 1099 1623 tv
1117 1611 1131 1634 ,
1160 1585 1278 1639 cap.
1303 1570 1355 1622 6.

286 1680 307 1712 ‹
342 1661 401 1716 Si
429 1677 593 1716 causa
619 1661 973 1715 creandorum
1003 1661 1231 1716 ﬁliorum
1253 1662 1472 1717 ducitur
1500 1678 1660 1727 uxor,
1678 1678 1783 1716 non

208 1753 438 1807 multum
457 1752 714 1820 temporis
729 1751 942 1806 videtur
961 1767 1278 1807 concessum
1303 1755 1368 1805 ad
1391 1752 1564 1822 ipsum
1589 1767 1743 1806 usum
1767 1771 1779 1806 :

207 1843 336 1912 quia
356 1843 473 1896 dies
498 1813 620 1896 festi
649 1850 703 1895 et
724 1841 840 1895 dies
867 1843 1231 1910 processionis
1257 1851 1311 1897 et
1341 1813 1454 1912 ipsa
1485 1845 1621 1897 ratio
1662 1859 1782 1912 par—
1819 1813 1860 1871 Β

208 1944 297 1987 tus
319 1940 373 1987 et
400 1941 694 2001 conceptus
708 1929 864 1999 juxta
895 1933 1064 2002 legem
1099 1949 1314 1988 cessare
1343 1936 1675 2004 temporibus
1718 1936 1784 1990 iis

205 2024 410 2078 debere
451 2024 845 2076 demonstrant.
882 2043 901 2074 ι
939 2023 1005 2076 Ει
1036 2024 1174 2076 infra
1207 2042 1220 2076 :
1257 2044 1275 2074 ι
1326 2024 1549 2079 Maritus
1584 2041 1650 2080 ne
1677 2027 1785 2080 vim

210 2113 380 2168 faciat
404 2113 580 2174 uxori,
606 2120 802 2182 putans
826 2113 971 2166 omni
1003 2121 1244 2182 tempore
1269 2115 1502 2185 conjugii
1541 2115 1788 2170 volunta-

211 2215 321 2268 tem
354 2204 536 2258 licere.
566 2202 882 2271 Quicunque
911 2203 1067 2256 uxori
1093 2204 1330 2258 debitum
1360 2205 1568 2267 reddit,
1592 2221 1787 2259 vacare

211 2309 322 2348 non
348 2301 530 2362 potest
547 2293 795 2357 orationi,
820 2310 918 2348 nec
952 2294 1018 2348 de
1045 2295 1297 2349 carnibus
1318 2294 1453 2362 Agni
1479 2297 1782 2350 comedere.

209 2383 344 2439 Item
377 2383 419 2437 si
450 2398 620 2452 panes
649 2385 1030 2452 propositionis
1058 2386 1126 2438 ab
1159 2385 1244 2438 bis
1280 2385 1370 2454 qui
1420 2400 1620 2438 uxores
1663 2401 1788 2440 suas

211 2474 521 2541 tetigerunt,
549 2473 758 2528 comedi
781 2490 885 2528 non
913 2482 1180 2543 poterant,
1212 2483 1415 2542 quanto
1441 2476 1609 2545 magis
1635 2476 1789 2543 panis

213 2565 303 2620 ille
349 2566 442 2634 qui
495 2566 561 2619 de
611 2566 749 2620 ccelo
793 2567 1088 2630 descendit,
1119 2583 1222 2620 non
1249 2575 1424 2636 potest
1455 2567 1523 2620 ab
1569 2568 1654 2621 bis
1697 2568 1787 2636 qui

215 2660 590 2731 conjugalibus
613 2660 772 2730 paulo
815 2669 940 2714 ante
988 2661 1192 2715 hmsere
1223 2661 1577 2730 amplexibus,
1601 2661 1789 2716 violari

217 2759 379 2819 atque
399 2752 658 2822 contingi.
691 2751 806 2806 Non
829 2751 972 2821 quod
997 2752 1215 2820 nuptias
1233 2752 1670 2814 condemnemus,
1696 2753 1789 2806 sed

223 2843 362 2910 quod
413 2857 478 2897 eo
529 2853 790 2912 tempore,
835 2857 944 2911 quo
999 2857 1192 2897 carnes
1237 2842 1372 2911 Agni
1415 2843 1791 2896 manducaturi

225 2949 428 2994 sumus,
455 2949 646 2988 vacare
695 2950 724 2988 a
769 2934 1023 2988 carnibus
1057 2933 1365 2987 debeamus.
1423 2933 1790 3002 Quadraginta

217 3025 332 3078 dies
359 3032 495 3078 ante.
512 3023 740 3078 Pascha.
769 3024 1002 3079 Joannes
1027 3023 1310 3092 Jejunator
1334 3025 1789 3094 Constantinam-

215 3115 416 3170 litanus
450 3117 732 3186 episcopus
763 3117 815 3170 in
845 3115 1026 3171 libello
1064 3115 1430 3170 Pmnitentiali
1467 3117 1606 3185 apud
1635 3116 1786 3169 Grae-

213 3222 309 3261 cos
347 3206 720 3270 celeberrimo,
752 3221 912 3276 quem
952 3205 1002 3259 J.
1041 3206 1281 3260 Morinus
1320 3207 1403 3260 vir
1446 3205 1790 3260 doctissimus

211 3296 377 3350 edidit
406 3297 458 3350 in
489 3296 781 3364 appendice
811 3294 903 3349 lib.
934 3297 996 3349 de
1025 3295 1347 3350 Pmnitentia
1379 3310 1392 3349 ε
1424 3313 1442 3345 ι
1477 3294 1610 3349 Cum
1638 3310 1788 3357 vero,

209 3388 408 3456 inquit,
431 3387 673 3441 nonnulli
704 3397 830 3441 sunt
872 3388 963 3456 qui
1005 3403 1115 3456 pne
1161 3387 1494 3441 habitudinis
1534 3385 1788 3440 violentia

211 3494 272 3532 se
309 3477 456 3547 ipsos
481 3494 510 3532 a
541 3478 778 3547 peccatis
807 3492 873 3532 ne
901 3478 956 3531 in
995 3476 1110 3549 ipsa
1146 3477 1363 3546 quidem
1411 3492 1605 3550 magna
1653 3491 1790 3543 quae

209 3568 518 3637 dragesima
565 3568 836 3632 continere
883 3554 1130 3637 possunt,
1162 3566 1464 3634 cuiusmodi
1490 3577 1617 3621 sunt
1649 3583 1792 3636 saepe

208 3659 379 3711 etiam
418 3659 454 3711 ii
482 3658 572 3727 qui
601 3673 798 3712 uxores
835 3659 1055 3723 habent,
1079 3667 1290 3728 oportet
1338 3667 1392 3712 et
1435 3659 1580 3728 ipsos
1624 3657 1794 3728 pteni-

210 3750 407 3804 tentiis
436 3750 735 3819 completis,
765 3750 809 3803 si
853 3757 1134 3805 transeant
1177 3750 1302 3804 anni
1339 3749 1510 3812 multi,
1553 3765 1654 3804 nec
1701 3749 1819 3802 ha-'

211 3842 385 3895 beant
421 3856 525 3910 qua
555 3841 760 3895 ratione
799 3840 1219 3903 communicent,
1243 3854 1307 3894 eo
1331 3842 1471 3908 quod
1501 3855 1712 3908 semper
1741 3839 1794 3893 in

208 3937 441 3999 peccata
471 3929 729 3995 incidant,
758 3930 1034 3985 continere
1060 3944 1118 3984 se
1149 3945 1178 3982 a
1215 3937 1468 3999 peccato,
1494 3929 1684 3983 saltem
1719 3936 1798 3982 to-

212 4032 332 4075 tam
365 4029 609 4094 sanctam
640 4023 1124 4093 quadragesimam,
1154 4031 1210 4078 et
1239 4039 1360 4080 cum
1389 4024 1582 4080 timore
1613 4033 1668 4078 ct
1691 4034 1798 4078 tre-

210 4129 376 4168 more
424 4114 596 4168 tribus
644 4112 924 4177 Paschatis
971 4115 1160 4170 diebus
1212 4115 1633 4172 communicare.
1687 4116 1800 4170 Iloc

211 4213 407 4260 autem
437 4205 747 4258 haisitanter
781 4205 1025 4266 dicimus,
1061 4222 1125 4262 eo
1153 4207 1294 4277 quod
1324 4223 1355 4261 a
1378 4208 1654 4277 spurcitiis
1682 4225 1802 4263 car-

215 4294 442 4350 nalibus
481 4295 752 4350 abstinere
802 4313 907 4350 non
947 4306 1189 4366 possunt,
1224 4315 1330 4353 non
1372 4300 1514 4368 quod
1569 4301 1670 4355 hoc
1709 4299 1804 4353 ﬁat

211 4387 522 4441 secundum
547 4386 704 4439 aliam
733 4388 1128 4442 communionis
1164 4387 1541 4443 differentiam.
1588 4390 1642 4444 Si
1673 4405 1802 4444 vero

1885 565 2054 620 tulare
2095 565 2195 620 145
2236 582 2249 618 :
2298 584 2315 614 ε
2357 565 2748 620 Abstinendum
2787 574 2871 619 est
2900 566 3043 620 enim
3081 567 3134 620 in
3165 567 3250 622 his
3274 584 3454 624 sacra-

1882 657 2105 712 tissimis
2134 658 2322 713 diebus
2347 674 2377 711 a
2401 658 2718 729 conjugibus
2738 698 2752 723 ,
2776 667 2830 713 et
2858 667 3005 714 caste
3043 669 3098 714 et
3146 661 3234 730 pie
3277 662 3456 717 viven-

1882 749 2032 813 dum,
2062 757 2120 803 ut
2147 750 2479 804 sanctiﬁcato
2509 754 2670 806 corde
2690 758 2744 804 et
2768 766 2997 821 corpore
3023 753 3113 806 isti
3141 755 3311 808 sancti
3343 754 3459 814 dies

1883 837 2279 907 transigantur,
2321 846 2376 892 et
2425 838 2502 892 sic
2540 839 2888 908 perveniatur
2927 841 2993 894 ad
3039 841 3180 895 diem
3208 851 3455 899 sanctum

1882 925 2104 980 Pascha:
2135 945 2148 978 :
2190 927 2316 994 quia
2344 943 2480 996 pene
2507 928 2639 981 nihil
2669 927 2810 982 valet
2831 927 3095 996 jejunium
3140 931 3280 999 quod
3325 947 3458 986 con-

1877 1020 2044 1090 jugali
2088 1034 2250 1088 opere
2278 1019 2555 1088 polluitur,
2581 1027 2636 1074 et
2675 1018 2815 1088 quod
2862 1022 3157 1084 orationes,
3183 1022 3376 1092 vigilia:
3406 1032 3463 1078 ct

1882 1110 2233 1178 eleemosyme
2263 1125 2368 1163 non
2391 1110 2789 1164 commendant.
2824 1130 2841 1160 ›
2879 1110 3030 1168 Unde
3054 1111 3312 1180 magister
3349 1111 3459 1165 Ro-

1883 1201 2068 1254 bertus
2095 1201 2160 1254 de
2189 1199 2536 1253 Flameshure
2566 1200 2697 1254 dicit
2723 1202 2775 1254 in
2813 1217 2910 1255 suo
2946 1201 3328 1265 Pmnitentiali,
3354 1218 3460 1274 non

1884 1289 2046 1344 licere
2069 1290 2120 1344 in
2143 1290 2388 1344 Adventu
2422 1299 2476 1345 et
2512 1290 2566 1344 in
2605 1289 3030 1361 Quadragesima
3056 1289 3461 1343 matrimonium

1885 1382 2232 1435 contrahere.

1886 1486 2087 1542 Selecta
2116 1505 2180 1542 ex
2214 1488 2567 1544 Pccn-itentiali
2595 1506 2692 1541 ms.
2721 1491 2958 1557 magistri
2989 1488 3195 1543 Roberti
3224 1489 3288 1544 de
3330 1490 3460 1545 Ρια-

2222 1561 2488 1623 mesbure,
2518 1559 2610 1613 lib.
2643 1575 2682 1612 tt
2703 1600 2716 1623 ,
2747 1577 2861 1628 cap.
2894 1560 2926 1612 4
2950 1568 2999 1612 et
3029 1562 3112 1614 15.

1956 1649 2188 1719 Tempus
2217 1650 2475 1705 feriarum
2519 1657 2573 1704 et
2610 1650 2955 1705 interdictum
3004 1651 3246 1705 ecclesia:
3295 1653 3464 1721 impe-

1887 1741 2039 1795 diunt
2065 1740 2503 1806 matrimonium;
2534 1741 2658 1810 quia
2684 1741 2737 1795 in
2766 1741 3036 1806 Adventu,
3067 1744 3120 1795 in
3155 1742 3463 1814 Quadrage-

1888 1833 2046 1897 sima,
2075 1841 2131 1887 et
2164 1832 2452 1890 interdicto
2482 1831 2725 1893 ecclesiae
2751 1849 2856 1887 non
2883 1834 3229 1898 contrahunt,
3260 1833 3312 1887 id
3355 1842 3461 1898 est,

1888 1923 2216 1980 nondebent
2250 1923 2517 1981 contrahi.
2567 1923 2908 1992 Quzecunque
2959 1933 3134 1978 tamen
3185 1934 3464 1980 contracta

1888 2013 2107 2074 fuerint,
2144 2015 2382 2069 stabunt.
2423 2035 2442 2067 ι
2490 2015 2557 2071 Et
2598 2032 2717 2086 cap.
2753 2018 2856 2070 15:
2892 2034 2910 2066 ι
2939 2015 3040 2082 Qui
3070 2019 3122 2070 in
3152 2017 3465 2088 Quadrage-

1888 2103 2021 2156 sima
2051 2105 2364 2174 cognoverit
2391 2121 2618 2160 uxorem
2649 2121 2821 2168 suam,
2856 2115 2910 2160 et
2942 2106 3175 2160 noluerit
3202 2108 3472 2163 abstinere

1887 2195 1954 2248 ab
1981 2210 2063 2257 ea,
2092 2211 2257 2249 unum
2296 2211 2494 2249 annum
2522 2197 2803 2266 pmuiteat,
2829 2206 2922 2250 aut
2948 2197 3180 2265 pretium
3224 2197 3474 2251 videlicet

1886 2285 2075 2354 viginti
2104 2287 2341 2355 quinque
2369 2286 2660 2341 solidorum
2693 2287 2760 2340 ad
2799 2286 3086 2340 ecclesiam
3130 2287 3349 2350 tribuat,
3376 2295 3468 2339 aut

1888 2377 2214 2446 pauperibus
2237 2377 2542 2431 distribuat.
2571 2376 2627 2430 Si
2656 2393 2752 2446 per
2772 2377 3088 2430 ebrietatem
3117 2386 3171 2430 et
3199 2377 3316 2431 sine
3341 2391 3468 2432 con-

1889 2467 2172 2522 suetudine
2194 2468 2473 2530 acciderit,
2499 2468 2854 2536 quadraginta
2880 2469 2996 2522 dies
3016 2467 3296 2536 poeniteat.
3332 2487 3351 2518 ι

1960 2555 2094 2614 Inde
2125 2558 2197 2610 ait
2221 2555 2498 2626 Apostolus
2519 2563 2577 2609 ut
2614 2557 2815 2610 vacetis
2845 2556 3099 2610 orationi.
3151 2556 3264 2610 Hoc
3310 2555 3464 2610 Pauli

1890 2647 2198 2701 testimonio
2242 2647 2396 2703 multi
2444 2647 2637 2702 Patres
2680 2648 2996 2715 probarunt,
3025 2646 3340 2716 conjugatos
3377 2660 3474 2714 per

1890 2737 2161 2807 quoddam
2193 2746 2403 2805 tempus
2441 2738 2713 2791 abstinere
2756 2737 2953 2792 debere
2993 2751 3023 2790 a
3070 2737 3470 2806 conjunctione,

1891 2839 2181 2897 antequam
2235 2830 2636 2884 connnunicent
2689 2829 3028 2883 orationibus
3079 2828 3375 2893 Ecclesiae,
3415 2837 3470 2882 et

1890 2922 2265 2985 Eucharistite,
2293 2929 2384 2975 aut
2411 2921 2532 2975 aliis
2563 2922 2934 2975 sacramentis.
2966 2920 3328 2974 Tertullianus
3371 2919 3465 2973 lib.

1890 3014 1956 3067 de
1987 3012 2243 3067 Oratione
2275 3028 2395 3080 cap.
2441 3011 2540 3076 M;
2585 3011 2867 3079 Origenes,
2899 3013 2952 3064 in
3001 3010 3311 3063 Matthreum
3357 3017 3471 3061 tra-

1893 3112 2045 3157 ctatu
2073 3119 2156 3165 \‘l;
2208 3102 2400 3156 Petrus
2437 3101 2831 3156 Alexandrinus
2854 3102 2907 3154 in
2930 3101 3155 3170 epistola
3180 3101 3470 3164 canonica;

1895 3193 2186 3262 Gregorius
2232 3191 2507 3263 Nyssenus
2538 3192 2591 3245 in
2616 3192 2862 3246 oratione
2899 3192 2922 3244 1
2978 3191 3045 3245 de
3070 3190 3328 3245 Oratione
3369 3191 3476 3244 Do-

1890 3283 2119 3344 minica;
2163 3281 2402 3334 llilarius
2427 3281 2705 3342 diaconus,
2733 3282 2788 3334 in
2813 3280 3216 3334 Commentario
3243 3280 3410 3348 Epist.
3450 3279 3471 3332 Ι

1890 3375 1958 3428 ad
2009 3371 2290 3437 Corinth.,
2323 3387 2442 3440 cap.
2486 3387 2586 3435 vu,
2631 3371 2770 3422 inter
2818 3369 2990 3437 Opera
3050 3370 3111 3422 D.
3167 3368 3471 3432 Ambrosii;

1892 3465 1954 3517 D.
1979 3463 2216 3530 Joannes
2262 3462 2681 3531 Chrysostomus
2722 3459 2775 3512 in
2830 3475 2948 3528 cap.
2998 3459 3235 3512 Matthzci
3281 3473 3352 3521 vr,
3379 3456 3474 3510 ho-

1892 3555 2004 3608 mil.
2035 3554 2100 3607 19
2121 3593 2136 3618 ,
2159 3561 2211 3606 et
2241 3552 2294 3606 in
2327 3568 2443 3622 cap.
2481 3567 2542 3604 xv
2573 3550 2757 3606 homil.
2802 3549 2872 3602 42
2917 3559 2972 3603 et
3019 3550 3106 3602 57.
3146 3548 3476 3617 Theophilus

1890 3645 2288 3701 Aiexandrinus
2326 3644 2380 3697 in
2417 3642 2876 3712 Responsionibus
2923 3640 3226 3704 canonicis,
3251 3641 3472 3691 interro-

1893 3752 2000 3812 gat.
2031 3742 2064 3795 5
2094 3759 2107 3794 :
2144 3760 2161 3792 ι
2191 3739 2248 3794 Si
2276 3756 2420 3794 uxor.
2441 3755 2563 3794 cum
2593 3754 2692 3792 suo
2714 3737 2912 3792 marito
2940 3745 3102 3792 noctu
3127 3734 3472 3799 cohabitarit,

1894 3833 1977 3887 vel
2025 3831 2250 3885 maritus
2279 3845 2401 3883 cum
2441 3841 2628 3892 uxore,
2655 3826 2923 3894 simulque
2955 3825 3186 3881 coierint
3210 3839 3224 3876 :
3251 3823 3475 3876 debent-

1896 3941 1964 3980 nc
1993 3923 2423 3986 communicare,
2455 3937 2523 3974 an
2567 3921 2712 3974 non?
2757 3949 2829 3961 —-
2882 3917 3037 3988 Resp.
3096 3917 3210 3971 Non
3260 3917 3474 3981 debent,

1897 4036 2022 4075 cum
2043 4020 2240 4074 clamet
2260 4016 2548 4086 Apostolus
2583 4031 2595 4067 :
2631 4013 2812 4067 Nolite
2837 4010 3090 4080 fraudare
3119 4005 3475 4071 ineiccm,nisi

1898 4114 2033 4183 forte
2057 4127 2121 4165 ex
2147 4126 2400 4168 consensu
2449 4108 2517 4162 ad
2563 4116 2781 4175 tempus,
2825 4112 2880 4156 ut
2926 4101 3114 4156 vacetis
3165 4097 3411 4152 orationi.
3451 4117 3471 4148 ›

1901 4204 2078 4270 Quare
2108 4201 2266 4271 paulo
2308 4208 2430 4269 post
2479 4200 2554 4253 sic
2604 4195 2896 4266 respondet
2939 4190 3344 4260 interrogationi
3389 4188 3474 4252 15,

1901 4309 2021 4364 qua:
2052 4294 2123 4347 ita
2154 4291 2490 4362 proponitur.
2525 4289 2788 4357 Inter-reg.
2819 4285 2885 4339 15
2915 4303 2927 4338 :
2979 4303 2995 4334 ι
3039 4283 3108 4336 lis
3157 4282 3249 4350 qui
3289 4279 3476 4332 matri-

1903 4386 2070 4440 monii
2101 4384 2358 4439 societate
2383 4382 2711 4451 jnnguntur,
2736 4379 2786 4430 in
2821 4375 3140 4444 quibusnam
3168 4370 3480 4439 septimana:

212 4481 278 4534 in
302 4494 504 4547 magna
524 4477 930 4549 quadragesima
963 4479 1053 4548 qui
1088 4479 1218 4534 tales
1244 4488 1371 4560 sunt
1417 4481 1472 4534 in
1517 4480 1800 4535 mollitiem
1831 4506 1878 4564 υ
1905 4478 2094 4532 diebus
2140 4488 2441 4544 proponere
2482 4477 2730 4540 Oporteat
2771 4484 2799 4520 a
2843 4474 3032 4520 mutuo
3063 4461 3483 4564 Icopgress‘u'ab-

211 4569 534 4639 inciderint,
556 4586 727 4640 neque
755 4570 833 4626 sic
855 4573 1272 4631 communicent.
1301 4571 1360 4626 Si
1383 4573 1527 4627 enim
1548 4588 1578 4626 a
1601 4572 1803 4627 sanctis

211 4661 481 4717 Patribus
514 4661 786 4731 decretum
811 4663 884 4717 sit
913 4678 1007 4718 eos
1036 4663 1127 4732 qui
1165 4663 1220 4717 in
1245 4663 1611 4719 miserandum
1655 4663 1802 4717 illum

220 4758 402 4815 animi
450 4760 696 4812 morbum
731 4767 790 4821 et
832 4759 1294 4827 perturbationem
1342 4759 1593 4816 omnibus
1635 4757 1807 4812 domi-

216 4859 484 4913 nantem,
514 4865 676 4917 quam
719 4849 940 4913 Qtnnino
983 4849 1355 4918 derelinquere
1396 4847 1800 4909 difﬁcillimum,

225 4941 601 5014 quadraginta
635 4948 841 4994 tantum
866 4939 1055 5000 diebus
1087 4955 1118 4992 a
1146 4939 1524 4998 communione
1547 4938 1808 4992 arcendos

216 5049 375 5096 esse,
403 5048 529 5086 num
556 5031 722 5085 multo
749 5031 920 5101 magis
938 5031 1042 5086 erit
1072 5030 1125 5088 in
1156 5029 1576 5099 Quadragesima
1617 5030 1804 5083 obser-

218 5129 503 5190 vandum,
537 5118 749 5181 cum'id
791 5127 857 5179 de
903 5125 1114 5179 caneris
1161 5132 1216 5178 et
1261 5123 1634 5181 communibus
1681 5121 1809 5174 anni

221 5219 427 5274 diebus
447 5217 793 5272 deﬁuierint?
827 5236 844 5267 ι
873 5214 1016 5268 Beda
1047 5214 1113 5268 de
1141 5213 1411 5269 Remediis
1446 5220 1806 5280 peccatorum,

224 5324 358 5379 cap.
388 5310 464 5362 ἓξ
503 5328 522 5359 1
569 5308 836 5364 Uxoratus
881 5306 1153 5360 contineat
1199 5320 1256 5359 se
1312 5301 1663 5372 quadraginta
1697 5302 1812 5356 dies

222 5399 370 5456 anni
419 5409 544 5454 ante
603 5398 808 5452 Pascha
855 5405 910 5451 et
956 5395 1144 5449 Natale
1185 5393 1429 5458 Domini,
1463 5401 1517 5447 et
1545 5392 1690 5446 omni
1725 5391 1814 5445 die

221 5491 540 5556 Dominico,
559 5499 664 5545 etc.
699 5511 715 5541 ι
743 5490 810 5544 Et
831 5504 951 5558 cap.
979 5488 1046 5540 10
1084 5504 1097 5540 :
1143 5504 1161 5536 ι
1199 5485 1298 5552 Qui
1325 5485 1378 5539 in
1403 5483 1813 5554 quadragesima

229 5589 368 5637 ante
399 5581 605 5637 Pascha
635 5582 886 5651 cognovit
907 5595 1130 5634 uxorem
1157 5594 1309 5633 suam
1348 5585 1403 5632 et
1439 5576 1609 5632 noluit
1651 5575 1818 5630 absti-

234 5686 394 5732 nere,
421 5687 584 5725 unum
613 5687 812 5725 armum
852 5671 1129 5741 pamiteat,
1156 5669 1240 5724 vel
1261 5685 1416 5723 suum
1445 5667 1673 5738 pretium
1697 5667 1816 5721 red-

237 5760 337 5816 dat
369 5762 434 5815 ad
469 5761 776 5827 ecclesiam,
804 5761 884 5816 vel
916 5760 1240 5830 pauperibus
1271 5758 1492 5825 dividat,
1516 5757 1599 5810 vel
1633 5757 1816 5828 viginti

1905 4568 2177 4622 stineant?
2227 4565 2292 4618 Et
2343 4564 2664 4632 quibusdam
2703 4564 3026 4626 potestatem
3061 4553 3329 4608 habeant?
3357 4550 3482 4604 Res-

1903 4677 2052 4731 pons.
2077 4658 2228 4724 Quod
2253 4663 2376 4710 ante
2397 4655 2528 4717 dixi,
2555 4667 2696 4705 nunc
2719 4663 2935 4718 quoque
2960 4646 3100 4700 dico.
3150 4643 3289 4698 Dicit
3331 4642 3475 4712 Apo-

1904 4751 2112 4806 stolus:
2154 4747 2330 4801 Nolite
2368 4744 2652 4813 fraudare,
2691 4741 2790 4793 nisi
2831 4739 2965 4806 forte
3006 4752 3070 4790 ea:
3111 4750 3363 4788 consensu
3409 4733 3481 4784 ad

1906 4854 2127 4912 tempus,
2159 4851 2211 4892 ut
2238 4837 2426 4891 vacetis
2458 4833 2704 4897 orationi,
2735 4841 2782 4884 et
2823 4830 3008 4882 iterant
3059 4825 3370 4882 revertimim
3422 4825 3484 4876 in

1907 4934 2157 5002 idipsum,
2181 4944 2244 4980 ne
2269 4943 2353 4980 vos
2382 4932 2539 4977 tentet
2565 4923 2797 4977 Satanas
2817 4928 3026 4989 propter
3049 4915 3485 4970 incontinentiam

1909 5032 2150 5077 vestram.
2174 5015 2494 5072 Necessario
2519 5023 2701 5067 autem
2719 5052 2733 5076 ,
2761 5011 2983 5065 sabbato
3005 5017 3059 5060 et
3086 5007 3171 5060 die
3204 5005 3485 5060 Dominico

1910 5113 2180 5167 abstinere
2215 5115 2448 5178 oportet,
2488 5105 2630 5174 quod
2683 5101 2923 5171 spiritale
2960 5097 3283 5154 sacriﬁcium
3316 5096 3369 5150 in
3405 5095 3487 5150 eis

1911 5195 2136 5259 Doni'mo
2172 5199 2447 5258 offeratur.
2481 5217 2500 5249 ι
2531 5196 2731 5249 Eadem
2775 5193 3013 5262 reperies
3066 5189 3205 5259 apud
3241 5197 3485 5242 sanctum

1909 5294 2253 5350 Ambrosium
2281 5292 2335 5345 in
2377 5288 2633 5359 Apologia
2673 5286 2872 5348 David,
2907 5300 3024 5353 cap.
3076 5283 3134 5335 11
3159 5298 3174 5347 ;
3203 5274 3487 5334 ’δὴ-ἱοίιιω

1911 5402 2000 5457 pp.
2033 5386 2087 5439 in
2115 5385 2271 5454 epist.
2309 5383 2377 5435 ad
2410 5376 2604 5434 fratres
2629 5387 2683 5432 et
2710 5377 3054 5445 cocpiscopos
3089 5388 3183 5442 per
3212 5371 3483 5432 Africam;

1913 5486 2160 5532 sanctum
2183 5473 2568 5543 Hieronymum
2598 5471 2650 5524 in
2680 5469 2836 5538 epist.
2862 5467 2928 5520 ad
2970 5462 3372 5518 Pammachium
3417 5459 3485 5513 de

1915 5566 2168 5638 Apologia
2204 5580 2302 5635 pro
2331 5563 2482 5618 libris
2507 5563 2762 5615 adversus
2787 5557 3215 5618 Jovinianum,et
3239 5558 3484 5604 sanctum

1915 5659 2269 5732 Augustinum
2303 5656 2395 5709 lib.
2429 5656 2494 5710 de
2520 5653 2649 5707 Fide
2673 5660 2726 5705 et
2746 5651 3032 5720 Operibus,
3061 5661 3177 5715 cap.
3205 5643 3256 5696 6.
3285 5641 3485 5694 Eadem

1919 5762 2000 5810 est
2029 5750 2292 5808 sententia
2327 5747 2520 5804 Verani
2553 5744 2790 5816 episcopi
2837 5740 3084 5798 Cabcllire
3137 5737 3189 5790 in
3250 5732 3486 5804 quadam
