4060 6350
618 334 752 389 ΗΠ

1719 331 1800 386 AD
1838 328 2378 388 PﬂSNlTENTlALE
2419 331 2738 389 TllEODOR

3736 343 3870 409 1148

615 447 819 518 synodo
846 445 988 501 circa
1033 459 1160 498 ann.
1205 445 1320 500 I83.
1372 443 1571 498 Tamen
1618 442 1910 513 Gregorius
1963 443 2184 514 Magnus
2211 445 2262 502 Α
2287 439 2571 500 formantis
2593 447 2830 502 adverte.
2870 448 2962 503 llle
2989 459 3260 519 cperator,
3291 457 3344 505 et
3371 460 3426 505 tu
3455 453 3600 507 sacri
3629 458 3769 513 uteri
3790 477 3867 518 se.

616 535 893 592 existimat
905 533 952 588 ei
968 533 1129 588 licere
1145 540 1482 587 sacramenta
1499 532 1762 600 accipere,
1780 533 1871 601 qui
1889 534 1940 586 in
1957 533 2077 602 igne
2092 549 2187 601 po-

616 627 755 683 situs
783 625 954 680 nescit
981 624 1190 678 ardere.
1210 623 1451 691 Oportet,
1479 623 1652 691 inquit
1675 625 1730 678 in
1752 626 2100 694 responsione
2119 625 2188 678 ad

617 716 1090 787 interrogationem
1117 714 1181 767 l0
1202 713 1483 783 Augustini
1500 753 1514 776 ,
1530 713 1765 781 legitima
1789 714 1968 768 carnis
1999 715 2187 784 copula

618 818 678 865 ut
709 823 871 864 causa
907 805 1071 875 prolis
1099 805 1200 867 sit,
1224 820 1330 857 non
1368 803 1684 871 voluptatis;
1737 813 1790 856 et
1820 805 2000 858 carnis
2039 820 2187 860 com-

619 897 830 960 mistio,
859 892 1211 949 creandorum
1240 894 1533 947 liberorum
1552 893 1623 947 sit
1645 895 1837 963 gratia,
1879 910 1985 948 non
2029 895 2188 950 satis-

619 986 783 1042 factio
815 988 1084 1042 vitiorum.
1117 984 1173 1042 Si
1199 986 1320 1055 quis
1347 1000 1476 1055 ergo
1501 1001 1596 1040 sua
1633 989 1858 1057 conjuge
1889 1004 1993 1042 non
2033 990 2184 1059 cupi-

619 1078 743 1132 dine
775 1077 1064 1145 voluptatis
1116 1084 1328 1144 captus,
1370 1075 1466 1130 sed
1509 1075 1842 1130 solummodo
1894 1077 2186 1133 liberorum

615 1167 969 1221 creandorum
997 1167 1169 1237 gratia
1200 1167 1406 1230 utitur,
1439 1166 1542 1220 iste
1569 1167 1811 1236 profecto
1851 1169 1963 1222 sive
1999 1171 2064 1224 de
2105 1169 2186 1224 in-

614 1271 804 1328 gressu
826 1260 1088 1324 ecclesiaz,
1115 1275 1209 1314 seu
1233 1260 1298 1312 de
1321 1258 1583 1312 sumendo
1628 1261 1869 1329 corporis
1920 1262 2184 1317 Dominici

612 1350 999 1421 sanguinisque
1026 1352 1302 1422 mysterio,
1321 1366 1418 1405 suo
1439 1356 1522 1405 est
1542 1352 1922 1418 relinquendus
1943 1352 2180 1420 judicio;

615 1442 740 1510 quia
769 1458 798 1496 a
827 1443 981 1496 nobis
1010 1445 1284 1512 prohiberi
1321 1462 1427 1500 non
1458 1447 1635 1510 debet,
1661 1445 1752 1516 qui
1792 1446 1844 1500 in
1881 1446 2000 1514 igne
2034 1447 2181 1514 posi-

613 1537 702 1584 tus
740 1531 912 1586 nescit
945 1534 1152 1587 ardere.
1207 1534 1274 1587 Et
1317 1534 1458 1589 inter
1497 1535 1716 1591 Gmcos
1742 1535 1931 1589 Patres
1965 1544 2184 1588 sanctus

612 1620 858 1678 Clemens
895 1623 1292 1680 Alexandrinus
1330 1626 1422 1681 lib.
1458 1644 1531 1682 vu
1572 1626 1900 1682 Stromatum
1936 1645 1947 1679 :
1981 1628 2063 1682 Διὸ
2103 1632 2184 1681 καὶ

611 1712 808 1777 ἕστίων,
832 1718 913 1769 καὶ
941 1718 1120 1782 πίνων,
1148 1720 1231 1771 καὶ
1257 1727 1451 1790 γαμῶν,
1483 1721 1564 1773 ἐάν
1591 1720 1616 1772 ὁ
1637 1720 1778 1792 λόγος
1808 1717 1922 1794 ἔρῃ,
1955 1720 2076 1773 ἀλλὰ
2099 1723 2182 1772 καὶ

2291 540 2498 586 cretum
2548 535 2780 591 incestas
2819 537 3058 593 libidine.
3111 540 3206 595 Vel
3245 541 3481 613 pecudes
3517 543 3757 612 imitare,
3791 554 3866 606 vel

2290 619 2458 676 Deum
2489 639 2696 680 verere.
2738 627 2806 682 Et
2840 629 2970 699 quid
2999 630 3065 686 de
3099 633 3392 700 pecudibus
3428 631 3627 701 loquar
3648 635 3673 687 ἲ
3711 637 3866 694 Terra

2289 708 2402 779 ipsa
2433 727 2463 764 a
2495 717 2786 781 generandi
2815 734 2976 787 opere
3006 737 3146 790 smpe
3173 725 3465 792 requiescit
3489 744 3503 778 :
3527 731 3585 779 et
3624 728 3673 783 si
3712 729 3867 798 impa-

2289 803 2444 858 tienti
2483 805 2762 862 hominum
2804 811 2982 866 studio
3013 811 3175 880 jactis
3212 815 3527 886 frequenter
3574 823 3864 880 seminibus

2287 905 2597 964 occupatur,
2629 899 3014 969 impudentiam
3043 905 3234 960 multat
3264 909 3531 977 agricolae,
3553 921 3613 965 et
3634 912 3864 970 fecundi-

2288 991 2450 1038 tatem
2480 989 2762 1046 sterilitate
2789 1003 3105 1048 commutat.
3148 996 3222 1051 lta
3261 999 3477 1067 quidem
3509 1001 3565 1054 in
3604 1002 3737 1072 ipsis
3768 1006 3863 1061 ele-

2286 1078 2482 1133 mentis
2505 1096 2570 1134 ac
2593 1084 2887 1151 pecudibus
2916 1086 2985 1140 ab
3019 1102 3119 1140 usu
3155 1105 3260 1143 non
3299 1106 3514 1146 cessare
3551 1097 3859 1163 generandi,

2287 1176 2491 1222 natura:
2514 1173 2687 1240 pudor
2718 1183 2820 1228 est.
2849 1195 2868 1227 ι
2914 1175 3146 1232 Sanctus
3181 1178 3476 1249 Gregorius
3514 1182 3745 1252 Magnus
3779 1187 3858 1240 lib.

2286 1272 2382 1320 xu,
2413 1261 2639 1328 epistola
2669 1263 2758 1329 50,
2790 1266 2845 1319 in
2877 1281 3122 1336 respons.
3162 1271 3231 1324 ad
3265 1273 3532 1327 decimam
3570 1277 3859 1348 interroga-

2286 1345 2484 1401 tionem
2530 1349 2813 1422 Augustini
2842 1371 2854 1407 :
2885 1372 2903 1404 ι
2929 1355 3010 1409 Ad
3051 1357 3167 1426 ejus
3212 1375 3342 1414 vero
3391 1365 3746 1420 concubitum
3790 1369 3860 1422 vir

2284 1435 2400 1504 ejus
2428 1439 2684 1494 accedere
2709 1458 2815 1496 non
2837 1443 3013 1510 debet,
3037 1460 3315 1516 quousque
3337 1450 3429 1519 qui
3453 1452 3702 1522 gignitur
3728 1457 3858 1512 abla-

2284 1535 2480 1582 ctetur.
2541 1529 2710 1586 Prava
2757 1542 2935 1588 autem
2981 1541 3312 1592 consuetudo
3361 1541 3414 1594 in
3459 1543 3853 1616 conjugatorum
3937 1543 3942 1546 ’

2285 1617 2523 1672 moribus
2549 1623 2805 1688 surrexit,
2833 1625 3165 1681 ut.mulieres
3191 1628 3326 1684 ﬁlios
3355 1646 3492 1699 quos
3520 1635 3750 1704 gignunt
3772 1655 3854 1692 nu-

2286 1706 2417 1759 trire
2441 1715 2802 1774 contemnant,
2835 1727 3034 1780 eosque
3058 1714 3178 1769 aliis
3201 1717 3518 1775 mulieribus
3543 1724 3612 1777 ad
3637 1727 3855 1781 nutrien-

611 1803 833 1879 ὀνείρους
858 1806 1077 1879 βλέπων,
1108 1811 1171 1864 τὰ
1198 1808 1319 1881 ἅγια
1340 1820 1508 1875 narrt,
1525 1815 1608 1865 καί
1627 1819 1745 1866 νοεῖ.
1773 1819 1942 1869 Θαῦτη
1966 1812 2177 1883 καταρός

2285 1797 2408 1851 dum
2443 1798 2676 1852 tradant.
2715 1799 2866 1866 Quod
2899 1777 3150 1859 videlicet
3179 1823 3245 1861 ex
3291 1809 3403 1862 sola
3441 1827 3608 1867 causa
3642 1816 3855 1872 inconti-

611 1894 684 1953 εἰς
713 1896 877 1962 εὐχὴν
904 1897 1140 1952 πάντοτε.
1175 1898 1289 1952 Non
1327 1900 1483 1954 aliter
1510 1901 1676 1955 sentit
1704 1902 1958 1970 magister
1983 1901 2186 1956 ltober—

611 1989 698 2037 tus
717 1981 782 2040 de
798 1983 1142 2041 Flamesbure
1170 1988 1220 2040 in
1247 2004 1342 2043 suo
1373 1990 1733 2044 Pmnitentiali
1756 2000 1976 2061 propter
1992 2000 2179 2048 aucto-

611 2077 824 2130 ritatem
855 2077 1026 2132 sancti
1072 2077 1336 2150 Gregorii.

613 2186 815 2243 Selecta
843 2204 908 2240 ex
937 2187 1282 2261 Paenitentiali
1311 2208 1408 2244 ms.
1440 2194 1680 2261 magistri
1713 2192 1922 2247 Roberti
1958 2196 2022 2248 de
2047 2191 2181 2251 Fla-

1031 2260 1280 2322 mesbure,
1317 2261 1406 2316 lib.
1445 2260 1672 2332 1v,’cap.
1701 2263 1752 2316 6.

621 2385 624 2388 .
679 2345 902 2416 Oportet
928 2345 1219 2416 legitimam
1257 2352 1437 2404 carnis
1465 2353 1732 2420 copulam,
1768 2362 1828 2407 ut
1865 2369 2026 2410 causa
2057 2372 2183 2426 pro-

609 2437 674 2492 lis
702 2438 793 2502 sit,
820 2445 950 2501 etc.,
974 2445 1034 2492 ut
1059 2455 1240 2509 supra.
1282 2441 1346 2494 Et
1380 2442 1540 2508 paulo
1573 2451 1695 2511 post
1721 2463 1733 2497 :
1761 2444 1892 2498 [tem
1932 2454 2059 2501 tunc
2093 2450 2183 2503 ubi

607 2529 697 2598 qui
735 2536 855 2599 post
897 2530 1324 2584 commistionem
1357 2532 1596 2601 conjugis
1641 2533 1784 2588 lotus
1822 2550 1961 2603 aqua
1999 2535 2180 2603 fuerit,

605 2622 768 2677 etiam
799 2637 967 2676 sacra:
993 2622 1385 2676 communionis
1410 2625 1720 2693 mysterium
1747 2625 1888 2681 valet
1917 2642 2181 2697 accipere,

605 2725 725 2766 cum
752 2711 801 2764 ei
821 2711 972 2780 juxta
999 2710 1320 2779 praeﬁnitam
1360 2715 1679 2768 sententiam
1706 2715 1868 2770 etiam
1896 2717 2178 2772 ecclesiam

604 2798 816 2853 licuerit
845 2799 1068 2853 intrare.

675 2889 806 2942 Ante
838 2901 1046 2958 partum
1084 2899 1131 2943 et
1172 2903 1284 2961 post
1323 2904 1520 2963 tempus
1551 2896 1894 2965 purgationis.
1947 2898 2180 2954 Sanctus

603 2978 851 3032 Clemens
887 2978 1303 3044 Alexandrinus,
1352 2983 1444 3036 lib.
1494 2999 1530 3036 ιι
1575 2984 1907 3041 Stromatum
1942 3006 1955 3041 :
1997 3008 2013 3038 ι
2047 2988 2180 3042 Fru-

605 3069 770 3121 menti
793 3076 848 3122 et
876 3069 1085 3134 hordei,
1111 3078 1169 3123 ut
1191 3073 1446 3136 arbitror,
1477 3075 1793 3141 seminibus,
1831 3095 1950 3146 quze
1981 3095 2175 3135 conve-

603 3158 873 3213 nientibus
901 3158 1222 3226 dejiciuntur
1250 3163 1596 3232 temporibus,
1625 3169 1967 3236 praestantior
1998 3179 2082 3224 est
2113 3187 2176 3226 ac

600 3248 888 3317 pretiosior
913 3249 1094 3313 homo,
1121 3250 1210 3319 qui
1242 3253 1558 3318 seminatur,
1595 3256 1680 3309 cui
1710 3259 1891 3312 omnia
1920 3274 1950 3312 a
1982 3269 2176 3314 natura

601 3336 987 3406 producuntur.
1029 3339 1201 3408 Atque
1231 3341 1318 3394 illa
1345 3343 1562 3412 quidem
1587 3347 1792 3400 semina
1817 3349 2062 3418 agricolae
2091 3367 2177 3406 so-

599 3427 703 3482 brii
731 3427 1004 3497 dejiciunt.
1048 3429 1104 3483 Si
1133 3432 1275 3500 quod
1305 3431 1364 3486 lit
1388 3449 1516 3504 ergo
1538 3437 1812 3491 sordidum
1841 3449 1894 3493 et
1922 3455 2174 3509 spurcum

600 3518 857 3583 studium,
888 3519 940 3574 id
965 3528 1067 3584 est,
1099 3536 1129 3573 a
1155 3523 1499 3578 matrimonio
1523 3530 1955 3599 expurgandum;
1985 3548 2049 3586 ne
2075 3548 2173 3587 no-

596 3608 682 3665 bis
709 3611 906 3678 probro
939 3610 1052 3664 dari
1093 3615 1291 3681 possit,
1327 3617 1470 3683 quod
1503 3618 1783 3674 brutorum
1822 3623 2174 3679 animantium

598 3716 917 3770 congressus
971 3706 1141 3775 magis
1179 3713 1384 3760 natura:
1421 3710 1703 3764 conveniat
1741 3727 1901 3780 quam
1941 3715 2175 3770 humana

599 3792 904 3861 conjunctio
931 3796 987 3849 in
1017 3796 1131 3866 ipso
1161 3798 1338 3854 calore
1368 3799 1609 3855 Veneris.
1632 3822 1650 3856 ι
1687 3803 1754 3856 Et
1789 3804 1881 3858 lib.
1928 3823 1987 3860 ιιι
2026 3807 2176 3863 Stro-

598 3889 842 3934 rnatum:
873 3901 890 3933 ι
925 3883 1075 3940 Unde
1112 3885 1314 3940 nullum
1357 3903 1422 3943 ex
1464 3891 1736 3945 veteribus
1779 3908 1845 3945 ex
1891 3891 2174 3964 Scriptura

597 3971 918 4036 ostenderis,
960 3975 1053 4042 qui
1097 3991 1217 4030 cum
1255 3990 1562 4048 praegnante
1605 3998 1717 4037 rem
1759 3985 2024 4040 habuerit.
2068 3988 2174 4044 Sed

597 4069 882 4130 postquam
919 4067 1150 4132 gestavit
1178 4077 1410 4136 uterum,
1446 4082 1500 4126 et
1537 4084 1822 4145 postquam
1857 4081 2058 4134 editum
2097 4081 2174 4136 fe-

598 4162 712 4206 tum
740 4168 770 4205 a
796 4153 932 4209 lacte
975 4155 1206 4226 depulit,
1250 4177 1437 4218 rursus
1477 4179 1508 4218 a
1552 4165 1680 4222 viris
1723 4170 1964 4238 cognitas
2010 4169 2174 4227 fuisse

596 4259 811 4300 uxores.
862 4245 979 4300 Jam
1031 4249 1172 4304 htuic
1217 4266 1438 4321 scopum
1479 4263 1534 4310 et
1577 4257 1882 4314 institutum
1934 4263 2174 4320 invenies

595 4345 899 4392 servantem
930 4338 1126 4410 Moysis
1145 4351 1513 4411 patrem,cum
1540 4351 1831 4406 triennium
1857 4362 1979 4422 post
2005 4353 2175 4410 Aaro-

595 4441 719 4480 nem
746 4429 946 4482 editum
977 4429 1379 4500 intermisisset,
1413 4439 1661 4506 genuisse
1689 4441 1942 4512 Moysem,
1977 4453 2032 4500 et
2059 4463 2172 4502 rur-
2195 4459 2251 4525 ᾗ)

594 4535 685 4574 sus
711 4520 947 4576 Levitica
973 4524 1144 4579 tribus
1169 4543 1390 4583 servans
1421 4530 1559 4586 hanc
1588 4539 1790 4588 natura:
1811 4535 1984 4604 legem
2004 4555 2034 4592 a
2055 4540 2166 4596 Deo

594 4614 866 4678 traditam,
893 4616 1011 4670 aliis
1037 4634 1262 4674 numero
1300 4622 1475 4676 minor
1503 4623 1742 4693 ingressa
1770 4635 1854 4680 est
1882 4628 1935 4680 in
1966 4636 2168 4685 terram

592 4705 982 4771 promissionis.
1011 4727 1028 4758 ›
1071 4707 1302 4764 Sanctus
1329 4712 1645 4768 Ambrosius
1680 4715 1772 4768 lib.
1808 4733 1822 4769 ι
1858 4717 2066 4772 Comm.
2112 4721 2167 4773 in

593 4794 746 4857 Luc.,
781 4811 898 4866 cap.
930 4812 946 4850 1
977 4812 992 4850 :
1028 4816 1046 4847 ι
1073 4799 1140 4854 Et
1174 4801 1301 4868 quid
1327 4803 1522 4858 mirum
1552 4805 1617 4859 de
1649 4807 1972 4874 hominibus,
2003 4811 2047 4864 si
2075 4825 2168 4879 pe-

594 4885 757 4940 cudes
789 4902 1002 4956 quoque
1035 4897 1184 4944 muto
1208 4892 1440 4960 quodam
1482 4909 1642 4963 opere
1680 4895 1972 4966 loquuntur
2006 4915 2168 4971 gene-

595 4973 749 5026 randi
789 4975 890 5031 sibi
929 4978 1185 5043 studium,
1233 4997 1338 5034 non
1382 4982 1704 5039 desiderium
1739 5003 1858 5044 esse
1900 4993 2167 5047 coeundi?

596 5061 869 5129 Siquidem
890 5067 980 5120 ubi
1009 5069 1172 5122 semel
1206 5084 1422 5138 gravem
1452 5072 1629 5128 alvum
1661 5077 1761 5132 sibi
1791 5082 2072 5144 senserint,
2111 5091 2166 5138 et

593 5154 810 5226 genitali
838 5157 956 5213 alvo
982 5175 1165 5214 semen
1197 5173 1493 5232 receptum,
1519 5163 1632 5232 jam
1655 5184 1756 5223 nec
1785 5169 2070 5228 concubitu
2092 5175 2166 5228 in-

594 5244 831 5314 dulgent,
869 5263 967 5302 nec
994 5248 1268 5306 lasciviam
1299 5256 1547 5322 amantis,
1578 5261 1672 5312 sed
1709 5276 1894 5316 curam
1926 5268 2164 5332 parentis

591 5347 891 5390 assumunt.
929 5337 997 5392 At
1019 5354 1146 5395 vero
1175 5343 1422 5400 homines
1456 5363 1556 5402 nec
1589 5353 1883 5420 conceptis,
1915 5371 2013 5411 nec
2054 5358 2163 5412 Deo

590 5435 843 5493 parcunt:
871 5427 988 5484 illos
1008 5434 1389 5501 contaminant,
1416 5439 1557 5494 hunc
1576 5453 1914 5511 exasperant.
1940 5464 1958 5497 ι
1982 5445 2164 5502 Prius-

585 5532 743 5583 quam
763 5526 834 5585 te,
858 5519 1049 5590 inquit,
1077 5520 1355 5590 formarem
1375 5529 1427 5581 in
1455 5539 1621 5596 utero,
1645 5535 1760 5587 novi
1785 5545 1833 5588 te
1857 5550 1873 5587 .'
1895 5545 1950 5590 et
1971 5537 2024 5592 in
2047 5541 2161 5592 vul-

587 5623 651 5660 va
678 5610 864 5670 matris
882 5614 1203 5681 sanctiﬁcavi
1223 5625 1290 5671 te.
1330 5619 1411 5672 Ad
1429 5622 1783 5680 cohibendum
1811 5627 2157 5694 petulantiam

589 5706 753 5767 tuam,
788 5718 976 5759 manus
997 5705 1253 5774 quasdam
1279 5709 1352 5763 tui
1377 5713 1611 5770 auctoris
1636 5714 1688 5768 in
1711 5723 1864 5774 utero
1885 5720 2154 5776 hominem

2201 3114 2249 3178 C

2283 1888 2480 1942 tientia:
2503 1889 2713 1944 videtur
2740 1891 3044 1961 inventum;
3074 1897 3200 1965 quia
3225 1899 3350 1952 dum
3390 1915 3448 1954 se
3474 1905 3748 1960 continere
3765 1923 3854 1963 no-

2283 1976 2429 2042 lunt,
2482 1980 2784 2050 despiciunt
2825 1984 3028 2040 lactare
3073 2004 3206 2056 quos
3251 1991 3497 2060 gignunt.
3541 1995 3632 2049 Ha:
3679 1998 3851 2066 itaque

2282 2081 2402 2135 qua:
2431 2068 2568 2124 ﬁlios
2602 2087 2726 2125 suos
2761 2087 2826 2126 ex
2868 2091 3030 2144 prava
3063 2081 3452 2135 consuetudine
3493 2083 3607 2138 aliis
3649 2086 3716 2138 ad
3746 2102 3844 2140 uu-

2283 2159 2551 2214 triendum
2573 2162 2812 2228 tradunt,
2846 2165 2947 2220 nisi
2971 2169 3309 2238 purgationis
3335 2181 3527 2242 tempus
3550 2177 3829 2241 transierit,

2283 2251 2416 2304 viris
2443 2253 2553 2307 suis
2579 2269 2685 2308 non
2714 2255 2907 2311 debent
2935 2260 3242 2314 admisceri.
3274 2282 3293 2314 ι
3339 2264 3475 2333 Ergo
3498 2264 3643 2332 juxta
3671 2270 3836 2324 tradi-

2285 2341 2483 2396 tionem
2511 2342 2732 2398 Patrum
2765 2346 3076 2404 Theodorus
3101 2354 3312 2408 censuit
3341 2355 3711 2412 abstinendum
3735 2374 3849 2414 esse

2283 2433 2350 2487 ab
2377 2434 2711 2504 amplexibus
2736 2449 2861 2494 ante
2890 2451 3102 2511 partum
3132 2453 3186 2498 et
3215 2457 3337 2515 post
3368 2457 3576 2518 tempus
3593 2455 3850 2522 purgatio-

2283 2522 2387 2575 nis.
2434 2523 2584 2579 Unde
2612 2535 2795 2594 postea
2821 2528 3113 2600 Gregorius
3141 2533 3206 2586 ιιι
3232 2534 3445 2590 deliniit
3482 2539 3539 2592 in
3569 2541 3682 2598 suis
3707 2539 3845 2596 ludi-

2283 2613 2400 2676 ciis,
2426 2630 2476 2667 c.
2507 2614 2576 2668 25
2603 2634 2616 2668 :
2646 2634 2664 2666 ι
2687 2617 2840 2683 Quod
2871 2620 2915 2674 si
2950 2623 3074 2690 quis
3097 2621 3309 2689 fecerit,
3350 2627 3708 2699 quadraginta
3747 2632 3849 2685 dies

2282 2708 2565 2776 pmnitere.
2595 2729 2616 2764 ι
2670 2711 2800 2766 Vide
2847 2713 3014 2769 libros
3058 2717 3462 2775 Pmuitentiales
3513 2723 3762 2790 antiquos
3800 2723 3849 2778 in

2282 2799 2575 2866 appentice
2599 2799 2722 2855 libri
2751 2801 3084 2861 Pcenitentia:
3107 2809 3208 2862 vir-i
3233 2811 3534 2866 doctissimi
3564 2813 3618 2867 J.
3651 2815 3846 2880 Morini,

2282 2901 2345 2940 ac
2371 2889 2637 2958 praecipue
2669 2890 2888 2947 Librum
2925 2894 3352 2954 Pmnitentialem
3387 2901 3617 2959 Joannis
3653 2905 3849 2976 Jejuns-

2282 2977 2415 3030 toris
2443 2980 2675 3050 episcopi
2702 2982 3301 3056 Constantinopolitani,
3325 3001 3378 3046 et
3403 2994 3642 3050 alterum
3669 2999 3847 3070 Egber-
3905 2991 3910 2994 ’

2283 3064 2320 3117 ti
2350 3065 2704 3124 Eboracensis
2732 3073 3140 3145 archiepisc0pi.
3181 3079 3388 3144 Quibus
3413 3084 3618 3139 addam
3640 3064 3754 3156 qua:
3770 3104 3843 3143 ses

2277 3156 2381 3228 legi
2409 3173 2475 3212 ex
2503 3162 2670 3216 veteri
2700 3164 2883 3219 codice
2912 3167 2976 3221 de
2998 3170 3170 3236 poenis
3198 3187 3296 3238 pro
3320 3177 3561 3244 peccatis
3586 3178 3848 3248 injungeno

2277 3245 2379 3311 dis,
2424 3256 2478 3301 et
2527 3265 2593 3305 ex
2644 3249 3003 3310 Poenitventiali
3057 3262 3303 3327 magistri
3353 3262 3581 3318 Roberti
3633 3245 3696 3320 de
3735 3245 3846 3320 li‘la-

2276 3338 2546 3393 mesbure.

2277 3467 2483 3542 Selectar
2520 3488 2584 3525 ex
2627 3476 2780 3528 veteri
2821 3478 2997 3531 codice
3037 3497 3134 3533 ms.
3185 3483 3282 3536 viri
3324 3483 3613 3539 clarissimi
3660 3488 3848 3542 Wionis

2345 3540 2543 3663 ἀοωᾶῃὶ
2591 3543 2932 3613 Ilerouvalli,
2981 3549 3045 3603 de
3069 3553 3231 3620 poenis
3284 3570 3379 3622 pro
3416 3559 3648 3625 peccatis
3672 3540 3845 3628 Viujss-i»

2349 3627 2443 3666 aen
2486 3628 2548 3666 ιδ.

2347 3627 2548 3682 genazs.

2343 3743 2388 3799 A
2416 3747 2765 3816 conceptione
2793 3752 3135 3808 manifestata
3170 3771 3339 3826 usque
3377 3767 3502 3827 post
3539 3767 3732 3814 natam
3770 3776 3850 3817 so-

2275 3835 2448 3890 bolem
2485 3838 2568 3891 vir
2595 3841 2869 3895 contineat
2896 3829 2955 3898 se
2992 3845 3059 3900 ab
3088 3862 3275 3912 uxore,
3305 3848 3357 3902 id
3379 3857 3461 3903 est
3485 3861 3598 3904 tres
3621 3865 3846 3906 menses.

2278 3924 2422 3979 Uxor
2453 3937 2574 3996 post
2606 3938 2787 3984 natam
2829 3933 3065 3989 sobolem
3105 3937 3370 3991 abstineat
3407 3955 3467 3993 se
3499 3941 3568 3995 ab
3607 3942 3859 4011 ecclesia,

2274 4015 2319 4069 si
2349 4017 2488 4072 lilius
2516 4027 2618 4085 est,
2652 4021 2768 4077 dies
2803 4023 2888 4088 30,
2932 4027 2978 4080 si
3021 4025 3150 4092 lilia,
3199 4027 3286 4081 40.
3327 4028 3463 4084 Nam
3512 4031 3566 4085 in
3616 4043 3854 4104 tempore

2273 4111 2536 4165 menstrui
2565 4114 2859 4184 sanguinis,
2885 4117 2977 4187 qui
3003 4126 3129 4174 tunc
3152 4122 3415 4189 nupserit,
3438 4123 3510 4177 30
3537 4123 3660 4180 dies
3689 4125 3851 4195 posui-

2277 4205 2404 4252 teat.

2277 4331 2481 4389 Selecta
2513 4353 2576 4390 ex.
2608 4336 2959 4414 Pwnitentiali
2985 4359 3080 4396 ms.
3113 4346 3345 4414 magistri
3377 4346 3591 4402 Roberti
3629 4349 3701 4404 de
3733 4347 3853 4402 Fle-

2631 4410 2882 4474 meslmre,
2913 4411 3004 4466 lib.
3036 4429 3107 4478 tv,
3132 4410 3246 4485 cap.
3273 4418 3304 4471 6
3332 4427 3379 4469 et
3409 4418 3495 4472 ιι.

2338 4544 2441 4599 Per
2470 4547 2706 4618 singulos
2732 4565 2946 4605 menses
2973 4555 3156 4622 gravia
3180 4562 3340 4625 atque
3367 4559 3640 4626 torpentia
3672 4561 3854 4615 mulie-

2269 4653 2387 4691 rum
2411 4654 2637 4708 corpora
2661 4643 2921 4697 immundi
2945 4646 3220 4714 sanguinis
3238 4647 3499 4703 etfusione
3520 4651 3848 4706 relevantur.

2267 4732 2384 4798 Quo
2408 4743 2646 4803 tempore
2668 4737 2713 4790 si
2734 4737 2818 4790 vir
2837 4739 3028 4792 coierit
3057 4755 3177 4794 cum
3201 4740 3446 4806 muliere,
3463 4743 3726 4798 dicuntur
3746 4759 3854 4799 cor.

2269 4824 2410 4892 rupti
2439 4840 2622 4879 secum
2652 4828 2868 4882 trahere
2895 4830 3085 4883 vitium
3109 4831 3350 4897 seminis,
3373 4833 3447 4886 ita
3477 4843 3537 4888 ut
3568 4834 3770 4904 leprosi
3801 4842 3852 4888 et

2266 4914 2588 4984 elephantici
2610 4931 2673 4972 ex
2706 4919 2806 4972 hac
2832 4921 3181 4990 conceptione
3200 4932 3522 4987 nascantur;
3551 4936 3608 4979 et
3632 4926 3773 4981 {teda
3795 4927 3847 4978 in

2266 5011 2494 5073 utroque
2526 5019 2751 5076 corpore
2788 5008 3056 5074 pravitate
3101 5011 3184 5066 vel
3221 5013 3541 5089 enormitate
3570 5016 3846 5069 membro-

2267 5109 2385 5147 rum
2421 5097 2626 5151 sanitas
2661 5107 2914 5167 corrupta
2941 5100 3250 5170 degeneret.
3294 5102 3617 5173 Prsecipitur
3638 5120 3773 5175 ergo
3797 5111 3850 5156 ut

2264 5202 2370 5240 non
2400 5188 2569 5243 solum
2599 5190 2651 5244 in
2683 5190 2872 5246 alienis
2910 5193 3242 5260 mulieribus,
3280 5195 3372 5249 sed
3394 5195 3446 5248 in
3475 5197 3591 5251 suis
3611 5212 3849 5266 quoque.

2264 5279 2457 5346 quibus
2490 5281 2734 5335 videntur
2782 5280 3056 5353 conjungi,
3103 5292 3248 5338 certa
3295 5286 3619 5341 concubitus
3667 5289 3848 5341 norint

2265 5379 2529 5440 tempora,
2559 5374 2774 5442 quando
2799 5376 3095 5429 coeundum
3125 5377 3214 5439 sit,
3243 5378 3457 5442 quando
3487 5379 3554 5431 ab
3587 5379 3848 5432 uxoribus

2262 5463 2331 5516 sit
2355 5464 2750 5519 abstinendum.
2783 5487 2800 5519 ν
2853 5467 2917 5520 Ει
2941 5483 3060 5535 cap.
3100 5471 3162 5522 ιιι
3189 5487 3203 5523 :
3233 5489 3248 5520 ι
3281 5467 3336 5523 Si
3367 5470 3456 5536 qui
3490 5469 3678 5525 coierit
3721 5485 3844 5525 cum

2260 5554 2484 5609 muliere
2510 5558 2562 5610 in
2597 5561 2903 5628 puerperio,
2941 5560 3126 5615 decem
3158 5561 3270 5616 dies
3307 5562 3564 5630 poeniteat
3610 5564 3662 5618 in
3701 5575 3847 5634 pane

2260 5653 2312 5698 et
2340 5661 2498 5716 aqua.
2539 5667 2553 5697 ι
