4060 6350
222 401 366 457 1149

1358 390 1927 452 OBSERVATIONES
1966 390 2054 444 ET
2093 389 2323 444 NOTE.

3334 386 3469 441 H50

220 518 285 575 Si
314 516 467 587 cujus
501 531 636 569 uxor
659 514 917 587 fornicata
948 513 1127 587 fuerit,
1163 511 1279 565 licet
1304 512 1560 565 dimittere
1603 524 1716 563 eam
1744 516 1792 559 et
1819 498 1871 563 Α
1898 513 1979 557 tra
2007 505 2059 558 id
2083 505 2224 573 quod
2245 506 2502 574 scriptum
2528 515 2630 569 est,
2664 505 2716 558 in
2739 518 2844 571 quo
2871 504 2947 557 sic
2979 503 3201 556 habetur
3234 522 3246 555 :
3280 502 3469 559 Mulier

789 582 949 637 aliam
978 583 1227 652 accipere.

292 698 526 756 Omnino
556 697 803 753 standum
832 702 913 750 est
938 694 1231 763 disciplinae
1264 709 1293 747 a
1319 692 1568 747 Patribus
1588 690 1800 746 concilii

217 788 523 845 Tridentini
545 786 889 857 praescripta,
922 800 1082 854 quam
1120 785 1320 852 optime
1342 783 1641 851 expositam
1678 794 1803 834 esse

217 881 292 934 ab
321 878 749 933 eminentissimo
787 875 1057 931 eardinali
1083 873 1410 927 Pallavicino
1445 871 1683 926 ostendit
1719 869 1801 922 vir

218 969 557 1024 clarissimus
585 965 819 1021 Joannes
845 965 1117 1021 Launoius
1151 966 1205 1019 in
1234 964 1447 1034 egregio
1468 963 1603 1018 libro
1624 962 1690 1015 de
1715 976 1803 1014 re-

216 1062 310 1132 gia
343 1061 399 1113 in
426 1058 831 1112 matrimonium
857 1064 1141 1125 potestate.
1184 1054 1354 1120 Quam
1382 1067 1544 1123 porro
1571 1050 1801 1119 discipli-

219 1167 351 1206 nam
380 1150 570 1204 Patres
596 1149 976 1217 antiquissimi,
996 1148 1031 1201 ii
1060 1147 1356 1216 prmsertim
1383 1145 1475 1213 qui
1503 1159 1570 1197 ne
1597 1141 1800 1195 nubere

216 1241 441 1311 quidem
465 1248 588 1311 post
608 1246 835 1295 mortem
860 1238 1262 1308 permittebant,
1288 1234 1657 1306 proculdubio
1678 1239 1799 1302 post

217 1331 514 1386 divortium
552 1330 737 1385 stricte
782 1327 1175 1383 observandam
1222 1332 1564 1388 censuerunt,
1614 1331 1673 1376 ut
1702 1323 1797 1376 iis-

218 1425 345 1478 dem
372 1423 505 1478 locis
542 1431 726 1491 aperte
755 1422 1047 1476 declarant.
1099 1420 1469 1485 Athenagoras
1498 1418 1550 1470 in
1577 1415 1799 1485 legatio-

217 1531 293 1571 ne
318 1531 416 1585 pro
450 1515 807 1570 Christianis:
844 1532 862 1564 ι
887 1514 1065 1581 Quare
1101 1513 1186 1566 vel
1221 1520 1282 1565 ut
1317 1519 1475 1565 natus
1512 1518 1594 1563 est
1636 1521 1800 1559 unus-

216 1606 450 1675 quisque
479 1614 721 1660 nostrum
753 1614 984 1669 maneat,
1025 1604 1107 1658 vel
1134 1603 1333 1673 nuptiis
1366 1601 1648 1670 cepuletur
1680 1598 1799 1652 uni-

217 1696 621 1751 cis:secund:e
661 1695 806 1749 enim
855 1694 1111 1750 decorum
1156 1693 1423 1763 quoddam
1475 1690 1797 1745 adulterium

216 1794 367 1841 sunt.
411 1785 511 1851 Qui
535 1784 678 1839 enim
708 1799 931 1837 uxorem
961 1783 1246 1846 dimiserit,
1276 1790 1330 1837 et
1366 1781 1592 1835 alteram
1626 1780 1795 1833 duxe-

1899 596 2113 667 alligata
2140 604 2222 651 est
2248 604 2451 665 quanto
2479 603 2715 664 tempore
2745 595 2829 648 vir
2853 593 2970 662 ejus
2993 594 3156 659 vivit;
3195 603 3252 647 et
3283 604 3469 649 contra

1900 686 2026 740 illud
2052 704 2065 740 :
2094 686 2264 756 Igitur
2287 688 2501 740 vivente
2530 686 2647 739 viro
2676 684 2870 739 mulier
2900 685 3182 738 vocabitur
3202 683 3467 750 adultera,

1899 776 1945 829 si
1974 776 2137 830 fuerit
2179 792 2302 830 cum
2327 775 2432 830 alio
2454 776 2603 840 viro;
2640 790 2745 827 non
2773 774 2994 827 omnino
3020 780 3202 826 tamen
3232 772 3348 827 sine
3382 788 3470 826 ra-

1900 868 2045 922 tione
2072 885 2084 920 :
2110 869 2227 921 hare
2253 867 2395 921 enim
2425 874 2613 921 contra
2650 866 2820 934 legem
2850 864 3003 918 initio
3046 864 3210 917 latam
3248 872 3301 918 et
3335 864 3471 918 scri-

1897 965 2068 1025 ptam,
2102 956 2169 1009 ad
2203 954 2419 1009 vitanda
2471 954 2651 1023 pejora
2684 954 2860 1006 alieno
2896 953 3120 1007 arbitrio
3148 968 3351 1008 morem
3382 967 3471 1022 ge-

1898 1054 2099 1110 rentes,
2130 1059 2222 1099 eos
2249 1046 2558 1114 permisisse
2585 1043 2876 1099 verisimile
2900 1054 3001 1097 est.
3027 1063 3044 1094 ι
3090 1043 3179 1097 Sic
3204 1043 3331 1097 olim
3353 1045 3472 1111 qui-

1899 1136 2021 1189 dam
2068 1136 2303 1205 episcopi
2348 1137 2713 1205 permiserunt
2758 1135 2826 1190 ob
2868 1134 3050 1203 pejora
3090 1135 3307 1190 vitanda
3351 1144 3474 1205 post

1899 1224 2185 1279 divortium
2212 1226 2434 1279 nubere.
2476 1226 2609 1279 Vide
2652 1223 2845 1278 concil.
2891 1223 3300 1288 Eliberitanum,
3344 1240 3467 1279 ean.

1898 1316 1964 1379 9;
1998 1316 2286 1370 concilium
2310 1316 2625 1370 Arelatense
2647 1332 2685 1379 ι,
2712 1330 2833 1369 ean.
2865 1316 2947 1378 10,
2977 1323 3137 1383 prout
3176 1314 3371 1385 legitur
3417 1316 3471 1369 in

1899 1406 2211 1460 collectione
2241 1405 2612 1474 antiquissima
2636 1406 2836 1459 codicis
2858 1404 3217 1457 llerovalliani
3239 1421 3253 1469 ;
3278 1404 3467 1458 concil.

1898 1496 2139 1561 Laodic.,
2169 1512 2217 1550 e.
2262 1497 2313 1561 l,
2368 1496 2739 1561 Lactantium,
2780 1497 2871 1551 lib.
2916 1512 2967 1549 vt
3020 1496 3084 1550 de
3116 1510 3245 1549 vero
3292 1496 3470 1560 Cultu,

1897 1601 2014 1655 cap.
2038 1586 2138 1649 25;
2164 1595 2407 1639 sanetum
2436 1585 2696 1640 Hilarium
2717 1588 3027 1655 episcopum
3055 1585 3468 1647 Pictavieusem,

1897 1676 2197 1730 Comment.
2247 1676 2458 1739 Matth.,
2508 1692 2627 1745 cap.
2675 1693 2760 1741 v1;
2812 1685 3060 1731 sanctum
3114 1675 3370 1730 Basilium
3416 1678 3471 1730 in

1897 1767 2054 1835 epist.
2094 1767 2353 1820 canonica
2380 1767 2442 1820 ad
2466 1767 2921 1836 Amphilochium,
2961 1784 3082 1822 can.
3123 1769 3187 1832 9;
3227 1776 3470 1822 sanctum

217 1876 313 1939 rit,
342 1876 693 1940 adulteratur,
725 1875 898 1943 inquit
923 1874 1178 1927 Dominus
1209 1880 1390 1927 noster
1413 1887 1428 1925 :
1449 1886 1622 1940 neque
1647 1870 1792 1923 illam

1900 1857 2275 1927 Epiphanium,
2303 1858 2495 1911 lux-res.
2527 1875 2615 1912 th
2647 1876 2659 1911 :
2696 1878 2713 1907 ί
2741 1858 2847 1912 Sed
2875 1859 3060 1913 suffert
3084 1868 3301 1929 propter
3324 1858 3473 1913 debi-

216 1964 493 2018 dimittere
533 1964 862 2027 concedens,
912 1964 1065 2032 cujus
1110 1962 1342 2016 delibata
1395 1970 1477 2015 est
1516 1959 1792 2029 pudicitia,

218 2068 397 2121 neque
421 2051 646 2106 alteram
682 2053 895 2107 dueere.
943 2051 1077 2104 Nam
1121 2052 1212 2120 qui
1260 2052 1432 2120 prima
1466 2064 1633 2103 uxore
1674 2049 1800 2103 licet

218 2143 474 2199 defuncta
505 2144 736 2211 seipsum
762 2144 959 2212 privat,
988 2143 1197 2198 adulter
1222 2152 1324 2207 est,
1352 2157 1661 2213 quanquam
1688 2142 1799 2195 dis-

218 2232 560 2295 simulanter,
586 2241 640 2285 et
670 2248 887 2287 manum
914 2233 1007 2287 Dei
1038 2234 1464 2302 transgreditur:
1488 2233 1739 2302 quoniam
1765 2247 1795 2285 a

218 2322 484 2391 principio
506 2322 647 2377 Deus
668 2323 845 2376 virum
874 2339 1041 2377 unum
1069 2332 1122 2377 et
1148 2324 1428 2379 mulierem
1452 2320 1794 2378 unam'erea-

218 2414 315 2476 vit,
347 2422 401 2467 et
431 2429 651 2468 carnem
675 2430 706 2468 a
735 2429 917 2479 carne,
942 2422 997 2469 et
1026 2416 1280 2470 unionem
1310 2417 1567 2471 miscendi
1598 2417 1797 2471 utrius-

218 2518 519 2573 quesexus
556 2512 788 2572 separat.
822 2524 841 2555 ι
881 2504 1129 2559 Clemens
1161 2505 1575 2569 Alexandrinus,
1598 2506 1691 2560 lib.
1737 2522 1795 2559 ιιι

222 2592 596 2647 Stromatum:
635 2612 652 2643 ι
683 2592 785 2658 Qui
828 2604 992 2663 potest
1039 2612 1247 2665 capere,
1298 2597 1490 2666 capiat.
1543 2596 1799 2651 Nesciunt

222 2682 348 2749 quid
388 2690 675 2751 postquam
705 2683 770 2737 de
807 2683 1038 2738 divortio
1080 2693 1224 2739 esset
1264 2685 1496 2749 locutus,
1528 2701 1649 2740 cum
1679 2686 1799 2754 qui-

227 2772 345 2824 dam
392 2780 673 2841 rogassent
716 2773 761 2826 si
798 2773 876 2828 sic
912 2774 982 2827 sit
1010 2788 1171 2827 causa
1199 2775 1405 2839 uxoris,
1436 2774 1552 2829 Non
1581 2775 1796 2843 expedit

226 2861 422 2914 hrmini
461 2878 687 2918 uxorem
728 2865 964 2919 ducere:
996 2874 1124 2921 tunc
1162 2866 1299 2919 dixit
1341 2866 1621 2933 Dominus,
1673 2868 1796 2922 Non

229 2967 397 3005 omnes
424 2955 631 3023 capiunt
658 2955 1007 3021 verbumhoc,
1031 2958 1121 3011 sed
1145 2959 1329 3027 quibus
1351 2959 1530 3012 datum
1558 2970 1651 3013 est.
1684 2960 1797 3016 lloc

223 3050 398 3096 autem
428 3046 517 3114 qui
546 3048 831 3116 rogabant,
863 3047 1111 3102 volebant
1134 3050 1271 3103 scire
1299 3065 1367 3103 an
1390 3065 1557 3103 uxore
1578 3051 1796 3104 damna-

220 3147 272 3194 ta
300 3150 355 3193 et
383 3139 553 3207 ejecta
602 3150 821 3211 propter
858 3142 1285 3207 fornicationem,
1331 3146 1589 3199 concedat
1634 3144 1792 3198 aliam

1897 1949 2100 2003 litatem
2136 1967 2147 2001 :
2182 1947 2309 2002 Οὐδέ
2337 1950 2437 2002 ἀπὸ
2470 1958 2559 2009 τῆς
2581 1950 2875 2010 Ἐκκλησίας
2901 1954 2987 2006 καὶ
3015 1960 3105 2010 τῆς
3136 1956 3252 2015 Cori;
3280 1953 3471 2010 unoun-

1896 2044 2097 2114 ρύπτιι,
2125 2041 2246 2095 ἀλλὰ
2271 2038 2606 2105 διαϐαστὰζει
2633 2041 2716 2096 διὰ
2743 2043 2801 2097 τὸ
2830 2045 3025 2102 ἀσθινὶς
3052 2059 3066 2108 ;
3100 2043 3470 2097 Innocentium

1895 2132 1915 2186 Ι
1942 2132 1995 2185 iu
2025 2132 2182 2201 epist.
2210 2132 2262 2196 9,
2295 2134 2360 2186 ad
2389 2132 2652 2198 Probum;
2695 2134 2959 2203 synodum
3005 2135 3175 2188 sancti
3229 2135 3472 2199 Patrieii,

1895 2237 2017 2276 can.
2041 2222 2141 2286 26;
2175 2222 2459 2277 concilium
2486 2224 2820 2288 Veneticum,
2844 2240 2965 2279 can.
2991 2225 3045 2277 ἓ.
3078 2226 3255 2291 Quare
3282 2226 3470 2280 eodem

1894 2312 2054 2367 modo
2098 2312 2318 2383 intelligi
2363 2313 2560 2368 debent
2595 2322 2790 2368 caetera
2834 2330 2952 2382 quae
2997 2324 3293 2383 sequuntur
3332 2317 3471 2385 apud

1896 2403 2235 2457 Theodorum
2264 2404 2330 2457 de
2359 2404 2741 2471 qmestionibus
2764 2404 3153 2475 conjugiorum,
3185 2421 3305 2459 cum
3338 2422 3472 2475 pau-

1895 2493 1947 2547 lo
1975 2502 2094 2562 post
2118 2495 2279 2559 dicat,
2312 2494 2503 2548 melius
2530 2504 2611 2548 est
2641 2494 2720 2549 sic
2748 2494 2926 2550 facere
2954 2512 3117 2565 quam
3146 2494 3420 2551 fornicari.
3447 2515 3466 2547 ι

1969 2584 2122 2639 Sivir
2135 2585 2389 2639 dimiserit
2406 2602 2616 2639 uxorem
2644 2602 2792 2638 suam
2814 2596 3025 2655 propter
3048 2585 3468 2654 fornicationem.

1898 2681 1963 2735 Et
1994 2680 2131 2735 infra
2155 2696 2168 2734 :
2191 2680 2417 2735 Maritus
2441 2683 2486 2735 si
2504 2682 2675 2751 ipsese
2691 2682 2861 2751 ipsum
2888 2683 2943 2735 in
2964 2681 3474 2750 furto,autfornica-

1898 2778 2037 2829 tione
2062 2794 2267 2831 servum
2292 2777 2440 2845 facit,
2475 2776 2551 2830 uel
2576 2793 2882 2846 quocunque
2911 2785 3138 2845 peccato,
3196 2775 3387 2827 mulier
3426 2775 3474 2827 si

1896 2866 2041 2935 prius
2072 2883 2175 2919 non
2201 2866 2380 2920 habuit
2398 2867 2721 2935 conjugium,
2748 2866 2899 2919 habet
2915 2874 3218 2935 potestatem
3244 2874 3359 2934 post
3374 2882 3472 2919 an-

1899 2970 2023 3006 mtm
2050 2953 2269 3007 alterum
2298 2956 2531 3024 accipere
2556 2956 2745 3007 virum.
2776 2955 3001 3025 Quidam
3034 2955 3224 3009 Patres
3254 2955 3363 3008 late
3380 2971 3476 3009 vo-

1898 3042 2145 3096 cabulum
2170 3042 2531 3111 fornicationis
2550 3051 2895 3113 acceperunt,
2919 3044 2991 3097 ita
3020 3052 3079 3097 ut
3103 3044 3478 3099 existimarent

1898 3133 2216 3203 gravissima
2248 3135 2477 3189 crimina
2523 3150 2643 3189 esse
2672 3150 2893 3189 causam
2919 3135 3132 3189 divortii
3158 3135 3475 3205 legitimam.

220 3232 438 3286 ducere.
469 3252 486 3283 ι
533 3210 730 3287 Sancto
751 3233 1011 3289 Clementi
1037 3235 1399 3289 Alexandrino
1421 3235 1705 3304 adjungam
1731 3234 1792 3289 Β.
1825 3210 1871 3271 c
1901 3222 2238 3292 Quapropter
2262 3222 2323 3275 B-
2356 3224 2586 3277 Hermas
2613 3224 2665 3276 ίη
2689 3224 2827 3278 “bro
2850 3224 3091 3278 Ρδθίονιε
3122 3240 3180 3286 ¹¹ν
3220 3224 3477 3278 ῐητιιὶάθίο

220 3318 477 3384 Herman,
510 3319 661 3389 cujus
689 3322 826 3377 liber
853 3322 1091 3377 Pastoris
1121 3324 1188 3377 ab
1218 3324 1333 3392 ipso
1364 3331 1643 3390 tantopere
1682 3322 1796 3375 lau-

220 3408 381 3463 datus
408 3417 511 3473 est,
541 3418 599 3463 ut
636 3412 1027 3480 quodammodo
1054 3427 1209 3465 suum
1240 3411 1432 3466 fecisse
1461 3411 1653 3465 merito
1687 3412 1794 3465 dici

217 3502 413 3571 possit.
466 3502 555 3557 Sic
594 3519 721 3557 vero
748 3504 872 3558 huic
901 3503 1181 3572 qumstioni
1213 3522 1224 3556 :
1258 3503 1394 3569 Quid
1423 3518 1569 3573 ergo,
1599 3504 1641 3557 si
1672 3518 1796 3571 per-

220 3595 484 3649 manserit
513 3594 565 3647 in
588 3596 716 3648 vitio
742 3611 839 3650 suo
858 3596 1084 3649 mulier?
1106 3595 1363 3665 Angelum
1386 3594 1796 3662 respondentem

216 3684 441 3739 exhibet
480 3684 617 3739 libro
648 3701 706 3750 ιι,
737 3686 915 3739 mand.
949 3685 1001 3750 4,
1033 3693 1087 3739 et
1115 3685 1285 3739 dixit:
1316 3703 1333 3733 ι
1364 3685 1607 3738 Dimittat
1651 3683 1796 3738 illam

214 3774 326 3838 vir,
356 3781 411 3828 et
436 3762 639 3844 vir’per
665 3790 722 3829 se
752 3783 985 3831 maneat.
1029 3775 1180 3840 Quod
1217 3774 1262 3828 si
1300 3775 1565 3829 dimiserit
1601 3774 1797 3827 mulie-

216 3878 338 3917 rem
384 3880 559 3929 suam,
599 3873 653 3919 et
682 3866 839 3919 aliam
886 3865 1118 3929 duxerit,
1168 3874 1223 3919 et
1265 3864 1378 3932 ipse
1421 3865 1739 3918 mtechatur.
1772 3883 1791 3916 ι

215 3953 605 4018 Tertullianus,
630 3955 722 4009 lib.
755 3956 820 4009 de
848 3953 1202 4023 Monogamia,
1227 3968 1343 4020 cap.
1376 3953 1409 4006 9
1439 3970 1451 4006 :
1490 3970 1507 4002 ‹
1530 3952 1694 4006 Nobis
1714 3961 1796 4006 et-

214 4041 268 4094 si
302 4039 663 4108 repudiemus,
696 4055 764 4093 ne
790 4041 992 4093 nubere
1021 4039 1236 4107 quidem
1264 4037 1463 4091 licebit.
1498 4037 1663 4091 Video
1685 4038 1800 4106 jam

215 4131 353 4186 hinc
391 4132 459 4185 ad
496 4130 809 4200 Apostolum
848 4146 945 4185 nos
980 4132 1279 4201 provocari,
1310 4130 1377 4185 ad
1400 4130 1554 4199 cujus
1582 4146 1800 4186 sensum

215 4222 439 4277 facilius
468 4222 920 4291 perspiciendum,
961 4230 1108 4276 tanto
1138 4223 1427 4277 instantius
1467 4223 1798 4291 praeculean-

215 4315 355 4368 dum
381 4322 462 4367 est
487 4313 765 4368 mulierem
790 4314 959 4383 magis
981 4313 1232 4367 defuncto
1258 4314 1450 4367 merito
1473 4314 1642 4369 teneri
1671 4330 1801 4383 quo-

215 4404 408 4458 minus
434 4402 598 4456 alium
618 4404 791 4457 virum
818 4402 1085 4457 admittat.
1113 4423 1130 4453 ι
1162 4402 1309 4457 Unde
1336 4402 1398 4456 N.
1430 4402 1691 4473 Rigaltius
1719 4405 1803 4457 vir

214 4494 297 4548 cl.
332 4493 383 4545 in
407 4492 551 4546 hunc
579 4492 752 4546 locum
785 4493 885 4546 ista
915 4491 1322 4546 animadvertit:
1353 4511 1370 4542 ε
1394 4493 1575 4554 Nobis,
1606 4494 1799 4561 inquit,

213 4583 584 4653 paraeleticis.
638 4585 771 4639 Nam
804 4584 943 4653 apud
971 4585 1253 4653 psycbicos
1282 4584 1416 4638 alias
1445 4586 1659 4653 nuptias
1684 4594 1807 4654 post

213 4676 519 4732 divortium
548 4676 713 4731 fuisse
756 4676 1045 4746 permissas
1084 4676 1257 4729 innuit
1293 4676 1556 4744 principio
1600 4677 1721 4730 libri
1766 4694 1802 4731 II

217 4767 297 4822 ad
324 4765 581 4830 Uxorem,
629 4767 713 4820 his
755 4766 961 4820 scilicet
991 4766 1167 4819 verbis
1199 4784 1209 4818 :
1247 4783 1264 4815 (
1291 4764 1445 4819 Nunc
1473 4766 1539 4819 ad
1568 4767 1800 4820 secunda

222 4876 245 4909 ι
283 4857 507 4911 consilia
534 4865 929 4921 convertemur,
964 4863 1206 4923 respectu
1233 4856 1481 4908 humanm
1521 4854 1802 4909 infirmita-

220 4970 245 5002 ι
284 4950 375 5014 tis,
415 4949 769 5018 quarumdam
797 4949 1056 5017 exemplis
1092 4948 1522 5013 admonentibus,
1570 4964 1688 5019 qua:
1727 4951 1807 5005 di-

223 5062 247 5093 ι
284 5041 481 5105 vortio,
504 5040 587 5093 vel
614 5040 793 5094 mariti
822 5056 1070 5102 excessu,
1110 5039 1289 5093 oblata
1334 5041 1676 5095 continentiae
1714 5057 1806 5095 oc-

223 5149 248 5181 ι
281 5132 517 5194 casione,
544 5144 651 5183 non
682 5129 838 5182 modo
869 5126 1179 5194 abjecerunt
1206 5129 1658 5196 opportunitatem
1689 5138 1805 5183 tan-

225 5243 249 5273 ‹
278 5224 318 5277 ti
348 5223 494 5285 boni,
522 5223 614 5277 sed
641 5237 709 5276 ne
756 5222 809 5275 in
850 5220 1097 5275 nubendo
1127 5220 1342 5288 quidem
1372 5218 1666 5286 disciplina:
1696 5235 1806 5273 me-

226 5331 249 5363 ι
276 5312 502 5367 minissc
531 5312 832 5375 voluerunt,
864 5318 923 5363 ut
949 5310 1002 5363 in
1029 5308 1254 5362 Domino
1283 5307 1617 5376 potissimum
1640 5309 1808 5362 nube-

227 5420 249 5452 c
282 5410 430 5455 rent.
462 5420 479 5452 ι
520 5401 589 5453 At
616 5402 877 5469 quosdam
930 5408 1168 5453 rectores
1200 5397 1453 5452 Ecclesiae
1499 5406 1686 5453 contra
1732 5399 1798 5452 le-

221 5505 352 5557 gem
398 5489 710 5559 Scripturm,
751 5488 875 5543 illud
904 5487 1214 5557 permisisse
1240 5487 1433 5542 asserit
1459 5484 1717 5558 Origenes
1746 5489 1801 5543 in

223 5580 535 5633 Comment.
570 5578 780 5641 Matth.,
812 5593 864 5646 p.
894 5575 1018 5641 565,
1054 5575 1184 5629 edit.
1230 5574 1388 5629 liuet.
1417 5589 1431 5627 :
1464 5593 1480 5625 α
1503 5574 1621 5629 Jam
1655 5592 1799 5639 vero,

223 5669 427 5738 inquit,
460 5668 751 5737 Scriptura:
777 5667 948 5737 legem
977 5664 1187 5719 mulieri
1222 5664 1431 5718 vivente
1460 5666 1575 5719 viro
1604 5668 1805 5722 nubere

224 5758 451 5830 quidam
478 5757 729 5821 Ecclesia:
759 5764 995 5811 rectores
1027 5752 1403 5820 permiserunt,
1436 5763 1652 5823 agentes
1680 5773 1805 5811 con-

1894 3312 1948 3375 4,
1974 3310 2180 3378 judicat
2208 3320 2427 3380 propter
2480 3312 2837 3365 idololatriam
2893 3328 3115 3365 uxorem
3148 3328 3267 3366 esse
3294 3313 3478 3366 dimit-

1898 3402 2147 3455 tendam:
2186 3420 2203 3451 ‹
2243 3400 2357 3455 Non
2388 3402 2583 3465 solum,
2636 3403 2831 3469 inquit,
2875 3402 3164 3455 mmchatio
3225 3410 3309 3456 est
3365 3402 3476 3456 illis

1894 3493 1986 3562 qui
2030 3507 2249 3546 carnem
2280 3508 2434 3547 suam
2460 3492 2829 3561 coinquinant,
2863 3492 2958 3547 sed
2984 3501 3039 3547 et
3066 3493 3110 3547 is
3134 3494 3225 3561 qui
3254 3494 3474 3549 simula-

1896 3598 2047 3637 crum
2078 3581 2224 3645 facit,
2258 3582 2580 3636 moechatur.
2634 3581 2786 3648 Quod
2808 3583 2851 3637 si
2877 3583 2931 3636 in
2967 3584 3051 3637 his
3104 3584 3261 3638 factis
3289 3600 3476 3654 persev

1896 3679 2069 3735 verat,
2101 3680 2155 3726 et
2183 3672 2558 3741 pmnitentiam
2581 3690 2687 3727 non
2709 3674 2839 3743 agit,
2864 3674 3054 3728 recede
3082 3676 3145 3729 ab
3163 3675 3343 3739 illa,et
3366 3676 3475 3730 noli

1897 3765 2184 3820 convivere
2215 3780 2337 3818 cum
2377 3764 2504 3829 illa;
2538 3765 2815 3833 alioquin,
2857 3773 2913 3819 et
2942 3772 2998 3818 tu
3042 3767 3311 3835 particeps
3360 3767 3471 3821 eris

1897 3853 2103 3923 peccati
2158 3855 2294 3924 ejus.
2332 3875 2348 3906 ι
2399 3856 2452 3908 In
2503 3856 2693 3909 eodem
2744 3872 2905 3910 sensu
2954 3867 3175 3912 sanctus
3219 3856 3468 3913 Clemens

1874 3944 2294 4001 Alexandrinus
2347 3948 2558 4001 videtur
2605 3948 2807 4002 dixisse
2838 3950 2975 4005 libro
3005 3967 3065 4005 ιιι
3118 3948 3476 4015 Stromatum,

1900 4035 2312 4091 fornicationem
2364 4038 2537 4093 tribus
2567 4040 2740 4093 modis
2781 4042 2916 4094 sumi
2944 4041 3084 4111 apud
3138 4040 3476 4109 Apostolum.

1899 4127 1976 4181 De
2002 4127 2187 4181 eadem
2218 4128 2514 4197 quastione
2541 4138 2801 4197 tanquam
2830 4131 2896 4185 de
2928 4132 3161 4186 maxima
3191 4131 3474 4186 dillicultao

1902 4224 1953 4271 te
1983 4216 2153 4271 fusius
2183 4218 2420 4286 disputat
2444 4218 2767 4290 Origenesin
2795 4220 3095 4276 Comment.
3128 4221 3341 4286 Matth.,
3370 4220 3471 4287 t.l,

1901 4320 1956 4373 p.
1989 4306 2112 4369 565,
2146 4306 2398 4361 editionis
2426 4307 2582 4362 lluet.
2638 4309 2870 4364 Sanctus
2917 4320 3097 4364 tamen
3144 4309 3478 4377 Epiphanius

1903 4398 2115 4454 nihilde
2141 4398 2241 4453 hac
2256 4399 2482 4463 dubitat,
2507 4401 2699 4457 haeres.
2748 4418 2857 4455 1.1x.
2884 4421 2900 4452 ι
2926 4401 3262 4470 Autpropter
3288 4401 3471 4465 aliam,

1906 4487 2097 4557 inquit,
2128 4504 2369 4543 causam.
2409 4510 2426 4541 ι
2457 4491 2563 4545 Sed
2600 4500 2817 4545 sanctus
2840 4492 3199 4563 Augustinus,
3229 4492 3480 4545 omnibus

1911 4579 2194 4647 utrobique
2221 4581 2601 4645 consideratis,
2633 4581 2835 4635 fatetur
2864 4582 2898 4635 l.
2931 4597 2945 4635 ι
2986 4582 3475 4645 Retractationum,

1910 4684 2031 4739 cap.
2082 4671 2165 4733 l9,
2218 4672 2357 4725 hanc
2409 4673 2758 4741 quaestionem
2804 4689 2924 4727 esse
2970 4674 3471 4727 latebrosissimam.

1914 4780 1932 4812 Ι
1980 4762 2106 4826 Sed,
2128 4778 2289 4831 quam
2318 4763 2462 4827 velit,
2494 4764 2688 4832 inquit,
2714 4765 2973 4819 Dominus
2998 4764 3221 4834 intelligi
3246 4763 3480 4817 fornica-

1908 4852 2108 4905 tionem
2170 4860 2386 4920 propter
2453 4869 2614 4921 quam
2690 4853 2849 4908 liceat
2897 4856 3164 4908 dimittere
3210 4867 3477 4917 uxorem,

1892 4948 2088 5001 ,utrum
2111 4954 2231 4993 eam
2263 4955 2381 5008 qua:
2410 4940 2698 4996 damnatur
2746 4943 2798 4996 in
2848 4945 3064 5013 stupris,
3096 4960 3165 4998 an
3215 4944 3361 4999 illam
3412 4946 3480 5001 de

1911 5046 2017 5099 qua
2061 5030 2256 5084 dicitur
2287 5051 2297 5083 :
2332 5030 2619 5086 Perdidisti
2654 5048 2866 5087 omnem
2907 5036 2999 5102 qui
3049 5034 3345 5090 fornicatur
3381 5037 3480 5091 abs

1910 5132 1981 5176 te.
2022 5143 2039 5174 ι
2074 5122 2139 5175 Et
2184 5123 2343 5191 paulo
2393 5133 2553 5193 post:
2590 5145 2606 5176 ς
2656 5126 2761 5179 Sed
2810 5136 3078 5194 quatenus
3130 5127 3477 5197 intelligenda

1908 5224 2069 5283 atque
2098 5214 2423 5269 eliminanda
2452 5217 2521 5270 sit
2554 5218 2665 5272 bmc
2696 5219 2999 5283 fornicatio,
3030 5226 3084 5272 et
3110 5227 3289 5273 utrum
3313 5220 3477 5274 etiam

1906 5311 2124 5373 propter
2175 5305 2311 5359 hanc
2363 5306 2523 5360 liceat
2569 5309 2837 5362 dimittere
2866 5323 3108 5373 uxorem,
3162 5309 3477 5364 latebrosis-

1906 5395 2041 5448 sima
2070 5396 2295 5462 quaastio
2320 5405 2423 5451 est.
2465 5419 2481 5449 ι
2521 5399 2724 5451 Tamen
2758 5399 2945 5454 Patres
2986 5400 3200 5454 concilii
3253 5400 3476 5453 Verme-

1909 5482 2123 5547 riensis,
2154 5497 2202 5536 c.
2236 5483 2292 5547 5,
2320 5486 2451 5539 dant
2482 5487 2599 5539 viro
2633 5487 2905 5541 licentiam
2931 5490 3146 5556 penitus
3177 5486 3477 5545 dimittendi

1909 5586 2129 5626 uxorem
2158 5583 2378 5643 propter
2426 5578 2709 5633 consilium
2766 5579 3062 5642 homicidii,
3112 5577 3254 5646 quod
3308 5576 3475 5635 dedit.

1916 5682 1932 5712 ι
1974 5662 2029 5716 Si
2055 5678 2159 5731 qua
2186 5666 2377 5721 mulier
2405 5677 2635 5722 mortem
2660 5668 2760 5721 viri
2781 5670 2859 5724 sui
2888 5685 3006 5722 eum
3029 5669 3148 5721 aliis
3172 5666 3478 5721 hominibus

1910 5755 2231 5820 consiliavit,
2287 5766 2339 5812 et
2378 5758 2488 5825 ipse
2540 5759 2621 5812 vir
2664 5759 2831 5826 ipsius
2884 5759 3151 5813 hominem
3184 5772 3243 5812 se
3286 5755 3445 5813 defen
