4060 6350
595 390 724 445 1151

1681 390 1772 444 AD
1808 388 2343 446 PLENITENTIALE
2382 388 2727 446 THEODORI

3699 388 3851 445 1152

590 506 766 561 dendo
786 505 1066 570 occiderit,
1097 515 1153 561 ct
1180 506 1282 560 hoc
1309 505 1537 574 probare
1564 512 1761 572 potest,
1821 504 1908 559 ille
1932 504 2014 557 vir
2058 517 2155 573 po-

2257 504 2377 577 τέρᾳ
2395 505 2606 575 γυναικὶ,
2633 502 2664 562 ἧ
2689 508 2817 575 γυνὴ
2836 501 3046 577 δευτέρᾳ
3071 500 3238 578 ἀνδρὶ·
3275 498 3367 557 οὒκ
3385 503 3622 559 αἰτιᾶται
3645 502 3672 558 ὁ
3701 506 3851 567 Osis:

591 604 697 652 test
739 597 910 666 ipsam
936 610 1160 650 uxorem
1198 595 1500 660 dimittere;
1531 602 1589 649 et
1622 594 1670 647 si
1700 594 1955 658 voluerit,
1994 594 2154 648 aliam

591 687 841 756 accipiat.

662 775 769 829 Illa
798 786 935 840 vero,
964 777 1010 829 si
1053 773 1268 829 voluerit
1296 776 1562 844 paenitere,
1593 772 1758 827 alium
1804 773 2027 844 accipiat
2079 772 2156 825 vi—

591 882 727 920 rum.
753 864 1047 920 Concilium
1064 863 1428 927 Triburiense,
1451 879 1572 919 can.
1595 863 1657 916 ll
1695 876 1710 916 :
1747 881 1765 912 ι
1790 862 1847 917 Si
1870 862 1992 931 quis
2022 861 2156 931 legi-

591 957 778 1011 timam
805 954 1017 1008 duxerit
1062 968 1309 1020 uxorem,
1356 964 1412 1008 et
1460 954 1786 1022 impediente
1835 967 2158 1022 quacunque

590 1048 884 1102 domestica
928 1046 1242 1102 infirmitate
1268 1088 1284 1113 ,
1324 1047 1578 1101 uxorium
1623 1062 1760 1117 opus
1807 1061 1913 1100 non
1973 1045 2158 1099 valens

593 1137 814 1206 implere
838 1152 960 1197 cum
983 1137 1073 1192 illa
1103 1152 1119 1192 :
1149 1136 1316 1191 frater
1331 1152 1459 1191 vero
1479 1136 1894 1206 eius,suadente
1920 1135 2154 1197 diabolo,

592 1228 874 1283 adamatus
901 1229 969 1283 ab
999 1228 1135 1297 ipsa,
1162 1226 1465 1282 clanculum
1515 1241 1635 1279 eam
1662 1225 2049 1287 humiliaverit,
2102 1233 2159 1279 et

592 1318 845 1373 violatam
899 1317 1192 1372 reddiderit
1234 1316 1585 1371 :omnimodo
1630 1323 1973 1387 separentur,
2020 1324 2076 1369 et
2125 1332 2157 1371 a

590 1414 784 1463 neutro
820 1407 1049 1463 ulterius
1092 1406 1280 1461 eadem
1329 1406 1524 1460 mulier
1574 1407 1936 1475 contingatur.
1992 1404 2161 1473 Igitur

589 1496 915 1568 coniugium,
935 1497 1078 1567 quod
1091 1505 1210 1553 erat
1220 1497 1539 1567 legitimum,
1556 1494 1792 1551 fraterna
1808 1494 2162 1550 commacula-

592 1589 735 1643 tione
760 1594 844 1642 est
889 1586 1149 1656 pollutum
1188 1605 1200 1640 :
1250 1596 1307 1641 et
1330 1586 1474 1655 quod
1504 1594 1626 1641 erat
1649 1586 1877 1649 licitum,
1917 1585 2158 1638 illicitum

590 1687 678 1733 est
705 1677 906 1731 factum
933 1694 947 1731 :
970 1684 1026 1731 et
1049 1684 1111 1730 ut
1134 1675 1494 1747 Hieronymus
1510 1677 1585 1730 ait
1615 1694 1628 1730 :
1666 1694 1685 1727 ι
1720 1676 1910 1729 Mulier
1930 1675 2159 1730 duorum

598 1790 618 1822 ι
642 1770 867 1825 fratrum
899 1786 1004 1825 non
1032 1771 1287 1825 ascendat
1332 1779 1508 1825 torum
1540 1789 1553 1823 :
1606 1772 1651 1825 si
1680 1778 1856 1825 autem
1894 1770 2155 1833 ascendit,

2256 595 2419 662 λόίος.
2454 592 2685 648 Sanetus
2728 592 3090 662 Hieronymus
3129 592 3185 646 in
3230 592 3521 662 Epitaphio
3550 591 3846 651 Fabiolae:

2263 705 2281 735 ι
2315 683 2587 755 Quidquid
2611 684 2742 738 viris
2763 681 3004 751 iubetur,
3019 684 3123 738 hoc
3148 690 3547 752 consequenter
3569 682 3852 740 redundat

2257 776 2313 829 in
2351 775 2601 830 feminas.
2630 773 2814 843 Neque
2844 774 2991 828 enim
3029 773 3273 828 adultera
3317 790 3457 830 uxor
3506 774 3848 831 dimittenda

2257 875 2359 930 est,
2413 875 2468 920 et
2495 867 2582 919 vir
2627 866 2873 920 mtecbus
2922 865 3211 921 tenendus.
3238 902 3255 918 .
3293 904 3308 917 .
3335 864 3471 919 Alia:
3517 873 3653 919 sunt
3694 864 3848 936 leges

2257 956 2553 1020 Caesarum,
2584 955 2702 1009 alia:
2722 953 2950 1020 Christi;
2982 955 3127 1032 aliud
3148 955 3500 1024 Papinianus,
3527 955 3682 1010 aliud
3705 955 3849 1011 Pau-

2256 1045 2341 1101 lus
2386 1054 2572 1100 noster
2621 1045 2885 1115 praecipit.
2930 1044 3086 1113 Apud
3133 1044 3255 1099 illos
3298 1045 3432 1099 viris
3485 1045 3847 1114 impudicitia:

2257 1135 2411 1190 frena
2439 1135 2708 1188 laxantur.
2738 1175 2754 1188 .
2786 1172 2803 1189 .
2833 1132 3119 1204 Apudnos,
3148 1133 3295 1203 quod
3310 1150 3416 1188 non
3444 1135 3572 1189 licet
3596 1124 3846 1199 feminis,

2256 1243 2410 1297 teque
2435 1242 2541 1281 non
2561 1227 2688 1281 licet
2710 1226 2862 1301 viris,
2892 1235 2947 1282 et
2971 1226 3164 1281 eadem
3202 1228 3441 1283 servitus
3475 1229 3597 1298 pari
3644 1228 3840 1283 condi-

2261 1319 2405 1371 tione
2428 1324 2698 1371 censetur.
2737 1336 2756 1369 ι
2797 1316 2867 1370 Ει.
2911 1324 3129 1371 sanctus
3168 1317 3501 1387 Augustinus
3546 1327 3854 1389 postquam.

2258 1407 2399 1461 hanc
2419 1407 2772 1485 quaestionem
2801 1406 2909 1461 late
2936 1406 3162 1475 fuseque
3199 1409 3475 1472 tractavit,
3510 1409 3596 1464 sic
3618 1409 3849 1464 conclu-.

2259 1497 2338 1552 dit
2371 1498 2426 1551 in
2456 1496 2597 1551 libro
2636 1513 2674 1551 ιι
2723 1497 2792 1553 de
2835 1496 3154 1553 adulterinis
3204 1496 3499 1567 Coniugiis,
3554 1515 3683 1569 cap.
3726 1500 3799 1554 20
3824 1520 3847 1555 ;‹

2263 1603 2282 1636 ι
2322 1586 2446 1641 llaec
2475 1595 2656 1641 autem
2683 1603 2770 1642 me
2792 1589 2858 1643 de
2894 1597 3124 1658 utroque
3140 1603 3272 1643 sexu
3289 1591 3611 1647 memineris
3636 1593 3839 1657 dicere.

2257 1676 2353 1731 sed
2380 1677 2609 1731 maxime
2638 1684 2859 1748 propter
2884 1678 3031 1733 viros
3061 1696 3075 1733 :
3108 1679 3198 1749 qui
3219 1688 3506 1749 propterea
3529 1697 3594 1737 se
3622 1681 3843 1739 feminis

2259 1767 2569 1836 superiores
2595 1782 2718 1821 esse
2742 1768 3105 1834 arbitrantur,
3135 1785 3204 1825 ne
3231 1770 3491 1840 pudicitia
3521 1788 3686 1841 pares
3715 1789 3841 1830 esse

598 1864 957 1919 «adulterium
1008 1862 1359 1933 perpetrabit.
1425 1862 1560 1928 Quia
1607 1877 1736 1915 vero
1773 1861 2009 1914 humana
2054 1859 2162 1913 fra-
2193 1854 2238 1912 Β
2264 1857 2572 1925 dignentur,
2602 1858 2655 1911 in
2678 1873 2783 1927 qua
2809 1858 2975 1912 etiam
3016 1859 3209 1929 pratire
3252 1860 3579 1928 debuerunt,
3632 1873 3691 1918 ut
3736 1878 3839 1920 eos

598 1954 819 2025 agilitas
846 1954 1100 2024 proclivis
1144 1962 1231 2008 est
1276 1953 1344 2008 ad
1386 1953 1672 2008 labendum
1702 1994 1717 2016 ,
1768 1952 1947 2021 aliquo
2002 1950 2162 2006 modo

597 2062 616 2095 ι
642 2044 913 2098 muniatur
964 2044 1032 2099 ad
1084 2045 1355 2099 standum.
1413 2044 1623 2099 Idcirco
1682 2045 1985 2114 episcopus,
2030 2058 2163 2097 con-

598 2154 616 2185 ι
645 2136 880 2189 siderata
904 2136 1103 2191 mentis
1124 2150 1311 2191 eorum
1341 2135 1725 2198 imbecillitate,
1756 2144 1878 2205 post
1897 2136 2162 2206 poeniten-

596 2243 614 2276 ι
643 2226 769 2279 tiam
794 2241 891 2281 sua
920 2225 1258 2282 institutione
1277 2236 1573 2295 peractam,
1592 2227 1637 2281 si
1664 2242 1725 2281 se
1749 2228 2029 2281 continere
2055 2242 2158 2281 non

598 2338 616 2370 ι
639 2318 868 2389 possint,
899 2317 1139 2388 legitimo
1164 2317 1511 2371 consolentur
1534 2316 1879 2371 matrimonio
1898 2341 1910 2370 ε
1929 2332 2016 2381 ne,
2035 2317 2162 2371 dum

601 2428 618 2459 ι
640 2416 927 2479 sperantur
953 2409 1020 2462 ad
1042 2408 1149 2461 alta
1179 2407 1470 2472 sublevari,
1497 2415 1755 2462 corruant
1778 2408 1832 2461 in
1859 2422 2096 2462 cmnum.
2137 2425 2155 2459 ι

594 2497 687 2551 Sic
704 2511 835 2551 vero
854 2495 1198 2551 Burcbardus
1241 2512 1306 2551 ex
1338 2497 1567 2551 concilio
1615 2494 1975 2562 Triburiensi,
2025 2496 2163 2551 libro

592 2605 666 2653 Ix,
691 2603 811 2643 ean.
848 2587 955 2642 45:
995 2606 1013 2639 ι
1065 2589 1161 2642 Vir
1184 2589 1229 2642 si
1257 2589 1471 2643 duxerit
1516 2604 1740 2643 uxorem
1792 2589 2163 2643 concumbere

589 2693 713 2732 cum
739 2692 803 2732 ea
826 2693 933 2733 non
962 2678 1170 2741 valens,
1203 2686 1258 2733 et
1291 2678 1457 2733 frater
1503 2679 1620 2750 eius
1646 2678 1891 2735 clanculo
1937 2695 2058 2735 eam
2084 2680 2163 2734 vi-

592 2769 825 2835 tiaverit,
854 2778 911 2824 et
936 2769 1214 2841 gravidam
1246 2770 1559 2836 reddiderit,
1591 2782 1931 2842 separentur.
1974 2771 2164 2828 Consi-

592 2863 781 2917 derata
807 2871 986 2916 autcm
1013 2863 1404 2928 imbecillitate,
1439 2864 1810 2919 misericordia
1836 2866 1917 2920 eis
1963 2866 2163 2936 impar-

593 2954 761 3007 tiatur
792 2953 860 3008 ad
900 2953 1208 3024 coniugium
1262 2964 1471 3008 tantum
1521 2956 1576 3009 in
1623 2956 1868 3010 Domino.
1909 2976 1928 3008 ›
1984 2957 2051 3010 Ει
2095 2972 2161 3011 ex

591 3040 958 3095 Penitentiali
987 3042 1229 3097 Romano
1270 3043 1639 3109 Burchardus,
1668 3045 1762 3099 lib.
1792 3062 1905 3112 XIX,
1935 3062 2052 3116 cap.
2086 3047 2117 3099 4
2144 3064 2157 3100 :

599 3150 619 3182 ι
655 3130 715 3186 Si
742 3141 923 3188 autem
951 3149 1087 3188 uxor
1111 3142 1200 3188 tua
1230 3136 1333 3190 hoc
1358 3136 1590 3205 probare
1636 3137 1854 3207 poterit,
1880 3138 2021 3207 quod
2070 3146 2159 3191 tua

592 3223 750 3293 culpa
779 3232 835 3279 et
863 3233 954 3279 tuo
976 3222 1149 3291 iussu,
1179 3240 1238 3280 se
1267 3234 1527 3281 renuente
1552 3235 1607 3282 et
1649 3228 1947 3283 reluctante
1965 3270 1979 3294 ,
2005 3229 2158 3284 adul-

593 3322 765 3368 terata
811 3315 910 3379 sit;
932 3315 976 3368 si
1006 3330 1065 3369 se
1089 3316 1371 3370 continere
1392 3330 1498 3371 non
1527 3325 1725 3386 potest,
1757 3319 1925 3373 nubat
1952 3320 2044 3388 qui
2076 3335 2163 3375 vo-

590 3402 768 3467 luerit,
803 3411 1015 3457 tantum
1041 3404 1097 3457 in
1140 3403 1388 3459 Domino.
1430 3425 1447 3457 ι
1489 3404 1642 3471 Quod
1689 3422 1879 3463 omnes
1910 3406 2023 3463 fere
2067 3409 2160 3464 alii

594 3498 811 3560 negant,
869 3498 925 3544 et
979 3491 1194 3561 quidem
1238 3491 1428 3548 Patres
1454 3494 1668 3549 concilii
1719 3493 2160 3566 Compendiensis

592 3594 716 3634 can.
745 3581 779 3635 8
808 3598 822 3634 :
862 3600 881 3632 ι
912 3580 969 3634 Si
1008 3580 1130 3651 quis
1157 3582 1321 3637 homo
1346 3582 1508 3637 habet
1535 3583 1813 3637 mulierem
1841 3584 2155 3655 legitimam,

589 3680 650 3724 et
675 3668 844 3725 frater
868 3671 984 3741 eius
1021 3671 1344 3725 adulteravit
1387 3688 1510 3727 cum
1560 3688 1644 3737 ea,
1687 3674 1778 3729 ille
1832 3674 2018 3741 frater,
2072 3676 2157 3730 vel

591 3759 682 3814 illa
711 3760 933 3826 femina,
966 3762 1059 3831 qui
1094 3762 1413 3816 adulterium
1441 3772 1915 3832 perpetraverunt,
1937 3765 2155 3821 interim

589 3867 697 3921 quo
729 3852 916 3906 vivunt
939 3867 1216 3922 nunquam
1238 3852 1473 3907 habeant
1509 3852 1835 3933 coniugium.
1864 3855 1956 3913 llle
2002 3856 2157 3925 cuius

591 3959 729 3998 uxor
752 3943 871 4008 fuit,
890 3944 936 3998 si
960 3942 1088 4006 vult,
1113 3952 1432 4014 potestatem
1459 3945 1624 4001 habet
1649 3948 1895 4016 accipere
1913 3949 2096 4003 aliam.
2129 3968 2148 4001 ι

662 4032 878 4087 Mulieri
906 4049 1010 4087 non
1036 4034 1154 4087 licet
1177 4034 1344 4089 virum
1374 4037 1653 4104 dimittere,
1682 4037 1800 4093 licet
1826 4041 1893 4095 sit
1917 4041 2153 4111 fornica-

590 4136 691 4180 tor.
722 4123 954 4179 Basilius
977 4126 1073 4179 hoc
1098 4125 1378 4193 judicavit.
1412 4126 1471 4180 In
1506 4128 1730 4198 epistola
1770 4130 1838 4185 ad
1878 4129 2156 4201 Ainphilo-

591 4217 794 4283 chium,
821 4231 944 4271 can.
978 4216 1011 4273 9
1045 4234 1059 4269 :
1096 4235 1116 4267 ι
1150 4216 1245 4270 Sin
1262 4224 1453 4272 autem
1479 4219 1621 4289 quod
1656 4220 1771 4291 ipse
1790 4223 1936 4276 vivat
1966 4224 2020 4278 in
2047 4223 2156 4279 for—

590 4307 881 4373 nicatione,
909 4323 1019 4362 non
1046 4308 1310 4363 habemus
1345 4309 1484 4365 hanc
1517 4313 1959 4369 consuetudinem
1987 4314 2042 4369 in
2069 4330 2158 4370 ec-

590 4399 888 4455 clesiastica
944 4399 1348 4465 constitutione,
1398 4402 1493 4456 sed
1548 4403 1713 4457 etiam
1771 4403 2006 4460 infidelis
2054 4404 2154 4460 viri

584 4486 735 4556 iussa
758 4497 843 4543 est
867 4488 1060 4543 mulier
1080 4504 1189 4544 non
1220 4492 1482 4560 separari,
1501 4493 1593 4545 sed
1623 4508 1909 4549 remanere
1932 4501 2154 4564 propter

590 4578 1025 4634 incertitudinem
1049 4587 1293 4635 eventus.
1329 4579 1468 4646 Quid
1494 4582 1638 4635 enim
1674 4583 1801 4646 scis,
1830 4584 2045 4648 mulier,
2080 4600 2148 4639 an

585 4669 760 4722 virum
791 4684 898 4723 non
941 4668 1018 4724 sis
1046 4672 1362 4725 servatura?
1386 4670 1564 4738 Quare
1598 4687 1719 4741 quae
1768 4672 2022 4741 relinquit
2065 4684 2150 4730 cst

585 4759 856 4824 adultera,
879 4760 925 4815 si
956 4761 1022 4815 ad
1058 4761 1220 4815 alium
1250 4763 1425 4816 virum
1464 4764 1773 4819 accesserit.
1815 4763 1917 4831 Qui
1967 4774 2149 4821 autem

584 4848 940 4919 relinquitur,
990 4860 1074 4904 est
1127 4851 1320 4921 dignus
1369 4852 1546 4917 venia,
1595 4860 1650 4908 et
1685 4868 1806 4924 qua:
1835 4855 1886 4909 ei
1930 4855 2151 4910 cohabi-

585 4950 683 5005 tat,
715 4956 823 4994 non
855 4941 975 4995 ideo
1015 4941 1421 4996 condemnatur.
1475 4963 1494 4997 ι
1542 4944 1707 4999 Ιιιθιηε
1731 4955 2149 5012 οθηεειιιιιοιοι*

585 5035 727 5104 apud
777 5033 1122 5089 Ambrosium
1171 5033 1555 5090 Commentarii
1608 5037 1662 5091 in
1714 5037 1886 5108 Epist.
1927 5041 1994 5094 ad
2049 5038 2148 5095 Co-

589 5124 756 5178 rinth.
789 5138 906 5191 cap.
935 5139 1029 5176 vn.
1063 5122 1234 5189 Quam
1265 5124 1680 5193 inaequalitatem
1710 5127 2035 5183 damnarunt
2054 5128 2143 5182 alii

587 5215 798 5279 Patres,
853 5222 913 5269 ut
965 5214 1256 5283 Gregorius
1310 5213 1681 5273 Nazianzenus
1735 5218 1790 5273 in
1842 5228 1981 5273 orat.
2025 5219 2142 5274 5i:

592 5325 610 5356 ι
640 5304 781 5372 Quid
801 5319 979 5361 causa:
1010 5304 1133 5370 fuit,
1168 5322 1264 5361 cur
1309 5305 1584 5361 mulierem
1631 5318 1929 5375 coerceret,
1978 5311 2161 5365 mari-~

586 5408 639 5452 to
655 5403 831 5451 autem
848 5396 1164 5465 indulgeret,
1179 5410 1408 5465 eumque
1426 5394 1652 5451 liberum
1670 5397 2019 5467 relinqueret,
2035 5408 2139 5454 etc.

583 5488 735 5542 Hanc
762 5487 931 5558 legem
971 5486 1383 5556 haudquaquam
1412 5488 1600 5556 probo,
1623 5488 1763 5543 hanc
1793 5489 2142 5543 consuetudi-

584 5594 705 5631 nem
756 5577 977 5632 minime
1034 5577 1193 5632 laudo
1230 5578 1373 5631 :viri
1428 5589 1583 5633 erant
1639 5580 1729 5648 qui
1783 5579 1923 5633 hanc
1971 5579 2143 5650 legem

580 5676 894 5721 sanxerunt.
953 5686 970 5717 ›
1008 5665 1158 5720 Unde
1199 5675 1418 5721 sanctus
1444 5667 1774 5735 Epiphanius
1802 5666 2001 5719 nullam
2048 5668 2144 5720 ad—

582 5757 749 5811 mittit
774 5757 1189 5827 dlSCl't‘ptlllllalll
1223 5757 1273 5811 in
1305 5759 1493 5812 lncrcsi
1532 5774 1618 5812 le
1647 5776 1658 5812 :
1691 5758 1997 5829 Σνναφθέντα
2027 5756 2142 5813 δευ-

2261 1947 2365 2001 illae
2395 1956 2655 2018 tanquam
2680 1963 2777 2002 sua
2800 1949 2977 2019 capita
3004 1959 3385 2020 sequerentur.
3416 1972 3437 2003 ι

2334 2057 2354 2089 ι
2382 2038 2696 2109 Legitimum
2711 2040 3015 2110 conjugium
3036 2057 3140 2094 non
3162 2041 3283 2096 licet
3299 2060 3541 2108 separare
3571 2047 3685 2100 sine
3702 2063 3833 2102 con—-

2258 2148 2416 2185 sensu
2442 2132 2731 2186 amborum.
2764 2134 2993 2189 Sanctus
3006 2135 3238 2191 Basilius
3255 2136 3716 2208 librollegnlarum
3730 2140 3817 2194 fu-

2260 2224 2372 2279 sius
2387 2224 2583 2293 disput.
2602 2224 2759 2280 aliter
2774 2227 3062 2296 respondet
3077 2228 3601 2298 interrogatiouiquze
3612 2231 3821 2301 sicpro—

2259 2317 2480 2387 ponitur
2506 2335 2518 2369 :
2543 2316 2822 2383 Quomodo
2866 2318 3032 2387 recipi
3081 2318 3317 2374 debeant
3352 2319 3443 2388 qui
3484 2320 3826 2375 matrimonio

2253 2406 2426 2477 iuncti
2476 2410 2635 2463 sunt?
2671 2408 2998 2480 Responsio:
3042 2410 3219 2480 Atque
3258 2411 3295 2465 ii
3325 2412 3487 2466 etiam
3518 2412 3609 2481 qui
3641 2414 3832 2467 matri-

2260 2501 2440 2555 monio
2468 2499 2766 2568 coniuncti,
2800 2502 2867 2555 ad
2890 2500 3201 2570 huiusmodi
3230 2502 3355 2556 vitae
3375 2517 3547 2571 genus
3571 2503 3835 2562 accedunt

2260 2589 2610 2658 percontandi
2664 2597 2790 2644 sunt
2852 2605 2983 2644 unm
3041 2590 3409 2645 consentiente
3454 2591 3628 2645 altera
3673 2601 3827 2661 parte

2260 2678 2363 2733 hoc
2391 2677 2615 2743 faciant,
2642 2693 2704 2732 ex
2736 2688 3004 2750 praecepto
3028 2677 3290 2749 Apostoli.
3343 2677 3432 2733 Vir
3459 2681 3635 2743 enim,
3665 2679 3841 2750 inquit

2261 2768 2372 2834 ille,
2405 2769 2488 2823 sui
2511 2769 2745 2839 corporis
2769 2777 3070 2838 potestatem
3103 2786 3207 2823 non
3243 2770 3416 2823 habet.
3465 2770 3582 2825 Etsi
3608 2771 3715 2825 hoc
3760 2771 3838 2825 ita

2261 2859 2329 2913 ab
2358 2859 2488 2929 ipsis
2510 2860 2627 2913 fieri
2649 2867 2987 2929 compertum
3008 2860 3110 2926 sit;
3141 2869 3251 2914 tum
3266 2862 3455 2917 multis
3475 2863 3743 2918 adhibitis
3759 2873 3835 2919 te-

2262 2948 2437 3002 stibus
2456 2948 2668 3003 admitti
2696 2949 2874 3013 debet,
2900 2950 2994 3018 qui
3019 2950 3247 3005 accedit.
3283 2949 3565 3020 Siquidem
3596 2953 3733 3007 nihil
3758 2961 3839 3009 est

2263 3038 2406 3107 quod
2432 3038 2524 3091 Dei
2554 3038 2721 3108 jussis
2750 3038 2931 3107 potius
2958 3039 3147 3093 haberi
3175 3040 3390 3095 debeat.
3420 3041 3481 3096 Si
3527 3056 3666 3099 vero
3690 3043 3837 3098 dissi~

2266 3124 2398 3180 deus
2417 3126 2586 3182 altera
2617 3142 2762 3196 pars,
2784 3134 2840 3182 et
2871 3128 3087 3183 assidue
3112 3144 3284 3199 usque
3316 3147 3384 3186 ex
3434 3133 3676 3189 adverso
3717 3149 3839 3190 cum

2267 3215 2439 3269 altera
2468 3218 2779 3282 contendat,
2809 3219 2952 3288 quod
2982 3219 3233 3275 videlicet
3260 3222 3442 3276 minus
3489 3223 3728 3279 sollicita
3770 3227 3833 3280 sit

2260 3308 2528 3377 quomodo
2551 3308 2764 3377 placeat
2792 3308 2944 3376 Deo;
2978 3311 3068 3366 hic
3109 3326 3173 3366 ea
3212 3314 3467 3369 convenit
3518 3317 3826 3372 meminisse

2261 3416 2380 3471 qua:
2405 3401 2547 3456 dicta
2579 3409 2706 3457 sunt
2732 3403 2801 3458 ab
2827 3402 3087 3473 Apostolo
3115 3423 3129 3458 :
3161 3404 3229 3459 In
3248 3422 3378 3476 pace
3405 3416 3593 3463 autem
3629 3410 3830 3465 vocavit

2262 3507 2354 3545 nos
2382 3489 2543 3545 Deus.
2575 3491 2643 3545 Et
2698 3492 2777 3548 sic
2818 3494 3115 3562 parendum
3166 3505 3435 3567 praecepto
3487 3498 3708 3555 Domini
3750 3503 3841 3571 qui

2262 3578 2432 3635 dixit:
2458 3578 2517 3634 Si
2544 3581 2662 3651 quis
2683 3582 2817 3635 venit
2849 3583 2919 3636 ad
2947 3600 3058 3648 me,
3086 3594 3134 3638 et
3162 3602 3266 3639 non
3291 3587 3399 3640 odit
3429 3597 3637 3658 patrem
3666 3608 3834 3655 suam,

2261 3679 2308 3725 st
2335 3679 2574 3737 matrem,
2603 3681 2652 3725 et
2674 3688 2914 3740 umorem,
2942 3684 2992 3729 et
3037 3675 3178 3744 ﬁlios
3205 3686 3254 3731 et
3279 3678 3492 3747 fratres,
3527 3697 3633 3736 non
3680 3693 3839 3752 potest

2262 3778 2538 3817 essemus
2567 3764 2878 3835 discipulus.
2904 3765 3090 3837 Neque
3132 3771 3277 3824 enim
3321 3778 3407 3826 est
3448 3772 3599 3841 quod
3648 3775 3835 3830 haberi

2260 3853 2536 3925 antiquius
2564 3855 2759 3913 debeat
2782 3874 2946 3928 quam
2969 3867 3028 3913 ut
3048 3859 3143 3915 Dei
3163 3861 3334 3930 iussis
3360 3871 3642 3931 pareatur.
3683 3885 3703 3916 ι
3737 3864 3836 3920 Sed

2260 3942 2587 3999 dissentiunt
2608 3946 2701 4001 alii
2725 3946 2936 4013 Patres,
2962 3957 3018 4004 et
3053 3963 3175 4003 cum
3213 3952 3294 4006 eis
3321 3951 3649 4009 Theodorus
3679 3956 3838 4010 sentit

2258 4034 2558 4105 legitimum
2585 4038 2896 4110 coniugium
2940 4042 3181 4112 separari
3208 4058 3315 4097 non
3343 4060 3505 4114 posse
3555 4047 3685 4102 sine
3712 4063 3839 4102 con-

2261 4140 2423 4179 sensu
2450 4126 2752 4182 amborum.
2787 4128 3019 4185 Sanctus
3051 4129 3385 4201 Augustinus
3425 4134 3481 4187 in
3511 4136 3688 4203 epist.
3720 4136 3789 4190 46
3816 4149 3833 4188 :

2264 4233 2282 4266 ι
2322 4216 2571 4272 Voveuda
2599 4218 2727 4272 talia
2755 4234 2860 4274 non
2884 4228 3008 4275 sunt
3034 4237 3065 4275 a
3086 4221 3406 4292 coniugatis,
3434 4224 3543 4279 nisi
3586 4240 3661 4279 ex
3711 4241 3838 4281 cono

2257 4320 2419 4362 sensu
2433 4317 2488 4363 et
2514 4310 2788 4367 voluntate
2810 4314 3099 4368 communi.
3120 4314 3232 4369 Etsi
3261 4331 3606 4387 prmpropere
3624 4317 3833 4373 factum

2256 4401 2441 4470 fuerit,
2472 4405 2645 4476 magis
2665 4413 2750 4460 est
2775 4406 3091 4477 corrigenda
3123 4408 3421 4473 temeritas,
3443 4424 3609 4477 quam
3622 4408 3837 4479 persol-

2258 4493 2431 4547 venda
2466 4495 2770 4564 promissio.
2793 4494 2978 4564 Neque
3007 4497 3153 4551 enim
3184 4497 3326 4554 Deus
3377 4498 3569 4569 erigit,
3615 4500 3670 4553 si
3712 4485 3834 4569 quis

2253 4598 2321 4636 ex
2343 4582 2519 4639 alieno
2542 4584 2746 4653 aliquid
2774 4587 3007 4652 voverit,
3038 4588 3132 4643 sed
3162 4589 3340 4658 potius
3387 4605 3658 4659 usurpare
3681 4598 3839 4645 vetat

2252 4674 2507 4729 alienum.
2539 4675 2772 4735 Sanctus
2789 4676 3081 4748 Gregorius
3106 4679 3327 4751 Magnus
3350 4680 3442 4735 lib.
3474 4697 3528 4735 Ix
3549 4722 3565 4745 ,
3592 4697 3689 4752 cp.
3716 4683 3789 4737 39
3814 4700 3828 4735 :

2256 4782 2276 4816 ι
2321 4763 2379 4818 Si
2419 4766 2561 4820 enim
2603 4766 2789 4821 dicunt
2826 4766 3097 4837 religionis
3136 4784 3296 4823 causa
3332 4769 3583 4840 coniugia
3628 4772 3836 4827 debere

2250 4852 2487 4919 dissolvi,
2517 4855 2790 4911 sciendum
2816 4863 2900 4909 est
2915 4855 3041 4923 quia
3063 4856 3166 4911 etsi
3191 4855 3278 4910 lex
3306 4856 3540 4911 humana
3571 4858 3677 4913 hoc
3703 4873 3833 4913 con-

2248 4945 2433 5011 cessit,
2476 4949 2565 5000 lcx
2609 4944 2790 5000 divina
2834 4953 3013 4999 tamen
3040 4945 3329 5016 prohibuit.
3362 4946 3496 5002 Vide
3533 4948 3831 5019 Egbertum

2247 5031 2641 5089 Eboracensem
2666 5032 2719 5087 in
2744 5033 3022 5102 Excerpt.,
3051 5048 3102 5087 c.
3130 5033 3258 5098 H9;
3288 5034 3574 5090 concilium
3606 5037 3832 5092 Verruc-

2246 5123 2583 5189 riense,ean.
2614 5123 2679 5189 4;
2702 5123 2903 5178 Concil.
2934 5123 3377 5193 Compendieuse,
3401 5139 3522 5179 can.
3558 5124 3631 5178 δε
3667 5144 3688 5176 ι
3721 5124 3830 5179 Ilu-

2244 5211 2346 5266 lier
2374 5214 2419 5267 si
2445 5214 2562 5273 sine
2586 5222 2888 5268 commeatu
2914 5213 3014 5267 viri
3056 5213 3139 5268 sui
3168 5212 3343 5268 velum
3389 5214 3443 5267 in
3475 5224 3639 5284 caput
3662 5215 3831 5269 mise-

2245 5302 2335 5368 rit,
2362 5305 2408 5358 si
2436 5303 2553 5359 viro
2584 5303 2862 5374 placuerit,
2892 5303 3120 5373 recipiat
3153 5318 3272 5358 eam
3310 5305 3505 5359 iterum
3546 5305 3614 5359 ad
3638 5304 3831 5372 conin-

2245 5392 2410 5463 gium.
2449 5412 2470 5445 ›
2518 5393 2648 5460 Quae
2690 5393 3015 5448 conveniunt
3048 5410 3173 5448 cum
3198 5410 3267 5449 eo
3314 5396 3458 5463 quod
3505 5394 3827 5450 Theodorus

2244 5484 2377 5540 dicit
2400 5499 2516 5555 cap.
2548 5485 2614 5540 l8
2639 5501 2651 5538 :
2677 5503 2695 5534 ι
2719 5484 2853 5539 Vota
2879 5499 2998 5553 quas
3022 5485 3250 5539 maritus
3271 5484 3401 5538 facit
3419 5486 3530 5539 Deo
3550 5486 3663 5540 sine
3690 5499 3825 5539 con-

2244 5574 2405 5630 sensu
2445 5575 2645 5635 uxoris,
2678 5575 2838 5629 stulta
2871 5589 2991 5630 esse
3025 5584 3081 5630 et
3115 5574 3494 5644 importabilia,
3529 5591 3646 5645 qua:
3672 5574 3825 5629 fran-

2244 5666 2413 5736 genda
2444 5673 2586 5719 sunt.
2622 5685 2641 5718 ι

2318 5757 2490 5811 Potest
2514 5766 2684 5811 tamen
2707 5756 2838 5811 alter
2859 5756 3009 5811 alteri
3039 5756 3301 5811 licentiam
3331 5756 3457 5810 dare
3482 5756 3725 5810 accedere
3747 5753 3817 5809 ad
