4060 6350
275 242 418 300 “5'5

1394 238 1989 299 'OBSERVATIONES
2029 242 2117 298 ET
2154 244 2387 301 ΝΟΤᾹΞ.

3392 247 3532 304 1154

270 354 577 413 servitutem
595 353 689 408 Dei
711 354 764 408 in
783 355 1094 408 monasterio
1113 364 1160 409 et
1181 354 1281 409 sibi
1300 355 1509 409 nubere.
1529 356 1663 411 Vide
1680 356 1860 409 varias
1885 357 1930 414 Α
1959 355 2071 422 piat
2096 358 2302 425 virum,
2333 359 2447 428 ipsa
2477 357 2706 422 femina,
2734 358 2780 412 si
2812 357 2958 423 vult,
2989 360 3251 429 accipiat:
3280 361 3533 421 similiter

272 445 561 507 lectiones,
598 442 649 497 in
683 442 878 512 quibus
920 443 1007 497 hic
1030 443 1180 498 locus
1207 443 1438 499 refertur
1467 446 1665 500 citatus
1689 454 1742 500 et
1762 460 1862 500 ex-

272 537 487 607 positus
529 536 599 589 ab
634 534 868 605 Egberto
897 545 953 589 et
977 535 1273 604 Reginone.
1316 535 1599 607 Subjungit
1622 538 1865 595 Theodo-

273 642 393 691 rus,
426 634 481 680 et
521 635 701 680 tamen
728 641 834 680 non
867 635 951 681 est
987 628 1327 683 canonicum.
1361 628 1513 695 Quod
1542 637 1720 684 tamen
1755 643 1863 687 non

274 716 439 787 longo
458 724 583 786 post
610 724 851 785 tempore
880 718 1248 787 comprobavit
1279 719 1567 773 concilium
1599 719 1865 790 Compen-

274 808 487 871 diense,
507 809 732 862 can.i'5:
754 827 772 859 ι
795 807 850 862 Si
868 808 989 877 quis
1004 810 1085 862 vir
1105 809 1383 863 mulierem
1405 825 1558 864 suam
1573 810 1861 876 dimiserit,

272 907 333 954 et
378 899 595 954 dederit
639 907 999 953 commeatum
1045 914 1143 968 pro
1192 900 1466 970 religionis
1512 916 1676 955 causa
1720 902 1862 956 intra

273 992 671 1047 monasterium
713 992 1005 1055 deservire,
1043 1000 1138 1046 aut
1180 991 1326 1047 foras
1354 993 1739 1048 monasterium
1769 994 1863 1049 dea

273 1083 419 1139 derit
447 1083 719 1136 licentiam
747 1082 948 1147 velare,
982 1083 1123 1138 sicut
1152 1084 1409 1149 diximus,
1429 1094 1651 1155 propter
1668 1085 1858 1151 Deum,

273 1173 362 1226 vir
388 1172 532 1226 illius
561 1171 787 1240 accipiat
817 1171 1099 1227 mulierem
1134 1172 1424 1242 legitimam
1457 1194 1471 1226 ι
1519 1174 1768 1228 similiter
1806 1181 1863 1229 et

273 1264 474 1318 mulier
503 1263 667 1317 faciat
696 1281 708 1316 :
735 1262 999 1332 Georgius
1023 1264 1316 1319 consensit.
1351 1283 1370 1317 ι

349 1355 575 1409 Diaconi
602 1364 777 1408 autem
802 1354 995 1409 relictae
1024 1371 1126 1409 non
1149 1356 1286 1409 licet.
1309 1355 1514 1411 Concil.
1538 1356 1857 1411 Toletanum

272 1467 318 1516 ι,
352 1465 472 1520 cap.
504 1450 569 1504 18
599 1466 612 1502 :
653 1468 671 1499 ‹
696 1448 895 1519 Siqua
922 1451 1080 1505 vidua
1106 1451 1364 1521 episcOpi,
1383 1451 1508 1506 sive
1535 1451 1853 1521 presbyteri,

272 1547 374 1594 aut
396 1539 627 1601 diaconi,
652 1537 906 1592 maritum
928 1539 1212 1608 acceperit.
1237 1539 1413 1595 nullus
1438 1540 1685 1607 clericus,
1711 1541 1856 1625 nulla

1965 455 2020 500 et
2046 448 2147 502 vir.
2176 469 2195 502 ι
2228 448 2335 503 Sed
2381 465 2503 504 cum
2547 448 2850 518 Augustino
2892 449 3134 519 pluribus
3181 453 3235 506 in
3273 453 3441 518 locis,
3478 458 3537 511 ct

1965 539 2200 593 maxime
2229 540 2325 595 lib.
2356 540 2422 595 de
2451 540 2599 595 Bono
2624 538 2892 611 conjugali
2924 556 3046 611 cap.
3086 541 3152 596 15
3189 551 3245 597 et
3277 543 3369 597 lib.
3396 560 3433 599 ιι
3469 546 3538 601 de

1965 628 2282 685 adulterinis
2307 629 2604 703 Conjugiis,
2633 646 2754 702 cap.
2798 632 2881 685 ll.
2913 632 3104 687 Patres
3127 633 3343 689 concilii
3368 635 3540 690 Aure-

1963 715 2226 773 lianensis
2270 736 2310 773 ιι
2357 720 2578 775 minime
2622 720 2917 790 indulgent.
2971 719 3064 776 Sic
3097 722 3242 777 enim
3279 738 3399 777 can.
3432 725 3537 777 ll:

1968 824 1988 857 ι
2019 806 2312 863 Contracta
2347 810 2693 864 matrimonia
2727 812 3020 866 accedente
3050 811 3364 867 inﬁrmitate
3395 812 3540 869 nulla

1961 899 2254 954 voluntatis
2300 903 2687 956 contrarietate
2733 902 3027 958 solvantur.
3076 905 3231 973 Quod
3264 906 3308 962 si
3345 911 3436 977 qui
3471 923 3540 964 ex

1961 993 2281 1063 conjugihus
2324 992 2579 1061 fecerint,
2622 995 2871 1049 noverint
2914 998 3291 1053 communione
3328 1000 3545 1070 privan-

1961 1083 2078 1139 dos.
2110 1103 2130 1135 ι

2034 1170 2230 1225 Mulier
2266 1188 2383 1243 qua:
2420 1174 2555 1227 vovit
2583 1183 2698 1245 post
2725 1185 2942 1251 mortem
2969 1177 3068 1231 riri
3084 1218 3098 1243 ,
3126 1179 3414 1251 iterumque
3441 1199 3541 1237 nu-

1960 1270 2069 1331 pta.
2105 1260 2336 1317 Sanctus
2364 1262 2597 1318 Basilius
2627 1272 2855 1319 testatur
2881 1254 2934 1319 in
2962 1268 3189 1336 epistola
3221 1271 3289 1323 ad
3316 1271 3543 1343 Amphi-

1964 1348 2198 1403 lochium
2219 1389 2233 1414 ,
2264 1366 2386 1405 can.
2422 1352 2519 1417 18,
2549 1353 2739 1407 Patres
2766 1370 2894 1422 erga
2924 1355 3104 1425 lapsas
3130 1358 3366 1428 virgines
3386 1400 3400 1429 ,
3427 1376 3547 1430 qua:

1959 1438 2129 1493 vitam
2161 1435 2530 1496 inhonestate
2560 1443 2788 1499 Domino
2815 1447 3072 1515 professa:
3100 1459 3286 1513 erant,
3317 1450 3547 1507 clemen-

1961 1539 2044 1588 ter
2070 1547 2131 1587 se
2156 1533 2406 1604 gessisse.
2442 1550 2460 1586 ι
2491 1536 2567 1589 De
2592 1535 2758 1605 lapsis
2777 1578 2789 1599 ,
2822 1538 3024 1608 inquit,
3055 1540 3355 1611 virginibus
3374 1583 3389 1607 ,
3417 1558 3541 1612 quae

274 1628 526 1697 religiosa
551 1643 673 1682 cum
709 1643 773 1681 ea
803 1628 1109 1683 convivium
1151 1637 1345 1695 sumat,
1392 1646 1668 1701 nunquam
1709 1623 1857 1687 com-

1964 1623 2123 1687 vitam
2151 1624 2205 1677 in
2234 1624 2518 1679 honestate
2544 1626 2770 1682 Domino
2791 1627 3049 1697 professae
3075 1640 3232 1697 sunt,
3265 1649 3361 1688 sua
3391 1641 3546 1704 pacta

272 1719 535 1784 municet,
582 1720 835 1774 morienti
885 1727 1092 1774 tantum
1135 1721 1184 1775 ei
1231 1731 1626 1777 sacramentum
1669 1724 1860 1779 sulive-
1889 1711 1934 1772 Β
1961 1722 2222 1769 conventa
2255 1714 2630 1781 inﬁrmarum,
2670 1718 2857 1774 Ρειῑτθε
2898 1721 3115 1790 quidem
3157 1723 3455 1779 Clementer
3492 1733 3548 1780 εί

274 1813 414 1866 niat.
451 1832 471 1864 ι
510 1812 712 1866 Concil.
741 1811 1126 1866 Aurelianense
1149 1828 1188 1876 ι,
1226 1828 1344 1882 cap.
1376 1813 1443 1868 15
1476 1828 1490 1867 :
1525 1832 1542 1865 ι
1582 1813 1638 1869 Si
1666 1829 1724 1870 se
1750 1815 1865 1870 cui-

273 1917 491 1971 cunque
512 1901 703 1955 mulier
728 1900 925 1971 duplici
948 1898 1198 1972 coniugio
1224 1902 1521 1972 presbyteri
1544 1903 1627 1957 vel
1653 1903 1865 1959 diaconi

274 1992 469 2048 relicta
515 1992 876 2062 conjunxerit,
928 1999 1023 2045 aut
1068 1992 1313 2062 castigati
1362 2000 1719 2061 separentur,
1773 2001 1868 2048 aut

274 2090 449 2146 certe,
490 2083 536 2137 si
566 2083 619 2137 in
667 2082 956 2136 criminum
998 2081 1298 2137 intentione
1347 2082 1705 2152 perstiterint,
1749 2083 1866 2152 pari

273 2173 836 2230 excommunicatione
869 2172 1190 2242 plectantur.
1226 2190 1245 2224 ι
1280 2170 1486 2226 Concil.
1526 2172 1864 2241 Epaonense,

276 2280 400 2320 can.
438 2264 548 2319 52:
582 2263 785 2319 Relicta
814 2263 1134 2334 presbyteri,
1164 2263 1277 2318 sive
1305 2262 1535 2324 diaconi,
1567 2263 1612 2318 si
1644 2263 1865 2319 cuicun-

275 2371 383 2425 que
410 2355 730 2425 renupserit,
750 2363 974 2409 eatenus
995 2354 1064 2409 ab
1086 2354 1325 2409 Ecclesia
1347 2354 1665 2424 depellatur,
1695 2356 1867 2411 donec

276 2462 308 2502 a
335 2446 713 2516 conjunctione
734 2445 920 2500 illicita
948 2454 1268 2514 separetur:
1299 2446 1494 2500 marito
1517 2462 1729 2517 quoque
1749 2445 1865 2516 ejus

275 2535 441 2591 simili
463 2549 632 2604 usque
652 2534 720 2588 ad
746 2534 1133 2589 correctionem
1155 2536 1496 2591 severitatem
1512 2536 1816 2605 plectendo.
1839 2557 1857 2590 ι

276 2627 426 2682 Idem
455 2626 621 2693 habet
647 2625 935 2680 concilium
965 2624 1429 2691 Antisiodorcnse,
1461 2642 1510 2681 c.
1543 2626 1642 2693 22;
1665 2627 1859 2683 concil.

282 2715 673 2770 Matisconense
693 2731 755 2779 ιι,
781 2729 902 2769 can.
933 2714 1020 2768 14.

356 2804 460 2861 Sed
488 2804 576 2859 ille
601 2805 930 2874 inﬁrmatus,
960 2822 1051 2860 seu
1076 2805 1170 2859 illa
1195 2806 1483 2875 inﬁrmata.
1516 2807 1573 2863 Si
1597 2823 1861 2864 consensu

287 2897 565 2953 amborum
600 2903 938 2966 separentur,
974 2896 1067 2967 qui
1102 2913 1209 2950 non
1241 2904 1417 2967 potest
1452 2912 1511 2951 se
1546 2900 1859 2965 continere,

281 2987 413 3056 quid
436 2987 487 3041 ei
515 2988 819 3058 agendum?
845 2986 937 3041 Sic
964 2988 1249 3057 respondet
1281 2986 1573 3060 Gregorius
1600 2989 1672 3055 ll,
1699 2991 1856 3058 epist.

1966 1804 2165 1861 leniter
2194 1806 2249 1860 in
2287 1821 2474 1861 eorum
2508 1809 2600 1877 qui
2637 1808 2892 1864 labuntur
2926 1811 3333 1877 inﬁrmitatem,
3367 1828 3423 1869 se
3451 1829 3546 1884 ge-

1966 1904 2171 1961 rentes,
2190 1911 2316 1951 esse
2341 1897 2704 1954 admittendas
2723 1909 3052 1955 censuerunt
3073 1912 3197 1972 post
3221 1918 3420 1959 annum
3441 1945 3456 1969 ,
3483 1903 3551 1959 ad

1966 1987 2371 2043 similitudinem
2409 1986 2750 2059 digamorum
2781 1990 3159 2048 decernentes.
3192 2013 3211 2045 ι
3250 1993 3395 2049 Inter
3430 1993 3550 2050 illos

1966 2078 2185 2142 Patres,
2222 2078 2290 2133 de
2319 2080 2515 2148 quibus
2547 2089 2771 2137 sanctus
2808 2082 3037 2138 Basilius
3069 2083 3329 2153 loquitur,
3370 2101 3544 2139 annu-

1964 2169 2253 2224 merandus
2282 2179 2363 2224 est
2392 2178 2614 2226 sanctus
2644 2170 2968 2242 Cyprianus,
3000 2175 3092 2243 qui
3124 2176 3198 2229 ita
3237 2176 3290 2230 in
3314 2177 3543 2244 epistola
3572 2194 3579 2199 ”

1966 2260 2054 2327 62,
2080 2261 2148 2315 ad
2167 2260 2553 2329 Pomponium:
2576 2279 2596 2313 ι
2620 2262 2773 2329 Quod
2793 2263 2839 2317 si
2861 2278 2929 2317 ex
2953 2264 3057 2319 ﬁde
3079 2278 3137 2319 se
3155 2264 3373 2319 Christo
3392 2265 3544 2320 dica-

1963 2360 2192 2417 verunt,
2217 2352 2408 2423 pudice
2434 2360 2490 2407 et
2514 2361 2666 2407 caste
2690 2354 2808 2409 sine
2832 2353 2941 2408 ulla
2971 2354 3150 2409 fabula
3176 2363 3550 2424 perseverent,

1965 2441 2041 2496 ita
2087 2440 2257 2496 fortes
2300 2450 2356 2497 et
2395 2442 2620 2497 stabiles
2659 2444 2944 2512 prmmium
2988 2444 3318 2515 virginitatis
3358 2459 3552 2516 exspe-

1965 2540 2136 2587 ctent.
2180 2532 2237 2587 Si
2277 2540 2458 2587 autem
2494 2548 2853 2604 perseverare
2886 2535 3111 2601 nolunt,
3144 2536 3228 2590 vel
3276 2550 3381 2590 non
3427 2551 3553 2606 pos-

1965 2632 2120 2685 sunt,
2163 2624 2357 2679 melius
2385 2633 2471 2680 est
2506 2632 2566 2679 ut
2603 2625 2810 2680 nubant
2844 2642 3005 2697 quam
3033 2626 3095 2682 in
3132 2628 3307 2698 ignem
3341 2628 3553 2684 delictis

1963 2715 2078 2771 suis
2107 2716 2320 2770 cadant.
2345 2735 2364 2766 ι
2395 2714 2501 2770 Sed
2533 2716 2587 2769 in
2615 2717 2762 2771 hunc
2791 2732 3078 2772 numerum
3108 2717 3379 2772 recenseri
3408 2733 3550 2787 prte-

1962 2808 2118 2877 cipue
2153 2807 2351 2862 debent
2382 2805 2570 2861 Patres
2615 2807 2832 2862 concilii
2866 2806 3168 2878 Ancyrani,
3210 2808 3277 2862 ad
3315 2821 3548 2878 quorum

1962 2899 2128 2953 verba
2173 2905 2395 2952 sanctus
2438 2897 2666 2951 Basilius
2707 2897 2924 2953 videtur
2959 2907 3251 2967 spectasse.
3290 2897 3381 2952 Sic
3413 2912 3549 2952 vero

1963 3003 2084 3042 can.
2119 2988 2186 3042 19
2211 3004 2226 3040 :
2261 3004 2279 3037 ι
2310 2986 2628 3054 Quicunque
2654 2985 3018 3056 virginitatem
3046 2985 3392 3055 proﬁtentes,
3418 3001 3549 3055 pro-

280 3077 381 3139 1'5,
415 3076 484 3130 ad
510 3074 842 3129 Bonifacium
871 3076 1215 3146 episcopum,
1247 3092 1368 3131 can.
1402 3077 1476 3131 2:
1508 3097 1526 3128 ι
1557 3078 1689 3133 Nam
1717 3080 1861 3149 quod
1889 3072 1934 3133 C
1965 3075 2260 3131 fessionem
2290 3090 2444 3130 suam
2471 3074 2684 3129 irritam
2719 3075 2981 3140 reddunt,
3014 3075 3051 3129 ii
3088 3075 3430 3144 bigamorum
3456 3077 3552 3131 de-

275 3166 642 3236 proposuisti,
675 3165 819 3236 quod
847 3166 891 3221 si
921 3166 1117 3220 mulier
1142 3168 1459 3222 inﬁrmitate
1487 3177 1733 3238 correpta
1760 3186 1865 3224 non

274 3258 517 3312 valuerit
544 3258 784 3313 debitum
810 3259 927 3313 viro
957 3260 1212 3324 reddere,
1246 3260 1374 3329 quid
1400 3261 1519 3330 ejus
1546 3260 1709 3316 faciat
1737 3279 1867 3316 con:-

272 3347 521 3420 jngalis?
547 3348 753 3403 Bonum
777 3356 922 3404 esset
945 3349 991 3403 si
1018 3349 1099 3404 sic
1124 3359 1483 3419 permaneret,
1506 3360 1567 3405 ut
1586 3351 1865 3407 abstinen~

276 3439 373 3494 tite
400 3450 641 3495 vacaret.
671 3438 778 3494 Sed
804 3440 930 3510 quia
960 3440 1062 3495 hoc
1088 3455 1408 3510 magnorum
1437 3449 1545 3505 est,
1574 3442 1664 3497 ille
1691 3442 1779 3511 qui
1808 3458 1867 3497 se

281 3546 397 3587 non
440 3532 642 3600 poterit
685 3532 999 3597 continere,
1051 3533 1219 3587 nubat
1263 3534 1474 3603 magis:
1527 3549 1634 3588 non
1684 3542 1866 3589 tamen

279 3639 503 3679 omnem
533 3624 754 3679 subsidii
784 3640 939 3694 opem
964 3624 1245 3680 subtrahat
1274 3627 1342 3682 ab
1371 3627 1491 3693 illa,
1520 3642 1681 3696 quam
1717 3627 1866 3681 inﬁr-

278 3714 449 3769 mitas
475 3714 734 3784 praeponit
754 3755 770 3779 ,
801 3723 857 3769 et
884 3731 989 3769 non
1018 3716 1353 3771 detestabilis
1378 3718 1533 3787 culpa
1556 3718 1813 3773 excludit.
1840 3739 1859 3772 ι

276 3804 551 3873 Egbertus
581 3806 938 3862 Eboracensis
978 3807 1033 3861 in
1071 3809 1419 3877 responsione
1461 3811 1528 3866 ad
1566 3810 1865 3881 interroga-

277 3896 484 3950 tionem
526 3896 592 3950 15
618 3914 630 3949 :
661 3915 678 3948 ‹
707 3896 877 3952 Nemo
905 3906 1093 3953 contra
1122 3898 1466 3969 Evangelium
1493 3941 1508 3965 ,
1540 3916 1699 3955 nemo
1736 3918 1867 3957 con-

276 3994 369 4039 tra
414 3984 731 4055 Apostoium
769 3987 885 4041 sine
925 3987 1161 4043 vindicta
1204 3987 1376 4044 facit:
1409 3990 1610 4046 idcirco
1637 4005 1866 4046 consen-

276 4090 405 4130 sum
440 4075 661 4130 minime
689 4078 992 4146 praebemus
1019 4077 1297 4132 adulteris.
1330 4079 1507 4135 Onera
1539 4089 1716 4135 tamen
1746 4096 1865 4150 qua:

275 4165 401 4219 sine
430 4164 670 4233 periculo
700 4167 908 4235 portari
944 4183 1051 4221 non
1096 4177 1352 4238 possunt,
1390 4170 1590 4223 nemini
1630 4170 1862 4240 imponi-

274 4269 443 4319 mus;
475 4269 538 4308 ea
562 4270 693 4311 vero
718 4271 837 4324 qua:
865 4255 959 4309 Dei
988 4264 1115 4311 sunt
1138 4258 1395 4311 mandata
1423 4258 1758 4313 conﬁdenter
1783 4258 1865 4313 in-

273 4345 530 4400 dicimus.
557 4346 727 4412 Quem
755 4355 935 4402 autem
965 4347 1254 4403 inﬁrmitas
1280 4348 1537 4419 implendi
1568 4349 1859 4419 praepedit,

1970 3168 2269 3223 ﬁnitionem
2300 3166 2575 3235 impleant.
2598 3186 2618 3218 ι
2634 3167 2707 3220 At
2731 3176 2952 3222 sanctus
2976 3167 3210 3223 Basilius
3235 3169 3394 3234 dicit,
3425 3184 3551 3223 cum

1970 3272 2231 3312 numerus
2254 3257 2525 3325 virginum
2562 3256 2679 3309 Deo
2708 3256 3008 3310 dicatarum
3039 3265 3348 3327 augeretur,
3374 3266 3430 3311 et
3456 3274 3552 3312 vo-

1968 3357 2080 3402 tum
2104 3346 2219 3415 jam
2259 3346 2499 3401 solemne
2534 3353 2681 3400 esset
2717 3355 2773 3400 et
2808 3347 3114 3416 publicum,
3142 3347 3286 3402 hanc
3312 3347 3547 3416 priorem

1967 3437 2309 3508 disciplinam
2339 3450 2459 3491 esse
2488 3436 2894 3490 immutandam.
2926 3436 3291 3503 Quamobrem
3318 3437 3461 3494 aliud
3487 3453 3548 3494 se

1966 3530 2203 3600 primum
2236 3527 2493 3583 statuisse
2531 3527 2604 3581 ita
2642 3526 2880 3581 declarat
2908 3542 3034 3582 can.
3071 3527 3174 3581 18:
3206 3545 3225 3578 ι
3265 3527 3424 3593 Mihi,
3461 3531 3545 3584 in-

1967 3618 2118 3688 quit,
2160 3617 2375 3672 videtur
2414 3615 2557 3685 quod
2599 3616 2855 3685 quoniam
2900 3616 2995 3671 Dei
3038 3617 3211 3686 gratia
3245 3618 3545 3687 procedens

1967 3708 2210 3782 Ecclesia
2233 3707 2294 3762 ﬁt
2318 3707 2528 3773 fortior,
2553 3715 2609 3762 et
2620 3708 2754 3762 ordo
2770 3706 3035 3778 virginum
3065 3716 3312 3780 augetur,
3336 3716 3420 3764 est
3446 3711 3545 3765 ad-

1967 3801 2235 3856 hibendus
2256 3800 2469 3853 animus
2490 3799 2570 3853 rei
2591 3813 2710 3867 qua:
2730 3812 2827 3869 per
2846 3798 3257 3868 intelligentiam
3278 3801 3539 3863 cernitur,

1968 3905 2024 3950 et
2055 3895 2337 3951 sententiae
2363 3893 2654 3962 Scriptum
2674 3933 2689 3957 ,
2713 3908 2835 3961 quae
2861 3900 3040 3964 potest
3067 3908 3135 3948 ex
3161 3893 3547 3963 consequentia

1969 3986 2293 4043 inveniri....
2318 3986 2483 4055 Virgo
2509 3984 2765 4040 adulterae
2787 3982 2991 4052 judicio
3017 3982 3323 4053 subjicitur,
3347 3983 3391 4039 si
3422 3996 3546 4039 cum

1965 4080 2057 4149 qui
2086 4091 2209 4133 cum
2238 4078 2411 4133 aliena
2438 4077 2666 4132 muliere
2693 4076 3000 4143 cohabitat;
3032 4077 3340 4131 adulterum
3369 4076 3547 4132 nomi-

1965 4185 2157 4225 namus
2176 4209 2191 4235 ,
2220 4184 2344 4223 eum
2382 4184 2489 4222 non
2518 4169 2669 4237 prius
2694 4169 2760 4223 ad
2786 4168 3221 4224 communionem
3253 4166 3545 4220 admitten-

1964 4269 2072 4326 tes,
2105 4275 2265 4331 quam
2305 4275 2336 4313 a
2373 4266 2598 4328 peccato
2636 4259 2971 4315 cessaverit:
3005 4258 3079 4311 ita
3115 4256 3371 4311 videlicet
3400 4263 3456 4310 et
3486 4255 3540 4309 in

1966 4370 2031 4410 eo
2056 4356 2148 4424 qui
2177 4355 2440 4424 virginem
2465 4353 2663 4418 habet,
2686 4351 3033 4407 ailiciemur.»
3058 4350 3126 4405 Et
3152 4349 3259 4419 iam
3285 4358 3545 4405 sanxerat

240 4489 244 4493 .
272 4451 391 4490 uno
417 4436 657 4505 profecto
684 4438 910 4493 multum
939 4438 1282 4494 reservamus
1310 4438 1515 4508 judicio
1543 4440 1660 4495 Dei.
1694 4440 1862 4511 Igitur
1885 4437 1941 4497 D
1965 4461 2084 4502 can.
2123 4445 2157 4499 6
2196 4443 2503 4513 hujusmodi
2552 4442 2960 4510 conjunctiones
3000 4455 3122 4495 esse
3162 4438 3547 4495 fornicationes

274 4541 349 4581 nc
400 4525 541 4582 forte
581 4528 862 4584 videamur
914 4529 1128 4585 silentio
1178 4530 1362 4586 fovere
1408 4531 1716 4595 adulteros,
1769 4543 1864 4589 aut

275 4616 527 4674 diabolus
557 4618 651 4688 qui
686 4619 884 4689 decipit
916 4620 1190 4677 adulteros
1218 4622 1284 4676 de
1310 4622 1569 4677 adulteris
1596 4623 1856 4689 exsultet,

275 4708 550 4763 ultoribus
577 4710 702 4765 audi
726 4727 741 4764 :
776 4709 932 4776 Quod
958 4710 1099 4765 Deus
1128 4713 1434 4782 conjunxit,
1471 4714 1626 4768 homo
1656 4731 1758 4769 non
1782 4733 1863 4770 se-

270 4807 465 4868 paret,
491 4806 546 4853 et
574 4800 703 4854 item
732 4818 744 4854 :
776 4799 880 4866 Qui
910 4811 1075 4872 potest
1103 4819 1287 4873 capere
1312 4792 1505 4874 sapiat.
1535 4804 1686 4876 Saepe
1712 4822 1863 4861 uam~

275 4900 388 4955 que
417 4895 718 4956 temporum
747 4892 1143 4959 permutatione
1194 4895 1492 4950 necessitas
1517 4896 1689 4966 legem
1716 4897 1861 4952 fran-

273 4978 380 5045 git.
404 4977 541 5045 Quid
570 4980 716 5033 enim
744 4980 871 5036 fecit
898 4981 1065 5037 Datid
1090 4985 1305 5052 quando
1333 4987 1562 5041 esuriit?
1588 4988 1656 5042 Et
1684 4996 1864 5044 tamen

278 5067 400 5120 sine
426 5077 652 5136 peccato
679 5079 781 5125 est.
824 5070 964 5143 Ergo
992 5072 1046 5126 in
1082 5075 1347 5146 ambiguis
1381 5092 1485 5131 non
1521 5086 1606 5131 est
1641 5077 1863 5133 ferenda

277 5162 586 5227 sententia,
635 5164 730 5218 sed
773 5165 996 5220 consilia
1045 5181 1265 5223 necesse
1305 5179 1387 5224 est
1428 5171 1722 5239 periclitari
1762 5184 1863 5241 pro

277 5247 456 5303 salute
479 5250 710 5306 aliorum
734 5269 749 5318 ;
777 5254 879 5308 hac
903 5256 1211 5311 conditione
1237 5258 1552 5328 interposita
1574 5300 1589 5324 ,
1616 5269 1674 5314 ut
1700 5261 1747 5315 ei
1770 5262 1862 5330 qui

277 5359 343 5401 se
378 5349 722 5405 continentia:
759 5351 1004 5415 devovit,
1040 5354 1188 5409 nullo
1225 5354 1384 5409 modo
1415 5356 1743 5411 concedatur
1776 5371 1862 5411 se.-

275 5440 490 5495 cundas
530 5442 666 5497 inire
688 5445 928 5513 nuptias,
949 5446 1168 5502 vivente
1198 5447 1399 5516 priore.
1430 5468 1447 5498 ι
1472 5447 1675 5503 Concil.
1703 5447 1862 5502 Com-

274 5536 605 5607 pendiense,
636 5554 759 5593 can.
795 5540 897 5594 16:
931 5560 948 5592 ι
984 5540 1040 5594 Si
1069 5541 1154 5594 vir
1180 5540 1426 5610 lcprosus
1454 5542 1733 5596 mulierem
1761 5542 1861 5597 lia-

273 5626 412 5684 beat
438 5643 658 5697 sanam,
691 5631 734 5685 si
767 5631 959 5686 vult’cl
997 5632 1200 5687 donare
1235 5642 1593 5689 commeatum
1628 5641 1683 5688 ut
1719 5635 1861 5688 acci-

1968 4550 2088 4607 qum
2109 4576 2123 4601 ,
2154 4543 2214 4589 ut
2244 4536 2347 4599 ait,
2378 4550 2478 4605 pro
2506 4531 2852 4588 matrimonio
2881 4530 3121 4600 reputari
3150 4545 3257 4584 non
3281 4536 3505 4599 possunt
3529 4570 3546 4591 ,

1908 4648 1919 4671 ι
1967 4636 2132 4697 atque
2172 4644 2267 4682 eas
2303 4626 2523 4681 omnino
2564 4637 2685 4678 esse
2728 4619 3081 4677 divellendas.
3124 4619 3221 4675 Cui
3266 4620 3548 4675 sententia:

1968 4720 2334 4790 sulfragantur
2357 4716 2545 4770 Patres
2569 4712 2780 4769 concilii
2808 4711 3076 4768 Valentini
3106 4727 3156 4776 ι,
3183 4725 3303 4764 can.
3329 4709 3365 4763 2
3386 4727 3407 4789 ;ν
3430 4709 3548 4763 Sta-

1966 4819 2081 4865 tuta
2112 4807 2366 4864 Ecclesiae
2392 4805 2644 4873 antiqua,
2670 4817 2790 4857 can.
2825 4800 2963 4855 105:
2999 4818 3017 4849 ι
3050 4799 3186 4853 Nam
3215 4799 3260 4853 si
3290 4796 3547 4852 adulterae

1969 4900 2225 4970 conjuges
2252 4905 2404 4953 reatu
2435 4903 2561 4950 sunt
2586 4894 2719 4949 viris
2750 4893 2862 4948 suis
2889 4892 3165 4955 obnoxiae,
3198 4897 3403 4962 quanto
3431 4904 3547 4942 ma~

1968 4994 2049 5063 gis
2096 4989 2272 5045 vidme
2306 5005 2426 5060 qua:
2458 4988 2866 5058 religiositatem
2900 4992 3280 5045 mutaverunt,
3321 4982 3546 5037 crimine

1970 5083 2221 5139 adulterii
2274 5081 2628 5145 notabuntur,
2685 5079 2730 5133 si
2787 5077 3166 5140 devotionem,
3223 5090 3385 5145 quam
3437 5074 3548 5129 Deo

1968 5182 2160 5244 sponte
2188 5189 2296 5228 non
2321 5179 2507 5226 coacte
2529 5170 2876 5234 obtulerunt,
2900 5169 3187 5224 libidinosa
3209 5167 3548 5238 corruperint

1968 5267 2275 5337 voluptate,
2310 5271 2472 5334 atque
2500 5263 2567 5317 ad
2599 5262 2863 5317 secundas
2899 5260 3116 5330 nuptias
3150 5260 3435 5315 transitum
3467 5256 3546 5312 fe-

1967 5357 2175 5415 cerint!
2212 5377 2229 5408 ι
2258 5354 2559 5411 Concilium
2603 5353 2919 5408 Toletanum
2948 5369 2987 5416 ι,
3023 5368 3145 5407 can.
3185 5350 3291 5416 i9;
3323 5348 3553 5404 Siricius
3623 5407 3626 5411 ,

1968 5449 2021 5504 in
2057 5446 2282 5516 cpistola
2319 5448 2385 5501 ad
2422 5445 2719 5499 Himerium
2755 5442 3215 5498 Tarraconensem
3242 5480 3258 5506 ,
3303 5454 3425 5494 can.
3475 5438 3545 5505 6;

1968 5546 2186 5595 sanctus
2219 5536 2456 5592 Joannes
2485 5536 2905 5607 Chrysostnmus
2932 5535 2984 5588 in
3017 5534 3109 5588 lib.
3143 5548 3180 5587 ιι
3210 5533 3277 5586 ad
3303 5528 3551 5585 Theodo-

1968 5633 2160 5687 dorum
2186 5629 2395 5702 lapsum
2427 5643 2548 5683 cum
2579 5627 2708 5683 dicit
2735 5645 2748 5680 :
2779 5646 2797 5679 ι
2825 5624 2930 5681 Sed
2959 5625 3053 5680 tibi
3078 5622 3189 5694 jam
3219 5638 3322 5678 non
3353 5627 3435 5677 est
3464 5621 3547 5675 in-
