4060 6350
579 288 723 347 ιιεε

1678 301 1772 355 AD
1810 300 2351 363 ροεΝιτεΝτιΑιε
2391 307 2739 371 THEODORI

3698 332 3833 389 H56

574 403 928 477 tegmmiura
956 406 1212 463 connubii
1251 423 1502 475 servare.
1532 411 1740 469 cmlesti
1774 416 1918 470 enim
1954 432 2154 487 sponso
2182 421 2226 479 A
2256 424 2393 479 votis
2419 439 2547 482 vero
2568 429 2747 485 noxiis
2771 429 2845 485 ita
2869 441 3087 490 sanctus
3107 433 3428 494 Ambrosius
3450 439 3548 497 lib.
3581 458 3599 497 ι
3624 442 3833 506 Oﬁieio—

574 495 742 554 εωὶεί
761 494 1047 564 iunctum,
1076 497 1226 553 illum
1264 500 1598 569 relinquere,
1629 512 1686 558 et
1724 506 1909 561 uxoris
1946 506 2154 577 laqueis

575 584 879 656 implicari,
939 587 1191 641 adulterii
1228 588 1431 643 crimen
1472 590 1752 648 incurrere
1785 603 1871 649 est
1902 613 1917 650 :
1959 612 2152 666 quam-

574 677 660 732 vis
684 677 882 732 millies
919 678 1023 732 hoc
1059 678 1235 747 ipsum
1271 681 1489 749 nuptias
1526 692 1715 748 vocet,
1745 699 1847 755 ego
1877 692 2059 761 tamen
2096 695 2153 742 et

578 766 845 822 adulterio
882 767 1013 822 illud
1048 775 1197 823 tanto
1254 771 1409 840 peius
1453 771 1661 829 aﬁirmo
1683 815 1698 840 ,
1742 785 1947 845 quanto
1982 779 2155 848 major

578 868 646 909 ac
680 854 872 910 melior
898 855 1218 911 mortalibus
1252 857 1413 914 Deus.
1444 879 1463 912 ι
1488 860 1832 920 Innocentius
1858 865 1910 931 I,
1951 866 2004 920 in
2043 869 2156 938 epi-
2212 877 2218 882 ‘

576 944 717 1000 stola
768 944 836 1000 ad
890 945 1207 1001 Victricium
1257 948 1572 1020 episcopum
1624 954 2108 1027 Rotbomagenseni
2133 999 2149 1025 ,

579 1048 699 1105 cap.
733 1033 833 1099 I2,
870 1041 1027 1090 vocat
1056 1035 1279 1105 quidem
1316 1039 1589 1096 adulteras
1620 1057 1716 1097 eas
1749 1059 1869 1113 quae
1902 1060 1934 1099 a
1970 1061 2153 1102 sacer-

578 1124 704 1179 dote
730 1123 950 1180 fuerant
975 1126 1184 1181 velatze.
1217 1126 1322 1183 Sed
1362 1131 1583 1199 (δεμ-15
1620 1140 1812 1189 statuit
1846 1142 2054 1192 tantum
2094 1145 2155 1192 ut

578 1230 700 1285 quae
729 1215 782 1270 in
811 1217 1089 1287 proposito
1116 1218 1362 1289 virginali
1391 1235 1607 1291 semper
1638 1239 1856 1281 manere
1889 1229 2154 1297 promise-

576 1315 739 1372 runt,
771 1314 828 1362 et
853 1323 975 1377 quae
1003 1309 1232 1363 necdum
1261 1324 1418 1366 sacro
1443 1312 1710 1370 velamine
1739 1324 1895 1372 tecta:
1920 1328 2076 1385 sunt,
2105 1321 2152 1376 si

581 1397 867 1467 nupserint
890 1437 906 1461 ,
928 1396 1300 1466 pmnitentiam
1335 1401 1612 1470 aliquanto
1653 1413 1894 1475 tempore
1922 1409 2153 1466 debeant

571 1498 852 1555 peragere.
875 1484 1018 1540 Idem
1040 1494 1285 1542 statuunt
1302 1490 1510 1560 antiqui
1531 1507 1764 1550 canones
1784 1496 2150 1554 Romanorum

571 1594 710 1649 quos
752 1579 837 1634 vir
874 1568 946 1635 cl.
987 1578 1037 1634 J.
1083 1580 1402 1639 Sirmondus
1437 1587 1673 1657 subjecit
1711 1592 1950 1660 epistolis
1990 1593 2150 1649 Inno-

2259 516 2399 579 rum,
2425 530 2544 586 cap.
2570 517 2675 573 50:
2714 537 2734 570 ι
2760 519 2855 576 Est
2880 522 3042 577 etiam
3086 534 3276 580 contra
3316 528 3548 586 oﬂicium
3586 549 3830 595 nonnun-

2257 621 2416 674 quam
2448 609 2656 664 solvere
2683 613 3026 681 promissum,
3058 629 3454 676 sacramentum
3479 626 3756 685 custodire
3777 640 3834 686 ut
3924 628 3929 631 Ἴ

2258 696 2521 755 Herodes.
2552 720 2572 753 ι
2607 700 2742 757 Vide
2768 718 2950 774 supra.

2325 788 2468 859 Ergo
2505 792 2659 862 cujus
2698 809 2838 849 uxor
2870 795 3100 865 inﬁdelis
3129 809 3179 853 et
3212 803 3419 871 gentilis
3449 815 3500 860 et
3523 824 3630 862 non
3661 820 3829 878 potest

2256 881 2507 947 converti,
2538 881 2854 941 demutetur.
2893 885 3125 946 Sanctus
3157 892 3507 963 Ambrosius,
3533 899 3627 954 lib.
3650 918 3748 957 vni
3780 905 3830 960 in

2255 967 2412 1035 Luc.,
2433 985 2551 1042 cap.
2581 973 2647 1028 I6
2674 993 2689 1030 :
2735 994 2755 1027 ι
2780 976 3024 1045 Caeteris,
3062 981 3253 1052 inquit,
3286 1000 3386 1057 ego
3413 988 3557 1050 dico,
3592 1008 3700 1047 non
3733 995 3833 1051 Do-

2257 1060 2467 1129 minus;
2498 1065 2544 1118 si
2580 1067 2701 1135 quis
2730 1065 2900 1123 frater
2940 1071 3210 1128 inﬁdclem
3242 1077 3404 1132 habet
3432 1096 3661 1138 uxorem
3681 1125 3699 1149 ,
3726 1097 3828 1143 etc.

2256 1149 2441 1222 Itaque
2468 1155 2561 1209 ubi
2590 1166 2675 1211 est
2697 1157 2871 1229 impar
2896 1162 3200 1235 coniugium
3227 1207 3242 1232 ,
3287 1167 3372 1224 lex
3402 1170 3498 1226 Dei
3528 1190 3639 1229 non
3669 1186 3775 1233 est.
3809 1199 3828 1233 ι

2255 1241 2325 1296 Et
2369 1244 2611 1300 addidit:
2646 1264 2665 1299 ι
2697 1247 2851 1314 Quod
2895 1252 2940 1307 si
2987 1253 3217 1313 inﬁdelis
3256 1258 3516 1329 discedit,
3568 1266 3832 1336 discedat,

2256 1342 2360 1389 etc.
2395 1354 2413 1387 ι
2442 1336 2675 1393 Sanctus
2704 1339 3060 1412 Augustinus,
3081 1346 3175 1402 lib.
3204 1363 3224 1405 ι
3253 1351 3318 1405 de
3339 1353 3665 1413 adulterinis
3697 1359 3835 1415 Con—

2247 1422 2432 1495 iugiis,
2458 1442 2577 1498 cap.
2610 1429 2714 1484 15:
2752 1449 2772 1481 ι
2797 1432 2933 1499 Quia
2961 1436 3103 1491 enim
3131 1440 3327 1510 coniux
3352 1442 3528 1501 ﬁdelis
3561 1448 3834 1522 relinque-

2256 1529 2316 1569 re
2352 1515 2632 1587 coniugem
2675 1519 2822 1577 licite
2862 1526 3041 1592 potuit
3066 1527 3334 1586 inﬁdelem
3362 1574 3378 1598 ,
3428 1535 3552 1591 ideo
3579 1537 3701 1595 ﬁeri
3722 1515 3834 1598 hoc

2255 1620 2361 1660 non
2400 1605 2660 1665 Dominus
2685 1650 2700 1675 ,
2748 1613 2843 1667 sed
2866 1614 3157 1686 Apostolus
3183 1623 3452 1690 prohibet.
3505 1626 3665 1693 Quod
3693 1632 3832 1691 enim

570 1670 736 1725 centii
773 1670 815 1724 l.
860 1670 992 1727 Vide
1030 1686 1154 1727 can.
1190 1675 1216 1728 I
1267 1685 1323 1731 et
1367 1677 1421 1731 2.
1469 1677 1575 1735 Sed
1620 1682 1762 1738 hanc
1799 1686 2149 1754 quaestionem
2179 1766 2227 1783 _
2255 1697 2512 1754 Dominus
2531 1670 2802 1770 prohibet,
2836 1670 2955 1761 ﬁcii
2989 1670 3213 1766 omnino
3233 1729 3338 1768 non
3365 1670 3658 1783 licetfetc.
3716 1723 3832 1779 Titi

573 1759 802 1783 -..:_:a-_
834 1768 1030 1783 ..μω
1065 1773 1279 1783 --μμ
1327 1765 1344 1783 .
1503 1770 1538 1783 _.
1814 1774 1830 1783 .
1894 1774 1932 1783 _
2108 1778 2120 1783 -

573 1759 805 1815 miriﬁce
834 1768 1036 1816 tractat
1062 1773 1284 1820 sanctus
1314 1765 1648 1837 Augustinus
1674 1771 1768 1828 libi
1797 1774 1864 1829 de
1894 1774 2040 1831 Bono
2070 1778 2151 1832 vi-

572 1850 826 1917 duitatis,
857 1852 942 1907 cui
986 1853 1211 1916 videtur,
1230 1872 1337 1911 non
1388 1860 1521 1915 satis
1561 1870 1721 1917 acute
1759 1878 1823 1919 ac
1867 1865 2152 1937 diligenter

575 1940 926 1996 considerare
959 1943 1089 2010 quid
1130 1944 1346 2011 dicant,
1386 1948 1477 2016 qui
1519 1949 1627 2004 hoc'
1660 1951 1956 2023 obiicerent
1992 1971 2152 2028 argu—

575 2039 858 2086 mentum:
896 2050 917 2084 ι
952 2033 1009 2088 Si
1049 2035 1168 2090 viro
1219 2052 1319 2092 suo
1356 2039 1510 2105 vivo,
1572 2058 1692 2112 qua;
1744 2045 1902 2101 alteri
1953 2050 2147 2118 nubit,

571 2122 821 2177 adultera
852 2132 966 2190 est,
1000 2126 1141 2181 sicut
1166 2129 1280 2197 ipse
1311 2130 1569 2188 Dominus
1599 2135 1654 2189 in
1688 2135 1979 2210 Evangelia
2019 2141 2153 2197 deﬁ-

573 2210 694 2265 nit:
740 2212 875 2267 Vivo
916 2228 1047 2284 ergo
1085 2214 1327 2285 Christo,
1369 2221 1459 2276 cui
1501 2237 1651 2278 mors
1677 2224 1818 2280 ultra
1845 2243 1953 2283 non
1980 2229 2149 2287 domi-

572 2308 753 2366 natur,
781 2317 903 2371 quie
929 2302 1237 2374 coniugium
1274 2308 1391 2377 eius
1429 2311 1699 2382 elegerat,
1734 2316 1781 2369 si
1820 2317 2024 2374 homini
2052 2338 2152 2376 nu-

570 2391 679 2455 bit,
723 2391 969 2448 adultera
1022 2403 1127 2450 est.
1168 2396 1269 2463 Qui
1306 2399 1411 2454 hoc
1447 2399 1670 2468 dicunt,
1711 2403 1889 2475 inquit
1926 2422 2147 2466 sanctus

571 2480 933 2551 Augustinus,
985 2494 1145 2541 acute.
1192 2489 1412 2558 quidem
1458 2502 1767 2561 moventur,
1815 2498 1911 2553 sed
1954 2502 2179 2570 parum'

568 2574 856 2630 attendunt
906 2576 1047 2633 hanc
1094 2583 1617 2650 argumentationem
1644 2625 1661 2649 ,
1710 2596 1910 2656 quanta
1963 2605 2148 2646 rerum

568 2672 830 2734 sequatur
873 2666 1198 2724 absurditas.
1243 2670 1378 2727 Cum
1423 2675 1567 2728 enim
1612 2674 1952 2735 laudabiliter
1982 2682 2147 2737 etiam

568 2754 785 2810 vivente
822 2756 942 2811 viro
977 2772 1044 2813 ex
1085 2758 1204 2827 eius
1231 2775 1499 2819 consensu
1528 2766 1917 2823 continentiam
1946 2768 2145 2826 femina

567 2842 789 2899 Christo
835 2854 1060 2913 voveat,
1102 2845 1217 2916 iam
1265 2853 1561 2908 secundum
1605 2855 1833 2910 istorum
1881 2857 2147 2915 rationem

570 2934 717 2989 nulla
760 2935 866 2990 hoc
905 2935 1085 2991 facere
1125 2937 1316 3002 debet,
1350 2954 1419 2993 ne
1445 2943 1621 3012 ipsum
1661 2942 1969 3011 Christum,
2002 2948 2147 3017 quod

564 3025 771 3080 sentire
798 3024 951 3081 nefas
974 3036 1058 3083 est
1075 3066 1091 3094 ,
1116 3030 1421 3087 adulterum
1448 3032 1613 3090 faciat
1633 3074 1649 3102 ,
1677 3038 1764 3092 cui
1786 3038 2000 3094 vivente
2027 3042 2145 3095 viro

562 3115 751 3179 nubit,
798 3124 904 3170 etc.
938 3135 957 3169 ι
991 3117 1126 3174 Vide
1171 3128 1293 3189 post
1340 3132 1586 3178 sanctum
1632 3125 1989 3197 Augustinum
2020 3145 2144 3185 san-
2170 3118 2221 3185 C

562 3213 710 3260 ctum
731 3205 966 3261 Leonem
996 3207 1051 3261 in
1082 3212 1523 3279 responsionibus
1551 3216 1620 3271 ad
1647 3217 2046 3286 inquisitionem
2076 3221 2140 3275 I5

562 3294 769 3350 Rustici
799 3295 1194 3367 Narbonensis;
1220 3303 1507 3359 concilium
1527 3304 1920 3364 Arausicanum
1941 3326 1983 3377 ι,
2014 3326 2136 3367 can.

559 3384 762 3453 24-28;
800 3382 1064 3458 synodum
1095 3393 1267 3447 sancti
1293 3393 1537 3462 Patricii,
1570 3414 1694 3453 can.
1726 3400 1826 3468 I7;
1853 3405 2139 3461 concilium

558 3476 995 3535 Chalcedonense
1021 3522 1036 3547 ,
1071 3498 1193 3537 can.
1240 3485 1336 3551 Ili;
1385 3490 1672 3546 concilium
1711 3491 2028 3552 Arelatense
2075 3514 2136 3563 ιι,

556 3580 661 3621 can
686 3567 748 3621 51
772 3584 788 3633 ;
817 3570 1103 3626 concilium
1129 3573 1539 3647 Andegavense,
1580 3597 1702 3636 can.
1731 3583 1798 3651 5;
1849 3587 2136 3643 concilium

563 3656 889 3715 Turonicum
931 3677 971 3727 ι,
1000 3678 1123 3718 can.
1153 3665 1218 3730 6,
1246 3681 1314 3721 ex
1344 3684 1393 3722 c.
1431 3670 1499 3735 7;
1549 3675 1764 3730 concilii
1806 3676 2137 3736 Arelatensis

559 3763 614 3803 IV
639 3750 780 3820 apud
816 3751 1032 3807 lvonem
1054 3754 1191 3811 libro
1220 3774 1300 3821 III,
1330 3768 1387 3814 et
1409 3760 1562 3817 Crat.
1598 3781 1766 3834 xxvii,
1790 3785 1844 3839 q.
1883 3770 1905 3823 I
1930 3787 1944 3835 ;
1980 3770 2137 3843 Sym-

558 3838 812 3894 machum
853 3856 1047 3911 papam
1083 3844 1138 3898 in
1164 3846 1392 3916 epistola
1431 3850 1481 3916 7,
1511 3854 1577 3908 ad
1607 3838 1897 3913 Ciesarium
1929 3838 2136 3931 episco-

556 3944 684 3998 pum
708 3929 1103 4001 Arelatensem,
1127 3952 1251 3993 can.
1284 3940 1320 3993 4
1347 3949 1402 3995 et
1427 3942 1491 4007 5;
1517 3948 1803 4003 concilium
1829 3929 2134 4009 Parisiense

557 4032 641 4083 ιιι,
666 4034 786 4075 can.
813 4022 877 4088 5;
920 4027 1210 4083 concilium
1239 4030 1555 4092 Turonense
1587 4055 1644 4103 ιι,
1695 4056 1819 4096 can.
1862 4043 1927 4097 I5
1954 4054 2010 4099 et
2038 4046 2128 4113 20,

557 4108 646 4165 ubi
672 4110 855 4180 plures
880 4129 1117 4172 canones
1137 4134 1298 4190 supra
1325 4124 1476 4180 citati
1500 4127 1826 4188 referuntur.

623 4197 769 4270 Ergo
794 4219 954 4258 unam
986 4204 1250 4264 licentiam
1287 4214 1431 4269 dedit
1459 4216 1778 4277 Theodorus.
1821 4224 1913 4281 Sic
1950 4227 2130 4285 Theo-

553 4289 717 4346 dorus
752 4308 809 4349 se
858 4294 1033 4365 ipsum
1062 4299 1195 4354 citat
1241 4318 1362 4374 cap.
1405 4306 1472 4361 I2
1506 4326 1519 4362 :
1558 4328 1576 4361 α
1606 4312 1920 4373 Theodorus
1955 4321 2125 4375 dicit:

553 4378 662 4434 Nos
703 4397 834 4438 vero
872 4399 971 4454 per
1009 4388 1455 4458 misericordiam,
1502 4408 1607 4455 etc.
1641 4423 1658 4454 ι
1715 4405 1780 4459 Ει
1822 4408 1876 4461 in
1899 4411 2127 4467 concilio

553 4466 1006 4543 IIerutfordiensi,
1030 4482 1170 4549 apud
1202 4483 1399 4540 Bedam
1426 4489 1519 4544 lib.
1551 4492 1688 4547 Hist.
1720 4511 1797 4563 1v,

553 4562 694 4630 apud
717 4562 1109 4635 Burchardum,
1139 4571 1232 4627 lib.
1261 4590 1391 4640 xvn,
1419 4594 1469 4632 c.
1498 4581 1589 4635 59.

550 4736 598 4791 si
648 4748 832 4795 votum
877 4752 962 4798 est
1010 4755 1105 4801 aut
1148 4749 1386 4820 ineptum
1414 4793 1429 4819 ,
1475 4764 1569 4811 aut
1612 4761 1853 4817 noxium.
1895 4736 2127 4826 Sanctus

550 4824 780 4883 Basilius
821 4829 888 4884 de
924 4833 1066 4923 votis
1098 4835 1332 4907 ineptis,
1387 4843 1440 4897 in
1478 4859 1565 4915 ep.
1594 4848 1663 4904 ad
1688 4824 2123 4923 Amphilochium

549 4930 671 4968 can.
702 4917 806 4973 28:
852 4938 871 4969 ι
898 4920 1030 4977 Illud
1069 4926 1286 4994 quidem
1325 4931 1458 4987 mihi
1485 4936 1662 4992 visum
1694 4950 1776 4995 est
1795 4917 2120 5014 Iridiculum,

547 5017 744 5059 vovere
776 5009 1010 5078 aliquem
1037 5027 1068 5066 a
1097 5018 1352 5074 carnibus
1379 5022 1550 5080 suillis
1579 5028 1872 5089 abstinere.
1921 5036 2122 5104 Quam-

546 5092 732 5146 obrem
757 5096 980 5168 dignare
1008 5117 1102 5159 eos
1122 5105 1314 5164 docere
1347 5122 1405 5166 ut
1433 5116 1503 5170 ab
1526 5116 1721 5189 ineptis
1746 5128 1885 5181 votis
1918 5092 1972 5182 et
1997 5144 2121 5197 pro-

547 5184 730 5240 missis
757 5188 1098 5260 abstineant,
1128 5213 1286 5254 usum
1317 5204 1533 5271 quidem
1575 5184 1696 5266 esse
1723 5184 2119 5276 indifferentem

541 5275 815 5343 permitte.
870 5280 1025 5337 Nulla
1070 5289 1212 5343 enim
1259 5291 1354 5347 Dei
1397 5306 1644 5354 creatura
1684 5312 1768 5357 est
1808 5298 2115 5377 reiicienda,

534 5384 662 5441 quin
684 5385 806 5426 cum
838 5378 1138 5445 gratiarum
1167 5386 1378 5442 actione
1409 5392 1692 5463 accipitur.
1729 5396 1908 5464 Quare
1932 5412 2114 5459 votum

538 5467 625 5512 est
650 5460 958 5531 ridiculum,
990 5471 1314 5533 abstinentia
1349 5496 1454 5537 non
1486 5460 1571 5540 est
1592 5492 1920 5548 necessaria.
1952 5514 1972 5547 ι
2023 5494 2114 5552 Sic

541 5560 764 5608 sanctus
802 5556 1037 5615 Basilius
1074 5563 1322 5622 hortatur
1342 5570 1771 5643 Amphilochium
1802 5585 2111 5655 episcOpum

542 5648 600 5693 ut
628 5652 797 5699 mutet
830 5657 885 5702 et
935 5651 1105 5706 solvat
1135 5664 1257 5710 vota
1293 5659 1393 5714 ista
1423 5663 1599 5734 inepta
1638 5680 1693 5723 et
1733 5648 1974 5750 ridicula.

2179 1766 2229 1828 Β
2253 1797 2432 1843 autem
2466 1766 2681 1847 videtur
2725 1766 2967 1853 inﬁdeles
3007 1815 3224 1871 quoque
3261 1766 3529 1864 vi
3552 1766 3833 1869 -ﬁvdeli-b-u;

2248 1892 2355 1933 non
2384 1879 2579 1946 licere,
2625 1884 2752 1953 quia
2781 1886 2883 1942 hoc
2907 1898 3055 1944 vetat
3081 1890 3372 1962 Apostolus
3408 1915 3422 1951 :
3456 1914 3583 1954 cum
3615 1917 3718 1973 ego
3754 1905 3833 1959 di-

2250 1983 2370 2023 cam
2393 1970 2583 2040 licere,
2616 1978 2743 2046 quia
2770 1980 2873 2035 hoc
2894 1997 3001 2037 non
3020 1993 3167 2040 vetat
3195 1986 3493 2046 Dominus:
3523 2010 3628 2049 non
3647 1970 3829 2051 tamen

2246 2063 2520 2130 expedire,
2546 2068 2673 2136 quia
2707 2070 2811 2126 hoc
2840 2082 2900 2127 ut
2921 2089 3028 2130 non
3058 2077 3150 2131 ﬁat
3172 2088 3357 2136 monet
3380 2080 3658 2154 Apostolus
3679 2104 3697 2140 :
3728 2089 3823 2157 qui

2247 2153 2423 2209 reddit
2446 2156 2609 2212 etiam
2641 2161 2906 2218 rationem
2941 2181 3040 2221 cur
3062 2167 3181 2223 ﬁeri
3204 2185 3314 2225 non
3344 2153 3596 2243 expediat,
3618 2153 3811 2246 quam-

2246 2243 2329 2299 vis
2361 2244 2539 2301 liceat.
2572 2268 2591 2300 ι
2634 2248 2838 2306 Auctor
2873 2252 3238 2314 Commentar.
3264 2275 3356 2330 ep.
3382 2261 3401 2316 I
3425 2264 3489 2317 ad
3507 2243 3661 2331 Con,
3686 2281 3814 2336 cap.

2245 2346 2343 2401 vn,
2378 2339 2518 2406 apud
2543 2337 2924 2399 AmbrOsium:
2969 2366 2989 2398 ι
3015 2347 3359 2421 Propositum
3405 2354 3681 2426 religionis
3725 2372 3827 2412 cu-

2246 2428 2413 2482 stodit
2432 2431 2793 2501 praecipiendo
2813 2451 2881 2490 ne
2897 2436 3190 2495 Christiani
3211 2442 3523 2513 relinquant
3542 2446 3795 2519 coniugia
3808 2465 3829 2503 :

2246 2520 2340 2575 sed
2382 2521 2427 2575 si
2468 2522 2699 2580 inﬁdelis
2742 2527 2866 2582 odio
2910 2528 3007 2585 Dei
3054 2531 3306 2598 discedit,
3360 2535 3537 2592 ﬁdelis
3580 2552 3692 2593 non
3726 2538 3832 2594 erit

2246 2626 2373 2667 reus
2398 2614 2639 2670 dissoluti
2665 2619 3017 2685 matrimonii,
3049 2631 3154 2679 etc.
3206 2623 3324 2679 Non
3363 2628 3510 2682 enim
3542 2638 3726 2684 ratum
3749 2638 3831 2685 est

2245 2703 2648 2760 matrimonium
2691 2710 2833 2778 quod
2876 2712 2993 2768 sine
3038 2713 3134 2768 Dei
3177 2716 3462 2771 devotione
3489 2728 3597 2785 est,
3647 2736 3715 2775 ac
3739 2736 3831 2791 per

2247 2791 2351 2847 hoc
2394 2809 2501 2848 non
2550 2804 2636 2850 est
2680 2808 2961 2866 peccatum
3021 2802 3070 2856 ei
3124 2804 3217 2873 qui
3263 2805 3560 2861 dimittitur
3612 2816 3832 2880 propter

2246 2880 2437 2947 Deum,
2470 2885 2516 2939 si
2546 2885 2636 2940 alii
2676 2900 2733 2943 se
2766 2888 3030 2958 iunxerit.
3068 2891 3403 2950 Contumelia
3431 2898 3580 2952 enim
3609 2898 3831 2954 Creato-

2247 2970 2324 3026 ris
2342 2972 2501 3027 solvit
2524 2973 2615 3042 ius
2643 2979 2972 3034 matrimonii
3008 2982 3153 3037 circa
3192 2998 3316 3038 eum
3348 2986 3442 3040 aui
3482 2986 3828 3059 relinquitur.

2248 3073 2317 3115 ne
2344 3071 2630 3118 accusetur
2657 3065 2747 3119 alii
2771 3068 3068 3136 copulatus.
3101 3091 3120 3124 ι

2318 3149 2381 3206 Si
2422 3154 2611 3208 mulier
2641 3155 2932 3213 discesserit
2967 3177 2998 3214 a
3028 3161 3136 3216 viro
3156 3180 3250 3218 suo
3264 3165 3563 3236 despiciens
3589 3186 3736 3234 eum,
3779 3182 3823 3225 et

2242 3239 2420 3297 nolens
2450 3256 2699 3300 revertere
2723 3286 2737 3301 .
2772 3287 2784 3301 .
2818 3287 2834 3303 .
2867 3250 3025 3305 aliam
3087 3256 3321 3326 accipere
3367 3257 3526 3313 liceat
3585 3277 3815 3315 uxorem.

2238 3329 2393 3397 Quod
2413 3334 2552 3390 idem
2582 3337 2784 3393 habent
2812 3338 3203 3412 Excerptiones
3238 3345 3458 3418 Egberti
3483 3349 3718 3405 Eborac.
3740 3368 3817 3405 ar-

2239 3423 2589 3496 chiepisc0pi,
2607 3443 2654 3482 c.
2685 3428 2813 3495 £22;
2840 3433 3129 3489 concilium
3153 3434 3553 3506 Vermericnse,
3579 3458 3706 3498 can.
3724 3446 3779 3498 ιι
3801 3464 3814 3498 :

2244 3529 2263 3565 ι
2293 3512 2351 3567 Si
2377 3517 2499 3585 quis
2524 3521 2853 3576 necessitate
2884 3522 3181 3581 inevitabili
3202 3538 3428 3598 cogente
3452 3533 3507 3585 in
3533 3533 3702 3588 alium
3725 3535 3817 3589 du—

2236 3613 2416 3658 catum
2447 3620 2543 3660 seu
2569 3610 2905 3677 provinciam
2932 3612 3148 3685 fugerit,
3195 3628 3289 3673 aut
3316 3622 3592 3677 seniorem
3634 3640 3812 3689 suum,

2235 3694 2321 3748 cui
2346 3694 2507 3749 ﬁdem
2529 3700 2746 3755 mentiri
2764 3717 2871 3757 non
2898 3714 3128 3772 poterat,
3156 3718 3372 3766 secutus
3402 3712 3587 3780 fuerit,
3603 3725 3660 3771 et
3684 3733 3816 3772 uxor

2235 3782 2374 3851 eius,
2422 3801 2546 3841 cum
2574 3788 2719 3845 valet
2745 3800 2800 3846 et
2828 3802 3025 3862 potest,
3060 3812 3244 3855 amore
3272 3813 3561 3869 parentum
3597 3816 3694 3860 aut
3740 3824 3816 3863 re

2234 3888 2353 3929 rum
2382 3891 2758 3946 suarum,eum
2791 3888 2944 3956 sequi
2960 3888 3343 3963 noluerit,ipsa
3369 3899 3516 3952 omni
3549 3908 3810 3971 tempore,

2233 3968 2470 4034 quandiu
2495 3971 2578 4024 vir
2604 3973 2740 4042 eius,
2769 3989 2930 4045 quem
2973 3990 3158 4035 secuta
3190 3999 3295 4037 non
3319 3985 3439 4051 fuit,
3480 3988 3631 4054 vivit,
3674 4007 3812 4046 sein-

2232 4074 2330 4127 per
2372 4061 2594 4132 innupta
2620 4078 2954 4134 permaneat.
3019 4070 3153 4126 Nam
3187 4075 3274 4130 ille
3302 4077 3386 4131 vir
3426 4078 3545 4150 eius
3576 4082 3670 4151 qui
3723 4098 3810 4138 ne-

2237 4150 2487 4204 cessitate
2519 4163 2741 4224 cogente
2770 4156 2825 4210 in
2856 4156 3017 4213 alium
3066 4160 3241 4217 locum
3266 4164 3420 4237 fugit,
3470 4169 3515 4223 si
3555 4150 3617 4226 se
3645 4172 3808 4228 absti-

2232 4253 2362 4293 nere
2385 4255 2490 4294 non
2522 4250 2717 4311 potest,
2746 4246 2906 4302 aliam
2952 4242 3175 4306 uxorem
3216 4271 3338 4309 cum
3364 4260 3688 4327 paenitentia
3715 4279 3808 4333 po-

2232 4336 2341 4382 test
2365 4331 2629 4399 accipere.
2672 4354 2690 4385 ι
2731 4335 2899 4403 ,Ηιιῑὶο
2928 4354 3089 4409 quam
3134 4342 3290 4399 aliert
3312 4345 3582 4417 Egbertus
3607 4331 3806 4406 Ebora-

2152 4455 2206 4520 ο
2230 4421 2411 4476 censis
2433 4436 2554 4476 can.
2571 4427 2917 4494 supracitato,
2948 4429 3036 4485 illa
3060 4441 3174 4487 est:
3206 4454 3222 4485 ι
3251 4433 3386 4490 Cum
3399 4452 3675 4495 consensu
3698 4443 3806 4512 epi—

1827 4514 1949 4570 cap.
1986 4504 2041 4567 5,
2071 4513 2127 4559 et
2152 4504 2201 4520 "
2230 4512 2397 4581 scopi,
2440 4512 2631 4583 inquit,
2686 4517 2801 4587 ipse
2830 4519 2988 4574 aliam
3027 4523 3260 4594 accipiat
3283 4542 3529 4594 uxorem,
3565 4531 3612 4585 si
3635 4534 3808 4587 contio

2229 4614 2363 4655 nens
2391 4615 2512 4658 esse
2533 4619 2642 4659 non
2684 4609 2898 4675 poterit,
2930 4618 2986 4666 et
3022 4615 3282 4681 paeniteat
3328 4622 3438 4672 tres
3480 4635 3681 4686 annos,
3722 4620 3805 4677 vel

2295 4872 2353 4927 Si
2379 4874 2435 4927 in
2461 4878 2760 4945 captivitate
2788 4895 2881 4951 per
2906 4882 3009 4936 vim
3032 4883 3191 4938 ducta
3224 4887 3408 4940 redimi
3458 4906 3564 4943 non
3614 4901 3803 4959 potest,

2220 4971 2336 5030 post
2370 4981 2565 5018 annum
2594 4965 2814 5022 alterunt
2846 4972 3096 5042 accipere.
3154 4974 3306 5041 Quod
3350 4978 3683 5035 conﬁrmant
3701 4981 3809 5036 Ex-

2219 5054 2524 5122 cerptiones
2550 5055 2771 5125 Egberti
2792 5058 3165 5129 Eboracensis,
3185 5079 3308 5120 can.
3338 5067 3473 5133 l22;
3494 5069 3591 5124 sed
3617 5070 3691 5124 ab
3704 5073 3808 5126 hoc

2219 5140 2543 5197 dissentiunt
2565 5145 2744 5213 plures
2769 5147 2977 5205 Patres.
3050 5152 3279 5210 Sanctus
3309 5156 3541 5212 Basilius
3593 5161 3649 5215 in
3693 5163 3807 5231 cpio

2219 5231 2352 5285 stola
2376 5235 2636 5289 canonica
2666 5236 2734 5291 ad
2769 5238 3223 5309 Amphilochium,
3245 5261 3296 5299 c.
3320 5247 3381 5301 51
3404 5264 3418 5313 ;
3467 5248 3806 5321 Theophilus

2215 5318 2609 5377 Alexandrinus
2637 5324 2690 5378 in
2713 5325 3070 5397 Responsion.
3105 5335 3170 5387 ad
3198 5334 3511 5407 interrogat.
3538 5318 3639 5402 {53
3667 5356 3801 5395 san-

2216 5418 2334 5463 ctus
2355 5409 2666 5480 Augustin,
2688 5413 2780 5469 lib.
2808 5432 2845 5470 ιι
2879 5419 2945 5472 de
2974 5420 3291 5479 adulterinis
3329 5426 3637 5498 Coniugiis;
3667 5447 3802 5489 cnn-

2216 5498 2398 5552 cilium
2423 5500 2811 5559 Aurelianense
2840 5522 2904 5569 ll,
2934 5523 3056 5563 can.
3098 5511 3188 5564 ll.‘

2286 5587 2635 5646 Posteriorem
2682 5594 2926 5651 dimittat.
2991 5599 3337 5659 Innocentius
3374 5606 3395 5659 ι
3429 5607 3486 5661 in
3522 5608 3683 5679 epist.
3722 5608 3791 5664 ad

2038 5678 2112 5735 De
2211 5680 2479 5736 Probum:
2541 5704 2557 5733 ί
2593 5685 2725 5740 Cum
2756 5690 2921 5755 enim,
2972 5692 3163 5763 inquit,
3218 5696 3272 5749 in
3318 5678 3630 5767 captivitate
3650 5716 3788 5769 ιιι-ξε·
