4060 6350
220 303 367 359 “57

1391 301 1961 360 OBSERVATIONES
2002 303 2088 388 ΕΤ
2129 301 2360 359 NOTAE.

3339 306 3478 364 “58

218 419 368 474 dicta
402 417 533 472 Ursa
564 417 756 472 mulier
799 425 1088 484 teneretur,
1140 419 1283 473 aliud
1316 421 1624 490 conjugium
1669 434 1792 474 cum
1827 420 1866 476 Α
1899 418 2273 475 admistionem
2302 419 2533 490 propriae
2567 419 2830 488 conjugis,
2859 419 3129 476 ctlavacrt
3153 422 3482 491 purificatio-

217 507 474 563 restituta
523 506 813 562 Fortunius
857 517 1189 564 memoratus
1238 509 1403 563 inisse
1437 510 1798 579 cognoscitur.

221 597 332 652 Sed
365 596 550 650 favore
579 595 814 662 Domini,
867 612 1083 652 reversa
1115 598 1249 654 Ursa
1273 615 1372 654 nos
1401 601 1551 665 adiit,
1583 608 1638 655 et
1660 599 1803 654 nullo

217 689 504 751 diflitente,
544 704 769 742 uxorem
795 705 853 744 se
876 691 1160 744 memorati
1186 708 1306 747 esse
1331 695 1628 763 perdocuit.
1687 693 1804 760 Qua

217 781 290 836 de
328 796 408 842 re,
440 780 654 833 domine
681 781 776 843 fili,
832 781 1023 834 merito
1053 781 1294 846 illustris,
1357 785 1661 847 statuimus,
1701 784 1803 838 fide

218 869 491 924 catholica
517 866 867 937 suffragante,
906 869 1031 923 illud
1060 885 1180 925 esse
1205 871 1510 942 conjugium
1535 876 1677 941 quod
1698 873 1806 941 pri-

217 961 390 1014 mitus
406 958 709 1027 eratgratia
725 959 904 1012 divina
931 958 1209 1013 fundatum
1231 979 1244 1013 :
1272 970 1702 1030 conventumque
1719 977 1804 1015 se-

219 1048 416 1104 cunda:
441 1047 702 1111 mulieris,
733 1048 912 1116 priore
949 1049 1258 1116 superstite,
1307 1065 1407 1104 nec
1433 1051 1664 1105 divortio
1695 1051 1803 1117 eje-

218 1146 332 1201 cta,
361 1137 509 1190 nullo
532 1147 692 1205 pacto
717 1153 876 1206 posse
902 1153 1022 1192 esse
1054 1138 1371 1208 legitimum.
1408 1161 1426 1191 ι
1459 1139 1556 1194 Cui
1580 1157 1803 1210 respon-

218 1227 361 1282 sioni
391 1226 532 1280 favet
551 1226 658 1281 Leo
682 1227 768 1280 lin
792 1227 948 1296 epist.
966 1227 1030 1281 ad
1047 1227 1288 1282 Nicetam
1311 1230 1623 1300 episc0pum
1643 1230 1804 1300 Aqui-

218 1317 501 1381 leienscm,
533 1332 651 1385 cap.
689 1317 804 1369 1-4.

292 1407 360 1458 In
392 1407 543 1458 tertia
565 1405 946 1475 propinquitate
978 1407 1172 1460 carnis.
1223 1407 1376 1461 llunc
1407 1408 1582 1464 locum
1613 1410 1798 1463 Raba-

218 1511 325 1550 nus
356 1496 409 1547 in
437 1495 662 1564 epistola
707 1495 773 1548 ad
804 1495 1155 1550 l-lumhertum
1205 1499 1514 1566 episcopum
1542 1500 1798 1568 przcclare

217 1586 443 1654 exponit
474 1587 556 1639 his
584 1586 760 1641 verbis
793 1601 808 1640 :
865 1605 882 1637 ι
920 1586 1179 1641 Similiter
1213 1599 1266 1643 et
1297 1590 1348 1642 in
1391 1590 1656 1645 Theodori
1712 1607 1798 1644 ar-

1907 521 2033 561 nem
2084 522 2355 576 quaerere,
2403 517 2458 563 et
2505 511 2574 563 ah
2627 511 2873 579 ingressu
2918 511 3160 565 ecclesim
3203 514 3476 582 paululum

1905 609 2216 653 reverenter
2257 601 2530 654 abstinere
2567 615 2580 654 :
2645 616 2746 654 nec
2791 601 2906 655 brec
2962 601 3202 657 dicentes
3251 604 3479 673 deputa-

1904 699 2024 740 mus
2049 685 2259 755 culpam
2294 702 2415 742 esse
2461 689 2811 758 conjugium:
2865 691 2957 743 sed
3007 692 3133 759 quia
3191 693 3305 759 ipsa
3333 693 3480 748 licita

1904 778 2212 833 commistio
2287 779 2568 850 conjugum
2626 782 2743 834 sine
2809 781 3080 851 voluptate
3127 785 3308 839 carnis
3363 785 3480 839 fieri

1905 882 2011 921 non
2065 877 2260 937 potest,
2311 884 2339 922 a
2365 871 2506 924 sacri
2536 869 2636 928 loci
2681 870 2927 938 ingressu
2967 871 3345 926 abstinendum
3376 881 3480 940 est,

1902 959 2026 1026 quia
2066 959 2314 1028 voluptas
2341 959 2456 1028 ipsa
2499 974 2620 1014 esse
2669 959 2786 1013 sine
2832 960 2986 1028 culpa
3041 961 3344 1018 nullatenus
3387 979 3482 1033 po—

1904 1056 2028 1102 test.
2064 1067 2081 1098 ι

1973 1136 2039 1189 Et
2079 1146 2256 1206 postea
2305 1138 2494 1192 dixerit
2543 1139 2733 1193 mulier
2785 1140 2848 1194 de
2899 1141 3005 1194 riro
3058 1159 3152 1195 suo
3183 1160 3284 1196 non
3308 1161 3477 1214 posse.

1903 1227 2033 1280 \‘idc
2047 1227 2333 1281 concilium
2351 1229 2746 1294 Vermeriense,
2761 1247 2878 1285 can.
2900 1233 2922 1285 ’ί
2935 1233 2963 1278 7
2984 1250 2997 1294 ;
3017 1235 3304 1288 concilium
3330 1235 3482 1291 Com-

1899 1319 2212 1387 pendiense,
2253 1336 2375 1375 can.
2411 1321 2509 1386 l7;
2551 1323 2835 1392 epistolam
2877 1323 3083 1378 liabani
3126 1327 3191 1379 ad
3237 1326 3481 1381 Heribal-

1899 1412 2046 1474 dum,
2071 1428 2120 1466 c.
2143 1412 2212 1466 29
2239 1430 2252 1466 :
2307 1431 2325 1462 ι
2361 1413 2513 1480 Quod
2564 1424 2742 1469 autem
2793 1417 3135 1486 interrogasti
3183 1420 3248 1472 de
3269 1418 3354 1474 his
3384 1421 3477 1488 qui

1899 1503 2244 1558 matrimonio
2282 1502 2456 1571 juncti
2497 1513 2620 1558 sunt
2665 1514 2718 1558 et
2764 1507 2910 1560 coire
2955 1524 3060 1560 non
3108 1517 3358 1576 possunt,
3409 1526 3480 1564 an

1896 1591 1986 1645 ille
2025 1592 2187 1646 aliam
2217 1593 2298 1646 vel
2327 1593 2412 1646 illa
2451 1594 2614 1648 alium
2645 1597 2839 1651 dueere
2868 1599 3058 1665 possit.
3112 1598 3316 1664 Quibus
3344 1602 3481 1656 scri-

218 1675 546 1744 c'hiepiscopi
569 1676 734 1745 gestis
755 1675 1048 1746 Anglorum
1084 1678 1350 1746 capitulis,
1384 1695 1502 1748 quae
1522 1681 1588 1734 de
1609 1695 1795 1734 neces-
1832 1760 1850 1761 ,
1893 1692 2042 1750 ptum
2071 1691 2152 1737 est
2185 1701 2196 1736 :
2259 1681 2355 1736 Vir
2384 1693 2437 1738 et
2465 1685 2656 1741 mulier
2706 1687 2751 1740 si
2782 1702 2840 1741 se
2871 1688 3271 1756 conjunxerint,
3300 1699 3353 1746 et
3379 1707 3478 1761 po-

218 1766 384 1820 sariis
421 1766 744 1834 conscripsit
782 1767 963 1829 rebus,
1013 1767 1314 1820 invenimus
1352 1769 1493 1837 quod
1533 1768 1584 1822 in
1634 1771 1793 1824 tertia
1830 1760 1868 1815 ῐῖ
1897 1779 2012 1823 stca
2051 1771 2249 1825 dixerit
2297 1772 2489 1826 mulier
2516 1774 2581 1827 de
2633 1775 2750 1828 viro
2792 1777 2935 1844 quod
2964 1790 3067 1830 non
3116 1780 3289 1847 possit
3333 1760 3481 1836 coire

217 1856 620 1925 propinquitate
648 1857 828 1910 carnis
851 1857 1144 1910 secundum
1159 1857 1374 1912 Gnecos
1399 1859 1556 1912 liceat
1578 1859 1800 1924 nubere,

221 1946 277 1999 in
309 1947 494 2014 quinta
527 1947 821 2000 secundum
852 1946 1142 2001 Romanos.
1217 1947 1318 2013 Qui
1351 1958 1527 2002 tamen
1551 1951 1799 2020 conjugia

221 2037 275 2089 in
303 2036 458 2089 tertia
480 2037 878 2106 propinquitate
905 2036 1041 2090 facta
1067 2054 1171 2090 non
1207 2038 1494 2101 solverent,
1548 2041 1591 2093 si
1641 2049 1798 2093 antea

221 2129 290 2182 ab
316 2128 985 2196 inscientibuscomparata
1016 2128 1258 2193 fuissent,
1276 2131 1659 2200 aequaliterque
1675 2147 1800 2186 con-

212 2220 538 2291 jungeretur
579 2222 661 2274 vir
690 2221 742 2274 in
791 2223 1136 2276 matrimonio
1191 2223 1273 2276 his
1313 2224 1404 2291 qui
1448 2222 1548 2275 sibi
1578 2237 1802 2276 consan-

220 2312 402 2381 guinei
443 2321 590 2376 sunt,
635 2320 688 2366 et
718 2311 900 2366 uxoris
931 2328 1039 2366 sure
1067 2313 1484 2382 consanguineis
1511 2319 1634 2381 post
1663 2328 1801 2366 mor-

219 2410 330 2456 tem
356 2403 560 2466 uxoris,
592 2411 697 2456 etc.
745 2403 912 2471 Igitur
943 2405 1067 2472 quia
1096 2419 1124 2456 a
1149 2419 1263 2458 mea
1289 2404 1556 2474 parvitate
1583 2404 1798 2458 voluisti

220 2492 350 2560 quid
381 2493 640 2548 sentirem
661 2495 725 2547 de
750 2494 850 2548 hac
881 2510 962 2558 re,
1009 2493 1102 2547 tibi
1125 2494 1369 2558 rescribi,
1393 2503 1615 2564 propter
1637 2493 1793 2565 fragi-

219 2583 426 2638 litatem
453 2585 731 2654 prmsentis
765 2587 1021 2654 temporis
1050 2601 1172 2639 reor
1192 2586 1292 2639 hoc
1319 2587 1462 2654 quod
1485 2587 1798 2642 Theodorus

220 2674 521 2742 episcopus,
582 2675 721 2730 inter
749 2675 1064 2744 Gregorium
1095 2684 1149 2730 et
1170 2676 1430 2731 lsidorum
1482 2678 1690 2732 medius
1713 2678 1796 2732 in-

219 2764 438 2828 cedens,
462 2765 514 2818 in
533 2765 645 2818 suis
690 2765 938 2833 capitulis
968 2763 1206 2818 definivit
1243 2767 1416 2835 magis
1443 2766 1794 2834 sequendum,

220 2864 280 2908 ut
309 2857 495 2925 quinta
527 2858 874 2925 generatione
913 2856 1026 2924 jam
1057 2857 1258 2912 licitum
1311 2859 1634 2912 connubium
1669 2858 1791 2913 fiat:

220 2944 350 3013 quia
377 2960 478 2998 non
504 2945 586 2999 lex
614 2945 794 2999 divina
834 2947 957 3001 huic
981 2948 1324 3012 contradicit,
1356 2964 1458 3002 nec
1485 2949 1649 3002 etiam
1675 2965 1797 3004 sane

218 3042 430 3087 ctormn
459 3032 679 3088 Patrum
702 3036 843 3089 dicta
869 3037 972 3090 hoc
1007 3038 1312 3105 prohibent.
1369 3037 1426 3092 Si
1449 3047 1626 3092 autem
1657 3047 1711 3093 et
1739 3040 1793 3094 in

218 3123 404 3190 quinta
433 3125 500 3177 ab
533 3124 720 3179 insciis
749 3124 909 3178 fuerit
933 3101 1122 3195 copula
1163 3136 1401 3194 peracta,
1451 3128 1641 3183 melius
1663 3129 1792 3183 mihi
1822 3101 1868 3163 ο

218 3214 455 3278 videtur,
483 3222 542 3267 ut
567 3229 689 3268 eum
716 3215 1046 3283 pmnitentia:
1068 3216 1482 3282 humilitatione,
1512 3218 1556 3272 si
1588 3233 1645 3273 se
1667 3235 1796 3273 uxo-

219 3315 371 3360 ratus
400 3305 681 3360 continere
733 3322 838 3359 non
888 3307 1020 3371 vult,
1073 3307 1184 3363 Deo
1228 3307 1543 3363 satisfaciat.
1589 3331 1607 3361 ι
1663 3311 1795 3365 Vide

217 3393 552 3462 Reginonem
576 3393 666 3449 lib.
692 3411 730 3449 ιι
780 3396 844 3450 de
881 3397 1266 3452 ecclesiasticis
1299 3398 1624 3467 Disciplinis,
1672 3415 1790 3469 cap.

216 3485 345 3539 200.
393 3486 495 3540 Sed
518 3489 819 3557 przesertim
839 3489 1058 3544 consule
1086 3489 1358 3561 l-lugonem
1386 3493 1450 3546 de
1474 3493 1673 3547 Sancto
1699 3494 1793 3548 Vi-

215 3584 368 3631 ctore
396 3577 450 3630 in
478 3576 572 3632 lib.
590 3593 627 3631 n
657 3577 1132 3633 Sacramentorum
1164 3590 1316 3649 parte
1339 3598 1414 3646 ιι,
1440 3583 1529 3638 uhi
1551 3585 1796 3640 eamdem

215 3668 570 3736 quzcstionem
599 3670 791 3738 probat
815 3669 1061 3738 plurimis
1081 3671 1325 3736 Patrum,
1356 3673 1667 3742 pontificum
1688 3675 1796 3730 Ro-

216 3772 501 3812 manorum
524 3768 578 3813 et
611 3761 836 3815 aliorum
875 3763 1216 3828 testimoniis,
1246 3765 1441 3832 quibus
1471 3766 1594 3820 addi
1617 3775 1797 3836 potest

214 3847 365 3914 quod
403 3847 558 3902 docet
600 3849 654 3901 in
693 3865 790 3905 suo
835 3848 1195 3905 PtBnitenliali
1227 3854 1482 3924 magister
1527 3855 1795 3911 Robertus

213 3939 286 3994 (le
316 3939 680 3995 Flamcsbure.

215 4053 480 4125 Excerpta
499 4071 565 4110 ea:
582 4055 934 4110 Paenitentiali
964 4059 1202 4125 magistri
1233 4058 1444 4115 Roberti
1461 4062 1525 4116 de
1555 4061 1795 4119 Flames-

817 4127 963 4190 bure,
993 4128 1084 4181 lib.
1121 4145 1180 4182 ιι.

285 4213 547 4283 Cognatio
578 4215 800 4285 impedit
828 4225 882 4272 et
916 4219 1119 4272 dirimit
1148 4220 1573 4289 matrimonium,
1619 4225 1793 4280 nonin

210 4305 358 4360 linea
380 4309 703 4362 ascendente
726 4309 807 4363 vel
834 4310 1214 4374 descendente,
1266 4327 1386 4380 qua:
1414 4314 1600 4368 eadem
1630 4323 1716 4369 est
1741 4316 1793 4369 in

213 4395 508 4461 infinitum,
560 4399 685 4466 quia
707 4399 750 4452 si
792 4399 948 4452 hodie
995 4403 1201 4454 viveret
1251 4400 1443 4466 Adam,
1499 4418 1619 4456 cum
1652 4404 1793 4457 nulla

211 4498 402 4558 posset
421 4490 760 4544 contrahere.
804 4488 860 4542 ln
892 4489 1029 4542 linea
1045 4505 1172 4543 vero
1197 4499 1522 4554 transversa,
1547 4493 1710 4546 etiam
1741 4495 1792 4568 in

210 4579 450 4648 septimo
476 4579 643 4648 gradu
679 4580 950 4634 dirimitur
996 4580 1418 4634 matrimonium.
1483 4581 1790 4650 Dispensari

212 4678 401 4722 tamen
417 4675 613 4737 potest,
637 4669 730 4723 sed
774 4684 803 4722 a
827 4668 940 4722 solo
968 4683 1103 4737 papa
1132 4683 1146 4721 :
1203 4677 1258 4722 et
1289 4678 1494 4723 tantum
1524 4670 1662 4724 ultra
1685 4680 1792 4726 ter-

210 4759 351 4812 tium
372 4758 593 4827 gradum
619 4798 634 4822 ,
667 4759 793 4828 quia
844 4759 897 4812 in
923 4759 1036 4827 lege
1072 4757 1342 4812 inhibetur
1393 4768 1703 4814 contractus
1741 4761 1792 4814 in

208 4847 414 4916 primo,
447 4848 682 4900 secundo
705 4856 756 4900 et
796 4847 953 4900 tertio
981 4845 1168 4916 gradu.
1220 4845 1360 4915 Papa
1393 4834 1571 4900 autem
1605 4858 1790 4903 contra

209 4937 388 5006 legem
409 4945 461 4991 et
476 4936 845 5007 Evangelium,
867 4945 927 4991 ut
956 4936 1203 5004 superius
1223 4937 1425 4991 dictum
1451 4947 1553 5004 est,
1582 4939 1794 5008 dispen-

211 5043 341 5081 sare
362 5043 467 5081 non
483 5035 677 5096 potest.

287 5118 447 5172 Lavet
479 5136 533 5172 se
555 5129 833 5188 antequam
856 5127 1010 5171 intret
1042 5118 1095 5170 in
1129 5116 1417 5170 ecclesiam.
1468 5117 1792 5187 Grcgoriusl

210 5210 268 5263 in
302 5209 738 5280 responsionem
766 5211 832 5264 ad
857 5210 1331 5278 interrogationem
1358 5211 1608 5277 Augusti:
1645 5232 1661 5262 ι
1704 5214 1798 5266 Vir

209 5309 397 5356 autem
413 5318 534 5356 cum
551 5302 768 5373 propria
790 5301 1014 5370 conjuge
1036 5300 1331 5365 dormiens,
1365 5301 1468 5353 nisi
1494 5301 1631 5356 lotus
1654 5319 1793 5372 aqua

209 5392 418 5445 intrare
449 5392 733 5446 ecclesiam
763 5407 870 5445 non
893 5390 1068 5453 debet,
1103 5389 1192 5443 sed
1220 5403 1390 5458 nequc
1423 5388 1564 5444 lotus
1592 5391 1793 5447 intrare

208 5484 399 5536 statim
420 5484 598 5547 debet,
623 5493 727 5538 etc.
769 5504 786 5534 ι
840 5482 906 5535 Ει
931 5481 1090 5551 paulo
1114 5489 1231 5550 post
1260 5480 1500 5534 declarat
1528 5481 1796 5538 Romano-

210 5589 333 5627 rum
365 5589 482 5628 esse
505 5590 659 5628 usum
689 5575 756 5628 ab
783 5572 1176 5640 antiquioribus
1201 5581 1500 5641 acceptum.
1541 5592 1557 5624 ι
1597 5574 1796 5630 Roma-

206 5679 406 5716 norum
439 5673 615 5716 tamen
642 5678 855 5732 semper
873 5661 941 5715 ab
961 5660 1356 5728 antiquioribus
1381 5679 1511 5718 usus
1536 5664 1658 5730 fuit,
1674 5677 1796 5736 post

1901 1874 2024 1911 cum
2074 1873 2138 1914 eo
2166 1900 2180 1923 ,
2234 1859 2277 1913 si
2336 1869 2515 1928 potest
2550 1861 2778 1931 probare
2835 1880 2932 1932 per
2977 1863 3179 1932 justum
3219 1866 3479 1934 judicium

1901 1947 2045 2014 quod
2083 1963 2266 2001 verum
2297 1950 2384 2014 sit,
2437 1951 2666 2021 accipiat
2706 1952 2888 2006 alium.
2928 1975 2946 2006 ›
3006 1955 3138 2009 Vide
3189 1957 3475 2025 Reginon.,

1902 2035 1993 2088 lib.
2021 2053 2057 2089 ιι
2101 2038 2164 2091 de
2192 2038 2570 2094 ecclesiasticis
2619 2042 2944 2112 Disciplinis,
2985 2061 3103 2114 cap.
3130 2046 3266 2112 242;
3299 2047 3392 2102 lib.
3423 2062 3478 2102 vt

1901 2123 2223 2194 Capitular.,
2255 2143 2305 2181 c.
2338 2127 2425 2181 55.

1974 2213 2214 2269 Puellam
2237 2218 2602 2288 desponsatam
2635 2238 2736 2275 non
2758 2223 2874 2276 licet
2889 2225 3192 2292 parentibus
3219 2229 3349 2284 dare
3382 2229 3480 2285 alii

1901 2307 2028 2360 viro.
2083 2306 2286 2361 Concil.
2319 2309 2726 2377 Eliberitanum,
2782 2329 2832 2367 c.
2866 2314 2962 2368 54:
3015 2335 3033 2367 ι
3072 2316 3128 2370 Si
3158 2319 3249 2387 qui
3279 2336 3480 2389 paren-

1902 2404 1982 2449 tes
1998 2395 2155 2451 fidem
2174 2397 2428 2468 fregerint
2450 2401 2863 2469 sponsaliorum,
2883 2405 3100 2460 triennii
3120 2415 3358 2478 tempore
3381 2391 3479 2465 ab-

1901 2487 2221 2541 stineantur.
2297 2487 2354 2542 Si
2407 2498 2584 2545 tamen
2629 2492 2789 2547 iidem
2819 2509 3048 2562 sponsus
3077 2497 3159 2552 vel
3197 2514 3394 2566 sponsa
3424 2500 3479 2556 in

1900 2580 2050 2647 gravi
2099 2581 2324 2635 crimine
2367 2581 2568 2635 fuerint
2618 2583 2983 2653 deprehensi,
3027 2590 3264 2643 excusati
3319 2599 3482 2646 erunt

1899 2679 2185 2736 parentes:
2215 2672 2259 2725 si
2291 2672 2342 2725 in
2363 2673 2567 2727 eisdem
2591 2673 2754 2728 fuerit
2781 2676 2990 2740 vitium,
3021 2685 3075 2731 et
3098 2679 3478 2748 polluerintse,

1899 2761 2148 2830 superior
2172 2764 2438 2818 sententia
2463 2774 2728 2819 servetur;
2773 2787 2790 2818 ι
2843 2766 3072 2822 Siricius
3091 2783 3229 2838 papa
3255 2771 3481 2840 hujusce

1901 2851 1977 2903 rei
2011 2853 2170 2906 istam
2205 2855 2469 2908 rationem
2504 2855 2709 2924 profert
2733 2857 2785 2910 in
2802 2873 2889 2926 ep.
2922 2860 2988 2912 ad
3018 2859 3313 2914 llimerium
3339 2861 3476 2916 Tar—

1901 2955 2272 3006 raconensem,
2329 2958 2450 2995 can.
2481 2943 2514 2995 4
2541 2961 2552 2995 :
2626 2962 2644 2992 ι
2694 2943 2770 2998 De
2796 2945 3066 3014 conjugali
3098 2956 3280 3002 autem
3305 2950 3476 3004 viola-

1899 3028 2046 3083 tione
2070 3032 2362 3099 requisisti,
2415 3032 2458 3085 si
2497 3033 2877 3101 desponsatam
2931 3035 3021 3090 alii
3067 3037 3297 3104 puellam
3343 3038 3482 3094 alter

1899 3119 1953 3172 in
1984 3123 2384 3177 matrimonium
2412 3125 2582 3193 possit
2614 3126 2880 3194 accipere.
2944 3127 3056 3183 Hoc
3085 3145 3150 3204 ne
3183 3129 3277 3184 fiat
3300 3133 3480 3187 omni-

1898 3211 1998 3266 bus
2023 3214 2195 3266 modis
2221 3215 2555 3269 inhibemus:
2591 3218 2716 3285 quia
2740 3217 2826 3271 illa
2858 3219 3162 3274 benedictio
3187 3237 3348 3291 quam
3378 3239 3479 3277 nu—

1897 3310 2068 3371 ptume
2085 3305 2336 3358 sacerdos
2364 3306 2610 3373 imponit,
2635 3310 2774 3376 apud
2803 3308 2986 3363 ﬁdeles
3001 3309 3278 3377 cujusdam
3307 3315 3478 3368 sacri-

1897 3393 2021 3463 legii
2048 3395 2220 3446 instar
2245 3404 2352 3457 est,
2381 3396 2426 3447 si
2468 3395 2574 3450 ulla
2601 3398 2998 3464 trangressione
3023 3400 3271 3454 violetur.
3313 3423 3332 3454 ι

1975 3482 2080 3536 Illa
2107 3492 2278 3535 autem
2308 3485 2353 3536 si
2402 3502 2503 3538 non
2526 3485 2632 3538 vult
2655 3485 2892 3540 habitare
2921 3504 3038 3540 cum
3059 3505 3117 3542 eo
3149 3492 3258 3544 viro
3287 3493 3373 3546 cui
3402 3504 3478 3550 est

1897 3572 2233 3640 desponsata,
2265 3573 2517 3627 reddatur
2537 3577 2584 3628 ei
2613 3577 2833 3645 pecunia
2861 3595 3018 3646 quant
3039 3580 3204 3646 dedit,
3244 3592 3293 3636 et
3324 3585 3478 3639 tertia

1896 3679 2018 3731 pars
2048 3662 2295 3714 addatur.
2345 3662 2547 3716 Tamen
2574 3673 2792 3718 sanctus
2822 3664 3110 3736 Gregorius
3139 3669 3359 3739 Magnus
3384 3673 3479 3728 do-

1900 3761 1986 3807 cet
2026 3753 2118 3807 lib.
2154 3769 2227 3818 vi,
2266 3769 2348 3823 ep.
2378 3755 2470 3819 90,
2503 3754 2881 3824 desponsatam
2913 3759 2965 3811 in
3003 3762 3330 3816 monasterio
3353 3778 3479 3817 con-

1899 3855 2106 3896 versam
2148 3843 2292 3898 nullo
2339 3844 2534 3899 damno
2588 3845 2940 3901 tnultandam.
2991 3867 3008 3898 ι
3046 3850 3210 3915 Quia,
3269 3851 3474 3920 inquit,

1898 3933 2111 3988 decreta
2158 3933 2345 4004 legalia
2399 3936 2796 4003 desponsatam,
2841 3939 2884 3991 si
2931 3940 3174 3992 converti
3221 3941 3474 4007 voluerit,

1898 4027 2042 4080 nullo
2071 4027 2290 4081 omnino
2322 4036 2649 4082 censuerunt
2675 4031 2874 4083 damno
2904 4031 3123 4084 multari
3177 4032 3230 4085 iu
3284 4035 3472 4088 codice

1896 4117 1964 4170 de
1989 4117 2258 4186 episcopis
2278 4125 2332 4171 et
2357 4117 2591 4180 clericis,
2625 4117 2742 4187 lege
2770 4119 2858 4182 56,
2918 4119 3049 4188 quid
3096 4130 3294 4176 nostra:
3324 4138 3477 4177 man-

1901 4208 2172 4262 suetudini
2204 4207 2478 4279 religionis
2500 4209 2830 4262 contrarium
2861 4211 3182 4264 csse-visum
3211 4219 3313 4265 est.
3346 4233 3364 4264 ι

1970 4297 2112 4353 Puer
2166 4317 2327 4370 usque
2356 4300 2424 4353 ad
2467 4300 2766 4370 quindecim
2815 4317 2982 4353 annos
3022 4300 3088 4354 sit
3122 4339 3134 4352 .
3160 4340 3172 4353 .
3201 4339 3215 4354 .
3252 4311 3375 4356 tunc
3421 4320 3478 4358 se

1899 4393 2069 4461 ipsum
2092 4402 2258 4462 potest
2289 4393 2600 4445 monachum
2623 4395 2828 4460 facere:
2851 4391 3026 4461 puella
3047 4408 3162 4445 vero
3193 4393 3476 4460 sexdecim,

1901 4483 1978 4535 vel
2001 4484 2382 4552 septemdecim.
2449 4484 2682 4537 Sanctus
2707 4483 2936 4536 Basilius
2963 4483 3015 4536 in
3042 4484 3198 4552 epist.
3248 4485 3313 4537 ad
3346 4485 3479 4538 Am-

1897 4573 2254 4640 philochium,
2305 4589 2426 4627 cari.
2479 4575 2572 4628 18:
2645 4594 2662 4625 ι
2707 4573 3079 4629 Professiones
3099 4583 3276 4630 autem
3309 4577 3375 4631 ab
3411 4591 3476 4633 eo

1899 4671 2140 4732 tempore
2182 4663 2506 4730 iudicamus,
2549 4681 2654 4733 quo
2695 4673 2825 4719 actas
2848 4665 3070 4719 rationis
3117 4666 3476 4734 complemen-

1899 4761 2013 4806 tum
2041 4755 2311 4808 habuerit.
2385 4755 2501 4809 Non
2531 4758 2674 4810 enim
2708 4757 2942 4825 pueriles
2968 4772 3126 4812 voces
3173 4759 3390 4813 omnino
3420 4759 3474 4812 in

1896 4842 1981 4898 his
2013 4858 2133 4898 esse
2160 4851 2306 4897 ratas
2351 4844 2661 4899 existimare
2689 4853 2933 4915 Oportet:
2984 4847 3076 4900 sed
3105 4863 3225 4901 eam
3247 4863 3365 4916 qum
3385 4863 3476 4902 su-

1895 4948 1992 5001 pra
2023 4932 2294 4986 sexdecim
2318 4931 2402 4985 vel
2453 4934 2839 5000 septemdecim
2893 4952 3066 4990 annos
3112 4946 3235 4990 nata
3290 4935 3476 5001 fuerit,

1899 5021 2227 5089 rationisque
2257 5035 2476 5090 compos
2501 5023 2654 5076 etdiu
2680 5025 2988 5078 examinata
3005 5027 3338 5094 probataque
3353 5043 3475 5095 per-

1895 5113 2242 5176 sevcraverit,
2263 5122 2389 5167 etut
2418 5114 2735 5168 admittatur
2763 5116 3011 5185 precibus
3039 5119 3334 5184 contendit,
3360 5127 3472 5174 tum

1895 5213 2107 5273 oportet
2147 5205 2200 5258 in
2250 5220 2528 5259 sacrarum
2583 5207 2848 5274 virginum
2909 5208 3213 5278 catalogmn
3261 5209 3473 5276 referri,

1894 5299 2116 5369 ejusque
2156 5296 2554 5352 confessionem
2588 5297 2962 5366 comprobare,
2999 5307 3054 5350 et
3079 5299 3222 5354 illius
3241 5301 3477 5355 infirma-

1897 5391 2097 5444 tionem
2155 5387 2565 5458 inexorabiliter
2617 5387 2826 5454 punire.
2877 5386 3071 5442 Multas
3091 5391 3234 5444 enim
3285 5407 3475 5459 paren-

1897 5491 1976 5536 tes
2014 5491 2066 5536 et
2092 5481 2287 5535 fratres
2305 5479 2554 5543 offerunt,
2581 5489 2636 5533 et
2684 5478 2900 5547 quidam
2925 5494 3112 5533 eorum
3142 5483 3232 5550 qui
3261 5498 3354 5539 eas
3385 5500 3476 5539 co-

1894 5575 2145 5644 gnatione
2170 5573 2460 5642 attinguut,
2508 5580 2635 5625 ante
2668 5578 2882 5623 aetatem
2919 5583 3022 5622 non
3047 5584 3112 5622 ex
3146 5587 3205 5624 se
3252 5573 3382 5641 ipsis
3404 5575 3472 5627 ad

1894 5664 2204 5717 cmlihatum
2251 5663 2524 5726 incitatas,
2573 5660 2665 5714 sed
2714 5657 2912 5727 aliquid
2961 5658 3102 5726 quod
3151 5660 3216 5712 ad
3273 5662 3473 5715 victum
