  <div class='ocr_page' id='page_1' title='image "/cluster/home/n/w/nwhite01/storage/ocr_20150623/99/hvd.32044015466790/625.png"; bbox 0 0 4060 6350; ppageno 0'>
   <div class='ocr_carea' id='block_1_1' title="bbox 623 305 760 364">
    <p class='ocr_par' dir='ltr' id='par_1_1' title="bbox 623 305 760 364">
     <span class='ocr_line' id='line_1_1' title="bbox 623 305 760 364; baseline -0.015 0"><span class='ocrx_word' id='word_1_1' title='bbox 623 305 760 364; x_wconf 75' lang='lat' dir='ltr'><strong>I159</strong></span> 
     </span>
    </p>
   </div>
   <div class='ocr_carea' id='block_1_2' title="bbox 1713 288 2769 354">
    <p class='ocr_par' dir='ltr' id='par_1_2' title="bbox 1713 288 2769 354">
     <span class='ocr_line' id='line_1_2' title="bbox 1713 288 2769 354; baseline -0.004 0"><span class='ocrx_word' id='word_1_2' title='bbox 1713 300 1807 354; x_wconf 82' lang='lat' dir='ltr'><strong>AI)</strong></span> <span class='ocrx_word' id='word_1_3' title='bbox 1842 288 2382 354; x_wconf 65' lang='grc' dir='ltr'><strong>ΡωΝιτΕΝτιΑιΕ</strong></span> <span class='ocrx_word' id='word_1_4' title='bbox 2419 293 2769 351; x_wconf 75' lang='lat' dir='ltr'><strong>TIlEODOIlI</strong></span> 
     </span>
    </p>
   </div>
   <div class='ocr_carea' id='block_1_3' title="bbox 3726 299 3856 355">
    <p class='ocr_par' dir='ltr' id='par_1_3' title="bbox 3726 299 3856 355">
     <span class='ocr_line' id='line_1_3' title="bbox 3726 299 3856 355; baseline 0.023 -2"><span class='ocrx_word' id='word_1_5' title='bbox 3726 299 3856 355; x_wconf 75' lang='lat' dir='ltr'><strong>H60</strong></span> 
     </span>
    </p>
   </div>
   <div class='ocr_carea' id='block_1_4' title="bbox 620 410 3856 490">
    <p class='ocr_par' dir='ltr' id='par_1_4' title="bbox 620 410 3856 490">
     <span class='ocr_line' id='line_1_4' title="bbox 620 410 3856 490; baseline -0.002 -13"><span class='ocrx_word' id='word_1_6' title='bbox 620 437 773 479; x_wconf 87' lang='lat' dir='ltr'><strong>suum</strong></span> <span class='ocrx_word' id='word_1_7' title='bbox 792 416 1408 490; x_wconf 88' lang='lat' dir='ltr'><strong>pertinetprocurantes,</strong></span> <span class='ocrx_word' id='word_1_8' title='bbox 1429 428 1566 483; x_wconf 89' lang='lat' dir='ltr'><strong>quas</strong></span> <span class='ocrx_word' id='word_1_9' title='bbox 1586 428 1694 468; x_wconf 93' lang='lat' dir='ltr'><strong>non</strong></span> <span class='ocrx_word' id='word_1_10' title='bbox 1721 413 1878 468; x_wconf 77' lang='lat' dir='ltr'><strong>facile</strong></span> <span class='ocrx_word' id='word_1_11' title='bbox 1902 414 2193 469; x_wconf 78' lang='lat' dir='ltr'><strong>admittere</strong></span> <span class='ocrx_word' id='word_1_12' title='bbox 2219 413 2267 472; x_wconf 77' lang='grc' dir='ltr'><strong>Α</strong></span> <span class='ocrx_word' id='word_1_13' title='bbox 2293 412 2602 480; x_wconf 73' lang='lat' dir='ltr'><strong>nuptiarum</strong></span> <span class='ocrx_word' id='word_1_14' title='bbox 2637 424 2741 478; x_wconf 87' lang='lat' dir='ltr'><strong>est,</strong></span> <span class='ocrx_word' id='word_1_15' title='bbox 2770 410 2885 479; x_wconf 89' lang='lat' dir='ltr'><strong>jam</strong></span> <span class='ocrx_word' id='word_1_16' title='bbox 2932 421 3145 466; x_wconf 84' lang='lat' dir='ltr'><strong>matura</strong></span> <span class='ocrx_word' id='word_1_17' title='bbox 3186 412 3251 467; x_wconf 92' lang='lat' dir='ltr'><strong>ad</strong></span> <span class='ocrx_word' id='word_1_18' title='bbox 3280 428 3459 481; x_wconf 87' lang='lat' dir='ltr'><strong>usum,</strong></span> <span class='ocrx_word' id='word_1_19' title='bbox 3523 415 3719 471; x_wconf 88' lang='lat' dir='ltr'><strong>melius</strong></span> <span class='ocrx_word' id='word_1_20' title='bbox 3743 432 3856 473; x_wconf 73' lang='lat' dir='ltr'><strong>esse</strong></span> 
     </span>
    </p>
   </div>
   <div class='ocr_carea' id='block_1_5' title="bbox 617 503 2183 581">
    <p class='ocr_par' dir='ltr' id='par_1_5' title="bbox 617 503 2183 581">
     <span class='ocr_line' id='line_1_5' title="bbox 617 503 2183 581; baseline -0.006 -16"><span class='ocrx_word' id='word_1_21' title='bbox 617 515 849 581; x_wconf 75' lang='lat' dir='ltr'><strong>oportet,</strong></span> <span class='ocrx_word' id='word_1_22' title='bbox 889 507 1057 561; x_wconf 87' lang='lat' dir='ltr'><strong>donec</strong></span> <span class='ocrx_word' id='word_1_23' title='bbox 1106 512 1289 574; x_wconf 87' lang='lat' dir='ltr'><strong>aperte</strong></span> <span class='ocrx_word' id='word_1_24' title='bbox 1335 504 1606 573; x_wconf 82' lang='lat' dir='ltr'><strong>propriam</strong></span> <span class='ocrx_word' id='word_1_25' title='bbox 1652 517 1803 557; x_wconf 89' lang='lat' dir='ltr'><strong>suam</strong></span> <span class='ocrx_word' id='word_1_26' title='bbox 1857 503 2183 557; x_wconf 83' lang='lat' dir='ltr'><strong>sententiam</strong></span> 
     </span>
    </p>
   </div>
   <div class='ocr_carea' id='block_1_6' title="bbox 614 594 2185 673">
    <p class='ocr_par' dir='ltr' id='par_1_6' title="bbox 614 594 2185 673">
     <span class='ocr_line' id='line_1_6' title="bbox 614 594 2185 673; baseline -0.005 -16"><span class='ocrx_word' id='word_1_27' title='bbox 614 599 943 673; x_wconf 88' lang='lat' dir='ltr'><strong>perscrutati</strong></span> <span class='ocrx_word' id='word_1_28' title='bbox 986 597 1263 653; x_wconf 84' lang='lat' dir='ltr'><strong>fuerimus.</strong></span> <span class='ocrx_word' id='word_1_29' title='bbox 1295 616 1314 647; x_wconf 74' lang='grc' dir='ltr'><strong>ι</strong></span> <span class='ocrx_word' id='word_1_30' title='bbox 1372 594 1474 662; x_wconf 92' lang='lat' dir='ltr'><strong>Qui</strong></span> <span class='ocrx_word' id='word_1_31' title='bbox 1526 610 1698 651; x_wconf 89' lang='lat' dir='ltr'><strong>canon</strong></span> <span class='ocrx_word' id='word_1_32' title='bbox 1723 595 1919 651; x_wconf 89' lang='lat' dir='ltr'><strong>citatur</strong></span> <span class='ocrx_word' id='word_1_33' title='bbox 1945 612 1976 649; x_wconf 91' lang='lat' dir='ltr'><strong>a</strong></span> <span class='ocrx_word' id='word_1_34' title='bbox 2004 596 2185 651; x_wconf 91' lang='lat' dir='ltr'><strong>conci-</strong></span> 
     </span>
    </p>
   </div>
   <div class='ocr_carea' id='block_1_7' title="bbox 618 685 2184 758">
    <p class='ocr_par' dir='ltr' id='par_1_7' title="bbox 618 685 2184 758">
     <span class='ocr_line' id='line_1_7' title="bbox 618 685 2184 758; baseline 0 -12"><span class='ocrx_word' id='word_1_35' title='bbox 618 694 692 748; x_wconf 91' lang='lat' dir='ltr'><strong>lio</strong></span> <span class='ocrx_word' id='word_1_36' title='bbox 723 690 1056 758; x_wconf 82' lang='lat' dir='ltr'><strong>Quinisexto,</strong></span> <span class='ocrx_word' id='word_1_37' title='bbox 1093 704 1215 742; x_wconf 89' lang='lat' dir='ltr'><strong>can.</strong></span> <span class='ocrx_word' id='word_1_38' title='bbox 1247 687 1336 740; x_wconf 69' lang='grc'><strong>40.</strong></span> <span class='ocrx_word' id='word_1_39' title='bbox 1389 686 1619 743; x_wconf 88' lang='lat' dir='ltr'><strong>Sanctus</strong></span> <span class='ocrx_word' id='word_1_40' title='bbox 1646 689 1985 755; x_wconf 84' lang='lat' dir='ltr'><strong>Ambrosius,</strong></span> <span class='ocrx_word' id='word_1_41' title='bbox 2011 689 2103 744; x_wconf 89' lang='lat' dir='ltr'><strong>lib.</strong></span> <span class='ocrx_word' id='word_1_42' title='bbox 2122 685 2184 746; x_wconf 76' lang='lat' dir='ltr'><strong>nt</strong></span> 
     </span>
    </p>
   </div>
   <div class='ocr_carea' id='block_1_8' title="bbox 619 775 2186 849">
    <p class='ocr_par' dir='ltr' id='par_1_8' title="bbox 619 775 2186 849">
     <span class='ocr_line' id='line_1_8' title="bbox 619 775 2186 849; baseline -0.012 5"><span class='ocrx_word' id='word_1_43' title='bbox 619 784 684 838; x_wconf 72' lang='lat' dir='ltr'><strong>de</strong></span> <span class='ocrx_word' id='word_1_44' title='bbox 704 778 1059 848; x_wconf 66' lang='lat' dir='ltr'><strong>Virginibus:</strong></span> <span class='ocrx_word' id='word_1_45' title='bbox 1119 795 1138 826; x_wconf 74' lang='grc' dir='ltr'><strong>ε</strong></span> <span class='ocrx_word' id='word_1_46' title='bbox 1185 775 1351 831; x_wconf 81' lang='lat' dir='ltr'><strong>Aiunt</strong></span> <span class='ocrx_word' id='word_1_47' title='bbox 1392 778 1555 832; x_wconf 87' lang='lat' dir='ltr'><strong>etiam</strong></span> <span class='ocrx_word' id='word_1_48' title='bbox 1583 778 1826 849; x_wconf 88' lang='lat' dir='ltr'><strong>plerique</strong></span> <span class='ocrx_word' id='word_1_49' title='bbox 1874 782 2186 837; x_wconf 87' lang='lat' dir='ltr'><strong>maturioris</strong></span> 
     </span>
    </p>
   </div>
   <div class='ocr_carea' id='block_1_9' title="bbox 533 866 2181 940">
    <p class='ocr_par' dir='ltr' id='par_1_9' title="bbox 533 866 2181 940">
     <span class='ocr_line' id='line_1_9' title="bbox 533 866 2181 940; baseline 0.002 -20"><span class='ocrx_word' id='word_1_50' title='bbox 533 872 539 877; x_wconf 90' lang='lat'><em>&#39;</em></span> <span class='ocrx_word' id='word_1_51' title='bbox 616 868 792 922; x_wconf 70' lang='lat' dir='ltr'><strong>aetatis</strong></span> <span class='ocrx_word' id='word_1_52' title='bbox 823 867 1058 935; x_wconf 79' lang='lat' dir='ltr'><strong>virgines</strong></span> <span class='ocrx_word' id='word_1_53' title='bbox 1105 881 1223 921; x_wconf 90' lang='lat' dir='ltr'><strong>esse</strong></span> <span class='ocrx_word' id='word_1_54' title='bbox 1264 866 1535 922; x_wconf 88' lang='lat' dir='ltr'><strong>velandas.</strong></span> <span class='ocrx_word' id='word_1_55' title='bbox 1605 866 1790 937; x_wconf 82' lang='lat' dir='ltr'><strong>Neque</strong></span> <span class='ocrx_word' id='word_1_56' title='bbox 1837 884 1937 940; x_wconf 89' lang='lat' dir='ltr'><strong>ego</strong></span> <span class='ocrx_word' id='word_1_57' title='bbox 1961 870 2029 924; x_wconf 90' lang='lat' dir='ltr'><strong>ab</strong></span> <span class='ocrx_word' id='word_1_58' title='bbox 2054 886 2181 937; x_wconf 90' lang='lat' dir='ltr'><strong>uno,</strong></span> 
     </span>
    </p>
   </div>
   <div class='ocr_carea' id='block_1_10' title="bbox 618 952 2185 1022">
    <p class='ocr_par' dir='ltr' id='par_1_10' title="bbox 618 952 2185 1022">
     <span class='ocr_line' id='line_1_10' title="bbox 618 952 2185 1022; baseline 0.003 -11"><span class='ocrx_word' id='word_1_59' title='bbox 618 958 967 1012; x_wconf 79' lang='lat' dir='ltr'><strong>sacerdotalis</strong></span> <span class='ocrx_word' id='word_1_60' title='bbox 1012 972 1133 1012; x_wconf 90' lang='lat' dir='ltr'><strong>esse</strong></span> <span class='ocrx_word' id='word_1_61' title='bbox 1175 958 1440 1013; x_wconf 79' lang='lat' dir='ltr'><strong>cautionis</strong></span> <span class='ocrx_word' id='word_1_62' title='bbox 1472 952 1691 1022; x_wconf 82' lang='lat' dir='ltr'><strong>debere,</strong></span> <span class='ocrx_word' id='word_1_63' title='bbox 1732 967 1792 1012; x_wconf 94' lang='lat' dir='ltr'><strong>ut</strong></span> <span class='ocrx_word' id='word_1_64' title='bbox 1825 975 1929 1013; x_wconf 92' lang='lat' dir='ltr'><strong>non</strong></span> <span class='ocrx_word' id='word_1_65' title='bbox 1985 969 2185 1015; x_wconf 88' lang='lat' dir='ltr'><strong>temere</strong></span> 
     </span>
    </p>
   </div>
   <div class='ocr_carea' id='block_1_11' title="bbox 614 1049 2182 1122">
    <p class='ocr_par' dir='ltr' id='par_1_11' title="bbox 614 1049 2182 1122">
     <span class='ocr_line' id='line_1_11' title="bbox 614 1049 2182 1122; baseline 0.003 -19"><span class='ocrx_word' id='word_1_66' title='bbox 614 1049 787 1120; x_wconf 88' lang='lat' dir='ltr'><strong>puella</strong></span> <span class='ocrx_word' id='word_1_67' title='bbox 836 1049 1061 1104; x_wconf 84' lang='lat' dir='ltr'><strong>veletur.</strong></span> <span class='ocrx_word' id='word_1_68' title='bbox 1116 1049 1335 1120; x_wconf 89' lang='lat' dir='ltr'><strong>Spectet</strong></span> <span class='ocrx_word' id='word_1_69' title='bbox 1384 1050 1560 1122; x_wconf 85' lang='lat' dir='ltr'><strong>plane,</strong></span> <span class='ocrx_word' id='word_1_70' title='bbox 1597 1060 1803 1121; x_wconf 85' lang='lat' dir='ltr'><strong>spectet</strong></span> <span class='ocrx_word' id='word_1_71' title='bbox 1851 1058 2061 1108; x_wconf 79' lang='lat' dir='ltr'><strong>:etatcm</strong></span> <span class='ocrx_word' id='word_1_72' title='bbox 2092 1068 2182 1107; x_wconf 44' lang='lat' dir='ltr'><strong>sae</strong></span> 
     </span>
    </p>
   </div>
   <div class='ocr_carea' id='block_1_12' title="bbox 613 1138 2187 1213">
    <p class='ocr_par' dir='ltr' id='par_1_12' title="bbox 613 1138 2187 1213">
     <span class='ocr_line' id='line_1_12' title="bbox 613 1138 2187 1213; baseline 0.001 -17"><span class='ocrx_word' id='word_1_73' title='bbox 613 1142 822 1207; x_wconf 89' lang='lat' dir='ltr'><strong>cerdos,</strong></span> <span class='ocrx_word' id='word_1_74' title='bbox 877 1140 969 1195; x_wconf 86' lang='lat' dir='ltr'><strong>sed</strong></span> <span class='ocrx_word' id='word_1_75' title='bbox 998 1138 1119 1197; x_wconf 85' lang='lat' dir='ltr'><strong>fidei</strong></span> <span class='ocrx_word' id='word_1_76' title='bbox 1149 1141 1232 1196; x_wconf 93' lang='lat' dir='ltr'><strong>vel</strong></span> <span class='ocrx_word' id='word_1_77' title='bbox 1286 1140 1536 1212; x_wconf 84' lang='lat' dir='ltr'><strong>pudoris;</strong></span> <span class='ocrx_word' id='word_1_78' title='bbox 1583 1149 1786 1213; x_wconf 87' lang='lat' dir='ltr'><strong>spectet</strong></span> <span class='ocrx_word' id='word_1_79' title='bbox 1828 1151 1882 1198; x_wconf 92' lang='lat' dir='ltr'><strong>et</strong></span> <span class='ocrx_word' id='word_1_80' title='bbox 1904 1144 2187 1198; x_wconf 79' lang='lat' dir='ltr'><strong>maturita-</strong></span> 
     </span>
    </p>
   </div>
   <div class='ocr_carea' id='block_1_13' title="bbox 616 1234 2187 1306">
    <p class='ocr_par' dir='ltr' id='par_1_13' title="bbox 616 1234 2187 1306">
     <span class='ocr_line' id='line_1_13' title="bbox 616 1234 2187 1306; baseline 0.004 -21"><span class='ocrx_word' id='word_1_81' title='bbox 616 1241 723 1286; x_wconf 88' lang='lat' dir='ltr'><strong>tem</strong></span> <span class='ocrx_word' id='word_1_82' title='bbox 754 1234 1121 1298; x_wconf 57' lang='lat' dir='ltr'><strong>verecundia;</strong></span> <span class='ocrx_word' id='word_1_83' title='bbox 1168 1234 1439 1289; x_wconf 75' lang='lat' dir='ltr'><strong>examinet</strong></span> <span class='ocrx_word' id='word_1_84' title='bbox 1460 1236 1737 1306; x_wconf 80' lang='lat' dir='ltr'><strong>gravitatis</strong></span> <span class='ocrx_word' id='word_1_85' title='bbox 1765 1237 2039 1301; x_wconf 86' lang='lat' dir='ltr'><strong>canitiem,</strong></span> <span class='ocrx_word' id='word_1_86' title='bbox 2070 1253 2187 1291; x_wconf 87' lang='lat' dir='ltr'><strong>mo-</strong></span> 
     </span>
    </p>
   </div>
   <div class='ocr_carea' id='block_1_14' title="bbox 611 1321 2181 1391">
    <p class='ocr_par' dir='ltr' id='par_1_14' title="bbox 611 1321 2181 1391">
     <span class='ocr_line' id='line_1_14' title="bbox 611 1321 2181 1391; baseline 0.006 -21"><span class='ocrx_word' id='word_1_87' title='bbox 611 1332 734 1371; x_wconf 89' lang='lat' dir='ltr'><strong>rum</strong></span> <span class='ocrx_word' id='word_1_88' title='bbox 772 1328 1063 1386; x_wconf 80' lang='lat' dir='ltr'><strong>senectam,</strong></span> <span class='ocrx_word' id='word_1_89' title='bbox 1096 1321 1366 1391; x_wconf 65' lang='lat' dir='ltr'><strong>pudicitiae</strong></span> <span class='ocrx_word' id='word_1_90' title='bbox 1399 1338 1587 1390; x_wconf 87' lang='lat' dir='ltr'><strong>annos,</strong></span> <span class='ocrx_word' id='word_1_91' title='bbox 1645 1326 1854 1380; x_wconf 90' lang='lat' dir='ltr'><strong>animos</strong></span> <span class='ocrx_word' id='word_1_92' title='bbox 1899 1326 2181 1382; x_wconf 83' lang='lat' dir='ltr'><strong>castitatis.</strong></span> 
     </span>
    </p>
   </div>
   <div class='ocr_carea' id='block_1_15' title="bbox 610 1409 2184 1480">
    <p class='ocr_par' dir='ltr' id='par_1_15' title="bbox 610 1409 2184 1480">
     <span class='ocr_line' id='line_1_15' title="bbox 610 1409 2184 1480; baseline 0.006 -18"><span class='ocrx_word' id='word_1_93' title='bbox 610 1409 812 1465; x_wconf 85' lang='lat' dir='ltr'><strong>Tamen</strong></span> <span class='ocrx_word' id='word_1_94' title='bbox 835 1412 1027 1467; x_wconf 91' lang='lat' dir='ltr'><strong>deinde</strong></span> <span class='ocrx_word' id='word_1_95' title='bbox 1045 1412 1089 1467; x_wconf 91' lang='lat' dir='ltr'><strong>si</strong></span> <span class='ocrx_word' id='word_1_96' title='bbox 1118 1413 1306 1467; x_wconf 88' lang='lat' dir='ltr'><strong>matris</strong></span> <span class='ocrx_word' id='word_1_97' title='bbox 1346 1423 1456 1468; x_wconf 88' lang='lat' dir='ltr'><strong>tuta</strong></span> <span class='ocrx_word' id='word_1_98' title='bbox 1486 1416 1753 1480; x_wconf 87' lang='lat' dir='ltr'><strong>custodia,</strong></span> <span class='ocrx_word' id='word_1_99' title='bbox 1786 1417 2043 1471; x_wconf 90' lang='lat' dir='ltr'><strong>comitum</strong></span> <span class='ocrx_word' id='word_1_100' title='bbox 2092 1432 2184 1471; x_wconf 86' lang='lat' dir='ltr'><strong>so-</strong></span> 
     </span>
    </p>
   </div>
   <div class='ocr_carea' id='block_1_16' title="bbox 607 1497 2186 1573">
    <p class='ocr_par' dir='ltr' id='par_1_16' title="bbox 607 1497 2186 1573">
     <span class='ocr_line' id='line_1_16' title="bbox 607 1497 2186 1573; baseline 0.004 -20"><span class='ocrx_word' id='word_1_101' title='bbox 607 1497 729 1552; x_wconf 89' lang='lat' dir='ltr'><strong>bria</strong></span> <span class='ocrx_word' id='word_1_102' title='bbox 780 1501 1074 1566; x_wconf 86' lang='lat' dir='ltr'><strong>sedulitas;</strong></span> <span class='ocrx_word' id='word_1_103' title='bbox 1121 1502 1165 1556; x_wconf 92' lang='lat' dir='ltr'><strong>si</strong></span> <span class='ocrx_word' id='word_1_104' title='bbox 1208 1502 1322 1557; x_wconf 52' lang='lat' dir='ltr'><strong>hate</strong></span> <span class='ocrx_word' id='word_1_105' title='bbox 1349 1512 1545 1573; x_wconf 61' lang='lat' dir='ltr'><strong>praesto</strong></span> <span class='ocrx_word' id='word_1_106' title='bbox 1566 1513 1711 1570; x_wconf 91' lang='lat' dir='ltr'><strong>sunt,</strong></span> <span class='ocrx_word' id='word_1_107' title='bbox 1762 1522 1868 1561; x_wconf 91' lang='lat' dir='ltr'><strong>non</strong></span> <span class='ocrx_word' id='word_1_108' title='bbox 1900 1506 2051 1560; x_wconf 86' lang='lat' dir='ltr'><strong>deest</strong></span> <span class='ocrx_word' id='word_1_109' title='bbox 2076 1506 2186 1560; x_wconf 86' lang='lat' dir='ltr'><strong>vir-</strong></span> 
     </span>
    </p>
   </div>
   <div class='ocr_carea' id='block_1_17' title="bbox 606 1589 2186 1664">
    <p class='ocr_par' dir='ltr' id='par_1_17' title="bbox 606 1589 2186 1664">
     <span class='ocr_line' id='line_1_17' title="bbox 606 1589 2186 1664; baseline 0.006 -22"><span class='ocrx_word' id='word_1_110' title='bbox 606 1589 716 1659; x_wconf 89' lang='lat' dir='ltr'><strong>gini</strong></span> <span class='ocrx_word' id='word_1_111' title='bbox 762 1590 998 1664; x_wconf 71' lang='lat' dir='ltr'><strong>longreva</strong></span> <span class='ocrx_word' id='word_1_112' title='bbox 1046 1593 1310 1659; x_wconf 86' lang='lat' dir='ltr'><strong>canities;</strong></span> <span class='ocrx_word' id='word_1_113' title='bbox 1373 1595 1417 1649; x_wconf 88' lang='lat' dir='ltr'><strong>si</strong></span> <span class='ocrx_word' id='word_1_114' title='bbox 1479 1595 1593 1650; x_wconf 76' lang='lat' dir='ltr'><strong>haec</strong></span> <span class='ocrx_word' id='word_1_115' title='bbox 1642 1596 1856 1661; x_wconf 87' lang='lat' dir='ltr'><strong>desunt,</strong></span> <span class='ocrx_word' id='word_1_116' title='bbox 1905 1596 2186 1651; x_wconf 77' lang='lat' dir='ltr'><strong>diﬂ‘eratur</strong></span> 
     </span>
    </p>
   </div>
   <div class='ocr_carea' id='block_1_18' title="bbox 607 1681 2181 1758">
    <p class='ocr_par' dir='ltr' id='par_1_18' title="bbox 607 1681 2181 1758">
     <span class='ocr_line' id='line_1_18' title="bbox 607 1681 2181 1758; baseline 0.005 -24"><span class='ocrx_word' id='word_1_117' title='bbox 607 1681 781 1751; x_wconf 84' lang='lat' dir='ltr'><strong>puella</strong></span> <span class='ocrx_word' id='word_1_118' title='bbox 804 1684 983 1752; x_wconf 87' lang='lat' dir='ltr'><strong>potius</strong></span> <span class='ocrx_word' id='word_1_119' title='bbox 1017 1685 1255 1739; x_wconf 88' lang='lat' dir='ltr'><strong>moribus</strong></span> <span class='ocrx_word' id='word_1_120' title='bbox 1296 1690 1457 1755; x_wconf 83' lang='lat' dir='ltr'><strong>quam</strong></span> <span class='ocrx_word' id='word_1_121' title='bbox 1499 1686 1674 1739; x_wconf 91' lang='lat' dir='ltr'><strong>annis.</strong></span> <span class='ocrx_word' id='word_1_122' title='bbox 1742 1685 1857 1739; x_wconf 83' lang='lat' dir='ltr'><strong>Non</strong></span> <span class='ocrx_word' id='word_1_123' title='bbox 1895 1703 2026 1758; x_wconf 85' lang='lat' dir='ltr'><strong>ergo</strong></span> <span class='ocrx_word' id='word_1_124' title='bbox 2050 1695 2181 1742; x_wconf 68' lang='lat' dir='ltr'><strong>tetas</strong></span> 
     </span>
    </p>
   </div>
   <div class='ocr_carea' id='block_1_19' title="bbox 2286 502 3852 575">
    <p class='ocr_par' dir='ltr' id='par_1_19' title="bbox 2286 502 3852 575">
     <span class='ocr_line' id='line_1_19' title="bbox 2286 502 3852 575; baseline 0.003 -19"><span class='ocrx_word' id='word_1_125' title='bbox 2286 510 2346 556; x_wconf 92' lang='lat' dir='ltr'><strong>ut</strong></span> <span class='ocrx_word' id='word_1_126' title='bbox 2373 503 2666 557; x_wconf 84' lang='lat' dir='ltr'><strong>secundum</strong></span> <span class='ocrx_word' id='word_1_127' title='bbox 2695 517 3007 559; x_wconf 82' lang='lat' dir='ltr'><strong>concessam</strong></span> <span class='ocrx_word' id='word_1_128' title='bbox 3032 502 3204 571; x_wconf 83' lang='lat' dir='ltr'><strong>legem</strong></span> <span class='ocrx_word' id='word_1_129' title='bbox 3244 503 3456 574; x_wconf 84' lang='lat' dir='ltr'><strong>publice</strong></span> <span class='ocrx_word' id='word_1_130' title='bbox 3482 504 3674 569; x_wconf 87' lang='lat' dir='ltr'><strong>nubat,</strong></span> <span class='ocrx_word' id='word_1_131' title='bbox 3702 522 3852 575; x_wconf 83' lang='lat' dir='ltr'><strong>quam</strong></span> 
     </span>
    </p>
   </div>
   <div class='ocr_carea' id='block_1_20' title="bbox 2283 592 3851 663">
    <p class='ocr_par' dir='ltr' id='par_1_20' title="bbox 2283 592 3851 663">
     <span class='ocr_line' id='line_1_20' title="bbox 2283 592 3851 663; baseline 0.002 -16"><span class='ocrx_word' id='word_1_132' title='bbox 2283 592 2491 648; x_wconf 86' lang='lat' dir='ltr'><strong>occulte</strong></span> <span class='ocrx_word' id='word_1_133' title='bbox 2548 593 2777 662; x_wconf 87' lang='lat' dir='ltr'><strong>turpiter</strong></span> <span class='ocrx_word' id='word_1_134' title='bbox 2828 602 2951 663; x_wconf 86' lang='lat' dir='ltr'><strong>agat</strong></span> <span class='ocrx_word' id='word_1_135' title='bbox 3012 593 3188 658; x_wconf 88' lang='lat' dir='ltr'><strong>istud,</strong></span> <span class='ocrx_word' id='word_1_136' title='bbox 3236 603 3291 647; x_wconf 92' lang='lat' dir='ltr'><strong>et</strong></span> <span class='ocrx_word' id='word_1_137' title='bbox 3339 595 3700 651; x_wconf 86' lang='lat' dir='ltr'><strong>erubescatur</strong></span> <span class='ocrx_word' id='word_1_138' title='bbox 3749 596 3851 661; x_wconf 80' lang='lat' dir='ltr'><strong>illa,</strong></span> 
     </span>
    </p>
   </div>
   <div class='ocr_carea' id='block_1_21' title="bbox 2282 682 3851 754">
    <p class='ocr_par' dir='ltr' id='par_1_21' title="bbox 2282 682 3851 754">
     <span class='ocr_line' id='line_1_21' title="bbox 2282 682 3851 754; baseline 0.003 -18"><span class='ocrx_word' id='word_1_139' title='bbox 2282 690 2387 737; x_wconf 87' lang='lat' dir='ltr'><strong>etc.</strong></span> <span class='ocrx_word' id='word_1_140' title='bbox 2420 702 2439 734; x_wconf 77' lang='grc' dir='ltr'><strong><em>ι</em></strong></span> <span class='ocrx_word' id='word_1_141' title='bbox 2474 682 2544 737; x_wconf 87' lang='lat' dir='ltr'><strong>Et</strong></span> <span class='ocrx_word' id='word_1_142' title='bbox 2581 682 2742 752; x_wconf 89' lang='lat' dir='ltr'><strong>paulo</strong></span> <span class='ocrx_word' id='word_1_143' title='bbox 2768 691 2890 752; x_wconf 87' lang='lat' dir='ltr'><strong>post</strong></span> <span class='ocrx_word' id='word_1_144' title='bbox 2921 701 2935 735; x_wconf 89' lang='lat'>:</span> <span class='ocrx_word' id='word_1_145' title='bbox 2970 700 2989 732; x_wconf 84' lang='grc'><em>‹</em></span> <span class='ocrx_word' id='word_1_146' title='bbox 3026 682 3140 737; x_wconf 82' lang='lat' dir='ltr'><strong>Hoc</strong></span> <span class='ocrx_word' id='word_1_147' title='bbox 3166 683 3319 748; x_wconf 86' lang='lat' dir='ltr'><strong>dicit,</strong></span> <span class='ocrx_word' id='word_1_148' title='bbox 3346 691 3406 737; x_wconf 92' lang='lat' dir='ltr'><strong>ut</strong></span> <span class='ocrx_word' id='word_1_149' title='bbox 3452 685 3545 753; x_wconf 85' lang='lat' dir='ltr'><strong>qui</strong></span> <span class='ocrx_word' id='word_1_150' title='bbox 3593 686 3851 754; x_wconf 72' lang='lat' dir='ltr'><strong>virginem</strong></span> 
     </span>
    </p>
   </div>
   <div class='ocr_carea' id='block_1_22' title="bbox 2283 773 3850 844">
    <p class='ocr_par' dir='ltr' id='par_1_22' title="bbox 2283 773 3850 844">
     <span class='ocr_line' id='line_1_22' title="bbox 2283 773 3850 844; baseline 0.004 -18"><span class='ocrx_word' id='word_1_151' title='bbox 2283 773 2444 827; x_wconf 86' lang='lat' dir='ltr'><strong>habet</strong></span> <span class='ocrx_word' id='word_1_152' title='bbox 2473 774 2558 828; x_wconf 90' lang='lat' dir='ltr'><strong>cui</strong></span> <span class='ocrx_word' id='word_1_153' title='bbox 2599 774 2811 828; x_wconf 88' lang='lat' dir='ltr'><strong>animus</strong></span> <span class='ocrx_word' id='word_1_154' title='bbox 2836 774 2903 828; x_wconf 90' lang='lat' dir='ltr'><strong>ad</strong></span> <span class='ocrx_word' id='word_1_155' title='bbox 2954 774 3167 844; x_wconf 79' lang='lat' dir='ltr'><strong>nuptias</strong></span> <span class='ocrx_word' id='word_1_156' title='bbox 3189 787 3300 829; x_wconf 88' lang='lat' dir='ltr'><strong>non</strong></span> <span class='ocrx_word' id='word_1_157' title='bbox 3323 783 3430 839; x_wconf 89' lang='lat' dir='ltr'><strong>cst,</strong></span> <span class='ocrx_word' id='word_1_158' title='bbox 3463 784 3646 831; x_wconf 79' lang='lat' dir='ltr'><strong>servet</strong></span> <span class='ocrx_word' id='word_1_159' title='bbox 3671 777 3813 832; x_wconf 81' lang='lat' dir='ltr'><strong>illam</strong></span> <span class='ocrx_word' id='word_1_160' title='bbox 3837 796 3850 831; x_wconf 92' lang='lat'><strong>:</strong></span> 
     </span>
    </p>
   </div>
   <div class='ocr_carea' id='block_1_23' title="bbox 2283 865 3857 938">
    <p class='ocr_par' dir='ltr' id='par_1_23' title="bbox 2283 865 3857 938">
     <span class='ocr_line' id='line_1_23' title="bbox 2283 865 3857 938; baseline 0.004 -20"><span class='ocrx_word' id='word_1_161' title='bbox 2283 879 2385 919; x_wconf 89' lang='lat' dir='ltr'><strong>nec</strong></span> <span class='ocrx_word' id='word_1_162' title='bbox 2432 865 2509 919; x_wconf 86' lang='lat' dir='ltr'><strong>illi</strong></span> <span class='ocrx_word' id='word_1_163' title='bbox 2561 866 2771 935; x_wconf 88' lang='lat' dir='ltr'><strong>ingerat</strong></span> <span class='ocrx_word' id='word_1_164' title='bbox 2831 865 3070 921; x_wconf 84' lang='lat' dir='ltr'><strong>fomitem</strong></span> <span class='ocrx_word' id='word_1_165' title='bbox 3123 868 3458 937; x_wconf 88' lang='lat' dir='ltr'><strong>nuptiarum,</strong></span> <span class='ocrx_word' id='word_1_166' title='bbox 3502 884 3669 938; x_wconf 88' lang='lat' dir='ltr'><strong>quam</strong></span> <span class='ocrx_word' id='word_1_167' title='bbox 3720 869 3857 925; x_wconf 81' lang='lat' dir='ltr'><strong>videt</strong></span> 
     </span>
    </p>
   </div>
   <div class='ocr_carea' id='block_1_24' title="bbox 2283 948 3852 1017">
    <p class='ocr_par' dir='ltr' id='par_1_24' title="bbox 2283 948 3852 1017">
     <span class='ocr_line' id='line_1_24' title="bbox 2283 948 3852 1017; baseline 0.006 -9"><span class='ocrx_word' id='word_1_168' title='bbox 2283 956 2515 1010; x_wconf 89' lang='lat' dir='ltr'><strong>nubendi</strong></span> <span class='ocrx_word' id='word_1_169' title='bbox 2560 956 2887 1012; x_wconf 80' lang='lat' dir='ltr'><strong>voluntatem</strong></span> <span class='ocrx_word' id='word_1_170' title='bbox 2914 973 3022 1013; x_wconf 90' lang='lat' dir='ltr'><strong>non</strong></span> <span class='ocrx_word' id='word_1_171' title='bbox 3073 948 3294 1013; x_wconf 80' lang='lat' dir='ltr'><strong>habere.</strong></span> <span class='ocrx_word' id='word_1_172' title='bbox 3346 958 3616 1014; x_wconf 79' lang='lat' dir='ltr'><strong>Beneﬁcia</strong></span> <span class='ocrx_word' id='word_1_173' title='bbox 3640 961 3785 1015; x_wconf 79' lang='lat' dir='ltr'><strong>enim</strong></span> <span class='ocrx_word' id='word_1_174' title='bbox 3813 963 3852 1017; x_wconf 91' lang='lat' dir='ltr'><strong>si</strong></span> 
     </span>
    </p>
   </div>
   <div class='ocr_carea' id='block_1_25' title="bbox 2282 1038 3845 1117">
    <p class='ocr_par' dir='ltr' id='par_1_25' title="bbox 2282 1038 3845 1117">
     <span class='ocr_line' id='line_1_25' title="bbox 2282 1038 3845 1117; baseline 0.004 -20"><span class='ocrx_word' id='word_1_175' title='bbox 2282 1044 2583 1113; x_wconf 68' lang='lat' dir='ltr'><strong>pnestanda</strong></span> <span class='ocrx_word' id='word_1_176' title='bbox 2613 1055 2757 1109; x_wconf 88' lang='lat' dir='ltr'><strong>sunt,</strong></span> <span class='ocrx_word' id='word_1_177' title='bbox 2787 1054 2988 1116; x_wconf 85' lang='lat' dir='ltr'><strong>quanto</strong></span> <span class='ocrx_word' id='word_1_178' title='bbox 3014 1048 3184 1117; x_wconf 83' lang='lat' dir='ltr'><strong>magis</strong></span> <span class='ocrx_word' id='word_1_179' title='bbox 3221 1038 3443 1103; x_wconf 86' lang='lat' dir='ltr'><strong>minime</strong></span> <span class='ocrx_word' id='word_1_180' title='bbox 3471 1048 3793 1104; x_wconf 88' lang='lat' dir='ltr'><strong>auferenda.</strong></span> <span class='ocrx_word' id='word_1_181' title='bbox 3827 1070 3845 1104; x_wconf 73' lang='grc' dir='ltr'><strong>ι</strong></span> 
     </span>
    </p>
   </div>
   <div class='ocr_carea' id='block_1_26' title="bbox 2285 1132 3855 1207">
    <p class='ocr_par' dir='ltr' id='par_1_26' title="bbox 2285 1132 3855 1207">
     <span class='ocr_line' id='line_1_26' title="bbox 2285 1132 3855 1207; baseline 0.008 -20"><span class='ocrx_word' id='word_1_182' title='bbox 2285 1132 2516 1189; x_wconf 79' lang='lat' dir='ltr'><strong>Sanetus</strong></span> <span class='ocrx_word' id='word_1_183' title='bbox 2566 1134 2921 1207; x_wconf 79' lang='lat' dir='ltr'><strong>Hieronymus</strong></span> <span class='ocrx_word' id='word_1_184' title='bbox 2946 1137 3000 1191; x_wconf 94' lang='lat' dir='ltr'><strong>in</strong></span> <span class='ocrx_word' id='word_1_185' title='bbox 3045 1139 3233 1193; x_wconf 70' lang='lat' dir='ltr'><strong>eadem</strong></span> <span class='ocrx_word' id='word_1_186' title='bbox 3278 1140 3489 1196; x_wconf 89' lang='lat' dir='ltr'><strong>verba:</strong></span> <span class='ocrx_word' id='word_1_187' title='bbox 3529 1159 3549 1190; x_wconf 75' lang='grc' dir='ltr'>ι</span> <span class='ocrx_word' id='word_1_188' title='bbox 3581 1140 3701 1196; x_wconf 81' lang='lat' dir='ltr'><strong>Hoc</strong></span> <span class='ocrx_word' id='word_1_189' title='bbox 3750 1142 3855 1199; x_wconf 81' lang='lat' dir='ltr'><strong>loco</strong></span> 
     </span>
    </p>
   </div>
   <div class='ocr_carea' id='block_1_27' title="bbox 2282 1227 3852 1303">
    <p class='ocr_par' dir='ltr' id='par_1_27' title="bbox 2282 1227 3852 1303">
     <span class='ocr_line' id='line_1_27' title="bbox 2282 1227 3852 1303; baseline 0.008 -25"><span class='ocrx_word' id='word_1_190' title='bbox 2282 1230 2388 1279; x_wconf 74' lang='lat' dir='ltr'><strong>non</strong></span> <span class='ocrx_word' id='word_1_191' title='bbox 2438 1230 2689 1294; x_wconf 78' lang='lat' dir='ltr'><strong>parentes</strong></span> <span class='ocrx_word' id='word_1_192' title='bbox 2714 1227 3140 1299; x_wconf 80' lang='lat' dir='ltr'><strong>dicit‘virginum</strong></span> <span class='ocrx_word' id='word_1_193' title='bbox 3190 1230 3460 1285; x_wconf 85' lang='lat' dir='ltr'><strong>ﬁliarum:</strong></span> <span class='ocrx_word' id='word_1_194' title='bbox 3490 1248 3673 1303; x_wconf 86' lang='lat' dir='ltr'><strong>neque</strong></span> <span class='ocrx_word' id='word_1_195' title='bbox 3720 1237 3852 1292; x_wconf 87' lang='lat' dir='ltr'><strong>enim</strong></span> 
     </span>
    </p>
   </div>
   <div class='ocr_carea' id='block_1_28' title="bbox 2282 1316 3857 1391">
    <p class='ocr_par' dir='ltr' id='par_1_28' title="bbox 2282 1316 3857 1391">
     <span class='ocr_line' id='line_1_28' title="bbox 2282 1316 3857 1391; baseline 0.01 -25"><span class='ocrx_word' id='word_1_196' title='bbox 2282 1316 2566 1383; x_wconf 87' lang='lat' dir='ltr'><strong>potestatis</strong></span> <span class='ocrx_word' id='word_1_197' title='bbox 2621 1316 2833 1371; x_wconf 89' lang='lat' dir='ltr'><strong>illorum</strong></span> <span class='ocrx_word' id='word_1_198' title='bbox 2885 1326 3062 1387; x_wconf 88' lang='lat' dir='ltr'><strong>potest</strong></span> <span class='ocrx_word' id='word_1_199' title='bbox 3112 1335 3232 1374; x_wconf 87' lang='lat' dir='ltr'><strong>esse</strong></span> <span class='ocrx_word' id='word_1_200' title='bbox 3288 1323 3629 1391; x_wconf 86' lang='lat' dir='ltr'><strong>propositum</strong></span> <span class='ocrx_word' id='word_1_201' title='bbox 3679 1325 3857 1383; x_wconf 62' lang='lat' dir='ltr'><strong>alienae</strong></span> 
     </span>
    </p>
   </div>
   <div class='ocr_carea' id='block_1_29' title="bbox 2284 1404 3857 1485">
    <p class='ocr_par' dir='ltr' id='par_1_29' title="bbox 2284 1404 3857 1485">
     <span class='ocr_line' id='line_1_29' title="bbox 2284 1404 3857 1485; baseline 0.008 -26"><span class='ocrx_word' id='word_1_202' title='bbox 2284 1404 2634 1461; x_wconf 73' lang='lat' dir='ltr'><strong>continentia:</strong></span> <span class='ocrx_word' id='word_1_203' title='bbox 2671 1424 2686 1460; x_wconf 89' lang='lat'><strong>:</strong></span> <span class='ocrx_word' id='word_1_204' title='bbox 2739 1407 2837 1462; x_wconf 91' lang='lat' dir='ltr'><strong>sed</strong></span> <span class='ocrx_word' id='word_1_205' title='bbox 2885 1416 3321 1479; x_wconf 85' lang='lat' dir='ltr'><strong>unumquemque</strong></span> <span class='ocrx_word' id='word_1_206' title='bbox 3371 1412 3579 1467; x_wconf 87' lang='lat' dir='ltr'><strong>habere</strong></span> <span class='ocrx_word' id='word_1_207' title='bbox 3633 1418 3857 1485; x_wconf 68' lang='lat' dir='ltr'><strong>propriae</strong></span> 
     </span>
    </p>
   </div>
   <div class='ocr_carea' id='block_1_30' title="bbox 2283 1498 3859 1569">
    <p class='ocr_par' dir='ltr' id='par_1_30' title="bbox 2283 1498 3859 1569">
     <span class='ocr_line' id='line_1_30' title="bbox 2283 1498 3859 1569; baseline 0.005 -17"><span class='ocrx_word' id='word_1_208' title='bbox 2283 1498 2461 1552; x_wconf 88' lang='lat' dir='ltr'><strong>carnis</strong></span> <span class='ocrx_word' id='word_1_209' title='bbox 2489 1498 2771 1553; x_wconf 89' lang='lat' dir='ltr'><strong>arbitrium</strong></span> <span class='ocrx_word' id='word_1_210' title='bbox 2792 1514 2912 1553; x_wconf 89' lang='lat' dir='ltr'><strong>eam</strong></span> <span class='ocrx_word' id='word_1_211' title='bbox 2934 1500 3298 1569; x_wconf 84' lang='lat' dir='ltr'><strong>incorruptam</strong></span> <span class='ocrx_word' id='word_1_212' title='bbox 3327 1517 3575 1567; x_wconf 88' lang='lat' dir='ltr'><strong>servare,</strong></span> <span class='ocrx_word' id='word_1_213' title='bbox 3616 1515 3753 1569; x_wconf 89' lang='lat' dir='ltr'><strong>etc.,</strong></span> <span class='ocrx_word' id='word_1_214' title='bbox 3780 1506 3859 1560; x_wconf 86' lang='lat' dir='ltr'><strong>ille</strong></span> 
     </span>
    </p>
   </div>
   <div class='ocr_carea' id='block_1_31' title="bbox 2284 1586 3859 1665">
    <p class='ocr_par' dir='ltr' id='par_1_31' title="bbox 2284 1586 3859 1665">
     <span class='ocr_line' id='line_1_31' title="bbox 2284 1586 3859 1665; baseline 0.008 -25"><span class='ocrx_word' id='word_1_215' title='bbox 2284 1586 2471 1642; x_wconf 85' lang='lat' dir='ltr'><strong>tlrmus</strong></span> <span class='ocrx_word' id='word_1_216' title='bbox 2517 1588 2724 1654; x_wconf 85' lang='lat' dir='ltr'><strong>statuit,</strong></span> <span class='ocrx_word' id='word_1_217' title='bbox 2771 1588 2923 1658; x_wconf 90' lang='lat' dir='ltr'><strong>cujus</strong></span> <span class='ocrx_word' id='word_1_218' title='bbox 2969 1591 3161 1660; x_wconf 66' lang='lat' dir='ltr'><strong>puellae</strong></span> <span class='ocrx_word' id='word_1_219' title='bbox 3207 1606 3509 1648; x_wconf 88' lang='lat' dir='ltr'><strong>consensus</strong></span> <span class='ocrx_word' id='word_1_220' title='bbox 3562 1598 3739 1665; x_wconf 85' lang='lat' dir='ltr'><strong>patris</strong></span> <span class='ocrx_word' id='word_1_221' title='bbox 3780 1597 3859 1651; x_wconf 82' lang='lat' dir='ltr'><strong>ﬁr-</strong></span> 
     </span>
    </p>
   </div>
   <div class='ocr_carea' id='block_1_32' title="bbox 2283 1677 3852 1750">
    <p class='ocr_par' dir='ltr' id='par_1_32' title="bbox 2283 1677 3852 1750">
     <span class='ocr_line' id='line_1_32' title="bbox 2283 1677 3852 1750; baseline 0.003 -19"><span class='ocrx_word' id='word_1_222' title='bbox 2283 1677 2513 1731; x_wconf 87' lang='lat' dir='ltr'><strong>maverit</strong></span> <span class='ocrx_word' id='word_1_223' title='bbox 2537 1677 2887 1732; x_wconf 75' lang='lat' dir='ltr'><strong>voluntatem.</strong></span> <span class='ocrx_word' id='word_1_224' title='bbox 2925 1698 2944 1731; x_wconf 76' lang='lat'><strong>)</strong></span> <span class='ocrx_word' id='word_1_225' title='bbox 2981 1678 3232 1750; x_wconf 81' lang='lat' dir='ltr'><strong>Synodus</strong></span> <span class='ocrx_word' id='word_1_226' title='bbox 3252 1681 3431 1735; x_wconf 88' lang='lat' dir='ltr'><strong>sancti</strong></span> <span class='ocrx_word' id='word_1_227' title='bbox 3460 1681 3712 1747; x_wconf 75' lang='lat' dir='ltr'><strong>Patricii,</strong></span> <span class='ocrx_word' id='word_1_228' title='bbox 3736 1699 3852 1738; x_wconf 79' lang='lat' dir='ltr'><strong>can.</strong></span> 
     </span>
    </p>
   </div>
   <div class='ocr_carea' id='block_1_33' title="bbox 607 1750 2177 1843">
    <p class='ocr_par' dir='ltr' id='par_1_33' title="bbox 607 1750 2177 1839">
     <span class='ocr_line' id='line_1_33' title="bbox 607 1750 2177 1839; baseline 0.006 -15"><span class='ocrx_word' id='word_1_229' title='bbox 607 1750 851 1839; x_wconf 77' lang='lat' dir='ltr'><strong>rejicitur</strong></span> <span class='ocrx_word' id='word_1_230' title='bbox 871 1772 1165 1837; x_wconf 81' lang='lat' dir='ltr'><strong>ﬂorentior,</strong></span> <span class='ocrx_word' id='word_1_231' title='bbox 1196 1776 1289 1832; x_wconf 85' lang='lat' dir='ltr'><strong>sed</strong></span> <span class='ocrx_word' id='word_1_232' title='bbox 1312 1750 1527 1830; x_wconf 73' lang='lat' dir='ltr'><strong>animus</strong></span> <span class='ocrx_word' id='word_1_233' title='bbox 1558 1777 1917 1832; x_wconf 76' lang='lat' dir='ltr'><strong>examinatur.</strong></span> <span class='ocrx_word' id='word_1_234' title='bbox 1953 1750 1985 1830; x_wconf 57' lang='grc' dir='ltr'><em>ἶ</em></span> <span class='ocrx_word' id='word_1_235' title='bbox 2040 1778 2177 1833; x_wconf 89' lang='lat' dir='ltr'><strong>Con-</strong></span> 
     </span>
    </p>
   </div>
   <div class='ocr_carea' id='block_1_34' title="bbox 2279 1750 3859 1843">
    <p class='ocr_par' dir='ltr' id='par_1_34' title="bbox 2280 1754 3859 1843">
     <span class='ocr_line' id='line_1_34' title="bbox 2280 1754 3859 1843; baseline 0.005 -21"><span class='ocrx_word' id='word_1_236' title='bbox 2280 1768 2345 1822; x_wconf 74' lang='grc'><strong>27</strong></span> <span class='ocrx_word' id='word_1_237' title='bbox 2379 1783 2395 1821; x_wconf 87' lang='lat'><strong>:</strong></span> <span class='ocrx_word' id='word_1_238' title='bbox 2426 1768 2576 1834; x_wconf 84' lang='lat' dir='ltr'><strong>Quod</strong></span> <span class='ocrx_word' id='word_1_239' title='bbox 2599 1770 2713 1823; x_wconf 87' lang='lat' dir='ltr'><strong>vult</strong></span> <span class='ocrx_word' id='word_1_240' title='bbox 2753 1780 2929 1839; x_wconf 89' lang='lat' dir='ltr'><strong>pater,</strong></span> <span class='ocrx_word' id='word_1_241' title='bbox 2956 1770 3118 1825; x_wconf 87' lang='lat' dir='ltr'><strong>faciat</strong></span> <span class='ocrx_word' id='word_1_242' title='bbox 3138 1754 3309 1839; x_wconf 70' lang='lat' dir='ltr'><strong>virgo,</strong></span> <span class='ocrx_word' id='word_1_243' title='bbox 3330 1771 3459 1840; x_wconf 86' lang='lat' dir='ltr'><strong>quia</strong></span> <span class='ocrx_word' id='word_1_244' title='bbox 3476 1783 3644 1843; x_wconf 87' lang='lat' dir='ltr'><strong>caput</strong></span> <span class='ocrx_word' id='word_1_245' title='bbox 3672 1776 3859 1830; x_wconf 89' lang='lat' dir='ltr'><strong>mulie-</strong></span> 
     </span>
    </p>
   </div>
   <div class='ocr_carea' id='block_1_35' title="bbox 604 1862 2178 1939">
    <p class='ocr_par' dir='ltr' id='par_1_35' title="bbox 604 1862 2178 1939">
     <span class='ocr_line' id='line_1_35' title="bbox 604 1862 2178 1939; baseline 0.006 -21"><span class='ocrx_word' id='word_1_246' title='bbox 604 1862 787 1918; x_wconf 90' lang='lat' dir='ltr'><strong>cilium</strong></span> <span class='ocrx_word' id='word_1_247' title='bbox 809 1864 1368 1937; x_wconf 72' lang='lat' dir='ltr'><strong>Caesaraugustanum,</strong></span> <span class='ocrx_word' id='word_1_248' title='bbox 1420 1884 1468 1923; x_wconf 90' lang='lat' dir='ltr'><strong>c.</strong></span> <span class='ocrx_word' id='word_1_249' title='bbox 1499 1870 1532 1924; x_wconf 92' lang='lat'><strong>8</strong></span> <span class='ocrx_word' id='word_1_250' title='bbox 1563 1882 1578 1923; x_wconf 90' lang='lat'><strong>:</strong></span> <span class='ocrx_word' id='word_1_251' title='bbox 1631 1888 1647 1920; x_wconf 75' lang='grc' dir='ltr'>ι</span> <span class='ocrx_word' id='word_1_252' title='bbox 1681 1868 1819 1925; x_wconf 91' lang='lat' dir='ltr'><strong>Item</strong></span> <span class='ocrx_word' id='word_1_253' title='bbox 1851 1871 2045 1926; x_wconf 87' lang='lat' dir='ltr'><strong>Iectmn</strong></span> <span class='ocrx_word' id='word_1_254' title='bbox 2076 1881 2178 1939; x_wconf 89' lang='lat' dir='ltr'><strong>est,</strong></span> 
     </span>
    </p>
   </div>
   <div class='ocr_carea' id='block_1_36' title="bbox 604 1955 2180 2029">
    <p class='ocr_par' dir='ltr' id='par_1_36' title="bbox 604 1955 2180 2029">
     <span class='ocr_line' id='line_1_36' title="bbox 604 1955 2180 2029; baseline 0.007 -22"><span class='ocrx_word' id='word_1_255' title='bbox 604 1969 712 2009; x_wconf 91' lang='lat' dir='ltr'><strong>non</strong></span> <span class='ocrx_word' id='word_1_256' title='bbox 741 1955 999 2011; x_wconf 88' lang='lat' dir='ltr'><strong>velandas</strong></span> <span class='ocrx_word' id='word_1_257' title='bbox 1027 1972 1145 2012; x_wconf 92' lang='lat' dir='ltr'><strong>esse</strong></span> <span class='ocrx_word' id='word_1_258' title='bbox 1180 1959 1415 2028; x_wconf 84' lang='lat' dir='ltr'><strong>virgines</strong></span> <span class='ocrx_word' id='word_1_259' title='bbox 1434 1974 1552 2029; x_wconf 69' lang='lat' dir='ltr'><strong>qua:</strong></span> <span class='ocrx_word' id='word_1_260' title='bbox 1577 1975 1635 2015; x_wconf 89' lang='lat' dir='ltr'><strong>se</strong></span> <span class='ocrx_word' id='word_1_261' title='bbox 1658 1961 1767 2016; x_wconf 87' lang='lat' dir='ltr'><strong>Deo</strong></span> <span class='ocrx_word' id='word_1_262' title='bbox 1785 1963 2049 2028; x_wconf 72' lang='lat' dir='ltr'><strong>vovet-int,</strong></span> <span class='ocrx_word' id='word_1_263' title='bbox 2077 1962 2180 2018; x_wconf 89' lang='lat' dir='ltr'><strong>nisi</strong></span> 
     </span>
    </p>
   </div>
   <div class='ocr_carea' id='block_1_37' title="bbox 610 2046 2180 2121">
    <p class='ocr_par' dir='ltr' id='par_1_37' title="bbox 610 2046 2180 2121">
     <span class='ocr_line' id='line_1_37' title="bbox 610 2046 2180 2121; baseline 0.008 -24"><span class='ocrx_word' id='word_1_264' title='bbox 610 2046 965 2117; x_wconf 86' lang='lat' dir='ltr'><strong>quadraginta</strong></span> <span class='ocrx_word' id='word_1_265' title='bbox 997 2063 1259 2103; x_wconf 87' lang='lat' dir='ltr'><strong>annorum</strong></span> <span class='ocrx_word' id='word_1_266' title='bbox 1283 2051 1510 2119; x_wconf 90' lang='lat' dir='ltr'><strong>probata</strong></span> <span class='ocrx_word' id='word_1_267' title='bbox 1536 2059 1712 2117; x_wconf 65' lang='lat' dir='ltr'><strong>aetate,</strong></span> <span class='ocrx_word' id='word_1_268' title='bbox 1742 2066 1903 2121; x_wconf 89' lang='lat' dir='ltr'><strong>quam</strong></span> <span class='ocrx_word' id='word_1_269' title='bbox 1931 2054 2180 2111; x_wconf 80' lang='lat' dir='ltr'><strong>sacerdos</strong></span> 
     </span>
    </p>
   </div>
   <div class='ocr_carea' id='block_1_38' title="bbox 607 2140 2176 2217">
    <p class='ocr_par' dir='ltr' id='par_1_38' title="bbox 607 2140 2176 2217">
     <span class='ocr_line' id='line_1_38' title="bbox 607 2140 2176 2217; baseline 0.006 -25"><span class='ocrx_word' id='word_1_270' title='bbox 607 2141 1060 2217; x_wconf 82' lang='lat' dir='ltr'><strong>comprobaverit.</strong></span> <span class='ocrx_word' id='word_1_271' title='bbox 1100 2140 1181 2197; x_wconf 84' lang='lat' dir='ltr'><strong>Ab</strong></span> <span class='ocrx_word' id='word_1_272' title='bbox 1226 2144 1493 2200; x_wconf 85' lang='lat' dir='ltr'><strong>universis</strong></span> <span class='ocrx_word' id='word_1_273' title='bbox 1534 2145 1802 2216; x_wconf 89' lang='lat' dir='ltr'><strong>episcopis</strong></span> <span class='ocrx_word' id='word_1_274' title='bbox 1835 2145 2036 2201; x_wconf 86' lang='lat' dir='ltr'><strong>dictum</strong></span> <span class='ocrx_word' id='word_1_275' title='bbox 2075 2156 2176 2214; x_wconf 80' lang='lat' dir='ltr'><strong>est,</strong></span> 
     </span>
    </p>
   </div>
   <div class='ocr_carea' id='block_1_39' title="bbox 604 2226 2179 2303">
    <p class='ocr_par' dir='ltr' id='par_1_39' title="bbox 604 2226 2179 2303">
     <span class='ocr_line' id='line_1_39' title="bbox 604 2226 2179 2303; baseline 0.007 -22"><span class='ocrx_word' id='word_1_276' title='bbox 604 2226 805 2282; x_wconf 89' lang='lat' dir='ltr'><strong>Placet.</strong></span> <span class='ocrx_word' id='word_1_277' title='bbox 831 2247 848 2279; x_wconf 77' lang='grc' dir='ltr'><strong><em>ι</em></strong></span> <span class='ocrx_word' id='word_1_278' title='bbox 884 2229 1179 2285; x_wconf 88' lang='lat' dir='ltr'><strong>Concilium</strong></span> <span class='ocrx_word' id='word_1_279' title='bbox 1205 2248 1260 2286; x_wconf 89' lang='lat' dir='ltr'><strong>Ill</strong></span> <span class='ocrx_word' id='word_1_280' title='bbox 1286 2231 1725 2303; x_wconf 85' lang='lat' dir='ltr'><strong>Carthaginense,</strong></span> <span class='ocrx_word' id='word_1_281' title='bbox 1754 2248 1875 2289; x_wconf 83' lang='lat' dir='ltr'><strong>can.</strong></span> <span class='ocrx_word' id='word_1_282' title='bbox 1906 2236 1966 2291; x_wconf 71' lang='grc' dir='ltr'><strong>ὃς</strong></span> <span class='ocrx_word' id='word_1_283' title='bbox 1997 2254 2015 2285; x_wconf 86' lang='grc'><em>‹</em></span> <span class='ocrx_word' id='word_1_284' title='bbox 2048 2236 2179 2291; x_wconf 88' lang='lat' dir='ltr'><strong>Item</strong></span> 
     </span>
    </p>
   </div>
   <div class='ocr_carea' id='block_1_40' title="bbox 606 2316 2179 2394">
    <p class='ocr_par' dir='ltr' id='par_1_40' title="bbox 606 2316 2179 2394">
     <span class='ocr_line' id='line_1_40' title="bbox 606 2316 2179 2394; baseline 0.008 -24"><span class='ocrx_word' id='word_1_285' title='bbox 606 2316 806 2387; x_wconf 84' lang='lat' dir='ltr'><strong>placuit</strong></span> <span class='ocrx_word' id='word_1_286' title='bbox 835 2327 893 2373; x_wconf 88' lang='lat' dir='ltr'><strong>ut</strong></span> <span class='ocrx_word' id='word_1_287' title='bbox 922 2330 1049 2377; x_wconf 89' lang='lat' dir='ltr'><strong>ante</strong></span> <span class='ocrx_word' id='word_1_288' title='bbox 1064 2322 1251 2393; x_wconf 85' lang='lat' dir='ltr'><strong>viginti</strong></span> <span class='ocrx_word' id='word_1_289' title='bbox 1267 2324 1503 2394; x_wconf 89' lang='lat' dir='ltr'><strong>quinque</strong></span> <span class='ocrx_word' id='word_1_290' title='bbox 1527 2340 1697 2380; x_wconf 89' lang='lat' dir='ltr'><strong>annos</strong></span> <span class='ocrx_word' id='word_1_291' title='bbox 1726 2342 1823 2380; x_wconf 83' lang='lat' dir='ltr'><strong>nee</strong></span> <span class='ocrx_word' id='word_1_292' title='bbox 1846 2327 2057 2382; x_wconf 88' lang='lat' dir='ltr'><strong>diaconi</strong></span> <span class='ocrx_word' id='word_1_293' title='bbox 2086 2345 2179 2384; x_wconf 90' lang='lat' dir='ltr'><strong>or-</strong></span> 
     </span>
    </p>
   </div>
   <div class='ocr_carea' id='block_1_41' title="bbox 606 2406 2182 2483">
    <p class='ocr_par' dir='ltr' id='par_1_41' title="bbox 606 2406 2182 2483">
     <span class='ocr_line' id='line_1_41' title="bbox 606 2406 2182 2483; baseline 0.01 -24"><span class='ocrx_word' id='word_1_294' title='bbox 606 2406 881 2475; x_wconf 88' lang='lat' dir='ltr'><strong>dinentur,</strong></span> <span class='ocrx_word' id='word_1_295' title='bbox 918 2426 1017 2465; x_wconf 89' lang='lat' dir='ltr'><strong>nec</strong></span> <span class='ocrx_word' id='word_1_296' title='bbox 1049 2412 1284 2483; x_wconf 85' lang='lat' dir='ltr'><strong>virgines</strong></span> <span class='ocrx_word' id='word_1_297' title='bbox 1310 2421 1715 2469; x_wconf 89' lang='lat' dir='ltr'><strong>consecrentur.</strong></span> <span class='ocrx_word' id='word_1_298' title='bbox 1765 2437 1783 2468; x_wconf 75' lang='grc' dir='ltr'><strong><em>ι</em></strong></span> <span class='ocrx_word' id='word_1_299' title='bbox 1842 2416 2049 2472; x_wconf 91' lang='lat' dir='ltr'><strong>Concil.</strong></span> <span class='ocrx_word' id='word_1_300' title='bbox 2091 2416 2182 2474; x_wconf 78' lang='lat' dir='ltr'><strong>Mi-</strong></span> 
     </span>
    </p>
   </div>
   <div class='ocr_carea' id='block_1_42' title="bbox 605 2493 2183 2579">
    <p class='ocr_par' dir='ltr' id='par_1_42' title="bbox 605 2493 2183 2579">
     <span class='ocr_line' id='line_1_42' title="bbox 605 2493 2183 2579; baseline 0.011 -32"><span class='ocrx_word' id='word_1_301' title='bbox 605 2493 898 2551; x_wconf 87' lang='lat' dir='ltr'><strong>levitanum</strong></span> <span class='ocrx_word' id='word_1_302' title='bbox 947 2514 1007 2564; x_wconf 83' lang='lat' dir='ltr'><strong>ll,</strong></span> <span class='ocrx_word' id='word_1_303' title='bbox 1047 2514 1096 2554; x_wconf 89' lang='lat' dir='ltr'><strong>c.</strong></span> <span class='ocrx_word' id='word_1_304' title='bbox 1130 2499 1239 2555; x_wconf 74' lang='lat'><strong>26:</strong></span> <span class='ocrx_word' id='word_1_305' title='bbox 1298 2520 1317 2552; x_wconf 69' lang='grc' dir='ltr'><strong><em>ι</em></strong></span> <span class='ocrx_word' id='word_1_306' title='bbox 1346 2501 1477 2558; x_wconf 83' lang='lat' dir='ltr'><strong>Item</strong></span> <span class='ocrx_word' id='word_1_307' title='bbox 1523 2503 1725 2573; x_wconf 88' lang='lat' dir='ltr'><strong>placuit</strong></span> <span class='ocrx_word' id='word_1_308' title='bbox 1765 2512 1825 2559; x_wconf 86' lang='lat' dir='ltr'><strong>ut</strong></span> <span class='ocrx_word' id='word_1_309' title='bbox 1876 2503 2183 2579; x_wconf 79' lang='lat' dir='ltr'><strong>quicunque</strong></span> 
     </span>
    </p>
   </div>
   <div class='ocr_carea' id='block_1_43' title="bbox 604 2581 2182 2663">
    <p class='ocr_par' dir='ltr' id='par_1_43' title="bbox 604 2581 2182 2663">
     <span class='ocr_line' id='line_1_43' title="bbox 604 2581 2182 2663; baseline 0.011 -29"><span class='ocrx_word' id='word_1_310' title='bbox 604 2581 998 2653; x_wconf 89' lang='lat' dir='ltr'><strong>episcoporum,</strong></span> <span class='ocrx_word' id='word_1_311' title='bbox 1039 2588 1362 2644; x_wconf 88' lang='lat' dir='ltr'><strong>necessitate</strong></span> <span class='ocrx_word' id='word_1_312' title='bbox 1399 2590 1757 2661; x_wconf 86' lang='lat' dir='ltr'><strong>periclitantis</strong></span> <span class='ocrx_word' id='word_1_313' title='bbox 1775 2588 2045 2663; x_wconf 73' lang='lat' dir='ltr'><strong>pudicitize</strong></span> <span class='ocrx_word' id='word_1_314' title='bbox 2074 2597 2182 2651; x_wconf 83' lang='lat' dir='ltr'><strong>vir-</strong></span> 
     </span>
    </p>
   </div>
   <div class='ocr_carea' id='block_1_44' title="bbox 606 2671 2179 2756">
    <p class='ocr_par' dir='ltr' id='par_1_44' title="bbox 606 2671 2179 2756">
     <span class='ocr_line' id='line_1_44' title="bbox 606 2671 2179 2756; baseline 0.011 -33"><span class='ocrx_word' id='word_1_315' title='bbox 606 2671 798 2739; x_wconf 82' lang='lat' dir='ltr'><strong>ginalis</strong></span> <span class='ocrx_word' id='word_1_316' title='bbox 845 2674 991 2743; x_wconf 90' lang='lat' dir='ltr'><strong>(cum</strong></span> <span class='ocrx_word' id='word_1_317' title='bbox 1018 2678 1099 2731; x_wconf 85' lang='lat' dir='ltr'><strong>vel</strong></span> <span class='ocrx_word' id='word_1_318' title='bbox 1155 2679 1354 2748; x_wconf 88' lang='lat' dir='ltr'><strong>petitor</strong></span> <span class='ocrx_word' id='word_1_319' title='bbox 1379 2688 1592 2751; x_wconf 91' lang='lat' dir='ltr'><strong>potens,</strong></span> <span class='ocrx_word' id='word_1_320' title='bbox 1630 2681 1716 2737; x_wconf 91' lang='lat' dir='ltr'><strong>vel</strong></span> <span class='ocrx_word' id='word_1_321' title='bbox 1760 2692 1947 2754; x_wconf 89' lang='lat' dir='ltr'><strong>raptor</strong></span> <span class='ocrx_word' id='word_1_322' title='bbox 1969 2684 2179 2756; x_wconf 75' lang='lat' dir='ltr'><strong>&#39;aliquis</strong></span> 
     </span>
    </p>
   </div>
   <div class='ocr_carea' id='block_1_45' title="bbox 607 2763 2182 2849">
    <p class='ocr_par' dir='ltr' id='par_1_45' title="bbox 607 2763 2182 2849">
     <span class='ocr_line' id='line_1_45' title="bbox 607 2763 2182 2849; baseline 0.011 -32"><span class='ocrx_word' id='word_1_323' title='bbox 607 2763 947 2835; x_wconf 90' lang='lat' dir='ltr'><strong>formidatur,</strong></span> <span class='ocrx_word' id='word_1_324' title='bbox 995 2770 1077 2825; x_wconf 87' lang='lat' dir='ltr'><strong>vel</strong></span> <span class='ocrx_word' id='word_1_325' title='bbox 1102 2771 1147 2825; x_wconf 92' lang='lat' dir='ltr'><strong>si</strong></span> <span class='ocrx_word' id='word_1_326' title='bbox 1175 2772 1338 2826; x_wconf 88' lang='lat' dir='ltr'><strong>etiam</strong></span> <span class='ocrx_word' id='word_1_327' title='bbox 1362 2773 1543 2843; x_wconf 90' lang='lat' dir='ltr'><strong>aliquo</strong></span> <span class='ocrx_word' id='word_1_328' title='bbox 1567 2775 1759 2830; x_wconf 88' lang='lat' dir='ltr'><strong>mortis</strong></span> <span class='ocrx_word' id='word_1_329' title='bbox 1804 2778 2054 2848; x_wconf 87' lang='lat' dir='ltr'><strong>scrupulo</strong></span> <span class='ocrx_word' id='word_1_330' title='bbox 2089 2795 2182 2849; x_wconf 92' lang='lat' dir='ltr'><strong>pe-</strong></span> 
     </span>
    </p>
   </div>
   <div class='ocr_carea' id='block_1_46' title="bbox 606 2854 2176 2934">
    <p class='ocr_par' dir='ltr' id='par_1_46' title="bbox 606 2854 2176 2934">
     <span class='ocr_line' id='line_1_46' title="bbox 606 2854 2176 2934; baseline 0.009 -25"><span class='ocrx_word' id='word_1_331' title='bbox 606 2854 839 2912; x_wconf 86' lang='lat' dir='ltr'><strong>riculoso</strong></span> <span class='ocrx_word' id='word_1_332' title='bbox 870 2868 1187 2928; x_wconf 87' lang='lat' dir='ltr'><strong>compuncta</strong></span> <span class='ocrx_word' id='word_1_333' title='bbox 1225 2861 1406 2928; x_wconf 91' lang='lat' dir='ltr'><strong>fuerit,</strong></span> <span class='ocrx_word' id='word_1_334' title='bbox 1443 2879 1511 2920; x_wconf 88' lang='lat' dir='ltr'><strong>ne</strong></span> <span class='ocrx_word' id='word_1_335' title='bbox 1545 2880 1652 2920; x_wconf 91' lang='lat' dir='ltr'><strong>non</strong></span> <span class='ocrx_word' id='word_1_336' title='bbox 1682 2865 1857 2920; x_wconf 90' lang='lat' dir='ltr'><strong>velata</strong></span> <span class='ocrx_word' id='word_1_337' title='bbox 1894 2868 2176 2934; x_wconf 80' lang='lat' dir='ltr'><strong>moriatur,</strong></span> 
     </span>
    </p>
   </div>
   <div class='ocr_carea' id='block_1_47' title="bbox 610 2949 2179 3026">
    <p class='ocr_par' dir='ltr' id='par_1_47' title="bbox 610 2949 2179 3026">
     <span class='ocr_line' id='line_1_47' title="bbox 610 2949 2179 3026; baseline 0.01 -28"><span class='ocrx_word' id='word_1_338' title='bbox 610 2954 702 3000; x_wconf 88' lang='lat' dir='ltr'><strong>aut</strong></span> <span class='ocrx_word' id='word_1_339' title='bbox 734 2949 1072 3018; x_wconf 73' lang='lat' dir='ltr'><strong>exigentibus</strong></span> <span class='ocrx_word' id='word_1_340' title='bbox 1107 2952 1438 3020; x_wconf 87' lang='lat' dir='ltr'><strong>parentibus,</strong></span> <span class='ocrx_word' id='word_1_341' title='bbox 1497 2963 1589 3009; x_wconf 90' lang='lat' dir='ltr'><strong>aut</strong></span> <span class='ocrx_word' id='word_1_342' title='bbox 1617 2957 1701 3011; x_wconf 89' lang='lat' dir='ltr'><strong>his</strong></span> <span class='ocrx_word' id='word_1_343' title='bbox 1731 2958 1799 3010; x_wconf 89' lang='lat' dir='ltr'><strong>ad</strong></span> <span class='ocrx_word' id='word_1_344' title='bbox 1829 2970 2058 3026; x_wconf 87' lang='lat' dir='ltr'><strong>quorum</strong></span> <span class='ocrx_word' id='word_1_345' title='bbox 2087 2972 2179 3014; x_wconf 82' lang='lat' dir='ltr'><strong>cu-</strong></span> 
     </span>
    </p>
   </div>
   <div class='ocr_carea' id='block_1_48' title="bbox 604 3038 2178 3112">
    <p class='ocr_par' dir='ltr' id='par_1_48' title="bbox 604 3038 2178 3112">
     <span class='ocr_line' id='line_1_48' title="bbox 604 3038 2178 3112; baseline 0.008 -23"><span class='ocrx_word' id='word_1_346' title='bbox 604 3050 722 3090; x_wconf 87' lang='lat' dir='ltr'><strong>ram</strong></span> <span class='ocrx_word' id='word_1_347' title='bbox 752 3038 1027 3108; x_wconf 85' lang='lat' dir='ltr'><strong>pertinet),</strong></span> <span class='ocrx_word' id='word_1_348' title='bbox 1056 3040 1314 3095; x_wconf 88' lang='lat' dir='ltr'><strong>velaverit</strong></span> <span class='ocrx_word' id='word_1_349' title='bbox 1333 3041 1615 3112; x_wconf 87' lang='lat' dir='ltr'><strong>virginem,</strong></span> <span class='ocrx_word' id='word_1_350' title='bbox 1669 3060 1762 3099; x_wconf 89' lang='lat' dir='ltr'><strong>seu</strong></span> <span class='ocrx_word' id='word_1_351' title='bbox 1793 3045 1993 3101; x_wconf 83' lang='lat' dir='ltr'><strong>velavit</strong></span> <span class='ocrx_word' id='word_1_352' title='bbox 2040 3047 2178 3102; x_wconf 89' lang='lat' dir='ltr'><strong>intra</strong></span> 
     </span>
    </p>
   </div>
   <div class='ocr_carea' id='block_1_49' title="bbox 605 3121 2169 3203">
    <p class='ocr_par' dir='ltr' id='par_1_49' title="bbox 605 3121 2169 3203">
     <span class='ocr_line' id='line_1_49' title="bbox 605 3121 2169 3203; baseline 0.007 -23"><span class='ocrx_word' id='word_1_353' title='bbox 605 3121 790 3197; x_wconf 84' lang='lat' dir='ltr'><strong>viginti</strong></span> <span class='ocrx_word' id='word_1_354' title='bbox 821 3127 1056 3198; x_wconf 85' lang='lat' dir='ltr'><strong>quinque</strong></span> <span class='ocrx_word' id='word_1_355' title='bbox 1078 3137 1247 3184; x_wconf 81' lang='lat' dir='ltr'><strong>annos</strong></span> <span class='ocrx_word' id='word_1_356' title='bbox 1270 3128 1464 3195; x_wconf 72' lang='lat' dir='ltr'><strong>mtatis,</strong></span> <span class='ocrx_word' id='word_1_357' title='bbox 1499 3148 1602 3186; x_wconf 89' lang='lat' dir='ltr'><strong>non</strong></span> <span class='ocrx_word' id='word_1_358' title='bbox 1623 3133 1673 3187; x_wconf 91' lang='lat' dir='ltr'><strong>ei</strong></span> <span class='ocrx_word' id='word_1_359' title='bbox 1698 3134 1840 3189; x_wconf 85' lang='lat' dir='ltr'><strong>obsit</strong></span> <span class='ocrx_word' id='word_1_360' title='bbox 1865 3136 2169 3203; x_wconf 87' lang='lat' dir='ltr'><strong>concilium,</strong></span> 
     </span>
    </p>
   </div>
   <div class='ocr_carea' id='block_1_50' title="bbox 602 3213 2173 3294">
    <p class='ocr_par' dir='ltr' id='par_1_50' title="bbox 602 3213 2173 3294">
     <span class='ocr_line' id='line_1_50' title="bbox 602 3213 2173 3294; baseline 0.008 -25"><span class='ocrx_word' id='word_1_361' title='bbox 602 3213 745 3286; x_wconf 87' lang='lat' dir='ltr'><strong>quod</strong></span> <span class='ocrx_word' id='word_1_362' title='bbox 769 3216 835 3271; x_wconf 89' lang='lat' dir='ltr'><strong>de</strong></span> <span class='ocrx_word' id='word_1_363' title='bbox 861 3216 965 3272; x_wconf 87' lang='lat' dir='ltr'><strong>isto</strong></span> <span class='ocrx_word' id='word_1_364' title='bbox 987 3233 1249 3273; x_wconf 90' lang='lat' dir='ltr'><strong>annorum</strong></span> <span class='ocrx_word' id='word_1_365' title='bbox 1270 3230 1496 3275; x_wconf 84' lang='lat' dir='ltr'><strong>numero</strong></span> <span class='ocrx_word' id='word_1_366' title='bbox 1515 3223 1864 3278; x_wconf 90' lang='lat' dir='ltr'><strong>constitutum</strong></span> <span class='ocrx_word' id='word_1_367' title='bbox 1887 3233 1990 3280; x_wconf 88' lang='lat' dir='ltr'><strong>est.</strong></span> <span class='ocrx_word' id='word_1_368' title='bbox 2020 3245 2039 3279; x_wconf 78' lang='grc' dir='ltr'><strong><em>ι</em></strong></span> <span class='ocrx_word' id='word_1_369' title='bbox 2074 3227 2173 3294; x_wconf 89' lang='lat' dir='ltr'><strong>Qui</strong></span> 
     </span>
    </p>
   </div>
   <div class='ocr_carea' id='block_1_51' title="bbox 602 3306 2173 3382">
    <p class='ocr_par' dir='ltr' id='par_1_51' title="bbox 602 3306 2173 3382">
     <span class='ocr_line' id='line_1_51' title="bbox 602 3306 2173 3382; baseline 0.007 -21"><span class='ocrx_word' id='word_1_370' title='bbox 602 3322 775 3362; x_wconf 90' lang='lat' dir='ltr'><strong>canon</strong></span> <span class='ocrx_word' id='word_1_371' title='bbox 797 3306 1031 3363; x_wconf 88' lang='lat' dir='ltr'><strong>refertur</strong></span> <span class='ocrx_word' id='word_1_372' title='bbox 1059 3309 1112 3362; x_wconf 91' lang='lat' dir='ltr'><strong>in</strong></span> <span class='ocrx_word' id='word_1_373' title='bbox 1142 3310 1353 3379; x_wconf 84' lang='lat' dir='ltr'><strong>integro</strong></span> <span class='ocrx_word' id='word_1_374' title='bbox 1397 3311 1582 3367; x_wconf 89' lang='lat' dir='ltr'><strong>codice</strong></span> <span class='ocrx_word' id='word_1_375' title='bbox 1611 3313 1867 3369; x_wconf 70' lang='lat' dir='ltr'><strong>Ecclesia:</strong></span> <span class='ocrx_word' id='word_1_376' title='bbox 1888 3314 2173 3382; x_wconf 64' lang='lat' dir='ltr'><strong>Africante,</strong></span> 
     </span>
    </p>
   </div>
   <div class='ocr_carea' id='block_1_52' title="bbox 600 3398 2175 3471">
    <p class='ocr_par' dir='ltr' id='par_1_52' title="bbox 600 3398 2175 3471">
     <span class='ocr_line' id='line_1_52' title="bbox 600 3398 2175 3471; baseline 0.005 -19"><span class='ocrx_word' id='word_1_377' title='bbox 600 3413 723 3453; x_wconf 85' lang='lat' dir='ltr'><strong>ean.</strong></span> <span class='ocrx_word' id='word_1_378' title='bbox 756 3398 876 3453; x_wconf 67' lang='grc' dir='ltr'><strong>ηδ.</strong></span> <span class='ocrx_word' id='word_1_379' title='bbox 934 3398 1234 3455; x_wconf 81' lang='lat' dir='ltr'><strong>Concilium</strong></span> <span class='ocrx_word' id='word_1_380' title='bbox 1258 3400 1586 3471; x_wconf 77' lang='lat' dir='ltr'><strong>Agathense,</strong></span> <span class='ocrx_word' id='word_1_381' title='bbox 1617 3418 1739 3457; x_wconf 89' lang='lat' dir='ltr'><strong>can.</strong></span> <span class='ocrx_word' id='word_1_382' title='bbox 1765 3404 1832 3459; x_wconf 79' lang='lat' dir='ltr'><strong>l9</strong></span> <span class='ocrx_word' id='word_1_383' title='bbox 1861 3416 1874 3457; x_wconf 85' lang='lat'><strong>:</strong></span> <span class='ocrx_word' id='word_1_384' title='bbox 1916 3424 1935 3456; x_wconf 77' lang='grc' dir='ltr'><strong><em>ι</em></strong></span> <span class='ocrx_word' id='word_1_385' title='bbox 1957 3403 2175 3461; x_wconf 87' lang='lat' dir='ltr'><strong>Sancti-</strong></span> 
     </span>
    </p>
   </div>
   <div class='ocr_carea' id='block_1_53' title="bbox 599 3489 2175 3565">
    <p class='ocr_par' dir='ltr' id='par_1_53' title="bbox 599 3489 2175 3565">
     <span class='ocr_line' id='line_1_53' title="bbox 599 3489 2175 3565; baseline 0.006 -23"><span class='ocrx_word' id='word_1_386' title='bbox 599 3489 885 3553; x_wconf 89' lang='lat' dir='ltr'><strong>moniales,</strong></span> <span class='ocrx_word' id='word_1_387' title='bbox 941 3489 1235 3559; x_wconf 85' lang='lat' dir='ltr'><strong>quamlibet</strong></span> <span class='ocrx_word' id='word_1_388' title='bbox 1278 3492 1389 3545; x_wconf 84' lang='lat' dir='ltr'><strong>vita</strong></span> <span class='ocrx_word' id='word_1_389' title='bbox 1417 3508 1605 3548; x_wconf 85' lang='lat' dir='ltr'><strong>earum</strong></span> <span class='ocrx_word' id='word_1_390' title='bbox 1642 3501 1695 3547; x_wconf 88' lang='lat' dir='ltr'><strong>et</strong></span> <span class='ocrx_word' id='word_1_391' title='bbox 1742 3510 1921 3549; x_wconf 86' lang='lat' dir='ltr'><strong>mores</strong></span> <span class='ocrx_word' id='word_1_392' title='bbox 1963 3496 2175 3565; x_wconf 88' lang='lat' dir='ltr'><strong>probati</strong></span> 
     </span>
    </p>
   </div>
   <div class='ocr_carea' id='block_1_54' title="bbox 604 3576 2170 3654">
    <p class='ocr_par' dir='ltr' id='par_1_54' title="bbox 604 3576 2170 3654">
     <span class='ocr_line' id='line_1_54' title="bbox 604 3576 2170 3654; baseline 0.004 -20"><span class='ocrx_word' id='word_1_393' title='bbox 604 3576 736 3644; x_wconf 90' lang='lat' dir='ltr'><strong>sint,</strong></span> <span class='ocrx_word' id='word_1_394' title='bbox 770 3587 894 3633; x_wconf 89' lang='lat' dir='ltr'><strong>ante</strong></span> <span class='ocrx_word' id='word_1_395' title='bbox 908 3595 1106 3634; x_wconf 90' lang='lat' dir='ltr'><strong>annum</strong></span> <span class='ocrx_word' id='word_1_396' title='bbox 1132 3581 1305 3636; x_wconf 66' lang='lat' dir='ltr'><strong>artatis</strong></span> <span class='ocrx_word' id='word_1_397' title='bbox 1330 3598 1441 3637; x_wconf 72' lang='lat' dir='ltr'><strong>suze</strong></span> <span class='ocrx_word' id='word_1_398' title='bbox 1461 3583 1931 3654; x_wconf 83' lang='lat' dir='ltr'><strong>quadragesimum</strong></span> <span class='ocrx_word' id='word_1_399' title='bbox 1960 3600 2063 3642; x_wconf 73' lang='lat' dir='ltr'><strong>non</strong></span> <span class='ocrx_word' id='word_1_400' title='bbox 2093 3603 2170 3641; x_wconf 85' lang='lat' dir='ltr'><strong>ve-</strong></span> 
     </span>
    </p>
   </div>
   <div class='ocr_carea' id='block_1_55' title="bbox 599 3653 2172 3744">
    <p class='ocr_par' dir='ltr' id='par_1_55' title="bbox 599 3653 2172 3744">
     <span class='ocr_line' id='line_1_55' title="bbox 599 3653 2172 3744; baseline 0.005 -22"><span class='ocrx_word' id='word_1_401' title='bbox 599 3665 798 3722; x_wconf 89' lang='lat' dir='ltr'><strong>lentur.</strong></span> <span class='ocrx_word' id='word_1_402' title='bbox 835 3689 854 3720; x_wconf 69' lang='grc' dir='ltr'><strong>ο</strong></span> <span class='ocrx_word' id='word_1_403' title='bbox 891 3668 1120 3723; x_wconf 88' lang='lat' dir='ltr'><strong>Sanctus</strong></span> <span class='ocrx_word' id='word_1_404' title='bbox 1141 3668 1434 3740; x_wconf 86' lang='lat' dir='ltr'><strong>Gregorius</strong></span> <span class='ocrx_word' id='word_1_405' title='bbox 1462 3671 1515 3725; x_wconf 91' lang='lat' dir='ltr'><strong>in</strong></span> <span class='ocrx_word' id='word_1_406' title='bbox 1540 3653 1730 3738; x_wconf 66' lang='lat' dir='ltr'><strong>liBJn,</strong></span> <span class='ocrx_word' id='word_1_407' title='bbox 1763 3690 1845 3744; x_wconf 89' lang='lat' dir='ltr'><strong>ep.</strong></span> <span class='ocrx_word' id='word_1_408' title='bbox 1878 3676 1971 3729; x_wconf 70' lang='lat' dir='ltr'><strong>Il:</strong></span> <span class='ocrx_word' id='word_1_409' title='bbox 2002 3696 2020 3726; x_wconf 74' lang='grc' dir='ltr'>ι</span> <span class='ocrx_word' id='word_1_410' title='bbox 2048 3675 2172 3730; x_wconf 82' lang='lat' dir='ltr'><strong>Nul-</strong></span> 
     </span>
    </p>
   </div>
   <div class='ocr_carea' id='block_1_56' title="bbox 601 3754 2177 3835">
    <p class='ocr_par' dir='ltr' id='par_1_56' title="bbox 601 3754 2177 3835">
     <span class='ocr_line' id='line_1_56' title="bbox 601 3754 2177 3835; baseline 0.006 -25"><span class='ocrx_word' id='word_1_411' title='bbox 601 3754 712 3811; x_wconf 87' lang='lat' dir='ltr'><strong>lam</strong></span> <span class='ocrx_word' id='word_1_412' title='bbox 738 3757 903 3828; x_wconf 84' lang='lat' dir='ltr'><strong>igitur</strong></span> <span class='ocrx_word' id='word_1_413' title='bbox 936 3757 1244 3813; x_wconf 86' lang='lat' dir='ltr'><strong>fraternitas</strong></span> <span class='ocrx_word' id='word_1_414' title='bbox 1268 3768 1377 3825; x_wconf 88' lang='lat' dir='ltr'><strong>tua,</strong></span> <span class='ocrx_word' id='word_1_415' title='bbox 1423 3761 1529 3815; x_wconf 89' lang='lat' dir='ltr'><strong>nisi</strong></span> <span class='ocrx_word' id='word_1_416' title='bbox 1568 3776 1971 3833; x_wconf 74' lang='lat' dir='ltr'><strong>sexagenariam</strong></span> <span class='ocrx_word' id='word_1_417' title='bbox 2006 3764 2177 3835; x_wconf 83' lang='lat' dir='ltr'><strong>virgi-</strong></span> 
     </span>
    </p>
   </div>
   <div class='ocr_carea' id='block_1_57' title="bbox 600 3846 2175 3923">
    <p class='ocr_par' dir='ltr' id='par_1_57' title="bbox 600 3846 2175 3923">
     <span class='ocr_line' id='line_1_57' title="bbox 600 3846 2175 3923; baseline 0.007 -24"><span class='ocrx_word' id='word_1_418' title='bbox 600 3858 749 3909; x_wconf 85' lang='lat' dir='ltr'><strong>nem,</strong></span> <span class='ocrx_word' id='word_1_419' title='bbox 780 3846 935 3914; x_wconf 88' lang='lat' dir='ltr'><strong>cujus</strong></span> <span class='ocrx_word' id='word_1_420' title='bbox 962 3854 1091 3901; x_wconf 66' lang='lat' dir='ltr'><strong>actas</strong></span> <span class='ocrx_word' id='word_1_421' title='bbox 1133 3847 1235 3901; x_wconf 87' lang='lat' dir='ltr'><strong>hoc</strong></span> <span class='ocrx_word' id='word_1_422' title='bbox 1262 3856 1422 3917; x_wconf 87' lang='lat' dir='ltr'><strong>atque</strong></span> <span class='ocrx_word' id='word_1_423' title='bbox 1451 3865 1631 3905; x_wconf 87' lang='lat' dir='ltr'><strong>mores</strong></span> <span class='ocrx_word' id='word_1_424' title='bbox 1671 3854 1969 3923; x_wconf 83' lang='lat' dir='ltr'><strong>exegerint,</strong></span> <span class='ocrx_word' id='word_1_425' title='bbox 2008 3853 2175 3910; x_wconf 87' lang='lat' dir='ltr'><strong>velari</strong></span> 
     </span>
    </p>
   </div>
   <div class='ocr_carea' id='block_1_58' title="bbox 598 3934 2177 4016">
    <p class='ocr_par' dir='ltr' id='par_1_58' title="bbox 598 3934 2177 4016">
     <span class='ocr_line' id='line_1_58' title="bbox 598 3934 2177 4016; baseline 0.008 -30"><span class='ocrx_word' id='word_1_426' title='bbox 598 3934 895 4003; x_wconf 83' lang='lat' dir='ltr'><strong>permittat.</strong></span> <span class='ocrx_word' id='word_1_427' title='bbox 933 3954 951 3986; x_wconf 79' lang='grc' dir='ltr'><strong><em>ι</em></strong></span> <span class='ocrx_word' id='word_1_428' title='bbox 988 3935 1280 4004; x_wconf 65' lang='grc' dir='ltr'><strong>Εςοειιιίὺυε</strong></span> <span class='ocrx_word' id='word_1_429' title='bbox 1299 3938 1553 3994; x_wconf 87' lang='lat' dir='ltr'><strong>omnibus</strong></span> <span class='ocrx_word' id='word_1_430' title='bbox 1571 3941 1854 3997; x_wconf 86' lang='lat' dir='ltr'><strong>manifeste</strong></span> <span class='ocrx_word' id='word_1_431' title='bbox 1878 3939 2053 4014; x_wconf 87' lang='lat' dir='ltr'><strong>colligi</strong></span> <span class='ocrx_word' id='word_1_432' title='bbox 2079 3958 2177 4016; x_wconf 88' lang='lat' dir='ltr'><strong>po-</strong></span> 
     </span>
    </p>
   </div>
   <div class='ocr_carea' id='block_1_59' title="bbox 601 4019 2177 4096">
    <p class='ocr_par' dir='ltr' id='par_1_59' title="bbox 601 4019 2177 4096">
     <span class='ocr_line' id='line_1_59' title="bbox 601 4019 2177 4096; baseline 0.01 -23"><span class='ocrx_word' id='word_1_433' title='bbox 601 4027 708 4074; x_wconf 89' lang='lat' dir='ltr'><strong>test</strong></span> <span class='ocrx_word' id='word_1_434' title='bbox 731 4020 797 4073; x_wconf 89' lang='lat' dir='ltr'><strong>de</strong></span> <span class='ocrx_word' id='word_1_435' title='bbox 823 4019 1124 4089; x_wconf 66' lang='lat' dir='ltr'><strong>liujuSmodi</strong></span> <span class='ocrx_word' id='word_1_436' title='bbox 1150 4026 1309 4081; x_wconf 86' lang='lat' dir='ltr'><strong>rebus</strong></span> <span class='ocrx_word' id='word_1_437' title='bbox 1336 4042 1434 4096; x_wconf 91' lang='lat' dir='ltr'><strong>pro</strong></span> <span class='ocrx_word' id='word_1_438' title='bbox 1446 4029 1614 4084; x_wconf 74' lang='lat' dir='ltr'><strong>Variis</strong></span> <span class='ocrx_word' id='word_1_439' title='bbox 1639 4029 2062 4087; x_wconf 88' lang='lat' dir='ltr'><strong>circumstantiis</strong></span> <span class='ocrx_word' id='word_1_440' title='bbox 2092 4049 2177 4089; x_wconf 85' lang='lat' dir='ltr'><strong>re-</strong></span> 
     </span>
    </p>
   </div>
   <div class='ocr_carea' id='block_1_60' title="bbox 603 4110 2176 4181">
    <p class='ocr_par' dir='ltr' id='par_1_60' title="bbox 603 4110 2176 4181">
     <span class='ocr_line' id='line_1_60' title="bbox 603 4110 2176 4181; baseline 0.01 -18"><span class='ocrx_word' id='word_1_441' title='bbox 603 4110 791 4180; x_wconf 80' lang='lat' dir='ltr'><strong>ligiose</strong></span> <span class='ocrx_word' id='word_1_442' title='bbox 826 4111 1341 4181; x_wconf 82' lang='lat' dir='ltr'><strong>cssejudicandum;</strong></span> <span class='ocrx_word' id='word_1_443' title='bbox 1405 4127 1462 4172; x_wconf 71' lang='lat' dir='ltr'><strong>et</strong></span> <span class='ocrx_word' id='word_1_444' title='bbox 1487 4118 1719 4175; x_wconf 83' lang='lat' dir='ltr'><strong>maxime</strong></span> <span class='ocrx_word' id='word_1_445' title='bbox 1758 4122 2057 4177; x_wconf 88' lang='lat' dir='ltr'><strong>cavendum</strong></span> <span class='ocrx_word' id='word_1_446' title='bbox 2107 4134 2176 4179; x_wconf 83' lang='lat' dir='ltr'><strong>ne</strong></span> 
     </span>
    </p>
   </div>
   <div class='ocr_carea' id='block_1_61' title="bbox 604 4202 2174 4285">
    <p class='ocr_par' dir='ltr' id='par_1_61' title="bbox 604 4202 2174 4285">
     <span class='ocr_line' id='line_1_61' title="bbox 604 4202 2174 4285; baseline 0.011 -29"><span class='ocrx_word' id='word_1_447' title='bbox 604 4202 880 4259; x_wconf 67' lang='lat' dir='ltr'><strong>infantulae</strong></span> <span class='ocrx_word' id='word_1_448' title='bbox 905 4206 1082 4260; x_wconf 68' lang='lat' dir='ltr'><strong>aetatis</strong></span> <span class='ocrx_word' id='word_1_449' title='bbox 1115 4207 1361 4276; x_wconf 69' lang='lat' dir='ltr'><strong>puellula:</strong></span> <span class='ocrx_word' id='word_1_450' title='bbox 1412 4211 1679 4279; x_wconf 88' lang='lat' dir='ltr'><strong>velentur,</strong></span> <span class='ocrx_word' id='word_1_451' title='bbox 1734 4218 2024 4285; x_wconf 85' lang='lat' dir='ltr'><strong>antequam</strong></span> <span class='ocrx_word' id='word_1_452' title='bbox 2071 4218 2174 4273; x_wconf 73' lang='lat' dir='ltr'><strong>illm</strong></span> 
     </span>
    </p>
   </div>
   <div class='ocr_carea' id='block_1_62' title="bbox 604 4294 2170 4381">
    <p class='ocr_par' dir='ltr' id='par_1_62' title="bbox 604 4294 2170 4381">
     <span class='ocr_line' id='line_1_62' title="bbox 604 4294 2170 4381; baseline 0.01 -33"><span class='ocrx_word' id='word_1_453' title='bbox 604 4294 802 4365; x_wconf 83' lang='lat' dir='ltr'><strong>eligere</strong></span> <span class='ocrx_word' id='word_1_454' title='bbox 826 4296 998 4353; x_wconf 90' lang='lat' dir='ltr'><strong>sciant</strong></span> <span class='ocrx_word' id='word_1_455' title='bbox 1027 4298 1156 4368; x_wconf 87' lang='lat' dir='ltr'><strong>quid</strong></span> <span class='ocrx_word' id='word_1_456' title='bbox 1180 4299 1362 4366; x_wconf 87' lang='lat' dir='ltr'><strong>velint,</strong></span> <span class='ocrx_word' id='word_1_457' title='bbox 1391 4312 1451 4358; x_wconf 89' lang='lat' dir='ltr'><strong>ut</strong></span> <span class='ocrx_word' id='word_1_458' title='bbox 1475 4304 1980 4375; x_wconf 67' lang='lat' dir='ltr'><strong>praecipiuntCaroli</strong></span> <span class='ocrx_word' id='word_1_459' title='bbox 1995 4303 2170 4381; x_wconf 78' lang='lat' dir='ltr'><strong>Magni</strong></span> 
     </span>
    </p>
   </div>
   <div class='ocr_carea' id='block_1_63' title="bbox 2284 1859 3857 1934">
    <p class='ocr_par' dir='ltr' id='par_1_63' title="bbox 2284 1859 3857 1934">
     <span class='ocr_line' id='line_1_63' title="bbox 2284 1859 3857 1934; baseline 0.004 -23"><span class='ocrx_word' id='word_1_460' title='bbox 2284 1859 2359 1912; x_wconf 90' lang='lat' dir='ltr'><strong>ris</strong></span> <span class='ocrx_word' id='word_1_461' title='bbox 2389 1859 2488 1913; x_wconf 86' lang='lat' dir='ltr'><strong>vir.</strong></span> <span class='ocrx_word' id='word_1_462' title='bbox 2522 1859 2627 1915; x_wconf 88' lang='lat' dir='ltr'><strong>Sed</strong></span> <span class='ocrx_word' id='word_1_463' title='bbox 2653 1860 2973 1929; x_wconf 87' lang='lat' dir='ltr'><strong>requirenda</strong></span> <span class='ocrx_word' id='word_1_464' title='bbox 2995 1870 3078 1914; x_wconf 86' lang='lat' dir='ltr'><strong>est</strong></span> <span class='ocrx_word' id='word_1_465' title='bbox 3103 1875 3133 1913; x_wconf 87' lang='lat' dir='ltr'><strong>a</strong></span> <span class='ocrx_word' id='word_1_466' title='bbox 3157 1870 3312 1930; x_wconf 90' lang='lat' dir='ltr'><strong>patre</strong></span> <span class='ocrx_word' id='word_1_467' title='bbox 3342 1861 3591 1917; x_wconf 83' lang='lat' dir='ltr'><strong>voluntas</strong></span> <span class='ocrx_word' id='word_1_468' title='bbox 3614 1863 3857 1934; x_wconf 85' lang='lat' dir='ltr'><strong>virginis,</strong></span> 
     </span>
    </p>
   </div>
   <div class='ocr_carea' id='block_1_64' title="bbox 2281 1948 3851 2022">
    <p class='ocr_par' dir='ltr' id='par_1_64' title="bbox 2281 1948 3851 2022">
     <span class='ocr_line' id='line_1_64' title="bbox 2281 1948 3851 2022; baseline 0.003 -18"><span class='ocrx_word' id='word_1_469' title='bbox 2281 1950 2408 2005; x_wconf 90' lang='lat' dir='ltr'><strong>dum</strong></span> <span class='ocrx_word' id='word_1_470' title='bbox 2433 1951 2575 2007; x_wconf 83' lang='lat' dir='ltr'><strong>Deus</strong></span> <span class='ocrx_word' id='word_1_471' title='bbox 2614 1951 2830 2022; x_wconf 87' lang='lat' dir='ltr'><strong>reliquit</strong></span> <span class='ocrx_word' id='word_1_472' title='bbox 2852 1948 3123 2007; x_wconf 85' lang='lat' dir='ltr'><strong>hominem</strong></span> <span class='ocrx_word' id='word_1_473' title='bbox 3151 1954 3205 2007; x_wconf 81' lang='lat' dir='ltr'><strong>in</strong></span> <span class='ocrx_word' id='word_1_474' title='bbox 3238 1967 3401 2009; x_wconf 87' lang='lat' dir='ltr'><strong>manu</strong></span> <span class='ocrx_word' id='word_1_475' title='bbox 3423 1954 3636 2011; x_wconf 82' lang='lat' dir='ltr'><strong>consilii</strong></span> <span class='ocrx_word' id='word_1_476' title='bbox 3663 1957 3771 2011; x_wconf 86' lang='lat' dir='ltr'><strong>sui.</strong></span> <span class='ocrx_word' id='word_1_477' title='bbox 3833 1977 3851 2009; x_wconf 76' lang='grc' dir='ltr'><strong><em>ι</em></strong></span> 
     </span>
    </p>
   </div>
   <div class='ocr_carea' id='block_1_65' title="bbox 2873 2060 3250 2118">
    <p class='ocr_par' dir='ltr' id='par_1_65' title="bbox 2873 2060 3250 2118">
     <span class='ocr_line' id='line_1_65' title="bbox 2873 2060 3250 2118; baseline 0.003 -1"><span class='ocrx_word' id='word_1_478' title='bbox 2873 2060 3101 2118; x_wconf 87' lang='lat' dir='ltr'><strong>CAPUT</strong></span> <span class='ocrx_word' id='word_1_479' title='bbox 3136 2063 3250 2118; x_wconf 80' lang='lat' dir='ltr'><strong>XII.</strong></span> 
     </span>
    </p>
   </div>
   <div class='ocr_carea' id='block_1_66' title="bbox 2774 2129 3363 2198">
    <p class='ocr_par' dir='ltr' id='par_1_66' title="bbox 2774 2129 3363 2198">
     <span class='ocr_line' id='line_1_66' title="bbox 2774 2129 3363 2198; baseline 0.003 -12"><span class='ocrx_word' id='word_1_480' title='bbox 2774 2129 2853 2186; x_wconf 84' lang='lat' dir='ltr'><strong>De</strong></span> <span class='ocrx_word' id='word_1_481' title='bbox 2873 2134 3032 2188; x_wconf 72' lang='lat' dir='ltr'><strong>servis</strong></span> <span class='ocrx_word' id='word_1_482' title='bbox 3054 2143 3102 2186; x_wconf 83' lang='lat' dir='ltr'><strong>et</strong></span> <span class='ocrx_word' id='word_1_483' title='bbox 3134 2133 3363 2198; x_wconf 77' lang='lat' dir='ltr'><strong>ancillis,</strong></span> 
     </span>
    </p>
   </div>
   <div class='ocr_carea' id='block_1_67' title="bbox 2355 2208 3844 2294">
    <p class='ocr_par' dir='ltr' id='par_1_67' title="bbox 2355 2208 3844 2294">
     <span class='ocr_line' id='line_1_67' title="bbox 2355 2208 3844 2294; baseline 0.003 -20"><span class='ocrx_word' id='word_1_484' title='bbox 2355 2218 2537 2275; x_wconf 87' lang='lat' dir='ltr'><strong>Sinon</strong></span> <span class='ocrx_word' id='word_1_485' title='bbox 2563 2228 2727 2291; x_wconf 79' lang='lat' dir='ltr'><strong>potest</strong></span> <span class='ocrx_word' id='word_1_486' title='bbox 2774 2208 2960 2277; x_wconf 62' lang='lat' dir='ltr'><strong>rédimi</strong></span> <span class='ocrx_word' id='word_1_487' title='bbox 3002 2239 3119 2294; x_wconf 79' lang='lat' dir='ltr'><strong>qua-</strong></span> <span class='ocrx_word' id='word_1_488' title='bbox 3158 2225 3212 2277; x_wconf 87' lang='lat' dir='ltr'><strong>in</strong></span> <span class='ocrx_word' id='word_1_489' title='bbox 3238 2225 3442 2278; x_wconf 67' lang='lat' dir='ltr'><strong>servitio</strong></span> <span class='ocrx_word' id='word_1_490' title='bbox 3475 2233 3569 2289; x_wconf 74' lang='lat' dir='ltr'><strong>est,</strong></span> <span class='ocrx_word' id='word_1_491' title='bbox 3591 2223 3751 2279; x_wconf 80' lang='lat' dir='ltr'><strong>libero</strong></span> <span class='ocrx_word' id='word_1_492' title='bbox 3775 2226 3844 2279; x_wconf 79' lang='lat' dir='ltr'><strong>li-</strong></span> 
     </span>
    </p>
   </div>
   <div class='ocr_carea' id='block_1_68' title="bbox 2281 2312 3854 2383">
    <p class='ocr_par' dir='ltr' id='par_1_68' title="bbox 2281 2312 3854 2383">
     <span class='ocr_line' id='line_1_68' title="bbox 2281 2312 3854 2383; baseline 0.004 -19"><span class='ocrx_word' id='word_1_493' title='bbox 2281 2319 2359 2365; x_wconf 81' lang='lat' dir='ltr'><strong>cet</strong></span> <span class='ocrx_word' id='word_1_494' title='bbox 2389 2312 2671 2381; x_wconf 77' lang='lat' dir='ltr'><strong>ingenuam</strong></span> <span class='ocrx_word' id='word_1_495' title='bbox 2705 2313 3037 2383; x_wconf 80' lang='lat' dir='ltr'><strong>conjungere.</strong></span> <span class='ocrx_word' id='word_1_496' title='bbox 3067 2312 3273 2369; x_wconf 88' lang='lat' dir='ltr'><strong>Concil.</strong></span> <span class='ocrx_word' id='word_1_497' title='bbox 3306 2315 3701 2380; x_wconf 80' lang='lat' dir='ltr'><strong>Vermeriense,</strong></span> <span class='ocrx_word' id='word_1_498' title='bbox 3727 2331 3854 2370; x_wconf 84' lang='lat' dir='ltr'><strong>can.</strong></span> 
     </span>
    </p>
   </div>
   <div class='ocr_carea' id='block_1_69' title="bbox 2281 2393 3862 2472">
    <p class='ocr_par' dir='ltr' id='par_1_69' title="bbox 2281 2393 3862 2472">
     <span class='ocr_line' id='line_1_69' title="bbox 2281 2393 3862 2472; baseline 0.002 -15"><span class='ocrx_word' id='word_1_499' title='bbox 2281 2403 2315 2457; x_wconf 86' lang='lat'><strong>6</strong></span> <span class='ocrx_word' id='word_1_500' title='bbox 2349 2422 2361 2456; x_wconf 91' lang='lat'>:</span> <span class='ocrx_word' id='word_1_501' title='bbox 2393 2420 2412 2454; x_wconf 71' lang='grc' dir='ltr'>ί</span> <span class='ocrx_word' id='word_1_502' title='bbox 2457 2402 2516 2457; x_wconf 91' lang='lat' dir='ltr'><strong>Si</strong></span> <span class='ocrx_word' id='word_1_503' title='bbox 2542 2402 2663 2471; x_wconf 91' lang='lat' dir='ltr'><strong>quis</strong></span> <span class='ocrx_word' id='word_1_504' title='bbox 2699 2393 2965 2472; x_wconf 69' lang='lat' dir='ltr'><strong>ingenuus</strong></span> <span class='ocrx_word' id='word_1_505' title='bbox 3004 2405 3166 2459; x_wconf 85' lang='lat' dir='ltr'><strong>homo</strong></span> <span class='ocrx_word' id='word_1_506' title='bbox 3188 2404 3441 2461; x_wconf 87' lang='lat' dir='ltr'><strong>ancillam</strong></span> <span class='ocrx_word' id='word_1_507' title='bbox 3490 2420 3721 2459; x_wconf 77' lang='lat' dir='ltr'><strong>uxorem</strong></span> <span class='ocrx_word' id='word_1_508' title='bbox 3777 2421 3862 2460; x_wconf 83' lang='lat' dir='ltr'><strong>ac-</strong></span> 
     </span>
    </p>
   </div>
   <div class='ocr_carea' id='block_1_70' title="bbox 2280 2485 3864 2566">
    <p class='ocr_par' dir='ltr' id='par_1_70' title="bbox 2280 2485 3864 2566">
     <span class='ocr_line' id='line_1_70' title="bbox 2280 2485 3864 2566; baseline 0.001 -17"><span class='ocrx_word' id='word_1_509' title='bbox 2280 2495 2485 2564; x_wconf 90' lang='lat' dir='ltr'><strong>ceperit</strong></span> <span class='ocrx_word' id='word_1_510' title='bbox 2524 2509 2624 2563; x_wconf 92' lang='lat' dir='ltr'><strong>pro</strong></span> <span class='ocrx_word' id='word_1_511' title='bbox 2680 2495 2931 2565; x_wconf 84' lang='lat' dir='ltr'><strong>ingenua,</strong></span> <span class='ocrx_word' id='word_1_512' title='bbox 2980 2485 3029 2550; x_wconf 86' lang='lat' dir='ltr'><strong>si</strong></span> <span class='ocrx_word' id='word_1_513' title='bbox 3062 2496 3178 2566; x_wconf 88' lang='lat' dir='ltr'><strong>ipsa</strong></span> <span class='ocrx_word' id='word_1_514' title='bbox 3227 2495 3426 2552; x_wconf 90' lang='lat' dir='ltr'><strong>femina</strong></span> <span class='ocrx_word' id='word_1_515' title='bbox 3471 2504 3665 2566; x_wconf 88' lang='lat' dir='ltr'><strong>postea</strong></span> <span class='ocrx_word' id='word_1_516' title='bbox 3700 2496 3864 2551; x_wconf 86' lang='lat' dir='ltr'><strong>fuerit</strong></span> 
     </span>
    </p>
   </div>
   <div class='ocr_carea' id='block_1_71' title="bbox 2281 2584 3865 2654">
    <p class='ocr_par' dir='ltr' id='par_1_71' title="bbox 2281 2584 3865 2654">
     <span class='ocr_line' id='line_1_71' title="bbox 2281 2584 3865 2654; baseline 0 -15"><span class='ocrx_word' id='word_1_517' title='bbox 2281 2584 2560 2649; x_wconf 85' lang='lat' dir='ltr'><strong>inservita,</strong></span> <span class='ocrx_word' id='word_1_518' title='bbox 2616 2585 2660 2639; x_wconf 89' lang='lat' dir='ltr'><strong>si</strong></span> <span class='ocrx_word' id='word_1_519' title='bbox 2705 2586 2895 2639; x_wconf 81' lang='lat' dir='ltr'><strong>redimi</strong></span> <span class='ocrx_word' id='word_1_520' title='bbox 2924 2601 3031 2640; x_wconf 90' lang='lat' dir='ltr'><strong>non</strong></span> <span class='ocrx_word' id='word_1_521' title='bbox 3071 2594 3271 2654; x_wconf 86' lang='lat' dir='ltr'><strong>potest,</strong></span> <span class='ocrx_word' id='word_1_522' title='bbox 3317 2587 3365 2641; x_wconf 91' lang='lat' dir='ltr'><strong>si</strong></span> <span class='ocrx_word' id='word_1_523' title='bbox 3388 2588 3465 2641; x_wconf 85' lang='lat' dir='ltr'><strong>ita</strong></span> <span class='ocrx_word' id='word_1_524' title='bbox 3512 2586 3775 2650; x_wconf 86' lang='lat' dir='ltr'><strong>voluerit,</strong></span> <span class='ocrx_word' id='word_1_525' title='bbox 3803 2587 3865 2640; x_wconf 73' lang='lat' dir='ltr'><strong>li~</strong></span> 
     </span>
    </p>
   </div>
   <div class='ocr_carea' id='block_1_72' title="bbox 2280 2673 3856 2747">
    <p class='ocr_par' dir='ltr' id='par_1_72' title="bbox 2280 2673 3856 2747">
     <span class='ocr_line' id='line_1_72' title="bbox 2280 2673 3856 2747; baseline 0.002 -19"><span class='ocrx_word' id='word_1_526' title='bbox 2280 2681 2399 2728; x_wconf 83' lang='lat' dir='ltr'><strong>ceat</strong></span> <span class='ocrx_word' id='word_1_527' title='bbox 2421 2674 2471 2728; x_wconf 92' lang='lat' dir='ltr'><strong>ei</strong></span> <span class='ocrx_word' id='word_1_528' title='bbox 2520 2673 2680 2728; x_wconf 88' lang='lat' dir='ltr'><strong>aliam</strong></span> <span class='ocrx_word' id='word_1_529' title='bbox 2734 2676 2995 2745; x_wconf 90' lang='lat' dir='ltr'><strong>accipere.</strong></span> <span class='ocrx_word' id='word_1_530' title='bbox 3042 2675 3304 2731; x_wconf 85' lang='lat' dir='ltr'><strong>Similiter</strong></span> <span class='ocrx_word' id='word_1_531' title='bbox 3347 2684 3403 2731; x_wconf 91' lang='lat' dir='ltr'><strong>et</strong></span> <span class='ocrx_word' id='word_1_532' title='bbox 3456 2676 3659 2731; x_wconf 90' lang='lat' dir='ltr'><strong>mulier</strong></span> <span class='ocrx_word' id='word_1_533' title='bbox 3709 2677 3856 2747; x_wconf 86' lang='lat' dir='ltr'><strong>inge-</strong></span> 
     </span>
    </p>
   </div>
   <div class='ocr_carea' id='block_1_73' title="bbox 2280 2764 3864 2840">
    <p class='ocr_par' dir='ltr' id='par_1_73' title="bbox 2280 2764 3864 2840">
     <span class='ocr_line' id='line_1_73' title="bbox 2280 2764 3864 2840; baseline 0.005 -23"><span class='ocrx_word' id='word_1_534' title='bbox 2280 2779 2386 2818; x_wconf 88' lang='lat' dir='ltr'><strong>nua</strong></span> <span class='ocrx_word' id='word_1_535' title='bbox 2414 2764 2459 2819; x_wconf 91' lang='lat' dir='ltr'><strong>si</strong></span> <span class='ocrx_word' id='word_1_536' title='bbox 2485 2780 2701 2820; x_wconf 86' lang='lat' dir='ltr'><strong>servum</strong></span> <span class='ocrx_word' id='word_1_537' title='bbox 2726 2767 2956 2837; x_wconf 91' lang='lat' dir='ltr'><strong>accipiat</strong></span> <span class='ocrx_word' id='word_1_538' title='bbox 2977 2782 3077 2837; x_wconf 86' lang='lat' dir='ltr'><strong>pro</strong></span> <span class='ocrx_word' id='word_1_539' title='bbox 3116 2769 3370 2840; x_wconf 88' lang='lat' dir='ltr'><strong>ingenuo,</strong></span> <span class='ocrx_word' id='word_1_540' title='bbox 3417 2779 3475 2824; x_wconf 92' lang='lat' dir='ltr'><strong>et</strong></span> <span class='ocrx_word' id='word_1_541' title='bbox 3520 2781 3721 2840; x_wconf 77' lang='lat' dir='ltr'><strong>postea</strong></span> <span class='ocrx_word' id='word_1_542' title='bbox 3768 2786 3864 2840; x_wconf 88' lang='lat' dir='ltr'><strong>pro</strong></span> 
     </span>
    </p>
   </div>
   <div class='ocr_carea' id='block_1_74' title="bbox 2281 2855 3864 2932">
    <p class='ocr_par' dir='ltr' id='par_1_74' title="bbox 2281 2855 3864 2932">
     <span class='ocr_line' id='line_1_74' title="bbox 2281 2855 3864 2932; baseline 0.004 -23"><span class='ocrx_word' id='word_1_543' title='bbox 2281 2855 2641 2926; x_wconf 86' lang='lat' dir='ltr'><strong>qualicunque</strong></span> <span class='ocrx_word' id='word_1_544' title='bbox 2687 2872 2851 2912; x_wconf 89' lang='lat' dir='ltr'><strong>causa</strong></span> <span class='ocrx_word' id='word_1_545' title='bbox 2878 2858 3169 2914; x_wconf 87' lang='lat' dir='ltr'><strong>inservitus</strong></span> <span class='ocrx_word' id='word_1_546' title='bbox 3212 2858 3415 2925; x_wconf 77' lang='lat' dir='ltr'><strong>fuerit;</strong></span> <span class='ocrx_word' id='word_1_547' title='bbox 3464 2862 3575 2916; x_wconf 88' lang='lat' dir='ltr'><strong>nisi</strong></span> <span class='ocrx_word' id='word_1_548' title='bbox 3614 2875 3722 2932; x_wconf 84' lang='lat' dir='ltr'><strong>pro</strong></span> <span class='ocrx_word' id='word_1_549' title='bbox 3751 2862 3864 2915; x_wconf 85' lang='lat' dir='ltr'><strong>ino-</strong></span> 
     </span>
    </p>
   </div>
   <div class='ocr_carea' id='block_1_75' title="bbox 2278 2947 3866 3023">
    <p class='ocr_par' dir='ltr' id='par_1_75' title="bbox 2278 2947 3866 3023">
     <span class='ocr_line' id='line_1_75' title="bbox 2278 2947 3866 3023; baseline 0.005 -22"><span class='ocrx_word' id='word_1_550' title='bbox 2278 2948 2385 3018; x_wconf 85' lang='lat' dir='ltr'><strong>pia,</strong></span> <span class='ocrx_word' id='word_1_551' title='bbox 2419 2947 2560 3004; x_wconf 88' lang='lat' dir='ltr'><strong>fame</strong></span> <span class='ocrx_word' id='word_1_552' title='bbox 2605 2958 2854 3020; x_wconf 86' lang='lat' dir='ltr'><strong>cogente,</strong></span> <span class='ocrx_word' id='word_1_553' title='bbox 2905 2952 3310 3017; x_wconf 76' lang='lat' dir='ltr'><strong>sevendiderit,</strong></span> <span class='ocrx_word' id='word_1_554' title='bbox 3362 2961 3418 3007; x_wconf 90' lang='lat' dir='ltr'><strong>et</strong></span> <span class='ocrx_word' id='word_1_555' title='bbox 3440 2953 3561 3023; x_wconf 83' lang='lat' dir='ltr'><strong>ipsa</strong></span> <span class='ocrx_word' id='word_1_556' title='bbox 3612 2956 3723 3009; x_wconf 88' lang='lat' dir='ltr'><strong>hoc</strong></span> <span class='ocrx_word' id='word_1_557' title='bbox 3746 2969 3866 3009; x_wconf 80' lang='lat' dir='ltr'><strong>con-</strong></span> 
     </span>
    </p>
   </div>
   <div class='ocr_carea' id='block_1_76' title="bbox 2282 3035 3859 3109">
    <p class='ocr_par' dir='ltr' id='par_1_76' title="bbox 2282 3035 3859 3109">
     <span class='ocr_line' id='line_1_76' title="bbox 2282 3035 3859 3109; baseline 0.002 -14"><span class='ocrx_word' id='word_1_558' title='bbox 2282 3040 2531 3105; x_wconf 82' lang='lat' dir='ltr'><strong>senserit,</strong></span> <span class='ocrx_word' id='word_1_559' title='bbox 2568 3046 2624 3094; x_wconf 94' lang='lat' dir='ltr'><strong>ct</strong></span> <span class='ocrx_word' id='word_1_560' title='bbox 2645 3040 2709 3096; x_wconf 91' lang='lat' dir='ltr'><strong>de</strong></span> <span class='ocrx_word' id='word_1_561' title='bbox 2737 3040 2910 3109; x_wconf 90' lang='lat' dir='ltr'><strong>pretio</strong></span> <span class='ocrx_word' id='word_1_562' title='bbox 2937 3041 3040 3096; x_wconf 90' lang='lat' dir='ltr'><strong>viri</strong></span> <span class='ocrx_word' id='word_1_563' title='bbox 3067 3035 3202 3096; x_wconf 68' lang='lat' dir='ltr'><strong>sul&#39;a</strong></span> <span class='ocrx_word' id='word_1_564' title='bbox 3230 3039 3371 3097; x_wconf 84' lang='lat' dir='ltr'><strong>fame</strong></span> <span class='ocrx_word' id='word_1_565' title='bbox 3401 3042 3639 3098; x_wconf 85' lang='lat' dir='ltr'><strong>liberata</strong></span> <span class='ocrx_word' id='word_1_566' title='bbox 3668 3043 3859 3109; x_wconf 67' lang='lat' dir='ltr'><strong>fuerit;</strong></span> 
     </span>
    </p>
   </div>
   <div class='ocr_carea' id='block_1_77' title="bbox 2281 3128 3864 3200">
    <p class='ocr_par' dir='ltr' id='par_1_77' title="bbox 2281 3128 3864 3200">
     <span class='ocr_line' id='line_1_77' title="bbox 2281 3128 3864 3200; baseline 0.002 -16"><span class='ocrx_word' id='word_1_567' title='bbox 2281 3129 2328 3184; x_wconf 91' lang='lat' dir='ltr'><strong>si</strong></span> <span class='ocrx_word' id='word_1_568' title='bbox 2355 3128 2611 3192; x_wconf 89' lang='lat' dir='ltr'><strong>voluerit,</strong></span> <span class='ocrx_word' id='word_1_569' title='bbox 2651 3136 2827 3200; x_wconf 85' lang='lat' dir='ltr'><strong>potest</strong></span> <span class='ocrx_word' id='word_1_570' title='bbox 2860 3142 2982 3184; x_wconf 91' lang='lat' dir='ltr'><strong>eum</strong></span> <span class='ocrx_word' id='word_1_571' title='bbox 3012 3130 3302 3195; x_wconf 87' lang='lat' dir='ltr'><strong>dimittere,</strong></span> <span class='ocrx_word' id='word_1_572' title='bbox 3334 3138 3391 3185; x_wconf 91' lang='lat' dir='ltr'><strong>et</strong></span> <span class='ocrx_word' id='word_1_573' title='bbox 3421 3131 3469 3186; x_wconf 93' lang='lat' dir='ltr'><strong>si</strong></span> <span class='ocrx_word' id='word_1_574' title='bbox 3493 3146 3560 3186; x_wconf 87' lang='lat' dir='ltr'><strong>se</strong></span> <span class='ocrx_word' id='word_1_575' title='bbox 3587 3133 3864 3187; x_wconf 83' lang='lat' dir='ltr'><strong>continere</strong></span> 
     </span>
    </p>
   </div>
   <div class='ocr_carea' id='block_1_78' title="bbox 2278 3219 3863 3290">
    <p class='ocr_par' dir='ltr' id='par_1_78' title="bbox 2278 3219 3863 3290">
     <span class='ocr_line' id='line_1_78' title="bbox 2278 3219 3863 3290; baseline 0 -15"><span class='ocrx_word' id='word_1_576' title='bbox 2278 3236 2386 3275; x_wconf 91' lang='lat' dir='ltr'><strong>non</strong></span> <span class='ocrx_word' id='word_1_577' title='bbox 2430 3227 2627 3290; x_wconf 88' lang='lat' dir='ltr'><strong>potest,</strong></span> <span class='ocrx_word' id='word_1_578' title='bbox 2668 3220 2833 3274; x_wconf 90' lang='lat' dir='ltr'><strong>alium</strong></span> <span class='ocrx_word' id='word_1_579' title='bbox 2869 3221 3085 3275; x_wconf 76' lang='lat' dir='ltr'><strong>ducere.</strong></span> <span class='ocrx_word' id='word_1_580' title='bbox 3153 3219 3414 3276; x_wconf 89' lang='lat' dir='ltr'><strong>Similiter</strong></span> <span class='ocrx_word' id='word_1_581' title='bbox 3444 3230 3501 3276; x_wconf 90' lang='lat' dir='ltr'><strong>et</strong></span> <span class='ocrx_word' id='word_1_582' title='bbox 3527 3222 3599 3277; x_wconf 90' lang='lat' dir='ltr'><strong>de</strong></span> <span class='ocrx_word' id='word_1_583' title='bbox 3640 3223 3863 3278; x_wconf 82' lang='lat' dir='ltr'><strong>muliere</strong></span> 
     </span>
    </p>
   </div>
   <div class='ocr_carea' id='block_1_79' title="bbox 2277 3305 3856 3375">
    <p class='ocr_par' dir='ltr' id='par_1_79' title="bbox 2277 3305 3856 3375">
     <span class='ocr_line' id='line_1_79' title="bbox 2277 3305 3856 3375; baseline -0.001 -12"><span class='ocrx_word' id='word_1_584' title='bbox 2277 3309 2323 3363; x_wconf 88' lang='lat' dir='ltr'><strong>si</strong></span> <span class='ocrx_word' id='word_1_585' title='bbox 2352 3320 2410 3364; x_wconf 88' lang='lat' dir='ltr'><strong>se</strong></span> <span class='ocrx_word' id='word_1_586' title='bbox 2457 3308 2776 3373; x_wconf 84' lang='lat' dir='ltr'><strong>vendiderit,</strong></span> <span class='ocrx_word' id='word_1_587' title='bbox 2837 3317 2892 3363; x_wconf 93' lang='lat' dir='ltr'><strong>et</strong></span> <span class='ocrx_word' id='word_1_588' title='bbox 2921 3308 3003 3362; x_wconf 89' lang='lat' dir='ltr'><strong>vir</strong></span> <span class='ocrx_word' id='word_1_589' title='bbox 3044 3305 3159 3375; x_wconf 87' lang='lat' dir='ltr'><strong>ejus</strong></span> <span class='ocrx_word' id='word_1_590' title='bbox 3191 3308 3265 3362; x_wconf 81' lang='lat' dir='ltr'><strong>ita</strong></span> <span class='ocrx_word' id='word_1_591' title='bbox 3319 3311 3695 3372; x_wconf 87' lang='lat' dir='ltr'><strong>consenserit,</strong></span> <span class='ocrx_word' id='word_1_592' title='bbox 3742 3309 3856 3363; x_wconf 82' lang='lat' dir='ltr'><strong>tali-</strong></span> 
     </span>
    </p>
   </div>
   <div class='ocr_carea' id='block_1_80' title="bbox 2278 3400 3858 3470">
    <p class='ocr_par' dir='ltr' id='par_1_80' title="bbox 2278 3400 3858 3470">
     <span class='ocr_line' id='line_1_80' title="bbox 2278 3400 3858 3470; baseline 0.001 -17"><span class='ocrx_word' id='word_1_593' title='bbox 2278 3408 2364 3454; x_wconf 79' lang='lat' dir='ltr'><strong>ter</strong></span> <span class='ocrx_word' id='word_1_594' title='bbox 2412 3406 2593 3470; x_wconf 85' lang='lat' dir='ltr'><strong>potest</strong></span> <span class='ocrx_word' id='word_1_595' title='bbox 2653 3407 2819 3464; x_wconf 82' lang='lat' dir='ltr'><strong>stare,</strong></span> <span class='ocrx_word' id='word_1_596' title='bbox 2872 3400 2917 3454; x_wconf 92' lang='lat' dir='ltr'><strong>si</strong></span> <span class='ocrx_word' id='word_1_597' title='bbox 2967 3414 3027 3454; x_wconf 90' lang='lat' dir='ltr'><strong>se</strong></span> <span class='ocrx_word' id='word_1_598' title='bbox 3082 3402 3471 3470; x_wconf 77' lang='lat' dir='ltr'><strong>separaverint.</strong></span> <span class='ocrx_word' id='word_1_599' title='bbox 3537 3402 3858 3457; x_wconf 67' lang='lat' dir='ltr'><strong>Ptrnitentia</strong></span> 
     </span>
    </p>
   </div>
   <div class='ocr_carea' id='block_1_81' title="bbox 2279 3488 3861 3563">
    <p class='ocr_par' dir='ltr' id='par_1_81' title="bbox 2279 3488 3861 3563">
     <span class='ocr_line' id='line_1_81' title="bbox 2279 3488 3861 3563; baseline 0.003 -20"><span class='ocrx_word' id='word_1_600' title='bbox 2279 3498 2457 3545; x_wconf 86' lang='lat' dir='ltr'><strong>tamen</strong></span> <span class='ocrx_word' id='word_1_601' title='bbox 2503 3488 2782 3543; x_wconf 84' lang='lat' dir='ltr'><strong>amborum</strong></span> <span class='ocrx_word' id='word_1_602' title='bbox 2828 3492 3132 3563; x_wconf 75' lang='lat' dir='ltr'><strong>necessaria</strong></span> <span class='ocrx_word' id='word_1_603' title='bbox 3160 3498 3261 3545; x_wconf 88' lang='lat' dir='ltr'><strong>est.</strong></span> <span class='ocrx_word' id='word_1_604' title='bbox 3311 3489 3447 3545; x_wconf 88' lang='lat' dir='ltr'><strong>Nam</strong></span> <span class='ocrx_word' id='word_1_605' title='bbox 3493 3492 3593 3560; x_wconf 87' lang='lat' dir='ltr'><strong>qui</strong></span> <span class='ocrx_word' id='word_1_606' title='bbox 3648 3492 3720 3548; x_wconf 89' lang='lat' dir='ltr'><strong>de</strong></span> <span class='ocrx_word' id='word_1_607' title='bbox 3750 3508 3861 3562; x_wconf 84' lang='lat' dir='ltr'><strong>pre-</strong></span> 
     </span>
    </p>
   </div>
   <div class='ocr_carea' id='block_1_82' title="bbox 2276 3579 3857 3649">
    <p class='ocr_par' dir='ltr' id='par_1_82' title="bbox 2276 3579 3857 3649">
     <span class='ocr_line' id='line_1_82' title="bbox 2276 3579 3857 3649; baseline 0.001 -15"><span class='ocrx_word' id='word_1_608' title='bbox 2276 3580 2355 3634; x_wconf 91' lang='lat' dir='ltr'><strong>tio</strong></span> <span class='ocrx_word' id='word_1_609' title='bbox 2400 3580 2547 3649; x_wconf 87' lang='lat' dir='ltr'><strong>paris</strong></span> <span class='ocrx_word' id='word_1_610' title='bbox 2598 3580 2681 3634; x_wconf 88' lang='lat' dir='ltr'><strong>sui</strong></span> <span class='ocrx_word' id='word_1_611' title='bbox 2726 3580 2794 3634; x_wconf 89' lang='lat' dir='ltr'><strong>de</strong></span> <span class='ocrx_word' id='word_1_612' title='bbox 2836 3579 2931 3635; x_wconf 90' lang='lat' dir='ltr'><strong>tali</strong></span> <span class='ocrx_word' id='word_1_613' title='bbox 2976 3581 3302 3636; x_wconf 85' lang='lat' dir='ltr'><strong>necessitate</strong></span> <span class='ocrx_word' id='word_1_614' title='bbox 3358 3582 3624 3637; x_wconf 88' lang='lat' dir='ltr'><strong>liberatus</strong></span> <span class='ocrx_word' id='word_1_615' title='bbox 3673 3581 3857 3644; x_wconf 89' lang='lat' dir='ltr'><strong>fuerit,</strong></span> 
     </span>
    </p>
   </div>
   <div class='ocr_carea' id='block_1_83' title="bbox 2278 3668 3856 3743">
    <p class='ocr_par' dir='ltr' id='par_1_83' title="bbox 2278 3668 3856 3743">
     <span class='ocr_line' id='line_1_83' title="bbox 2278 3668 3856 3743; baseline 0.001 -20"><span class='ocrx_word' id='word_1_616' title='bbox 2278 3668 2332 3723; x_wconf 91' lang='lat' dir='ltr'><strong>in</strong></span> <span class='ocrx_word' id='word_1_617' title='bbox 2369 3670 2457 3723; x_wconf 83' lang='lat' dir='ltr'><strong>tali</strong></span> <span class='ocrx_word' id='word_1_618' title='bbox 2486 3670 2734 3740; x_wconf 85' lang='lat' dir='ltr'><strong>conjugio</strong></span> <span class='ocrx_word' id='word_1_619' title='bbox 2761 3671 2921 3725; x_wconf 87' lang='lat' dir='ltr'><strong>debet</strong></span> <span class='ocrx_word' id='word_1_620' title='bbox 2959 3683 3296 3741; x_wconf 89' lang='lat' dir='ltr'><strong>permanere,</strong></span> <span class='ocrx_word' id='word_1_621' title='bbox 3321 3680 3378 3726; x_wconf 90' lang='lat' dir='ltr'><strong>et</strong></span> <span class='ocrx_word' id='word_1_622' title='bbox 3422 3687 3529 3726; x_wconf 92' lang='lat' dir='ltr'><strong>non</strong></span> <span class='ocrx_word' id='word_1_623' title='bbox 3590 3676 3856 3743; x_wconf 85' lang='lat' dir='ltr'><strong>separari.</strong></span> 
     </span>
    </p>
   </div>
   <div class='ocr_carea' id='block_1_84' title="bbox 2277 3759 3854 3832">
    <p class='ocr_par' dir='ltr' id='par_1_84' title="bbox 2277 3759 3854 3832">
     <span class='ocr_line' id='line_1_84' title="bbox 2277 3759 3854 3832; baseline 0.002 -16"><span class='ocrx_word' id='word_1_624' title='bbox 2277 3759 2479 3820; x_wconf 82' lang='lat' dir='ltr'><strong>Concil.</strong></span> <span class='ocrx_word' id='word_1_625' title='bbox 2527 3762 2968 3832; x_wconf 78' lang='lat' dir='ltr'><strong>Compendiense,</strong></span> <span class='ocrx_word' id='word_1_626' title='bbox 3004 3777 3122 3817; x_wconf 85' lang='lat' dir='ltr'><strong>can.</strong></span> <span class='ocrx_word' id='word_1_627' title='bbox 3163 3760 3235 3818; x_wconf 81' lang='lat'><strong>5:</strong></span> <span class='ocrx_word' id='word_1_628' title='bbox 3265 3782 3285 3814; x_wconf 76' lang='grc' dir='ltr'>ι</span> <span class='ocrx_word' id='word_1_629' title='bbox 3313 3763 3370 3818; x_wconf 88' lang='lat' dir='ltr'><strong>Si</strong></span> <span class='ocrx_word' id='word_1_630' title='bbox 3396 3763 3645 3819; x_wconf 86' lang='lat' dir='ltr'><strong>Francus</strong></span> <span class='ocrx_word' id='word_1_631' title='bbox 3696 3765 3854 3819; x_wconf 84' lang='lat' dir='ltr'><strong>homo</strong></span> 
     </span>
    </p>
   </div>
   <div class='ocr_carea' id='block_1_85' title="bbox 2277 3852 3856 3924">
    <p class='ocr_par' dir='ltr' id='par_1_85' title="bbox 2277 3852 3856 3924">
     <span class='ocr_line' id='line_1_85' title="bbox 2277 3852 3856 3924; baseline 0 -15"><span class='ocrx_word' id='word_1_632' title='bbox 2277 3855 2484 3924; x_wconf 82' lang='lat' dir='ltr'><strong>accepit</strong></span> <span class='ocrx_word' id='word_1_633' title='bbox 2524 3852 2825 3920; x_wconf 85' lang='lat' dir='ltr'><strong>mulierem,</strong></span> <span class='ocrx_word' id='word_1_634' title='bbox 2874 3862 2930 3909; x_wconf 92' lang='lat' dir='ltr'><strong>et</strong></span> <span class='ocrx_word' id='word_1_635' title='bbox 2980 3861 3163 3924; x_wconf 80' lang='lat' dir='ltr'><strong>Sperat</strong></span> <span class='ocrx_word' id='word_1_636' title='bbox 3202 3855 3345 3924; x_wconf 87' lang='lat' dir='ltr'><strong>quod</strong></span> <span class='ocrx_word' id='word_1_637' title='bbox 3399 3854 3638 3924; x_wconf 88' lang='lat' dir='ltr'><strong>ingenua</strong></span> <span class='ocrx_word' id='word_1_638' title='bbox 3683 3856 3775 3919; x_wconf 78' lang='lat' dir='ltr'><strong>sit,</strong></span> <span class='ocrx_word' id='word_1_639' title='bbox 3805 3865 3856 3909; x_wconf 83' lang='lat' dir='ltr'><strong>et</strong></span> 
     </span>
    </p>
   </div>
   <div class='ocr_carea' id='block_1_86' title="bbox 2276 3947 3852 4018">
    <p class='ocr_par' dir='ltr' id='par_1_86' title="bbox 2276 3947 3852 4018">
     <span class='ocr_line' id='line_1_86' title="bbox 2276 3947 3852 4018; baseline 0.003 -17"><span class='ocrx_word' id='word_1_640' title='bbox 2276 3956 2461 4016; x_wconf 91' lang='lat' dir='ltr'><strong>postea</strong></span> <span class='ocrx_word' id='word_1_641' title='bbox 2490 3947 2694 4002; x_wconf 87' lang='lat' dir='ltr'><strong>invenit</strong></span> <span class='ocrx_word' id='word_1_642' title='bbox 2730 3948 2876 4017; x_wconf 83' lang='lat' dir='ltr'><strong>quod</strong></span> <span class='ocrx_word' id='word_1_643' title='bbox 2907 3964 3013 4003; x_wconf 92' lang='lat' dir='ltr'><strong>non</strong></span> <span class='ocrx_word' id='word_1_644' title='bbox 3049 3956 3132 4003; x_wconf 89' lang='lat' dir='ltr'><strong>est</strong></span> <span class='ocrx_word' id='word_1_645' title='bbox 3165 3950 3414 4018; x_wconf 87' lang='lat' dir='ltr'><strong>ingenua,</strong></span> <span class='ocrx_word' id='word_1_646' title='bbox 3466 3948 3713 4003; x_wconf 83' lang='lat' dir='ltr'><strong>dimittat</strong></span> <span class='ocrx_word' id='word_1_647' title='bbox 3738 3965 3852 4005; x_wconf 85' lang='lat' dir='ltr'><strong>eam</strong></span> 
     </span>
    </p>
   </div>
   <div class='ocr_carea' id='block_1_87' title="bbox 2275 4036 3026 4106">
    <p class='ocr_par' dir='ltr' id='par_1_87' title="bbox 2275 4036 3026 4106">
     <span class='ocr_line' id='line_1_87' title="bbox 2275 4036 3026 4106; baseline 0 -14"><span class='ocrx_word' id='word_1_648' title='bbox 2275 4037 2321 4092; x_wconf 90' lang='lat' dir='ltr'><strong>si</strong></span> <span class='ocrx_word' id='word_1_649' title='bbox 2353 4036 2487 4100; x_wconf 82' lang='lat' dir='ltr'><strong>vult,</strong></span> <span class='ocrx_word' id='word_1_650' title='bbox 2513 4046 2567 4091; x_wconf 90' lang='lat' dir='ltr'><strong>et</strong></span> <span class='ocrx_word' id='word_1_651' title='bbox 2598 4037 2829 4106; x_wconf 88' lang='lat' dir='ltr'><strong>accipiat</strong></span> <span class='ocrx_word' id='word_1_652' title='bbox 2847 4037 3026 4092; x_wconf 84' lang='lat' dir='ltr'><strong>aliam.</strong></span> 
     </span>
    </p>
   </div>
   <div class='ocr_carea' id='block_1_88' title="bbox 2344 4125 3846 4198">
    <p class='ocr_par' dir='ltr' id='par_1_88' title="bbox 2344 4125 3846 4198">
     <span class='ocr_line' id='line_1_88' title="bbox 2344 4125 3846 4198; baseline 0.003 -19"><span class='ocrx_word' id='word_1_653' title='bbox 2344 4125 2501 4180; x_wconf 81' lang='lat' dir='ltr'><strong>Liber</strong></span> <span class='ocrx_word' id='word_1_654' title='bbox 2527 4136 2601 4181; x_wconf 79' lang='lat' dir='ltr'><strong>est</strong></span> <span class='ocrx_word' id='word_1_655' title='bbox 2625 4144 2689 4181; x_wconf 80' lang='lat' dir='ltr'><strong>ea:</strong></span> <span class='ocrx_word' id='word_1_656' title='bbox 2713 4144 2774 4180; x_wconf 89' lang='lat' dir='ltr'><strong>ea</strong></span> <span class='ocrx_word' id='word_1_657' title='bbox 2799 4137 3095 4197; x_wconf 79' lang='lat' dir='ltr'><strong>generatus.</strong></span> <span class='ocrx_word' id='word_1_658' title='bbox 3161 4128 3373 4182; x_wconf 86' lang='lat' dir='ltr'><strong>Etenim</strong></span> <span class='ocrx_word' id='word_1_659' title='bbox 3397 4128 3554 4198; x_wconf 73' lang='lat' dir='ltr'><strong>juxta</strong></span> <span class='ocrx_word' id='word_1_660' title='bbox 3583 4127 3846 4184; x_wconf 68' lang='lat' dir='ltr'><strong>Iustinia-</strong></span> 
     </span>
    </p>
   </div>
   <div class='ocr_carea' id='block_1_89' title="bbox 2273 4216 3853 4283">
    <p class='ocr_par' dir='ltr' id='par_1_89' title="bbox 2273 4216 3853 4283">
     <span class='ocr_line' id='line_1_89' title="bbox 2273 4216 3853 4283; baseline 0.002 -13"><span class='ocrx_word' id='word_1_661' title='bbox 2273 4216 2328 4271; x_wconf 90' lang='lat' dir='ltr'><strong>ni</strong></span> <span class='ocrx_word' id='word_1_662' title='bbox 2375 4217 2549 4273; x_wconf 89' lang='lat' dir='ltr'><strong>lnstit.</strong></span> <span class='ocrx_word' id='word_1_663' title='bbox 2610 4217 2707 4273; x_wconf 90' lang='lat' dir='ltr'><strong>lib.</strong></span> <span class='ocrx_word' id='word_1_664' title='bbox 2761 4233 2800 4283; x_wconf 86' lang='grc' dir='ltr'><em>ι,</em></span> <span class='ocrx_word' id='word_1_665' title='bbox 2852 4217 3097 4273; x_wconf 74' lang='grc' dir='ltr'><strong>ιίιυι.⁹4ε</strong></span> <span class='ocrx_word' id='word_1_666' title='bbox 3131 4235 3151 4269; x_wconf 73' lang='grc' dir='ltr'>ι</span> <span class='ocrx_word' id='word_1_667' title='bbox 3189 4216 3400 4273; x_wconf 85' lang='lat' dir='ltr'><strong>Sullicit</strong></span> <span class='ocrx_word' id='word_1_668' title='bbox 3426 4220 3660 4275; x_wconf 88' lang='lat' dir='ltr'><strong>liberam</strong></span> <span class='ocrx_word' id='word_1_669' title='bbox 3693 4220 3853 4274; x_wconf 86' lang='lat' dir='ltr'><strong>fuisse</strong></span> 
     </span>
    </p>
   </div>
   <div class='ocr_carea' id='block_1_90' title="bbox 2273 4309 3843 4379">
    <p class='ocr_par' dir='ltr' id='par_1_90' title="bbox 2273 4309 3843 4379">
     <span class='ocr_line' id='line_1_90' title="bbox 2273 4309 3843 4379; baseline -0.003 -14"><span class='ocrx_word' id='word_1_670' title='bbox 2273 4318 2502 4365; x_wconf 89' lang='lat' dir='ltr'><strong>matrem</strong></span> <span class='ocrx_word' id='word_1_671' title='bbox 2553 4324 2619 4365; x_wconf 89' lang='lat' dir='ltr'><strong>eo</strong></span> <span class='ocrx_word' id='word_1_672' title='bbox 2675 4318 2918 4379; x_wconf 91' lang='lat' dir='ltr'><strong>tempore</strong></span> <span class='ocrx_word' id='word_1_673' title='bbox 2973 4323 3079 4377; x_wconf 88' lang='lat' dir='ltr'><strong>quo</strong></span> <span class='ocrx_word' id='word_1_674' title='bbox 3124 4310 3385 4374; x_wconf 79' lang='lat' dir='ltr'><strong>nascitur,</strong></span> <span class='ocrx_word' id='word_1_675' title='bbox 3453 4309 3585 4363; x_wconf 87' lang='lat' dir='ltr'><strong>licet</strong></span> <span class='ocrx_word' id='word_1_676' title='bbox 3653 4311 3843 4364; x_wconf 77' lang='lat' dir='ltr'><strong>ancilla</strong></span> 
     </span>
    </p>
   </div>
   <div class='ocr_carea' id='block_1_91' title="bbox 599 4385 3855 4471">
    <p class='ocr_par' dir='ltr' id='par_1_91' title="bbox 599 4385 3855 4471">
     <span class='ocr_line' id='line_1_91' title="bbox 599 4385 3855 4471; baseline 0.006 -33"><span class='ocrx_word' id='word_1_677' title='bbox 599 4385 969 4441; x_wconf 89' lang='lat' dir='ltr'><strong>ecclesiastica</strong></span> <span class='ocrx_word' id='word_1_678' title='bbox 983 4385 1251 4457; x_wconf 86' lang='lat' dir='ltr'><strong>Capitula,</strong></span> <span class='ocrx_word' id='word_1_679' title='bbox 1280 4402 1399 4461; x_wconf 84' lang='lat' dir='ltr'><strong>cap.</strong></span> <span class='ocrx_word' id='word_1_680' title='bbox 1426 4392 1514 4456; x_wconf 69' lang='lat' dir='ltr'><strong>l4,</strong></span> <span class='ocrx_word' id='word_1_681' title='bbox 1538 4401 1591 4448; x_wconf 90' lang='lat' dir='ltr'><strong>et</strong></span> <span class='ocrx_word' id='word_1_682' title='bbox 1620 4394 1872 4450; x_wconf 83' lang='lat' dir='ltr'><strong>Ludovici</strong></span> <span class='ocrx_word' id='word_1_683' title='bbox 1894 4396 1973 4452; x_wconf 87' lang='lat' dir='ltr'><strong>Pii</strong></span> <span class='ocrx_word' id='word_1_684' title='bbox 2004 4397 2172 4467; x_wconf 77' lang='lat' dir='ltr'><strong>impe-</strong></span> <span class='ocrx_word' id='word_1_685' title='bbox 2202 4451 2246 4471; x_wconf 53' lang='grc' dir='ltr'>η</span> <span class='ocrx_word' id='word_1_686' title='bbox 2274 4401 2601 4470; x_wconf 85' lang='lat' dir='ltr'><strong>conceperit.</strong></span> <span class='ocrx_word' id='word_1_687' title='bbox 2640 4420 2657 4453; x_wconf 77' lang='grc' dir='ltr'><strong><em>ι</em></strong></span> <span class='ocrx_word' id='word_1_688' title='bbox 2688 4400 2879 4470; x_wconf 84' lang='lat' dir='ltr'><strong>Leges,</strong></span> <span class='ocrx_word' id='word_1_689' title='bbox 2905 4407 3166 4469; x_wconf 89' lang='lat' dir='ltr'><strong>quantum</strong></span> <span class='ocrx_word' id='word_1_690' title='bbox 3204 4400 3319 4454; x_wconf 84' lang='lat' dir='ltr'><strong>ﬁeri</strong></span> <span class='ocrx_word' id='word_1_691' title='bbox 3375 4409 3577 4469; x_wconf 87' lang='lat' dir='ltr'><strong>potest,</strong></span> <span class='ocrx_word' id='word_1_692' title='bbox 3618 4401 3734 4471; x_wconf 84' lang='lat' dir='ltr'><strong>juri</strong></span> <span class='ocrx_word' id='word_1_693' title='bbox 3767 4417 3855 4455; x_wconf 57' lang='lat' dir='ltr'><strong>na.</strong></span> 
     </span>
    </p>
   </div>
   <div class='ocr_carea' id='block_1_92' title="bbox 609 4451 3853 4563">
    <p class='ocr_par' dir='ltr' id='par_1_92' title="bbox 609 4451 3853 4563">
     <span class='ocr_line' id='line_1_92' title="bbox 609 4451 3853 4563; baseline 0.005 -31"><span class='ocrx_word' id='word_1_694' title='bbox 609 4479 802 4533; x_wconf 90' lang='lat' dir='ltr'><strong>ratoris</strong></span> <span class='ocrx_word' id='word_1_695' title='bbox 841 4451 1148 4550; x_wconf 71' lang='lat' dir='ltr'><strong>Capitulare</strong></span> <span class='ocrx_word' id='word_1_696' title='bbox 1174 4451 1246 4547; x_wconf 67' lang='lat' dir='ltr'><strong>l,</strong></span> <span class='ocrx_word' id='word_1_697' title='bbox 1420 4451 1511 4550; x_wconf 64' lang='lat'><strong>26,</strong></span> <span class='ocrx_word' id='word_1_698' title='bbox 1563 4486 1656 4541; x_wconf 81' lang='lat' dir='ltr'><strong>ubi</strong></span> <span class='ocrx_word' id='word_1_699' title='bbox 1684 4489 1903 4556; x_wconf 72' lang='lat' dir='ltr'><strong>quidam</strong></span> <span class='ocrx_word' id='word_1_700' title='bbox 1937 4451 2173 4547; x_wconf 69' lang='lat' dir='ltr'><strong>canones</strong></span> <span class='ocrx_word' id='word_1_701' title='bbox 2202 4451 2248 4512; x_wconf 68' lang='grc' dir='ltr'><strong>θ</strong></span> <span class='ocrx_word' id='word_1_702' title='bbox 2280 4451 2469 4546; x_wconf 82' lang='lat' dir='ltr'><strong>turalir</strong></span> <span class='ocrx_word' id='word_1_703' title='bbox 2487 4490 2688 4558; x_wconf 84' lang='lat' dir='ltr'><strong>favent,</strong></span> <span class='ocrx_word' id='word_1_704' title='bbox 2732 4451 2953 4563; x_wconf 38' lang='lat' dir='ltr'><strong>quieuit</strong></span> <span class='ocrx_word' id='word_1_705' title='bbox 2976 4492 3172 4547; x_wconf 86' lang='lat' dir='ltr'><strong>dicitur</strong></span> <span class='ocrx_word' id='word_1_706' title='bbox 3192 4493 3351 4547; x_wconf 88' lang='lat' dir='ltr'><strong>titulo</strong></span> <span class='ocrx_word' id='word_1_707' title='bbox 3375 4451 3450 4559; x_wconf 51' lang='lat' dir='ltr'><strong>r3,</strong></span> <span class='ocrx_word' id='word_1_708' title='bbox 3498 4511 3517 4543; x_wconf 78' lang='grc' dir='ltr'>ι</span> <span class='ocrx_word' id='word_1_709' title='bbox 3547 4451 3677 4562; x_wconf 58' lang='lat' dir='ltr'><strong>jure</strong></span> <span class='ocrx_word' id='word_1_710' title='bbox 3700 4503 3853 4549; x_wconf 83' lang='lat' dir='ltr'><strong>natu-</strong></span> 
     </span>
    </p>
   </div>
   <div class='ocr_carea' id='block_1_93' title="bbox 603 4567 1290 4636">
    <p class='ocr_par' dir='ltr' id='par_1_93' title="bbox 603 4567 1290 4636">
     <span class='ocr_line' id='line_1_93' title="bbox 603 4567 1290 4636; baseline 0.006 -16"><span class='ocrx_word' id='word_1_711' title='bbox 603 4581 766 4636; x_wconf 88' lang='lat' dir='ltr'><strong>supra</strong></span> <span class='ocrx_word' id='word_1_712' title='bbox 786 4567 937 4621; x_wconf 89' lang='lat' dir='ltr'><strong>citati</strong></span> <span class='ocrx_word' id='word_1_713' title='bbox 962 4567 1290 4624; x_wconf 86' lang='lat' dir='ltr'><strong>referuntur.</strong></span> 
     </span>
    </p>
   </div>
   <div class='ocr_carea' id='block_1_94' title="bbox 672 4656 2172 4738">
    <p class='ocr_par' dir='ltr' id='par_1_94' title="bbox 672 4656 2172 4738">
     <span class='ocr_line' id='line_1_94' title="bbox 672 4656 2172 4738; baseline 0.009 -28"><span class='ocrx_word' id='word_1_714' title='bbox 672 4656 797 4711; x_wconf 86' lang='lat' dir='ltr'><strong>Post</strong></span> <span class='ocrx_word' id='word_1_715' title='bbox 834 4666 1007 4712; x_wconf 80' lang='lat' dir='ltr'><strong>autem</strong></span> <span class='ocrx_word' id='word_1_716' title='bbox 1048 4659 1183 4713; x_wconf 85' lang='lat' dir='ltr'><strong>hanc</strong></span> <span class='ocrx_word' id='word_1_717' title='bbox 1237 4670 1444 4715; x_wconf 63' lang='lat' dir='ltr'><strong>aetatem</strong></span> <span class='ocrx_word' id='word_1_718' title='bbox 1491 4663 1629 4731; x_wconf 76' lang='lat' dir='ltr'><strong>patri</strong></span> <span class='ocrx_word' id='word_1_719' title='bbox 1678 4681 1785 4717; x_wconf 87' lang='lat' dir='ltr'><strong>non</strong></span> <span class='ocrx_word' id='word_1_720' title='bbox 1845 4665 1962 4720; x_wconf 83' lang='lat' dir='ltr'><strong>licet</strong></span> <span class='ocrx_word' id='word_1_721' title='bbox 2003 4667 2172 4738; x_wconf 81' lang='lat' dir='ltr'><strong>filiam</strong></span> 
     </span>
    </p>
   </div>
   <div class='ocr_carea' id='block_1_95' title="bbox 598 4747 2169 4817">
    <p class='ocr_par' dir='ltr' id='par_1_95' title="bbox 598 4747 2169 4817">
     <span class='ocr_line' id='line_1_95' title="bbox 598 4747 2169 4817; baseline 0.007 -16"><span class='ocrx_word' id='word_1_722' title='bbox 598 4764 749 4801; x_wconf 84' lang='lat' dir='ltr'><strong>suam</strong></span> <span class='ocrx_word' id='word_1_723' title='bbox 791 4758 973 4802; x_wconf 84' lang='lat' dir='ltr'><strong>contra</strong></span> <span class='ocrx_word' id='word_1_724' title='bbox 1021 4748 1136 4817; x_wconf 83' lang='lat' dir='ltr'><strong>ejus</strong></span> <span class='ocrx_word' id='word_1_725' title='bbox 1165 4747 1477 4803; x_wconf 79' lang='lat' dir='ltr'><strong>voluntatem</strong></span> <span class='ocrx_word' id='word_1_726' title='bbox 1505 4752 1558 4805; x_wconf 91' lang='lat' dir='ltr'><strong>in</strong></span> <span class='ocrx_word' id='word_1_727' title='bbox 1598 4754 1988 4809; x_wconf 78' lang='lat' dir='ltr'><strong>matrimonium</strong></span> <span class='ocrx_word' id='word_1_728' title='bbox 2021 4758 2169 4813; x_wconf 83' lang='lat' dir='ltr'><strong>dare.</strong></span> 
     </span>
    </p>
   </div>
   <div class='ocr_carea' id='block_1_96' title="bbox 599 4836 2171 4916">
    <p class='ocr_par' dir='ltr' id='par_1_96' title="bbox 599 4836 2171 4916">
     <span class='ocr_line' id='line_1_96' title="bbox 599 4836 2171 4916; baseline 0.009 -27"><span class='ocrx_word' id='word_1_729' title='bbox 599 4836 740 4905; x_wconf 85' lang='lat' dir='ltr'><strong>Ergo</strong></span> <span class='ocrx_word' id='word_1_730' title='bbox 779 4844 905 4890; x_wconf 87' lang='lat' dir='ltr'><strong>ante</strong></span> <span class='ocrx_word' id='word_1_731' title='bbox 951 4837 1095 4891; x_wconf 84' lang='lat' dir='ltr'><strong>hanc</strong></span> <span class='ocrx_word' id='word_1_732' title='bbox 1116 4844 1329 4891; x_wconf 78' lang='lat' dir='ltr'><strong>:etatem</strong></span> <span class='ocrx_word' id='word_1_733' title='bbox 1358 4838 1570 4894; x_wconf 90' lang='lat' dir='ltr'><strong>licebat.</strong></span> <span class='ocrx_word' id='word_1_734' title='bbox 1629 4842 1800 4908; x_wconf 87' lang='lat' dir='ltr'><strong>Quam</strong></span> <span class='ocrx_word' id='word_1_735' title='bbox 1835 4844 2171 4916; x_wconf 83' lang='lat' dir='ltr'><strong>disciplinam</strong></span> 
     </span>
    </p>
   </div>
   <div class='ocr_carea' id='block_1_97' title="bbox 598 4923 2170 5004">
    <p class='ocr_par' dir='ltr' id='par_1_97' title="bbox 598 4923 2170 5004">
     <span class='ocr_line' id='line_1_97' title="bbox 598 4923 2170 5004; baseline 0.013 -30"><span class='ocrx_word' id='word_1_736' title='bbox 598 4923 811 4976; x_wconf 87' lang='lat' dir='ltr'><strong>videtur</strong></span> <span class='ocrx_word' id='word_1_737' title='bbox 852 4923 1091 4977; x_wconf 85' lang='lat' dir='ltr'><strong>indicare</strong></span> <span class='ocrx_word' id='word_1_738' title='bbox 1143 4923 1534 4993; x_wconf 79' lang='lat' dir='ltr'><strong>Theodoretus,</strong></span> <span class='ocrx_word' id='word_1_739' title='bbox 1590 4930 1681 4999; x_wconf 90' lang='lat' dir='ltr'><strong>qui</strong></span> <span class='ocrx_word' id='word_1_740' title='bbox 1708 4933 1787 4987; x_wconf 92' lang='lat' dir='ltr'><strong>sie</strong></span> <span class='ocrx_word' id='word_1_741' title='bbox 1811 4937 2034 5004; x_wconf 85' lang='lat' dir='ltr'><strong>exponit</strong></span> <span class='ocrx_word' id='word_1_742' title='bbox 2081 4938 2170 4994; x_wconf 91' lang='lat' dir='ltr'><strong>illa</strong></span> 
     </span>
    </p>
   </div>
   <div class='ocr_carea' id='block_1_98' title="bbox 598 5012 2169 5092">
    <p class='ocr_par' dir='ltr' id='par_1_98' title="bbox 598 5012 2169 5092">
     <span class='ocr_line' id='line_1_98' title="bbox 598 5012 2169 5092; baseline 0.013 -29"><span class='ocrx_word' id='word_1_743' title='bbox 598 5014 762 5066; x_wconf 81' lang='lat' dir='ltr'><strong>verba</strong></span> <span class='ocrx_word' id='word_1_744' title='bbox 797 5013 1033 5083; x_wconf 71' lang='lat' dir='ltr'><strong>epistola:</strong></span> <span class='ocrx_word' id='word_1_745' title='bbox 1058 5012 1169 5068; x_wconf 80' lang='lat' dir='ltr'><strong>[ad</strong></span> <span class='ocrx_word' id='word_1_746' title='bbox 1191 5014 1431 5072; x_wconf 90' lang='lat' dir='ltr'><strong>Corinth.</strong></span> <span class='ocrx_word' id='word_1_747' title='bbox 1458 5033 1478 5071; x_wconf 87' lang='lat'><strong><em>:</em></strong></span> <span class='ocrx_word' id='word_1_748' title='bbox 1514 5037 1532 5071; x_wconf 74' lang='grc' dir='ltr'>ι</span> <span class='ocrx_word' id='word_1_749' title='bbox 1567 5018 1623 5075; x_wconf 91' lang='lat' dir='ltr'><strong>Si</strong></span> <span class='ocrx_word' id='word_1_750' title='bbox 1661 5023 1781 5092; x_wconf 87' lang='lat' dir='ltr'><strong>quis</strong></span> <span class='ocrx_word' id='word_1_751' title='bbox 1822 5033 2001 5082; x_wconf 87' lang='lat' dir='ltr'><strong>autem</strong></span> <span class='ocrx_word' id='word_1_752' title='bbox 2052 5037 2169 5085; x_wconf 88' lang='lat' dir='ltr'><strong>tur-</strong></span> 
     </span>
    </p>
   </div>
   <div class='ocr_carea' id='block_1_99' title="bbox 598 5102 2168 5187">
    <p class='ocr_par' dir='ltr' id='par_1_99' title="bbox 598 5102 2168 5187">
     <span class='ocr_line' id='line_1_99' title="bbox 598 5102 2168 5187; baseline 0.013 -34"><span class='ocrx_word' id='word_1_753' title='bbox 598 5116 719 5171; x_wconf 90' lang='lat' dir='ltr'><strong>pem</strong></span> <span class='ocrx_word' id='word_1_754' title='bbox 765 5115 826 5155; x_wconf 89' lang='lat' dir='ltr'><strong>se</strong></span> <span class='ocrx_word' id='word_1_755' title='bbox 876 5102 1046 5156; x_wconf 82' lang='lat' dir='ltr'><strong>videri</strong></span> <span class='ocrx_word' id='word_1_756' title='bbox 1084 5105 1356 5159; x_wconf 70' lang='lat' dir='ltr'><strong>existimat</strong></span> <span class='ocrx_word' id='word_1_757' title='bbox 1408 5123 1569 5177; x_wconf 88' lang='lat' dir='ltr'><strong>super</strong></span> <span class='ocrx_word' id='word_1_758' title='bbox 1622 5112 1828 5183; x_wconf 82' lang='lat' dir='ltr'><strong>virgine</strong></span> <span class='ocrx_word' id='word_1_759' title='bbox 1866 5130 1982 5180; x_wconf 87' lang='lat' dir='ltr'><strong>sua,</strong></span> <span class='ocrx_word' id='word_1_760' title='bbox 2026 5119 2168 5187; x_wconf 85' lang='lat' dir='ltr'><strong>quod</strong></span> 
     </span>
    </p>
   </div>
   <div class='ocr_carea' id='block_1_100' title="bbox 603 5192 2171 5275">
    <p class='ocr_par' dir='ltr' id='par_1_100' title="bbox 603 5192 2171 5275">
     <span class='ocr_line' id='line_1_100' title="bbox 603 5192 2171 5275; baseline 0.012 -30"><span class='ocrx_word' id='word_1_761' title='bbox 603 5194 670 5246; x_wconf 87' lang='lat' dir='ltr'><strong>sit</strong></span> <span class='ocrx_word' id='word_1_762' title='bbox 727 5192 1086 5262; x_wconf 84' lang='lat' dir='ltr'><strong>superadulta,</strong></span> <span class='ocrx_word' id='word_1_763' title='bbox 1141 5204 1196 5249; x_wconf 90' lang='lat' dir='ltr'><strong>et</strong></span> <span class='ocrx_word' id='word_1_764' title='bbox 1230 5196 1302 5251; x_wconf 86' lang='lat' dir='ltr'><strong>ita</strong></span> <span class='ocrx_word' id='word_1_765' title='bbox 1349 5203 1562 5269; x_wconf 84' lang='lat' dir='ltr'><strong>oportet</strong></span> <span class='ocrx_word' id='word_1_766' title='bbox 1588 5202 1727 5268; x_wconf 83' lang='lat' dir='ltr'><strong>fieri,</strong></span> <span class='ocrx_word' id='word_1_767' title='bbox 1770 5207 1913 5275; x_wconf 91' lang='lat' dir='ltr'><strong>quod</strong></span> <span class='ocrx_word' id='word_1_768' title='bbox 1951 5209 2067 5263; x_wconf 87' lang='lat' dir='ltr'><strong>vult</strong></span> <span class='ocrx_word' id='word_1_769' title='bbox 2091 5208 2171 5263; x_wconf 86' lang='lat' dir='ltr'><strong>fa-</strong></span> 
     </span>
    </p>
   </div>
   <div class='ocr_carea' id='block_1_101' title="bbox 603 5282 2179 5367">
    <p class='ocr_par' dir='ltr' id='par_1_101' title="bbox 603 5282 2179 5367">
     <span class='ocr_line' id='line_1_101' title="bbox 603 5282 2179 5367; baseline 0.015 -33"><span class='ocrx_word' id='word_1_770' title='bbox 603 5282 712 5335; x_wconf 86' lang='lat' dir='ltr'><strong>ciat</strong></span> <span class='ocrx_word' id='word_1_771' title='bbox 742 5301 754 5335; x_wconf 90' lang='lat'><strong>:</strong></span> <span class='ocrx_word' id='word_1_772' title='bbox 784 5297 894 5337; x_wconf 85' lang='lat' dir='ltr'><strong>non</strong></span> <span class='ocrx_word' id='word_1_773' title='bbox 932 5292 1138 5354; x_wconf 86' lang='lat' dir='ltr'><strong>peccat,</strong></span> <span class='ocrx_word' id='word_1_774' title='bbox 1164 5285 1206 5339; x_wconf 88' lang='lat' dir='ltr'><strong>si</strong></span> <span class='ocrx_word' id='word_1_775' title='bbox 1253 5289 1438 5343; x_wconf 85' lang='lat' dir='ltr'><strong>nubat.</strong></span> <span class='ocrx_word' id='word_1_776' title='bbox 1504 5290 1603 5356; x_wconf 93' lang='lat' dir='ltr'><strong>Qui</strong></span> <span class='ocrx_word' id='word_1_777' title='bbox 1649 5309 1801 5361; x_wconf 90' lang='lat' dir='ltr'><strong>vero,</strong></span> <span class='ocrx_word' id='word_1_778' title='bbox 1826 5297 2021 5367; x_wconf 91' lang='lat' dir='ltr'><strong>inquit,</strong></span> <span class='ocrx_word' id='word_1_779' title='bbox 2068 5316 2179 5356; x_wconf 69' lang='lat' dir='ltr'><strong>caa-</strong></span> 
     </span>
    </p>
   </div>
   <div class='ocr_carea' id='block_1_102' title="bbox 2278 4581 3840 4646">
    <p class='ocr_par' dir='ltr' id='par_1_102' title="bbox 2278 4581 3840 4646">
     <span class='ocr_line' id='line_1_102' title="bbox 2278 4581 3840 4646; baseline 0.003 -7"><span class='ocrx_word' id='word_1_780' title='bbox 2278 4585 2377 4639; x_wconf 89' lang='lat' dir='ltr'><strong>rali</strong></span> <span class='ocrx_word' id='word_1_781' title='bbox 2422 4600 2610 4640; x_wconf 84' lang='lat' dir='ltr'><strong>omnes</strong></span> <span class='ocrx_word' id='word_1_782' title='bbox 2631 4586 2876 4641; x_wconf 90' lang='lat' dir='ltr'><strong>homines</strong></span> <span class='ocrx_word' id='word_1_783' title='bbox 2903 4586 2972 4641; x_wconf 87' lang='lat' dir='ltr'><strong>ab</strong></span> <span class='ocrx_word' id='word_1_784' title='bbox 2996 4586 3152 4642; x_wconf 90' lang='lat' dir='ltr'><strong>initio</strong></span> <span class='ocrx_word' id='word_1_785' title='bbox 3194 4581 3349 4643; x_wconf 87' lang='lat' dir='ltr'><strong>liberi</strong></span> <span class='ocrx_word' id='word_1_786' title='bbox 3394 4591 3784 4646; x_wconf 81' lang='lat' dir='ltr'><strong>nascebantur.</strong></span> <span class='ocrx_word' id='word_1_787' title='bbox 3822 4611 3840 4643; x_wconf 77' lang='grc' dir='ltr'><strong><em>ο</em></strong></span> 
     </span>
    </p>
   </div>
   <div class='ocr_carea' id='block_1_103' title="bbox 2278 4674 3854 4739">
    <p class='ocr_par' dir='ltr' id='par_1_103' title="bbox 2278 4674 3854 4739">
     <span class='ocr_line' id='line_1_103' title="bbox 2278 4674 3854 4739; baseline 0.006 -11"><span class='ocrx_word' id='word_1_788' title='bbox 2278 4674 2345 4728; x_wconf 83' lang='lat' dir='ltr'><strong>Et</strong></span> <span class='ocrx_word' id='word_1_789' title='bbox 2371 4674 2523 4730; x_wconf 89' lang='lat' dir='ltr'><strong>titulo</strong></span> <span class='ocrx_word' id='word_1_790' title='bbox 2551 4677 2585 4730; x_wconf 78' lang='lat'><strong>5</strong></span> <span class='ocrx_word' id='word_1_791' title='bbox 2637 4676 2711 4730; x_wconf 90' lang='lat' dir='ltr'><strong>ita</strong></span> <span class='ocrx_word' id='word_1_792' title='bbox 2742 4676 2997 4731; x_wconf 83' lang='lat' dir='ltr'><strong>delinitur</strong></span> <span class='ocrx_word' id='word_1_793' title='bbox 3044 4677 3278 4733; x_wconf 86' lang='lat' dir='ltr'><strong>servitus</strong></span> <span class='ocrx_word' id='word_1_794' title='bbox 3308 4696 3322 4733; x_wconf 91' lang='lat'>:</span> <span class='ocrx_word' id='word_1_795' title='bbox 3358 4697 3377 4729; x_wconf 73' lang='grc' dir='ltr'><strong>ε</strong></span> <span class='ocrx_word' id='word_1_796' title='bbox 3410 4678 3509 4733; x_wconf 84' lang='lat' dir='ltr'><strong>Est</strong></span> <span class='ocrx_word' id='word_1_797' title='bbox 3532 4683 3854 4739; x_wconf 84' lang='lat' dir='ltr'><strong>constitutio</strong></span> 
     </span>
    </p>
   </div>
   <div class='ocr_carea' id='block_1_104' title="bbox 2271 4762 3857 4837">
    <p class='ocr_par' dir='ltr' id='par_1_104' title="bbox 2271 4762 3857 4837">
     <span class='ocr_line' id='line_1_104' title="bbox 2271 4762 3857 4837; baseline 0.006 -19"><span class='ocrx_word' id='word_1_798' title='bbox 2271 4762 2412 4831; x_wconf 80' lang='lat' dir='ltr'><strong>juris</strong></span> <span class='ocrx_word' id='word_1_799' title='bbox 2448 4767 2714 4837; x_wconf 88' lang='lat' dir='ltr'><strong>gentium,</strong></span> <span class='ocrx_word' id='word_1_800' title='bbox 2771 4781 2876 4836; x_wconf 89' lang='lat' dir='ltr'><strong>qua</strong></span> <span class='ocrx_word' id='word_1_801' title='bbox 2916 4766 3040 4836; x_wconf 86' lang='lat' dir='ltr'><strong>quis</strong></span> <span class='ocrx_word' id='word_1_802' title='bbox 3089 4769 3308 4825; x_wconf 88' lang='lat' dir='ltr'><strong>domino</strong></span> <span class='ocrx_word' id='word_1_803' title='bbox 3350 4780 3541 4825; x_wconf 86' lang='lat' dir='ltr'><strong>contra</strong></span> <span class='ocrx_word' id='word_1_804' title='bbox 3601 4784 3857 4829; x_wconf 79' lang='lat' dir='ltr'><strong>naturam</strong></span> 
     </span>
    </p>
   </div>
   <div class='ocr_carea' id='block_1_105' title="bbox 2279 4853 3857 4935">
    <p class='ocr_par' dir='ltr' id='par_1_105' title="bbox 2279 4853 3857 4935">
     <span class='ocr_line' id='line_1_105' title="bbox 2279 4853 3857 4935; baseline 0.009 -29"><span class='ocrx_word' id='word_1_805' title='bbox 2279 4853 2578 4923; x_wconf 85' lang='lat' dir='ltr'><strong>subjicitur.</strong></span> <span class='ocrx_word' id='word_1_806' title='bbox 2621 4875 2640 4907; x_wconf 77' lang='grc' dir='ltr'><strong>ι</strong></span> <span class='ocrx_word' id='word_1_807' title='bbox 2668 4855 2823 4911; x_wconf 88' lang='lat' dir='ltr'><strong>Unde</strong></span> <span class='ocrx_word' id='word_1_808' title='bbox 2852 4859 3199 4912; x_wconf 83' lang='lat' dir='ltr'><strong>contrarium</strong></span> <span class='ocrx_word' id='word_1_809' title='bbox 3247 4877 3353 4914; x_wconf 89' lang='lat' dir='ltr'><strong>non</strong></span> <span class='ocrx_word' id='word_1_810' title='bbox 3394 4870 3543 4917; x_wconf 88' lang='lat' dir='ltr'><strong>recte</strong></span> <span class='ocrx_word' id='word_1_811' title='bbox 3570 4863 3772 4935; x_wconf 75' lang='lat' dir='ltr'><strong>legitur</strong></span> <span class='ocrx_word' id='word_1_812' title='bbox 3805 4867 3857 4920; x_wconf 88' lang='lat' dir='ltr'><strong>in</strong></span> 
     </span>
    </p>
   </div>
   <div class='ocr_carea' id='block_1_106' title="bbox 2276 4941 3855 5015">
    <p class='ocr_par' dir='ltr' id='par_1_106' title="bbox 2276 4941 3855 5015">
     <span class='ocr_line' id='line_1_106' title="bbox 2276 4941 3855 5015; baseline 0.008 -17"><span class='ocrx_word' id='word_1_813' title='bbox 2276 4959 2397 5014; x_wconf 88' lang='lat' dir='ltr'><strong>cap.</strong></span> <span class='ocrx_word' id='word_1_814' title='bbox 2420 4941 2489 5000; x_wconf 72' lang='grc'><strong>74</strong></span> <span class='ocrx_word' id='word_1_815' title='bbox 2543 4945 2687 5015; x_wconf 90' lang='lat' dir='ltr'><strong>quod</strong></span> <span class='ocrx_word' id='word_1_816' title='bbox 2717 4946 2797 5001; x_wconf 89' lang='lat' dir='ltr'><strong>sic</strong></span> <span class='ocrx_word' id='word_1_817' title='bbox 2821 4961 2851 5000; x_wconf 89' lang='lat' dir='ltr'><strong>a</strong></span> <span class='ocrx_word' id='word_1_818' title='bbox 2882 4945 2949 5001; x_wconf 70' lang='grc' dir='ltr'><strong>Β.</strong></span> <span class='ocrx_word' id='word_1_819' title='bbox 2984 4948 3048 5002; x_wconf 82' lang='grc' dir='ltr'><strong>Ι).</strong></span> <span class='ocrx_word' id='word_1_820' title='bbox 3068 4945 3212 5004; x_wconf 90' lang='lat' dir='ltr'><strong>Luca</strong></span> <span class='ocrx_word' id='word_1_821' title='bbox 3237 4950 3470 5006; x_wconf 80' lang='lat' dir='ltr'><strong>Acherio</strong></span> <span class='ocrx_word' id='word_1_822' title='bbox 3492 4955 3706 5010; x_wconf 80' lang='lat' dir='ltr'><strong>editum</strong></span> <span class='ocrx_word' id='word_1_823' title='bbox 3733 4966 3855 5013; x_wconf 83' lang='lat' dir='ltr'><strong>est:</strong></span> 
     </span>
    </p>
   </div>
   <div class='ocr_carea' id='block_1_107' title="bbox 2282 5035 3213 5106">
    <p class='ocr_par' dir='ltr' id='par_1_107' title="bbox 2282 5035 3213 5106">
     <span class='ocr_line' id='line_1_107' title="bbox 2282 5035 3213 5106; baseline 0.005 -20"><span class='ocrx_word' id='word_1_824' title='bbox 2282 5052 2302 5085; x_wconf 71' lang='grc' dir='ltr'><strong>α</strong></span> <span class='ocrx_word' id='word_1_825' title='bbox 2361 5035 2452 5103; x_wconf 90' lang='lat' dir='ltr'><strong>qui</strong></span> <span class='ocrx_word' id='word_1_826' title='bbox 2484 5044 2772 5106; x_wconf 87' lang='lat' dir='ltr'><strong>generatus</strong></span> <span class='ocrx_word' id='word_1_827' title='bbox 2808 5044 2912 5102; x_wconf 87' lang='lat' dir='ltr'><strong>est,</strong></span> <span class='ocrx_word' id='word_1_828' title='bbox 2950 5052 3156 5092; x_wconf 90' lang='lat' dir='ltr'><strong>servus.</strong></span> <span class='ocrx_word' id='word_1_829' title='bbox 3194 5059 3213 5091; x_wconf 75' lang='grc' dir='ltr'><strong><em>ι</em></strong></span> 
     </span>
    </p>
   </div>
   <div class='ocr_carea' id='block_1_108' title="bbox 2861 5125 3257 5185">
    <p class='ocr_par' dir='ltr' id='par_1_108' title="bbox 2861 5125 3257 5185">
     <span class='ocr_line' id='line_1_108' title="bbox 2861 5125 3257 5185; baseline 0.005 -3"><span class='ocrx_word' id='word_1_830' title='bbox 2861 5125 3090 5185; x_wconf 83' lang='lat' dir='ltr'><strong>CAPUT</strong></span> <span class='ocrx_word' id='word_1_831' title='bbox 3124 5128 3257 5185; x_wconf 80' lang='lat' dir='ltr'><strong>XIII.</strong></span> 
     </span>
    </p>
   </div>
   <div class='ocr_carea' id='block_1_109' title="bbox 2666 5210 3447 5284">
    <p class='ocr_par' dir='ltr' id='par_1_109' title="bbox 2666 5210 3447 5284">
     <span class='ocr_line' id='line_1_109' title="bbox 2666 5210 3447 5284; baseline 0.01 -16"><span class='ocrx_word' id='word_1_832' title='bbox 2666 5210 2745 5269; x_wconf 84' lang='lat' dir='ltr'><strong>De</strong></span> <span class='ocrx_word' id='word_1_833' title='bbox 2780 5216 2997 5271; x_wconf 72' lang='lat' dir='ltr'><strong>diversis</strong></span> <span class='ocrx_word' id='word_1_834' title='bbox 3042 5218 3447 5284; x_wconf 69' lang='lat' dir='ltr'><strong>Qumstionibns.</strong></span> 
     </span>
    </p>
   </div>
   <div class='ocr_carea' id='block_1_110' title="bbox 2344 5302 3855 5387">
    <p class='ocr_par' dir='ltr' id='par_1_110' title="bbox 2344 5302 3855 5387">
     <span class='ocr_line' id='line_1_110' title="bbox 2344 5302 3855 5387; baseline 0.011 -31"><span class='ocrx_word' id='word_1_835' title='bbox 2344 5302 2560 5373; x_wconf 73' lang='lat' dir='ltr'><strong>Jejnnia</strong></span> <span class='ocrx_word' id='word_1_836' title='bbox 2574 5304 2872 5374; x_wconf 80' lang='lat' dir='ltr'><strong>legitima...</strong></span> <span class='ocrx_word' id='word_1_837' title='bbox 2887 5316 3010 5362; x_wconf 84' lang='lat' dir='ltr'><strong>ante</strong></span> <span class='ocrx_word' id='word_1_838' title='bbox 3026 5308 3220 5363; x_wconf 80' lang='lat' dir='ltr'><strong>Natale</strong></span> <span class='ocrx_word' id='word_1_839' title='bbox 3233 5309 3464 5366; x_wconf 80' lang='lat' dir='ltr'><strong>Domini.</strong></span> <span class='ocrx_word' id='word_1_840' title='bbox 3483 5312 3619 5369; x_wconf 74' lang='lat' dir='ltr'><strong>Vide</strong></span> <span class='ocrx_word' id='word_1_841' title='bbox 3628 5315 3855 5387; x_wconf 68' lang='lat' dir='ltr'><strong>Egberti</strong></span> 
     </span>
    </p>
   </div>
   <div class='ocr_carea' id='block_1_111' title="bbox 602 5371 3857 5477">
    <p class='ocr_par' dir='ltr' id='par_1_111' title="bbox 602 5371 3857 5477">
     <span class='ocr_line' id='line_1_111' title="bbox 602 5371 3857 5477; baseline 0.012 -53"><span class='ocrx_word' id='word_1_842' title='bbox 602 5371 821 5477; x_wconf 76' lang='lat' dir='ltr'><strong>libatum</strong></span> <span class='ocrx_word' id='word_1_843' title='bbox 845 5373 1098 5475; x_wconf 74' lang='lat' dir='ltr'><strong>dedecori</strong></span> <span class='ocrx_word' id='word_1_844' title='bbox 1141 5376 1321 5477; x_wconf 44' lang='lat' dir='ltr'><strong>.ducit,</strong></span> <span class='ocrx_word' id='word_1_845' title='bbox 1379 5388 1434 5435; x_wconf 92' lang='lat' dir='ltr'><strong>et</strong></span> <span class='ocrx_word' id='word_1_846' title='bbox 1462 5395 1526 5435; x_wconf 89' lang='lat' dir='ltr'><strong>ea</strong></span> <span class='ocrx_word' id='word_1_847' title='bbox 1568 5384 1635 5437; x_wconf 84' lang='lat' dir='ltr'><strong>de</strong></span> <span class='ocrx_word' id='word_1_848' title='bbox 1658 5399 1822 5441; x_wconf 90' lang='lat' dir='ltr'><strong>causa</strong></span> <span class='ocrx_word' id='word_1_849' title='bbox 1850 5388 1981 5443; x_wconf 85' lang='lat' dir='ltr'><strong>.vult</strong></span> <span class='ocrx_word' id='word_1_850' title='bbox 2007 5389 2173 5445; x_wconf 87' lang='lat' dir='ltr'><strong>tiliam</strong></span> <span class='ocrx_word' id='word_1_851' title='bbox 2272 5371 2634 5450; x_wconf 76' lang='lat' dir='ltr'><strong>Eboracensis</strong></span> <span class='ocrx_word' id='word_1_852' title='bbox 2664 5396 3054 5468; x_wconf 88' lang='lat' dir='ltr'><strong>archiepiscopi</strong></span> <span class='ocrx_word' id='word_1_853' title='bbox 3078 5399 3375 5471; x_wconf 77' lang='lat' dir='ltr'><strong>Dialogum,</strong></span> <span class='ocrx_word' id='word_1_854' title='bbox 3421 5403 3515 5472; x_wconf 89' lang='lat' dir='ltr'><strong>qui</strong></span> <span class='ocrx_word' id='word_1_855' title='bbox 3543 5404 3597 5458; x_wconf 86' lang='lat' dir='ltr'><strong>in</strong></span> 
     </span>
    </p>
   </div>
   <div class='ocr_carea' id='block_1_112' title="bbox 600 5464 3853 5566">
    <p class='ocr_par' dir='ltr' id='par_1_112' title="bbox 600 5464 3853 5566">
     <span class='ocr_line' id='line_1_112' title="bbox 600 5464 3853 5566; baseline 0.011 -49"><span class='ocrx_word' id='word_1_856' title='bbox 600 5466 798 5519; x_wconf 89' lang='lat' dir='ltr'><strong>marito</strong></span> <span class='ocrx_word' id='word_1_857' title='bbox 837 5464 1300 5566; x_wconf 47' lang='lat' dir='ltr'><strong>jungem,‘_faciat</strong></span> <span class='ocrx_word' id='word_1_858' title='bbox 1335 5472 1479 5566; x_wconf 80' lang='lat' dir='ltr'><strong>quod</strong></span> <span class='ocrx_word' id='word_1_859' title='bbox 1529 5473 1831 5566; x_wconf 38' lang='lat' dir='ltr'><strong>videtur.)</strong></span> <span class='ocrx_word' id='word_1_860' title='bbox 1872 5477 1978 5532; x_wconf 88' lang='lat' dir='ltr'><strong>Sed</strong></span> <span class='ocrx_word' id='word_1_861' title='bbox 2016 5480 2174 5535; x_wconf 90' lang='lat' dir='ltr'><strong>aliter</strong></span> <span class='ocrx_word' id='word_1_862' title='bbox 2265 5485 2415 5540; x_wconf 91' lang='lat' dir='ltr'><strong>sione</strong></span> <span class='ocrx_word' id='word_1_863' title='bbox 2444 5487 2510 5541; x_wconf 89' lang='lat' dir='ltr'><strong>ad</strong></span> <span class='ocrx_word' id='word_1_864' title='bbox 2539 5464 3020 5559; x_wconf 79' lang='lat' dir='ltr'><strong>interrogationem</strong></span> <span class='ocrx_word' id='word_1_865' title='bbox 3066 5491 3132 5545; x_wconf 84' lang='lat' dir='ltr'><strong>l6</strong></span> <span class='ocrx_word' id='word_1_866' title='bbox 3191 5464 3474 5548; x_wconf 72' lang='lat' dir='ltr'><strong>testatura</strong></span> <span class='ocrx_word' id='word_1_867' title='bbox 3506 5464 3853 5566; x_wconf 75' lang='lat' dir='ltr'><strong>temporibus</strong></span> 
     </span>
    </p>
   </div>
   <div class='ocr_carea' id='block_1_113' title="bbox 599 5555 3850 5649">
    <p class='ocr_par' dir='ltr' id='par_1_113' title="bbox 599 5555 3850 5649">
     <span class='ocr_line' id='line_1_113' title="bbox 599 5555 3850 5649; baseline 0.011 -42"><span class='ocrx_word' id='word_1_868' title='bbox 599 5562 885 5649; x_wconf 70' lang='lat' dir='ltr'><strong>exponunt</strong></span> <span class='ocrx_word' id='word_1_869' title='bbox 910 5555 1020 5610; x_wconf 90' lang='lat' dir='ltr'><strong>alii.</strong></span> <span class='ocrx_word' id='word_1_870' title='bbox 1066 5556 1303 5613; x_wconf 84' lang='lat' dir='ltr'><strong>Hilarius</strong></span> <span class='ocrx_word' id='word_1_871' title='bbox 1337 5560 1596 5618; x_wconf 89' lang='lat' dir='ltr'><strong>diaconus</strong></span> <span class='ocrx_word' id='word_1_872' title='bbox 1653 5565 1707 5618; x_wconf 89' lang='lat' dir='ltr'><strong>in</strong></span> <span class='ocrx_word' id='word_1_873' title='bbox 1758 5565 2052 5636; x_wconf 86' lang='lat' dir='ltr'><strong>Epistolam</strong></span> <span class='ocrx_word' id='word_1_874' title='bbox 2102 5573 2171 5627; x_wconf 88' lang='lat' dir='ltr'><strong>ad</strong></span> <span class='ocrx_word' id='word_1_875' title='bbox 2267 5576 2520 5632; x_wconf 86' lang='lat' dir='ltr'><strong>Vitaliani</strong></span> <span class='ocrx_word' id='word_1_876' title='bbox 2576 5594 2726 5649; x_wconf 68' lang='lat' dir='ltr'><strong>papa:</strong></span> <span class='ocrx_word' id='word_1_877' title='bbox 2752 5555 2829 5634; x_wconf 33' lang='lat' dir='ltr'><strong>vet</strong></span> <span class='ocrx_word' id='word_1_878' title='bbox 2857 5579 3123 5635; x_wconf 88' lang='lat' dir='ltr'><strong>Theodori</strong></span> <span class='ocrx_word' id='word_1_879' title='bbox 3168 5584 3453 5639; x_wconf 82' lang='lat' dir='ltr'><strong>inolevisse</strong></span> <span class='ocrx_word' id='word_1_880' title='bbox 3506 5586 3561 5641; x_wconf 91' lang='lat' dir='ltr'><strong>in</strong></span> <span class='ocrx_word' id='word_1_881' title='bbox 3608 5555 3850 5642; x_wconf 56' lang='grc' dir='ltr'><strong>ἀει-ἰδίει</strong></span> 
     </span>
    </p>
   </div>
   <div class='ocr_carea' id='block_1_114' title="bbox 598 5645 3846 5750">
    <p class='ocr_par' dir='ltr' id='par_1_114' title="bbox 598 5645 3846 5750">
     <span class='ocr_line' id='line_1_114' title="bbox 598 5645 3846 5750; baseline 0.009 -47"><span class='ocrx_word' id='word_1_882' title='bbox 598 5645 840 5704; x_wconf 77' lang='lat' dir='ltr'><strong>Corinth.</strong></span> <span class='ocrx_word' id='word_1_883' title='bbox 867 5648 907 5713; x_wconf 90' lang='lat' dir='ltr'><strong>I,</strong></span> <span class='ocrx_word' id='word_1_884' title='bbox 947 5665 1065 5718; x_wconf 89' lang='lat' dir='ltr'><strong>cap.</strong></span> <span class='ocrx_word' id='word_1_885' title='bbox 1122 5667 1234 5703; x_wconf 86' lang='lat' dir='ltr'><strong>vn:</strong></span> <span class='ocrx_word' id='word_1_886' title='bbox 1267 5670 1284 5702; x_wconf 73' lang='grc' dir='ltr'>ι</span> <span class='ocrx_word' id='word_1_887' title='bbox 1325 5651 1380 5706; x_wconf 93' lang='lat' dir='ltr'><strong>Si</strong></span> <span class='ocrx_word' id='word_1_888' title='bbox 1411 5669 1543 5723; x_wconf 89' lang='lat' dir='ltr'><strong>ergo</strong></span> <span class='ocrx_word' id='word_1_889' title='bbox 1586 5657 1764 5726; x_wconf 88' lang='lat' dir='ltr'><strong>aliqua</strong></span> <span class='ocrx_word' id='word_1_890' title='bbox 1815 5659 1870 5713; x_wconf 91' lang='lat' dir='ltr'><strong>in</strong></span> <span class='ocrx_word' id='word_1_891' title='bbox 1898 5661 2170 5720; x_wconf 83' lang='lat' dir='ltr'><strong>desiderio</strong></span> <span class='ocrx_word' id='word_1_892' title='bbox 2263 5666 2556 5737; x_wconf 85' lang='lat' dir='ltr'><strong>Anglorum</strong></span> <span class='ocrx_word' id='word_1_893' title='bbox 2576 5645 2723 5725; x_wconf 42' lang='lat' dir='ltr'><strong>lia-nc</strong></span> <span class='ocrx_word' id='word_1_894' title='bbox 2752 5672 3222 5730; x_wconf 82' lang='lat' dir='ltr'><strong>consuetudinem.</strong></span> <span class='ocrx_word' id='word_1_895' title='bbox 3266 5694 3286 5727; x_wconf 70' lang='grc' dir='ltr'><strong>ι</strong></span> <span class='ocrx_word' id='word_1_896' title='bbox 3341 5674 3474 5731; x_wconf 81' lang='lat' dir='ltr'><strong>Nam</strong></span> <span class='ocrx_word' id='word_1_897' title='bbox 3504 5679 3641 5745; x_wconf 73' lang='lat' dir='ltr'><strong>lucc,</strong></span> <span class='ocrx_word' id='word_1_898' title='bbox 3671 5679 3846 5750; x_wconf 87' lang='lat' dir='ltr'><strong>inquit</strong></span> 
     </span>
    </p>
   </div>
  </div>
