4060 6350
175 373 314 432 1161

1309 344 1876 422 OBSERVATIONES
1915 360 2003 417 ET
2042 360 2274 419 nom.

3274 359 3412 418 “63

172 493 312 563 (Deo
351 489 575 561 gratias)
604 504 633 544 ε,
666 491 992 561 temporibus
1021 489 1267 546 Vitalian;
1308 504 1458 559 papa,
1492 497 1546 542 οι
1575 488 1741 541 Theo-
1767 481 1818 538 Α
1844 476 1981 531 bella
2019 492 2140 531 cum
2177 456 2343 531 armis
2388 474 2774 546 processerint,
2822 472 2896 530 ita
2955 474 3311 545 deponantur,
3358 482 3417 529 ut

171 585 296 640 dori
344 584 779 637 Dorobernensis
815 584 1199 653 archiepiscopi
1233 582 1453 636 inolevit
1483 581 1534 633 in
1566 579 1745 632 Eccle-

171 676 258 729 sia
316 673 611 744 Anglorum
655 675 1005 737 consuetudo,
1048 683 1103 727 et
1154 673 1308 742 quasi
1365 672 1602 741 legitima
1666 678 1747 723 te-

172 766 429 828 nebatur,
460 771 519 816 ut
558 779 663 817 non
693 763 865 818 solum
911 763 1093 819 clerici
1144 765 1201 817 in
1257 762 1619 825 monasteriis,
1650 760 1745 815 sed

171 855 346 909 etiam
387 853 510 909 laici
555 868 676 909 cum
707 854 1022 923 conjugibus
1050 864 1105 908 et
1138 854 1355 917 familiis
1398 854 1510 909 suis
1532 853 1597 907 ad
1619 866 1748 905 con-

174 945 416 1000 fessores
454 961 578 1000 suos
604 947 970 1015 pervenirent,
1014 956 1068 1001 et
1121 962 1181 1002 se
1224 946 1435 1001 ﬂetibus
1470 962 1502 1000 a
1557 960 1748 1000 cama-

172 1034 244 1089 lis
300 1036 746 1103 concupiscentia:
794 1038 1067 1092 consortio
1112 1038 1196 1093 his
1234 1038 1513 1092 duodecim
1560 1036 1748 1090 diebus

173 1141 304 1180 cum
337 1126 800 1197 eleemosynarum
852 1127 1133 1197 largitione
1171 1128 1521 1190 mundarent;
1563 1132 1749 1194 quate-

174 1234 281 1272 nus
334 1217 580 1285 pnriores
617 1217 909 1273 Dominicae
937 1219 1327 1275 communionis
1352 1218 1749 1289 perceptionem

172 1310 232 1363 in
286 1310 473 1365 Natale
504 1311 714 1365 Domini
764 1313 1136 1383 perciperent;
1190 1322 1388 1382 praeter
1439 1314 1555 1366 bmc
1604 1326 1750 1364 nam-

174 1416 283 1469 que
317 1401 611 1455 constituta
662 1400 884 1470 jejunia,
938 1410 1129 1472 quarta
1178 1412 1232 1456 et
1266 1400 1581 1457 sexta'feria
1618 1416 1748 1468 pro-

174 1497 299 1556 pter
334 1490 639 1557 passionem
686 1489 906 1557 Christi,
963 1500 1019 1547 et
1060 1493 1305 1557 sabbato,
1345 1501 1564 1563 propter
1605 1492 1752 1561 quod

175 1584 296 1651 ipso
326 1582 412 1635 die
433 1582 606 1651 jacuit
645 1583 697 1636 in
747 1584 990 1653 sepulcro
1034 1584 1277 1654 plerique
1296 1583 1693 1653 jejunaverunt.
1726 1602 1744 1634 ι

253 1673 419 1728 Servo
462 1672 558 1727 Dei
586 1672 880 1728 nullatenus
908 1674 1025 1728 licet
1052 1691 1303 1745 pugnare,
1357 1673 1640 1728 multorum
1689 1672 1751 1725 li-

1847 582 1947 621 nec
1994 567 2186 621 laicam
2248 568 2678 621 communionem
2729 566 2978 620 habeant.
3040 584 3059 616 ›
3109 565 3247 634 Ergo
3311 564 3416 635 legi

1848 660 2005 714 debet
2044 660 2185 714 sicut
2226 659 2424 712 habent
2450 658 2555 711 duo
2596 658 2808 713 codices
2832 654 3223 710 Pcenitentialis
3243 654 3419 709 Theo-

1849 752 1966 806 dori
2013 770 2024 805 :
2083 769 2101 801 ‹
2146 750 2315 805 Servo
2342 750 2437 805 Dei
2484 750 2787 805 nullatenus
2826 749 2953 803 licet
2980 762 3245 819 pugnare,
3274 745 3415 801 mul-

1848 849 2026 899 torum
2053 841 2179 897 licet
2207 842 2280 896 sit
2321 840 2547 897 consilio
2575 855 2851 895 servorum
2882 839 2995 893 Dei.
3032 857 3051 889 ι

1916 929 2185 1001 Infantem
2218 946 2313 1001 pro
2336 929 2537 999 infante
2582 939 2744 1001 potest
2788 930 2906 982 dari
2952 928 3021 982 ad
3044 928 3418 983 monasterium

1848 1020 1978 1077 Deo.
2023 1020 2261 1077 Infantes
2301 1029 2577 1091 perpetuzc
2603 1020 2898 1090 virginitati
2977 1019 3157 1074 dicare
3188 1020 3289 1074 hoc
3331 1034 3420 1074 sa-

1849 1114 1922 1169 tis
1965 1128 2086 1170 esse
2133 1114 2411 1183 antiquum
2454 1116 2508 1167 in
2558 1112 2796 1167 Ecclesia
2825 1111 3058 1166 declarat
3088 1110 3415 1181 exemplum,

1851 1205 1995 1274 quod
2042 1203 2304 1274 Sulpitius
2348 1202 2582 1259 Severus
2635 1202 2799 1257 refert
2859 1204 2911 1255 in
2952 1200 3188 1257 Historia
3242 1202 3417 1257 sancti

1852 1296 2086 1361 Martini,
2136 1312 2255 1366 cap.
2283 1296 2352 1349 20
2384 1314 2396 1348 :
2436 1315 2455 1349 ι
2489 1294 2617 1363 Qum
2657 1312 2764 1360 res,
2815 1296 3008 1366 inquit,
3063 1296 3204 1366 apud
3245 1295 3419 1350 Arbo-

1851 1387 1992 1440 rium
2017 1387 2074 1442 in
2104 1394 2309 1441 tantum
2356 1386 2545 1451 valuit,
2584 1394 2643 1440 ut
2691 1387 2872 1443 statim
2908 1386 3137 1455 puellam
3163 1386 3274 1441 Deo
3321 1402 3418 1441 vo-

1851 1479 2013 1543 verit,
2065 1487 2118 1533 et
2174 1487 2446 1549 perpetuae
2496 1478 2790 1548 virginitati
2836 1479 3050 1543 dicarit,
3096 1487 3198 1533 etc.
3236 1499 3254 1530 ι
3284 1477 3424 1533 San-

1852 1578 1970 1624 ctus
2016 1569 2363 1640 Augustinus,
2414 1570 2505 1623 lib.
2557 1570 2623 1624 de
2676 1570 2984 1636 Quantitate
3038 1570 3249 1634 anill.1B,
3302 1584 3420 1638 cap.
3488 1574 3503 1591 ⁸

1852 1659 1921 1714 56
1952 1650 1966 1714 ἑ
1996 1678 2014 1711 ι
2064 1659 2185 1715 Iam
2237 1675 2368 1715 vero
2415 1661 2579 1715 etiam
2616 1676 2901 1730 puerorum
2959 1660 3243 1714 infantium
3291 1676 3423 1715 con-

175 1777 255 1819 οεε
309 1767 376 1819 ,ει
416 1766 633 1820 consilio
680 1783 945 1822 servorum
995 1768 1113 1821 Dei.
1167 1768 1387 1823 Rectius
1438 1784 1567 1822 sane
1587 1782 1751 1836 quam
1782 1826 1823 1836 __
1855 1751 2186 1806 secrationes
2222 1758 2481 1820 quantum
2509 1751 2734 1820 prosint,
2776 1750 3160 1805 obscurissima
3199 1751 3427 1821 quiestio

173 1856 321 1924 quod
364 1858 525 1911 habet
577 1858 738 1927 capit.
801 1857 893 1921 42’
948 1874 976 1911 3
1016 1859 1083 1913 ῃ.
1116 1858 1179 1912 ι),
1214 1859 1357 1913 Luca
1411 1826 1645 1914 Acheri‘o
1670 1859 1751 1912 sic
1782 1826 1826 1883 Β
1853 1849 1959 1905 est,
1990 1840 2232 1895 nonnihil
2267 1848 2448 1896 tamen
2488 1844 2743 1909 prodesse
2775 1842 3097 1895 credendum
3137 1850 3237 1896 est.
3276 1840 3426 1896 Inve-

175 1947 425 2013 editum:
466 1964 484 1997 ι
540 1946 762 2002 Clericis
814 1947 1116 2002 nullatenus
1162 1964 1403 2019 pugnare
1444 1949 1592 2012 licet,
1648 1948 1752 2003 nisi

176 2036 229 2090 in
272 2036 637 2107 multitudine,
683 2045 776 2091 aut
807 2038 1031 2092 consilio
1090 2052 1369 2091 servorum
1419 2038 1534 2091 Dei.
1576 2058 1593 2089 ι
1627 2037 1755 2104 Qum

176 2126 341 2182 lectio
396 2127 618 2183 omnino
646 2135 850 2198 pugnat
885 2127 1182 2182 canonibus
1225 2128 1593 2190 conciliorum,
1644 2135 1751 2181 tam

172 2233 297 2287 quae.
336 2219 664 2288 praecedunt,
718 2235 880 2288 quam
919 2235 1037 2288 quae
1072 2208 1491 2290 subsequuntur.
1542 2220 1749 2275 Concil.

173 2309 634 2374 Chalcedonense,
677 2327 728 2366 c.
752 2311 782 2364 7
816 2330 828 2364 :
867 2330 885 2362 ‹
944 2312 1050 2367 Eos
1102 2313 1273 2382 quiin
1302 2312 1447 2367 clero
1474 2313 1639 2366 semel
1666 2329 1754 2367 or-

174 2399 352 2452 dinati
376 2408 518 2465 sunt,
570 2408 624 2455 et
648 2401 836 2456 itidem
882 2404 1196 2469 monachos,
1250 2403 1539 2457 statuimus
1561 2418 1660 2456 nec
1686 2401 1753 2456 ad

174 2488 468 2543 militarem
513 2491 931 2561 expeditionem,
983 2508 1083 2549 nec
1132 2495 1200 2548 ad
1247 2493 1561 2548 saecularem
1584 2494 1754 2565 digni-

176 2586 344 2635 tatem
374 2597 531 2651 posse
559 2583 762 2638 venire.
806 2584 908 2651 Qui
934 2594 1113 2640 autem
1161 2586 1263 2641 hoc
1306 2586 1527 2651 audent,
1570 2598 1620 2640 et
1646 2601 1752 2641 non

174 2675 496 2742 pmnitantia
549 2676 693 2731 ducti
734 2678 802 2733 ad
831 2678 886 2732 id
932 2686 1299 2744 revertuntur,
1342 2680 1485 2748 quod
1531 2688 1753 2749 pr0pter

176 2764 346 2819 Deum
396 2766 548 2837 prius
597 2766 889 2835 elegerant,
943 2770 1411 2824 anathematizari.
1470 2787 1490 2821 ι
1543 2768 1747 2824 Concil.

178 2857 585 2929 Andegavense,
638 2876 760 2915 can.
788 2861 856 2913 7:
896 2879 915 2912 ‹
951 2861 1145 2917 Clerici
1174 2877 1403 2931 quoque,
1449 2862 1541 2930 qui
1564 2861 1751 2917 relicto

175 2949 324 3003 clero
371 2964 428 3003 se
474 2952 542 3004 ad
569 2951 881 3005 saecularem
927 2952 1175 3006 militiam
1227 2961 1283 3006 et
1323 2953 1390 3006 ad
1417 2952 1584 3007 laicos
1617 2967 1749 3006 con-

177 3038 421 3104 tulerint,
461 3056 569 3095 non
598 3039 794 3109 injuste
817 3041 885 3095 ab
911 3041 1167 3105 Ecclesia,
1204 3058 1367 3112 quam
1391 3043 1747 3111 reliquerunt,

174 3138 512 3185 'amoventur.
549 3152 569 3183 ι
602 3132 806 3188 Concil.
832 3133 1148 3189 Toletanum
1191 3151 1264 3199 iv,
1297 3152 1345 3190 c.
1384 3135 1417 3187 4
1449 3142 1481 3188 :‘
1505 3154 1522 3186 ι
1555 3136 1748 3191 Clerici
1775 3168 1822 3229 ο

172 3218 231 3271 in
277 3234 600 3289 quacunque
637 3221 897 3276 seditione
931 3237 1082 3275 arma
1122 3222 1364 3278 volentes
1400 3225 1747 3294 sumpserint,

172 3307 263 3361 vel
289 3316 657 3377 sumpserunt,
706 3310 926 3379 reperti,
960 3312 1159 3366 amisso
1203 3312 1411 3368 ordinis
1464 3316 1547 3367 sui
1579 3315 1747 3384 gradu

173 3400 233 3453 in
282 3402 669 3456 monasterium
688 3404 1021 3471 penitentiae
1048 3405 1455 3459 contradantur.
1487 3425 1505 3457 ι
1539 3404 1746 3459 Concil.

170 3486 561 3544 Germanicum
586 3506 623 3557 ι,
660 3507 707 3546 c.
736 3493 807 3546 2:
844 3511 862 3544 ‹
903 3492 1085 3549 Servis
1113 3494 1205 3549 Dei
1226 3509 1325 3564 per
1364 3495 1547 3549 omnia
1571 3510 1750 3548 arma-

170 3589 363 3635 turam
410 3591 644 3651 portare,
701 3585 801 3644 vel.
831 3601 1087 3657 pugnare,
1137 3588 1314 3641 autin
1364 3588 1661 3642 exercitum
1690 3594 1746 3641 et

172 3675 232 3727 in
261 3674 471 3730 hostem
496 3691 721 3747 pergere
765 3681 986 3734 omnino
1020 3682 1413 3750 prohibuimus.
1448 3702 1466 3732 ›
1503 3681 1752 3752 Synodus

172 3764 457 3830 Metensis,
480 3783 599 3822 can.
634 3770 700 3823 I6
738 3788 751 3823 :
786 3788 804 3821 ‹
844 3770 913 3826 Ut
931 3786 1078 3825 arma
1105 3772 1286 3827 clerici
1309 3788 1416 3828 non
1443 3782 1677 3841 portent.
1726 3791 1745 3825 ι

172 3855 358 3910 Caroli
404 3857 578 3929 Magni
622 3860 852 3929 capitula
894 3862 1280 3928 ecclesiastica,
1330 3879 1448 3934 cap.
1480 3864 1557 3917 4:
1594 3883 1613 3915 ‹
1652 3864 1751 3919 Se—

170 3946 354 3999 cunda
408 3948 525 4004 vice
572 3958 793 4020 propter
844 3952 1158 4023 ampliorem
1193 3954 1592 4008 observantiam
1628 3970 1755 4025 apo-

168 4038 367 4092 stolica
422 4042 763 4107 auctoritate,
798 4050 852 4095 et
904 4043 1193 4097 multorum
1234 4044 1608 4113 episcoporum
1660 4044 1758 4097 ad-

166 4130 473 4183 monitione
524 4130 793 4198 instructi,
838 4142 1252 4202 sanctorumque
1292 4150 1559 4189 canonum
1595 4148 1753 4206 regu-

168 4218 242 4273 lis
278 4220 478 4285 edocti,
520 4222 765 4276 consultu
804 4212 1053 4278 videlicet
1089 4225 1329 4278 omnium
1365 4224 1626 4280 nobilium
1658 4239 1754 4282 no—

165 4317 432 4373 strorum,
479 4314 838 4383 nosmetipsos
865 4313 1219 4385 corrigentes,
1269 4317 1608 4386 posterisque
1650 4330 1751 4371 no-

166 4400 304 4455 stris
330 4403 633 4472 exemplum
659 4406 866 4469 dantes,
920 4406 1163 4461 volumus
1188 4416 1248 4460 ut
1290 4408 1468 4463 nullus
1496 4409 1751 4465 sacerdos

1851 1938 1964 1991 niet
2016 1937 2120 1990 hoc
2174 1936 2334 1998 ratio,
2366 1951 2489 1989 cum
2539 1936 2709 2005 quaeri
2747 1936 3089 2005 oportuerit:
3122 1950 3426 2004 quanquam

1849 2035 1907 2083 et
1948 2025 2051 2080 alia
2099 2026 2264 2080 multa
2284 2026 2397 2095 jam
2436 2027 2525 2081 diu
2580 2027 2868 2096 quaerenda
2906 2026 3005 2080 tibi
3048 2026 3227 2095 potius
3265 2042 3426 2094 quam

1851 2116 2224 2185 cognoscenda
2273 2116 2613 2187 protulerim.
2681 2116 2836 2184 Quod
2884 2116 2977 2171 fiet
3026 2116 3332 2181 utilissime,
3387 2117 3431 2170 si

1852 2205 1985 2260 duce
2024 2207 2223 2275 pietate
2251 2200 2614 2275 requirantur.
2652 2228 2671 2259 ι
2705 2207 2834 2261 Post
2879 2216 3128 2262 sanctum
3170 2207 3431 2262 Basilium

1854 2295 2168 2350 Theodorus
2199 2296 2482 2366 judicabat
2522 2296 2830 2366 hujusmodi
2886 2297 3321 2363 consecratioues
3358 2296 3430 2351 fa-

1850 2384 1953 2439 cile
1998 2385 2152 2439 solvi.
2214 2386 2305 2441 Sic
2354 2388 2498 2441 enim
2560 2403 2680 2458 cap.
2735 2387 2842 2443 120
2893 2387 3125 2442 Basilius
3166 2385 3432 2456 judicavit

1850 2478 2035 2547 pueris
2051 2478 2330 2534 licentiam
2360 2482 2562 2536 nubere
2584 2489 2709 2535 ante
2730 2482 3002 2537 sexdecim
3028 2497 3220 2547 annos,
3265 2482 3312 2537 si
3338 2483 3432 2541 ab-

1851 2571 2055 2627 stinere
2103 2587 2209 2626 non
2252 2574 2544 2641 potuerint,
2599 2575 2847 2643 quamvis
2895 2576 3145 2631 monachi
3178 2574 3427 2630 fuissent.

1853 2663 1986 2718 Vide
2025 2680 2237 2735 quoque
2280 2667 2423 2736 quod
2462 2667 2742 2722 retulimus
2770 2682 2953 2739 supra.
3503 2742 3506 2745 Α

1918 2753 1998 2807 De
2023 2765 2227 2809 mortuo
2260 2765 2434 2811 autem
2460 2757 2557 2811 Dei
2607 2756 2770 2812 solius
2816 2766 2891 2813 est
2943 2759 3149 2813 notitia.
3195 2759 3432 2815 Anasta-

1851 2843 1964 2898 sius
1991 2845 2053 2909 ll,
2082 2845 2137 2898 in
2159 2846 2316 2915 epist.
2336 2847 2391 2913 I,
2411 2849 2479 2901 ad
2499 2848 2847 2903 Anastasium
2868 2848 3188 2919 Augustum,
3205 2864 3323 2920 cap.
3356 2850 3425 2905 2:

1858 2954 1877 2988 (
1932 2938 2116 3007 Itaque
2160 2950 2415 2996 monente
2448 2957 2544 2996 nos
2590 2942 2905 2997 beatissimo
2962 2942 3128 2997 Paulo
3168 2945 3429 3014 apostolo,

1851 3044 1921 3084 ne
1949 3032 2091 3100 quod
2122 3033 2192 3087 sit
2229 3034 2282 3086 in
2309 3034 2412 3088 hoc
2459 3032 2842 3089 oll‘endieulum
2885 3035 2941 3089 in
2971 3035 3232 3101 Ecclesia,
3272 3038 3424 3104 dum,

1852 3124 1996 3192 quod
2039 3124 2219 3180 facere
2259 3140 2369 3179 non
2407 3139 2714 3195 possumus,
2746 3127 2813 3183 de
2846 3127 2931 3182 his
2963 3129 3055 3197 qui
3101 3126 3214 3196 jam
3246 3138 3429 3185 trans-

1855 3215 2053 3279 ierunt,
2085 3215 2331 3283 judicare
2385 3232 2665 3284 conemur,
2709 3220 3107 3275 observandum
3132 3236 3252 3276 esse
3280 3231 3429 3278 tran-

1852 3305 2093 3373 quillitas
2127 3316 2217 3361 tua
2249 3318 2555 3377 cognoscat.
2589 3309 2679 3362 Ait
2709 3311 2853 3363 enim
2909 3311 2974 3364 de
2996 3313 3080 3366 his
3108 3315 3199 3381 qui
3237 3314 3302 3367 de
3343 3329 3430 3369 re-

1852 3395 1952 3451 bus
2007 3396 2073 3451 ad
2119 3399 2286 3453 Deum
2325 3400 2496 3454 solum
2539 3402 2937 3469 pertinentibus
2982 3402 3226 3472 judicare
3280 3422 3422 3476 pra:-

1853 3494 2070 3539 sumunt
2100 3505 2113 3539 :
2146 3486 2315 3541 Nemo
2342 3489 2480 3542 enim
2508 3498 2743 3544 nostrum
2763 3491 2862 3544 sibi
2892 3492 3037 3559 vivit,
3079 3504 3126 3548 et
3150 3510 3297 3549 nemo
3326 3496 3428 3552 tibi

1852 3579 2093 3643 moritur,
2123 3586 2228 3633 etc.
2264 3597 2284 3631 ι
2316 3579 2437 3633 Alia
2487 3578 2707 3635 Patrum
2763 3582 3070 3639 testimonia
3124 3587 3188 3641 de
3223 3587 3328 3641 hac
3365 3602 3429 3644 re

1851 3667 2031 3738 legere
2077 3677 2159 3724 est
2216 3670 2269 3724 in
2310 3672 2601 3726 constituto
2657 3674 2837 3744 Vigilii
2862 3690 3014 3745 papa:
3034 3677 3099 3731 de
3126 3678 3301 3733 tribus
3326 3678 3430 3735 Ca-

1852 3760 2055 3827 pitulis.
2108 3759 2214 3815 Sed
2245 3761 2311 3816 de
2358 3764 2547 3816 eadem
2600 3765 2897 3834 quastione
2948 3766 3239 3836 plurimum
3268 3770 3428 3825 aPa-

1851 3849 2024 3904 tribus
2069 3852 2257 3921 synodi
2284 3852 2887 3924 Constantinopolitanzn
2928 3873 2968 3911 ιι
2998 3858 3259 3914 discussa.
3291 3862 3428 3916 Vide

1852 3942 2137 4011 epistolam
2162 3944 2503 4013 imperatoris
2527 3944 2814 4001 Iustiniani
2843 3948 2912 4002 ad
2937 3951 3198 4019 synodum
3224 3967 3263 4005 ιι
3292 3950 3428 4006 Con-

1853 4033 2427 4102 stantinopolitanam;
2485 4034 2670 4107 Cyrilli
2696 4038 2856 4106 epist.
2909 4038 2975 4092 ad
3009 4050 3254 4094 sanctum
3294 4040 3428 4095 Pro-

1854 4124 2033 4191 clum;
2086 4126 2263 4182 Procli
2309 4128 2467 4197 epist.
2530 4130 2599 4184 ad
2654 4127 2915 4186 Joannem
2980 4132 3419 4201 Antiochenum;

1852 4214 2203 4272 Collationem
2230 4233 2327 4272 vni
2357 4220 2571 4275 concilii
2606 4218 3183 4292 ConstantinOpolitani
3209 4241 3284 4289 u;
3312 4224 3415 4279 Pe-

1852 4304 1979 4375 lagii
2019 4306 2063 4361 Il
2102 4309 2387 4377 epistolam
2435 4312 2501 4365 ad
2536 4311 2709 4367 Eliam
2750 4314 3153 4384 Aquileiensem
3182 4324 3236 4369 et
3284 4316 3421 4371 alios

1850 4400 2022 4454 Istriae
2055 4402 2357 4473 episc0pos,
2400 4413 2459 4460 et
2481 4404 2767 4461 Iustiniani
2798 4407 3141 4476 imperatoris
3190 4407 3425 4464 edictum

167 4490 227 4545 in
255 4491 467 4546 hostem
504 4503 710 4563 pergat,
761 4505 867 4551 etc.
910 4517 927 4549 ι
968 4498 1035 4551 Ει
1084 4498 1244 4567 paulo
1277 4506 1437 4570 post:
1474 4519 1493 4551 ι
1530 4500 1595 4556 Hi
1617 4516 1748 4558 vero
1778 4515 1830 4575 Ι)
1853 4491 2111 4547 adversus
2136 4493 2239 4548 tria
2284 4493 2550 4565 capitum-

164 4595 276 4634 nec
306 4596 460 4637 arma
491 4584 685 4649 ferant,
717 4601 817 4641 nec
843 4588 907 4641 ad
930 4602 1163 4659 pugnam
1185 4599 1430 4660 pergant,
1484 4607 1585 4647 nec
1614 4592 1749 4647 etfu-

162 4688 330 4729 sores
356 4664 695 4746 sanguinum,
751 4679 837 4733 vel
891 4681 1180 4750 agitatores
1206 4682 1337 4736 fiant
1363 4700 1376 4736 :
1406 4684 1499 4737 sed
1542 4692 1752 4738 tantum

116 4772 487 4819 -sanctorum
523 4767 748 4837 pignora
794 4776 851 4823 et
896 4786 1050 4825 sacra
1099 4772 1397 4826 ministeria
1444 4772 1643 4839 ferant,
1697 4781 1754 4828 et

157 4855 511 4912 orationibus
554 4874 654 4928 pro
696 4860 901 4916 viribus
957 4863 1229 4927 insistant,
1289 4873 1349 4918 ut
1381 4865 1608 4935 populus
1659 4866 1752 4935 qui

159 4959 418 5014 pugnare
458 4946 637 5012 debet,
685 4951 979 5006 auxiliante
1026 4953 1295 5019 Domino,~
1321 4955 1497 5013 victor
1531 4956 1748 5021 existat,

159 5041 225 5088 et
258 5049 367 5087 non
423 5036 494 5090 sit
544 5040 796 5095 sacerdos
849 5042 990 5096 sicut
1010 5052 1064 5097 et
1116 5045 1361 5114 populus.
1398 5065 1417 5098 ι
1446 5044 1503 5099 Si
1528 5045 1753 5101 Carolus

158 5122 400 5192 Magnus
420 5126 565 5182 dicat
607 5144 666 5185 se
694 5146 961 5186 canonum
988 5135 1189 5203 regulis
1212 5137 1463 5191 edoctum
1513 5138 1751 5207 seipsum

155 5214 449 5283 corrigere
488 5219 632 5285 quod
664 5218 915 5287 iussisset
967 5234 1157 5279 contra
1201 5225 1369 5295 ipsos,
1415 5234 1475 5280 ut
1502 5229 1753 5283 sacerdo-

160 5312 257 5358 tes
302 5315 619 5375 pugnarent,
667 5312 934 5378 quomodo
990 5313 1328 5381 Theodorus,
1370 5330 1635 5371 canonum
1659 5333 1752 5373 re-

154 5392 315 5463 gulis
365 5395 785 5465 addictissimus,
834 5406 1097 5471 potuisset
1126 5414 1364 5462 statuere
1415 5409 1582 5464 licere
1640 5409 1750 5465 cle-

156 5483 305 5536 ricis
332 5498 572 5555 pugnare
600 5504 723 5543 cum
755 5493 977 5549 consilio
1006 5496 1297 5551 multorum
1323 5514 1602 5554 servorum
1632 5500 1748 5555 Dei.

154 5573 419 5643 Denique
443 5591 509 5630 ex
536 5579 787 5647 capitulis
809 5582 1025 5637 Heraldi
1056 5585 1386 5644 Turonensis
1407 5590 1751 5645 manifestum

156 5668 278 5723 est,
326 5663 399 5717 ita
448 5666 663 5735 deponi,
702 5677 892 5725 utnec
930 5673 1123 5728 laicam
1182 5680 1612 5735 communionem
1655 5682 1751 5737 ha-

158 5752 363 5823 beant,
416 5758 569 5843 c.750
624 5779 635 5813 :
676 5780 695 5813 ε
754 5762 826 5818 Ut
863 5767 1167 5836 presbyteri
1205 5778 1260 5824 et
1307 5771 1537 5840 diaconi,
1590 5775 1635 5830 si
1695 5776 1749 5831 in

506 5872 777 5935 ΡΑτιιοι..
839 5876 1065 5939 XCIX.

2473 4586 2697 4643 CAPUT
2731 4587 2868 4644 XIV.

2370 4676 2447 4731 De
2492 4678 2928 4735 reconciliatione.

1926 4766 2154 4823 Romani
2179 4770 2517 4824 reconcilient
2550 4770 2811 4825 hominem
2837 4773 2979 4827 intra
3005 4773 3256 4828 absidem.
3286 4772 3429 4831 Con-

1853 4857 2037 4913 cilium
2094 4860 2347 4930 Carthag.
2400 4878 2461 4926 ιι,
2504 4880 2623 4919 can.
2675 4864 2785 4919 52:
2825 4883 2844 4916 ι
2890 4864 3269 4937 Cujuscunque
3318 4882 3422 4924 au-

1853 4958 1959 5004 tem
1997 4952 2309 5019 paenitentis
2347 4953 2621 5022 publicum
2661 4963 2717 5010 et
2760 4956 3187 5027 vulgatissimum
3209 4959 3413 5014 crimen

1850 5050 1951 5107 est,
1989 5044 2132 5112 quod
2170 5045 2421 5099 universa
2444 5047 2683 5102 Ecclesia
2731 5049 2960 5113 noverit,
3013 5056 3139 5104 ante
3179 5052 3421 5107 absidem

1851 5148 2043 5188 manus
2087 5134 2138 5189 ei
2168 5135 2495 5204 imponatur.
2537 5138 2715 5193 rCum
2756 5139 3072 5194 Theodorus
3094 5141 3255 5205 dicat,
3284 5144 3428 5198 intra

1852 5227 2104 5293 absidem,
2148 5242 2369 5284 necesse
2401 5240 2482 5285 est
2516 5232 2756 5286 absidem
2796 5249 2901 5287 non
2952 5234 3126 5288 solum
3161 5235 3430 5305 interpre-

1852 5318 1953 5371 tari
1987 5318 2051 5372 de
2081 5320 2208 5373 sede
2227 5329 2283 5374 et
2310 5321 2504 5376 throno
2525 5323 2779 5392 episcopi,
2832 5308 2925 5377 sed
2955 5325 3133 5393 potius
3163 5326 3229 5381 de
3254 5326 3429 5396 Spatio

1852 5408 1944 5463 illo
1971 5410 2113 5478 quod
2128 5412 2487 5480 propinquum
2502 5421 2706 5467 estaraa
2731 5414 2943 5484 majori,
2979 5424 3033 5470 et
3062 5416 3312 5470 cancellis
3342 5430 3427 5469 se-
3464 5412 3467 5413 ⁷

1850 5512 2097 5574 paratum
2126 5513 2210 5559 est
2260 5521 2293 5559 a
2316 5506 2521 5576 reliqua
2578 5508 2807 5563 ecclesia
2844 5526 2857 5563 :
2887 5509 3028 5563 sicut
3061 5510 3271 5564 erudite
3306 5509 3423 5563 ani-

1852 5596 2139 5651 madvertit
2167 5596 2473 5666 Stephanus
2523 5597 2770 5653 Baluzius
2796 5600 2851 5654 in
2895 5601 3007 5654 suis
3054 5599 3196 5653 notis
3220 5597 3283 5651 ad
3315 5597 3423 5653 Re-

1852 5687 2129 5758 ginonem.
2167 5697 2223 5744 et
2270 5691 2462 5759 probat
2517 5691 2826 5747 testimonio
2876 5689 3151 5746 Anastasii
3198 5688 3257 5744 in
3299 5688 3427 5746 Vita

1852 5778 2047 5835 Leonis
2095 5779 2181 5835 Ill.

2868 5892 2946 5954 37
