4060 6350
625 298 762 357 “59

1717 294 1810 349 AD
1845 282 2385 348 PCENITENTIALE
2422 288 2771 346 TIIEODORI

3732 295 3862 351 H60

622 430 775 472 suum
795 409 1411 484 pertinetprocurantes,
1432 423 1569 478 quas
1590 423 1697 462 non
1724 407 1881 462 facile
1906 408 2197 462 admittere
2222 407 2270 466 Α
2296 406 2605 474 nuptiarum
2639 417 2744 472 est,
2773 404 2888 474 jam
2935 414 3148 461 matura
3188 408 3253 462 ad
3283 424 3462 475 usum,
3527 411 3723 467 melius
3749 428 3863 469 esse

619 509 852 574 oportet,
892 500 1061 554 donec
1110 507 1292 568 aperte
1338 498 1608 568 propriam
1655 512 1806 551 suam
1859 497 2186 551 sententiam

617 593 946 665 perscrutati
991 591 1266 647 fuerimus.
1298 610 1317 641 ι
1375 589 1477 656 Qui
1529 605 1700 645 canon
1725 590 1922 645 citatur
1948 606 1979 643 a
2007 590 2188 645 conci-

620 687 695 741 lio
726 684 1060 751 Quinisexto,
1096 697 1217 735 can.
1250 681 1339 734 40.
1392 680 1623 736 Sanctus
1650 682 1988 747 Ambrosius,
2014 684 2106 738 lib.
2124 680 2187 741 tu

621 778 687 831 de
708 771 1063 842 Virginibus:
1122 788 1142 821 ‹
1188 769 1354 824 Aiunt
1395 771 1558 825 etiam
1585 771 1828 843 plerique
1877 775 2189 831 maturioris

536 865 543 871 '
619 862 795 915 aetatis
826 861 1061 929 virgines
1108 874 1227 915 esse
1266 860 1538 915 velandas.
1608 860 1792 931 Neque
1840 878 1939 934 ego
1964 864 2031 918 ab
2057 878 2183 931 uno,

621 951 971 1006 sacerdotalis
1015 966 1136 1006 esse
1178 951 1443 1006 cautionis
1475 945 1694 1017 debere,
1734 961 1795 1006 ut
1827 968 1933 1008 non
1987 963 2188 1009 temere

616 1044 789 1113 puella
838 1042 1063 1097 veletur.
1119 1043 1337 1113 Spectet
1388 1044 1563 1116 plane,
1600 1053 1805 1115 spectet
1853 1051 2064 1102 aetatem
2094 1061 2185 1101 saa

617 1135 825 1200 cerdos,
880 1134 972 1189 sed
1001 1132 1121 1190 fidei
1151 1134 1236 1190 vel
1289 1130 1539 1206 pudoris;
1586 1144 1790 1207 spectet
1830 1145 1885 1191 et
1906 1137 2189 1192 maturita-

619 1234 726 1279 tem
756 1227 1123 1293 verecundiaz;
1171 1228 1441 1282 examinet
1462 1230 1739 1299 gravitatis
1768 1231 2041 1294 canitiem,
2072 1244 2189 1285 mo-

614 1325 737 1365 rum
775 1322 1065 1379 senectam,
1099 1313 1369 1384 pudicitia:
1402 1332 1590 1382 annos,
1647 1319 1856 1373 animos
1902 1320 2183 1376 castitatis.

614 1402 815 1458 Tamen
837 1405 1029 1460 deinde
1048 1406 1091 1460 si
1121 1407 1310 1461 matris
1349 1416 1460 1462 tuta
1488 1410 1755 1475 custodia,
1789 1410 2045 1465 comitum
2094 1426 2186 1465 so-

610 1490 732 1546 bria
783 1494 1076 1559 sedulitas;
1123 1495 1168 1549 si
1211 1495 1325 1550 haec
1351 1505 1548 1566 prtesto
1568 1507 1713 1563 sunt,
1765 1515 1870 1554 non
1903 1500 2053 1554 deest
2077 1500 2188 1554 vir—

610 1582 718 1652 gini
765 1583 1001 1657 longaeva
1049 1586 1313 1653 canities;
1376 1588 1420 1642 si
1482 1588 1597 1643 btec
1644 1590 1858 1654 desunt,
1907 1590 2188 1645 differatur

609 1674 784 1744 puella
807 1677 985 1746 potius
1019 1678 1258 1732 moribus
1298 1693 1460 1749 quam
1502 1680 1677 1734 annis.
1744 1679 1859 1733 Non
1897 1696 2028 1751 ergo
2052 1689 2183 1736 tetas

2289 503 2349 551 ut
2376 497 2669 552 secundum
2697 511 3010 553 concessam
3035 497 3208 566 legem
3246 498 3459 568 publice
3485 499 3678 565 nubat,
3706 517 3859 571 quam

2285 586 2493 642 occulte
2551 587 2780 657 turpiter
2831 597 2954 658 agat
3014 588 3190 652 istud,
3239 597 3294 642 et
3341 590 3704 646 erubescatur
3754 592 3857 657 illa,

2285 684 2390 731 etc.
2423 696 2442 728 ι
2476 677 2546 731 Et
2583 676 2744 746 paulo
2771 685 2893 746 post
2923 695 2937 729 :
2973 694 2991 726 ‹
3029 676 3143 731 Hoc
3169 677 3322 743 dicit,
3348 685 3409 733 ut
3455 681 3548 749 qui
3596 682 3859 749 virginem

2286 767 2447 822 habet
2475 769 2560 823 cui
2601 769 2814 822 animus
2838 769 2906 822 ad
2957 769 3171 838 nuptias
3192 781 3302 824 non
3326 777 3433 835 est,
3466 779 3649 827 servet
3674 773 3818 827 illam
3842 791 3856 827 :

2286 874 2387 913 nec
2435 859 2511 913 illi
2563 860 2773 930 ingerat
2833 859 3072 915 fomitem
3127 863 3461 932 nuptiarum,
3504 879 3672 933 quam
3723 865 3862 921 videt

2286 949 2518 1004 nubendi
2563 950 2889 1006 voluntatem
2915 968 3025 1007 non
3076 942 3296 1007 habere.
3349 953 3617 1009 Beneﬁcia
3643 956 3788 1011 enim
3817 958 3855 1013 si

2284 1038 2585 1107 prmstanda
2615 1050 2759 1103 sunt,
2790 1048 2991 1110 quanto
3016 1042 3187 1112 magis
3225 1032 3446 1098 minime
3474 1044 3796 1100 auferenda.
3831 1067 3849 1099 ι

2288 1126 2519 1183 Sanetus
2568 1128 2923 1201 Hieronymus
2949 1131 3003 1186 in
3048 1133 3236 1188 eadem
3281 1135 3491 1191 verba:
3530 1154 3552 1185 ι
3582 1135 3702 1191 Hoc
3752 1138 3860 1194 loco

2285 1222 2391 1273 non
2440 1224 2692 1288 parentes
2716 1222 3144 1294 dicit‘virginnm
3193 1224 3463 1280 ﬁliarum:
3492 1243 3674 1298 neque
3723 1233 3858 1288 enim

2284 1310 2568 1378 potestatis
2623 1310 2835 1366 illorum
2886 1320 3065 1382 potest
3115 1329 3235 1369 esse
3290 1318 3628 1385 propositum
3680 1320 3862 1378 alien:

2286 1398 2636 1456 centine'ntite
2673 1418 2688 1455 :
2742 1402 2840 1456 sed
2887 1412 3324 1474 unumquemque
3374 1407 3581 1463 habere
3632 1414 3862 1481 propriae

2286 1492 2463 1546 carnis
2491 1492 2773 1547 arbitrium
2794 1508 2914 1547 eam
2938 1495 3301 1564 incorruptam
3330 1511 3576 1563 servare,
3616 1510 3756 1565 etc.,
3782 1502 3865 1556 ille

2286 1581 2474 1636 firmus
2519 1582 2726 1649 statuit,
2773 1582 2926 1652 cujus
2972 1585 3164 1654 puellae
3210 1601 3510 1643 consensus
3562 1593 3741 1660 patris
3783 1593 3864 1647 fir-

2285 1671 2514 1725 maverit
2539 1671 2889 1726 voluntatem.
2928 1693 2946 1725 ι
2984 1672 3235 1745 Synodus
3255 1677 3433 1730 sancti
3462 1676 3714 1742 Patricii,
3736 1695 3856 1733 ean.

610 1743 854 1832 rejicitnr
874 1765 1168 1830 ﬂorentior,
1199 1769 1293 1825 sed
1315 1743 1530 1824 animus
1560 1771 1920 1825 examinator.
1956 1743 1987 1823 ἶ
2042 1771 2179 1827 Con-

2282 1762 2347 1816 27
2381 1777 2396 1815 :
2428 1762 2579 1828 Quod
2601 1764 2716 1818 vult
2755 1774 2931 1833 pater,
2959 1743 3121 1819 faciat
3141 1748 3311 1834 virgo,
3333 1766 3462 1835 quia
3479 1779 3643 1837 caput
3672 1771 3862 1825 mulie-

608 1855 790 1910 cilium
812 1857 1371 1930 Caesaraugustanum,
1423 1877 1470 1917 c.
1502 1863 1535 1918 8
1566 1876 1581 1917 :
1633 1882 1650 1914 ι
1683 1863 1814 1918 Item
1854 1864 2048 1920 lectum
2078 1874 2181 1932 est,

608 1961 715 2001 non
744 1948 1001 2005 velandas
1030 1965 1148 2005 esse
1183 1953 1418 2022 virgines
1437 1968 1555 2022 qua:
1580 1968 1638 2008 se
1660 1954 1770 2009 Deo
1787 1957 2052 2022 voverint,
2078 1956 2182 2012 nisi

613 2038 967 2110 quadraginta
1000 2056 1261 2096 annorum
1285 2044 1512 2112 probata
1538 2052 1715 2110 aetate,
1744 2059 1906 2115 quam
1933 2048 2182 2105 sacerdos

610 2134 1063 2211 comprobaverit.
1103 2134 1184 2191 Ab
1228 2137 1496 2193 universis
1537 2138 1804 2209 episcopis
1837 2139 2038 2194 dictum
2077 2150 2178 2207 est,

607 2219 808 2275 Placet.
833 2241 851 2273 ι
887 2222 1182 2278 Concilium
1208 2241 1262 2279 ιιι
1288 2225 1727 2297 Carthaginense,
1757 2241 1878 2282 can.
1908 2229 1969 2284 δε
1999 2247 2018 2278 ‹
2050 2230 2182 2285 Item

609 2310 808 2380 placuit
838 2321 895 2367 ut
925 2324 1051 2369 ante
1066 2315 1505 2387 vigintiquinque
1530 2333 1699 2373 annos
1728 2334 1825 2373 nec
1849 2320 2059 2375 diaconi
2088 2338 2181 2378 or-

608 2399 883 2468 dinentur,
921 2419 1020 2459 nec
1051 2406 1287 2476 virgines
1312 2415 1717 2462 consecrentur.
1768 2429 1786 2462 ι
1844 2409 2051 2465 Concil.
2092 2410 2183 2468 Mi-

608 2486 901 2544 levitanum
949 2507 1010 2557 ll,
1049 2507 1099 2547 c.
1133 2492 1242 2548 26:
1300 2512 1319 2545 ί
1348 2495 1479 2550 Item
1525 2496 1727 2566 placuit
1769 2504 1828 2552 ‘ut
1878 2496 2185 2572 quicunque

607 2574 1000 2647 episcoporum,
1042 2582 1364 2638 necessitate
1401 2584 1760 2654 periclitantis
1777 2582 2047 2657 pudicitize
2076 2576 2184 2645 vir-

608 2664 800 2732 ginalis
847 2668 993 2736 (cum
1020 2671 1102 2725 vel
1157 2673 1356 2741 petitor
1381 2682 1594 2744 potens,
1632 2675 1717 2730 vel
1763 2685 1949 2747 raptor
1971 2678 2181 2749 'aliquis

610 2756 949 2827 formidatur,
997 2764 1079 2817 vel
1104 2765 1149 2819 si
1176 2766 1340 2820 etiam
1364 2766 1544 2837 aliquo
1570 2768 1761 2824 mortis
1806 2771 2056 2841 scrupulo
2091 2787 2183 2843 pe—

608 2847 841 2905 riculoso
872 2861 1189 2921 compuncta
1227 2854 1408 2921 fuerit,
1445 2873 1513 2912 ne
1547 2873 1654 2913 non
1683 2858 1859 2913 velata
1896 2861 2178 2928 moriatur,

612 2947 704 2993 aut
737 2942 1074 3011 exigentibus
1110 2945 1440 3013 parentibus,
1498 2956 1591 3001 aut
1619 2950 1703 3005 bis
1733 2950 1802 3003 ad
1830 2964 2060 3019 quorum
2089 2966 2181 3007 cu-

606 3044 724 3083 ram
754 3031 1029 3102 pertinet),
1058 3033 1316 3088 velaverit
1334 3034 1617 3105 virginem,
1670 3053 1764 3092 seu
1796 3038 1995 3094 velavit
2042 3041 2181 3095 intra

607 3114 793 3190 viginti
824 3120 1057 3191 quinque
1080 3130 1248 3177 annos
1272 3120 1465 3188 :etatis,
1500 3142 1604 3180 non
1625 3127 1675 3180 ei
1700 3128 1841 3183 obsit
1867 3130 2172 3196 concilium,

604 3207 747 3279 quod
771 3210 838 3263 de
862 3210 967 3265 isto
988 3226 1251 3265 annorum
1272 3224 1498 3269 numero
1516 3217 1865 3272 constitutum
1888 3226 1991 3274 est.
2022 3240 2041 3273 ι
2075 3220 2175 3287 Qui

604 3315 778 3354 canon
799 3299 1032 3356 refertur
1060 3302 1113 3356 in
1144 3303 1355 3371 integro
1399 3305 1584 3360 codice
1613 3307 1869 3363 Ecclesim
1890 3308 2175 3376 Africanae,

603 3408 725 3445 can.
758 3391 878 3447 126.
936 3391 1236 3448 Concilium
1260 3393 1588 3464 Agathense,
1619 3411 1740 3451 can.
1766 3398 1834 3453 i9
1863 3408 1876 3451 :
1918 3418 1937 3449 ι
1959 3396 2176 3455 Sancti-

601 3482 887 3546 moniales,
942 3483 1237 3551 quamlibet
1281 3485 1391 3539 vita
1419 3500 1606 3541 earum
1644 3495 1697 3540 et
1743 3503 1923 3543 mores
1966 3490 2178 3559 probati

606 3562 738 3635 sint,
771 3580 895 3626 ante
909 3588 1107 3627 annum
1133 3574 1307 3629 astatis
1332 3591 1443 3629 suae
1462 3576 1933 3647 quadragesimum
1962 3594 2065 3635 non
2095 3597 2172 3635 ve-

601 3659 800 3715 lentur.
837 3682 855 3712 ι
892 3661 1121 3717 Sanctus
1143 3661 1436 3732 Gregorius
1464 3664 1517 3718 in
1541 3646 1732 3731 IIBJII,
1764 3683 1847 3737 ep.
1880 3669 1973 3723 ll:
2004 3689 2023 3720 ‹
2052 3669 2174 3723 Nul-

603 3746 715 3803 lam
740 3750 903 3821 igitur
937 3749 1246 3807 fraternitas
1269 3760 1379 3817 tua,
1426 3754 1531 3808 nisi
1570 3769 1973 3826 sexagenartam
2010 3759 2178 3828 virgi-

601 3851 750 3902 nem,
782 3838 936 3907 cujus
962 3847 1092 3893 :etas
1134 3840 1236 3895 hoc
1263 3850 1424 3910 atque
1454 3858 1633 3898 mores
1672 3847 1971 3916 exegerint,
2011 3847 2177 3904 velari

600 3927 896 3995 permittat.
934 3947 953 3979 ι
989 3928 1282 3997 Εςοψιίῠυε
1301 3931 1555 3987 omnibus
1573 3935 1856 3990 manifeste
1881 3932 2055 4008 colligi
2081 3952 2179 4009 po-

601 4019 709 4067 test
733 4013 798 4067 de
824 4012 1127 4082 bnjus‘modi
1151 4019 1312 4074 rebus
1338 4035 1436 4089 pro
1448 4022 1616 4077 variis
1641 4023 2064 4081 circumstantiis
2092 4043 2178 4082 re-

604 4102 792 4173 ligiose
827 4119 946 4160 esse
965 4104 1343 4175 iudicandum;
1408 4120 1464 4165 at
1489 4112 1721 4168 maxime
1760 4116 2058 4170 cavendum
2109 4128 2178 4173 ne

606 4195 881 4253 infantulxe
906 4200 1084 4254 etatis
1116 4200 1363 4270 puellulae
1415 4204 1681 4271 velentur,
1737 4216 2026 4279 antequam
2073 4212 2176 4267 illm

606 4287 803 4358 eligere
828 4290 1000 4346 sciant
1028 4292 1157 4361 quid
1180 4292 1364 4358 velint,
1393 4305 1453 4351 ut
1478 4298 1982 4369 praecipiuntCaroli
1996 4296 2172 4375 Magni

2286 1852 2361 1906 ris
2391 1853 2490 1907 vir.
2524 1852 2628 1909 Sed
2654 1854 2975 1923 requirenda
2998 1864 3081 1909 est
3105 1869 3136 1908 a
3161 1864 3316 1924 patre
3345 1856 3592 1912 voluntas
3616 1858 3860 1929 virginis,

2283 1944 2410 1999 dum
2436 1945 2577 2001 Deus
2616 1945 2832 2016 reliquit
2855 1942 3125 2002 hominem
3154 1948 3209 2001 in
3241 1962 3403 2003 manu
3426 1950 3637 2005 consilii
3664 1952 3772 2005 sui.
3836 1973 3854 2003 ι

2875 2054 3105 2113 CAPUT
3138 2057 3253 2112 XII.

2777 2123 2855 2181 De
2875 2129 3035 2182 servis
3057 2137 3105 2181 et
3137 2128 3366 2193 ancillis,

2358 2211 2539 2268 Sinon
2565 2223 2730 2285 potest
2777 2202 2962 2271 ridimi
3005 2234 3121 2288 quia
3161 2220 3216 2272 in
3242 2220 3444 2273 servitio
3476 2228 3571 2284 est,
3592 2218 3753 2274 libero
3776 2221 3846 2274 li-

2283 2312 2361 2358 cet
2392 2306 2673 2375 ingenuam
2708 2306 3040 2377 conjungere.
3071 2306 3276 2363 Concil.
3309 2310 3703 2375 Vermeriense,
3728 2326 3857 2365 can.

2283 2397 2317 2450 6
2351 2416 2363 2449 :
2395 2413 2414 2448 ι
2460 2395 2517 2451 Si
2544 2396 2665 2465 quis
2701 2386 2967 2467 ingenuus
3007 2399 3170 2453 homo
3191 2399 3445 2454 ancillam
3492 2415 3722 2454 uxorem
3778 2416 3865 2455 ac-

2282 2488 2488 2557 ceperit
2526 2503 2626 2557 pro
2683 2488 2934 2559 ingenua,
2984 2480 3031 2545 si
3064 2490 3182 2560 ipsa
3229 2489 3429 2546 femina
3474 2498 3664 2561 postea
3701 2490 3868 2546 fuerit

2283 2577 2562 2642 inservita,
2619 2579 2663 2633 si
2708 2580 2898 2633 redimi
2926 2594 3034 2633 non
3074 2587 3274 2649 potest,
3320 2581 3368 2635 si
3391 2582 3466 2635 ita
3513 2580 3777 2644 voluerit,
3806 2581 3867 2635 li-

2282 2674 2401 2722 ceat
2424 2668 2474 2722 ei
2522 2667 2682 2722 aliam
2737 2670 2998 2738 accipere.
3044 2668 3307 2725 Similiter
3349 2679 3405 2725 et
3458 2671 3660 2725 mulier
3710 2671 3858 2742 inge-

2282 2772 2388 2812 nua
2416 2758 2462 2813 si
2487 2774 2703 2813 servum
2729 2761 2958 2831 accipiat
2980 2775 3080 2831 pro
3119 2762 3373 2834 ingenuo,
3420 2772 3477 2818 et
3520 2775 3722 2834 postea
3769 2780 3866 2834 pro

2283 2848 2643 2920 qualicunque
2690 2866 2853 2905 causa
2880 2852 3172 2907 inservitus
3215 2852 3417 2919 fuerit;
3465 2855 3575 2910 nisi
3616 2870 3724 2926 pro
3752 2856 3867 2910 ino-

2280 2942 2387 3012 pia,
2421 2941 2563 2997 fame
2608 2952 2856 3014 cogente,
2907 2956 2967 2999 se
2992 2946 3314 3010 vendiderit,
3364 2955 3421 3001 et
3442 2947 3563 3017 ipsa
3613 2950 3723 3003 hoc
3749 2964 3867 3003 con-

2284 3033 2534 3099 senserit,
2571 3040 2626 3088 ct
2647 3034 2712 3089 de
2740 3035 2912 3103 pretio
2940 3035 3042 3089 viri
3068 3029 3205 3090 sui'a
3233 3033 3375 3090 fame
3404 3036 3641 3092 liberata
3670 3038 3861 3103 fuerit;

2282 3123 2330 3179 si
2357 3122 2614 3186 voluerit,
2652 3130 2829 3193 potest
2863 3136 2983 3178 eum
3014 3124 3305 3190 dimittere,
3337 3132 3394 3179 et
3424 3125 3471 3180 si
3496 3140 3561 3181 se
3588 3127 3865 3181 continere

2279 3222 2388 3269 nun
2433 3222 2629 3285 potest,
2671 3214 2835 3268 alium
2872 3215 3088 3269 ducere.
3156 3214 3417 3270 Similiter
3447 3224 3503 3270 et
3529 3217 3599 3271 de
3642 3217 3865 3272 muliere

2279 3303 2324 3357 si
2353 3314 2412 3357 se
2459 3302 2778 3367 vendiderit,
2839 3311 2894 3357 ct
2922 3302 3004 3356 vir
3046 3299 3162 3370 ejus
3193 3302 3267 3357 ita
3322 3305 3697 3366 consenserit,
3746 3304 3859 3357 tali-

2280 3402 2366 3448 ter
2414 3399 2595 3464 potest
2656 3401 2821 3458 stare,
2874 3393 2918 3448 si
2969 3409 3029 3448 se
3084 3396 3473 3464 separaret-int.
3538 3396 3859 3451 Pwniteatia

2281 3492 2459 3538 tamen
2505 3483 2784 3537 amborum
2829 3486 3134 3557 necessaria
3162 3492 3263 3539 est.
3314 3484 3450 3539 Nam
3496 3487 3594 3554 qui
3649 3486 3723 3542 de
3752 3502 3861 3556 pre-

2278 3574 2357 3628 tio
2401 3575 2549 3644 paris
2601 3575 2683 3628 sui
2728 3574 2796 3628 de
2838 3573 2933 3629 tali
2978 3575 3304 3630 necessitate
3360 3576 3625 3631 liberatus
3674 3576 3858 3638 fuerit.

2279 3662 2333 3716 in
2371 3664 2460 3718 tali
2488 3664 2736 3734 mnjugio
2763 3665 2923 3720 debet
2960 3677 3299 3736 permanere,
3324 3674 3380 3720 et
3424 3681 3532 3721 non
3591 3669 3857 3736 separari.

2278 3753 2481 3814 Concil.
2529 3757 2970 3825 Compendieuse,
3006 3771 3125 3812 can.
3165 3755 3237 3812 5:
3268 3776 3287 3809 ι
3316 3757 3373 3813 Si
3399 3757 3646 3813 Francus
3698 3760 3856 3813 homo

2279 3850 2485 3918 accepit
2525 3846 2827 3914 mulierem,
2876 3856 2932 3903 et
2982 3856 3164 3918 sperat
3204 3849 3347 3918 quod
3402 3849 3639 3919 ingenua
3685 3850 3775 3911 sit,
3806 3859 3857 3903 et

2278 3950 2463 4010 postea
2492 3942 2695 3996 invenit
2734 3942 2878 4011 quod
2909 3958 3015 3997 non
3051 3950 3133 3997 est
3167 3943 3417 4013 ingenua,
3468 3943 3712 3997 dimittat
3738 3960 3851 3999 eam

2276 4031 2324 4085 si
2354 4030 2488 4094 vult,
2515 4040 2569 4085 et
2600 4032 2831 4100 accipiat
2848 4031 3027 4087 aliam.

2346 4118 2503 4174 Liber
2528 4129 2603 4175 est
2626 4138 2691 4175 ex
2714 4138 2775 4175 ea
2800 4131 3097 4191 generatus.
3163 4122 3375 4177 Etenim
3400 4122 3555 4192 juxta
3584 4120 3846 4178 Iustinia-

2274 4210 2329 4265 ni
2377 4211 2551 4267 lnstit.
2612 4211 2709 4267 lib.
2762 4227 2801 4277 ι,
2852 4211 3098 4267 ῑίιιιι.’4τ
3133 4229 3154 4264 ι
3191 4210 3658 4269 Suﬂicitliheram
3693 4213 3854 4268 fuisse

2275 4311 2504 4358 matrem
2555 4317 2621 4358 eo
2678 4312 2919 4373 tempore
2975 4317 3081 4372 quo
3126 4304 3387 4367 nascitur,
3455 4303 3585 4357 licet
3653 4304 3844 4357 ancilla

601 4378 970 4435 ecclesiastica
984 4379 1253 4451 Capitula,
1282 4396 1401 4454 cap.
1428 4385 1515 4450 M,
1539 4393 1593 4441 et
1621 4386 1875 4444 Ludovici
1896 4390 1974 4446 Pii
2006 4390 2174 4461 impe-
2204 4444 2247 4465 η
2275 4394 2603 4464 conoeperit.
2642 4414 2660 4447 ο
2690 4393 2880 4464 Leges,
2906 4400 3168 4463 quantum
3207 4394 3321 4448 fieri
3377 4403 3576 4464 potest,
3618 4395 3735 4465 juri
3768 4410 3856 4449 na.

611 4472 803 4527 ratoris
842 4444 1150 4543 Capitulare
1175 4444 1247 4541 l,
1268 4444 1386 4548 cap.
1421 4444 1513 4543 26,
1565 4480 1657 4534 ubi
1687 4483 1905 4549 quidam
1939 4444 2174 4541 canones
2203 4444 2249 4505 θ
2281 4444 2471 4539 turalir
2488 4483 2690 4551 favent,
2734 4444 2880 4556 quia,
2894 4444 2954 4540 ult
2978 4486 3174 4541 dicitur
3194 4487 3352 4541 titulo
3377 4444 3451 4552 ΓΞ,
3498 4506 3518 4537 ι
3549 4444 3677 4556 jure
3700 4496 3853 4544 natu-

605 4574 767 4629 supra
788 4560 938 4615 citati
963 4561 1291 4618 referuntur.

672 4649 799 4705 Post
836 4660 1008 4705 autem
1049 4653 1184 4707 hanc
1239 4663 1446 4708 (etatem
1492 4657 1631 4725 patri
1680 4674 1786 4711 non
1847 4658 1963 4714 licet
2004 4661 2173 4732 ﬁliam

599 4757 751 4795 suam
792 4751 974 4795 contra
1022 4742 1137 4811 ejus
1166 4741 1479 4797 voluntatem
1506 4745 1560 4798 in
1599 4748 1989 4802 matrintonium
2022 4752 2171 4807 dare.

601 4829 741 4897 Ergo
781 4837 905 4883 ante
953 4830 1095 4883 hanc
1118 4837 1331 4883 :etatem
1359 4832 1572 4888 licebat.
1630 4836 1803 4902 Quam
1837 4838 2172 4910 disciplinam

600 4915 813 4968 videtur
853 4916 1092 4970 indicare
1144 4917 1534 4987 'l‘heodoretus,
1590 4924 1788 4993 quisic
1813 4930 2035 4998 exponit
2083 4932 2172 4988 illa

600 5006 762 5057 verba
798 5006 1034 5075 epistola“:
1060 5006 1081 5059 Ι
1103 5008 1170 5061 ad
1192 5007 1432 5065 Corinth.
1458 5027 1479 5065 :
1515 5030 1533 5064 ι
1568 5012 1625 5068 Si
1662 5017 1783 5086 quis
1824 5028 2002 5075 autem
2055 5031 2170 5078 tur-

601 5107 721 5163 pem
766 5108 827 5147 se
876 5094 1048 5149 videri
1085 5098 1357 5153 existimat
1409 5116 1569 5171 super
1622 5106 1830 5177 virgine
1867 5124 1984 5173 sua,
2027 5113 2170 5181 quod

604 5185 671 5237 sit
728 5185 1087 5254 superadulta,
1141 5197 1197 5242 et
1230 5189 1302 5243 ita
1350 5197 1563 5262 oportet
1590 5195 1729 5261 fieri,
1771 5200 1915 5268 quod
1952 5202 2068 5257 vult
2092 5202 2173 5257 fa-

604 5274 713 5329 ciat
743 5293 755 5327 :
787 5290 894 5329 non
932 5285 1138 5347 peccat,
1164 5278 1207 5333 si
1254 5282 1439 5337 nubat.
1505 5284 1604 5350 Qui
1651 5302 1803 5353 vero,
1828 5290 2023 5359 inquit,
2069 5309 2180 5349 cce-

603 5363 823 5420 libatum
851 5365 1099 5422 dedecori
1157 5369 1323 5437 ducit,
1381 5381 1435 5428 et
1463 5388 1527 5428 ea
1570 5377 1637 5429 de
1660 5391 1824 5432 causa
1852 5381 1982 5435 .vult
2009 5382 2174 5439 filiam

600 5459 799 5513 marito
838 5456 1085 5530 iungere,
1137 5458 1301 5516 faciat
1336 5465 1481 5532 quod
1531 5466 1762 5520 videtur.
1814 5487 1833 5519 ι
1873 5469 1980 5525 Sed
2017 5474 2176 5528 aliter

600 5556 874 5618 exponunt
911 5549 1021 5603 alii.
1067 5549 1305 5606 Hilarius
1338 5552 1599 5609 diaconus
1655 5556 1709 5609 in
1761 5557 2053 5628 Epistolam
2104 5566 2173 5620 ad

600 5638 841 5696 Corinth.
869 5642 907 5705 Ι,
948 5658 1067 5710 cap.
1123 5659 1235 5696 vn:
1268 5662 1285 5694 ι
1326 5644 1382 5698 Si
1413 5660 1546 5715 ergo
1588 5648 1765 5718 aliqua
1816 5651 1871 5705 in
1899 5654 2171 5712 desiderio

2279 4578 2379 4634 rali
2422 4593 2612 4634 omnes
2632 4579 2878 4635 homines
2905 4580 2974 4635 ab
2999 4580 3154 4636 initio
3197 4575 3351 4637 liberi
3396 4585 3784 4641 nascebantur.
3823 4606 3842 4639 ι

2280 4668 2346 4722 Et
2372 4668 2525 4724 titulo
2551 4671 2586 4724 5
2639 4669 2713 4723 ita
2743 4669 2999 4725 delinitur
3046 4670 3280 4728 servitus
3309 4691 3324 4727 :
3359 4691 3378 4724 ι
3412 4673 3509 4728 Est
3533 4677 3856 4734 constitutio

2272 4756 2413 4825 juris
2450 4760 2715 4831 gentium.
2772 4775 2878 4830 qua
2919 4760 3042 4830 quis
3091 4763 3310 4818 domino
3352 4774 3543 4819 contra
3601 4779 3858 4823 naturam

2280 4848 2579 4917 subjicitur.
2622 4869 2641 4901 ι
2670 4849 2825 4905 Unde
2867 4853 3202 4907 contrarium
3248 4870 3355 4908 non
3396 4864 3544 4911 recte
3570 4857 3771 4928 legitur
3805 4861 3858 4915 in

2277 4952 2398 5008 cap.
2420 4934 2489 4993 ’14
2544 4940 2687 5009 quod
2719 4940 2799 4996 sic
2822 4956 2853 4994 a
2884 4938 2951 4995 Β.
2985 4942 3050 4996 ι).
3071 4939 3214 4999 Luca
3239 4943 3471 5000 Acherio
3493 4948 3707 5005 editum
3734 4961 3858 5006 est:

2282 5046 2303 5079 ς
2362 5028 2454 5097 qui
2485 5038 2773 5100 generatus
2809 5038 2914 5096 est,
2952 5046 3159 5086 servus.
3196 5053 3215 5085 ι

2862 5119 3092 5178 CAPUT
3126 5123 3260 5180 XIII.

2667 5207 2746 5263 De
2782 5210 2998 5266 diversis
3044 5212 3449 5278 Quwstionibus.

2345 5296 2561 5366 Jejunia
2575 5297 2872 5369 legitima...
2887 5310 3012 5356 ante
3028 5301 3222 5357 Natale
3233 5303 3465 5360 Domini.
3484 5307 3619 5363 Vide
3630 5309 3859 5381 Egbertl

2273 5385 2633 5444 Eboracensis
2664 5390 3055 5462 archiepiscopi
3078 5392 3378 5464 Dialogum,
3422 5397 3516 5465 qui
3543 5398 3598 5451 in
3633 5416 3860 5471 respon-

2266 5478 2417 5533 sione
2445 5480 2511 5535 ad
2539 5481 3017 5553 interrogationem
3066 5484 3133 5539 16
3192 5495 3427 5541 testatur
3446 5505 3476 5542 a
3508 5495 3857 5560 temporibus

2268 5568 2520 5626 Vitaliani
2576 5588 2726 5643 papae
2772 5582 2829 5628 et
2857 5573 3124 5629 Theodori
3168 5577 3455 5633 inolevisse
3508 5580 3563 5635 in
3610 5582 3855 5637 Ecclesia

2264 5659 2557 5730 Anglorum
2586 5664 2723 5718 hanc
2752 5664 3222 5724 consuetudinem.
3267 5687 3287 5721 ι
3343 5668 3476 5725 Nam
3507 5673 3644 5740 bzec,
3674 5674 3852 5744 inquit
