4060 6350
163 374 303 432 1161

1298 342 1865 420 onsnavarmnrjs
1903 357 1991 414 ET
2031 357 2263 416 nom.

3262 354 3401 413 “63

64 482 67 491 λ
161 494 301 563 (Deo
340 489 564 561 gratias)
593 504 622 544 a
654 490 981 560 temporibus
1009 488 1255 545 Vitaliani
1297 502 1446 558 papa}
1480 468 1729 540 etTheo—
1755 479 1807 536 Α
1832 474 1969 529 bella
2008 489 2129 528 cum
2166 452 2332 528 armis
2376 471 2763 542 processerint,
2790 469 2884 563 ita
2943 470 3311 563 deponantur,
3346 477 3406 563 ut

161 585 285 641 dori
334 584 767 637 Dorobernensis
805 584 1187 652 archiepiscopi
1223 581 1441 634 inolevit
1472 579 1523 632 in
1554 577 1734 630 Eccle—

161 676 248 730 sia
308 673 601 744 Anglorum
644 674 994 736 consuetudo,
1037 682 1092 726 et
1144 672 1297 741 quasi
1354 671 1591 739 legitima
1654 676 1736 721 te.

161 766 419 829 nebatur,
449 770 509 817 ut
546 779 654 817 non
683 762 855 818 solum
901 762 1083 818 clerici
1134 765 1191 816 in
1246 761 1608 823 monasteriis,
1639 758 1735 813 sed

161 856 336 910 etiam
377 853 500 909 laici
544 868 666 908 cum
697 853 1012 923 conjugibus
1040 863 1095 907 et
1128 853 1345 916 familiis
1387 853 1500 907 suis
1520 851 1587 905 ad
1608 864 1737 904 con-

163 945 406 1001 fessores
444 961 568 1000 suos
594 947 960 1015 pervenirent,
1004 955 1059 1001 et
1110 961 1172 1000 se
1214 944 1425 1000 ﬂetibus
1460 960 1492 999 a
1546 958 1737 998 cama-

163 1035 234 1090 lis
290 1037 736 1104 concupiscentiae
784 1037 1057 1091 consortio
1102 1037 1186 1092 his
1224 1037 1503 1090 duodecim
1550 1034 1737 1089 diebus

164 1141 295 1181 cum
328 1126 791 1197 eleemosynarum
842 1126 1124 1197 largitione
1162 1126 1511 1189 mundarent;
1552 1131 1739 1192 quate-

165 1235 272 1273 nus
324 1217 571 1286 puriores
606 1217 900 1273 Dominicze
928 1218 1318 1273 communionis
1342 1216 1739 1288 perceptionem

163 1311 223 1364 in
277 1310 464 1365 Natale
494 1311 705 1365 Domini
755 1313 1127 1382 perciperent;
1182 1320 1379 1381 praeter
1430 1313 1546 1364 haec
1594 1324 1740 1362 nam-

166 1416 274 1470 que
308 1386 601 1455 constituta
652 1400 874 1470 jejunia,
928 1410 1120 1470 quarta
1168 1411 1223 1455 et
1257 1399 1570 1457 sexta‘feria
1609 1414 1739 1466 pro-

164 1497 291 1557 pter
324 1490 629 1558 passionem
677 1489 897 1555 Christi,
954 1500 1009 1546 et
1051 1492 1296 1555 sabbato,
1336 1500 1555 1560 propter
1596 1489 1743 1559 quod

166 1584 288 1651 ipso
318 1582 403 1635 die
424 1583 597 1652 jacuit
636 1582 689 1635 in
739 1582 981 1652 sepulcro
1026 1583 1268 1652 plerique
1287 1581 1684 1651 jejunaverunt.
1717 1599 1735 1632 ι

245 1673 411 1728 Servo
454 1672 548 1727 Dei
577 1672 871 1728 nullatenus
899 1673 1017 1727 licet
1044 1690 1295 1744 pugnare,
1349 1672 1631 1726 multorum
1680 1669 1742 1723 li-

1835 580 1936 618 nec
1983 564 2175 618 laicam
2237 564 2667 618 communionem
2718 562 2967 616 habeant.
3028 579 3048 612 ι
3097 561 3236 629 Ergo
3299 559 3405 630 legi

1837 658 1995 712 debet
2033 657 2174 711 sicut
2215 655 2413 709 habent
2440 655 2544 707 duo
2585 654 2797 709 codices
2821 650 3212 706 Pmnitentialis
3231 649 3408 705 Theo-

1838 749 1955 803 dori
2002 767 2013 802 :
2072 766 2090 797 ι
2135 746 2304 802 Servo
2332 746 2427 801 Dei
2474 746 2776 802 nullatenus
2815 745 2941 799 licet
2970 758 3233 815 pugnare,
3262 740 3404 796 mul-

1836 847 2016 896 torum
2042 838 2168 894 licet
2196 839 2269 893 sit
2310 836 2537 893 consilio
2564 851 2839 892 servorum
2870 835 2984 888 Dei.
3020 852 3040 885 ι

1906 926 2176 998 Infantem
2208 942 2303 997 pro
2326 926 2526 995 infante
2571 935 2733 997 potest
2777 926 2895 978 dari
2940 924 3009 978 ad
3032 922 3407 978 monasterium

1838 1018 1968 1074 Deo.
2015 1017 2250 1073 Infantes
2291 1026 2566 1088 perpetuen
2593 1016 2887 1086 virginitati
2966 1015 3146 1069 dicare
3176 1015 3278 1069 hoc
3321 1028 3409 1069 sa-

1840 1111 1912 1166 tis
1955 1125 2077 1167 esse
2123 1112 2400 1179 antiquum
2444 1112 2498 1163 in
2548 1108 2785 1163 Ecclesia
2815 1107 3048 1161 declarat
3077 1104 3405 1175 exemplum,

1842 1202 1985 1271 quod
2032 1201 2294 1271 Sulpitius
2338 1199 2573 1256 Severus
2624 1198 2789 1252 refert
2849 1199 2901 1251 in
2940 1196 3177 1251 Historia
3232 1197 3407 1251 sancti

1843 1293 2076 1360 Martini,
2127 1309 2245 1362 cap.
2272 1292 2342 1346 20
2374 1310 2386 1345 :
2426 1311 2445 1345 ι
2479 1290 2607 1360 Qua:
2647 1308 2754 1355 res,
2805 1291 2997 1361 inquit,
3053 1292 3193 1361 apud
3234 1291 3409 1345 Arbo-

1842 1384 1982 1437 rium
2008 1384 2065 1439 in
2094 1391 2299 1438 tantum
2346 1383 2535 1447 valuit,
2574 1390 2634 1436 nt
2681 1382 2863 1439 statim
2897 1381 3127 1451 puellam
3153 1381 3264 1436 Deo
3311 1397 3409 1436 vo-

1841 1476 2003 1541 verit,
2055 1484 2109 1530 et
2164 1484 2436 1545 perpetuae
2486 1474 2780 1544 virginitati
2826 1474 3040 1537 dicarit,
3086 1481 3189 1527 etc.
3227 1494 3245 1525 ι
3274 1472 3414 1527 San-

1842 1575 1961 1621 ctus
2006 1566 2353 1637 Augustinus,
2404 1566 2495 1620 lib.
2548 1567 2613 1620 de
2666 1565 2975 1633 Quantitate
3028 1564 3239 1629 auium,
3293 1579 3411 1633 cap.
3478 1568 3493 1587 “

1844 1656 1912 1711 56
1942 1674 1956 1712 :
1986 1676 2005 1708 (
2055 1656 2175 1711 1am
2228 1672 2359 1711 vero
2406 1657 2568 1712 etiam
2606 1672 2892 1727 puerorum
2949 1655 3233 1709 infantium
3282 1671 3413 1709 con-

167 1776 247 1820 σεε
302 1767 367 1819 εει
408 1766 624 1820 com-[io
672 1783 936 1822 εετυοηηη
988 1767 1104 1819 οδε,
1159 1767 1378 1821 Rectius
1430 1782 1558 1820 sane
1579 1780 1741 1835 quam
1773 1824 1815 1835 ﬁ
1846 1748 2177 1802 secrationes
2214 1754 2471 1816 quantum
2501 1747 2724 1816 prosint,
2766 1746 3151 1801 obscurissima
3190 1745 3418 1816 quaestio

165 1857 314 1925 quod
356 1858 517 1911 habet
569 1859 729 1927 capit.
793 1857 884 1921 ιε,
940 1873 967 1910 ³
1008 1858 1075 1911 Β.
1107 1857 1170 1911 ι),
1206 1857 1349 1911 Luca
1404 1824 1637 1912 Αριιει-ίό
1661 1856 1742 1910 sic
1773 1824 1817 1881 Β
1844 1846 1950 1902 est,
1982 1836 2224 1892 nonnihil
2258 1844 2439 1892 tamen
2479 1840 2734 1905 prodesse
2766 1837 3088 1891 credendum
3128 1845 3228 1890 est.
3266 1834 3417 1890 Inve-

167 1947 417 2013 editum:
459 1964 476 1997 ι
532 1946 754 2001 Clericis
805 1947 1107 2002 nullatenus
1155 1963 1395 2017 pugnare
1437 1948 1584 2011 licet,
1639 1946 1744 2001 nisi

168 2038 223 2091 in
267 2037 629 2101 multitudine,
675 2045 767 2091 aut
798 2037 1023 2091 consilio
1081 2034 1361 2091 servorum
1410 2036 1526 2089 Dei.
1569 2056 1586 2087 ι
1619 2035 1747 2101 Quae

168 2127 335 2183 lectio
389 2127 611 2181 omnino
638 2134 842 2197 pugnat
876 2126 1174 2181 canonibus
1217 2126 1586 2188 conciliorum,
1636 2133 1744 2179 tam

165 2234 291 2288 quae
328 2219 657 2289 praecedunt,
710 2235 872 2288 quam
911 2234 1029 2287 qua:
1064 2206 1484 2289 subsequuntur.
1535 2218 1741 2273 Concil.

166 2310 627 2373 Chalcedonense,
670 2326 720 2366 c.
744 2312 774 2363 7
808 2329 820 2363 :
859 2329 878 2361 ‹
936 2311 1042 2366 Eos
1094 2312 1187 2381 qui
1213 2313 1266 2365 in
1294 2311 1439 2365 clero
1466 2310 1631 2364 semel
1658 2327 1746 2364 or-

166 2400 344 2453 dinati
369 2408 511 2464 sunt,
563 2409 617 2455 et
642 2401 829 2455 itidem
874 2403 1188 2467 monachos,
1242 2401 1532 2456 statuimus
1554 2416 1652 2454 nec
1679 2399 1745 2453 ad

167 2489 460 2544 militarem
506 2491 923 2561 expeditionem,
976 2507 1075 2548 nec
1125 2494 1193 2546 ad
1240 2492 1553 2547 saecularem
1577 2492 1747 2562 digni-

169 2587 338 2635 tatem
367 2597 524 2651 posse
551 2583 755 2638 venire.
799 2584 900 2651 Qui
927 2594 1106 2639 autem
1154 2585 1255 2639 hoc
1299 2584 1520 2650 audent,
1562 2596 1613 2639 et
1639 2599 1746 2638 non

167 2676 490 2743 ptenitentia
542 2676 687 2731 ducti
727 2678 795 2732 ad
825 2678 879 2731 id
925 2685 1292 2743 revertuntur,
1334 2677 1479 2747 quod
1524 2686 1747 2747 propter

168 2765 341 2820 Deum
390 2766 542 2837 prius
590 2766 883 2836 elegerant,
937 2768 1405 2823 anathematizari.
1463 2785 1483 2819 ι
1536 2767 1740 2822 Concil.

170 2858 579 2930 Andegavense,
632 2876 753 2915 can.
782 2860 849 2913 7:
890 2878 908 2912 ι
944 2860 1138 2916 Clerici
1167 2875 1397 2930 quoque,
1443 2859 1535 2928 qui
1557 2859 1745 2914 relicto

168 2950 319 3004 clero
364 2965 422 3004 se
469 2952 536 3005 ad
563 2950 875 3005 saecularem
920 2951 1169 3005 militiam
1221 2960 1277 3005 et
1317 2952 1383 3004 ad
1410 2951 1577 3004 laicos
1610 2965 1742 3004 con-

170 3039 416 3103 tulerint,
456 3056 562 3095 non
592 3039 788 3109 injuste
810 3041 879 3095 ab
906 3041 1161 3103 Ecclesia,
1198 3056 1361 3110 quam
1384 3041 1741 3110 reliquerunt,

168 3138 507 3185 'amoventur.
543 3152 563 3183 ι
596 3132 799 3188 Concil.
827 3133 1142 3188 Toletanum
1186 3150 1258 3199 Iv,
1291 3150 1339 3189 c.
1378 3133 1411 3186 4
1443 3140 1475 3186 :’
1499 3152 1516 3183 ‹
1549 3133 1741 3188 Clerici

167 3218 225 3272 in
272 3235 593 3289 quacunque
631 3220 890 3275 seditione
925 3236 1075 3274 arma
1116 3222 1359 3277 volentes
1394 3223 1741 3292 sumpserint,

167 3307 258 3361 vel
284 3317 651 3376 sumpserunt,
700 3310 920 3385 reperti,
955 3311 1153 3365 amisso
1197 3312 1405 3366 ordinis
1459 3313 1541 3366 sui
1573 3313 1742 3382 gradu

168 3401 230 3454 in
277 3402 663 3455 monasterium
683 3404 1015 3472 pmnitentia:
1043 3404 1449 3458 contradantur.
1482 3422 1499 3454 ι
1533 3402 1740 3457 Concil.

165 3487 555 3544 Germanicum
580 3506 618 3557 ι,
654 3507 703 3546 c.
731 3493 802 3546 2:
838 3511 857 3544 ι
898 3492 1080 3548 Servis
1108 3493 1201 3548 Dei
1222 3508 1319 3563 per
1359 3493 1541 3547 omnia
1566 3508 1745 3547 arma-

166 3590 358 3635 turam
405 3591 639 3652 portare,
696 3585 796 3643 vel.
826 3600 1081 3656 pugnare,
1132 3586 1309 3639 autin
1359 3586 1655 3641 exercitum
1685 3592 1741 3639 et

168 3676 229 3729 in
258 3675 467 3730 hostem
491 3692 716 3746 pergere
760 3680 981 3734 omnino
1015 3681 1408 3750 prohibuimus.
1444 3700 1461 3731 ι
1499 3679 1747 3751 Synodus

166 3764 452 3831 Metensis,
475 3783 594 3822 can.
630 3769 695 3823 16
734 3787 746 3822 :
781 3788 799 3820 ι
839 3770 1073 3825 Utarma
1101 3771 1281 3825 clerici
1304 3787 1411 3826 non
1438 3780 1672 3840 portent.
1721 3788 1740 3823 ι

167 3856 355 3911 Caroli
400 3857 573 3929 Magni
618 3860 847 3928 capitula
890 3861 1275 3927 ecclesiastica,
1326 3878 1443 3932 cap.
1475 3862 1509 3915 4
1540 3879 1553 3914 :
1589 3880 1609 3912 ‹
1648 3862 1747 3917 Se-

168 3946 350 4000 cunda
404 3949 521 4004 vice
568 3959 789 4020 pmpter
840 3951 1154 4023 ampliorem
1188 3952 1588 4007 observantiam
1623 3967 1750 4023 apo-

163 4039 363 4093 stolica
418 4042 758 4107 auctoritate,
793 4049 849 4095 et
900 4042 1189 4096 multorum
1229 4043 1603 4111 episcoporum
1655 4042 1753 4095 ad-

163 4130 470 4183 monitione
520 4130 789 4197 instructi,
834 4141 1248 4201 sanctorumque
1288 4148 1555 4187 canonum
1588 4145 1749 4203 regu-

165 4218 241 4273 lis
276 4220 474 4285 edocti,
517 4221 761 4276 consultu
799 4222 1049 4277 videlicet
1085 4224 1325 4277 omnium
1360 4222 1621 4278 nobilium
1654 4237 1750 4280 no-

162 4317 428 4372 strorum,
476 4313 834 4382 nosmetipsos
861 4312 1215 4384 cor-rigentes,
1264 4315 1605 4384 posterisque
1646 4328 1747 4369 no-

164 4400 302 4455 stris
328 4402 629 4472 exemplum
655 4405 862 4469 dantes,
916 4405 1159 4461 volumus
1183 4414 1244 4459 ut
1285 4406 1463 4461 nullus
1492 4407 1747 4463 sacerdos

166 4490 226 4545 in
254 4491 463 4546 hostem
500 4503 706 4563 pergat,
757 4504 863 4551 etc.
906 4516 923 4548 ι
965 4497 1031 4551 Ει
1080 4497 1240 4566 paulo
1274 4504 1433 4569 pest:
1470 4517 1490 4550 ι
1526 4499 1592 4554 Hi
1614 4514 1745 4556 vero
1774 4512 1826 4573 ι)

162 4595 274 4635 nec
304 4596 457 4636 arma
488 4583 681 4649 ferant,
713 4601 813 4641 nec
839 4587 904 4641 ad
927 4601 1160 4658 pugnam
1182 4598 1427 4658 pergant,
1480 4606 1581 4645 nec
1611 4590 1746 4645 etfu-

161 4688 327 4729 sores
353 4664 692 4745 sanguinum,
748 4678 835 4733 vel
887 4680 1177 4749 agitatores
1201 4680 1373 4734 ﬁant:
1402 4682 1496 4736 sed
1539 4690 1749 4737 tantum

116 4772 484 4819 -sanctorum
521 4767 745 4837 pignora
791 4776 847 4823 et
892 4784 1047 4824 sacra
1096 4770 1394 4825 ministeria
1440 4771 1639 4837 ferant,
1694 4779 1750 4826 et

157 4855 509 4912 orationibus
552 4874 651 4928 pro
693 4860 898 4915 viribus
954 4862 1226 4927 insistant,
1286 4872 1346 4917 ut
1378 4863 1604 4933 populus
1656 4863 1749 4932 qui

158 4959 415 5014 pugnare
454 4947 634 5013 debet,
682 4950 976 5006 auxiliante
1024 4952 1291 5017 Domino,
1318 4953 1494 5010 victor
1528 4953 1745 5018 existat,

160 5042 225 5089 et
255 5049 364 5087 non
421 5036 513 5090 sit.
542 5040 793 5095 sacerdos
847 5041 987 5095 sicut
1007 5052 1061 5097 et
1113 5044 1358 5112 populus.
1395 5063 1413 5096 ι
1443 5042 1499 5098 Si
1524 5043 1751 5099 Carolus

160 5122 398 5193 Magnus
417 5126 562 5182 dicat
605 5143 663 5184 se
692 5146 959 5186 canonum
985 5134 1187 5202 regulis
1209 5136 1460 5189 edoctum
1510 5136 1749 5204 seipsum

158 5214 447 5282 corrigere
486 5219 629 5286 quod
661 5218 913 5287 iussisset
964 5232 1154 5278 contra
1199 5224 1366 5293 ipsos,
1412 5232 1472 5278 ut
1499 5227 1750 5280 sacerdo-

162 5312 254 5357 tes
298 5315 617 5376 pugnarent,
665 5311 932 5377 quomodo
988 5312 1325 5379 Theodorus,
1367 5328 1632 5369 canonum
1656 5330 1749 5370 re-

158 5393 313 5463 gulis
362 5396 782 5465 addictissimus,
831 5404 1094 5470 potuisset
1124 5412 1362 5461 statuere
1412 5406 1580 5462 licere
1637 5407 1748 5462 cle-

158 5483 302 5537 ricis
330 5500 570 5555 pugnare
598 5504 721 5542 cum
752 5492 975 5548 consilio
1005 5494 1293 5549 multorum
1321 5512 1599 5552 servorum
1630 5497 1746 5553 Dei.

160 5573 416 5644 Denique
440 5591 508 5630 ex
534 5579 785 5647 capitulis
808 5581 1024 5635 Heraldi
1054 5584 1384 5642 Turonensis
1405 5588 1749 5643 manifestum

161 5669 275 5724 est,
324 5663 397 5717 ita
445 5666 662 5735 deponi,
700 5678 760 5723 ut
790 5686 890 5725 nec
929 5671 1121 5727 laicam
1180 5678 1609 5733 communionem
1653 5680 1750 5734 ha-

162 5751 361 5822 beant,
414 5772 462 5812 c.
497 5759 567 5812 50
622 5779 633 5812 :
675 5779 694 5812 σ
752 5761 825 5818 Ut
861 5766 1165 5836 presbyteri
1203 5776 1258 5823 et
1305 5769 1536 5837 diaconi,
1589 5772 1633 5827 si
1693 5774 1748 5829 in

504 5872 776 5935 Ρηιιοι..
838 5875 1063 5938 XCIX.

1843 1935 1956 1988 niet
2008 1934 2111 1987 hoc
2164 1933 2325 1995 ratio,
2357 1947 2481 1986 cum
2531 1932 2699 2001 qumri
2738 1931 3081 2001 oportuerit:
3113 1944 3417 1999 quanquam

1841 2032 1899 2081 et
1940 2022 2043 2077 alia
2090 2023 2256 2077 multa
2276 2023 2388 2091 jam
2428 2024 2517 2077 diu
2571 2023 2859 2092 quaerenda
2898 2021 2997 2076 tibi
3040 2022 3218 2091 potius
3257 2036 3417 2089 quam

1844 2113 2216 2183 cognoscenda
2265 2113 2603 2183 protulerim.
2672 2113 2827 2180 Quod
2874 2112 2968 2166 ﬂet
3018 2112 3324 2176 utilissime,
3377 2112 3422 2165 si

1845 2203 1977 2257 duce
2017 2203 2216 2272 pietate
2242 2198 2605 2271 requirantur.
2644 2223 2663 2255 ι
2697 2203 2826 2257 Post
2871 2210 3119 2257 sanctum
3162 2202 3423 2257 Basilium

1846 2292 2161 2347 Theodorus
2192 2293 2474 2363 judicabat
2513 2293 2835 2362 hujusmodi
2878 2293 3313 2358 consecratioues
3350 2290 3421 2345 fa-

1843 2381 1944 2436 cile
1991 2382 2144 2437 solvi.
2206 2384 2297 2437 Sic
2346 2384 2491 2437 enim
2552 2399 2672 2454 cap.
2727 2383 2834 2438 120
2885 2382 3116 2437 Basilius
3150 2380 3425 2452 judicavit

1842 2475 2028 2544 pueris
2044 2474 2323 2530 licentiam
2351 2478 2554 2532 nubere
2577 2485 2701 2531 ante
2722 2477 2994 2532 sexdecim
3020 2492 3212 2542 annos,
3257 2477 3304 2533 si
3330 2478 3424 2535 ab-

1844 2568 2047 2625 stinere
2096 2584 2202 2623 non
2246 2570 2537 2638 potuerint,
2592 2570 2839 2639 quamvis
2887 2570 3137 2626 monachi
3170 2570 3419 2625 fuissent.

1845 2660 1979 2715 Vide
2018 2677 2231 2731 quoque
2273 2662 2416 2732 quod
2456 2662 2735 2717 retulimus
2763 2678 2947 2733 supra.

1911 2750 1991 2804 De
2017 2762 2220 2805 mortuo
2253 2761 2428 2807 autem
2452 2753 2550 2807 Dei
2600 2752 2763 2807 solius
2809 2761 2884 2807 est
2936 2754 3141 2808 notitia.
3188 2754 3424 2810 Anasta-

1844 2840 1957 2895 sius
1984 2842 2046 2908 ΙΙ,
2075 2842 2130 2896 in
2152 2843 2309 2911 epist.
2329 2844 2383 2909 1,
2404 2844 2471 2898 ad
2491 2844 2841 2899 Anastasium
2862 2844 3181 2914 Augustum,
3198 2860 3317 2915 cap.
3349 2845 3384 2899 2
3405 2863 3419 2898 :

1850 2952 1871 2985 ι
1925 2935 2108 3005 Itaque
2154 2946 2409 2993 monente
2441 2953 2537 2992 nos
2584 2938 2899 2993 beatissimo
2956 2937 3121 2993 Paulo
3161 2939 3422 3009 apostolo,

1843 3042 1915 3082 ne
1943 3029 2085 3097 quod
2115 3030 2186 3085 sit
2221 3030 2276 3083 in
2302 3031 2405 3085 hoc
2452 3029 2835 3085 oll'endiculum
2879 3030 2935 3084 in
2964 3030 3225 3096 Ecclesia,
3266 3033 3417 3098 dum,

1846 3121 1989 3190 quod
2031 3121 2213 3177 facere
2252 3137 2362 3177 non
2401 3136 2707 3192 possumus,
2740 3123 2807 3179 de
2840 3123 2925 3177 bis
2956 3123 3049 3192 qui
3094 3121 3207 3191 jam
3240 3132 3421 3179 trans-

1849 3212 2047 3276 ierunt,
2079 3212 2324 3280 judicare
2379 3229 2659 3281 conemur,
2703 3215 3101 3270 observandum
3126 3231 3245 3271 esse
3274 3225 3423 3272 tran-

1847 3303 2087 3371 quillitas
2121 3313 2212 3358 tua
2243 3314 2548 3373 cognoscat.
2584 3304 2673 3358 Ait
2702 3307 2846 3359 enim
2902 3307 2968 3359 de
2991 3308 3074 3361 his
3101 3310 3193 3376 qui
3230 3308 3295 3361 de
3337 3324 3423 3363 re-

1846 3392 1947 3449 bus
2001 3394 2068 3447 ad
2112 3396 2280 3450 Deum
2318 3397 2490 3450 solum
2533 3398 2931 3465 pertinentibus
2977 3398 3220 3467 judicare
3274 3417 3415 3471 prae-

1848 3492 2064 3537 sumunt
2095 3502 2107 3536 :
2141 3483 2309 3538 Nemo
2337 3486 2475 3538 enim
2502 3494 2738 3540 nostrum
2758 3487 2856 3540 sibi
2886 3488 3031 3553 vivit,
3072 3499 3119 3543 et
3143 3505 3291 3543 nemo
3320 3491 3422 3546 sibi

1847 3576 2088 3639 moritur,
2118 3583 2222 3630 etc.
2259 3593 2278 3627 ι
2309 3575 2431 3629 Alia
2481 3574 2701 3631 Patrum
2758 3578 3063 3634 testimonia
3118 3582 3183 3636 de
3217 3582 3322 3636 hac
3358 3595 3423 3638 re

1846 3664 2026 3735 legere
2072 3674 2154 3720 est
2211 3666 2264 3720 in
2304 3668 2596 3722 constituto
2651 3669 2832 3739 Vigilii
2858 3685 3008 3739 papa:
3028 3672 3093 3726 de
3122 3672 3295 3727 tribus
3320 3672 3424 3729 Ca-

1847 3756 2051 3824 pitulis.
2103 3756 2209 3812 Sed
2240 3757 2306 3813 de
2352 3760 2541 3812 eadem
2595 3760 2892 3829 quaastlone
2943 3761 3234 3830 plurimum
3263 3764 3422 3819 aPa-

1847 3846 2018 3900 tribus
2064 3848 2252 3917 synodi
2280 3848 2882 3919 Constantinopolitaum
2923 3868 2963 3906 ιι
2992 3853 3254 3909 discussa.
3287 3856 3423 3911 Vide

1847 3938 2132 4007 epistolam
2157 3940 2498 4009 imperatoris
2523 3941 2809 3997 Justiniani
2838 3944 2907 3997 ad
2932 3946 3193 4014 synodum
3219 3961 3258 3999 ιι
3287 3945 3423 4000 Con-

1848 4030 2422 4099 stantinopolitanam;
2480 4030 2665 4102 Cyrilli
2692 4032 2851 4101 epist.
2904 4033 2971 4087 ad
3005 4044 3249 4089 sanctum
3291 4034 3423 4089 Pro-

1849 4121 2029 4188 clum;
2082 4122 2259 4178 Procli
2304 4124 2462 4193 epist.
2526 4126 2594 4179 ad
2649 4123 2911 4182 Joannem
2975 4127 3414 4194 Antiochenum;

1847 4211 2199 4269 Collationem
2227 4229 2323 4268 VIII
2353 4216 2566 4270 concilii
2601 4214 3179 4287 ConstantinOpolitani
3205 4235 3242 4272 ιι
3265 4235 3280 4283 ;
3307 4219 3411 4273 Pe~

1848 4302 1975 4373 lagii
2015 4303 2059 4358 II
2097 4306 2382 4374 epistolam
2430 4308 2496 4361 ad
2532 4307 2704 4363 Eliam
2746 4309 3148 4379 Aquileiensem
3177 4319 3231 4363 et
3280 4310 3417 4365 alios

1847 4397 2017 4451 Istrize
2051 4398 2353 4469 episcopos,
2397 4408 2455 4456 et
2477 4400 2763 4457 Iustiniani
2794 4402 3137 4471 imperatoris
3186 4401 3421 4458 edictum

1849 4489 2107 4544 adversus
2132 4490 2236 4544 tria
2280 4489 2545 4561 Capitula.

2468 4582 2694 4639 CAPUT
2727 4583 2865 4639 XIV.

2367 4672 2443 4727 De
2489 4674 2925 4731 reconciliatione.

1923 4764 2151 4819 Romani
2176 4765 2513 4821 reconciliant
2547 4766 2807 4821 hominem
2834 4769 2977 4822 intra
3001 4768 3253 4823 absidem.
3283 4767 3426 4825 Con-

1850 4854 2033 4910 cilium
2090 4857 2345 4927 Carthag.
2396 4874 2458 4921 n,
2500 4875 2620 4915 can.
2672 4860 2781 4915 52:
2822 4878 2840 4911 ε
2887 4859 3266 4931 Cujuscunque
3315 4877 3420 4918 au-

1851 4955 1956 5001 tem
1994 4949 2307 5016 ptenitentis
2344 4949 2618 5018 publicum
2658 4959 2714 5006 et
2757 4951 3184 5023 vulgatissimum
3206 4953 3409 5009 crimen

1848 5047 1948 5104 est,
1986 5041 2129 5109 quod
2167 5041 2419 5096 universa
2441 5043 2680 5098 Ecclesia
2729 5044 2958 5108 noverit,
3010 5051 3137 5099 ante
3177 5046 3418 5101 absidem

1849 5145 2040 5184 manus
2085 5131 2136 5186 ei
2166 5131 2493 5200 imponatur.
2535 5155 2551 5185 ι
2578 5135 2713 5189 Cum
2754 5135 3069 5190 Theodorus
3092 5136 3252 5199 dicat,
3281 5138 3425 5193 intra

1849 5223 2101 5288 absidem,
2146 5238 2366 5281 necesse
2398 5236 2479 5281 cst
2514 5228 2753 5283 absidem
2795 5245 2900 5283 non
2949 5229 3124 5284 solum
3159 5230 3427 5299 interpre-

1850 5314 1951 5368 tari
1985 5315 2049 5369 de
2079 5316 2205 5370 sede
2224 5325 2280 5371 et
2308 5318 2502 5372 throno
2522 5319 2777 5388 episcopi,
2830 5302 2923 5373 sed
2952 5321 3131 5390 potius
3160 5320 3225 5375 de
3252 5320 3426 5390 spatio

1850 5405 1942 5460 illo
1969 5407 2111 5475 quod
2125 5408 2703 5477 propinquumestara:
2730 5410 2941 5480 majori,
2977 5420 3025 5465 et
3060 5411 3311 5465 cancellis
3340 5425 3425 5464 se-
3460 5404 3465 5409 ⁷

1848 5510 2096 5572 paratum
2124 5509 2208 5556 est
2259 5517 2290 5555 a
2314 5502 2519 5572 reliqua
2576 5504 2807 5559 ecclesia
2842 5522 2855 5559 :
2885 5505 3025 5559 sicut
3059 5504 3269 5559 erudite
3304 5503 3421 5557 ani-

1850 5593 2138 5648 madvertit
2166 5592 2472 5662 Stephanus
2520 5593 2768 5649 Baluzius
2794 5596 2847 5649 in
2894 5597 3005 5649 suis
3052 5594 3194 5648 notis
3218 5592 3281 5645 ad
3314 5591 3421 5648 Re-

1851 5684 2127 5755 ginonem,
2166 5692 2222 5740 et
2268 5687 2460 5755 probat
2517 5687 2824 5743 testimonio
2874 5684 3150 5741 Anastasii
3197 5682 3255 5738 in
3297 5682 3425 5740 Vita

1852 5775 2046 5832 Leonis
2095 5776 2179 5831 Ill.

2867 5887 2945 5949 87
