4060 6350
153 5782 163 5823 Ι

274 294 415 353 1165

1123 291 1213 346 ΑΒ
1252 289 1418 347 OMNI
1459 287 1824 345 NOVITATIS
1864 284 2263 344 SUSPICIONE
2296 287 2681 346 VINDICATA.

3382 294 3525 362 H66

270 404 589 471 declaravit,
613 404 836 458 verbum
863 418 967 456 non
990 404 1131 458 idem
1160 419 1257 473 pro
1284 419 1348 458 eo
1378 403 1605 473 amplius
1630 401 1846 471 repetiit
1873 401 1920 461 Α
1947 401 2067 494 istis
2088 410 2149 455 ut
2174 417 2400 473 peccare
2427 404 2717 474 desineret,
2749 420 3043 470 conventus
3067 423 3170 471 est.
3199 416 3381 477 Tertio
3407 422 3529 494 ipso

270 499 368 572 qui
406 497 494 552 bis
537 506 686 551 terve
725 496 1040 566 ohjnrgatus
1086 494 1267 562 fuerit,
1316 504 1422 551 etc.
1468 514 1486 547 (
1516 493 1573 550 Si
1599 504 1773 549 autem
1805 502 1852 547 te

270 607 379 646 non
428 586 676 652 audierit,
715 586 902 640 adhibe
944 597 1113 640 tecum
1154 588 1325 641 adhuc
1369 602 1553 655 unum,
1586 588 1662 642 vel
1699 588 1851 651 duos,

269 691 329 735 ut
360 681 418 734 in
455 695 543 733 ore
573 678 797 732 duorum
818 676 895 732 vel
914 678 1073 731 trium
1098 680 1303 733 testium
1322 687 1420 734 stet
1447 696 1595 734 omne
1619 678 1852 733 verbum.

245 770 415 838 Quid
455 784 584 841 ergo
608 769 691 824 bis
714 767 996 839 objurgato
1034 771 1328 841 continget,
1361 779 1647 840 postquam
1674 770 1731 824 in
1761 783 1857 824 ore

271 850 527 927 duorum,
573 861 657 917 vel
687 863 852 916 trium
896 863 1113 916 testium
1154 864 1369 918 steterit
1409 877 1569 918 omne
1609 863 1854 929 verbum,

269 948 431 1013 nobis
484 954 826 1026 cogitandum
867 954 1160 1026 relinquit:
1205 962 1259 1011 et
1303 971 1561 1011 rursum:
1613 955 1767 1022 Quod
1811 956 1857 1013 si

268 1064 380 1103 non
409 1046 639 1100 audierit
662 1063 770 1112 eos,
803 1054 968 1101 testes
996 1047 1247 1103 videlicet
1285 1055 1411 1102 ante
1432 1047 1721 1113 adhibitos,
1750 1048 1854 1115 die,

269 1140 473 1211 inquit,
520 1137 812 1192 Ecclesiae:
861 1154 960 1193 nec
986 1139 1184 1210 adjecit
1207 1138 1337 1209 quid
1368 1137 1459 1194 ﬁet
1483 1139 1527 1193 si
1563 1138 1859 1211 Ecclesiam

267 1249 380 1288 non
412 1230 661 1295 audierit,
718 1228 813 1287 sed
842 1230 1022 1285 docuit
1049 1244 1149 1301 pro
1174 1229 1391 1285 ethnico
1421 1232 1563 1285 hunc
1607 1229 1859 1298 deinceps

267 1330 329 1377 et
355 1320 641 1393 publicano
680 1319 747 1373 ab
768 1333 837 1393 go
878 1319 1182 1374 habendum
1224 1324 1342 1374 esse
1369 1321 1461 1389 qui
1492 1328 1573 1374 ter
1598 1319 1746 1374 ilium
1772 1334 1861 1374 ar-

267 1333 329 1377 et
355 1333 641 1393 publicano
680 1333 747 1373 an
881 1333 1182 1374 nanenuum
1224 1334 1342 1374 esse
1369 1336 1461 1389 qui
1492 1333 1573 1374 ter
1598 1333 1746 1374 ilmm
1772 1334 1860 1374 ar-

267 1414 469 1485 guerit,
520 1333 1066 1478 nec'fuerﬁoauditus,
1112 1412 1160 1467 Si
1198 1408 1453 1466 Ecclesiae
1489 1422 1699 1466 morem
1751 1427 1860 1467 non

264 1502 523 1579 gesserit.
558 1524 579 1558 ι
618 1500 676 1559 Si
713 1502 826 1558 hac
871 1503 1064 1569 verba,
1110 1500 1344 1555 lucratus
1387 1503 1488 1556 eris
1519 1496 1754 1572 fratrem,
1791 1501 1860 1557 ad

268 1612 397 1651 eum
445 1596 754 1667 pertineant
788 1593 879 1664 qui
922 1592 1351 1665 obtemperavit;
1390 1606 1491 1646 nec
1536 1591 1625 1648 ille
1669 1592 1861 1647 debeat

271 1686 415 1756 apud
443 1682 738 1740 Ecclesiam
782 1680 1047 1746 accusari,
1100 1695 1276 1750 neque
1311 1681 1379 1735 ab
1406 1679 1647 1736 Ecclesia
1690 1681 1853 1753 ejici:

1956 489 2166 545 Domini
2206 493 2459 560 adventu,
2494 504 2748 567 tanquam
2774 509 2917 556 coetu
2943 503 3199 563 Ecclesiae
3218 489 3531 581 inspectan-

1956 582 2027 638 tis
2053 584 2356 640 admonitus
2383 594 2466 642 est
2490 606 2502 640 :
2530 586 2836 662 frustraque
2862 594 3062 653 habitis
3084 599 3169 655 his
3192 601 3525 673 objurgatio-

1955 674 2135 741 nibus,
2181 677 2452 750 publicani
2485 687 2577 734 aut
2608 682 2809 739 ethnici
2848 686 3053 744 vilitate
3097 693 3401 765 negligitur.
3445 690 3533 755 Ad

1955 772 2219 823 terrorem
2245 777 2424 825 autem
2450 777 2624 829 metus
2648 774 2888 844 maximi,
2932 795 3040 849 quo
3067 782 3125 836 in
3149 800 3393 854 praesens
3412 802 3527 846 om-

1955 866 2055 947 nes
2093 858 2519 929 continerentur,
2566 863 2838 922 immobile
2883 873 3186 930 severitatis
3224 880 3533 947 apostolica:

1951 944 2214 1018 judicium
2249 951 2547 1020 praemisit:
2577 962 2639 1008 ut
2682 966 2816 1026 quos
2846 958 2909 1014 iu
2930 964 3090 1019 terris
3126 944 3426 1039 ligaverint',
3473 964 3535 1027 id

1957 1044 2061 1133 est,
2106 1044 2454 1133 peccatorum
2480 1045 2637 1100 nodis
2676 1047 2902 1105 innexos
2926 1052 3258 1125 reliQuerint,
3305 1058 3363 1116 et
3394 1056 3535 1133 quod

1956 1129 2236 1223 solverint,
2286 1133 2624 1192 confessione
2645 1138 2893 1198 videlicet
2927 1140 3115 1214 venire,
3145 1129 3450 1223 receperint
3473 1144 3531 1212 iii

1959 1220 2207 1277 salutem.
2238 1242 2258 1276 ι
2299 1224 2526 1283 Sanctus
2556 1224 2789 1288 Hilarius
2826 1233 3058 1293 affirmat
3082 1252 3203 1295 eum
3242 1220 3369 1301 esse
3387 1240 3532 1303 ordiv1

1958 1316 2393 1410 pem—charitatis
2437 1321 2792 1392 continenda},
2831 1338 2991 1397 quem
3030 1312 3173 1389 Deus
3214 1332 3339 1407 erga
3363 1344 3533 1410 popu-

1958 1403 2071 1459 lum
2092 1405 2259 1462 lsrael
2285 1410 2480 1477 tenuit,
2509 1419 2566 1467 et
2588 1411 2833 1473 Christus
2866 1420 2921 1474 in
2945 1416 3230 1494 Evangelia

1956 1505 2022 1552 ut
2038 1507 2356 1567 peccatores
2383 1516 2627 1560 seorsum
2649 1506 3042 1580 corripiantur;
3076 1512 3267 1572 deinde
3291 1516 3388 1574 sub
3404 1516 3534 1575 duo-

1956 1588 2060 1645 bus
2082 1600 2175 1646 aut
2217 1594 2389 1650 tribus
2414 1596 2678 1653 testibus:
2717 1612 2817 1657 nec
2844 1598 3070 1661 debeant
3102 1608 3314 1677 publice
3346 1608 3530 1680 objur-

1961 1684 2100 1763 gari,
2131 1685 2234 1740 nisi
2259 1686 2560 1763 pertinaces
2595 1691 2651 1747 in
2680 1700 2825 1750 cestu
2854 1694 3107 1754 Ecclesiae
3142 1705 3379 1760 accusati
3405 1720 3532 1761 cons

271 1748 619 1834 manifestum
657 1782 740 1832 est
780 1771 1069 1845 Origenem
1116 1748 1221 1827 hac
1262 1774 1596 1842 expositione
1642 1748 1855 1844 penitus
1888 1748 1934 1809 Β
1960 1748 2297 1831 demnentur.
2327 1760 2503 1846 Quare
2522 1778 2680 1851 plane
2698 1748 3117 1856 nega—nimi};

269 1883 472 1939 negare
508 1880 712 1921 morem
760 1861 943 1934 fuisse
974 1860 1229 1918 Ecclesiae
1264 1863 1480 1932 publice
1513 1862 1578 1918 de
1619 1865 1856 1933 peccatis

274 1957 504 2015 occultis
530 1955 847 2028 paenitendi.

349 2050 515 2108 Vetus
540 2056 729 2105 auctor
757 2047 1215 2105 Constitutionum
1243 2046 1682 2119 apostolica‘rum,
1724 2066 1857 2122 qua-

272 2159 400 2199 rum
424 2141 687 2198 Eusebius
712 2140 957 2195 meminit
981 2139 1075 2196 lib.
1107 2156 1168 2195 ιιι
1197 2138 1336 2196 Hist.
1367 2140 1585 2208 eccles.,
1615 2156 1733 2215 cap.
1764 2142 1851 2211 25,

275 2232 614 2307 disciplinam
642 2230 897 2289 Ecclesia:
918 2247 950 2286 a
982 2228 1198 2287 Christo
1238 2231 1543 2288 institutam
1570 2234 1648 2290 sic
1691 2232 1857 2291 refert

273 2328 372 2383 lib.
404 2342 464 2394 ιι,
492 2343 608 2399 cap.
639 2326 706 2380 57
733 2344 746 2379 :
782 2343 800 2376 ι
833 2322 913 2380 Tu
938 2325 1103 2396 igitur
1125 2320 1406 2382 considera
1434 2329 1676 2400 eumqui
1702 2336 1858 2386 accu-

275 2423 427 2473 satus
454 2424 554 2481 est,
600 2415 873 2487 sapienter
896 2412 1330 2470 animadvertetis
1351 2428 1471 2485 quas
1492 2415 1608 2486 ejus
1631 2418 1743 2473 vita
1764 2410 1854 2487 sit,

275 2515 331 2567 et
352 2507 547 2580 qualis,
591 2516 646 2563 et
671 2506 718 2562 si
746 2507 1014 2579 repereris
1039 2513 1413 2563 accusatorem
1440 2498 1621 2565 dicere
1643 2526 1853 2578 verum,

274 2594 363 2658 fac
390 2610 449 2657 ut
470 2600 727 2657 Dominus
753 2598 1057 2657 faciendum
1083 2608 1201 2655 esse
1225 2598 1423 2664 docuit,
1452 2603 1677 2658 conveni
1699 2618 1859 2660 accu-

278 2702 458 2750 satum
509 2708 773 2760 seorsum,
804 2701 859 2749 et
886 2707 1050 2762 argue
1098 2705 1219 2746 eum
1245 2692 1459 2748 nemine
1486 2706 1775 2764 praesente,
1798 2707 1860 2753 ut

277 2802 402 2843 eum
438 2785 736 2858 poeniteat:
778 2784 825 2839 si
852 2791 1033 2839 autem
1060 2798 1167 2838 non
1190 2783 1452 2854 paruerit,
1483 2785 1727 2841 adhibito
1750 2794 1860 2842 un'o

281 2887 373 2935 aut
398 2878 590 2944 altero,
630 2876 807 2933 indica
832 2877 881 2932 ei
910 2886 1170 2944 erratum,
1217 2892 1440 2933 monens
1461 2893 1584 2931 eum
1606 2876 1860 2933 adhibitis

279 2965 690 3023 mansuetudine
714 2975 768 3022 et
793 2966 1089 3038 disciplina,
1140 2967 1394 3036 quoniam
1431 2966 1487 3021 in
1532 2968 1696 3022 corde
1718 2969 1859 3024 bono

282 3060 571 3130 requiescit
608 3059 869 3130 sapientia
894 3100 908 3125 ,
962 3060 1015 3113 in
1061 3060 1223 3115 corde
1266 3068 1444 3114 autem
1491 3060 1860 3133 insipientium

1888 3107 1938 3173 C

1952 1860 2210 1924 Ecclesiae
2234 1869 2453 1927 decreto
2479 1874 2745 1931 sancitum
2764 1872 2978 1947 publice
3002 1879 3067 1936 de
3094 1883 3330 1953 peccatis
3355 1885 3533 1943 occul-

1953 1956 2028 2014 tis
2054 1960 2369 2030 paenitendi.
3417 2005 3426 2014 -

2026 2048 2261 2142 Joannes
2289 2050 2708 2142 Chrysostomus
2736 2058 2791 2115 in
2818 2050 3040 2118 homil‘ia
3061 2062 3152 2132 61,
3169 2064 3225 2123 in
3251 2076 3369 2142 eap.
3398 2058 3531 2129 xvdt

1950 2134 2198 2199 ﬂattbmi
2222 2163 2234 2199 :
2273 2163 2293 2197 ι
2314 2140 2377 2202 Si
2395 2156 2570 2203 autem
2593 2148 2879 2221 peccaverit
2904 2154 2959 2209 in
2974 2164 3024 2211 te
3043 2154 3213 2226 frater
3233 2134 3374 2228 tutis,
3405 2164 3536 2221 vade

1955 2230 2013 2325 et
2030 2234 2232 2305 corripe
2260 2240 2380 2291 eum
2408 2238 2546 2325 inter
2569 2250 2620 2295 te
2643 2249 2693 2296 et
2716 2241 2885 2325 ipsum
2905 2245 3075 2301 solum
3096 2267 3116 2313 ;
3140 2250 3188 2304 si
3212 2257 3262 2305 te
3284 2253 3535 2325 audierit,

1956 2318 2195 2379 literatus
2233 2328 2339 2381 eris
2384 2318 2602 2398 fratrem
2630 2339 2798 2387 tuum.
2846 2322 3109 2402 Quoniam
3133 2340 3247 2397 acri
3291 2318 3540 2404 oratione

1959 2414 2219 2472 adversus
2247 2419 2677 2478 scandalizautes
2720 2428 2870 2492 usus,
2912 2424 3097 2484 multis
3136 2438 3231 2487 eos
3258 2448 3541 2504 argumen-

1957 2507 2033 2563 tis
2055 2510 2265 2576 terruit,
2310 2520 2380 2567 ne
2421 2514 2597 2583 supini
2622 2523 2783 2586 atque
2812 2514 3023 2578 desides
3047 2522 3149 2580 hac
3174 2527 3386 2585 ratione
3406 2524 3542 2588 ﬁant

1959 2594 2018 2691 hi
2079 2598 2274 2670 quibus
2326 2603 2578 2660 scandala
2631 2598 2982 2679 inferuntur;
3045 2618 3101 2668 et
3162 2620 3232 2674 ne
3284 2628 3542 2691 putantes

1962 2688 2139 2781 totam
2161 2692 2217 2747 in
2256 2692 2400 2781 alios
2442 2697 2655 2768 culpam
2688 2714 2807 2757 esse
2855 2701 3132 2773 reiectam,
3178 2688 3543 2781 adtinollitiei

1961 2777 2153 2867 vitium
2183 2780 2525 2854 delabantur,
2575 2796 2633 2844 et
2674 2792 2828 2861 quasi
2880 2792 3029 2849 omni
3080 2777 3271 2855 favore
3312 2794 3458 2875 digni
3485 2802 3543 2860 in

1962 2876 2329 2946 arrogantiam
2356 2876 2625 2935 incidant:
2654 2884 2903 2954 perspice
2921 2889 3190 2956 quomodo
3210 2889 3356 2961 ipsos
3378 2895 3543 2963 etiam

1963 2966 2272 3036 comprimit
2298 2976 2459 3039 atque
2487 2980 2721 3040 coercet,
2768 2984 2823 3029 et
2867 2976 3007 3032 inter
3048 2977 3183 3037 duos
3211 2981 3545 3044 solummodo

1963 3055 2401 3128 redargutionem
2428 3059 2543 3117 fieri
2562 3060 2736 3139 jubet,
2767 3076 2837 3120 ne
2856 3065 3062 3124 scilicet
3085 3068 3392 3131 testimonio
3413 3058 3547 3133 mul-

283 3153 664 3225 dignoscitur.)
696 3151 763 3205 Et
787 3165 903 3221 cap.
935 3147 1002 3203 58
1028 3166 1041 3202 :
1064 3147 1151 3203 «Si
1179 3150 1344 3220 igitur
1369 3151 1523 3205 vobis
1548 3152 1722 3207 tribus
1745 3168 1864 3208 cre-
1888 3147 2211 3205 u‘titudinis
2239 3151 2487 3220 graviore
2516 3152 2860 3212 accusatione
2908 3158 3045 3225 visa,
3096 3159 3412 3235 dedignatus
3451 3168 3543 3225 ille

250 3244 253 3249 “
285 3246 503 3311 diderit,
532 3247 667 3300 bene
691 3244 881 3307 habet;
914 3245 997 3298 sin
1026 3244 1223 3313 aliquis
1266 3245 1432 3299 durus
1460 3244 1867 3323 obstinatosque

288 3342 417 3405 erit,
454 3340 540 3394 dic
563 3338 811 3395 Ecclesim
838 3356 850 3391 :
890 3338 1028 3393 hanc
1055 3337 1099 3391 si
1135 3336 1541 3407 contempserit,
1570 3351 1746 3408 neque
1772 3351 1865 3390 au-

289 3434 405 3490 dire
431 3430 675 3497 voluerit,
725 3430 794 3487 sit
821 3428 917 3484 tibi
945 3437 1003 3483 ut
1046 3428 1292 3483 ethnicus
1321 3436 1377 3482 et
1418 3426 1764 3497 publicanus,
1811 3435 1867 3481 et

284 3541 355 3582 ne
391 3539 513 3579 eum
549 3521 617 3577 ad
657 3512 953 3576 Ecclesiam
999 3526 1253 3590 tanquam
1278 3514 1648 3585 Christianum
1672 3516 1867 3571 admit-

287 3626 388 3682 tas,
415 3615 524 3669 imo
550 3601 804 3684 tanquam
833 3609 1181 3682 publicanum
1210 3608 1407 3663 deVita.
1440 3629 1460 3662 ι
1500 3607 1775 3671 Peccator
1797 3609 1865 3663 ab

285 3726 392 3765 uno
414 3723 655 3765 seorsum
668 3704 1037 3779 corripiendus
1060 3712 1164 3766 est,
1189 3704 1404 3760 nemine
1424 3700 1532 3758 alio
1555 3711 1822 3774 praesente
1847 3720 1860 3755 :

286 3810 340 3856 et
375 3802 554 3856 sinon
585 3798 847 3872 paruerit,
888 3797 1210 3852 adhibentur
1251 3797 1355 3851 duo
1382 3800 1475 3849 aut
1500 3802 1645 3861 tres,
1672 3794 1867 3865 quibus

285 3897 333 3953 si
376 3893 684 3959 crediderit,
734 3907 821 3947 res
863 3891 998 3947 bene
1028 3904 1085 3946 se
1119 3888 1317 3955 habet;
1366 3902 1473 3942 non
1518 3901 1740 3941 necesse
1783 3894 1869 3942 est

285 3989 439 4045 illum
470 3986 614 4059 apud
638 3983 937 4041 Ecclesiam
981 3996 1260 4048 accusare,
1305 3993 1481 4050 neque
1519 3980 1587 4035 ab
1624 3979 1867 4035 Ecclesia

242 4147 251 4155 ο
285 4082 504 4154 ejicere,
546 4078 649 4134 nisi
678 4084 860 4149 postea
888 4076 1054 4130 durus
1078 4081 1133 4129 et
1173 4071 1477 4128 obstinatus
1500 4069 1722 4127 effectus
1761 4071 1868 4128 cri-

283 4189 413 4230 men
455 4173 725 4245 publicum
768 4169 979 4226 reddat.
1025 4167 1120 4222 llla
1150 4174 1233 4221 est
1260 4164 1514 4221 Ecclesiae
1560 4163 1863 4233 disciplina,

283 4280 451 4336 quam
472 4263 593 4332 quis
619 4277 724 4317 non
748 4267 925 4330 potest
951 4258 1027 4312 ita
1054 4270 1375 4328 proponere,
1407 4254 1535 4325 quin
1561 4262 1745 4324 aperte
1772 4269 1867 4309 ne-

282 4363 377 4427 get
399 4369 603 4426 morem
623 4353 790 4407 fuisse
814 4349 1068 4405 Ecclesiae
1094 4346 1307 4419 publice
1330 4346 1398 4401 de
1423 4347 1661 4416 peccatis
1685 4346 1867 4401 occul-

282 4448 360 4503 tis
384 4444 693 4517 pmuitcndi.

357 4537 946 4594 llilariusPictavorum
962 4533 1243 4606 episcopus
1260 4530 1315 4585 in
1328 4528 1636 4613 _Comment.
1653 4529 1869 4613 blattis,

228 4606 237 4615 ’
280 4645 494 4688 canone
520 4631 623 4685 18:
676 4649 693 4680 ς
730 4627 883 4694 Quod
915 4626 962 4683 si
1009 4621 1293 4696 peccaverit
1324 4608 1386 4676 δι
1430 4630 1478 4675 te
1520 4621 1686 4691 frater
1726 4606 1869 4691 tuus,

282 4722 421 4778 uade
448 4728 496 4775 et
522 4721 723 4795 corripe
751 4735 894 4783 eum,
921 4725 1025 4772 etc.
1077 4716 1213 4770 Eum
1246 4714 1491 4768 ordinem
1534 4715 1872 4771 continendae

282 4814 572 4869 charitatis
620 4812 777 4867 nobis
823 4809 1081 4865 Dominus
1126 4805 1399 4876 imposuit,
1449 4820 1612 4875 quem
1655 4806 1768 4876 ipse
1813 4806 1870 4861 in

283 4905 653 4965 muservando
680 4903 847 4960 lsrael
870 4907 1119 4965 tenuerat
1143 4917 1156 4952 :
1203 4897 1362 4954 Jubet
1386 4899 1533 4955 enim
1554 4907 1869 4970 peccantem

283 5001 517 5055 fratrem
538 4999 609 5054 ab
630 5013 696 5052 eo
717 4997 830 5053 solo
860 4996 915 5063 in
937 5008 1096 5064 (piem
1125 4993 1450 5061 peccaverit,
1478 4995 1675 5064 corripi
1706 5004 1871 5065 atque

284 5091 582 5162 olﬁurgari.
612 5089 729 5160 Ipse
755 5088 900 5143 enim
929 5083 1327 5141 sacriﬁcantem
1355 5084 1459 5139 diis
1486 5085 1677 5140 alienis
1703 5101 1873 5155 popu-

230 5227 241 5233 .
286 5186 407 5239 lum
429 5182 729 5245 Iudaicum,
772 5177 1071 5248 maiestatis
1096 5192 1207 5233 suae
1232 5178 1486 5244 adventu,
1511 5184 1567 5233 et
1594 5184 1709 5232 toto
1735 5194 1872 5249 pra:-

288 5273 462 5330 sentis
490 5271 783 5355 potestatis
826 5279 1034 5325 terrore
1079 5269 1374 5339 corripuit:
1420 5275 1534 5322 tum
1569 5284 1691 5324 cum
1730 5270 1872 5326 idem

288 5364 519 5437 populus
545 5363 642 5418 Dei
668 5362 1073 5432 propinquantis
1098 5361 1406 5426 adventum,
1450 5369 1605 5417 extra
1632 5370 1873 5417 montem

289 5457 421 5514 licet
442 5457 667 5526 positus,
699 5454 843 5510 ferre
870 5469 974 5509 non
1000 5454 1177 5524 potuit
1214 5454 1268 5507 in
1292 5454 1676 5521 obedientiam,
1706 5470 1875 5511 unum

232 5606 241 5611 _
290 5558 459 5617 atque
485 5549 623 5609 duos
638 5546 811 5619 jussit
840 5545 1121 5610 adhiberi,
1165 5547 1305 5600 utin
1346 5562 1442 5601 ore
1466 5547 1630 5601 duum
1661 5548 1877 5603 testium

297 5637 432 5693 ﬁdes
455 5638 606 5693 verbi
648 5651 713 5691 ac
748 5637 946 5690 veritas
987 5643 1221 5691 maneat.
1271 5635 1406 5703 Quia
1434 5638 1685 5693 insolenti
1713 5637 1879 5693 Israel

296 5731 381 5784 lex
425 5737 477 5785 et
500 5731 777 5801 prophetae
803 5740 857 5787 et
882 5729 1116 5785 Joannes
1156 5738 1239 5786 est
1283 5730 1498 5796 missus,
1546 5732 1881 5801 testibusque

1946 3238 2239 3295 duriorem
2292 3257 2350 3297 se
2390 3244 2458 3299 ad
2501 3245 2879 3318 corrigendum
2924 3250 3199 3318 praebeat:
3245 3256 3366 3312 ideo
3394 3252 3544 3327 dicit,

1965 3333 2101 3386 inter
2124 3342 2173 3387 te
2205 3341 2253 3387 et
2277 3335 2448 3406 ipsum
2490 3336 2680 3404 solum,
2713 3346 2763 3393 et
2783 3342 2831 3394 si
2857 3341 3074 3410 quidem
3114 3354 3162 3399 te
3187 3348 3434 3416 audierit,
3463 3345 3547 3405 lu-

1969 3432 2144 3481 cratus
2170 3441 2229 3483 es
2259 3427 2477 3498 fratrem
2507 3437 2675 3485 tuum.
2699 3429 2839 3499 Quid
2865 3438 2973 3499 est,
3001 3430 3059 3488 si.
3093 3443 3142 3489 te
3172 3434 3397 3493 audierit
3418 3441 3445 3493 ?
3487 3434 3547 3498 Si

1966 3524 2259 3601 persuasus
2283 3516 2535 3575 videlicet
2571 3522 2671 3593 abs
2698 3530 2772 3590 te,
2802 3522 3008 3594 pedcati
3042 3541 3102 3582 se
3145 3528 3544 3601 condemnabit,

1968 3600 2202 3662 lucratus
2228 3621 2288 3664 es
2314 3608 2530 3680 fratrem
2567 3620 2734 3687 tuum,
2762 3614 2866 3668 etc'.
2916 3610 3054 3681 Quid
3084 3615 3266 3688 igitur,
3312 3600 3545 3691 inquies,

1968 3695 2162 3753 faciam
2193 3699 2239 3755 si
2278 3701 2443 3755 d’urus
2469 3716 2532 3756 ac
2560 3703 2800 3772 pertinax
2831 3700 3037 3760 fuerit?
3084 3706 3313 3763 Assume
3353 3714 3545 3779 tecum,

1967 3789 2160 3860 inquit,
2190 3807 2353 3845 unum
2377 3801 2470 3845 aut
2501 3792 2633 3848 duos
2655 3809 2675 3849 :
2708 3802 2766 3850 ut
2798 3794 2853 3848 in
2882 3808 2972 3849 ere
2997 3793 3223 3851 duorum
3258 3806 3351 3853 aut
3387 3801 3548 3855 trium

1962 3885 2177 3954 testium
2204 3893 2301 3938 stet
2326 3900 2473 3941 omne
2500 3885 2728 3941 verbum.
2759 3882 2896 3940 Nam
2925 3893 3127 3957 quanto
3155 3887 3243 3944 ille
3268 3889 3550 3964 impuden-

1969 3976 2093 4041 tior,
2126 3985 2289 4047 atque
2314 3978 2643 4047 pertinacior
2664 3978 2849 4046 fuerit,
2885 3985 3035 4035 tanto
3072 3982 3244 4051 magis
3271 3985 3339 4040 ad
3367 3986 3551 4041 emen—

1971 4066 2241 4122 dationem
2269 4065 2384 4136 ejus
2411 4070 2613 4140 absque
2662 4070 2744 4125 ira‘
2785 4076 2840 4126 et
2857 4071 3114 4140 molestia
3143 4072 3298 4132 nobis
3326 4081 3548 4136 studen-

1970 4158 2096 4214 dum
2124 4165 2227 4214 est.
2279 4158 2413 4213 Nam
2442 4169 2495 4213 ct
2545 4162 2786 4221 medicus
2836 4177 2958 4217 cum
3006 4165 3309 4236 graviorem
3354 4162 3553 4226 viderit

1968 4251 2238 4316 morbum,
2273 4269 2377 4307 non
2406 4253 2640 4319 desistit,
2666 4271 2766 4310 nec
2814 4253 3061 4310 molestia
3103 4272 3391 4326 oppressus
3419 4256 3553 4316 deﬁ-

1970 4344 2067 4411 cit,
2101 4344 2196 4399 sed
2223 4344 2291 4398 ad
2320 4343 2540 4400 ferenda
2582 4345 2821 4402 remedia
2847 4342 3162 4416 diligentius
3205 4364 3263 4404 se
3290 4348 3547 4425 accingit,

1972 4436 2117 4504 quod
2145 4450 2245 4489 nos
2280 4452 2493 4506 quoque
2519 4436 2698 4491 facere
2732 4434 2906 4505 jubet,
2933 4443 3038 4492 etc.
3071 4436 3138 4492 Et
3175 4439 3221 4494 si
3251 4442 3551 4512 pertinacia

1980 4529 2277 4584 obduratus
2305 4538 2402 4592 est,
2436 4530 2596 4583 etiam
2646 4529 2941 4584 Ecclesium
2992 4528 3058 4584 ad
3105 4532 3249 4589 hunc
3291 4544 3587 4603 aegrotum,

1936 4622 1939 4625 “
1980 4622 2249 4677 adducat:
2297 4621 2396 4676 Dic
2425 4622 2565 4675 enim
2619 4618 2883 4685 Ecclesiw,
2932 4626 3037 4676 etc.
3089 4622 3248 4680 Vides
3286 4632 3393 4680 non
3423 4626 3552 4700 s'up-

1977 4713 2144 4783 plicii,
2175 4714 2268 4768 sed
2308 4712 2698 4768 emendationis
2742 4712 2916 4782 gratia
2965 4711 3018 4766 id
3061 4711 3217 4782 ﬁeri;
3264 4723 3554 4786 propterea

1977 4805 2151 4862 nullos
2175 4807 2277 4861 sibi
2310 4806 2461 4860 initio
2489 4805 2711 4877 praebet,
2742 4806 2835 4861 sed
2861 4821 2981 4862 cum
3029 4807 3143 4876 ipse
3170 4823 3266 4877 per
3311 4822 3370 4864 se
3414 4808 3552 4876 nihil

1975 4896 2233 4962 eil'ecerit,
2252 4911 2425 4965 neque
2454 4904 2580 4951 tunc
2603 4896 2930 4953 multitudini
2963 4899 3403 4956 committendam
3432 4916 3550 4957 rem

1972 4992 2238 5062 praecipit,
2264 4991 2359 5045 sed
2393 5007 2555 5044 unum
2599 5000 2693 5046 aut
2735 4991 2805 5051 ad
2845 5008 3115 5048 summum
3142 4992 3374 5048 alterum
3403 4988 3554 5049 addi-

1974 5084 2088 5137 dit:
2121 5097 2256 5152 quos
2285 5081 2330 5138 si
2379 5091 2598 5152 propter
2642 5097 2795 5137 suam
2844 5084 3176 5155 proterviam
3224 5083 3552 5156 despexerit,

1926 5242 1933 5243 ί
1972 5186 2105 5231 tunc
2132 5174 2350 5229 tandem
2370 5173 2440 5229 ad
2472 5171 2771 5229 Ecclesiam
2798 5171 3129 5231 oil‘ereudam
3178 5191 3292 5231 rem
3322 5173 3551 5233 censuit.

1933 5344 1936 5348 Δ
1972 5268 2049 5324 Ita
2079 5283 2334 5339 magnum
2364 5267 2469 5323 sibi
2498 5276 2580 5324 est
2622 5267 2875 5333 studium,
2908 5283 2978 5324 ne
3021 5270 3394 5340 proximorum
3422 5266 3554 5324 deli-

1976 5370 2082 5428 cta,
2114 5361 2215 5418 nisi
2246 5370 2369 5432 post
2392 5362 2623 5433 primam
2668 5370 2723 5418 et
2765 5361 2991 5422 alteram
3031 5362 3449 5419 admonitionem
3472 5358 3555 5427 ef-

1977 5453 2241 5509 ferantur.
2290 5454 2427 5521 Quid
2458 5461 2639 5509 autem
2686 5454 2789 5509 sibi
2817 5455 2955 5520 vult,
2984 5454 3039 5508 in
3084 5471 3172 5509 ore
3215 5453 3441 5509 duorum
3470 5451 3552 5515 uel

1977 5545 2135 5600 trium
2160 5546 2365 5601 testium
2392 5546 2548 5603 stabit
2577 5563 2726 5601 omne
2747 5546 2955 5603 verbum
2979 5546 3004 5600 ?
3030 5544 3207 5619 [Iabes
3225 5546 3340 5618 jam
3360 5552 3553 5616 testes,

1978 5637 2173 5707 inquit,
2205 5653 2340 5707 opus
2366 5638 2460 5693 abs
2489 5647 2542 5692 te
2575 5646 2723 5695 tuum
2752 5638 2827 5694 ita
2870 5653 2988 5693 esse
3026 5628 3359 5707 confectum,
3383 5644 3446 5692 ut
3467 5630 3554 5693 iii-
3577 5707 3604 5717 ﬂ

1982 5731 2055 5786 hil
2083 5730 2224 5799 quod
2254 5730 2322 5783 ad
2353 5738 2402 5784 te
2443 5730 2729 5797 pertineat,
2758 5730 3023 5798 reliquum
3048 5742 3166 5784 esse
3193 5722 3457 5783 videatur.
3488 5724 3550 5783 Si
3577 5709 3598 5724 N
