4060 6350
580 329 724 386 1167

1153 322 1503 380 THEODORI
1539 323 1856 379 ARCHIEP.
1895 318 2242 377 CANTUAR.
2286 280 2630 376 DOCTHINA
2669 320 2756 376 DE
2793 319 3244 377 PtENITENTIA

3722 320 3870 378 “68

586 450 766 495 autem
791 453 886 495 eos
912 453 1018 492 non
1049 437 1298 500 audierit,
1316 437 1401 491 dic
1428 417 1704 502 Ecclesia,
1722 437 2040 506 praesulibus
2062 434 2165 488 sci-
2193 437 2239 494 Α
2264 444 2625 504 peccaverunt,
2649 445 2696 489 et
2727 453 2828 490 non
2851 443 3064 505 egerunt
3084 435 3456 506 paenitentiam,
3485 451 3549 493 ac
3571 451 3708 494 sese
3732 437 3869 508 ipsis

585 532 712 586 licet
735 547 797 585 ac
820 528 1250 600 praesidentibus,
1296 535 1400 580 etc.
1447 526 1781 596 Quaecunque
1829 525 2163 595 atliguveritis

582 637 740 692 super
762 630 980 683 terram,
1022 626 1171 670 erunt
1197 616 1357 685 ligata
1398 626 1447 668 et
1474 617 1526 669 in
1554 615 1714 682 caelis,
1740 624 1845 671 etc.
1878 614 2013 668 Nam
2040 631 2164 669 cum

581 713 880 776 hzcsciat,
924 709 1170 780 quamvis
1219 709 1395 778 primo
1441 710 1685 782 ingressu
1731 711 1910 765 minus
1954 709 2162 776 fecerit,

577 803 924 859 multitudine
966 810 1147 854 tamen
1191 799 1523 869 judiciorum
1563 804 1861 868 convictus,
1893 803 2024 856 iram
2058 801 2166 856 for-

576 904 728 950 lasse
757 894 1003 962 deponet.
1057 889 1171 943 Hac
1223 891 1369 945 enim
1409 891 1476 945 de
1524 908 1686 947 causa
1731 908 1838 947 non
1881 892 2164 948 confestim

574 966 868 1045 abscindit,
900 981 995 1035 sed
1026 981 1094 1034 ad
1117 981 1337 1036 tertium
1364 996 1534 1050 usque
1557 982 1818 1052 judicium
1849 997 2164 1052 progressus

575 1085 699 1132 est:
729 1084 788 1129 ut
813 1073 858 1129 si
889 1073 1062 1142 primo
1101 1089 1210 1129 non
1251 1075 1512 1145 paruerit,
1559 1076 1892 1144 obtemperet
1936 1074 2112 1128 alteri.
2138 1093 2156 1126 ι

579 1166 671 1224 Sic
711 1176 931 1222 sanctus
967 1163 1020 1219 J.
1065 1165 1488 1236 'Chrysostomus
1539 1175 1699 1237 negat
1745 1181 1947 1220 morem
1995 1164 2161 1220 fuisse

575 1259 834 1315 Ecclesia:
859 1258 1081 1314 decreto
1110 1259 1396 1323 sancitum,
1442 1258 1656 1327 publice
1699 1258 1765 1312 de
1806 1258 2045 1327 peccatis
2074 1271 2164 1311 oc-

573 1352 739 1409 cultis
783 1352 1130 1422 pmnitendi;
1181 1366 1342 1421 quem
1395 1351 1643 1420 repudiat
1693 1350 1855 1404 veluti
1914 1349 2164 1404 charitati

569 1444 799 1500 omnino
823 1443 1176 1498 contrarium.
1205 1461 1224 1494 ι
1262 1441 1446 1511 Neque
1488 1450 1635 1506 tunc,
1685 1441 1880 1512 inquit,
1926 1440 2166 1494 multitu-

569 1533 688 1590 dini
717 1531 1159 1589 committendam
1185 1548 1299 1588 rem
1329 1533 1591 1602 prazcipit.
1624 1531 1737 1587 Hac
1765 1533 1830 1586 de
1855 1547 2017 1588 causa
2055 1546 2163 1585 non

566 1623 864 1681 confestim
893 1623 1179 1689 abscindit,
1213 1624 1307 1680 sed
1335 1625 1402 1679 ad
1434 1625 1652 1678 tertium
1695 1640 1864 1694 usque
1902 1622 2163 1691 judicium

568 1728 898 1785 progressus
937 1723 1039 1778 est,
1076 1730 1144 1769 ne
1194 1714 1403 1770 scilicet
1453 1715 1762 1769 testimonio
1804 1712 2162 1770 multitudinis

567 1807 824 1878 graviore
868 1807 1214 1862 accusatione
1254 1807 1369 1860 visa
1402 1806 1722 1875 dedignatus
1753 1806 1842 1860 ille
1889 1806 2164 1860 duriorem

567 1911 636 1951 se
666 1897 731 1950 ad
775 1897 1153 1965 corrigendum
1197 1896 1456 1967 praebeat.
1492 1916 1510 1948 ι
1543 1895 1592 1950 J.
1646 1896 2062 1968 Chrysostomus
2108 1896 2163 1951 in

577 1985 798 2040 homilia
847 1987 938 2050 29,
979 1987 1035 2040 in
1079 1985 1250 2054 Epist.
1296 1987 1362 2040 ad
1411 1985 1656 2040 Corinth.
1688 1986 1751 2040 ll.
1782 2005 1800 2037 ι
1847 1986 1983 2041 Ecce
2009 1987 2163 2040 tertio

577 2075 671 2128 hoc
702 2077 844 2129 venio
889 2076 960 2130 ad
1000 2092 1126 2130 eos:
1175 2075 1243 2130 In
1275 2093 1363 2130 ore
1386 2077 1611 2147 duorum
1660 2085 1734 2132 ac
1769 2080 1927 2132 trium
1956 2079 2162 2132 testium

571 2164 736 2218 stabit
764 2182 915 2220 omne
959 2167 1188 2220 verbum.
1245 2165 1380 2222 Cum
1429 2167 1645 2223 aliunde
1687 2168 1848 2223 etiam
1886 2170 2069 2224 multis
2095 2185 2162 2224 ex

573 2257 757 2320 rebus,
788 2265 904 2311 tum
934 2258 1019 2310 vel
1066 2257 1190 2312 hinc
1220 2258 1453 2312 maxime
1488 2258 1637 2312 Pauli
1681 2260 2023 2330 sapientiam,
2063 2276 2161 2330 pa-

569 2356 896 2417 ternumque
927 2346 1175 2406 affectum
1205 2349 1511 2418 perspicere
1534 2349 1690 2405 licet:
1717 2351 1974 2405 nimirum
1995 2367 2162 2421 quam

568 2436 630 2490 in
661 2437 1044 2492 denuntiandis
1091 2438 1305 2507 quidem
1347 2441 1622 2510 suppliciis
1659 2441 1860 2496 multus
1899 2457 1962 2497 ac
2004 2443 2164 2497 vehe-

568 2543 744 2590 mens,
771 2528 824 2582 in
849 2527 1140 2583 inferendis
1163 2539 1342 2584 autem
1370 2531 1550 2601 segnis
1574 2547 1637 2586 ac
1661 2533 1846 2587 tardus
1868 2534 1957 2588 sit.
1978 2534 2163 2603 Neque

563 2619 716 2673 enim
758 2621 822 2674 de
854 2621 918 2674 iis
947 2620 1037 2688 qui
1087 2622 1403 2690 peceabant,
1449 2638 1640 2692 poenas
1669 2626 1850 2679 statim
1890 2627 2160 2697 sumpsit:

565 2709 667 2765 sed
697 2709 862 2762 semel
893 2718 1053 2779 atque
1080 2711 1274 2765 iterum
1301 2713 1598 2767 admonuit.
1630 2714 1708 2769 Ac
1738 2731 1804 2769 ne
1831 2717 1909 2771 sic
1939 2717 2159 2785 quidem

572 2797 628 2852 in
659 2807 1007 2854 contumaces
1053 2801 1472 2856 animadvertit:
1531 2803 1624 2858 sed
1673 2819 1863 2858 rursus
1908 2805 2162 2860 admonet

571 2905 636 2945 ac
665 2891 950 2946 denuntiat
999 2893 1203 2959 dicens,
1263 2894 1436 2950 Tertio
1485 2898 1581 2950 hoc
1630 2899 1773 2952 venio
1821 2899 1891 2952 ad
1941 2915 2064 2954 vos:
2095 2915 2160 2956 ac

562 2981 888 3052 priusquam
917 2984 1112 3048 adsim,
1144 3001 1334 3040 rursus
1381 2989 1580 3042 scribo.
1628 2989 1818 3043 Postea
1849 3006 1914 3045 ne
1937 2999 2160 3045 cuncta-

567 3071 642 3126 tio
675 3073 957 3142 segnitiem
989 3073 1095 3128 illis
1122 3077 1321 3143 pariat.
1350 3076 1473 3132 vide
1499 3093 1605 3147 quo
1636 3089 1792 3148 pacto
1819 3081 1907 3133 hic
1943 3096 2158 3150 quoque

565 3175 660 3216 eos
686 3161 945 3232 corrigat,
981 3163 1194 3220 assidue
1236 3181 1427 3236 nempe
1456 3167 1835 3234 interminans,
1875 3186 1940 3225 ac
1968 3171 2154 3242 plagas

531 3251 860 3318 _intentans,
891 3263 1052 3324 atque
1069 3255 1220 3310 hisce
1244 3257 1423 3312 verbis
1449 3267 1623 3323 utens,
1649 3259 1710 3313 Si
1737 3276 1917 3314 venero
1943 3261 2152 3329 iterum,

566 3357 671 3396 non
695 3359 931 3413 parcam.
971 3344 1038 3398 Et
1061 3361 1141 3408 ne,
1172 3363 1289 3399 cum
1312 3363 1516 3412 venero,
1541 3347 1748 3418 lugeam
1788 3350 1998 3404 multos.
2031 3351 2155 3408 Haec

564 3450 729 3505 porro
757 3435 962 3492 idcirco
991 3436 1122 3492 facit
1147 3454 1212 3494 ac
1241 3439 1497 3509 loquitur,
1531 3449 1588 3495 ut
1623 3442 1725 3496 hac
1762 3457 1974 3512 quoque
2001 3452 2157 3512 parte

561 3527 805 3581 omnium
842 3527 1129 3583 Dominum
1171 3530 1432 3586 imitetur.
1482 3532 1617 3586 Nam
1669 3540 1725 3588 et
1775 3533 1914 3589 Deus
1942 3535 2157 3593 assidue

560 3617 782 3688 quidem
812 3619 1194 3685 comminatur,
1223 3637 1288 3676 ac
1317 3637 1460 3693 stupe
1488 3637 1678 3693 poenas
1705 3623 2027 3679 denuntiat:
2059 3627 2156 3683 sed

563 3727 673 3768 non
702 3728 843 3782 sape
872 3713 1028 3782 punit
1049 3722 1104 3768 et
1131 3715 1429 3770 crueiatum
1460 3715 1642 3770 infert.
1676 3714 1789 3770 Hoc
1831 3716 2011 3786 itaque
2041 3717 2157 3788 ipse

561 3818 776 3874 quoque
804 3803 951 3858 facit.
989 3803 1070 3859 Ob
1100 3803 1262 3874 idque
1309 3806 1474 3860 etiam
1504 3815 1630 3860 ante
1671 3806 1906 3871 dicebat,
1937 3823 2156 3876 parcens

562 3896 728 3960 vobis,
758 3911 861 3948 non
892 3893 1033 3948 ultra
1058 3894 1171 3949 veni
1210 3893 1516 3949 Corinthum
1539 3910 1557 3947 :
1605 3896 1743 3964 Quid
1787 3903 1889 3962 est,
1936 3913 2155 3966 parcens

563 3985 704 4039 vobis
727 3985 750 4038 1'
772 3985 877 4040 hoc
896 3993 1000 4051 est,
1027 4000 1096 4039 ne
1116 4001 1214 4042 vos
1234 3987 1530 4042 sceleribus
1551 3988 1828 4043 devinctos
1850 3989 2152 4056 inveniens,

562 4091 630 4131 ac
655 4077 772 4131 sine
797 4077 903 4132 ulla
925 4079 1301 4135 emendatione
1337 4079 1390 4134 in
1428 4081 1512 4134 his
1541 4089 1866 4149 perstantes,
1896 4095 2058 4151 paena
2100 4088 2158 4136 et

563 4167 812 4223 cruciatu
859 4184 954 4224 vos
999 4168 1246 4232 alliciam,
1299 4180 1404 4225 etc.
1459 4169 1610 4236 Quod
1650 4179 1828 4226 autem
1868 4172 1964 4236 ait,
2012 4172 2156 4226 hanc

562 4261 883 4315 sententiam
913 4260 1075 4315 habet
1105 4278 1118 4314 :
1148 4260 1314 4316 semel
1336 4260 1466 4326 dixi,
1495 4271 1657 4331 atque
1685 4262 1903 4327 iterum,
1931 4278 2054 4318 cum
2083 4263 2154 4318 ad

563 4366 661 4409 vos
681 4353 884 4408 accessi
915 4371 926 4406 :
952 4363 1006 4409 et
1033 4369 1174 4409 nunc
1201 4354 1328 4408 item
1354 4369 1452 4424 per
1470 4353 1683 4410 litteras
1705 4357 1844 4412 dico.
1872 4357 1950 4412 Ac
1976 4358 2020 4412 si
2037 4357 2154 4427 qui-

563 4446 687 4501 dem
737 4461 822 4500 me
872 4446 1180 4511 audieritis,
1233 4445 1376 4514 quod
1429 4447 1710 4516 cupiebam
1756 4447 1999 4515 contigit.
2053 4446 2150 4502 Sin

563 4547 744 4594 autem
769 4535 936 4592 verba
977 4552 1096 4592 mea
1144 4537 1600 4606 contempseritis,
1632 4536 1888 4606 deinceps
1931 4553 2153 4593 necesse

561 4633 684 4699 erit,
703 4641 764 4688 ut
786 4639 1039 4702 praestem
1052 4648 1172 4703 quae
1193 4633 1303 4688 dixi
1330 4649 1393 4688 ac
1417 4633 1740 4704 supplicium
1763 4633 2017 4704 irrogem,
2040 4642 2147 4688 etc.

564 4725 728 4783 Vides
756 4735 1038 4796 paternam
1062 4741 1245 4782 curam
1267 4740 1332 4781 ac
1359 4726 1821 4780 sollicitudinem?
1850 4725 2012 4782 Vides
2041 4742 2154 4782 ma-

562 4815 733 4884 gistro
761 4822 1147 4884 congruentem
1177 4814 1614 4883 providentiam?
1663 4813 1775 4869 Nec
1824 4815 2008 4880 tacuit,
2053 4829 2155 4870 nec
2200 4832 2206 4837 '

565 4919 755 4958 rursus
804 4919 1022 4974 pmnam
1053 4903 1254 4958 intulit.
1289 4903 1491 4955 Verum
1536 4901 1732 4970 saepius
1757 4918 1970 4972 quoque
2013 4920 2153 4973 prte-

565 4993 717 5056 dicit,
751 5003 913 5064 atque
943 4996 999 5050 in
1029 4993 1472 5046 interminatione
1509 5000 1823 5046 constanter
1849 5002 2151 5064 permanet,

567 5100 633 5137 ac
660 5084 982 5153 supplicium
1007 5081 1204 5136 differt.
1239 5081 1393 5148 Quod
1433 5082 1480 5137 si
1527 5082 1582 5136 in
1629 5084 1867 5153 peccatis
1894 5084 2155 5139 obstinati

567 5183 838 5236 maneant,
871 5182 982 5227 tum
1014 5173 1230 5227 demum
1261 5173 1438 5243 reipsa
1467 5187 1683 5244 pmnam
1726 5189 1785 5230 se
1827 5173 2155 5230 inflicturnm

569 5265 826 5320 minatur.
857 5263 994 5331 Quid
1023 5273 1201 5318 autem
1231 5265 1552 5335 przedixisti,
1577 5281 1640 5320 ac
1662 5281 1804 5320 nunc
1827 5266 1990 5320 etiam
2019 5281 2151 5337 praz-

569 5370 696 5412 scus
720 5353 954 5410 scribis?
993 5352 1146 5420 Quod
1193 5355 1240 5408 si
1279 5370 1461 5408 venero
1503 5356 1712 5420 iterum,
1762 5373 1862 5410 non
1909 5373 2144 5425 parcam.

567 5445 930 5514 Posteaquam
973 5445 1221 5514 superius
1248 5460 1306 5498 se
1352 5445 1474 5511 hoc,
1493 5447 1611 5514 nisi
1643 5448 1964 5501 necessitate
1989 5463 2149 5503 coac-

570 5547 708 5606 tum,
740 5539 921 5596 facere
945 5555 1053 5596 non
1078 5554 1236 5610 posse
1263 5539 1518 5602 ostendit,
1559 5553 1622 5594 ac
1652 5539 1854 5593 luctum
1894 5549 1949 5594 et
1975 5539 2152 5594 humi-

570 5632 846 5690 liationem
875 5648 997 5688 eam
1027 5646 1141 5687 rem
1161 5630 1470 5702 appellavit,
1499 5646 1563 5685 ne
1587 5647 1705 5684 cum
1722 5647 1924 5696 venero,
1951 5631 2148 5702 inquit,

571 5724 806 5779 Itumiliet
845 5741 928 5777 me
971 5722 1107 5776 Deus
1152 5720 1294 5793 apud
1330 5736 1437 5784 vos,
1470 5731 1518 5773 et
1565 5718 1767 5790 lugeam
1795 5728 1880 5774 eos
1904 5722 1994 5793 qui
2030 5733 2150 5775 ante

2267 540 2554 588 excusans,
2585 525 2746 578 semel
2769 535 2821 578 et
2856 527 3050 579 iterum
3078 542 3139 580 ac
3173 528 3332 581 tertio
3360 529 3682 598 praadixisse
3715 545 3869 584 asse-

2268 615 2394 677 ruit,
2427 617 2675 684 quodque
2718 617 2850 670 nihil
2894 633 2998 670 non
3027 625 3149 686 agat
3193 633 3258 672 ac
3295 619 3550 673 moliatur
3582 636 3703 690 quo
3733 637 3866 690 snp-

2267 707 2484 777 plicium
2529 717 2690 778 atque
2732 707 3252 766 animadversionem
3295 713 3587 782 pmpulset,
3647 729 3868 784 eosque

2265 799 2552 853 verborum
2598 808 2805 855 terrore
2846 801 3096 857 meliores
3139 803 3358 869 efﬁciat,
3383 814 3493 859 tum
3531 821 3674 862 vero
3698 822 3866 877 grave

2267 885 2398 940 illud
2417 896 2471 942 et
2494 889 2821 943 horrendum
2844 891 3090 956 collocat,
3113 892 3329 949 dicens:
3356 894 3413 948 Si
3429 913 3608 952 venero
3637 898 3864 966 iterum,

2265 991 2368 1030 non
2392 993 2624 1046 parcam.
2651 976 2768 1032 Non
2791 979 2958 1034 dixit:
2987 980 3212 1035 Puniam
3227 999 3291 1036 ac
3309 982 3613 1051 vindicabo,
3638 1002 3862 1056 paenae-

2265 1081 2369 1136 que
2382 1079 2628 1138 expetam
2647 1087 2658 1122 :
2684 1085 2869 1124 verum
2891 1073 3129 1140 paternis
3147 1075 3328 1130 verbis
3343 1077 3674 1147 supplicium
3688 1082 3861 1150 ponit,

2264 1158 2391 1213 hinc
2417 1159 2670 1213 nimirum
2710 1160 2917 1215 viscera
2957 1177 3074 1228 sua,
3105 1163 3453 1237 animumque
3493 1166 3627 1238 ipsis
3656 1171 3864 1225 condo-

2227 1307 2229 1310 ,
2265 1247 2555 1304 lescentem
2585 1251 2895 1321 ostendens,
2937 1254 3079 1322 quod
3122 1269 3222 1323 pro
3252 1270 3348 1309 sua
3387 1271 3514 1328 erga
3539 1273 3642 1314 eos
3695 1261 3867 1315 indul-

2263 1344 2466 1414 gentia,
2498 1357 2710 1412 semper
2739 1343 3058 1415 supplicium
3088 1344 3328 1417 inﬂigere
3355 1347 3619 1426 differret.
3659 1351 3860 1408 Postea

2263 1439 2444 1486 autem
2472 1446 2540 1486 ne
2568 1447 2712 1486 nunc
2733 1447 2948 1502 quoque
2977 1433 3050 1488 ita
3071 1433 3460 1502 existim‘ent,
3492 1453 3617 1494 eum
3670 1457 3860 1497 rursus

2263 1525 2518 1579 dilatione
2543 1524 2644 1589 uti,
2673 1539 2735 1578 ac
2767 1524 3055 1580 verborum
3102 1535 3311 1583 tantum
3341 1530 3518 1585 minas
3562 1532 3856 1600 adhibere,

2261 1620 2330 1672 ob
2353 1633 2472 1673 eam
2494 1631 2713 1672 causam
2734 1618 2884 1687 prius
2909 1633 3123 1687 quoque
3150 1611 3315 1684 dixit,
3333 1622 3388 1673 in
3411 1638 3500 1675 ore
3524 1624 3762 1678 duorum
3787 1624 3859 1678 uel

2263 1709 2421 1761 trium
2443 1709 2647 1762 testium
2669 1707 2825 1761 stabit
2849 1725 2999 1762 omne
3014 1708 3244 1763 verbum.
3267 1711 3354 1774 Et,
3377 1713 3423 1766 si
3438 1730 3623 1768 venero
3639 1717 3855 1781 iterum,

2194 1788 2238 1847 Β
2267 1816 2372 1852 ηοη
2411 1816 2644 1869 parcam.
2687 1798 2837 1866 Quod
2872 1809 3052 1856 autem
3097 1801 3193 1867 ait,
3243 1811 3328 1856 est
3373 1802 3685 1871 ejusmodi:
3734 1808 3851 1864 Non

2259 1887 2373 1958 jam
2402 1888 2604 1943 diutius
2642 1889 2956 1953 cunctahor,
3009 1889 3055 1945 si
3085 1907 3200 1954 vos,
3246 1893 3389 1962 quod
3430 1895 3571 1950 Deus
3611 1909 3852 1966 avertat,

2265 1979 2659 2033 emendationis
2701 1988 2950 2049 expertes
2995 1980 3273 2046 invenero,
3323 1983 3418 2038 sed
3463 2000 3649 2054 pcenas
3703 1991 3851 2045 haud

2265 2067 2426 2121 dubie
2453 2066 2700 2132 inferam,
2735 2083 2798 2122 ac
2824 2069 2967 2138 quod
2996 2070 3124 2132 dixi,
3159 2074 3446 2140 praestabo.
3473 2094 3492 2126 i
3523 2075 3652 2131 Cum
3681 2079 3847 2134 divus

2264 2155 2481 2223 Paulus,
2527 2158 2810 2213 Dominum
2841 2160 3078 2225 imitans,
3111 2176 3304 2231 pmnas
3345 2180 3438 2220 non
3463 2167 3634 2222 statim
3677 2184 3834 2224 sum-

2261 2247 2432 2316 pserit
2456 2249 2522 2303 de
2548 2249 2905 2315 immunditia,
2949 2257 3004 2305 et
3044 2251 3401 2310 fornicatione
3426 2264 3476 2309 et
3495 2257 3837 2326 impudicitia

2264 2351 2428 2404 quam
2457 2337 2610 2390 multi
2635 2347 2950 2408 gesserant:
2981 2339 3076 2395 sed
3103 2341 3271 2395 semel
3313 2351 3475 2411 atque
3510 2343 3708 2398 iterum
3750 2360 3850 2401 eos

2264 2429 2646 2493 admonuerit;
2687 2445 2918 2499 cumque
2951 2438 3033 2486 tot
3071 2433 3248 2488 minas
3278 2433 3586 2500 intenderit,
3614 2444 3679 2490 ut
3713 2437 3850 2492 vitia

2264 2532 2360 2572 sua
2384 2518 2738 2588 corrigerent,
2759 2528 2923 2590 atque
2943 2521 3179 2592 ipsorum
3199 2527 3542 2581 contumacia
3566 2542 3674 2582 non
3700 2543 3854 2599 coge-

2263 2624 2414 2666 retur
2435 2613 2554 2667 illos
2579 2613 2645 2668 ab
2673 2613 2909 2670 Ecclesia
2934 2616 3220 2686 expellere,
3262 2633 3436 2688 neque
3476 2620 3746 2690 supplicio
3768 2619 3850 2675 af-

2264 2701 2461 2757 ficere:
2498 2717 2677 2758 nonne
2718 2704 2967 2759 omnibus
3007 2703 3258 2760 Ecclesia:
3304 2707 3544 2777 praelatis
3570 2710 3850 2778 egregium

2261 2793 2537 2862 patientia:
2564 2793 2793 2864 praebuit
2820 2794 3167 2864 exemplum?
3195 2795 3349 2862 Quod
3377 2812 3406 2850 a
3436 2795 3648 2852 Joanne
3679 2797 3853 2869 Chry-

2264 2893 2503 2938 sostomo
2547 2884 2682 2938 adeo
2725 2884 3024 2940 luculenter
3062 2887 3386 2956 expositum,
3432 2889 3568 2944 satis
3614 2891 3858 2945 declarat

2263 2989 2470 3028 morem
2500 2990 2606 3030 non
2628 2974 2794 3030 fuisse
2823 2976 3073 3033 Ecclesia:
3104 2979 3321 3035 decreto
3350 2981 3623 3036 sancitum
3652 2983 3725 3039 de
3751 2985 3854 3040 cri-

2262 3067 2499 3122 minibus
2524 3068 2754 3124 occultis
2793 3077 2849 3124 et
2892 3069 2959 3124 iis
2982 3085 3100 3139 quas
3123 3073 3468 3141 peccantium
3511 3079 3856 3132 contumacia

2189 3137 2236 3200 (ἶ
2268 3171 2377 3212 non
2399 3157 2576 3212 reddit
2604 3159 2834 3228 publica,
2867 3137 3077 3231 publice
3100 3137 3419 3232 pcenitendi.

2262 3259 2274 3304 ,‘
2333 3250 2688 3322 Hieronymus
2713 3252 2766 3307 in
2795 3252 2981 3307 eadem
3017 3255 3184 3310 verba
3228 3255 3412 3312 Matth.
3462 3256 3692 3332 Corripe
3717 3279 3850 3330 aut,

2261 3355 2349 3403 etc
2374 3363 2388 3401 :
2416 3365 2435 3399 ι
2467 3346 2846 3420 Corripiendus
2874 3357 2957 3404 est
2984 3359 3166 3405 autem
3194 3353 3364 3408 frater
3389 3368 3645 3410 seorsum
3673 3375 3688 3410 :
3713 3373 3776 3412 ne
3805 3359 3852 3414 si

2261 3437 2430 3493 semel
2453 3439 2710 3509 pudorem
2738 3456 2803 3495 ac
2830 3441 3210 3497 verecundiam
3255 3444 3526 3509 amiserit,
3577 3453 3858 3501 remaneat

2262 3528 2319 3592 in
2389 3539 2628 3599 peccato.
2683 3531 2751 3585 Et
2811 3532 3077 3602 siquidem
3155 3535 3404 3601 audierit,
3485 3535 3861 3593 lucrifacimus

2262 3618 2500 3674 animam
2523 3619 2657 3689 ejus,
2687 3629 2742 3675 et
2782 3636 2880 3692 per
2907 3622 3129 3680 alterius
3153 3624 3404 3690 salutem,
3436 3627 3596 3682 nobis
3643 3644 3863 3700 quoque

2263 3708 2746 3778 acquiritur‘salus.
2779 3710 2873 3766 Sin
2896 3716 3074 3768 autem
3101 3716 3288 3770 audire
3311 3716 3571 3783 noluerit,
3594 3720 3863 3776 adhibea-

2265 3807 2352 3852 tur
2382 3797 2572 3854 frater.
2603 3799 2756 3867 Quod
2781 3802 2826 3856 si
2864 3818 2964 3859 nec
2993 3804 3140 3859 illum
3168 3806 3420 3873 audierit,
3449 3808 3782 3864 adhibeatur
3804 3821 3862 3868 et

2263 3891 2478 3957 tertius,
2518 3891 2604 3945 vel
2649 3891 2953 3964 corrigendi
2997 3895 3176 3951 studio
3223 3897 3308 3954 vel
3350 3901 3713 3957 conveniendi
3757 3904 3860 3959 sub

2252 3979 2510 4039 testibus.
2538 3984 2709 4041 Porro
2737 3986 2785 4042 si
2813 3995 2913 4042 nec
2936 3987 3054 4043 illos
3075 3989 3260 4047 audire
3282 3991 3534 4057 voluerit,
3560 4002 3695 4051 tunc
3715 3996 3859 4051 mul-

2263 4076 2332 4130 tis
2357 4076 2641 4131 dicendum
2683 4087 2788 4144 est,
2832 4085 2890 4132 ut
2937 4080 3278 4135 detestationi
3320 4097 3445 4137 eum
3491 4083 3772 4152 habeant;
3801 4095 3860 4142 et

2259 4167 2353 4237 qui
2382 4182 2488 4222 non
2517 4168 2692 4238 potuit
2738 4167 2940 4238 pudore
2968 4170 3188 4237 salvari,
3237 4171 3474 4228 salvetur
3518 4178 3854 4246 opprobriis.

2259 4260 2484 4328 Quando
2510 4269 2689 4317 autem
2719 4263 2918 4318 dicitur
2946 4282 2959 4318 :
2993 4262 3075 4320 Sit
3099 4265 3190 4318 tibi
3214 4267 3348 4320 sicut
3385 4267 3624 4322 ethnicus
3659 4281 3708 4323 et
3750 4287 3856 4338 pu-

2258 4353 2518 4418 blicanus,
2568 4354 2874 4408 ostenditur
2921 4355 3142 4424 majoris
3187 4370 3308 4410 esse
3350 4358 3732 4413 detestationis
3758 4361 3854 4430 qui

2257 4444 2357 4498 sub
2387 4443 2603 4498 nomine
2653 4443 2824 4497 ﬁdelis
2881 4444 2989 4514 agit
3031 4457 3196 4515 Opera
3244 4445 3564 4512 infidelium,
3599 4461 3766 4518 quam
3797 4451 3858 4504 hi

2259 4535 2351 4604 qui
2384 4543 2569 4605 aperte
2598 4534 2823 4605 gentiles
2848 4543 2994 4600 sunt,
3027 4544 3132 4590 etc.
3165 4535 3331 4590 Amen
3357 4538 3474 4592 dico
3496 4539 3640 4593 vobis
3662 4558 3682 4594 :
3707 4557 3857 4610 quc-

2257 4642 2457 4698 cunque
2479 4625 2834 4699 alligaver'yis,
2854 4636 2983 4694 etc.,
3011 4635 3334 4697 potestatem
3352 4629 3542 4684 tribuit
3562 4631 3856 4699 apostolis,

2258 4642 2457 4698 cunque
2479 4636 2834 4772 attigaverpis,
2854 4636 2983 4694 etc.,
3011 4636 3334 4697 potestatem
3352 4636 3542 4684 tribuit
3562 4636 3856 4699 apostolis,

2258 4728 2320 4773 ut
2347 4720 2522 4774 sciant
2545 4719 2638 4789 qui
2663 4733 2694 4773 a
2740 4718 2914 4772 alibus
2935 4718 3385 4783 condemnantur,
3411 4720 3710 4775 humanam
3738 4737 3859 4777 sen-

2259 4811 2483 4865 tentiam
2521 4809 2703 4864 divina
2749 4809 3014 4865 sententia
3063 4809 3342 4864 roborari:
3390 4818 3446 4864 et
3487 4811 3857 4883 quodcunque

2256 4902 2484 4974 ligatum
2517 4899 2682 4954 fuerit
2725 4901 2779 4953 in
2811 4909 2978 4964 terra,
3024 4899 3180 4970 ligari
3211 4901 3417 4970 pariter
3441 4911 3496 4956 et
3525 4901 3583 4956 in
3633 4903 3800 4958 coelo.
3831 4926 3848 4955 ι

2261 4991 2319 5046 Si
2351 4993 2516 5063 igitur
2530 4990 2685 5058 juxta
2713 4990 3024 5060 Hieronymi
3052 4991 3393 5056 sententiam,
3421 5007 3548 5046 cum
3571 4991 3666 5048 ille
3686 4994 3852 5049 trium

2261 5083 2627 5137 testimonium
2655 5083 2842 5136 audire
2884 5080 3138 5146 noluerit,
3170 5090 3299 5136 tunc
3342 5082 3530 5138 multis
3557 5084 3851 5140 dicendum

2261 5174 2353 5238 sit,
2378 5174 2555 5244 utqui
2581 5179 2686 5227 noli
2732 5171 2969 5242 potuerit
3010 5171 3213 5241 pudore
3245 5171 3441 5226 salvari
3481 5172 3730 5230 salvetur
3752 5192 3852 5245 op-

2259 5263 2528 5334 probriis;
2556 5261 2744 5333 procul
2773 5259 2936 5314 dubio
2961 5260 3006 5314 si
3032 5260 3133 5315 sub
3178 5261 3342 5315 trium
3369 5262 3686 5318 testimonio
3712 5263 3848 5318 fuis-

2257 5363 2344 5410 set
2367 5356 2702 5419 emendatus,
2732 5361 2860 5409 tunc
2882 5368 2989 5408 non
3010 5353 3196 5409 multis
3220 5353 3506 5409 dicendum
3531 5355 3727 5412 fuisset
3750 5373 3766 5421 ;
3794 5364 3855 5414 et

2253 5449 2345 5517 qui
2389 5448 2651 5518 potuisset
2697 5445 2902 5516 pudore
2950 5445 3150 5509 sanari,
3199 5459 3306 5499 non
3335 5455 3622 5500 sanaretur
3645 5461 3849 5518 oppro-

2253 5535 2388 5591 briis
2412 5536 2639 5606 publica:
2666 5533 3018 5606 pmnitentize.
3052 5532 3240 5604 Itaque
3279 5532 3641 5606 Hieronymus
3683 5545 3849 5608 negat

2253 5644 2458 5685 morem
2485 5627 2650 5682 fuisse
2674 5627 2932 5683 Ecclesiae
2955 5627 3175 5682 decreto
3199 5627 3488 5692 sancitum,
3534 5627 3752 5698 publica
3776 5627 3846 5685 do

2253 5720 2485 5794 peccatis
2510 5721 2735 5776 occultis
2762 5719 3077 5792 pmnitendi.
