4060 6350
190 474 335 532 tios
388 550 392 555 ρ

1054 475 1142 529 ΑΒ
1180 472 1345 532 OMNI
1384 470 1749 531 NOVlTATlS
1786 444 2186 528 SUSPlClONE
2223 468 2607 527 VlNDlCATA.

3307 481 3447 537 1170

263 585 610 641 Bacchiarius
633 584 688 639 in
727 587 886 655 epist.
917 585 983 639 ad
1002 583 1315 641 Januarium
1356 587 1421 641 de
1451 586 1768 657 recipiendis
1794 586 1846 641 A
1869 582 2085 649 fundas,
2129 582 2286 638 facile
2314 582 2371 637 in
2414 582 2507 637 illo
2541 582 2793 651 reprimis
2836 600 3049 641 omnem
3088 590 3345 656 peccandi
3380 592 3447 647 li-

189 678 358 750 lapsis
383 694 396 732 :
430 696 449 728 ι
481 677 620 732 Ecce
639 676 954 747 prohibetur
976 693 1042 731 ne
1065 679 1119 732 in
1146 679 1390 733 terminis
1413 677 1574 743 Geth,
1598 691 1772 747 neque

189 769 250 825 in
275 768 475 823 finibus
501 767 802 830 Ascalonis,
828 767 932 821 hoc
954 777 1057 833 est,
1079 768 1134 821 in
1164 768 1406 823 notitiam
1433 769 1772 823 sacularium

188 864 309 919 sive
328 861 607 915 hominum
649 862 1065 926 mundanorum,
1093 878 1249 918 casus
1294 863 1480 917 fratris
1503 862 1589 916 vel
1618 862 1773 916 ruina

188 954 533 1008 seminetur:
583 960 637 1006 et
681 967 779 1006 nos
805 953 949 1022 passi
975 969 1182 1019 sumus,
1231 957 1337 1009 ndn
1381 954 1552 1009 solum
1602 953 1773 1022 ipsam

188 1059 359 1113 quam
384 1043 569 1097 incolit
591 1043 884 1107 civitatem,
901 1044 992 1097 sed
1014 1045 1177 1098 etiam
1201 1052 1371 1099 totum
1390 1040 1595 1110 orbem,
1620 1044 1774 1100 fama

182 1133 364 1241 i))sius
393 1132 769 1202 desperatione
798 1133 1099 1202 compleri?
1142 1134 1329 1190 Nonne
1356 1136 1483 1191 huic
1506 1144 1773 1205 pracepto

189 1222 429 1276 tharet
453 1222 613 1276 etiam
656 1222 744 1275 ille
782 1224 1123 1293 evangelicus
1156 1240 1359 1290 sermo,
1386 1226 1476 1294 qui
1508 1226 1638 1281 dicit
1666 1244 1678 1278 :
1711 1222 1774 1281 Si

189 1312 479 1381 peccaverit
506 1312 563 1364 in
583 1320 633 1364 te
652 1312 816 1379 frater
840 1321 981 1377 tuus,
1020 1314 1221 1383 corripe
1244 1331 1361 1367 eum
1402 1314 1546 1369 solus
1571 1330 1586 1379 ;
1632 1314 1773 1383 quod

191 1405 238 1459 si
267 1392 321 1460 te
350 1421 457 1459 non
482 1406 728 1468 audierit,
762 1407 955 1461 adhibe
982 1415 1159 1462 tecum
1185 1409 1318 1463 duos
1339 1410 1423 1463 vel
1451 1417 1558 1463 tres
1582 1417 1769 1475 testes,

189 1502 246 1549 et
260 1495 480 1563 -reliqua
512 1510 631 1565 qua
656 1476 893 1550 cantinet
938 1512 1115 1551 sermo
1150 1500 1427 1568 pracepti,
1454 1507 1558 1553 etc.
1589 1518 1609 1552 ι
1638 1498 1771 1553 Cum

191 1586 542 1641 Bacchiarius
588 1589 828 1656 increpet
866 1589 1220 1657 quorumdam
1277 1591 1652 1656 temeritatem,
1682 1590 1774 1661 qui

190 1685 416 1748 peccata
443 1676 653 1731 occulta
680 1677 1103 1747 publicaverant,
1148 1679 1350 1748 liquido
1390 1690 1545 1751 negat
1572 1695 1774 1734 morem

192 1766 361 1821 fuisse
402 1765 657 1820 Ecclesia
683 1767 899 1821 decreto
940 1768 1207 1823 sancitum
1236 1768 1446 1838 publice
1490 1770 1554 1823 de
1590 1770 1774 1823 crimi-

192 1856 356 1911 nims
380 1856 605 1910 occultis
631 1857 947 1926 paenitendi.

265 1947 597 2018 Augustinus
648 1961 810 2001 serm.
862 1946 928 2001 l6
973 1947 1040 2003 de
1083 1948 1264 2003 verbis
1312 1949 1544 2002 Domini.
1581 1968 1599 1999 ‹
1634 1949 1773 2019 Ergo
1802 1934 1850 1996 Β

194 2038 398 2108 corripe
425 2038 562 2091 inter
590 2046 638 2090 te
658 2046 707 2091 et
740 2038 907 2107 ipsum
950 2037 1138 2100 solum,
1191 2038 1405 2091 intuens
1433 2038 1772 2102 correctioni,

192 2146 426 2201 parcens
453 2131 664 2200 pudori.
695 2130 857 2185 Forte
903 2130 1045 2185 enim
1090 2146 1201 2199 pra
1228 2131 1545 2185 verecundia
1593 2130 1780 2200 incipit

196 2222 485 2277 defendere
500 2230 781 2291 peccatum
808 2236 984 2286 suum,
1007 2229 1062 2275 et
1076 2236 1243 2291 quem
1266 2221 1349 2275 vis
1373 2222 1773 2287 correctiorem,

195 2310 339 2365 facis
362 2309 615 2381 peiorem.
644 2308 858 2381 Corripe
883 2326 1011 2379 ergo
1034 2313 1170 2364 inter
1207 2321 1277 2377 te,
1300 2322 1347 2365 et
1378 2315 1545 2383 ipsum
1584 2312 1773 2367 solum.

199 2405 263 2461 Si
290 2416 340 2459 te
362 2407 601 2470 audierit,
625 2405 857 2460 lucratus
876 2420 936 2461 es
957 2407 1174 2476 fratrem
1195 2416 1363 2471 tuum,
1386 2407 1513 2476 quia
1538 2408 1777 2477 perierat

198 2496 307 2551 nisi
335 2495 556 2550 faceres.
607 2496 668 2551 Si
714 2505 887 2550 autem
916 2514 1021 2551 non
1062 2507 1110 2551 te
1152 2498 1397 2561 audierit,
1429 2497 1483 2551 id
1524 2506 1628 2561 est,
1658 2512 1780 2567 pec-

202 2594 386 2641 catum
412 2602 566 2641 suum
596 2587 749 2656 quasi
789 2585 1057 2655 justitiam
1104 2586 1427 2653 defenderit,
1474 2586 1663 2641 adhibe
1704 2586 1781 2641 illi

201 2680 339 2734 duos
362 2677 445 2733 vel
475 2686 603 2743 tres,
656 2678 781 2747 quia
807 2679 861 2732 in
902 2696 990 2733 ore
1026 2679 1249 2733 duorum
1282 2678 1359 2733 vel
1388 2679 1545 2732 trium
1573 2680 1779 2733 testium

200 2781 299 2827 stet
321 2788 471 2825 omne
501 2768 731 2824 verbum.
760 2770 821 2826 Si
847 2787 939 2824 nec
959 2771 1098 2841 ipsos
1121 2771 1371 2837 audierit,
1404 2768 1548 2825 refer
1584 2770 1651 2825 ad
1686 2770 1783 2826 Ec-

200 2861 421 2918 clesiam
446 2879 459 2914 :
488 2862 533 2914 si
564 2876 653 2914 nec
676 2858 965 2913 Ecclesium
990 2860 1239 2925 audierit,
1261 2860 1328 2913 sit
1352 2859 1444 2912 tibi
1461 2859 1593 2911 sicut
1614 2860 1782 2913 etimi-

197 2969 290 3007 cus
316 2962 363 3006 et
408 2950 735 3022 publicanus.
783 2949 900 3006 Noli
937 2950 1088 3005 illum
1132 2952 1391 3021 deputare
1431 2951 1545 3021 jam
1581 2951 1635 3004 in
1680 2967 1779 3005 nu-

201 3060 355 3099 mero
375 3043 598 3098 fratmm
622 3052 857 3110 tuorum,
883 3059 983 3099 nec
1006 3043 1127 3099 ideo
1156 3052 1336 3099 tamen
1364 3043 1510 3099 salus
1549 3042 1665 3111 eius
1690 3060 1783 3100 ne-

1874 674 2107 728 centiam
2138 691 2152 727 :
2186 668 2349 743 atque
2384 672 2435 727 ei
2459 682 2630 729 totam
2658 674 3046 744 impudentiam
3073 674 3245 734 demis
3277 679 3443 736 licen-

1873 765 2023 820 tiosa
2047 764 2393 834 turpitudinis
2422 765 2791 841 hortatricem.
2834 766 2984 823 Tunc
3004 782 3187 824 mores
3214 768 3331 841 ejus
3354 785 3451 826 ve-

1872 857 2124 911 recundia
2154 865 2334 911 custos
2383 856 2705 927 integritatis
2756 857 2990 923 ornabit,
3038 866 3100 913 ut
3142 860 3193 914 ei
3237 860 3456 932 placeat

1872 948 2017 1019 quod
2037 958 2162 1002 ante
2182 948 2451 1013 sordebat,
2475 947 2690 1017 quando
2717 948 2771 1001 in
2796 946 3043 1003 sordibus
3060 957 3180 1003 erat
3206 965 3221 1002 :
3251 960 3308 1006 ut
3333 966 3453 1008 sor-

1873 1039 2019 1103 deat,
2042 1039 2184 1107 quod
2207 1046 2329 1092 ante
2349 1037 2613 1109 placebat,
2643 1036 2859 1107 quando
2888 1036 2998 1106 ipse
3019 1038 3176 1092 bonis
3197 1040 3453 1099 omnibus
3492 1036 3493 1039 “

1873 1128 2208 1199 displicebat.
2254 1129 2481 1184 Sanctos
2508 1130 2653 1184 viros
2675 1130 2904 1185 amando
2926 1131 3243 1198 sectabitur,
3269 1140 3325 1187 et
3365 1148 3455 1191 se-

1873 1219 2067 1274 ctando
2092 1219 2145 1272 in
2182 1233 2367 1274 eorum
2394 1219 2798 1274 similitudinem
2818 1219 3077 1289 paulatim
3099 1221 3223 1277 vita
3251 1223 3458 1294 prioris

1874 1314 2245 1367 emendatione
2266 1312 2608 1377 formabitur,
2638 1320 2697 1367 ut
2732 1313 2782 1366 ei
2809 1328 2970 1381 quam
2997 1313 3324 1369 laboriosum
3350 1315 3460 1373 fuit

1876 1401 1931 1456 in
1957 1403 2341 1458 sublimitatem
2367 1403 2585 1457 virtutis
2611 1404 2860 1468 evadere,
2894 1412 3005 1457 tam
3032 1404 3275 1460 deforme
3306 1406 3376 1461 sit
3397 1406 3457 1463 in

1872 1497 2001 1552 vitia
2031 1514 2239 1562 rursus,
2266 1498 2463 1567 quibus
2485 1512 2542 1551 se
2572 1498 2767 1567 gaudet
2790 1497 3049 1561 caruisse,
3080 1498 3412 1553 descendere
3437 1516 3450 1552 :

1873 1587 1996 1655 quia
2017 1588 2155 1642 sicut
2173 1591 2343 1641 virtus
2363 1602 2589 1641 onerosa
2612 1596 2694 1642 est
2707 1588 2921 1653 vitioso,
2938 1589 3010 1642 ita
3030 1589 3251 1645 virtutis
3276 1590 3453 1646 amico

1872 1679 2061 1733 vitiosa
2089 1678 2333 1748 voluptas
2358 1693 2538 1732 amara
2567 1686 2668 1733 est.
2702 1678 2849 1751 Ecce
2870 1682 3139 1748 quomodo
3165 1690 3456 1751 peccantes

1872 1787 2060 1826 omnes
2101 1772 2296 1826 blande
2324 1780 2523 1825 tractat
2556 1780 2649 1825 aut
2690 1773 2955 1842 increpat,
2999 1777 3089 1845 qui
3121 1764 3255 1829 nihil
3286 1774 3455 1841 aliud,

1871 1862 1978 1916 nisi
2009 1878 2194 1917 eorum
2234 1861 2489 1927 salutem,
2520 1863 2716 1931 quibus
2746 1863 2859 1917 vult
2887 1866 3178 1933 prodesse,
3210 1865 3461 1920 conside-

1877 1963 1977 2008 rat.
2023 1975 2041 2006 ι
2081 1954 2327 2007 Julianus
2367 1952 2646 2007 Pomerius
2669 1954 2905 2007 ostendit
2932 1955 3107 2022 primo
3137 1971 3299 2025 quam
3328 1970 3461 2025 per-

1876 2044 2076 2097 niciosa
2111 2044 2178 2096 sit
2227 2041 2453 2097 infirmis
2493 2042 2789 2111 increpatio
2824 2042 3070 2111 publica,
3112 2045 3255 2098 adeo
3292 2055 3354 2101 ut
3390 2044 3459 2100 ti-

1877 2132 2129 2186 mendum
2161 2132 2229 2185 sit
2272 2148 2339 2187 ne
2362 2132 2617 2201 quidquid
2644 2132 2769 2186 mali
2794 2132 3005 2187 occulte
3031 2132 3325 2201 faciebant,
3356 2136 3459 2207 pu-

1876 2222 2013 2277 blice
2047 2231 2359 2291 perpetrent
2390 2242 2402 2275 :
2434 2223 2623 2277 deinde
2655 2223 2894 2278 declarat
2920 2240 3083 2293 quam
3109 2226 3254 2280 utilis
3293 2228 3363 2281 sit
3390 2242 3461 2283 ac

1876 2326 2099 2381 prorsus
2146 2312 2450 2367 necessaria
2485 2313 2801 2382 panitentia
2838 2324 3048 2368 secreta
3083 2332 3182 2384 pro
3217 2318 3463 2385 peccatis

1878 2400 2121 2454 occultis.
2148 2400 2286 2469 Ergo
2309 2400 2465 2469 plane
2488 2411 2644 2470 negat
2674 2416 2795 2454 cum
2824 2398 3310 2459 cateris'Patribus
3332 2421 3461 2459 mo-

1879 2503 1994 2543 rem
2016 2488 2179 2543 fuisse
2202 2489 2456 2553 Ecclesia
2476 2490 2692 2545 decreto
2714 2492 2981 2547 sancitum
3007 2493 3222 2562 publice
3248 2496 3313 2550 de
3331 2510 3466 2564 ρεαδ

1881 2580 2017 2636 catis
2040 2580 2263 2636 occultis
2294 2581 2608 2651 paenitendi.
3179 2638 3187 2647 .
3440 2608 3443 2613 λ
3476 2571 3482 2578 ’

2495 2693 2721 2751 CAPUT
2760 2695 2821 2750 ll.

1882 2805 2071 2862 Patres
2102 2809 2383 2892 ‘o/ﬁprm‘ant
2438 2826 2544 2892 pro
2587 2811 2811 2892 peccatis
2850 2817 3076 2892 occultis
3117 2821 3469 2892 panitemiam

1952 2887 2146 2955 secreto
2165 2880 2386 2955 factum
2430 2881 2877 2955 suﬂicere;_atque
2902 2888 2966 2941 de
3004 2880 3336 2947 illis'morem
3366 2893 3484 2948 Εοο

1954 2946 2125 3001 clesia
2154 2946 2315 3015 fuisse
2348 2946 2544 3003 secret—0
2570 2946 2873 3019 paniteiidi.

1954 3055 2279 3126 Argumenta
2302 3057 2496 3131 quibus
2516 3058 2712 3117 Patres
2738 3074 2935 3135 negant
2951 3082 3159 3123 morem
3175 3068 3342 3125 fuisse
3367 3071 3470 3125 Ec-

201 3136 444 3206 gligenda
472 3144 574 3230 est,
599 3144 703 3191 etc.
720 3134 825 3230 D‘Ei.
850 3133 1021 3230 infra:
1047 3134 1138 3230 «Si
1160 3134 1441 3230 peccaverit
1464 3136 1518 3188 in
1545 3143 1596 3230 te
1620 3134 1785 3230 frater
1885 3148 2059 3204 elegia,
2079 3150 2296 3205 decreto
2324 3152 2612 3218 sancitum,
2644 3133 2857 3227 publiée
2890 3160 2954 3212 de
2976 3163 3217 3229 peccatis
3239 3163 3471 3219 occultis

201 3238 347 3293 tuus,
374 3228 573 3296 corripe
595 3242 710 3280 eum
739 3227 874 3279 inter
920 3225 987 3279 te'
1012 3235 1061 3280 et
1103 3228 1276 3296 ipsum
1320 3225 1510 3280 solum.
1563 3226 1782 3292 Quare?

1888 3238 2212 3307 paenitendi,
2242 3240 2428 3295 eadem
2457 3225 2691 3311 probant
2714 3262 2814 3315 pro
2838 3225 3078 3316 peccatis
3107 3253 3333 3307 occultis
3354 3268 3474 3322 pa-

200 3288 597 3388 quia'pecca'vit
617 3317 670 3371 in
696 3325 765 3370 te.
794 3316 932 3383 Quid
954 3326 1057 3382 est,
1083 3288 1134 3371 in
1158 3324 1211 3372 te
1235 3318 1520 3387 peccavit?
1550 3288 1630 3371 'l‘vu
1657 3317 1782 3383 scis,

1888 3288 2212 3307 ,----_----_-,
2247 3288 2428 3295 πη---
2458 3288 2691 3311 ,νην-..η
2715 3288 2813 3315 ,μυ
2839 3288 3078 3316 ,κω-,ιο
3108 3288 3333 3307 seu...”
3376 3288 3474 3307 ιυυ-

1888 3330 2166 3382 mtentiam
2194 3338 2402 3383 secreto
2432 3330 2633 3388 factam
2662 3335 2926 3409 sullicere.
2963 3339 3177 3395 Etenim
3211 3343 3256 3396 si
3283 3288 3376 3411 qui
3402 3343 3474 3399 ab

200 3410 331 3479 quia
358 3408 616 3478 peccavit.
643 3406 777 3474 Quia
800 3407 944 3462 enim
966 3415 1233 3464 secretum
1256 3407 1379 3473 fuit,
1406 3407 1623 3479 quando
1649 3408 1704 3463 in
1730 3416 1785 3464 te

1888 3435 1996 3475 uno
2027 3428 2306 3491 correptus
2342 3436 2463 3477 sese
2506 3406 2913 3494 emendaverit,
2947 3430 3037 3486 ille
3065 3447 3172 3487 non
3216 3406 3412 3490 debeat
3441 3450 3477 3491 ι

198 3500 471 3572 peccavit,
515 3508 776 3555 secretum
801 3516 1003 3570 quare,
1033 3517 1157 3555 cum
1198 3500 1422 3571 corrigis
1468 3501 1610 3571 quod
1655 3502 1710 3555 in
1739 3509 1789 3557 te

1890 3513 2097 3569 duobus
2125 3522 2217 3567 aut
2239 3513 2412 3570 tribus
2441 3518 2643 3587 corripi
2671 3537 2683 3572 :
2715 3528 2771 3574 et
2799 3521 2892 3591 qui
2917 3524 3093 3592 primo
3128 3540 3233 3579 non
3262 3528 3479 3581 obtem-

200 3592 470 3662 peccavit.
500 3591 634 3646 Nam
670 3591 715 3647 si
745 3592 893 3647 solus
931 3593 1071 3647 nosti
1123 3593 1249 3661 quia
1274 3593 1516 3663 peccavit
1544 3594 1599 3647 in
1628 3600 1698 3658 te,
1729 3602 1785 3649 et

1890 3619 2106 3675 perans,
2140 3606 2233 3659 sed
2258 3605 2467 3661 duobus
2504 3619 2599 3663 aut
2626 3610 2801 3665 tribus
2829 3591 3087 3682 paruerit,
3125 3614 3213 3669 ille
3240 3630 3347 3671 non
3378 3610 3477 3671 de—

202 3696 333 3777 ειιξη
359 3682 648 3777 νίε-ςοηίω
695 3683 950 3777 mgnum?
992 3698 1236 3777 ετειιενθτ
1270 3696 1473 3777 ξιοη-θε
1513 3691 1793 3753 οοιτθρίοΐ
1890 3697 2016 3752 beat
2063 3700 2130 3752 ab
2173 3697 2414 3753 Ecclesia
2467 3699 2628 3769 ejici,
2677 3702 2730 3757 id
2768 3713 2852 3759 est
2895 3706 3214 3773 panitentia
3260 3707 3478 3777 publica

203 3772 304 3829 sed
326 3773 590 3843 proditor,
619 3784 727 3829 etc.
755 3772 896 3844 Ergo
939 3775 1053 3843 ipsa
1097 3774 1433 3843 corripienda
1459 3783 1583 3829 sunt
1608 3789 1791 3830 coram

1889 3788 2086 3859 plecti;
2134 3802 2257 3843 eum
2296 3791 2515 3845 omnino
2544 3795 2846 3848 necessaria
2882 3796 2953 3849 sit
2982 3796 3301 3866 panitentia
3326 3838 3340 3862 ,
3381 3812 3479 3852 ne-

202 3864 479 3929 omnibus,
524 3878 645 3933 qua
672 3872 965 3932 peccantur
992 3878 1175 3918 coram
1210 3864 1476 3917 omnibus.
1519 3864 1637 3933 Ipsa
1665 3878 1792 3919 vero

1892 3892 2042 3933 cesse
2087 3886 2171 3932 est
2207 3894 2420 3950 quoque
2458 3881 2558 3952 ipsi
2606 3864 2999 3952 panitentiam'
3019 3896 3233 3943 secreto
3275 3888 3479 3943 factam

207 3954 551 4025 corripienda
577 3962 702 4009 sum
728 3954 1007 4018 secretius,
1025 3970 1143 4023 (103B
1158 3962 1452 4045 Ρεβωηίυιέ
1473 3954 1785 4008 εθετθῑίιιδον
1892 3965 2158 4022 sullicere.
2193 3967 2346 4023 Unde
2364 3980 2514 4038 patet
2535 3985 2743 4025 morem
2772 3972 3030 4030 Ecclesia
3052 3975 3219 4031 fuisse
3245 3978 3309 4032 de
3339 3990 3465 4045 pec-

206 4046 461 4102 Profecto
488 4047 576 4101 his
597 4046 776 4101 verbis
798 4054 960 4115 negat
983 4052 1201 4100 sanctus
1228 4044 1557 4115 Augustinus
1585 4058 1792 4099 morem
1894 4061 2030 4115 caus
2077 4060 2303 4117 οοουιιεε
2355 4072 2563 4117 εδει-ριο
2608 4065 2926 4134 paenitendi.
2982 4068 3240 4124 Eamdem
3300 4044 3482 4123 amen

206 4138 378 4196 fuisse
403 4138 653 4194 Ecclesia
681 4139 900 4193 decreto
928 4137 1197 4192 sancitum
1220 4135 1434 4207 publice
1459 4135 1527 4191 de
1553 4134 1793 4205 peccatis

1893 4152 2245 4220 quastionem
2273 4151 2394 4208 aliis
2429 4157 2761 4224 argumentis
2792 4157 3095 4214 manifestis
3137 4160 3477 4215 demonstra-

207 4229 442 4284 occultis
466 4227 783 4298 panitendi.

281 4322 531 4377 Julianus
560 4321 869 4383 Pomerius,
902 4320 997 4375 lib.
1035 4336 1073 4375 ll
1107 4321 1173 4376 de
1198 4321 1321 4376 Vita
1354 4319 1791 4390 contemplativa,

209 4428 331 4482 cap.
352 4413 403 4467 5.
439 4432 457 4464 s
478 4412 743 4469 Caeterum
771 4412 815 4467 si
844 4412 1096 4466 Ecclesia
1119 4411 1495 4466 communione
1513 4412 1793 4482 priventur

209 4504 439 4570 infirmi,
454 4505 546 4575 qui
561 4505 737 4560 curari
764 4504 1005 4559 adhibita
1030 4504 1397 4573 increpatione
1417 4519 1523 4557 non
1544 4512 1792 4573 possunt,

211 4607 311 4654 aut
343 4598 692 4653 intolerabilis
729 4596 869 4651 mole
896 4596 1127 4651 tristitia
1156 4610 1318 4666 supra
1343 4595 1558 4650 modum
1587 4595 1793 4666 gravati

212 4689 593 4753 succumbunt,
637 4697 692 4743 et
719 4696 1029 4742 sanctorum
1054 4686 1293 4741 omnium
1315 4685 1515 4753 vgltus,
1537 4701 1635 4755 per
1659 4700 1794 4756 quos

214 4789 445 4852 possent
473 4780 681 4834 restitui
709 4779 820 4832 Deo
847 4776 1119 4848 refugiunt
1148 4791 1163 4830 :
1195 4785 1287 4830 aut
1312 4784 1459 4831 certe
1483 4776 1551 4830 ad
1580 4790 1796 4831 omnem

216 4872 484 4944 peccandi
510 4870 893 4939 impudentiam
910 4909 925 4933 ,
954 4869 1000 4923 si
1027 4866 1227 4922 fuerint
1254 4866 1594 4932 exacerbati,
1622 4866 1796 4937 prosi-

216 4965 362 5019 liunt
410 4982 422 5017 :
467 4971 521 5018 et
548 4962 805 5033 quidquid
849 4960 976 5016 mali
1004 4960 1212 5014 occulte
1242 4957 1537 5024 faciebant,
1584 4956 1799 5028 publice

217 5056 609 5127 perpetrabunt
637 5072 650 5108 :
680 5055 735 5108 in
760 5062 962 5108 tantam
982 5052 1257 5106 vesaniam
1280 5051 1593 5120 reparanda
1614 5050 1800 5105 salutis

220 5146 601 5218 desperatione
643 5144 881 5215 prolapsi
914 5151 975 5197 ut
1021 5142 1160 5197 seria
1189 5142 1354 5196 verba
1395 5139 1801 5210 corripientium

224 5244 284 5298 in
307 5240 460 5311 iocos
486 5240 789 5297 exitiabiles
813 5239 1109 5309 impudenti
1139 5237 1442 5292 urbanitate
1464 5244 1799 5299 convertant,

228 5351 298 5391 ac
332 5334 687 5390 maledicaces
716 5333 768 5387 in
803 5346 861 5387 se
891 5346 959 5386 ex
992 5332 1107 5402 ipsa
1138 5329 1433 5399 iactatione
1461 5326 1803 5397 turpitudinis

229 5443 347 5483 sua
392 5427 621 5497 turpiter
658 5425 953 5479 viventium
994 5421 1284 5477 malevolas
1310 5420 1524 5475 latitias
1557 5428 1801 5490 pascant.

226 5519 461 5590 Propter
488 5521 591 5574 hoc
615 5532 743 5587 ergo
764 5558 778 5583 ,
811 5515 1005 5570 blanda
1042 5515 1242 5582 pietate
1266 5511 1514 5584 portandi
1549 5519 1675 5566 sunt
1711 5510 1805 5581 qui

227 5611 504 5681 increpari
525 5626 624 5680 pro
643 5625 742 5664 sua
765 5607 1077 5663 infirmitate
1103 5620 1209 5659 non
1233 5612 1476 5675 possunt.
1502 5602 1570 5657 Et
1595 5616 1804 5669 revera,

228 5702 285 5761 si
312 5703 560 5775 peccanti
600 5702 867 5757 salubrem
906 5699 1165 5770 pudorem
1188 5737 1203 5762 ,
1234 5696 1360 5750 dum
1400 5709 1498 5764 pro
1526 5709 1591 5749 eo
1617 5693 1809 5748 erube-

230 5796 369 5863 scis,
400 5798 650 5862 incutias,
701 5784 764 5851 ac
810 5792 1212 5856 verecundiam,
1244 5802 1406 5858 quam
1432 5802 1530 5856 pro
1576 5785 1811 5856 peccatis

1892 4242 2093 4307 bimus,
2125 4250 2182 4296 ut
2209 4244 2385 4299 omnis
2410 4244 2627 4299 tollatur
2655 4247 2939 4303 dubitatio.

1965 4333 2222 4404 Origenes
2271 4335 2325 4390 in
2376 4336 2643 4405 psalmum
2692 4355 2921 4403 xxxvi",
2974 4339 3159 4394 homil.
3206 4339 3241 4393 2
3282 4358 3295 4392 :
3358 4356 3377 4390 s
3418 4338 3479 4394 Si
3510 4356 3523 4365 ·

1895 4432 2073 4479 autem
2103 4423 2219 4494 ipse
2266 4425 2350 4479 sui
2395 4434 2681 4482 accusator
2716 4427 2828 4493 fiat,
2854 4430 2979 4483 dum
3025 4436 3248 4483 accusat
3281 4436 3482 4483 semet-

1896 4516 2095 4586 ipsum,
2123 4525 2177 4572 et
2198 4516 2501 4581 confitetur,
2530 4514 2687 4573 simul
2708 4520 2909 4573 evomit
2934 4527 2988 4573 et
3017 4518 3293 4585 delictum,
3318 4527 3483 4590 atque

1897 4620 2112 4659 omnem
2160 4604 2333 4661 morbi
2390 4605 2595 4677 digerit
2630 4622 2871 4661 causam.
2931 4606 3326 4662 Tantummodo
3372 4606 3487 4663 cir-

1896 4696 2168 4766 cumspice
2199 4697 2506 4766 diligentius
2540 4697 2625 4752 cui
2654 4696 2851 4752 debeas
2897 4699 3146 4753 conﬁteri
3196 4707 3479 4769 peccatum

1896 4796 2068 4843 tuum.
2105 4786 2280 4841 Proba
2301 4787 2450 4856 prius
2478 4787 2745 4841 medicum
2774 4788 2859 4841 cui
2886 4787 3084 4843 debeas
3114 4804 3334 4844 causam
3363 4786 3480 4843 lan-

1901 4879 2082 4951 guoris
2109 4892 2392 4947 exponere,
2425 4876 2517 4945 qui
2539 4876 2677 4931 sciat
2701 4877 2963 4931 infirmari
2992 4894 3116 4932 cum
3148 4877 3478 4944 infirmante,

1901 4970 2029 5024 ﬂere
2060 4984 2181 5024 cum
2209 4967 2390 5033 flente,
2424 4968 2514 5036 qui
2539 4967 2861 5037 condolendi
2899 4978 2954 5023 et
2994 4968 3353 5039 compatiendi
3384 4983 3483 5023 no-

1901 5054 2051 5116 verit
2068 5058 2404 5129 disciplinam
2436 5078 2448 5112 :
2479 5067 2538 5112 ut
2567 5060 2641 5113 ita
2672 5061 2885 5113 demum
2918 5060 2962 5115 si
2989 5060 3119 5129 quid
3146 5060 3236 5114 ille
3261 5060 3483 5125 dixerit,

1905 5155 1997 5225 qui
2032 5169 2089 5208 se
2118 5153 2269 5223 prius
2291 5159 2345 5207 et
2367 5152 2635 5206 eruditum
2662 5152 2928 5206 medicum
2952 5152 3269 5218 ostenderit,
3302 5159 3355 5207 et
3379 5152 3487 5205 mi-

1902 5246 2250 5309 sericordem,
2283 5244 2327 5298 si
2361 5242 2491 5313 quid
2536 5243 2747 5297 consilii
2784 5242 3036 5307 dederit,.
3062 5242 3253 5309 facias,
3304 5251 3359 5298 et
3391 5257 3486 5297 se-

1907 5335 2089 5405 quaris
2115 5352 2127 5388 :
2161 5334 2205 5389 si
2235 5332 2576 5397 intellexerit,
2605 5342 2660 5386 et
2686 5332 2998 5401 praviderit
3026 5332 3186 5388 talem
3212 5347 3332 5387 esse
3362 5330 3455 5385 lan
3473 5357 3485 5367 -

1908 5439 2129 5496 guorem
2184 5432 2333 5477 tuum
2361 5463 2374 5487 ,
2427 5422 2517 5492 qui
2566 5422 2619 5475 in
2676 5431 2939 5476 conventu
3001 5424 3166 5479 totius
3225 5420 3485 5476 Ecclesia

1909 5515 2104 5585 exponi
2134 5514 2356 5579 debeat,
2388 5523 2443 5568 et
2478 5514 2688 5579 curari,
2718 5530 2785 5569 ex
2820 5531 2926 5583 quo
2955 5514 3197 5585 fortassis
3222 5523 3278 5568 et
3299 5513 3487 5569 cateri

1909 5604 2163 5660 adificari
2192 5612 2481 5672 poterunt,
2516 5610 2572 5656 et
2602 5610 2659 5655 tu
2710 5602 2824 5673 ipse
2865 5604 3021 5659 facile
3056 5604 3272 5666 sanari,
3314 5602 3485 5659 multa

1911 5697 2015 5751 hoc
2040 5694 2425 5749 deliberatione
2447 5732 2462 5758 ,
2490 5700 2546 5747 et
2575 5693 2706 5748 satis
2740 5695 2914 5763 perito
2952 5694 3146 5749 medici
3176 5692 3319 5746 illius
3350 5706 3488 5745 con-

1861 5833 1871 5847 .
1914 5788 2033 5843 silio
2072 5785 2470 5855 procurandum
2492 5791 2594 5837 est.
2629 5804 2646 5836 ι
2692 5783 2772 5837 En
2809 5786 2909 5838 tria
2943 5791 3254 5853 argumenta
3290 5782 3490 5852 quibus

230 5889 360 5964 ejus
384 5892 636 5958 assumis,
667 5891 721 5946 in
763 5905 885 5946 eum
916 5889 1001 5960 pia
1031 5884 1195 5943 animi
1239 5881 1608 5954 compassione
1637 5888 1817 5941 trans-
1914 5878 2171 5950 Origenes
2200 5876 2440 5941 atlirmat
2457 5890 2662 5934 morem
2685 5874 2940 5934 Ecclesia
2969 5875 3133 5932 fuisse
3154 5876 3221 5932 de
3242 5873 3492 5945 peccatis
