4060 6350
637 370 776 429 1175

1201 370 1549 427 THEODORI
1583 369 1902 427 ARCHIEP.
1938 365 2286 426 CANTUAR.
2327 362 2673 423 DOCTRINA
2709 361 2800 418 DE
2835 354 3285 418 PCENITENTIA

3758 348 3889 409 H76

628 486 677 544 si
700 486 939 558 graviter
960 484 1311 540 ofl‘enderim?
1337 484 1497 539 Cessa
1531 481 1825 547 offendere,
1852 488 1907 536 et
1940 481 2207 553 lacrymas
2233 493 2283 546 Α
2308 488 2489 535 tamen
2523 476 2766 533 sullicere
2802 476 3098 530 arbitratur
3128 482 3349 530 sanctus
3369 470 3741 544 Augustinus,
3772 487 3889 529 cum

627 573 813 645 funde,
841 584 896 629 et
918 575 990 630 ita
1016 574 1228 639 accede,
1260 581 1315 628 et
1337 572 1516 627 statim
1535 571 1781 642 inprimis
1800 572 2039 626 invenies
2059 570 2207 625 illum

627 667 939 738 propitium.
971 666 1067 720 Dic
1087 665 1279 729 solum,
1310 662 1529 729 oﬂ‘endi,
1564 663 1651 718 dic
1677 678 1743 717 ex
1769 662 1971 732 animo,
1994 670 2049 715 et
2072 673 2209 731 pura

628 770 810 818 mente
838 780 852 815 :
879 769 931 815 et
958 759 1127 815 soluta
1157 766 1281 814 sunt
1305 757 1506 813 omnia.
1528 756 1648 812 Non
1685 757 1818 811 adeo
1839 755 1990 825 cupis
2011 752 2209 809 dimitti

626 861 850 925 peccata
894 860 1006 917 tua,
1057 852 1198 907 sicut
1242 851 1330 905 illa
1370 851 1516 921 cupit
1551 857 1773 921 peccata
1813 857 1905 903 tua
1935 846 2151 903 dimitti.
2182 865 2200 899 ι

630 943 763 1000 Vide
799 943 986 998 eadem
1016 942 1090 997 ‘in
1134 941 1351 997 homilia
1379 941 1433 1006 5,
1458 941 1527 996 de
1561 937 2089 1009 incomprehensibili
2111 937 2208 992 Dei

524 1053 541 1068 ο
628 1032 857 1097 Natura;
882 1047 1038 1088 conc.
1064 1031 1121 1097 4,
1159 1032 1223 1087 de
1259 1031 1494 1096 Lazaro;
1529 1029 1715 1085 bomil.
1749 1030 1785 1084 2
1811 1028 1864 1083 in
1900 1027 2036 1097 psal.
2074 1044 2126 1090 ι,
2151 1035 2208 1081 et

625 1124 681 1177 in
712 1123 955 1188 homilia,
989 1120 1142 1189 Quod
1184 1138 1288 1176 non
1332 1130 1544 1192 peccata
1584 1119 1875 1190 evulganda
1903 1127 2043 1172 sunt.
2072 1116 2207 1173 Vide

624 1230 838 1285 quoque
858 1214 1171 1269 Cdssianum
1196 1213 1245 1268 J.
1265 1212 1457 1284 Chrys.
1483 1211 1800 1281 discipulum
1831 1211 1885 1265 in
1908 1209 2087 1265 collat.
2110 1220 2202 1273 xx,

624 1323 747 1377 cap.
774 1308 827 1363 8.
846 1307 974 1374 Quae
1000 1306 1181 1362 omnia
1206 1306 1582 1361 demonstrant
1599 1317 1807 1358 morem
1833 1302 1999 1357 fuisse
2022 1298 2207 1355 Eccle-

625 1398 740 1463 siae,
769 1396 835 1452 de
869 1397 1104 1468 peccatis
1130 1396 1353 1451 occultis
1377 1404 1588 1451 secreto
1617 1393 1936 1463 paenitendi.

695 1489 1035 1544 Innocentius
1054 1489 1095 1555 l,
1124 1488 1179 1542 in
1205 1487 1426 1557 epistola
1455 1487 1522 1542 ad
1548 1486 1876 1556 Exuperium
1894 1486 2206 1556 episcopum

624 1581 969 1647 Tolosanum,
995 1596 1112 1650 cap.
1136 1580 1171 1633 4
1198 1597 1211 1633 :
1247 1598 1265 1630 ε
1294 1579 1360 1633 Et
1388 1577 1516 1633 illud
1546 1576 1911 1633 desideratum
1936 1585 2019 1632 est
2052 1577 2202 1643 sciri,

624 1688 724 1728 cur
750 1670 1209 1726 communicantes
1235 1668 1339 1722 viri
1377 1683 1500 1723 cum
1525 1665 1785 1722 adulteris
1808 1666 2072 1721 uxoribus
2096 1681 2203 1722 non

623 1764 967 1829 conveniant,
1009 1778 1132 1818 cum
1171 1768 1356 1817 contra
1392 1774 1588 1814 uxores
1616 1760 1672 1813 in
1700 1758 1976 1815 consortio
2000 1758 2208 1814 adulte-

624 1871 809 1912 rorum
831 1856 1072 1910 virorum
1101 1868 1321 1909 manere
1353 1853 1654 1908 videantur.
1692 1849 1867 1921 Super
1897 1850 2001 1905 boc
2044 1848 2203 1905 Chri-

624 1950 799 2004 stiana
822 1948 1011 2019 religio
1031 1947 1354 2002 adulterium
1376 1946 1429 2000 in
1451 1953 1681 2013 utroque
1699 1958 1832 2000 sexu
1853 1942 1971 2012 pari
1994 1941 2203 1998 ratione

626 2038 968 2092 condemnat.
1017 2035 1124 2091 Sed
1155 2036 1300 2090 viros
1330 2049 1456 2089 suos
1480 2033 1736 2088 mulieres
1778 2046 1885 2087 non
1932 2030 2090 2087 facile
2136 2031 2203 2087 de

626 2127 892 2181 adulterio
937 2133 1213 2191 accusant,
1264 2133 1320 2180 et
1361 2139 1466 2179 non
1505 2123 1702 2178 habent
1730 2120 1953 2176 latentia
1981 2127 2202 2190 peccata

622 2222 916 2276 vindictam
962 2237 976 2273 :
1025 2219 1129 2273 viri
1174 2226 1354 2272 autem
1401 2216 1624 2273 liberius
1680 2230 1880 2270 uxores
1931 2214 2203 2270 adulteras

623 2315 763 2386 apud
791 2315 1097 2371 sacerdotes
1116 2313 1327 2369 deferre
1344 2317 1763 2374 consueverunt,
1789 2315 1844 2363 et
1867 2305 1989 2362 ideo
2012 2305 2203 2386 mulie-

624 2408 775 2465 ribus
816 2406 1031 2477 prodito
1073 2420 1259 2461 earum
1308 2403 1535 2459 crimine
1587 2403 1928 2471 denegatur:
1960 2385 2200 2454 virorum

622 2506 804 2553 autem
845 2496 1047 2552 latente
1099 2495 1410 2561 commisso,
1459 2509 1568 2549 non
1624 2491 1781 2548 facile
1821 2491 2104 2561 quisquam
2133 2503 2200 2544 ex

624 2588 1021 2662 suspicionibus
1060 2588 1378 2644 abstinetur.
1415 2586 1517 2653 Qui
1544 2586 1730 2655 utique
1772 2581 2198 2648 submovebitur,

594 2662 670 2735 (si
692 2679 807 2749 ejus
835 2679 1095 2751 ﬂagitium
1125 2678 1426 2750 detegatur.
1451 2674 1585 2732 Cum
1617 2690 1747 2746 ergo
1770 2690 1870 2744 par
1903 2674 1974 2730 sit
2009 2687 2199 2739 causa,

622 2772 917 2837 interdum,
962 2771 1279 2843 probatione
1307 2778 1576 2834 cessante,
1605 2768 1856 2823 vindicta:
1899 2768 2040 2823 ratio
2065 2782 2198 2822 con-

620 2862 869 2932 quiescit.
902 2881 921 2914 ι
955 2861 1135 2929 Quare
1158 2861 1342 2932 plures
1360 2860 1463 2915 viri
1494 2858 1859 2915 adulterantes
1882 2858 2200 2928 pmnitentia

620 2952 833 3023 publica
862 2967 967 3007 non
989 2951 1333 3023 plectuntur?
1359 2950 1495 3018 Quia
1523 2966 1629 3005 non
1657 2949 1876 3012 habent,
1901 2948 2095 3017 inquit,
2124 2948 2202 3002 la-

621 3046 792 3101 tentia
814 3054 1038 3117 peccata
1059 3044 1371 3109 vindictam,
1399 3042 1642 3097 virorum
1663 3042 1862 3096 latente
1885 3038 2196 3095 commisso.

620 3136 764 3207 Ergo
787 3148 906 3194 mos
930 3145 1051 3193 erat
1077 3135 1334 3193 Ecclesiae
1362 3135 1430 3191 de
1453 3134 1692 3207 peccatis
1732 3131 1959 3189 occultis
1990 3138 2201 3187 secreto

619 3230 938 3305 paenitendi.

690 3325 1040 3382 Bacchiarius
1070 3326 1123 3380 in
1154 3323 1381 3395 epistola
1410 3325 1479 3380 ad
1503 3320 1842 3378 Ianuarium.
1873 3340 1892 3373 ι
1927 3319 2034 3376 Sed
2057 3333 2196 3389 prte-

620 3418 885 3475 termissis
922 3418 1009 3473 his
1042 3417 1326 3488 plangatur
1368 3415 1680 3480 defunctus,
1723 3412 2014 3483 sepeliatur
2050 3424 2196 3465 mor-

620 3522 744 3568 tuus
773 3530 786 3565 :
816 3512 870 3566 id
894 3518 999 3575 est,
1024 3508 1221 3579 partim
1257 3514 1444 3562 nostro
1472 3503 1679 3570 labore,
1705 3504 1901 3574 partim
1930 3516 2194 3557 verecun-

619 3600 721 3654 diae
747 3613 859 3653 suae
894 3595 1211 3652 confusione
1244 3600 1526 3664 peccatum
1551 3591 1667 3661 ejus
1700 3591 1924 3656 celetur,
1958 3597 2013 3643 et
2041 3587 2192 3644 aufe-

619 3699 772 3746 ratur
817 3705 849 3745 e
873 3689 1051 3744 medio
1077 3707 1089 3742 :
1115 3701 1215 3742 nos
1240 3695 1421 3741 autem
1448 3685 1830 3742 consolationis
1858 3682 2194 3750 linteamina,

618 3792 673 3837 et
716 3781 952 3838 ctelcstis
1002 3781 1116 3852 spei
1162 3780 1432 3852 pigmenta
1481 3779 1803 3834 tribuamus.
1847 3776 1965 3846 Ipse
2011 3782 2195 3829 autem

619 3872 760 3926 intra
787 3871 1094 3941 sepulcrum
1123 3870 1316 3926 secreti
1342 3870 1423 3925 sui
1453 3866 1710 3924 Confusus
1733 3852 1941 3936 peccati
1969 3864 2191 3935 pudore,

618 3964 893 4019 contineat
931 3978 989 4018 se
1021 3980 1035 4016 :
1070 3959 1144 4017 ibi
1179 3960 1523 4018 conscientiae
1557 3974 1668 4014 sum
1694 3971 1879 4013 verme
1903 3955 2191 4019 laceretur,

617 4054 712 4125 qui
757 4062 900 4110 totus
947 4055 1004 4110 in
1048 4070 1113 4110 eo
1159 4054 1472 4126 putredines
1518 4051 1720 4121 obligat
1761 4056 2130 4121 peccatorum.
2169 4066 2188 4099 ι

615 4146 807 4205 Nonne
846 4147 937 4203 illa
975 4156 1058 4204 est
1092 4146 1411 4218 poenitentia
1453 4151 1662 4199 secreto
1701 4141 1881 4196 facta?
1914 4139 2087 4207 Quam
2118 4148 2197 4194 ta-

616 4256 741 4299 men
769 4256 868 4312 pro
892 4241 1156 4298 adulterio
1190 4238 1425 4295 nefando
1468 4235 1712 4293 sufﬁcere
1749 4234 2028 4290 existimat
2053 4232 2193 4287 Bac-

614 4336 872 4403 chiarius,
890 4335 1043 4407 cujus
1060 4331 1318 4405 opuscula
1334 4327 1837 4386 laudatGennadius
1862 4327 1917 4382 in
1937 4324 2195 4395 Catalogo

615 4426 908 4489 illustrium
940 4426 1201 4482 virorum.

682 4525 1015 4598 Augustinus
1045 4524 1100 4578 in
1127 4523 1396 4593 psalmum
1432 4534 1563 4612 xxxi
1591 4535 1604 4571 :
1682 4512 2076 4612 Pronuntiabo-
2096 4510 2194 4612 ad:
2219 4549 2272 4612 υ

613 4634 830 4675 versum
856 4632 952 4685 me
986 4613 1279 4685 injustitias
1317 4627 1470 4668 meas
1504 4608 1752 4673 Domino,
1786 4614 1835 4661 et
1865 4613 1921 4659 tu
1949 4602 2194 4659 remisisti

612 4711 928 4783 impietatem
956 4706 1139 4764 cordis
1173 4705 1294 4758 mei.
1325 4703 1473 4757 Dixi.
1503 4700 1643 4768 Quid
1666 4698 1891 4755 dixisti?
1928 4696 2045 4752 Non
2075 4694 2194 4766 jam

613 4800 949 4874 pronuntiat,
986 4796 1084 4854 sed
1118 4792 1387 4866 promittit
1407 4808 1467 4847 se
1494 4789 1990 4860 pronuntiaturum,
2026 4796 2080 4842 et
2105 4786 2194 4842 ille

607 4894 722 4962 jam
760 4891 1005 4949 dimittit.
1036 4886 1336 4953 Attendite,
1381 4885 1579 4941 fratres
1617 4901 1633 4941 :
1677 4898 1871 4954 magna
1908 4895 2017 4945 res,
2059 4879 2190 4946 dixi,

614 4982 1001 5041 Pronuntiabo.
1028 4979 1147 5035 Non
1168 4977 1296 5044 dixi,
1326 4976 1699 5041 Pronuntiavi,
1747 4982 1802 5030 et
1826 4981 1887 5030 tu
1910 4970 2191 5029 dimisisti:

614 5078 743 5150 quia
789 5091 856 5131 eo
904 5074 1021 5145 ipso
1066 5070 1210 5143 quod
1258 5070 1425 5136 dixit,
1486 5068 1883 5133 Pronuntiabo,
1955 5063 2195 5120 ostendit

612 5170 741 5241 quia
770 5168 1009 5223 nondum
1041 5166 1504 5237 pronuntiaverat,
1537 5160 1633 5216 sed
1673 5158 1837 5214 corde
1873 5154 2193 5227 pronuntia-

612 5269 787 5318 verat.
850 5259 964 5315 Hoc
1009 5260 1186 5329 ipsum
1238 5257 1453 5321 dicere,
1496 5248 1898 5312 Pronuntiabo,
1953 5261 2193 5318 pronun-

613 5354 752 5410 tiare
778 5361 863 5410 est
889 5372 903 5407 :
930 5352 1046 5409 ideo
1074 5360 1123 5408 et
1158 5360 1215 5405 tu
1245 5346 1491 5404 remisisti
1517 5343 1835 5412 impietatem
1859 5339 2039 5395 cordis
2066 5339 2187 5393 mei.

611 5442 891 5501 Confessio
916 5459 1042 5500 vero
1069 5457 1191 5497 mea
1217 5440 1283 5495 ad
1308 5455 1371 5494 os
1396 5435 1633 5491 nondum
1661 5439 1902 5487 venerat.
1936 5428 2187 5486 Dixeram

609 5538 779 5606 enim,
835 5534 1203 5593 Pronuntiabo
1282 5530 1567 5584 adversum
1626 5540 1735 5592 me,
1814 5530 2184 5581 verumtamen

610 5630 756 5688 Deus
803 5613 1009 5685 audivit
1053 5640 1241 5681 vocem
1290 5620 1471 5676 cordis
1514 5619 1641 5675 mei.
1690 5617 1808 5674 Vox
1850 5631 1971 5671 mea
2010 5615 2064 5670 in
2094 5628 2190 5668 ore

611 5725 852 5781 nondum
891 5730 1027 5784 erat,
1073 5718 1169 5775 sed
1217 5717 1363 5772 auris
1391 5714 1487 5771 Dei
1522 5714 1635 5785 jam
1683 5712 1740 5766 in
1779 5709 1942 5767 corde
1984 5717 2123 5765 erat.
2163 5727 2182 5760 ι

602 5815 768 5897 Nulla
815 5811 1079 5872 secretior
1122 5810 1440 5884 paenitentia
1492 5804 1720 5879 c0gitari
1775 5811 1975 5878 potest,
2022 5815 2188 5874 quam

2306 578 2590 642 peccatum
2620 584 2649 622 a
2674 569 2783 623 Deo
2807 567 3084 621 dimissum
3108 580 3229 620 esse
3252 570 3528 635 agnoscat.

2376 659 2433 714 1n
2461 674 2625 714 serm.
2651 657 2721 711 44
2764 656 2820 710 in
2845 655 3198 726 Evangelium
3245 653 3508 710 Joannis:
3555 652 3671 720 Qui
3713 654 3889 708 viderit

2306 750 2576 805 mulierem
2625 748 2693 802 ad
2743 748 3210 817 concupiscendum
3244 764 3383 810 eam,
3428 745 3548 815 jam
3605 729 3889 799 moechatus

2306 848 2380 893 est
2409 842 2465 893 in
2490 838 2645 893 corde
2681 854 2799 891 suo.
2845 835 3091 891 Nondum
3123 838 3352 892 accessit
3380 850 3639 905 corpore,
3671 849 3889 889 consen-

2308 930 2379 986 sit
2411 930 2466 985 in
2496 931 2690 995 corde;
2720 937 2993 984 mortuum
3020 930 3165 985 intus
3192 929 3376 994 habet,
3402 926 3655 982 nondum
3682 926 3883 981 extulit.

2307 1022 2375 1076 Et
2402 1022 2481 1088 fit,
2524 1030 2586 1077 ut
2630 1021 2904 1087 novimus,
2940 1028 3002 1075 ut
3042 1021 3282 1090 quotidie
3323 1019 3579 1074 homines
3628 1033 3691 1074 se
3739 1033 3886 1090 expe-

2305 1111 2519 1167 riuntur
2554 1111 2841 1181 aliquando
2880 1110 3061 1165 audito
3098 1110 3266 1165 verbo
3304 1108 3434 1174 Dei,
3481 1117 3754 1178 tanquam
3794 1107 3885 1163 Do-

2305 1204 2455 1258 mino
2503 1203 2736 1269 dicente,
2790 1202 2982 1273 Surge,
3035 1200 3428 1257 condemnatur
3478 1214 3785 1255 consensus
3824 1200 3884 1255 ad

2306 1295 2667 1365 iniquitatem,
2698 1295 3000 1365 respiratur
3024 1293 3081 1348 in
3105 1293 3332 1349 salutem
3364 1302 3421 1349 et
3437 1291 3738 1362 justitiam.
3767 1291 3883 1347 Sur-

2305 1387 2385 1459 git
2421 1394 2666 1441 mortuus
2710 1386 2765 1440 in
2804 1386 2983 1451 domo,
3024 1385 3299 1439 reviviscit
3335 1385 3391 1440 in
3422 1384 3779 1455 cogitationis
3803 1400 3877 1440 se-

2305 1482 2472 1539 creto,
2507 1474 2650 1532 facta
2693 1483 2776 1529 est
2813 1474 2915 1530 ista
2956 1474 3283 1529 resurrectio
3317 1474 3514 1528 anima:
3544 1484 3778 1529 mortua:
3812 1474 3879 1528 in-

2304 1573 2433 1622 tus:
2462 1565 2605 1620 intra
2641 1566 2879 1620 latebras
2914 1563 3276 1629 conscientiae,
3316 1571 3585 1633 tanquam
3627 1564 3767 1618 intra
3798 1563 3878 1618 do-

2306 1644 2563 1712 mesticos
2608 1657 2863 1727 parietes.
2891 1675 2909 1708 ι
2955 1653 3209 1710 Pluribus
3260 1654 3384 1709 aliis
3431 1655 3487 1708 in
3536 1654 3678 1709 locis
3706 1652 3876 1709 eodem

2305 1745 2466 1801 modo
2512 1746 2770 1817 loquitur.
2825 1745 2988 1802 Verbi
3035 1745 3206 1816 gratia
3244 1761 3258 1797 :
3298 1743 3358 1799 lu
3407 1760 3665 1801 sermone
3707 1745 3775 1799 44
3820 1745 3877 1800 de

2230 1844 2278 1906 Β
2304 1818 2497 1892 Verbis
2525 1835 2771 1929 Domini:
2806 1854 2825 1887 ι
2868 1833 2925 1890 Si
2962 1850 3092 1890 vero
3153 1835 3331 1890 adhuc
3369 1842 3655 1905 peccatum
3700 1849 3877 1891 conce-

2300 1938 2454 2000 ptum
2504 1926 2610 1995 est,
2661 1936 2716 1983 et
2768 1944 2874 1983 non
2919 1928 3184 1999 processit
3230 1927 3287 1982 in
3337 1926 3561 1993 factum,
3600 1928 3872 1999 paeniteat,

2302 2020 2607 2091 corrigatur
2646 2020 2929 2091 cogitatio,
2970 2027 3155 2090 surgat
3195 2028 3442 2074 mortuus
3480 2021 3619 2074 intra
3658 2020 3871 2074 domum

2301 2112 2665 2167 conscientiae.
2707 2131 2725 2164 ι
2765 2109 3045 2179 Quomodo
3075 2109 3133 2165 fit
3177 2111 3285 2166 ista
3328 2112 3636 2167 resurrectio
3671 2111 3864 2168 anima:

2301 2208 2530 2255 mortuae
2560 2201 2727 2268 intus,
2758 2200 2811 2255 in
2842 2200 3186 2271 cogitationis
3223 2208 3448 2265 secreto,
3474 2200 3612 2255 intra
3640 2203 3859 2256 domum

2302 2291 2678 2359 conscientiae,
2729 2291 2869 2346 intra
2923 2290 3158 2347 latebras
3206 2291 3569 2356 conscientiae,
3617 2300 3871 2361 tanquam

2301 2382 2446 2438 intra
2487 2382 2811 2439 domesticos
2848 2383 3117 2453 parietes,
3172 2382 3278 2437 nisi
3318 2383 3635 2452 poenitentia
3672 2391 3872 2438 secreto

2302 2469 2483 2526 facta?
2525 2480 2579 2527 et
2614 2488 2711 2527 cur
2749 2486 2856 2526 non
2897 2472 3186 2527 adhibetur
3221 2471 3478 2543 publica?
3508 2470 3671 2539 Quia,
3713 2471 3875 2542 inquit

2301 2552 2663 2632 Augustinus,
2704 2570 2975 2618 mortuum
3017 2562 3164 2618 intus
3202 2563 3366 2619 habet
3414 2571 3473 2618 et
3512 2563 3751 2618 nondum
3789 2578 3874 2618 ex-

2303 2653 2443 2719 tulit,
2476 2653 2531 2708 id
2559 2662 2661 2719 est,
2699 2653 2905 2709 crimen
2944 2654 3182 2708 nondum
3222 2662 3306 2709 est
3338 2654 3642 2724 publicum.
3690 2654 3745 2709 1n
3771 2669 3875 2709 ser-

2302 2761 2462 2801 mone
2501 2746 2569 2801 15
2611 2746 2679 2802 de
2725 2746 2918 2801 Verbis
2964 2746 3177 2801 Domini
3220 2763 3233 2800 :
3286 2764 3305 2797 ‹
3357 2745 3666 2802 Peccantes
3710 2761 3872 2802 coram

2301 2839 2555 2896 omnibus
2583 2839 2817 2910 corripe,
2845 2847 2908 2893 ut
2933 2838 3116 2894 caeteri
3157 2838 3409 2893 timorem
3440 2839 3709 2894 habeant.
3735 2837 3872 2893 Certe

2301 2931 2347 2988 si
2375 2932 2517 3002 quis,
2533 2930 2677 3002 quod
2693 2930 2866 2985 solum
2896 2937 2981 2986 est
2994 2944 3205 2995 verum,
3238 2928 3527 2998 distinguit
3550 2936 3872 2999 tempora,et

2301 3023 2462 3080 solvit
2486 3022 2861 3093 quaestionem,
2880 3035 3066 3076 verum
3083 3029 3185 3076 est.
3204 3018 3262 3075 Si
3276 3027 3567 3091 peccatum
3600 3019 3659 3074 in
3686 3026 3872 3074 secreto

2300 3122 2406 3181 est,
2421 3121 2631 3170 secreto
2648 3113 2880 3183 corripe.
2899 3110 2955 3166 Si
2976 3117 3257 3182 peccatum
3270 3108 3553 3181 publicum
3569 3116 3660 3164 est
3674 3117 3731 3163 et
3740 3123 3873 3178 aper-

2223 3204 2269 3269 C
2300 3217 2437 3273 tum,
2477 3204 2693 3277 publice
2726 3204 2959 3275 corripe,
2990 3211 3051 3257 ut
3093 3200 3184 3257 ille
3223 3200 3573 3266 emendetur,
3615 3210 3676 3255 et
3714 3198 3874 3254 czteri

2296 3298 2543 3353 timeant.
2561 3295 2631 3350 Et
2651 3295 2707 3350 in
2733 3308 2982 3351 sermone
2998 3292 3245 3362 sequenti
3263 3306 3511 3361 quaenam
3533 3291 3612 3347 sit
3636 3289 3870 3346 Ecclesia:

2294 3388 2579 3459 disciplina
2598 3385 2883 3443 manifeste
2902 3384 3143 3440 declarat
3167 3383 3253 3439 bis
3281 3383 3493 3439 verbis:
3516 3400 3539 3433 ι
3563 3379 3871 3453 Ergocorri-

2292 3482 2487 3554 pienda
2509 3487 2634 3536 sunt
2647 3478 2931 3543 secretius,
2945 3491 3066 3547 quae
3080 3484 3375 3546 peccantur
3390 3476 3689 3530 secretius.
3710 3474 3878 3531 Distri-

2292 3574 2443 3630 buite
2470 3580 2734 3642 tempora,
2769 3580 2824 3625 et
2849 3568 3142 3625 concordat
3171 3566 3472 3637 Scriptura.
3519 3566 3616 3621 Sic
3643 3579 3875 3639 agamus,

2294 3672 2349 3721 et
2374 3665 2454 3721 sic
2481 3664 2745 3735 agendum
2781 3668 2886 3727 est,
2926 3674 3034 3715 non
3071 3658 3245 3715 solum
3288 3658 3502 3727 quando
3548 3658 3604 3712 in
3647 3672 3880 3728 nospec-

2293 3766 2469 3824 catur,
2500 3757 2595 3813 sed
2619 3754 2834 3827 quando
2861 3760 3120 3825 peccatur
3147 3751 3215 3806 ab
3244 3750 3455 3820 aliquo,
3493 3758 3559 3805 ut
3598 3750 3676 3805 ab
3730 3750 3883 3803 altero

2294 3849 2587 3912 ncsciatur,
2630 3846 2684 3902 in
2731 3853 2943 3901 secreto
2997 3855 3249 3914 arguere,
3298 3856 3366 3896 ne
3395 3839 3655 3896 volentes
3687 3839 3883 3911 publice

2294 3955 2538 4012 arguere,
2563 3937 2851 4008 prodamus
2870 3934 3165 3990 hominem.
3182 3931 3292 3988 Nos
3310 3929 3564 3985 volumus
3588 3933 3879 4000 corripere,

2294 4041 2350 4089 ct
2389 4030 2697 4103 corrigere,
2740 4027 2869 4099 quid
2908 4027 2953 4082 si
2997 4025 3249 4081 inimicus
3289 4022 3483 4093 quaerit
3521 4022 3729 4077 audire
3767 4019 3883 4092 quid

2293 4122 2518 4195 puniat?
2557 4119 2716 4176 Novit
2739 4119 2885 4174 enim
2912 4118 3098 4174 nescio
3122 4131 3282 4187 quem
3312 4112 3652 4169 homicidam
3683 4113 3881 4184 episco-

2293 4234 2417 4290 pus,
2459 4225 2515 4272 et
2555 4214 2693 4271 alius
2734 4212 2884 4269 illum
2912 4226 3073 4268 nemo
3098 4209 3264 4265 novit.
3289 4207 3402 4280 Ego
3437 4205 3565 4261 volo
3602 4206 3768 4261 illum
3793 4219 3884 4275 pu—

2292 4310 2434 4367 blice
2480 4308 2788 4379 corripere,
2839 4313 2896 4359 et
2937 4302 2994 4358 tti
3034 4301 3233 4373 quaeris
3276 4298 3600 4355 inscribere.
3657 4296 3885 4353 Prorsus

2295 4420 2396 4460 nec
2418 4403 2609 4475 prodo,
2649 4417 2751 4457 nec
2798 4397 3031 4471 negligo.
3064 4395 3311 4466 Corripio
3356 4394 3412 4448 in
3456 4401 3701 4459 secreto,
3747 4404 3887 4462 pono

2297 4508 2424 4553 ante
2469 4495 2653 4552 oculos
2702 4492 2798 4563 Dei
2838 4489 3124 4560 judicium,
3180 4497 3362 4542 terreo
3411 4494 3707 4541 cruentam
3763 4498 3885 4539 con-

2297 4587 2614 4653 scientiam,
2658 4583 2957 4656 persuadeo
2998 4579 3390 4655 paenitentiam.
3456 4574 3574 4630 Hao
3613 4576 3888 4630 charitate

2299 4680 2513 4754 prtediti
2564 4693 2686 4733 esse
2734 4675 3010 4731 debemus.
3078 4669 3232 4727 Unde
3287 4666 3579 4738 aliquando
3638 4665 3887 4721 homines

2300 4774 2705 4849 reprehendunt
2746 4787 2880 4837 nos,
2927 4765 3072 4838 quod
3116 4765 3271 4837 quasi
3320 4777 3427 4818 non
3482 4760 3884 4830 corripiamns,

2304 4880 2398 4928 aut
2441 4876 2631 4942 putant
2672 4881 2772 4921 nos
2811 4862 2953 4920 scire
2996 4858 3139 4931 quod
3188 4856 3497 4919 nescimus,
3550 4860 3649 4907 aut
3696 4853 3888 4922 putant

2300 4977 2401 5019 nos
2430 4970 2612 5017 tacere
2638 4956 2783 5028 quod
2820 4954 3041 5009 scimus.
3072 4948 3181 5005 Sed
3216 4946 3357 5003 forte
3391 4945 3538 5016 quod
3554 4943 3666 4999 scis
3695 4949 3753 4998 et
3786 4952 3884 5009 ego

2301 5055 2438 5119 scio,
2480 5052 2576 5108 sed
2614 5065 2724 5105 non
2763 5059 2947 5103 coram
2983 5051 3036 5098 te
3071 5039 3329 5112 corripio,
3365 5037 3489 5108 quia
3526 5030 3887 5091 eurare‘vob

2299 5163 2408 5203 non
2453 5156 2728 5200 accusare.
2790 5139 2929 5194 Sunt
2966 5132 3213 5190 homines
3255 5129 3481 5186 adulteri
3532 5130 3586 5183 in
3634 5126 3885 5184 domibus

2298 5239 2433 5303 suis,
2459 5237 2516 5292 in
2545 5241 2757 5291 secreto
2789 5232 3041 5302 peccant,
3069 5224 3362 5296 aliquando
3389 5222 3549 5277 nobis
3572 5220 3885 5291 produntur

2298 5333 2367 5387 ab
2406 5328 2665 5384 uxoribus
2710 5326 2823 5380 suis
2861 5321 3182 5393 plerumque
3216 5313 3546 5378 zelantibus,
3589 5306 3885 5380 aliquando

2297 5423 2617 5480 maritorum
2645 5417 2872 5473 salutem
2908 5410 3295 5484 quaerentibus.
3333 5407 3443 5462 Nos
3468 5420 3578 5461 non
3600 5403 3885 5476 prodimus

2292 5515 2491 5587 palam,
2536 5509 2630 5567 sed
2673 5511 2729 5564 in
2768 5515 2977 5563 secreto
3018 5503 3312 5574 arguimus.
3355 5498 3460 5555 Ubi
3498 5494 3728 5567 contigit
3763 5507 3886 5546 ma-

2294 5586 2426 5674 lum,
2455 5608 2526 5663 ibi
2551 5606 2815 5661 moriatur
2840 5601 3054 5657 vulnus.
3090 5618 3109 5651 ›
3143 5597 3330 5667 Itaque
3365 5600 3589 5650 sanctus
3617 5586 3883 5661 Augusti-

2295 5719 2397 5759 nus
2426 5702 2735 5772 frequenter
2768 5696 2924 5752 docet
2964 5709 3170 5750 morem
3189 5690 3448 5746 Ecclesia:
3468 5684 3728 5746 fuisse'de
3766 5679 3886 5740 cri-

2296 5793 2533 5855 minibus
2565 5789 2795 5848 occultis
2825 5795 3037 5848 secreto
3058 5781 3378 5859 paenitendi.

3850 5883 3903 5898 τ..
