4060 6350
222 356 369 421 H77

1082 356 1172 412 AB
1207 357 1375 414 OMNI
1410 357 1779 416 NOVITATIS
1819 318 2226 415 SUSPICIONE
2264 346 2652 413 vmnicut.
2870 390 2903 410 .

3354 356 3490 418 M78

300 462 690 529 Cassianus'in
729 467 907 524 collat.
948 485 1041 535 xx,
1086 468 1153 525 de
1185 470 1293 525 ﬁne
1329 472 1546 540 patuit,
1583 487 1703 541 cap.
1734 471 1801 527 5:
1832 476 1884 534 Α
1910 476 2097 524 sancto
2118 468 2297 524 Leone
2318 468 2504 523 vocari
2529 477 2712 521 contra
2737 463 3080 537 apostolicam
3104 472 3338 540 regulam
3358 490 3489 545 prcr-

230 583 252 618 ι
299 560 663 631 Quamobrem
715 558 1031 614 verissimus
1090 560 1433 615 examinator
1481 561 1810 630 poenitentiae

222 662 284 710 et
324 650 667 721 indulgentia:
697 646 864 716 judex
902 649 955 702 in
992 650 1320 705 conscientia
1364 652 1562 707 residet
1600 660 1806 718 nostra,

223 748 323 818 qui
366 743 759 800 absolutionem
802 751 984 797 reatus
1025 743 1196 798 nostri
1238 753 1363 798 ante
1399 745 1723 816 cognitionis
1756 754 1812 800 et

214 836 414 909 iudicii
438 835 583 889 diem
606 833 781 915 adhuc
804 833 958 888 nobis
980 834 1035 887 in
1049 833 1155 888 hac
1168 849 1330 889 carne
1353 835 1813 891 commorantibus

222 929 452 1001 detegit,
505 934 562 983 et
616 924 1006 981 satisfactiouis
1064 942 1130 981 ac
1184 927 1518 983 remissionis
1581 927 1814 997 gratiam

226 1021 441 1094 pandit.
489 1039 508 1072 ι

298 1112 494 1166 Petrus
522 1106 889 1179 Chrysologus
929 1109 985 1164 in
1024 1123 1276 1165 sermone
1311 1110 1379 1164 24
1414 1128 1427 1164 :
1469 1128 1488 1161 ι
1517 1110 1720 1167 Petrus
1758 1120 1816 1168 et

222 1201 428 1258 Paulus
464 1199 734 1270 principes
768 1200 891 1255 ﬁdei
930 1200 1253 1256 Christianae
1290 1203 1539 1258 notitiam
1577 1204 1813 1259 nominis

220 1292 432 1352 Christi
463 1302 577 1349 toto
608 1291 739 1347 orbe
766 1291 1095 1347 diffuderunt
1136 1312 1149 1348 :
1200 1293 1391 1349 Mulier
1427 1294 1717 1351 accedendi
1744 1297 1814 1352 ad

224 1386 505 1443 Christum
534 1383 710 1452 prima
744 1382 968 1436 tradidit
998 1383 1337 1452 disciplinam
1368 1404 1380 1439 :
1415 1386 1609 1441 mulier
1637 1388 1812 1457 prima

222 1477 378 1534 dedit
408 1474 642 1531 formam
675 1473 947 1544 quomodo
983 1482 1237 1543 peccator
1276 1476 1438 1530 tacita
1475 1476 1814 1533 confessione

223 1569 408 1626 deleat
452 1567 571 1622 sine
610 1563 926 1621 confusione
958 1573 1237 1635 peccatum
1278 1584 1290 1620 :
1326 1569 1595 1636 quomodo
1644 1568 1813 1624 deliu-

222 1674 397 1732 queus
437 1658 537 1714 soli
567 1658 678 1713 Deo
718 1657 967 1728 cognitus
997 1659 1062 1712 de
1100 1665 1255 1714 reatu
1298 1659 1503 1715 nudare
1543 1661 1685 1730 apud
1716 1662 1815 1715 ho-

222 1753 401 1809 mines
420 1748 727 1804 verecunda
758 1748 1090 1819 conscientia
1119 1764 1224 1804 non
1251 1759 1475 1819 cogatur
1500 1768 1512 1804 :
1539 1752 1812 1822 quomodo

1912 560 2291 629 sumptionem,
2337 569 2385 613 et
2431 557 2825 629 improbabilem
2880 561 3330 629 consuetudinem,
3374 580 3494 634 qua:

1913 653 2061 709 nullo
2084 669 2320 724 unquam
2352 654 2609 709 Ecclesiae
2640 653 2859 709 decreto
2887 654 3101 710 ﬁrmata
3131 656 3252 711 fuit.
3295 657 3495 726 Quam-

1912 734 2099 799 Obrem
2168 751 2381 798 constat
2452 744 2825 813 paenitentiam
2875 753 3084 800 secreto
3149 745 3348 801 factam
3397 762 3499 817 pro

1912 835 2235 891 criminibus
2261 835 2488 890 occultis
2516 835 2778 900 sufficere,
2808 845 2969 906 atque
3004 853 3209 893 morem
3240 837 3499 896 Ecclesia

1913 924 2080 980 fuisse
2107 925 2173 979 de
2209 925 2276 979 iis
2303 934 2515 980 secreto
2540 925 2858 996 pmniteudi.

1983 1014 2297 1071 Gennadius
2334 1015 2430 1070 lib.
2458 1014 2525 1069 de
2564 1015 2950 1071 ecclesiasticis
2973 1015 3344 1088 Dogmatibus,
3371 1032 3495 1088 cap.

1914 1105 2029 1161 55:
2070 1124 2089 1156 ι
2145 1103 2252 1160 Sed
2287 1112 2340 1161 et
2386 1115 2598 1161 secreta
2642 1105 3013 1162 satisfactione
3062 1106 3197 1163 solvi
3250 1108 3500 1165 mortalia

1914 1196 2146 1251 crimina
2177 1212 2283 1251 non
2317 1213 2599 1267 negamus.
2640 1217 2660 1249 ι

1984 1288 2233 1343 Julianus
2276 1289 2559 1345 Pomerius
2605 1289 2697 1345 lib.
2731 1305 2770 1344 ιι
2798 1289 2864 1346 de
2886 1291 3009 1347 Vita
3058 1292 3500 1365 contemplativa,

1915 1395 2036 1450 cap.
2067 1379 2098 1432 7
2126 1398 2138 1433 :
2170 1400 2188 1431 ι
2216 1381 2387 1435 Porro
2427 1381 2524 1446 illi,
2554 1397 2784 1451 quorum
2812 1390 3038 1452 peccata
3078 1384 3369 1439 humanam
3402 1401 3502 1442 no-

1915 1470 2090 1525 titiam
2134 1470 2328 1536 latent,
2371 1487 2472 1527 nec
2515 1470 2584 1527 ab
2626 1471 2759 1541 ipsis
2800 1471 3071 1539 confessa,
3122 1489 3223 1529 nec
3267 1476 3335 1530 ab
3379 1475 3501 1531 aliis

1914 1562 2212 1632 publicata,
2262 1563 2305 1617 si
2343 1577 2406 1616 ea
2442 1562 2689 1617 conﬁteri
2740 1572 2835 1618 aut
2876 1564 3163 1619 emendare
3209 1565 3502 1633 noluerint,

1915 1652 2084 1707 Deum
2128 1668 2290 1723 quem
2338 1654 2543 1708 habent
2601 1661 2828 1719 testem,
2876 1654 3055 1723 ipsum
3098 1655 3335 1710 habituri
3380 1664 3508 1711 sunt

1916 1755 1971 1801 et
2008 1747 2261 1825 ultorem.
2311 1746 2379 1800 Et
2427 1745 2556 1816 quid
2601 1747 2681 1800 eis
2724 1746 2943 1817 prodest
2989 1747 3285 1801 humanum
3328 1747 3505 1803 vitare

223 1838 391 1892 homo
435 1833 607 1906 possit
652 1834 809 1889 venia
842 1833 1107 1903 judicium
1143 1837 1462 1904 pmnenire.
1498 1858 1516 1890 ι
1569 1837 1692 1893 Haec
1727 1849 1811 1894 est
1848 1830 1887 1888 Β
1910 1838 2196 1909 judicium,
2244 1853 2367 1893 cum
2408 1838 2453 1893 si
2496 1838 2549 1892 in
2588 1838 2732 1893 malo
2773 1853 2871 1893 suo
2911 1839 3334 1909 permanserint,
3363 1839 3500 1903 ituri

221 1929 482 1986 Ecclesia:
539 1926 866 1996 disciplina,
916 1926 984 1983 de
1035 1928 1273 1998 peccatis
1320 1928 1546 1983 occultis
1599 1939 1807 1986 secreto

220 2019 555 2092 paenitendi,
603 2016 758 2086 cujus
807 2017 1002 2073 mulier
1046 2019 1220 2089 prima
1265 2017 1414 2073 dedit
1455 2020 1707 2085 formam,
1758 2028 1814 2076 et

221 2125 388 2180 quam
429 2107 683 2179 deinceps
712 2105 903 2162 Patres
943 2106 1190 2162 unanimi
1236 2123 1507 2164 consensu
1550 2109 1811 2179 praedica-

223 2212 377 2260 runt.

301 2291 492 2348 Patres
526 2291 738 2348 concilii
767 2290 1025 2348 Vasensis
1055 2307 1115 2357 ιι,
1147 2307 1271 2346 ean.
1299 2293 1373 2348 8:
1410 2310 1428 2342 ι
1471 2290 1626 2359 Quod
1665 2292 1711 2347 si
1753 2307 1812 2347 se

227 2393 440 2442 tantum
494 2386 775 2456 episcopus
822 2382 983 2437 alieni
1039 2384 1262 2439 sceleris
1313 2384 1588 2440 conscium
1638 2382 1807 2449 novit,

222 2476 465 2556 quandiu
510 2477 897 2546 probare'non
945 2482 1160 2544 potest,
1204 2475 1336 2530 nihil
1385 2475 1662 2544 proferat;
1719 2475 1813 2530 sed

222 2586 351 2627 cum
373 2571 489 2642 ipso
522 2571 588 2625 ad
616 2568 1089 2643 compunctiouem
1118 2568 1235 2638 ejus
1264 2569 1489 2624 secretis
1515 2567 1812 2638 correptio-

223 2662 386 2718 nibus
412 2660 676 2717 elaboret.
719 2682 737 2714 ι

294 2752 404 2809 Leo
449 2754 502 2820 Ι,
548 2754 607 2809 in
653 2755 880 2824 epistola
926 2755 997 2811 ad
1049 2754 1332 2811 universos
1378 2753 1664 2823 episcopos
1713 2765 1813 2821 per

223 2846 621 2918 Campaniam,
676 2846 961 2903 Samnium
1013 2855 1071 2903 et
1116 2847 1373 2902 Picenum
1454 2844 1807 2900 constitutos:

230 2956 252 2989 ‹
284 2937 435 2994 Illam
476 2939 642 2994 etiam
680 2946 870 2993 contra
909 2938 1259 3009 apostolicam
1292 2935 1530 3007 regulam
1557 2947 1815 3005 praesum-

222 3030 494 3100 ptionem,
531 3044 697 3100 quam
742 3043 917 3100 nuper
952 3028 1147 3100 agnovi
1195 3043 1226 3081 a
1260 3025 1586 3097 quibusdam
1627 3021 1833 3095 illicita

226 3123 581 3194 usurpatione
626 3121 933 3187 committi,
994 3120 1171 3176 modis
1238 3118 1492 3174 omnibus
1544 3113 1815 3171 constituo

230 3182 577 3281 submoveri;
619 3214 687 3269 de
726 3182 1047 3284 poenitentia
1081 3210 1355 3276 videlicet,
1402 3224 1537 3279 quae
1562 3208 1637 3262 ita
1685 3221 1713 3259 a
1752 3182 1887 3258 a—C

223 3304 442 3361 delibus
498 3303 821 3374 postulatur,
866 3309 935 3358 ne
979 3303 1044 3358 de
1086 3300 1420 3372 singulorum
1467 3305 1839 3378 peccatorum.

227 3408 440 3466 genere
488 3392 651 3447 libelli
709 3393 909 3463 scripta
949 3390 1217 3462 professio
1261 3387 1475 3460 publice
1519 3387 1811 3441 recitetur:

229 3499 360 3541 cum
398 3492 580 3539 reatus
608 3484 1061 3540 conscientiarum
1100 3481 1332 3537 sufﬁciat
1363 3477 1492 3535 solis
1515 3476 1817 3533 sacerdoti-

222 3575 335 3631 bus
360 3575 588 3632 iudicari
617 3574 955 3632 confessione
985 3582 1214 3630 secreta.
1250 3572 1508 3640 Quamvis
1533 3569 1676 3625 enim
1700 3567 1837 3651 ple:

226 3666 425 3722 nitudo
467 3666 594 3721 ﬁdei
624 3666 875 3723 videatur
922 3682 1042 3721 esse
1087 3664 1391 3728 laudabilis,
1440 3677 1559 3732 quae
1600 3666 1822 3731 propter

224 3756 328 3811 Dei
360 3757 613 3830 timorem
643 3758 785 3827 apud
809 3756 1058 3811 homines
1086 3756 1409 3811 erubescere
1436 3767 1542 3808 non
1568 3759 1815 3825 veretur;

228 3853 419 3901 tamen
460 3847 587 3916 quia
628 3863 738 3901 non
784 3846 1029 3901 omnium
1066 3843 1376 3916 hujusmodi
1418 3852 1543 3898 sunt
1575 3848 1817 3912 peccata,

227 3943 291 3990 ut
316 3951 383 3991 ea
407 3951 530 4005 quae
549 3936 928 4007 paenitentiam
957 3943 1204 4006 poscunt,
1236 3950 1341 3989 non
1373 3933 1602 3988 timeant
1643 3930 1821 4002 publi-

228 4041 383 4092 care,
420 4036 767 4084 removeatur
807 4036 918 4082 tam
961 4025 1331 4097 improbabilis
1369 4023 1720 4088 consuetudo,
1752 4036 1822 4077 ne

228 4118 395 4174 multi
437 4134 467 4173 a
502 4119 835 4189 paenitentiae
887 4118 1140 4173 remediis
1191 4123 1499 4181 arceantur,
1548 4115 1675 4169 dum
1728 4119 1824 4168 aut

228 4210 596 4276 erubescunt,
646 4218 738 4264 aut
784 4217 1033 4264 metuunt
1077 4207 1313 4262 inimicis
1359 4206 1472 4261 suis
1528 4220 1625 4259 sua
1679 4203 1823 4259 facta

229 4304 506 4370 reserari,
554 4288 655 4374 pro
701 4303 899 4374 quibus
948 4301 1161 4374 possint
1204 4299 1384 4371 legum
1437 4297 1823 4369 exsistitutioue

229 4395 479 4467 percelli.
534 4393 744 4450 Sufﬁcit
782 4394 929 4449 enim
970 4392 1061 4446 illa
1107 4390 1377 4447 confessio
1423 4404 1542 4459 qua:
1588 4388 1827 4458 primum

1912 1931 2019 1985 sint
2063 1931 2115 1984 in
2158 1938 2440 1994 aeternum,
2477 1929 2587 1984 Deo
2629 1930 2923 1995 tribuente,
2968 1931 3311 2000 supplicium.
3350 1930 3505 1998 Quod

1912 2023 1957 2077 si
1990 2023 2089 2093 ipsi
2125 2021 2329 2092 iudices
2369 2023 2518 2084 fiant,
2555 2030 2611 2077 et
2638 2021 2803 2075 veluti
2834 2035 2945 2075 sua:
2974 2021 3275 2091 iniquitatis
3304 2021 3509 2077 ultores

1911 2114 2001 2170 hic
2033 2114 2086 2168 in
2118 2130 2176 2169 se
2208 2112 2573 2168 voluntariam
2601 2128 2819 2184 poenam
2865 2113 3223 2169 severissimae
3261 2112 3509 2169 animad-

1818 2242 1825 2247 ς
1910 2206 2177 2260 versionis
2214 2213 2528 2269 exerceant,
2576 2203 2961 2273 temporalibus
3000 2204 3179 2274 poenis
3219 2205 3508 2260 mutabunt

1910 2304 2113 2351 aeterna
2150 2295 2409 2365 supplicia
2443 2314 2455 2348 :
2485 2304 2539 2348 et
2580 2293 2838 2364 laerymis
2876 2309 2941 2349 ex
2968 2309 3098 2348 vera
3137 2295 3320 2350 cordis
3356 2309 3507 2350 com-

1910 2388 2202 2459 punctione
2230 2387 2522 2442 fluentibus
2551 2386 2893 2456 restinguent
2921 2386 3112 2441 aeterni
3139 2387 3283 2457 ignis
3314 2387 3506 2441 incen-

1912 2481 2021 2536 dia.
2062 2500 2080 2533 ι
2134 2478 2583 2550 Quandoquidem
2623 2479 2669 2535 si
2708 2480 2811 2550 ipsi
2846 2479 3057 2550 judices
3094 2479 3260 2546 ﬁant,
3302 2493 3511 2551 praeve-

1911 2572 2068 2627 niunt
2115 2569 2378 2640 judicium
2433 2572 2688 2628 Ecclesiae.
2756 2571 2823 2626 de
2881 2573 3200 2642 paenitentia
3263 2571 3505 2642 publica,

1912 2662 2261 2719 manifestum
2308 2673 2391 2720 est
2432 2665 2564 2735 ipsis
2606 2662 2851 2719 suflicere
2881 2665 3256 2734 paenitentiam
3291 2670 3509 2721 secreto

1910 2754 2130 2811 factam.
2160 2756 2292 2811 Illud
2323 2758 2484 2810 etiam
2514 2753 2966 2825 perspicuum'est
2993 2770 3060 2809 ex
3089 2769 3155 2809 eo
3180 2752 3323 2824 quod
3352 2759 3511 2822 post-

1913 2864 1976 2905 ea
2009 2863 2135 2905 cum
2171 2847 2492 2903 clericorum
2532 2846 2873 2916 patuitentia,
2938 2860 3100 2914 quam
3165 2857 3356 2899 omnes
3406 2856 3514 2899 no—

1914 2953 2045 2997 runt
2074 2951 2200 2996 tunc
2229 2938 2491 3010 temporis
2519 2955 2625 2993 non
2658 2938 2824 2993 fuisse
2852 2937 3149 3009 publicam,
3178 2950 3369 2991 eorum
3395 2947 3512 3005 pm-

1917 3030 2203 3086 nitentiam
2251 3028 2545 3099 coniungat
2564 3069 2580 3095 ,
2610 3037 2773 3098 atque
2821 3036 3107 3097 utramque
3130 3026 3320 3081 eodem
3351 3010 3513 3080 medo
3539 3060 3547 3068 -

1920 3125 2003 3182 sic
2024 3125 2299 3181 describat
2325 3142 2369 3178 ε(
2401 3122 2743 3193 Quapropter
2772 3122 2941 3176 Deum
2968 3121 3070 3176 sibi
3095 3118 3309 3175 facilius
3326 3117 3511 3188 placa-

1917 3217 2055 3271 bunt
2090 3215 2168 3270 illi
2200 3216 2294 3285 qui
2323 3230 2430 3268 nou
2465 3215 2704 3268 humano
2734 3213 2965 3268 convicti
2995 3212 3224 3279 judicio,
3251 3211 3345 3265 sed
3370 3210 3506 3265 ultre

1918 3307 2126 3361 crimen
2168 3311 2501 3374 cognoscunt
2536 3320 2548 3354 :
2583 3301 2679 3371 qui
2711 3310 2806 3355 aut
2844 3300 3080 3370 pr0priis
3128 3299 3259 3353 illud
3299 3298 3515 3354 confes-

1917 3394 2160 3451 sionibus
2196 3394 2453 3464 produnt,
2495 3399 2590 3445 aut
2635 3390 2998 3446 nescientibus
3034 3387 3154 3442 aliis
3189 3386 3378 3457 quales
3420 3399 3517 3443 oo-

1917 3486 2048 3544 culti
2070 3489 2219 3548 sunt,
2247 3482 2348 3552 ipsi
2387 3480 2442 3534 in
2470 3493 2528 3534 se
2559 3477 2881 3533 voluntarize
2933 3473 3515 3530 excommunicationi:

1916 3578 2240 3634 sententiam
2264 3572 2462 3634 ferunt,
2489 3576 2543 3624 et
2585 3568 2652 3624 ab
2674 3566 2831 3621 altari
2853 3565 2938 3621 cui
2962 3563 3361 3627 ministrabant,
3396 3577 3509 3621 non

1919 3668 2120 3732 animo,
2150 3649 2246 3719 sed
2266 3660 2441 3717 ofﬁcio
2470 3658 2729 3728 separati,
2757 3656 2923 3710 vitam
2955 3663 3211 3724 tanquam
3239 3659 3512 3706 mortuam

1919 3762 2201 3834 plangunt,
2235 3756 2372 3812 certi
2412 3752 2558 3823 quod
2598 3748 2949 3805 reconciliato
2990 3746 3091 3802 sibi
3126 3744 3505 3834 efﬁcacispte-

1921 3833 2164 3905 nitentiae
2192 3846 2459 3901 fructibus
2490 3844 2619 3907 Deo,
2646 3856 2753 3895 non
2782 3838 2955 3893 solum
2986 3836 3186 3891 amissa
3215 3833 3502 3903 recipiant,

1922 3942 2016 3998 sed
2045 3942 2210 3996 etiam
2236 3938 2383 3993 cives
2411 3948 2658 4005 supernae
2698 3929 2935 3987 civitatis
2973 3925 3174 3991 effecti,
3208 3924 3275 3979 ad
3304 3920 3501 3995 gaudia

1922 4032 2251 4102 sempiterna
2295 4028 2630 4099 perveniant.
2670 4044 2689 4077 ι
2748 4022 2936 4092 Itaque
2957 4035 3076 4076 mos
3102 4026 3222 4074 erat
3246 4016 3503 4074 Ecclesiae

1915 4124 1990 4179 de
2013 4121 2253 4194 peccatis
2290 4119 2517 4175 occultis
2554 4125 2766 4172 secreto
2800 4111 3118 4184 pmnitendi.

1994 4214 2258 4270 Caesarius
2298 4210 2630 4266 Arelatensis
2677 4207 2964 4279 ep.'scopus
3001 4206 3056 4259 in
3118 4202 3337 4258 homilia
3384 4214 3509 4271 quis

1926 4305 2241 4362 inscribitur
2269 4303 2359 4369 st,
2386 4310 2517 4357 tom.
2548 4300 2591 4355 ll
2612 4299 2748 4354 Bibl.
2786 4298 3027 4360 Patrum,
3062 4310 3116 4365 p.
3160 4294 3268 4348 3&9
3297 4310 3309 4346 :
3340 4310 3359 4342 ‹
3394 4291 3507 4347 Ad-

1926 4409 2139 4461 moneo,
2165 4388 2384 4458 fratres,
2428 4392 2480 4446 in
2512 4398 2803 4459 conspectu
2845 4387 3054 4442 Dei.....
3089 4383 3149 4439 Si
3184 4392 3366 4438 autem
3396 4382 3509 4454 agit

232 4489 353 4544 Deo
383 4486 629 4554 offertur,
671 4496 798 4542 tunc
834 4488 1002 4541 etiam
1046 4484 1315 4541 sacerdoti
1351 4483 1443 4554 qui
1480 4499 1580 4553 pro
1614 4481 1826 4537 delictis
1851 4548 1891 4555 _
1927 4483 2300 4555 paenitentiam
2334 4497 2401 4536 ex
2429 4488 2543 4536 toto
2563 4480 2741 4541 corde,
2771 4477 2865 4532 sed
2887 4476 2933 4530 si
2970 4483 3096 4546 agat
3119 4488 3304 4529 veram
3330 4471 3507 4542 pecni-

233 4548 625 4651 pteuitentidm
664 4587 924 4649 peccator
968 4576 1196 4633 accedit.
1245 4548 1397 4630 Tunc
1427 4548 1574 4627 enim
1609 4574 1825 4627 demum
1850 4548 1902 4608 D
1928 4548 2192 4642 tentiam;
2236 4575 2328 4629 ubi
2365 4575 2508 4629 Deus
2552 4572 2683 4626 vidit
2737 4571 2876 4624 sicut
2919 4583 3015 4624 cor
3060 4567 3250 4632 David,
3298 4564 3514 4636 quando

233 4670 425 4741 plures
459 4670 523 4725 ad
550 4664 929 4740 paenitentiam
968 4674 1222 4739 poterunt
1254 4665 1552 4738 provocari,
1581 4665 1626 4717 si
1652 4663 1829 4735 populi

233 4762 460 4816 auribus
519 4779 623 4817 non
671 4760 965 4833 publicetur
1036 4759 1354 4815 conscientia
1428 4756 1740 4825 conﬁtentis.
1802 4775 1821 4808 ι

234 4853 504 4920 Quamvis
544 4838 765 4909 sanctus
797 4853 908 4907 Leo
944 4851 1199 4921 loquatur
1240 4851 1306 4905 de
1347 4848 1685 4905 confessione
1731 4862 1831 4917 pu-

236 4944 407 5010 blica,
437 4944 540 5000 hoc
565 4953 749 4999 tamen
776 4942 936 4999 simul
980 4942 1203 5013 intelligi
1233 4941 1392 4996 debet
1419 4939 1487 4995 de
1512 4937 1831 5009 ptenitentia

235 5036 479 5109 publica,
513 5052 633 5107 qua:
661 5052 771 5091 non
802 5036 981 5089 minus
1013 5033 1269 5104 parcebat
1290 5031 1482 5103 pudori
1511 5044 1673 5099 quam
1702 5043 1830 5083 con-
1865 5076 1870 5083 .

243 5127 414 5185 fessio
437 5128 653 5199 publica
677 5147 691 5182 :
720 5137 775 5182 et
803 5142 923 5197 qua:
953 5141 1023 5180 ex
1055 5124 1280 5179 occultis
1310 5122 1537 5179 crimina
1586 5129 1696 5173 tam
1724 5135 1827 5189 pu-

240 5219 389 5275 blica
437 5220 722 5284 reddebat,
768 5226 827 5274 ut
873 5218 942 5273 ab
985 5232 1049 5272 ea
1094 5217 1479 5278 eximerentur,
1524 5212 1721 5282 quibus
1764 5212 1832 5265 ti-

244 5313 509 5368 mendum
547 5321 693 5367 esset
732 5326 798 5367 ne
839 5311 1074 5366 inimicis
1115 5307 1256 5363 facta
1298 5312 1693 5369 reserarentur,
1731 5316 1831 5373 pro

240 5402 448 5472 quibus
476 5411 729 5474 poterant
770 5403 951 5474 legum
981 5400 1367 5457 constitutione
1406 5395 1657 5469 percelli;
1692 5396 1832 5451 sicut

242 5496 446 5569 probat
482 5512 659 5553 canon
683 5495 753 5552 54
780 5495 1023 5567 epistolae
1053 5494 1224 5550 sancti
1250 5492 1437 5548 Basilii
1468 5491 1535 5546 ad
1557 5488 1834 5559 Amphilo-

249 5588 457 5643 chium.
517 5587 650 5644 Cum
700 5588 866 5661 igitur
908 5588 1099 5643 eadem
1144 5600 1367 5656 prorsus
1410 5582 1550 5638 mala
1592 5582 1838 5636 oriantur

251 5693 326 5734 ex
351 5679 690 5735 confessione
726 5688 780 5735 et
812 5678 1132 5751 paenitentia
1174 5676 1409 5747 publica,
1450 5672 1725 5727 fatendum
1754 5677 1837 5727 est

256 5772 642 5845 ptenitentiam
706 5772 978 5846 publicam
1020 5786 1120 5844 pro
1170 5766 1399 5826 occultis
1441 5754 1756 5821 criminibus
1806 5778 1837 5817 a

1931 4658 2244 4735 increpatus
2275 4681 2305 4719 a
2335 4664 2620 4734 propheta,
2649 4659 2888 4730 graviter
2911 4665 3112 4727 etpost
3137 4654 3517 4712 comminatio-

1931 4772 2027 4813 nes
2056 4755 2327 4812 terribiles
2381 4754 2474 4808 Dei
2530 4750 2855 4806 exclamavit
2899 4749 3127 4804 dicens:
3160 4744 3404 4810 Peccavi,
3456 4749 3516 4799 et

1930 4866 2058 4906 mox
2076 4848 2298 4912 audivit,
2330 4846 2583 4899 Dominus
2608 4841 2823 4897 abstulit
2847 4849 3115 4912 peccatum
3140 4846 3307 4891 tuum.
3331 4834 3517 4903 Quan-

1931 4950 2047 4995 tum
2094 4938 2276 4994 valent
2325 4945 2438 4991 tres
2464 4935 2718 5007 syllabte?
2763 4941 2876 4988 tres
2912 4931 3057 4985 enim
3084 4927 3302 4999 syllabae
3344 4933 3512 4982 sunt:

1936 5031 2158 5087 Peccavi
2183 5044 2200 5082 :
2224 5029 2317 5084 sed
2350 5029 2405 5083 in
2436 5028 2556 5083 istis
2578 5027 2753 5081 tribus
2775 5023 2994 5095 syllabis
3019 5021 3236 5076 flamma
3262 5018 3516 5075 sacriﬁcii

1936 5123 2117 5179 cordis
2168 5120 2285 5190 ejus
2314 5120 2382 5175 ad
2409 5120 2605 5175 coelum
2637 5117 2900 5172 ascendit.
2943 5133 2962 5167 ι
3028 5114 3156 5168 Hac
3208 5110 3432 5168 bomilia
3459 5109 3516 5165 in

1936 5214 2257 5288 quihusdam
2299 5212 2577 5268 codicibus
2627 5224 2761 5265 mss.
2806 5205 3061 5261 tribuitur
3102 5203 3427 5275 Augustino,
3457 5200 3515 5255 in

1882 5298 1885 5299 ν
1938 5306 2060 5360 aliis
2088 5303 2395 5359 Ambrosio.
2423 5303 2528 5357 Sed
2560 5318 2590 5355 a
2617 5313 2940 5371 quocunque
2987 5304 3208 5353 auctore
3249 5292 3517 5351 catholico

1939 5398 2056 5452 hmc
2085 5397 2228 5451 dicta
2267 5396 2395 5461 sint,
2426 5393 2523 5448 illa
2538 5390 2847 5462 signiﬁcant
2871 5405 2971 5459 pro
3012 5388 3327 5443 criminibus
3348 5383 3518 5438 etiam

1940 5487 2277 5559 gravissimis
2305 5484 2676 5556 paenitentiam
2713 5489 2921 5537 secreto
2951 5479 3151 5535 factam
3179 5474 3444 5532 sufﬁcere.
3522 5488 3527 5495 '

2011 5578 2337 5633 Laurentius
2376 5573 2721 5631 Novaricnsis
2758 5572 3040 5642 episcopus
3068 5569 3123 5622 in
3167 5563 3387 5621 bomilia
3447 5560 3520 5619 de

1940 5669 2257 5740 poenitentia
2286 5685 2299 5721 :
2336 5686 2355 5719 ‹
2393 5666 2452 5720 Si
2485 5673 2569 5720 cst
2596 5665 2650 5719 in
2679 5672 2731 5718 te
2758 5661 3067 5734 prudentia,
3108 5658 3154 5713 si
3187 5655 3356 5710 habes
3389 5665 3522 5708 con-

1942 5761 2122 5818 silium
2145 5766 2201 5815 et
2219 5757 2498 5830 proprium
2524 5755 2721 5813 mentis
2741 5751 3022 5810 arbitrium
3051 5766 3065 5803 :
3089 5746 3233 5804 Deus
3252 5745 3308 5803 in
3337 5751 3390 5800 te
3409 5747 3520 5802 est.
