4060 6350
577 315 718 374 M79

1142 278 1492 369 THEODORI
1527 305 1843 363 ARCHIEP.
1885 302 2129 359 CANTUJ

2229 343 2232 353 .
2276 298 2620 357 DOCTRINA
2642 299 2747 355 ’ΒΕ
2781 296 3229 355 ΡΕΕΝΙΤΕΝΤΙΑ

3682 299 3834 357 H80

570 438 688 509 ipse
711 435 809 492 tibi
835 434 941 490 erit
960 434 1300 506 pmnitentia,
1327 440 1382 486 et
1408 430 1525 484 fons
1564 435 1618 483 et
1644 425 1911 496 baptisma
1943 428 1999 476 et
2042 435 2132 474 re-
2162 421 2217 482 Α
2309 416 2600 490 Gregorius
2620 457 2636 484 ,
2667 414 2760 472 lib.
2809 431 2863 471 iv
2903 404 3182 471 Moralium
3211 456 3243 503 ,ί
3278 414 3331 469 in
3352 429 3472 486 cap.
3518 430 3579 470 ιιι
3607 416 3671 470 Β.
3696 414 3831 484 Job,

569 528 778 594 missio,
808 527 899 599 qui
917 541 1189 598 nunquam
1217 525 1270 578 in
1304 532 1357 577 te
1399 537 1505 577 nec
1539 519 1756 585 desinit,
1790 531 1891 572 nec
1936 514 2135 570 deﬁcit.

570 620 708 688 Quid
749 621 1031 692 ambiguus
1072 616 1301 674 aestuas?
1329 614 1466 681 Quid
1515 612 1799 669 resolveris
1848 611 2049 671 animo,
2085 614 2141 662 et

569 714 712 769 inter
742 714 923 784 inepta
960 713 1110 768 taedia
1140 709 1487 768 conscientiae
1526 717 1630 763 tute
1658 706 1911 779 fatigatus
1936 713 2138 774 torpe-

568 806 711 860 scis?
736 806 968 876 peccasti
1001 812 1123 874 post
1150 800 1372 866 fontem,
1403 801 1585 870 lapsus
1609 814 1670 855 es
1706 806 1828 869 post
1851 798 2137 868 baptisma,

569 896 747 953 fecisti
797 899 999 953 crimen
1052 904 1175 966 post
1214 895 1598 973 indulgentiam
1629 895 1955 965 generalem,
2012 891 2143 961 quid

569 1005 713 1045 nunc
736 987 1000 1059 peritjam
1033 988 1189 1059 Spes?
1234 985 1475 1056 nunquid
1511 986 1808 1054 intercepta
1852 993 1936 1039 est
1976 982 2139 1037 retri-

566 1068 815 1135 butio?...
860 1079 938 1134 Ex
965 1079 1057 1135 illa
1107 1079 1192 1135 die
1246 1079 1439 1149 illaque
1466 1079 1601 1134 hora
1644 1093 1748 1147 qua
1779 1090 2029 1146 egressus
2073 1074 2140 1129 de

568 1169 804 1235 lavacro,
834 1170 948 1239 ipse
975 1170 1072 1224 tibi
1092 1184 1152 1224 es
1173 1167 1292 1224 fons
1311 1168 1477 1240 jugis,
1502 1176 1558 1222 et
1590 1166 1842 1222 diuturna
1868 1165 2133 1219 remissio.

565 1260 683 1316 Non
703 1277 839 1332 opus
859 1262 1026 1318 habes
1048 1261 1289 1327 doctore,
1312 1276 1413 1317 nec
1439 1259 1630 1315 dextra
1675 1242 1991 1315 sacerdotis.
2016 1257 2138 1313 Mox

563 1362 624 1409 ut
644 1352 931 1409 ascendisti
960 1353 1027 1413 de
1069 1368 1225 1411 sacro
1254 1352 1422 1419 fonte,
1450 1351 1676 1407 vestitus
1716 1367 1775 1406 es
1799 1358 1948 1406 veste
1993 1349 2133 1417 alba,

562 1456 619 1505 et
668 1456 863 1505 unctus
895 1463 954 1507 es
979 1455 1251 1519 unguento
1282 1447 1511 1518 mystico
1543 1464 1555 1500 :
1589 1445 1729 1501 facta
1769 1452 1853 1499 est
1900 1459 2061 1513 super
2085 1451 2138 1498 te

564 1539 849 1605 invocatio,
881 1548 935 1594 et
971 1541 1120 1595 venit
1168 1555 1329 1611 super
1372 1547 1426 1595 te
1452 1538 1592 1593 trina
1640 1538 1831 1600 virtus,
1877 1551 1996 1607 qua:
2042 1550 2137 1589 vas

562 1647 759 1687 novum
786 1633 890 1691 hac
910 1647 1047 1691 nova
1080 1630 1317 1702 perfudit
1357 1630 1618 1686 doctrina.
1650 1627 1856 1683 Exinde
1908 1627 2136 1695 teipsum

562 1725 751 1781 statuit
772 1724 869 1780 tibi
891 1722 1127 1792 iudicem
1175 1730 1232 1778 et
1256 1721 1549 1785 arbitrum;
1582 1718 1833 1788 deditque
1860 1717 1955 1770 tibi
1997 1716 2138 1771 noti—

560 1819 711 1880 tiam,
731 1830 791 1873 ut
811 1818 987 1890 possis
1011 1832 1078 1872 ex
1100 1824 1151 1873 te
1174 1817 1383 1871 discere
1400 1814 1598 1871 bonum
1623 1820 1677 1866 et
1698 1811 1897 1865 malum
1921 1828 1933 1863 :
1959 1809 2010 1864 id
2026 1816 2132 1875 est,

562 1909 702 1963 inter
746 1910 999 1964 meritum
1041 1916 1096 1962 et
1121 1915 1423 1977 peccatum.
1456 1903 1523 1958 Et
1564 1902 1690 1974 quia
1736 1917 1842 1957 non
1893 1909 2131 1973 poteras,

558 2014 785 2055 manens
838 1999 894 2054 in
944 1996 1202 2055 membris
1273 1995 1619 2066 corporisque
1693 2008 1949 2064 compage
1998 1992 2137 2048 liber

558 2089 792 2145 existere
820 2104 849 2142 a
880 2098 1124 2158 peccato,
1176 2087 1539 2155 immunisque
1587 2099 1706 2140 esse
1748 2100 1778 2137 a
1808 2099 1971 2150 noxa,
2013 2091 2137 2153 post

558 2177 822 2249 baptisma
852 2179 1151 2237 remedium
1179 2184 1328 2231 tuum
1370 2175 1424 2229 in
1452 2182 1503 2231 te
1530 2173 1646 2243 ipso
1695 2174 1902 2237 statuit,
1944 2173 2135 2227 remis-

558 2269 766 2325 sionem
794 2270 850 2323 in
878 2268 1107 2325 arbitrio
1133 2276 1227 2322 tuo
1252 2266 1456 2337 posuit,
1482 2273 1544 2319 ut
1582 2282 1690 2323 non
1718 2280 1927 2335 quaeras
1957 2279 2133 2319 sacer-

557 2362 759 2428 dotem,
792 2376 916 2417 cum
945 2360 1240 2415 necessitas
1288 2355 1682 2428 elllagitaverit.
1737 2356 1845 2412 Sed
1883 2357 1995 2427 ipse
2016 2355 2131 2425 jam

557 2468 623 2508 ac
641 2452 687 2507 si
714 2451 881 2507 scitus
918 2451 1343 2522 perspicuusque
1392 2449 1650 2521 magister
1690 2464 1931 2504 errorem
1983 2457 2137 2503 tuum

557 2544 702 2599 intra
752 2550 805 2598 te
854 2541 1125 2608 emendes,
1167 2548 1219 2597 et
1263 2549 1548 2613 peccatum
1598 2549 1747 2595 tuum
1798 2540 2133 2611 paenitudine

559 2633 764 2689 abluas.
815 2632 1001 2703 Itaque
1047 2632 1256 2697 desinat
1307 2632 1526 2699 duritia,
1577 2639 1752 2686 cesset
1806 2630 2129 2702 desperatio,

559 2725 768 2782 desinat
812 2727 1044 2799 ignavia,
1095 2726 1214 2781 fons
1253 2741 1527 2797 nunquam
1576 2725 1774 2789 deﬁcit,
1798 2741 1935 2796 aqua
1990 2726 2135 2782 intus

555 2824 639 2872 est
667 2835 679 2870 :
712 2815 985 2872 ablutioin
1011 2817 1235 2871 arbitrio
1264 2823 1349 2871 est
1377 2836 1389 2868 :
1430 2816 1787 2871 sanctiﬁcatio
1812 2816 1866 2871 in
1911 2816 2131 2871 solertia

554 2915 659 2975 est,
692 2906 941 2962 remissio
968 2907 1025 2961 in
1050 2922 1174 2962 rore
1193 2904 1572 2977 lacrymarum.
1616 2906 1791 2960 Nolite
1838 2906 2046 2962 solvere
2076 2908 2132 2962 in

555 3000 839 3072 segnitiem
863 3019 876 3053 :
908 2994 1028 3054 fons
1053 3007 1137 3055 est
1169 3000 1225 3054 in
1249 2999 1466 3054 homine
1490 3007 1843 3053 conservatus
1866 3008 2131 3070 perpetua

552 3092 850 3164 pteuitudo.
877 3089 954 3145 lbi
981 3099 1067 3147 est
1096 3090 1414 3162 poenitentia
1450 3088 1518 3143 ad
1542 3104 1729 3145 vocem
1752 3089 2006 3159 Baptistae
2034 3090 2127 3160 qui
2150 3129 2201 3192 Ο

550 3185 631 3241 sic
651 3181 975 3239 vociferatur
1002 3183 1054 3238 in
1076 3196 1277 3249 eremo,
1319 3190 1374 3236 et
1401 3182 1722 3253 penetrabili
1748 3182 1986 3237 clamore
2029 3182 2123 3237 de-

549 3283 723 3332 sertas
755 3275 1035 3330 hominum
1060 3281 1268 3328 mentes
1288 3282 1580 3345 exaggerat
1608 3271 1829 3329 dicens:
1864 3271 2128 3327 Paeniten-

551 3367 679 3420 tiam
729 3363 887 3435 agite,
926 3364 1357 3435 appropinquabit
1413 3364 1549 3417 enim
1594 3380 1809 3433 regnum
1854 3362 2123 3418 calorum.

550 3457 719 3513 Nemo
736 3464 915 3529 potest
940 3456 1159 3528 superni
1188 3454 1398 3526 imperii
1434 3455 1639 3511 habere
1668 3455 1894 3524 apicem,
1925 3456 2126 3511 habere

550 3551 862 3621 fastigium;
910 3549 1015 3604 nisi
1062 3548 1225 3604 fuerit
1265 3548 1593 3618 poenitentia:
1642 3547 1897 3619 suﬁ‘ragio
1937 3547 2121 3603 fultus.

549 3640 631 3701 Ad
656 3640 805 3713 regni
823 3639 1040 3713 superni
1060 3637 1411 3709 penetrabilia
1425 3653 1529 3693 non
1550 3637 1797 3709 pervenit
1816 3636 2119 3707 quisquam,

549 3733 655 3793 nisi
706 3733 879 3805 egerit
922 3731 1315 3809 paenitentiam.
1369 3729 1583 3798 Repetit
1612 3730 1787 3784 adhuc
1834 3728 2120 3799 Baptista:

548 3824 681 3895 Ego,
712 3824 907 3897 inquit,
929 3823 1144 3896 baptizo
1170 3837 1267 3877 ves
1295 3836 1430 3891 aqua
1446 3821 1500 3875 in
1521 3821 1889 3892 pmnitentiam
1908 3837 1922 3886 ;
1942 3821 2035 3875 sed
2049 3820 2126 3874 al-

548 3924 631 3973 ter
650 3924 734 3971 est
752 3924 873 3987 post
902 3931 987 3970 me
1007 3915 1249 3979 veniens,
1272 3914 1366 3984 qui
1389 3928 1487 3969 vos
1513 3913 1808 3985 baptizabit
1834 3915 1887 3969 in
1919 3912 2125 3984 Spiritu

548 4015 735 4063 sancto
758 4016 814 4062 et
837 4008 966 4080 igni.
995 4008 1115 4063 Noli
1146 4015 1203 4061 tu
1232 4007 1342 4076 jam
1372 4022 1614 4078 qumrere
1644 4022 1815 4076 neque
1862 4004 2124 4063 Joannem

547 4114 723 4170 neque
748 4098 1055 4154 Iordanem.
1081 4099 1200 4171 Ipse
1239 4099 1335 4152 tibi
1363 4107 1479 4153 esto
1507 4099 1766 4169 Baptista.
1790 4097 2031 4153 Pollutus
2066 4113 2126 4153 es

546 4198 669 4261 post
695 4190 988 4255 lavacrum,
1019 4189 1208 4243 vitiata
1231 4196 1357 4243 sunt
1379 4188 1587 4243 viscera
1610 4196 1721 4254 tua,
1758 4188 2124 4243 contaminata

547 4289 631 4343 est
658 4282 869 4337 anima?
897 4280 1064 4350 Tinge
1094 4289 1147 4336 te
1197 4279 1253 4334 in
1305 4294 1444 4352 aqua
1483 4278 1834 4349 paenitentiae,
1872 4277 2027 4333 ablue
2071 4287 2124 4333 te

486 4362 493 4365 ’
547 4371 873 4427 abundantia
906 4370 1285 4449 lacrymarum,
1328 4371 1588 4425 exuberet
1610 4369 1731 4425 fons
1756 4370 2123 4440 compunctio-

2243 526 2362 582 cap.
2413 510 2527 565 15:
2575 530 2593 561 ι
2639 509 2697 564 In
2744 507 2997 561 tenebras
3041 521 3171 577 ergo
3214 492 3358 560 diem
3384 505 3835 572 vertimus,-cum

2243 600 2601 671 nosmetipsos
2644 598 2887 653 districte
2936 597 3243 667 punientes,
3281 595 3397 665 ipsa
3443 595 3837 651 delectationis

2242 712 2419 768 pravae
2447 694 2811 749 blandimenta
2839 708 2938 763 per
2966 693 3211 747 districta
3232 692 3564 762 poenitentia:
3585 691 3838 747 lamenta

2242 789 2565 853 cruciamus,
2596 792 2653 842 et
2690 801 2811 841 cum
2856 783 3032 840 ﬂendo
3061 784 3414 854 insequimur,
3462 784 3725 855 quidquid
3772 785 3841 838 in

2242 878 2403 933 corde
2452 876 2605 932 taciti
2652 890 2717 931 ex
2749 876 3106 931 delectatione
3127 891 3436 946 peccamus.
3487 874 3626 944 Quia
3678 876 3837 930 enim

2243 966 2412 1021 ﬁdelis
2435 969 2663 1036 quisque
2707 966 3061 1037 cogitationes
3087 966 3143 1019 in
3174 964 3379 1036 judicio
3408 964 3621 1034 exquiri
3651 964 3840 1019 subti—

2241 1059 2364 1113 liter
2398 1075 2503 1113 non
2542 1060 2773 1130 ignorat,
2826 1057 2990 1114 Paulo
3037 1066 3349 1123 attestante,
3397 1057 3491 1127 qui
3517 1057 3597 1111 ait
3630 1076 3645 1110 :
3683 1057 3839 1111 inter

2241 1166 2299 1206 se
2344 1150 2575 1205 invicem
2625 1149 3013 1222 cogitationum
3056 1149 3427 1204 accusantium
3457 1190 3473 1215 ,
3510 1156 3607 1203 aut
3658 1149 3834 1202 etiam

2241 1240 2671 1308 defendentium;
2697 1242 3043 1312 semetipsum
3067 1241 3334 1297 introrsus
3360 1240 3686 1305 discutiens,
3704 1248 3835 1293 ante

2233 1332 2493 1402 judicium
2527 1333 2877 1388 vehementer
2919 1332 3214 1399 examinat,
3262 1339 3323 1386 ut
3346 1328 3633 1386 districtus
3657 1327 3834 1398 iudex

2238 1442 2303 1482 eo
2319 1426 2431 1497 jam
2455 1425 2793 1497 tranquillius
2832 1423 3034 1489 veniat,
3054 1438 3167 1494 quo
3195 1430 3405 1477 reatum
3451 1436 3635 1486 suum,
3665 1434 3833 1490 quem

2238 1511 2506 1567 discutere
2551 1508 2771 1581 appetit,
2796 1509 2907 1579 jam
2946 1525 3045 1580 pro
3074 1504 3228 1578 culpa
3259 1507 3507 1579 punitum
3554 1508 3755 1562 cernit.
3800 1525 3825 1559 ι

2238 1601 2442 1656 Deinde
2486 1601 2629 1656 hanc
2655 1598 3029 1671 pmnitentlam
3058 1606 3270 1656 secreto
3312 1598 3520 1654 factam
3552 1598 3829 1665 sullicere,

2239 1690 2372 1746 satis
2409 1702 2677 1761 superque
2706 1686 2991 1747 confirmat
3019 1690 3354 1762 comparatio
3391 1704 3558 1760 quam
3604 1696 3833 1743 sanctus

2168 1773 2212 1831 Β
2239 1780 2532 1853 Gregorius
2562 1782 2617 1837 in
2644 1790 2758 1837 toto
2784 1778 2960 1852 capite
2987 1780 3232 1852 sequenti
3262 1778 3497 1836 instituit
3530 1781 3680 1835 inter
3706 1795 3829 1849 pte-

2236 1872 2517 1930 nitentiam
2546 1886 2667 1946 quae
2705 1872 2796 1931 det
2837 1872 3070 1929 maxime
3113 1872 3327 1943 publica
3357 1872 3411 1926 iu
3459 1872 3547 1927 die
3589 1871 3828 1927 extremi

2226 1963 2441 2033 judicii,
2479 1972 2533 2020 et
2574 1965 2735 2020 aliam
2765 1972 3115 2036 spontaneum
3145 1978 3265 2035 quae
3308 1970 3437 2017 tunc
3466 1962 3519 2016 in
3572 1963 3680 2016 hac
3710 1962 3824 2016 vita

2234 2056 2412 2126 agitur
2438 2070 2469 2110 a
2498 2054 2766 2127 plurimis,
2798 2054 2890 2127 qui
2916 2054 3060 2110 intra
3089 2054 3330 2110 latebras
3357 2053 3701 2108 conscientia:
3730 2068 3820 2109 se-

2233 2150 2492 2220 metipsos
2520 2147 2836 2218 diiudicant,
2866 2156 2925 2204 ut
2950 2164 3057 2203 non
3082 2149 3274 2218 utique
3301 2146 3354 2203 iu
3379 2145 3459 2201 die
3477 2145 3803 2200 manifesta-

2233 2243 2396 2298 tionis
2427 2258 2458 2297 a
2489 2243 2717 2297 Domino
2739 2240 3068 2311 iudicentur.

2300 2331 2598 2404 Gregorius
2622 2373 2637 2398 ,
2687 2332 2779 2388 lib.
2821 2326 3113 2386 Pastoralis
3136 2344 3303 2396 curre,
3332 2314 3473 2399 part.
3498 2342 3587 2393 ιιι,
3615 2327 3815 2382 admo-

2232 2426 2333 2480 nit.
2366 2426 2398 2482 8
2431 2444 2443 2479 :
2480 2444 2498 2477 ι
2527 2424 2699 2480 Aliter
2737 2422 3058 2480 admonendi
3094 2430 3218 2478 sunt
3259 2420 3621 2492 impudentes,
3651 2424 3823 2489 atque

2235 2518 2397 2573 aliter
2440 2519 2753 2574 verecundi.
2800 2514 2924 2573 illos
2952 2528 3185 2585 namque
3213 2513 3283 2569 ab
3312 2511 3664 2583 impudentiae
3688 2509 3826 2564 vitio

2233 2626 2341 2666 non
2398 2610 2504 2666 nisi
2556 2609 2855 2679 increpatio
2899 2610 3030 2664 dura
3075 2606 3386 2678 compescit.
3446 2604 3590 2660 Istos
3638 2612 3823 2658 autem

2234 2702 2550 2774 plerumque
2573 2702 2639 2757 ad
2662 2702 2855 2757 melius
2885 2700 3193 2757 exhortatio
3221 2696 3465 2755 modesta
3513 2696 3817 2767 componit.

2234 2793 2315 2849 Illi
2345 2808 2403 2849 se
2429 2793 2742 2863 delinquere
2768 2792 3037 2856 nesciunt,
3068 2791 3174 2846 nisi
3198 2790 3361 2847 etiam
3388 2806 3419 2843 a
3451 2789 3715 2860 pluribus
3744 2788 3825 2842 in-

2234 2895 2526 2958 crepentur
2574 2905 2587 2941 :
2633 2886 2753 2942 istis
2780 2883 3097 2955 plerumque
3132 2880 3199 2939 ad
3233 2882 3657 2938 conversionem
3715 2876 3824 2933 suf-

2234 2980 2348 3036 ﬁcit
2375 2979 2519 3053 quod
2551 2979 2631 3035 eis
2658 2980 2849 3035 doctor
2876 2977 3017 3032 mala
3047 2990 3143 3032 sua
3172 2975 3364 3031 saltem
3388 2968 3597 3029 leniter
3614 2971 3688 3026 ad
3715 2986 3824 3026 me-

2235 3073 2465 3128 moriam
2492 3071 2723 3127 reducit.
2747 3068 2873 3124 illos
2899 3066 3091 3124 melius
3123 3066 3348 3136 corrigit
3376 3063 3470 3134 qui
3510 3060 3820 3118 invehendo

2233 3160 2611 3239 reprehendit;
2644 3165 2763 3219 istis
2788 3172 2969 3218 autem
3006 3160 3180 3230 major
3203 3158 3482 3232 profectus
3505 3157 3817 3222 adducitur,

2229 3258 2275 3311 si
2296 3257 2400 3311 hoc
2422 3256 2563 3326 quod
2587 3255 2639 3309 in
2662 3254 2742 3309 eis
2762 3252 3189 3325 reprehenditur,
3216 3249 3370 3320 quasi
3396 3264 3464 3304 cx
3492 3244 3674 3303 latere
3704 3257 3816 3301 tan-

2226 3356 2404 3421 gatur.
2438 3347 2589 3417 Quod
2619 3353 2805 3417 postea
2854 3336 3091 3400 ostendit
3120 3342 3365 3413 exemplo
3398 3340 3499 3397 Dei
3550 3350 3606 3397 et
3636 3338 3807 3404 Pauli;

2228 3440 2486 3513 cujusque
2507 3439 2761 3509 reilhauc
2784 3434 2945 3493 aliert
2973 3436 3258 3499 rationem,
3289 3440 3348 3488 ut
3373 3434 3575 3505 inquit,
3618 3442 3678 3489 et
3698 3433 3813 3488 illo.

2227 3549 2347 3588 mm
2375 3533 2562 3603 culpas
2584 3530 2884 3601 increpatio
2929 3528 3060 3584 dura
3085 3528 3381 3598 detegeret,
3411 3533 3467 3580 et
3495 3526 3699 3581 horum
3728 3540 3820 3580 ne—

2227 3624 2538 3696 gligentiam
2580 3621 2797 3677 mollior
2844 3634 3023 3676 sermo
3062 3618 3284 3673 velaret.
3322 3637 3341 3669 »
3374 3610 3600 3672 Publica
3650 3616 3818 3687 igitur

2226 3716 2542 3787 pcenitentia
2589 3713 2989 3784 impudentibus
3054 3708 3362 3765 necessaria
3413 3714 3518 3772 est,
3577 3718 3813 3778 quorum

2228 3809 2454 3864 crimina
2478 3807 2849 3877 increpatione
2892 3804 3025 3860 dura
3055 3804 3410 3874 deteguntur;
3434 3798 3653 3855 occulta
3685 3812 3816 3853 vero

2224 3897 2542 3970 pmnitentia
2576 3894 2773 3951 suﬁicit
2807 3893 3128 3949 verecundis
3162 3905 3391 3963 quorum
3419 3897 3649 3961 peccata
3678 3888 3817 3942 mol-

2226 3990 2346 4045 liori
2375 4004 2622 4044 sermone
2648 3985 2913 4041 velantur.

2295 4081 2353 4137 In
2393 4082 2756 4137 admonitione
2776 4080 2845 4137 30
2872 4100 2884 4134 :
2916 4099 2935 4133 ‹
2974 4079 3128 4151 Smpe
3152 4078 3297 4134 enim
3324 4076 3642 4133 misericors
3667 4075 3812 4132 Deus

2224 4189 2290 4229 eo
2317 4174 2480 4230 citius
2526 4182 2749 4244 peccata
2783 4171 2963 4228 cordis
3021 4170 3210 4237 abluit,
3263 4184 3369 4241 quo
3412 4168 3529 4224 haec
3557 4168 3716 4223 exire
3740 4166 3811 4224 ad

2223 4283 2389 4338 opera
2440 4282 2544 4321 non
2570 4265 2832 4338 permittit
2860 4282 2873 4320 :
2904 4271 2959 4318 et
2981 4263 3215 4334 cogitata
3241 4260 3480 4331 nequitia
3504 4268 3714 4330 quanto
3732 4260 3814 4315 ci-

2225 4361 2331 4416 tius
2357 4344 2607 4425 solvitur,
2646 4358 2771 4428 quia
2818 4354 3010 4412 eﬂectu
3062 4354 3239 4427 operis
3264 4353 3564 4409 districtius
3590 4369 3702 4408 non
3742 4352 3812 4407 li-

547 4462 633 4521 nis
652 4463 707 4517 in
727 4462 868 4518 extis
909 4440 1062 4517 tuis:
1093 4461 1367 4517 exundent
1389 4477 1545 4533 aqua).
1564 4460 1699 4516 vivm
1729 4461 1782 4515 in
1820 4459 1970 4516 ﬁbris
1991 4461 2115 4516 tuis.

2229 4459 2402 4521 gatur.
2438 4449 2589 4505 Unde
2633 4455 2782 4527 recte
2824 4462 2923 4519 per
2966 4440 3311 4500 Psalmistam
3360 4443 3601 4499 dicitur:
3632 4442 3805 4497 Dixi:

546 4553 684 4611 Para
710 4562 764 4609 te
783 4552 1017 4608 venienti
1053 4552 1303 4619 Domino,
1333 4561 1387 4608 et
1418 4554 1532 4624 ipse
1574 4551 1871 4620 baptizabit
1899 4552 1953 4606 in
2000 4551 2120 4623 Spi-

546 4645 657 4705 ritu
690 4654 876 4702 sancto
918 4652 975 4701 et
1000 4644 1135 4717 igni,
1194 4644 1400 4700 habens
1450 4642 1811 4698 ventilabrum
1858 4641 1911 4695 in
1956 4658 2120 4698 manu

547 4757 643 4798 sua
668 4760 682 4796 :
709 4740 852 4813 quod
890 4746 973 4797 est
1002 4739 1266 4811 inspectio
1301 4738 1385 4792 vel
1413 4735 1728 4808 ponderatio
1770 4734 2119 4802 paenitudinis

547 4849 615 4890 ac
654 4832 884 4904 peccati.
914 4832 1034 4901 ipse
1065 4828 1351 4903 perpendit
1372 4828 1428 4881 in
1454 4835 1508 4879 te
1556 4832 1849 4893 utrumque
1874 4826 2115 4894 pondus;

544 4926 661 4997 ipse
683 4923 943 4995 conspicit
960 4923 1017 4978 in
1061 4930 1116 4977 te
1140 4919 1355 4982 molem,
1392 4925 1449 4971 et
1468 4914 1663 4970 molem
1708 4932 1721 4971 :
1754 4930 1918 4970 unam
1947 4906 2138 4986 paeni?

545 5017 760 5085 tentiae,
816 5030 981 5070 unam
1029 5010 1366 5087 pestilentia.
1415 5007 1485 5063 Et
1522 5006 1852 5078 paenitentiae
1898 5007 2121 5077 quidem

545 5110 771 5177 fructus,
797 5123 864 5165 ac
893 5109 941 5162 si
974 5106 1232 5166 triticum,
1260 5101 1501 5174 congerit
1526 5100 1580 5155 in
1604 5108 1752 5156 tuum
1772 5099 2070 5170 profectum
2097 5115 2113 5154 :

541 5209 765 5272 peccata
788 5212 919 5254 vero
937 5204 1047 5265 tua,
1074 5195 1230 5268 quasi
1256 5192 1573 5267 pestilentiae
1610 5192 1814 5262 paleas,
1850 5191 2118 5248 comburit

544 5292 655 5364 igni
703 5289 1140 5360 inexstinguibili.
1170 5286 1297 5342 Haec
1327 5296 1408 5342 est
1434 5286 1644 5357 privata
1675 5284 1921 5340 remissio
1947 5325 1963 5351 ,
1991 5284 2114 5340 inti-

541 5396 633 5448 mo
652 5380 815 5437 corde
833 5386 1146 5449 provocata,
1169 5386 1223 5433 et
1242 5377 1576 5449 paenitudine
1607 5376 1888 5448 acquisita.
1928 5396 1947 5428 ι
1974 5375 2118 5443 Quot

540 5473 728 5542 verba,
756 5481 838 5529 tot
863 5480 1201 5542 argumenta,
1231 5472 1424 5543 quibus
1461 5474 1719 5544 probatur
1738 5470 2114 5542 paenitentiam

539 5581 638 5640 pro
693 5565 1009 5625 criminibus
1067 5564 1295 5621 occultis
1328 5574 1535 5620 secreto
1590 5564 1790 5619 factam
1844 5562 2113 5628 sufﬁcere,

538 5665 702 5730 atque
725 5673 931 5719 morem
966 5656 1227 5714 Ecclesiae
1271 5655 1438 5715 fuisse
1480 5658 1545 5714 de
1598 5657 1838 5728 peccatis
1889 5655 2116 5712 occultis

538 5765 753 5825 metu
787 5750 1109 5829 pmitendi.

2223 4541 2585 4613 pronuntiabo
2626 4540 2899 4594 adversum
2924 4554 3007 4593 me
3043 4536 3333 4608 injustitias
3360 4551 3509 4592 meas
3550 4533 3811 4604 Domino,

2222 4646 2270 4690 et
2320 4646 2375 4688 tu
2403 4632 2645 4688 remisisti
2675 4633 2989 4705 impietatem
3020 4628 3199 4684 cordis
3226 4628 3347 4683 mei.
3396 4627 3500 4694 Qui
3525 4627 3675 4682 enim
3705 4629 3813 4682 im-

2222 4727 2477 4797 pietatem
2530 4722 2707 4778 cordis
2744 4720 3004 4783 subdidit,
3052 4720 3181 4789 quia
3208 4719 3594 4790 cogitationum
3639 4718 3815 4788 injus.

2224 4820 2372 4874 titias
2401 4816 2753 4890 pronuntiare
2777 4815 2937 4870 vellet
2978 4812 3258 4869 indicavit.
3281 4808 3524 4885 Denique
3543 4812 3642 4876 ait,
3677 4829 3809 4884 pro-

2223 4912 2484 4966 nuntiabo
2505 4910 2790 4965 adversum
2806 4922 2892 4963 me
2911 4906 3206 4978 injustitias
3224 4920 3390 4959 meas.
3418 4903 3669 4976 Dumque
3688 4905 3763 4959 ait
3788 4920 3806 4959 :

2222 5005 2366 5071 Dixi,
2393 5001 2783 5067 Prouuntiabo,
2831 5007 2993 5069 atque
3017 4997 3159 5053 illico
3183 4994 3446 5066 adjunxit,
3479 5006 3529 5050 et
3565 5005 3623 5049 tu
3654 5013 3811 5050 remi-

2218 5098 2357 5165 sisti,
2399 5110 2561 5168 quam
2601 5095 2671 5150 sit
2710 5107 2873 5164 super
2901 5092 3018 5147 haec
3044 5087 3217 5144 facilis
3255 5087 3411 5143 venia
3444 5086 3704 5143 ostendit.
3732 5086 3807 5142 Et

2219 5188 2348 5244 dum
2385 5202 2442 5244 se
2469 5188 2645 5243 adhuc
2680 5168 2865 5256 petere
2890 5181 3176 5254 promittit,
3207 5181 3311 5238 hoc
3341 5178 3484 5251 quod
3530 5190 3719 5250 petere
3742 5195 3808 5235 se

2214 5280 2581 5351 promittebat,
2624 5276 2858 5333 obtinuit
2886 5292 2898 5327 :
2934 5283 3199 5345 quatenus
3216 5272 3343 5344 quia
3371 5288 3544 5343 usque
3569 5273 3640 5327 ad
3665 5286 3809 5343 opus

2218 5387 2327 5428 non
2348 5380 2574 5428 venerat
2608 5369 2782 5440 culpa,
2816 5381 2985 5438 usque
3022 5365 3088 5421 ad
3117 5366 3415 5421 cruciatum
3446 5380 3554 5420 non
3598 5379 3804 5435 perve-

2216 5465 2359 5520 niret
2384 5463 2724 5534 poenitentia,
2755 5458 2849 5515 sed
2893 5459 3126 5527 cogitata
3155 5456 3373 5515 afﬂictio
3406 5464 3645 5511 mentem
3684 5463 3807 5511 ter-

2217 5565 2388 5628 geret,
2419 5569 2582 5624 quam
2607 5552 2863 5607 nimirum
2887 5548 3257 5605 tantummodo
3279 5545 3515 5617 cogitata
3539 5545 3807 5617 iniquitas

2219 5652 2570 5722 inquinasset.
2614 5668 2631 5702 ι

2288 5744 2347 5798 1n
2401 5740 2767 5798 admonitione
2808 5740 2879 5799 32
2928 5754 2946 5799 :
3005 5755 3025 5791 ι
3074 5737 3420 5810 Rursumque
3470 5732 3807 5801 adnioncndi
