4060 6350
261 329 403 392 1181

1112 332 1201 387 AB
1238 332 1404 389 OMNI
1442 332 1808 389 NOVITATIS
1848 334 2247 392 SUSPICIONE
2287 338 2669 395 VINDICATA.

3372 346 3513 406 H82

262 458 416 516 sunt,
454 457 515 505 ut
540 451 587 505 si
614 449 736 505 mali
790 465 908 505 esse
936 465 1040 505 non
1072 461 1334 515 metuunt,
1374 453 1695 508 erubescant
1745 451 1844 507 sal-
1867 453 1916 509 Δ
1946 455 2085 519 dico,
2116 457 2365 511 omnibus
2390 457 2543 515 vobis
2569 458 2689 511 dico
2718 475 2730 510 :
2765 457 2996 524 clericis,
3036 459 3189 515 laicis
3216 476 3283 517 ac
3304 464 3509 521 sancti-

263 555 379 603 tem
407 546 579 601 videri
608 546 752 615 quod
793 553 935 600 sunt.
994 544 1310 616 Plerumque
1340 546 1481 601 enim
1528 546 1684 617 culpa
1713 547 1840 601 dum
1938 545 2260 601 monialibus
2289 566 2301 599 :
2330 554 2389 601 ut
2414 547 2675 615 quidquid
2705 563 2764 601 se
2803 549 2992 603 recolit
3017 550 3251 623 invidiae,
3289 562 3381 607 aut
3411 554 3506 612 de—

264 637 638 702 absconditnr,
685 637 993 709 emigatur:
1038 638 1164 708 quia
1200 639 1325 693 dum
1364 654 1515 693 mens
1566 638 1842 694 erubescit

262 732 449 787 videri
482 732 624 802 quod
662 739 843 786 tamen
867 745 985 787 esse
1008 746 1115 785 non
1147 732 1345 797 timuit,
1371 732 1640 787 erubescit
1674 746 1843 800 quan-

264 822 445 895 doque
490 836 608 877 esse
642 822 788 891 quod
820 821 956 891 fugit
1002 820 1193 876 videri.
1233 843 1251 875 ι
1285 822 1376 878 Sic
1401 824 1645 893 pluribus
1694 824 1845 878 testi-

264 914 466 970 moniis
492 914 699 969 delarat
722 918 938 968 sanctus
958 912 1246 984 Gregorius
1272 917 1589 972 verecundis
1613 930 1843 985 quorum

258 1015 493 1079 peccata
523 990 732 1061 occulta
778 1015 922 1071 sunt,
958 1008 1332 1076 paenitentiam
1382 1018 1592 1065 secreto
1645 1010 1843 1065 factam

264 1107 580 1169 competere
610 1105 769 1169 atque
799 1096 1066 1163 sufficere,
1109 1106 1163 1152 et
1192 1098 1312 1153 ideo
1358 1115 1562 1155 morem
1590 1101 1844 1157 Ecclesiaa

264 1186 436 1244 fuisse
460 1188 525 1242 de
546 1186 785 1257 peccatis
812 1186 1035 1241 occultis
1060 1194 1269 1243 secreto
1292 1188 1608 1259 paenitendi.

240 1280 249 1283 “
338 1276 592 1341 Joannes,
613 1277 779 1332 abbas
802 1277 1023 1340 Raithu,
1043 1278 1108 1332 ad
1133 1294 1292 1348 quem
1321 1281 1535 1349 scripsit
1563 1282 1841 1351 epistolam

264 1365 506 1423 Joannes
532 1364 822 1432 Climacus,
855 1367 908 1420 in
934 1368 1045 1421 suis
1076 1367 1310 1423 Scholiis
1354 1372 1421 1425 ad
1440 1372 1684 1441 quintum
1713 1389 1840 1445 gra-

265 1462 397 1518 dum
423 1460 473 1516 Ι.
505 1461 749 1525 Climaci,
775 1470 831 1515 et
865 1462 919 1515 in
944 1461 1060 1516 haec
1090 1464 1252 1517 verba
1286 1481 1297 1515 :
1340 1480 1622 1535 securaque
1662 1466 1843 1535 cujus-

263 1571 365 1627 que
409 1555 494 1609 sui
530 1570 676 1608 cura.
721 1571 740 1604 ι
777 1552 933 1620 Quia,
969 1552 1157 1622 inquit,
1210 1555 1273 1609 de
1312 1555 1457 1611 nullo
1499 1565 1715 1610 terreno
1747 1572 1842 1612 cu-

262 1651 370 1710 rat,
397 1643 490 1699 sed
517 1658 618 1713 pro
646 1658 703 1698 se
759 1643 859 1697 sibi
906 1643 1155 1710 sollicita,
1206 1648 1475 1714 quomodo
1528 1648 1630 1702 sibi
1672 1648 1842 1703 Deum

264 1734 601 1801 reconciliet,
629 1742 683 1792 et
704 1735 928 1789 salutem
954 1737 1217 1806 perditam
1260 1754 1357 1809 per
1380 1748 1657 1809 peccatum
1688 1741 1841 1797 inve-

1940 635 2243 703 tractionis,
2270 638 2380 692 odii
2404 653 2615 707 quoque
2645 646 2697 692 et
2727 637 3097 695 fornicationis
3118 641 3230 696 sive
3252 643 3508 711 incestus,

1941 727 2024 781 vel
2057 727 2311 799 periurii,
2341 737 2725 785 cmterorumve
2770 731 3022 787 vitiorum
3062 734 3383 805 contagione
3429 745 3511 790 at-

1943 826 2180 885 tactum,
2229 819 2416 875 saltem
2472 822 2630 876 hodie
2661 837 2759 891 per
2793 823 2983 878 divina:
3028 823 3213 880 salutis
3271 826 3510 891 medica-

1943 917 2203 975 mentum,
2226 911 2539 982 inquantum
2552 913 2827 985 praevalet,
2844 930 2902 970 se
2922 915 3209 987 puriﬁcare
3233 926 3508 987 procuret.

1943 1001 2595 1059 Confiteatur'adversum
2636 1022 2693 1059 se
2723 1005 3034 1073 injustitiam
3085 1023 3236 1062 suam
3287 1007 3514 1063 Domino

1942 1102 2003 1148 ut
2049 1096 2290 1150 remittat
2320 1097 2649 1165 impietatem
2673 1098 2850 1153 cordis
2888 1099 2991 1164 sui,
3020 1109 3072 1153 et
3097 1096 3337 1170 reliquiae
3362 1100 3514 1171 cogi-

1942 1187 2207 1241 tationum
2231 1186 2507 1255 cjus’diem
2526 1187 2721 1243 festum
2743 1196 2902 1260 agent
2926 1189 3173 1245 Domino.
3198 1188 3349 1245 Tunc
3368 1192 3515 1249 enim

1943 1277 2182 1347 reliquia}
2225 1278 2562 1347 cogitationis
2613 1279 2755 1333 diem
2804 1278 2998 1337 festum
3047 1290 3214 1352 agunt
3253 1278 3514 1347 Domino,

1943 1372 2155 1440 quando
2198 1379 2450 1439 peccator
2493 1370 2715 1441 quilibet
2743 1380 2862 1443 post
2907 1373 3055 1444 prius
3089 1375 3268 1428 datam
3307 1374 3518 1429 confes-

1943 1460 2169 1535 sionem,
2198 1475 2255 1515 se
2281 1461 2531 1517 cohibere
2559 1462 2839 1533 pollicetur
2866 1463 2933 1519 ab
2962 1464 3246 1535 iniquitate
3274 1480 3371 1519 sua
3390 1506 3404 1531 ,
3434 1474 3516 1520 to-

1944 1562 2135 1623 tusque
2164 1554 2465 1623 prorumpit
2488 1554 2542 1608 in
2564 1554 2831 1626 lacrymas
2852 1563 2906 1609 et
2934 1556 2987 1610 in
3026 1555 3366 1611 affectionem
3390 1571 3514 1612 cor-

1944 1650 2048 1715 dis,
2080 1652 2333 1720 quoniam
2364 1665 2458 1704 cor
2477 1651 2768 1706 contritum
2795 1660 2848 1705 et
2870 1650 3210 1706 humiliatum
3242 1648 3383 1705 Deus
3408 1664 3517 1704 non

1944 1740 2149 1808 spernit
2184 1758 2197 1792 :
2228 1739 2529 1810 hujusmodi
2561 1740 2825 1795 festivitas
2870 1741 3073 1813 angelis
3118 1738 3525 1799 exsultantibus,

258 1827 398 1891 niat,
426 1825 740 1897 paenitendo
768 1832 822 1880 et
858 1802 1088 1898 lugendo
1123 1802 1359 1884 festinat.
1382 1802 1584 1903 'Et‘pro
1610 1849 1667 1888 se
1693 1833 1839 1890 solli-
1873 1802 1925 1863 Β
1948 1802 2026 1895 fit,
2067 1802 2315 1885 Veritate
2346 1838 2635 1887 attestante
2666 1848 2783 1902 qua:
2822 1834 2898 1886 ait
2932 1802 3242 1899 :quoniam
3266 1831 3519 1903 gaudium

265 1916 395 1982 cita,
440 1924 496 1972 et
534 1933 632 1988 pro
658 1933 715 1972 se
750 1916 1039 1988 diiudicata
1068 1919 1159 1981 sit.
1186 1922 1313 1991 quia
1353 1923 1536 1977 omnia
1564 1940 1684 1993 quae
1712 1934 1839 1980 sunt

263 2008 470 2073 mundi,
494 2016 548 2064 et
574 2025 632 2064 se
655 2010 826 2080 ipsum
856 2011 1126 2080 puniendo
1151 2016 1466 2081 contemnit,
1497 2017 1589 2088 qui
1618 2026 1700 2072 est
1726 2034 1841 2087 pna-

263 2101 464 2165 nitens,
512 2107 567 2154 et
589 2101 873 2170 vigilanter
896 2102 965 2157 ab
991 2103 1139 2159 omni
1158 2103 1363 2171 judicio
1390 2122 1446 2162 se
1469 2106 1688 2178 dignum
1719 2126 1840 2166 cer-

264 2195 370 2248 nit.
397 2192 497 2248 Per
519 2208 575 2248 se
597 2192 762 2265 igitur
790 2195 1041 2265 cogitatio
1073 2194 1361 2266 dijudicata
1385 2209 1486 2264 est,
1509 2203 1632 2270 quia
1661 2203 1839 2272 aliquo

269 2284 378 2339 alio
407 2285 473 2340 ad
507 2284 935 2353 dijudicationcm
966 2305 1071 2343 non
1111 2299 1251 2359 eget,
1285 2293 1377 2347 sed
1407 2295 1497 2362 qui
1539 2303 1622 2350 est
1660 2296 1836 2368 paeni-

268 2386 410 2441 tens,
444 2378 556 2449 ipse
582 2379 665 2434 sui
690 2379 860 2449 ipsius
871 2378 1032 2449 judex
1071 2390 1128 2435 ct
1154 2384 1348 2439 vindex
1377 2394 1477 2441 est.
1518 2406 1537 2440 ι

336 2467 560 2541 Eligius,
589 2469 959 2527 Noviomensis
978 2474 1281 2545 episcopus,
1308 2478 1361 2531 in
1392 2478 1611 2533 homilia
1642 2481 1705 2535 de
1730 2479 1840 2535 ﬁlio

262 2562 489 2632 prodigo
522 2576 537 2615 :
572 2580 593 2612 ‹
628 2562 738 2618 Vos
771 2564 932 2619 etiam
953 2607 968 2631 ,
1000 2565 1218 2633 fratres,
1250 2578 1373 2638 post
1402 2572 1835 2647 exhortationem

262 2665 427 2723 quam
449 2652 737 2707 habuimus
763 2653 829 2706 ad
865 2655 1209 2723 pmnitentes,
1246 2674 1455 2714 mecum
1488 2661 1750 2715 admoneo
1780 2669 1840 2715 ut

263 2743 630 2815 unusquisque
672 2753 916 2799 nostrum
949 2757 1194 2801 recurrat
1240 2748 1308 2802 ad
1348 2736 1688 2804 conscientiae
1729 2766 1840 2805 suae

263 2840 492 2900 secreta,
523 2841 576 2885 et
606 2832 900 2903 interroget
921 2835 1267 2904 semetipsum
1291 2838 1520 2906 qualiter
1544 2854 1642 2907 per
1668 2847 1839 2895 totum

264 2940 501 2989 annum,
547 2924 781 2981 maxime
837 2922 924 2979 bis
985 2926 1155 2981 sacris
1206 2928 1432 2995 diebus,
1493 2912 1840 2987 conversatus

260 3026 362 3072 est.
410 3015 475 3071 Et
515 3018 563 3072 si
591 3016 856 3072 invenerit
903 3018 957 3072 in
1000 3019 1161 3073 corde
1211 3034 1311 3073 suo
1356 3020 1538 3090 spinas
1584 3022 1838 3077 ettribu-

262 3108 347 3162 los
374 3107 712 3175 delictorum,
762 3109 977 3163 studeat
1020 3108 1313 3166 auxiliante
1359 3111 1469 3166 Deo
1515 3113 1840 3182 quantocius

263 3200 497 3255 evellere
523 3241 539 3273 ,
584 3209 640 3256 et
670 3200 947 3257 evellendo
976 3202 1281 3265 eradicare,
1326 3202 1516 3272 hisque
1549 3205 1841 3261 eradicatis

264 3291 437 3348 fodiat
457 3306 670 3346 vomere
692 3292 933 3361 salutari,
961 3308 1026 3349 ac
1046 3301 1307 3359 stercora,
1332 3294 1387 3347 id
1409 3301 1511 3359 est,
1542 3294 1683 3349 bona
1710 3310 1843 3367 ope-

268 3401 333 3440 ra
361 3384 647 3451 immittat,
678 3393 735 3440 ut
758 3385 927 3456 possit
952 3385 1131 3441 facere
1166 3384 1401 3440 fructum
1430 3402 1443 3438 :
1476 3392 1529 3439 et
1557 3385 1603 3440 si
1628 3385 1713 3440 vel
1736 3386 1840 3457 hq—

266 3475 355 3531 die
391 3476 596 3546 puriter
623 3475 899 3533 confessus
926 3493 990 3532 ac
1034 3477 1224 3532 devote
1257 3490 1550 3531 conversus
1585 3475 1750 3531 fuerit
1781 3483 1843 3531 ut

264 3569 441 3625 valeat
466 3570 657 3642 dignus
693 3572 956 3626 interesse
999 3570 1326 3626 solemnitati
1374 3572 1659 3641 prmsentis
1710 3572 1836 3637 diei,

263 3679 387 3735 qua:
412 3665 541 3733 quia
582 3665 636 3719 in
670 3680 731 3721 ea
757 3664 1017 3735 Dominus
1042 3679 1167 3741 cum
1196 3663 1456 3735 apostolis
1497 3664 1612 3720 suis
1655 3678 1840 3719 coena—

263 3754 376 3821 vit,
429 3754 595 3812 Cazna
638 3766 881 3813 vocatur.
923 3756 1114 3812 Videat
1166 3768 1508 3827 summopere
1549 3763 1609 3810 ut
1645 3770 1844 3810 sacra-

264 3859 449 3906 menta
497 3850 740 3919 corporis
768 3858 824 3909 et
864 3847 1141 3921 sanguinis
1169 3846 1381 3902 Domini
1416 3846 1573 3917 digne
1600 3846 1842 3913 recipere

266 3951 467 4014 queat;
504 3951 769 4013 quatenus
794 3940 972 4011 potius
999 3939 1225 3994 salutem
1254 3953 1415 4007 quam
1444 3937 1843 3993 damnationem

266 4036 532 4106 acquirat,
584 4044 689 4091 etc.
742 4032 860 4090 Non
911 4048 1040 4103 ergo
1079 4031 1467 4087 abhorreamus
1516 4029 1844 4100 pmnitentes

267 4126 402 4183 istos
427 4135 647 4199 propter
678 4123 1097 4195 magnitudinem
1121 4122 1385 4177 scelerum
1413 4135 1633 4177 suorum
1658 4136 1674 4186 ;
1716 4119 1845 4189 quia

264 4230 447 4295 potest
492 4219 611 4291 ﬁeri
653 4218 796 4289 quod
842 4214 998 4271 multi
1039 4222 1167 4271 sunt
1208 4213 1350 4269 inter
1378 4226 1480 4267 nos
1520 4212 1612 4281 qui
1658 4209 1844 4282 pejora

267 4311 661 4369 commiserint.
708 4326 730 4362 ι
761 4306 941 4375 Quare
965 4305 1132 4378 igitur
1152 4304 1245 4375 qui
1278 4303 1459 4360 forsan
1488 4303 1672 4375 pejora
1700 4317 1846 4357 com-

266 4404 419 4461 misit
459 4417 620 4473 quam
655 4400 975 4471 paenitentes
1000 4396 1220 4468 publici,
1249 4404 1303 4450 et
1344 4394 1437 4464 qui
1467 4395 1523 4448 in
1553 4395 1717 4449 corde
1746 4408 1845 4449 suo

250 4486 457 4569 'spinas
482 4501 537 4548 et
573 4490 799 4546 tribulos
842 4488 1161 4543 delictorum
1212 4486 1448 4551 invenit,
1502 4487 1547 4542 si
1575 4485 1659 4543 vel
1686 4484 1844 4539 hodie

268 4589 480 4661 puriter
505 4583 785 4642 confessus
812 4597 875 4647 ac
905 4582 1097 4636 devote
1124 4593 1418 4635 conversus
1442 4575 1624 4643 fuerit,
1654 4578 1845 4647 dignus

265 4682 413 4736 valet
441 4680 704 4734 interesse
729 4673 1054 4733 solemnitati
1076 4682 1134 4727 et
1154 4671 1371 4742 quidem
1399 4685 1568 4726 coenae
1595 4669 1842 4735 Domini;

266 4770 374 4827 nisi
402 4769 527 4839 quia
556 4782 675 4823 mos
712 4764 969 4821 Ecclesia:
1001 4769 1119 4819 erat
1145 4762 1212 4816 de
1242 4761 1478 4831 peccatis
1506 4759 1732 4817 occultis
1762 4774 1846 4815 se-

267 4869 423 4921 creto
445 4858 785 4931 pmnitendi?

342 4958 401 5012 In
442 4956 663 5013 homilia
702 4954 768 5009 l5
796 4955 862 5011 de
897 4953 1177 5023 utriusque
1216 4952 1341 5024 agni
1377 4950 1655 5007 Paschalis
1695 4963 1790 5005 esu
1824 4962 1840 5000 :

274 5068 295 5103 ι
343 5048 660 5118 Quicunque
701 5061 831 5119 ergo
877 5056 1121 5103 vestrum
1159 5045 1246 5101 bis
1288 5044 1697 5114 quadragenum
1732 5041 1847 5096 die-

270 5158 399 5198 rum
451 5138 923 5197 observationibus
968 5138 1343 5209 paanitentiam
1393 5143 1447 5191 et
1491 5133 1847 5191 confessionis

264 5251 388 5295 suae
440 5234 683 5290 debitum
731 5246 791 5288 se
828 5230 1136 5286 exercuisse
1173 5229 1402 5293 recolit,
1449 5234 1574 5297 agat
1617 5225 1846 5281 Domino

256 5326 478 5402 gratias
507 5342 522 5379 :
554 5335 611 5380 et
647 5321 906 5394 quidquid
946 5321 1204 5393 templum
1252 5320 1347 5375 Dei
1389 5315 1635 5372 violando
1686 5315 1739 5369 in
1787 5328 1846 5369 se

266 5417 636 5482 destruxerit,
673 5430 783 5470 non
812 5414 1089 5483 desperet,
1116 5412 1211 5466 sed
1238 5411 1346 5466 cito
1371 5409 1436 5464 de
1470 5407 1612 5462 malo
1638 5406 1840 5478 iniqui—

254 5512 403 5581 tatis
424 5525 534 5566 sua:
551 5513 861 5579 consurgat.
886 5504 1002 5559 Non
1022 5505 1165 5558 enim
1188 5502 1328 5572 quod
1345 5509 1556 5571 peccat,
1583 5500 1675 5554 sed
1701 5499 1845 5569 quod

269 5604 329 5659 in
357 5608 581 5673 peccato
604 5605 938 5669 perseverat,
968 5594 1076 5649 Deo
1098 5593 1311 5651 odibilis
1339 5601 1440 5647 est.
1474 5592 1545 5647 Ut
1572 5606 1701 5663 ergo
1726 5606 1847 5646 ver-

269 5694 360 5750 bis
391 5692 605 5748 Domini
648 5689 941 5747 secundum
978 5686 1215 5743 Marcum
1257 5692 1413 5749 utar,
1442 5684 1635 5752 quibus
1664 5682 1797 5737 dicit
1826 5698 1839 5734 :

276 5783 436 5855 Quod
473 5785 613 5853 dico,
653 5781 890 5840 omnibus
924 5780 1063 5849 dico,
1100 5777 1306 5851 vigilate
1337 5790 1353 5829 :
1387 5775 1656 5843 similiter,
1705 5773 1848 5844 quod

1945 1921 2103 1975 estin
2145 1920 2269 1975 carlo
2300 1939 2455 1992 super
2484 1940 2587 1975 uno
2610 1933 2877 1992 peccatore
2904 1941 3081 1978 coram
3107 1924 3300 1994 angelis
3327 1923 3446 1976 Dei.
3493 1941 3513 1973 ι

1945 2011 2080 2067 Cum
2126 2027 2249 2065 mox
2296 2021 2511 2067 sanctus
2538 2012 2743 2084 Eligius
2790 2023 3069 2069 convertat
3116 2028 3417 2069 sermonem
3453 2011 3521 2069 ad

1945 2104 2191 2176 publicos
2218 2104 2576 2176 ptenitentes,
2604 2113 2752 2175 patet
2786 2114 3101 2175 peccatores
3128 2102 3368 2160 occultos
3390 2101 3521 2158 allo-

1946 2202 2126 2249 cutum
2148 2209 2286 2261 esse,
2318 2205 2373 2250 et
2403 2211 2496 2250 eos
2549 2195 2764 2266 quidem
2800 2212 2935 2266 quos
2979 2205 3129 2250 notat
3170 2194 3364 2261 incesti
3414 2193 3520 2269 cri-

1944 2301 2066 2339 men
2123 2285 2302 2340 forsan
2357 2285 2993 2355 perpetrasse:aiiirmat
3042 2285 3395 2343 nihilominus
3430 2283 3521 2341 illo

1943 2378 2051 2433 cito
2080 2395 2237 2450 posse
2260 2380 2326 2433 de
2376 2379 2515 2433 malo
2559 2378 2859 2447 iniquitatis
2888 2394 2999 2433 suae
3040 2392 3401 2447 consurgere;
3445 2374 3520 2428 ita

1944 2476 2023 2535 ut,
2057 2467 2101 2524 si
2127 2471 2485 2526 conﬁteantur
2506 2470 2791 2525 adversum
2814 2486 2871 2524 se
2895 2469 3215 2538 injustitiam
3239 2482 3391 2522 suam
3415 2466 3521 2521 Do-

1944 2561 2109 2625 mino,
2144 2561 2259 2630 ipse
2284 2559 2523 2615 remittet
2548 2559 2909 2631 impietatem;
2948 2558 3190 2630 reliquiae
3234 2544 3519 2627 cogitatio-

1945 2668 2073 2707 num
2124 2653 2264 2708 diem
2311 2653 2507 2706 festum
2561 2660 2723 2723 agent
2763 2652 3034 2718 Domino,
3088 2652 3207 2705 haec
3254 2648 3520 2704 festivitas

1945 2743 2149 2815 angelis
2189 2743 2585 2798 exsultantibus
2626 2743 2950 2798 celebranda
2977 2744 3046 2798 sit
3077 2762 3088 2795 :
3118 2750 3278 2813 atque
3301 2740 3404 2797 hoc
3428 2753 3521 2798 eo-

1945 2836 2066 2891 dem
2090 2836 2174 2892 die
2217 2851 2316 2906 per
2341 2836 2537 2891 divinae
2562 2834 2751 2892 salutis
2791 2835 3245 2892 medicamentum
3290 2847 3349 2887 se
3365 2828 3516 2902 puri-

1945 2929 2157 2984 iicatu'ri
2188 2930 2315 2984 sint.

2016 3024 2143 3079 Haec
2184 3032 2308 3079 sunt
2337 3023 2649 3078 testimonia
2690 3020 2909 3076 l‘atrum
2936 3020 3091 3091 juxta
3140 3018 3335 3074 seriem
3386 3024 3522 3071 teni-

1944 3131 2139 3187 porum
2174 3130 2344 3185 usque
2381 3114 2448 3168 ad
2476 3112 2818 3170 Theodorum
2864 3111 3329 3180 archiepiscopum
3376 3107 3517 3171 Can-

1947 3207 2274 3262 tuariensem
2309 3206 2575 3271 deducta;
2620 3220 2739 3275 quae
2782 3204 2962 3258 omnia
3004 3203 3371 3257 demonstrant
3422 3213 3521 3269 pro

1944 3296 2183 3368 peccatis
2223 3295 2448 3351 occultis
2473 3295 2849 3366 paenitentiam
2886 3300 3096 3346 secreto
3124 3291 3325 3347 factam
3370 3287 3518 3343 suili-

1945 3402 2087 3451 cere,
2136 3395 2298 3456 atque
2343 3401 2549 3440 morem
2593 3383 2846 3438 Ecclesia:
2891 3383 3057 3437 fuisse
3101 3380 3169 3436 de
3211 3379 3278 3435 iis
3312 3386 3521 3435 secreto

1943 3477 2258 3548 paenitendi.

2550 3542 2778 3601 CAPUT
2831 3540 2916 3597 in.

1945 3656 2133 3714 Patres
2179 3659 2826 3738 testantucpwnitentiam
2860 3653 3132 3738 publicam.
3162 3668 3257 3738 pro
3284 3649 3519 3738 publicis

2016 3739 2221 3784 tantum
2251 3721 2558 3784 criminibus
2585 3726 2649 3782 ab
2674 3721 2911 3781 Ecclesia
2946 3721 3192 3779 canonice
3212 3721 3378 3789 fuisse
3405 3728 3517 3773 sta-

2015 3810 2205 3856 tutam.

2016 3913 2131 3969 Non
2154 3928 2377 3970 necesse
2423 3921 2512 3970 est
2549 3910 2831 3969 ostendere
2867 3904 3259 3965 Tertullianum
3302 3904 3355 3959 in
3382 3898 3521 3956 libro

1946 4006 2013 4063 de
2037 4004 2362 4061 Poenitentia
2389 4047 2404 4073 ,
2450 4013 2505 4060 et
2547 4002 2875 4076 Cyprianum
2903 4003 2959 4057 in
2987 4001 3099 4057 suis
3143 3996 3411 4069 epistolis,
3454 3993 3523 4050 de

1945 4099 2259 4170 poenitentia
2298 4096 2509 4168 publica
2538 4105 2599 4151 ut
2636 4096 2930 4166 imperata,
2974 4091 3184 4147 nonnisi
3215 4090 3282 4144 ob
3309 4085 3520 4157 publica

1947 4192 2174 4247 crimina
2201 4192 2411 4247 locutos
2437 4205 2577 4246 esse.
2609 4190 2761 4257 Quod
2784 4189 2914 4243 satis
2937 4196 3200 4257 superque
3227 4176 3521 4235 declaravit

1945 4284 2197 4341 Nicolaus
2234 4282 2528 4357 Rigaltius,
2563 4283 2649 4337 vir
2672 4280 2913 4337 omnium
2960 4270 3376 4336 eruditissimus,
3426 4266 3517 4336 qui
3606 4342 3615 4347 ‘

1948 4375 2068 4430 illos
2092 4375 2284 4431 Patres
2313 4375 2426 4431 suis
2455 4373 2597 4429 notis
2620 4368 2927 4427 illustravit.

2017 4467 2276 4537 Origenes
2311 4466 2363 4520 in
2393 4462 2555 4521 Josue
2601 4463 2786 4519 homil.
2823 4458 2886 4515 21
2928 4477 2942 4513 :
2975 4474 2994 4510 ι
3030 4454 3137 4512 Sed
3162 4453 3304 4509 sicut
3325 4448 3521 4505 dicitur

1946 4559 2013 4614 de
2042 4561 2263 4614 zizaniis
2293 4602 2305 4627 ,
2340 4574 2407 4614 ne
2435 4558 2571 4612 forte
2599 4554 2935 4611 eradicantes
2960 4547 3165 4603 zizania
3208 4540 3365 4608 simul
3397 4548 3519 4631 cum

1948 4651 2052 4705 iliis
2095 4651 2379 4705 cradicetis
2416 4658 2470 4704 et
2502 4647 2741 4701 triticum
2778 4662 2789 4696 :
2820 4643 2895 4697 ita
2934 4642 3095 4696 etiam
3123 4646 3285 4706 super
3313 4633 3382 4687 iis
3411 4628 3518 4683 dici

1946 4752 2126 4814 potest
2155 4743 2208 4795 in
2235 4741 2429 4811 quibus
2457 4738 2542 4792 vel
2568 4736 2726 4791 dubia
2753 4732 2838 4790 vel
2872 4728 3081 4789 occulta
3121 4731 3340 4798 peccata
3367 4725 3515 4814 sunt.

1947 4810 2131 4904 Neque
2158 4810 2298 4888 enim
2328 4831 2556 4886 dicimus
2596 4828 2660 4882 de
2687 4828 2752 4882 iis
2777 4825 2865 4895 qui
2899 4819 3182 4878 manifeste
3208 4822 3261 4870 et
3295 4810 3517 4867 eviden-

1947 4933 2031 4980 ter
2056 4922 2330 4979 criminosi
2356 4928 2502 4984 sunt,
2530 4925 2588 4973 ut
2615 4932 2720 4973 non
2743 4915 2809 4970 de
2838 4910 3077 4969 Ecclesia
3104 4904 3457 4978 expellantur.
3494 4918 3513 4950 ι

1949 5015 2017 5069 Ει
2059 5014 2219 5086 paulo
2260 5020 2428 5084 post:
2470 5028 2489 5062 ι
2518 5008 2660 5082 Ergo
2700 5006 2826 5079 quia
2851 5019 2958 5060 non
2996 5011 3283 5073 possumus
3323 4992 3521 5063 ejicere

1951 5109 2082 5165 istos
2119 5108 2210 5178 qui
2237 5108 2356 5179 [nos
2394 5104 2732 5169 conculcant,
2784 5114 2878 5156 eos
2924 5094 3113 5153 saltem
3159 5105 3295 5161 quos
3331 5100 3523 5158 possu-

1950 5217 2091 5269 mus,
2118 5216 2348 5273 quorum
2369 5206 2591 5271 peccata
2617 5193 2901 5250 manifesta
2929 5195 3075 5245 sunt.
3106 5184 3211 5243 Ubi
3231 5183 3373 5240 enim
3397 5190 3522 5251 pec-

1951 5303 2131 5350 catum
2166 5309 2273 5349 non
2301 5300 2386 5349 est
2407 5292 2647 5355 evidens,
2669 5285 2865 5355 ejicere
2894 5282 2959 5338 de
2992 5277 3232 5334 Ecclesia
3254 5272 3521 5329 neminem

1950 5402 2257 5458 possumus,
2298 5399 2367 5440 ne
2398 5382 2539 5439 forte
2564 5378 2899 5437 eradicantes
2927 5369 3159 5434 zizania,
3189 5362 3522 5458 eradicemus

1951 5455 2109 5536 simul
2138 5494 2260 5534 cum
2288 5476 2418 5547 ipsis
2459 5473 2622 5529 etiam
2655 5468 2911 5523 triticum.
2945 5484 2964 5517 ι
2997 5461 3077 5527 Si,
3113 5455 3204 5512 ubi
3241 5455 3522 5524 peccatum

1950 5595 2058 5636 non
2082 5585 2164 5632 est
2194 5576 2431 5638 evidens,
2461 5569 2718 5643 prcesules
2740 5569 2805 5623 de
2832 5561 3071 5621 Ecclesia
3106 5554 3372 5611 neminem
3398 5561 3523 5617 pos-

1956 5680 2081 5730 sunt
2107 5671 2337 5740 ejicere,
2381 5668 2551 5737 liquet
2589 5665 2643 5719 id
2685 5662 2827 5735 quod
2879 5672 3037 5730 supra
3078 5650 3214 5708 dixit
3238 5643 3521 5740 Origenes,

1956 5783 2049 5825 eos
2087 5729 2420 5823 solummodo
2443 5761 2535 5832 qui
2558 5758 2842 5814 manifeste
2867 5760 2922 5810 et
2946 5748 3223 5807 evidenter
3241 5729 3525 5799 criminosi
