4060 6350
605 387 743 450 1185
1174 379 1520 444 THEODOBI
1557 384 1872 444 ARCHIEP.
1915 386 2263 443 CANTUAR.
2304 385 2644 444 DOCTRINA
2686 389 2772 443 DE
2812 388 3262 446 PCENITENTIA
3704 392 3848 454 4188

598 512 725 562 sunt
751 503 818 558 ab
845 501 1085 558 Ecclesia
1110 501 1322 572 expelli,
1344 511 1504 570 atque
1530 501 1650 556 ideo
1673 502 2039 571 paenitentiam
2063 517 2161 571 pu-
2183 507 2234 564 Α
2261 518 2412 555 suam
2440 502 2556 558 loco
2589 506 2774 560 uxoris
2804 506 3053 561 habebat.
3089 506 3149 562 ln
3175 521 3282 577 qua
3310 521 3368 561 re
3398 521 3577 576 neque
3602 509 3847 568 testibus

596 594 794 649 blicam
824 609 923 663 pro
958 593 1183 663 publicis
1219 601 1424 647 tantum
1470 594 1788 650 criminibus
1825 597 1894 650 ab
1921 596 2158 652 Ecclesia
2258 609 2392 662 opus
2416 602 2563 658 erat.
2592 610 2764 666 neque
2790 597 3237 666 tergiversatione
3262 596 3444 668 aliqua
3475 607 3707 669 poterat
3736 603 3844 674 tegi

597 681 765 736 fuisse
795 690 1064 737 statutam.

669 773 925 845 Origenes
964 775 1017 828 in
1045 773 1293 830 Judicum
1330 791 1430 846 cap
1470 793 1529 841 ιι,
1572 778 1756 832 homil.
1798 779 1833 832 2
1866 798 1877 832 :
1916 799 1933 830 ι
1970 780 2056 847 Ει,
2100 789 2160 835 ut

599 863 730 916 mibi
761 863 998 927 videtur,
1038 865 1323 933 dupliciter
1353 868 1516 920 etiam
1562 885 1704 922 nunc
1737 872 2020 924 traduntur
2065 872 2161 926 ho-

601 953 771 1006 mines
797 952 862 1006 de
905 953 1143 1008 Ecclesia
1175 957 1226 1008 in
1253 966 1574 1026 potestatem
1603 959 1788 1014 Zabuli
1823 979 1834 1013 :
1867 977 1975 1016 uno
2001 962 2159 1016 modo

597 1057 702 1111 quo
729 1044 974 1112 superius
1019 1047 1279 1113 diximus,
1321 1065 1442 1104 cum
1485 1051 1736 1105 delictum
1776 1052 1891 1120 ejus
1935 1054 2160 1109 manife-

595 1144 736 1190 stum
764 1135 823 1190 fit
845 1138 1123 1206 Ecclesize,
1155 1150 1209 1195 et
1227 1157 1324 1210 per
1351 1144 1656 1199 sacerdotes
1684 1144 1748 1198 de
1779 1145 2020 1200 Ecclesia
2047 1146 2160 1214 pel-

593 1225 752 1294 litur,
778 1239 837 1283 ut
866 1241 1080 1285 notatus
1109 1235 1176 1286 ab
1214 1235 1462 1289 omnibus
1483 1237 1782 1301 erubescat,
1812 1246 1864 1291 et
1901 1253 2160 1293 converso

593 1320 806 1374 eveniat
852 1320 926 1374 illi
952 1322 1094 1390 quod
1139 1324 1404 1393 sequitur,
1431 1334 1490 1380 ut
1527 1326 1748 1395 spiritus
1769 1327 1948 1381 salvus
1987 1327 2079 1380 fiat
2103 1328 2158 1382 in

596 1411 680 1464 die
697 1411 910 1466 Domini
935 1416 1104 1470 nostri
1125 1414 1251 1470 Jesu
1273 1417 1492 1473 Christi.
1522 1418 1642 1472 Alio
1659 1429 1835 1474 autem
1860 1422 2018 1476 modo
2037 1421 2159 1491 quis

593 1503 822 1557 traditur
847 1504 1067 1570 Zabulo,
1095 1522 1216 1560 cum
1239 1517 1516 1576 peccatum
1541 1507 1656 1577 ejus
1680 1510 2023 1567 manifestum
2050 1528 2159 1567 non

593 1591 654 1646 fit
683 1595 1006 1660 hominibus,
1038 1597 1180 1651 Deus
1205 1607 1383 1652 autem
1411 1600 1502 1669 qui
1530 1600 1675 1655 videt
1702 1601 1754 1654 in
1777 1602 2010 1667 occulto,
2037 1619 2161 1672 per-

593 1685 825 1754 spiciens
860 1685 976 1754 ejus
1001 1695 1234 1742 mentem
1253 1731 1265 1753 ,
1300 1697 1356 1743 et
1381 1691 1613 1744 animam
1641 1693 1787 1747 vitiis
1806 1709 1869 1747 ac
1896 1694 2160 1762 passioni-

591 1774 691 1830 bus
719 1779 1065 1846 servientem,
1095 1791 1150 1836 et
1170 1783 1222 1836 in
1246 1784 1408 1838 corde
1434 1783 1550 1852 ejus
1574 1801 1679 1839 non
1715 1786 1889 1841 solum
1919 1802 2158 1842 amorem

2258 701 2482 740 crimen.
2498 707 2516 738 ι

2327 777 2394 830 Et
2422 778 2474 831 in
2503 778 2894 845 Qiizestionibus
2912 796 2979 836 ex
3004 781 3184 836 Veteri
3206 791 3262 837 et
3281 781 3431 837 Novo
3452 781 3838 850 Testamento,

2258 875 2484 936 utroque
2521 870 2755 934 mixtim,
2794 880 2983 939 quaest.
3019 872 3122 926 l02
3149 890 3162 925 :
3199 892 3217 922 ι
3247 873 3383 926 Hinc
3409 881 3495 928 est
3519 873 3676 927 unde
3703 873 3844 944 Apo-

2258 957 2424 1012 stolus
2447 959 2655 1028 plebem
2687 958 3095 1018 Corinthiorum
3113 963 3320 1032 arguit,
3354 971 3656 1034 propterea
3701 965 3840 1034 quod

2258 1049 2405 1103 illum
2431 1051 2522 1120 qui
2549 1050 2760 1120 publice
2775 1068 2995 1107 uxorem
3036 1055 3206 1124 patris
3236 1055 3488 1120 habebat,
3520 1071 3637 1110 non
3670 1058 3839 1110 corri-

2257 1148 2449 1208 perent
2480 1148 2572 1192 aut
2590 1141 2876 1207 evitarent,
2899 1150 2958 1195 ut
2988 1158 3048 1196 se
3085 1144 3420 1209 emendaret,
3461 1144 3665 1199 dicens
3692 1159 3708 1198 :
3738 1145 3839 1201 Ne-

2257 1232 2402 1285 scitis
2442 1232 2565 1302 quia
2603 1233 2864 1286 modicum
2907 1234 3216 1304 fermentum
3260 1245 3422 1289 totam
3457 1253 3703 1290 massam
3728 1253 3836 1291 cor-

2259 1322 2449 1391 rumpit
2474 1323 2499 1375 ?
2518 1322 2652 1376 Cum
2679 1325 2823 1378 enim
2848 1340 2954 1379 non
2983 1336 3130 1384 esset
3153 1327 3260 1382 dux
3289 1327 3484 1398 aliquis
3508 1339 3606 1384 aut
3636 1346 3838 1400 praepo-

2259 1411 2393 1465 situs
2419 1411 2695 1477 Ecclesiae,
2717 1411 2888 1481 plebis
2909 1423 3028 1468 erat
3051 1418 3326 1486 corripere
3349 1433 3475 1472 eum
3503 1435 3677 1488 quem
3705 1422 3837 1476 vide-

2257 1500 2390 1556 bant
2421 1510 2530 1556 tam
2586 1504 2814 1572 turpiter
2856 1513 2912 1558 et
2947 1507 3179 1560 obscene
3208 1509 3350 1562 inter
3374 1525 3470 1564 eos
3501 1513 3832 1568 conversari.

2257 1589 2335 1644 Ac
2376 1606 2473 1660 per
2517 1592 2621 1645 hoc
2665 1593 2820 1662 quasi
2868 1597 3269 1651 consentientes
3317 1612 3412 1652 eos
3459 1601 3682 1655 crimini
3730 1601 3834 1670 ejus

2257 1680 2543 1750 Apostolus
2587 1683 2780 1753 arguit.
2846 1683 2954 1739 Nec
2999 1686 3144 1740 enim
3192 1688 3248 1741 in
3278 1689 3381 1743 hac
3424 1706 3483 1744 re
3524 1703 3837 1750 accusatore

2260 1788 2394 1840 opus
2415 1783 2554 1839 erat,
2561 1784 2677 1855 λιυι
2701 1776 2945 1830 testibus.
2970 1775 3185 1832 Publice
3203 1779 3347 1832 enim
3369 1796 3663 1837 novercam
3687 1799 3834 1839 suam

593 1865 794 1931 smculi,
823 1867 915 1921 sed
950 1877 1043 1922 aut
1070 1871 1370 1936 avaritiam,
1394 1883 1485 1927 aut
1510 1874 1803 1940 libidinem,
1835 1884 1928 1928 aut
1949 1876 2158 1946 jactan-
2184 1862 2232 1924 Β
2259 1859 2376 1914 Ῐοοο
2406 1864 2590 1918 “xoris
2619 1863 2905 1919 lumbam
2941 1866 3212 1936 Expressa
3237 1870 3460 1926 οιηιιίηο
3498 1884 3582 1927 εει
3607 1875 3833 1943 Publica?

591 1956 743 2021 tiam,
784 1959 868 2012 vel
900 1960 1003 2013 alia
1032 1961 1358 2031 hujusmodi,
1392 1966 1554 2019 istum
1573 1967 1736 2021 talem
1764 1968 1877 2037 ipse
1906 1968 2164 2024 Dominus

595 2048 758 2101 tradit
774 2048 1008 2105 Satanze.
1022 2073 1040 2104 ι
1060 2053 1183 2108 Haec
1197 2055 1478 2110 manifesta
1491 2057 1717 2127 duplicis
1731 2063 2161 2114 excommunica-

595 2134 758 2191 tionis
783 2139 1007 2208 publica:
1031 2148 1084 2194 et
1107 2143 1332 2198 occultae
1347 2145 1638 2210 distinctio,
1668 2146 1949 2202 manifeste
1973 2157 2158 2203 osten-

595 2224 672 2278 dit
713 2228 981 2294 publicam
1024 2232 1396 2301 pcenitentiam
1439 2250 1538 2305 pro
1560 2236 1789 2305 publicis
1819 2245 2028 2293 tantum
2054 2239 2160 2294 cri-

589 2316 824 2373 minibus
855 2319 1018 2377 fuisse
1041 2327 1341 2378 statutam.‘

660 2403 921 2478 Origenes
945 2410 999 2464 in
1040 2410 1348 2468 Matthzeum
1392 2423 1606 2470 tractat.
1652 2433 1838 2472 xxxv:
1881 2438 1898 2470 ι
1935 2419 2162 2491 Propter

590 2499 694 2557 hoc
741 2505 886 2559 enim
931 2515 984 2562 et
1027 2507 1080 2561 in
1119 2507 1357 2565 Ecclesia
1400 2510 1598 2572 Christi
1629 2515 1959 2570 consuetudo
1991 2517 2162 2571 tenuit

592 2593 735 2660 talis,
762 2603 822 2650 ut
861 2598 954 2668 qui
981 2599 1249 2656 manifesti
1280 2611 1403 2657 sunt
1433 2603 1486 2657 in
1533 2606 1744 2670 magnis
1784 2607 2016 2672 delictis,
2064 2605 2162 2675 eji-

593 2683 802 2741 ciantur
831 2688 898 2744 ab
938 2691 1180 2748 oratione
1213 2695 1503 2759 communi,
1551 2704 1606 2749 et
1648 2711 1715 2750 ne
1747 2697 2016 2753 modicum
2055 2702 2161 2756 fer-

589 2787 830 2834 mentum
865 2798 970 2837 non
999 2799 1065 2838 ex
1110 2787 1270 2841 corde
1299 2789 1497 2843 mundo
1539 2791 1807 2845 orantium
1839 2800 2006 2848 totam
2035 2794 2157 2848 nni-

589 2873 716 2927 tatis
767 2875 1203 2944 conspersionem
1229 2888 1284 2950 et
1311 2895 1606 2936 consensus
1633 2894 1962 2954 corrumpat.
2014 2885 2160 2941 Talis

589 2969 672 3015 est
699 2963 860 3032 igitur
894 2969 1221 3022 consuetudo
1251 2970 1304 3023 in
1340 2970 1597 3027 Ecclesiis
1620 2970 1842 3038 Christi,
1879 2984 1938 3029 ut
1967 2992 2160 3046 pecca-

588 3057 735 3106 tores
766 3052 1047 3120 ejiciantur
1080 3058 1148 3111 ab
1183 3057 1422 3114 Ecclesia
1443 3101 1457 3126 ,
1505 3070 1559 3116 et
1593 3072 1755 3132 agant
1785 3066 2157 3134 pmnitentiam

589 3142 886 3212 publicam;
913 3164 1018 3203 non
1047 3151 1171 3218 quia
1199 3168 1389 3223 magna
1419 3153 1611 3210 delicta
1636 3159 2043 3222 commiserunt,
2062 3161 2160 3214 sed

590 3234 715 3302 quia
741 3237 1008 3293 manifesti
1037 3251 1161 3296 sunt
1186 3242 1238 3296 in
1265 3245 1474 3313 magnis
1494 3247 1754 3302 delictis.»
1777 3248 1868 3304 Sic
1897 3249 2158 3319 Origenes

590 3327 784 3394 sarpius
809 3330 1044 3385 declarat
1084 3334 1357 3402 publicam
1386 3338 1760 3406 paenitentiam
1796 3356 1894 3411 pro
1933 3343 2163 3412 publicis

588 3421 797 3470 tantum
826 3420 1138 3476 criminibus
1166 3425 1234 3478 ab
1263 3425 1500 3480 Ecclesia
1537 3426 1701 3482 fuisse
1727 3439 2010 3487 statutam.

657 3505 845 3565 Patres
867 3513 1078 3568 concilii
1113 3513 1582 3585 Neocaesariensis,
1610 3537 1732 3576 can.
1765 3523 1798 3578 9
1828 3542 1840 3577 :
1884 3543 1902 3576 ‹
1935 3524 2086 3593 Quod
2114 3527 2161 3582 si

592 3597 736 3652 dese
774 3615 881 3654 non
923 3602 1084 3658 fuerit
1108 3605 1221 3674 ipse
1247 3608 1545 3676 confessus,
1574 3620 1630 3666 et
1673 3616 1826 3686 argui
1877 3617 2160 3676 manifeste

590 3690 912 3758 nequiverit,
944 3696 1228 3762 potestatis
1256 3714 1366 3754 sua:
1394 3700 1596 3771 judicio
1634 3705 1984 3775 relinquatur.
2029 3731 2049 3764 ι

518 3774 521 3776 ’
658 3780 912 3848 Basilius,
947 3786 1000 3840 in
1026 3789 1181 3856 epist.
1213 3790 1318 3845 246
1352 3811 1364 3846 :
1405 3811 1423 3844 ‹
1469 3793 1701 3851 Necesse
1739 3774 1822 3853 est
1865 3802 2162 3858 canonibus

587 3886 617 3924 a
648 3871 875 3929 Domino
895 3879 1118 3934 sancitis
1142 3882 1300 3936 tradi.
1329 3881 1602 3954 Scriptum
1630 3897 1716 3943 est
1737 3890 1881 3944 enim
1906 3909 1919 3944 :
1947 3891 2005 3946 Si
2029 3893 2161 3949 deli-

588 3963 765 4029 querit
785 3963 951 4020 frater
992 3977 1130 4034 tuus,
1167 3971 1309 4027 inter
1345 3983 1398 4029 te
1423 3983 1478 4029 et
1515 3977 1687 4044 illum,
1735 3979 1885 4035 illum
1910 3983 2154 4053 corripe;

589 4055 730 4120 quod
758 4055 802 4109 si
831 4064 882 4112 te
922 4074 1028 4114 non
1065 4063 1276 4130 audiet,
1307 4083 1522 4122 assume
1560 4071 1658 4126 tibi
1687 4073 1854 4128 alium
1896 4093 1907 4128 :
1941 4078 2085 4145 quod
2111 4077 2157 4132 si

586 4159 654 4198 ue
679 4145 756 4201 sic
778 4148 979 4216 audiet,
1010 4152 1093 4207 dic
1115 4153 1368 4211 Ecclesiae
1390 4173 1404 4211 :
1428 4161 1570 4228 quod
1594 4162 1638 4214 si
1666 4178 1839 4234 neque
1859 4164 2157 4222 Ecclesiam

588 4235 784 4305 audiet,
813 4239 884 4297 sit
919 4242 1014 4296 tibi
1042 4244 1108 4299 de
1129 4255 1323 4302 (δέδιθι-ο
1355 4257 1610 4320 tanquam
1636 4254 1884 4311 ethnicus
1904 4266 1959 4312 et
1979 4258 2156 4328 publi-

589 4342 773 4386 canus.
816 4331 928 4388 Hoc
956 4335 1130 4405 ipsum
1156 4337 1209 4392 in
1236 4340 1352 4410 ipso
1375 4339 1675 4400 factitatum
1709 4345 1828 4402 fuit.
1861 4347 2032 4404 Simul
2059 4367 2155 4406 ac-

587 4429 803 4476 cusatus
856 4432 911 4477 et
957 4424 1166 4482 delatus
1210 4439 1293 4484 est
1344 4450 1356 4484 :
1395 4447 1578 4488 coram
1623 4451 1730 4491 uno
1775 4447 1938 4508 atque
1987 4440 2157 4497 altero

2265 1952 2596 2019 pmnitentia:
2618 1955 2774 2018 ratio,
2790 1972 2948 2026 quam
2966 1957 3200 2013 Hilarius
3216 1961 3400 2015 refert.
3415 1963 3638 2021 «Omnes
3659 1968 3828 2035 enim,

2263 2040 2458 2110 inquit,
2482 2044 2685 2100 crimen
2710 2045 2824 2115 ejus
2850 2049 3109 2103 sciebant.
3133 2049 3352 2106 Publice
3371 2069 3644 2110 novercam
3663 2075 3821 2115 suam

2261 2133 2378 2189 loco
2403 2137 2586 2191 uxoris
2635 2139 2884 2194 habebat.
2927 2140 2982 2196 ln
3009 2158 3114 2212 qua
3145 2157 3206 2196 re
3239 2158 3399 2213 neque
3423 2148 3644 2202 testibus
3677 2165 3818 2220 opus

2260 2235 2379 2281 erat
2403 2267 2419 2294 ,
2475 2244 2650 2299 neque
2715 2233 3158 2303 tergiversatione
3214 2235 3394 2308 aliqua
3451 2249 3665 2310 poterat
3717 2243 3834 2315 tegi

2261 2317 2484 2372 crimen.
2513 2338 2532 2372 ι

2330 2407 2567 2465 Joannes
2609 2411 3025 2483 Chrysostomus
3072 2417 3126 2471 in
3169 2427 3331 2488 caput
3372 2419 3568 2475 Matth.
3620 2437 3722 2488 xu,
3747 2424 3840 2479 ho-

2260 2499 2374 2555 mil.
2398 2500 2504 2554 82:
2541 2520 2561 2552 ί
2593 2501 2699 2557 Sed
2727 2502 3039 2559 facillimum
3068 2517 3170 2572 est,
3200 2509 3344 2566 dicet
3379 2509 3605 2581 aliquis,
3634 2512 3840 2568 invidos

2262 2607 2519 2646 accusare
2543 2610 2556 2646 :
2588 2594 2873 2649 dicendum
2903 2605 3080 2651 autem
3117 2607 3202 2652 est
3229 2601 3499 2670 quomodo
3523 2601 3632 2657 hoc
3658 2604 3842 2658 morbo

2260 2683 2628 2738 liberabimur.
2672 2685 2949 2752 Quomodo
2995 2688 3157 2758 igitur
3202 2706 3270 2745 ne
3330 2707 3542 2748 veneno
3588 2709 3690 2748 suo
3750 2709 3842 2750 nos

2262 2773 2488 2839 inficiat,
2535 2774 2831 2831 faciemus?
2879 2777 2936 2831 Si
2964 2779 3210 2835 dabimus
3238 2798 3457 2852 operam
3499 2793 3563 2838 ut
3589 2786 3842 2855 quemad-

2261 2865 2476 2918 modum
2523 2863 2836 2922 fornicatori
2891 2867 3042 2924 nefas
3091 2868 3159 2924 ad
3190 2872 3474 2928 ecclesiam
3505 2875 3745 2947 ingredi,
3774 2880 3842 2932 sic

2260 2954 2440 3010 invido
2464 2958 2696 3026 qucque.
2727 2978 2747 3011 ›
2799 2956 2848 3012 J.
2883 2958 3299 3030 Chrysostomus
3325 2963 3598 3020 invidiam
3618 2982 3742 3037 qua
3766 2983 3840 3022 ve-

2260 3061 2400 3100 neno
2428 3061 2528 3101 suo
2556 3047 2690 3102 alios
2719 3049 2926 3115 inficit,
2968 3051 3020 3104 id
3059 3060 3184 3117 est,
3228 3069 3349 3123 qua:
3391 3056 3619 3126 publica
3662 3069 3768 3125 est,
3791 3068 3839 3114 et

2269 3133 2389 3188 aliis
2427 3135 2681 3191 seandalo
2703 3177 2718 3202 ,
2763 3138 3078 3207 paenitentia
3113 3141 3325 3210 publica
3364 3146 3702 3214 puniendam
3727 3164 3838 3204 esse

2184 3207 2233 3269 C
2265 3225 2573 3293 contendit,
2621 3243 2784 3297 quam
2829 3237 3008 3284 tamen
3048 3207 3155 3287 non
3179 3207 3388 3301 judicat
3432 3251 3565 3292 esse
3595 3253 3834 3296 necessa-

2265 3315 2402 3370 riam
2428 3332 2526 3386 pro
2567 3319 2762 3373 scortis
2795 3327 2850 3373 et
2893 3319 3170 3377 adulteriis
3215 3324 3464 3392 occultis,
3507 3328 3655 3383 sicut
3685 3345 3839 3400 supra

2262 3408 2612 3463 ostendimus.
2655 3409 2833 3476 Quare
2863 3422 3048 3482 aperte
3077 3421 3307 3469 testatur
3341 3411 3726 3486 pamitentiam
3753 3438 3844 3492 pu-

2261 3496 2453 3553 blicam
2482 3515 2581 3570 pro
2604 3500 2833 3570 publicis
2871 3510 3082 3559 tantum
3127 3505 3445 3566 criminibus
3493 3511 3565 3567 ab
3600 3512 3845 3569 Ecclesia

2261 3585 2428 3644 fuisse
2453 3599 2730 3646 statutam.

2330 3671 2663 3748 Augustinus
2691 3682 2743 3736 in
2774 3683 2992 3739 homilia
3018 3685 3240 3742 ultima:
3289 3707 3308 3740 ι
3335 3687 3550 3746 Judicet
3590 3708 3729 3764 ergo
3768 3711 3848 3751 se-

2261 3769 2436 3842 ipsum
2467 3772 2627 3827 homo
2651 3773 2705 3827 in
2736 3773 2854 3830 istis
2881 3776 3157 3833 voluntate
3185 3779 3311 3834 dum
3342 3791 3556 3850 potest,
3584 3794 3648 3840 et
3670 3801 3849 3842 mores

2261 3872 2545 3920 convertat
2572 3865 2626 3919 in
2654 3866 2869 3932 melius,
2888 3883 2957 3923 ne
2983 3885 3104 3924 cum
3131 3885 3237 3926 non
3257 3875 3485 3943 poterit,
3518 3877 3693 3932 etiam
3718 3895 3850 3949 pra-

2260 3962 2345 4010 ter
2387 3954 2720 4010 voluntatem
2763 3972 2794 4012 a
2819 3958 3046 4015 Domino
3082 3961 3374 4031 judicetur.
3435 3964 3505 4020 Et
3539 3983 3668 4023 cum
3703 3971 3765 4024 in
3793 3986 3848 4026 se

2259 4049 2547 4118 protulerit
2575 4051 2928 4106 severissima
2956 4053 3237 4109 medicina:
3262 4059 3614 4127 sententiam,
3663 4065 3847 4118 veniat

2261 4137 2328 4192 ad
2357 4140 2626 4196 antistites
2650 4182 2664 4208 ,
2705 4156 2803 4211 per
2829 4158 2963 4212 quos
2991 4143 3067 4198 illi
3095 4145 3150 4199 in
3192 4145 3431 4203 Ecclesia
3459 4149 3648 4207 claves
3683 4155 3848 4210 mini-

2261 4238 2521 4297 strantur,
2552 4240 2606 4286 et
2628 4241 2882 4302 tanquam
2904 4235 3077 4290 bonus
3102 4235 3364 4307 incipiens
3383 4237 3498 4307 jam
3529 4257 3653 4300 esse
3674 4243 3843 4313 ﬁlius,

2260 4331 2627 4380 maternorum
2655 4331 3022 4385 membrorum
3047 4331 3237 4385 ordine
3263 4335 3533 4390 custodito
3566 4352 3597 4390 a
3629 4353 3848 4410 praepo-

2259 4416 2380 4472 sitis
2420 4433 2700 4473 sacrorum
2741 4421 2973 4491 accipiat
3013 4422 3397 4482 satisfactionis
3439 4443 3551 4482 suae
3591 4430 3844 4500 modum,

588 4515 945 4581 reprehensus
967 4526 1050 4573 est
1082 4537 1096 4572 :
1132 4521 1293 4576 tertio
1332 4523 1385 4578 in
1421 4524 1558 4582 facie
1588 4527 1859 4581 Ecclesiae.
1893 4529 2154 4596 Quocirca

2261 4516 2322 4562 ut
2351 4509 2403 4563 in
2442 4508 2714 4566 offerendo
2741 4513 3008 4570 sacrificio
3033 4517 3212 4572 cordis
3257 4520 3602 4576 contribulati
3622 4564 3638 4587 ,
3680 4525 3846 4582 devo-

586 4616 708 4656 cum
739 4603 908 4661 simus
956 4607 1056 4676 ipsi
1087 4612 1372 4666 contestati
1394 4654 1406 4674 ,
1449 4629 1622 4686 neque
1663 4615 1818 4671 nobis
1853 4619 2149 4688 acquievit;

591 4691 843 4762 deinceps
871 4706 987 4750 esto
1015 4704 1529 4767 excommunicatus,
1571 4712 1625 4758 et
1652 4705 1748 4758 toti
1778 4705 2032 4763 Ecclesia:
2056 4711 2153 4766 de-

583 4785 897 4852 nuntiatur,
921 4804 989 4842 ne
1035 4791 1208 4858 ipsum
1243 4794 1547 4848 admittant.
1599 4815 1618 4846 ι
1651 4794 1956 4854 Canonibus
1989 4816 2017 4853 a
2049 4799 2154 4857 Do-

583 4874 729 4928 mino
752 4879 973 4934 sancitis
995 4880 1084 4933 ille
1105 4898 1210 4936 non
1237 4884 1468 4938 traditus
1490 4885 1607 4950 fuit,
1634 4886 1736 4939 nisi
1766 4903 1888 4942 cum
1915 4892 2152 4960 pertina-

583 4963 664 5016 cia
714 4965 882 5034 ipsius
930 4972 1136 5025 crimen
1182 4973 1236 5026 in
1279 4975 1550 5042 publicum
1594 4978 1910 5047 protulerit;
1968 4990 2023 5035 et
2049 4982 2151 5038 hoc

584 5068 688 5107 non
732 5057 886 5112 aliter
933 5060 1048 5116 fieri
1084 5065 1330 5120 debuisse
1373 5066 1598 5122 afﬁrmat
1646 5079 1861 5126 sanctus
1899 5074 2148 5130 Basilius.

583 5143 718 5199 Cum
755 5165 884 5218 ergo
909 5168 1140 5209 canones
1165 5156 1418 5212 Ecclesia:
1438 5175 1468 5213 a
1489 5162 1782 5218 canonibus
1805 5163 2014 5219 Domini
2045 5181 2150 5221 non

582 5239 694 5294 sint
721 5241 940 5309 diversi,
984 5246 1215 5304 fateatur
1254 5254 1479 5324 quisque
1514 5273 1734 5314 necesse
1762 5268 1845 5314 est
1883 5263 2149 5330 publicam

580 5333 953 5400 pmnitcntiam
976 5339 1045 5394 ob
1067 5342 1290 5398 crimina
1331 5354 1534 5403 tantum
1565 5349 1779 5420 publica
1807 5353 1874 5408 ab
1909 5352 2148 5410 Ecclesia

579 5423 752 5482 fuisse
762 5437 1048 5486 statutam.

652 5522 886 5580 llilarius
913 5527 1166 5585 diaconus
1193 5532 1246 5586 in
1275 5535 1508 5606 Epistola
1549 5537 1696 5594 Pauli
1743 5541 1810 5595 ad
1838 5541 2146 5600 Corinthios

579 5610 597 5664 1
630 5628 748 5684 cap.
771 5632 803 5670 v
827 5635 839 5670 :
870 5636 889 5669 ι
927 5619 1153 5690 Cognito
1172 5640 1332 5694 opere
1359 5629 1460 5683 isto
1479 5631 1778 5699 pellendum
1804 5633 1950 5688 illum
1979 5636 2143 5692 fuisse

582 5701 647 5756 de
699 5715 841 5760 coetu
897 5709 1269 5771 fraternitatis.
1319 5717 1515 5775 Omnes
1567 5723 1709 5775 enim
1764 5723 1967 5779 crimen
2028 5725 2143 5795 ejus

582 5793 858 5867 sciebant,
888 5808 943 5855 et
967 5819 1070 5858 non
1099 5810 1422 5879 arguebant,
1448 5813 1660 5881 publice
1688 5813 1830 5869 enim
1856 5831 2142 5874 novercam

2260 4602 2348 4650 tus
2375 4605 2430 4652 et
2469 4598 2693 4670 supplex
2720 4641 2734 4666 ,
2782 4601 2834 4655 id
2865 4612 3044 4658 tamen
3073 4614 3197 4677 agat
3239 4608 3383 4677 quod
3410 4626 3516 4665 non
3548 4613 3728 4669 solum
3765 4615 3845 4673 illi

2259 4689 2432 4757 prosit
2452 4690 2518 4744 ad
2545 4691 2907 4762 recipiendam
2933 4695 3182 4764 salutem,
3214 4699 3308 4754 sed
3333 4702 3496 4758 etiam
3525 4707 3747 4761 ceteris
3773 4710 3844 4762 ad

2258 4780 2562 4850 exemplum
2591 4799 2603 4836 :
2636 4792 2697 4836 ut
2723 4785 2769 4839 si
2799 4795 3078 4854 peccatum
3099 4787 3216 4857 ejus
3247 4806 3355 4846 non
3386 4793 3558 4847 solum
3598 4796 3654 4849 in
3686 4799 3844 4868 gravi

2255 4869 2375 4939 ejus
2400 4871 2560 4937 malo,
2585 4874 2679 4928 sed
2708 4875 2870 4930 etiam
2899 4877 2953 4931 in
2981 4879 3237 4934 seandalo
3259 4889 3344 4936 est
3375 4881 3604 4938 aliorum
3625 4927 3640 4950 ,
3675 4895 3843 4957 atque

2256 4957 2359 5014 hoc
2400 4961 2652 5032 expedire
2692 4964 2914 5020 utilitati
2957 4964 3210 5024 Ecclesiae
3236 4971 3452 5026 videtur
3475 4975 3749 5042 antistiti,
3783 4978 3841 5032 in

2255 5051 2445 5105 notitia
2467 5052 2758 5109 multorum
2775 5095 2790 5121 ,
2838 5056 2926 5112 vel
2950 5058 3115 5113 etiam
3137 5061 3301 5115 totius
3325 5061 3500 5131 plebis
3527 5079 3691 5134 agere
3719 5079 3842 5136 pe-

2253 5143 2534 5200 nitentiam
2581 5162 2688 5201 non
2735 5157 2950 5203 recuset
2992 5163 3006 5202 :
3043 5165 3151 5205 non
3199 5152 3438 5217 resistat,
3486 5168 3593 5208 non
3645 5155 3840 5210 lethali

2250 5248 2303 5293 et
2332 5241 2620 5297 mortiferre
2660 5242 2830 5314 plagae
2857 5258 2955 5313 per
2994 5245 3253 5314 pudorem
3282 5245 3445 5300 addat
3480 5256 3776 5303 tumorem.
3809 5268 3832 5302 ο

2255 5333 2325 5388 Ut
2349 5334 2512 5404 igitur
2542 5336 2769 5389 antistes
2809 5335 3183 5403 pamitentiam
3228 5337 3499 5407 publicam
3549 5341 3835 5410 peccatori

2249 5423 2487 5492 indicat,
2528 5441 2635 5480 non
2665 5425 2859 5480 sutiicit
2898 5435 2957 5481 ut
2993 5437 3276 5495 peccatum
3318 5430 3435 5499 ejus
3473 5431 3544 5484 sit
3581 5431 3639 5486 in
3673 5432 3833 5503 gravi

2248 5514 2389 5570 malo
2415 5556 2429 5582 ,
2483 5515 2578 5570 sed
2615 5517 2779 5571 etiam
2822 5517 2878 5571 in
2925 5519 3180 5574 seandalo
3208 5521 3435 5575 aliorum
3457 5562 3473 5587 ,
3521 5522 3575 5576 id
3612 5535 3698 5578 est
3724 5539 3831 5594 pn-

2245 5604 2460 5660 blicum.

2314 5723 2645 5793 Augustinus
2674 5724 2728 5780 in
2759 5727 2852 5783 lib.
2883 5745 2942 5784 lll
2970 5738 3159 5784 contra
3189 5729 3474 5800 epistolam
3504 5729 3826 5787 Parmenia—

2245 5817 2320 5887 ni,
2352 5831 2472 5889 cap.
2503 5817 2574 5875 2;
2611 5837 2629 5873 ι
2649 5820 2734 5876 Ad
2759 5823 2862 5880 hoc
2886 5823 3032 5880 enim
3064 5833 3120 5884 et
3159 5824 3273 5898 ipse
3296 5823 3584 5897 Apostolus
3607 5826 3683 5884 ait
3708 5865 3728 5896 ,
3761 5825 3826 5900 Si
