4060 6350
156 368 294 426 1185

1000 362 1089 417 ΑΒ
1125 358 1293 418 OMNl
1330 355 1697 415 NOVITATIS
1731 351 2129 413 SUSPICIONE
2166 349 2549 407 VlNDlCATA.

3251 358 3386 413 1186

155 495 277 565 quis
326 491 495 546 frater
539 487 869 544 nominatur.
917 484 978 540 in
1022 500 1088 539 eo
1115 485 1310 553 quippe
1345 481 1487 551 quod
1524 479 1632 543 ait,
1666 476 1725 533 Si
1756 482 1804 538 Α
1828 474 2075 565 declarat
2100 472 2219 527 illos
2245 488 2362 565 non
2376 471 2569 526 debere
2596 469 3079 535 excommunicari,
3109 469 3213 527 nisi
3239 480 3389 541 post-

152 585 292 655 quis,
342 581 478 637 nihil
526 580 671 634 aliud
705 578 917 632 videtur
960 576 1266 646 significare
1310 571 1573 633 voluisse,
1619 567 1721 621 nisi

155 690 279 730 eum
320 686 489 744 posse
540 670 631 723 tali
676 668 836 722 modo
884 664 1170 721 salubriter
1194 662 1427 732 corrigi,
1471 660 1560 729 qui
1588 659 1725 712 inter

158 763 449 821 dissimiles
474 767 683 831 peccat,
717 758 769 812 id
804 764 905 820 est,
939 756 1079 809 inter
1104 769 1198 809 eos
1221 768 1356 821 quos
1381 759 1726 821 peccatorum

160 855 417 911 similium
440 850 747 923 pestilentia
782 864 889 903 non
919 846 1235 916 corrumpit.
1271 845 1331 898 ln
1358 858 1423 897 eo
1439 856 1568 895 vero
1583 839 1728 910 quod

159 949 257 1011 ait,
289 946 613 1007 nominatur,
654 943 758 996 hoc
789 940 1045 995 nimirum
1072 936 1297 1008 intelligi
1319 935 1510 998 voluit,
1538 946 1728 1003 parum

160 1052 278 1095 esse
300 1046 361 1093 ut
402 1038 472 1092 sit
500 1035 726 1104 quisque
768 1032 923 1097 talis,
977 1030 1085 1085 nisi
1118 1028 1283 1083 etiam
1316 1024 1643 1087 nominetur,
1674 1021 1730 1076 id

158 1138 263 1193 est,
291 1129 532 1183 famosus
556 1134 834 1196 appareat;
864 1133 926 1177 ut
952 1120 1125 1193 possit
1143 1118 1393 1205 omnibus
1415 1115 1727 1187 dignissima

160 1219 352 1283 videri,
377 1233 497 1287 quae
524 1217 579 1271 in
608 1231 731 1270 eum
771 1214 933 1269 fuerit
972 1209 1334 1266 anathematis
1362 1207 1571 1276 prolata
1608 1219 1731 1261 sen-

163 1312 349 1369 tentia.
415 1310 493 1363 lta
552 1309 695 1363 enim
741 1315 797 1361 et
847 1306 993 1361 salva
1020 1319 1153 1373 pace
1194 1303 1503 1371 corrigitur,
1536 1308 1593 1356 et
1622 1314 1731 1354 non

162 1400 530 1458 interfectorie
553 1400 855 1470 percutitur
878 1405 934 1452 et
952 1396 1344 1452 medicinaliter
1368 1395 1560 1448 uritur.
1591 1412 1609 1445 ι

232 1492 565 1562 Augustinus
587 1491 643 1544 in
675 1503 928 1544 sermone
952 1488 1044 1552 41,
1073 1488 1141 1542 de
1176 1485 1388 1541 Sanctis
1412 1502 1425 1538 :
1463 1503 1481 1536 ι
1508 1484 1614 1538 Pro
1644 1499 1735 1539 ca-

120 1620 123 1623 λ
163 1585 419 1656 pitalibus
443 1596 574 1636 vero
598 1580 916 1635 criminibus
934 1594 1042 1632 non
1063 1580 1168 1633 hoc
1192 1576 1363 1632 solum
1399 1574 1616 1638 sufﬁcit,
1640 1572 1734 1629 sed

163 1672 421 1729 addenda:
460 1679 589 1727 sunt
631 1670 883 1741 lacrymae
904 1707 921 1735 ,
948 1669 1160 1739 rugitus
1200 1676 1257 1722 et
1284 1666 1533 1736 gemitus,
1559 1664 1735 1719 conti-

126 1774 326 1837 lnuata
356 1769 516 1832 longo
550 1770 790 1832 tempore
813 1776 876 1815 ac
905 1766 1180 1830 protracta
1201 1756 1428 1825 jejunia,
1459 1764 1514 1811 et
1538 1754 1735 1825 largio-

162 1873 251 1911 res
272 1856 628 1924 eleemosynte
655 1851 960 1922 erOgandm,
984 1850 1127 1904 ultro
1151 1864 1249 1904 nos
1269 1849 1414 1918 ipsos
1436 1862 1469 1929 ξι
1497 1860 1736 1900 commu-

162 1946 323 2001 nione
366 1944 623 1999 Ecclesiae
664 1950 1006 1997 removentes
1026 1980 1043 2005 ,
1094 1940 1150 1994 in
1180 1938 1326 1993 luctu
1353 1938 1483 1991 etin
1514 1935 1736 1990 tristitia

161 2036 336 2090 multo
384 2043 627 2104 tempore
647 2038 1055 2102 permanentes,
1085 2038 1142 2084 et
1165 2026 1537 2096 paenitentiam
1572 2025 1738 2080 etiam

158 2125 375 2195 publice
402 2130 643 2194 agentes.
684 2120 819 2187 Quia
848 2121 1057 2190 justum
1094 2126 1177 2172 est
1214 2124 1275 2171 ut
1312 2116 1406 2186 qui
1444 2130 1566 2170 cum
1600 2112 1739 2167 mul-

160 2220 345 2270 torum
394 2213 756 2269 destructione
803 2226 861 2265 se
903 2210 1238 2280 perdiderit,
1277 2224 1401 2264 cum
1442 2207 1738 2262 multorum

156 2303 521 2359 adiﬁcatione
548 2317 604 2357 se
633 2302 884 2357 redimat.

238 2395 564 2466 Augustinus
584 2394 637 2448 in
659 2393 970 2448 Enchiridio
994 2392 1060 2447 ad
1087 2390 1459 2455 Laurentium,
1488 2404 1609 2459 cap.
1646 2387 1733 2442 65.

167 2505 189 2538 ι
221 2487 422 2541 Verum
451 2485 575 2554 quia
614 2486 933 2555 plerumque
992 2483 1144 2537 dolor
1182 2483 1403 2537 alterius
1443 2481 1622 2535 cordis
1648 2495 1740 2535 oc-

161 2579 342 2634 cultus
361 2585 443 2633 est
464 2576 639 2642 alteri,
663 2592 837 2646 neque
859 2577 915 2630 in
942 2576 1170 2629 aliorum
1193 2573 1439 2627 notitiam
1452 2588 1549 2642 per
1574 2571 1739 2626 verba

162 2668 249 2723 vel
288 2683 622 2737 quaecunque
648 2667 752 2721 alia
796 2667 949 2737 signa
976 2667 1256 2735 procedit,
1304 2682 1427 2720 cum
1454 2667 1525 2720 sit
1556 2678 1740 2719 coram

163 2760 254 2815 illo
281 2760 369 2814 cui
398 2759 619 2823 dicitur,
665 2756 900 2812 Gemitus
925 2774 1069 2811 meus
1096 2775 1128 2809 α
1152 2766 1200 2810 te
1226 2774 1328 2809 non
1360 2765 1433 2809 est
1455 2754 1741 2811 abscondi-

162 2863 280 2917 tus;
304 2860 451 2906 recte
472 2852 872 2906 constituuntur
901 2851 1056 2905 abiis
1088 2852 1179 2918 qui
1203 2850 1457 2917 Ecclesia:
1481 2856 1739 2918 praesunt,

163 2956 409 3014 tempora
438 2943 771 3013 paenitentiae
802 2983 818 3008 ,
852 2950 913 2996 ut
941 2942 1036 2996 fiat
1078 2943 1242 2997 etiam
1288 2942 1418 2995 satis
1463 2939 1737 3005 Ecclesiae,

164 3037 223 3090 in
262 3051 367 3103 qua
413 3036 759 3089 remittuntur
794 3034 908 3104 ipsa
940 3042 1180 3103 peccata.
1208 3053 1226 3084 ι
1277 3031 1597 3086 Paenitentla
1642 3046 1741 3101 pu-

161 3127 308 3182 blica
352 3128 547 3198 agitur,
600 3136 660 3181 ut
705 3127 798 3203 fiat
839 3128 971 3182 satis
1022 3126 1295 3183 Ecclesiae.
1346 3125 1516 3180 Porro
1563 3124 1740 3179 nullus

162 3218 480 3274 satisfacere
504 3228 774 3283 censetur,
804 3220 908 3273 nisi
936 3219 1029 3288 qui
1061 3217 1312 3286 iniuriam
1335 3217 1547 3281 intulit,
1575 3225 1632 3271 et
1654 3224 1739 3270 ta-

164 3309 273 3365 lem
304 3311 479 3379 qualis
505 3320 587 3378 est
614 3310 930 3366 satisfactio.
975 3311 1033 3365 Si
1061 3311 1225 3379 igitur
1251 3308 1547 3364 satisfactio
1584 3308 1744 3363 debet

162 3416 295 3457 esse
330 3402 577 3471 publica,
624 3417 839 3458 necesse
886 3417 1101 3471 quoque
1139 3409 1222 3455 est
1252 3409 1314 3454 ut
1338 3400 1553 3471 publica
1582 3398 1744 3453 fuerit

164 3476 394 3560 injuria.

240 3583 592 3654 Augustinus,
621 3582 711 3641 lib.
734 3585 800 3640 de
823 3584 1175 3656 Correptione
1195 3592 1251 3640 et
1268 3584 1476 3649 Gratia,
1498 3597 1620 3653 cap.
1644 3581 1740 3637 16:

171 3690 195 3726 ι
223 3674 520 3730 Peccantes
539 3690 724 3731 coram
744 3677 997 3732 omnibus
1025 3677 1260 3746 corripe,
1295 3685 1356 3730 ut
1379 3676 1562 3746 caeteri
1592 3675 1749 3729 timo-

164 3781 291 3822 rem
314 3767 569 3821 habeant.
594 3789 612 3821 ι
640 3769 794 3835 Quod
809 3771 874 3824 de
900 3771 983 3824 his
1008 3744 1244 3839 peccatis
1269 3744 1641 3840 accipiencﬁlm
1666 3778 1749 3825 est

165 3873 293 3927 qua:
314 3874 422 3913 non
445 3858 634 3925 latent,
652 3875 720 3916 ne
743 3869 932 3915 contra
946 3861 1159 3915 Domini
1180 3862 1505 3915 sententiam
1528 3869 1749 3930 putetur

165 3946 407 4001 locutus.
448 3946 635 4018 Itaque
667 3948 982 4020 frequenter
1031 3960 1252 4005 sanctus
1280 3949 1615 4018 Augustinus
1667 3959 1749 4005 te-

165 4039 740 4107 staturpuanitentiam
758 4042 1025 4110 publicam
1048 4056 1147 4111 pro
1166 4041 1397 4111 publicis
1412 4050 1620 4095 tantum
1644 4041 1749 4097 cri-

166 4128 417 4183 minibus
440 4131 507 4184 ab
542 4131 782 4186 Ecclesia
813 4132 975 4187 fuisse
996 4140 1275 4187 statutam.

243 4218 493 4275 Julianus
520 4220 820 4287 Pomerius,
862 4222 952 4278 lib.
997 4240 1034 4277 ιι
1068 4226 1134 4277 de
1157 4224 1277 4278 Vita
1313 4224 1748 4294 contemplativa,

165 4325 295 4379 cap.
356 4311 422 4363 7:
469 4330 488 4362 ι
519 4312 597 4366 Ea
636 4321 815 4367 autem
859 4314 1086 4368 crimina
1134 4316 1496 4384 quorumlibet
1533 4316 1579 4369 si
1622 4316 1753 4385 ipsis

162 4400 487 4456 criminosis
515 4402 759 4456 confiteri
789 4405 1092 4459 nolentibus
1134 4405 1490 4474 undecunque
1544 4406 1752 4459 clarue-

164 4492 309 4557 rint,
335 4508 671 4563 quaecunque
698 4509 805 4549 non
834 4494 1036 4549 fuerint
1070 4496 1343 4563 patientia:
1379 4495 1481 4549 levi
1515 4496 1752 4550 medica-

1826 580 1986 635 quam
2031 564 2121 618 diu
2169 562 2369 632 portati
2413 571 2468 617 et
2511 562 2802 617 salubriter
2834 562 3099 632 objurgati
3126 562 3395 619 noluerint

1826 658 2042 727 corrigi,
2083 664 2140 711 et
2172 656 2417 727 exemplo
2446 671 2555 710 suae
2588 656 2903 726 perditionis
2927 655 3062 709 alios
3089 654 3389 719 infecerint,

1825 748 1969 803 clare
2012 748 2248 802 ostendit
2291 746 2662 817 paenitentiam
2720 745 2990 815 publicam
3028 760 3128 814 pro
3167 743 3395 813 publicis

1826 847 2035 893 tantum
2064 838 2380 893 criminibus
2405 839 2473 893 ab
2498 838 2741 893 Ecclesia
2764 837 2928 892 fuisse
2949 844 3226 893 statutam.

1896 949 2167 1006 Caesarius
2189 948 2520 1004 Arelatensis
2539 950 2594 1003 in
2619 948 2842 1004 homilia
2868 950 2892 1003 1
2925 967 2937 1002 :
2973 968 2990 1001 ι
3021 949 3079 1005 Si
3108 963 3236 1004 vero
3254 948 3398 1019 quis-

1828 1056 1931 1111 que
1958 1040 2343 1096 conscientiam
2370 1055 2523 1094 suam
2564 1040 2923 1110 interrogans,
2952 1039 3161 1096 facinus
3185 1037 3398 1109 aliquod

1828 1134 2055 1205 capitale
2082 1133 2371 1197 commisit,
2397 1140 2489 1185 aut
2508 1131 2555 1186 si
2575 1122 2733 1186 ﬁdem
2754 1147 2904 1185 suam
2931 1131 3065 1185 falso
3093 1131 3400 1187 testimonio

1830 1224 2156 1294 expugnavit
2180 1238 2243 1277 ac
2264 1221 2530 1292 prodidit,
2564 1228 2655 1275 aut
2678 1236 2893 1276 sacrum
2920 1220 3176 1275 Veritatis
3205 1235 3400 1273 nomen

1830 1313 2081 1376 violavit,
2136 1313 2181 1367 si
2208 1326 2393 1365 veram
2422 1311 2675 1380 baptismi
2700 1312 2972 1377 tunicam,
3014 1318 3069 1366 et
3102 1311 3399 1380 speciosam

1829 1403 2155 1474 virginitatis
2188 1403 2543 1457 holosericam
2590 1416 2747 1458 caeno
2785 1401 3159 1459 commaculati
3184 1400 3403 1469 pudoris

1831 1494 2037 1559 infecit,
2068 1495 2112 1548 si
2140 1495 2193 1548 in
2221 1494 2508 1563 semetipso
2533 1508 2731 1548 novum
2758 1494 3032 1548 hominem
3061 1505 3192 1547 nece
3231 1491 3403 1546 homi-

1832 1586 1917 1640 nis
1941 1586 2167 1651 occidit,
2195 1587 2240 1641 si
2278 1601 2373 1655 per
2397 1601 2646 1656 augures,
2687 1594 2744 1641 et
2771 1587 2978 1641 divinos
2995 1627 3010 1652 ,
3036 1595 3195 1655 atque
3221 1586 3406 1640 incan-

1832 1685 2034 1733 tatores
2064 1678 2334 1747 captivum
2378 1694 2436 1734 se
2480 1679 2690 1734 diabolo
2725 1680 2947 1735 tradidit
2982 1698 2994 1734 :
3038 1681 3153 1735 haec
3178 1687 3234 1734 et
3262 1680 3406 1749 ejus-

1838 1769 1985 1824 modi
2024 1769 2311 1823 commissa
2349 1770 2553 1839 expiari
2580 1770 2796 1839 penitus
2824 1770 3093 1825 communi
3123 1777 3179 1825 et
3206 1769 3407 1825 medio-

1764 1830 1810 1889 Β
1841 1859 1919 1913 cri
1943 1900 1957 1922 ,
1991 1859 2117 1913 licet
2166 1867 2411 1925 secreta,
2466 1861 2835 1916 satisfactione
2877 1877 2986 1915 non
3026 1869 3278 1930 possunt;
3312 1858 3407 1913 sed

1834 1964 2026 2021 graves
2074 1964 2252 2004 causa:
2292 1950 2567 2020 graviores
2602 1960 2658 2005 et
2709 1953 2945 2006 acriores
2972 1952 3214 2020 publicas
3248 1964 3408 2005 curas

1838 2038 2142 2105 requirunt,
2169 2046 2227 2091 ut
2258 2038 2493 2106 quicum
2518 2040 2869 2108 plurimorum
2892 2038 3174 2094 alllictione
3206 2054 3264 2094 se
3286 2052 3412 2107 per-

1837 2128 1972 2182 didit
1996 2166 2011 2193 ,
2049 2127 2209 2182 simili
2239 2130 2404 2183 modo
2449 2145 2572 2183 cum
2601 2129 2953 2200 plurimorum
2979 2128 3328 2183 aedificatione
3354 2139 3412 2182 se

1838 2219 2087 2273 redimat.
2130 2238 2149 2270 ι
2200 2218 2293 2272 llla
2336 2229 2418 2274 est
2467 2221 2768 2274 certissima
2816 2220 3041 2288 publica:
3083 2220 3412 2288 pmniteutim

1837 2312 1998 2373 ratio,
2030 2326 2191 2379 quam
2223 2310 2412 2364 Patres
2439 2311 2735 2380 saepissime
2758 2318 3035 2379 repetunt,
3080 2318 3141 2364 ut
3172 2310 3263 2368 aui
3288 2323 3411 2364 cum

1836 2402 2187 2472 plurimorum
2214 2400 2497 2455 afflictione
2523 2410 2578 2455 et
2598 2401 2958 2455 desrructione
2985 2414 3042 2454 se
3067 2400 3320 2469 perdidit,
3340 2398 3414 2453 si-

1836 2492 1950 2546 mili
1973 2492 2133 2553 modo
2158 2506 2279 2545 cum
2307 2491 2663 2560 plurimorum
2689 2490 3046 2545 aedificatione
3076 2504 3134 2544 se
3159 2489 3411 2544 redimat.

1841 2580 2038 2651 Sicque
2071 2588 2338 2635 testantur
2364 2582 2633 2650 publicam
2664 2581 3037 2649 paenitentiam
3071 2588 3290 2650 propter
3311 2578 3416 2634 cri-

1839 2679 1983 2732 mina
2020 2678 2235 2748 publica
2265 2686 2333 2731 ab
2355 2676 2599 2730 Ecclesia
2632 2674 2799 2731 fuisse
2827 2683 3103 2731 statutam.

1913 2793 2206 2863 Gregorius
2250 2792 2489 2863 Magnus,
2520 2792 2612 2848 lib.
2642 2798 2756 2859 xu,‘
2780 2793 2937 2863 epist.
2969 2793 3058 2858 52,
3090 2793 3157 2848 ad
3184 2792 3419 2849 Felicem

1842 2884 2150 2953 episcopum
2196 2882 2454 2937 Messanae
2498 2901 2511 2935 :
2566 2882 2888 2937 «Manifesta
2938 2898 3151 2953 quoque
3198 2893 3417 2957 peccata

1840 2991 1949 3029 non
1990 2984 2113 3028 sunt
2141 2975 2353 3029 occulta
2395 2974 2733 3028 correctione
2774 2975 3086 3043 purganda:
3129 2974 3219 3029 sed
3242 2974 3419 3043 palam

1843 3073 1971 3119 sunt
1992 3066 2270 3136 arguendi,
2301 3063 2591 3133 quipalam
2615 3073 2833 3128 nocent,
2868 3073 2925 3117 ut
2950 3064 3075 3117 dum
3107 3073 3293 3132 aperta
3323 3064 3422 3118 oh-

1769 3184 1815 3249 C
1839 3157 2149 3228 jurgatione
2178 3162 2458 3218 sanantur,
2491 3154 2528 3208 ii
2560 3154 2650 3223 qui
2680 3170 2775 3209 eos
2804 3154 3062 3209 imitando
3089 3155 3424 3225 deliquerant

1846 3248 2206 3318 corrigantur.
2272 3247 2409 3299 Dum
2456 3246 2599 3299 enim
2648 3262 2785 3299 unus
2832 3248 3161 3316 corripitur,
3205 3247 3423 3317 plurimi

1844 3338 2219 3413 emendantur.
2266 3337 2333 3389 Et
2362 3336 2553 3390 melius
2585 3344 2669 3388 est
2699 3343 2758 3388 ut
2789 3350 2888 3404 pro
2914 3337 3205 3391 multorum
3252 3339 3423 3393 salute

1844 3442 1983 3480 unus
2017 3426 2405 3480 condemnetur
2448 3439 2607 3494 quam
2642 3438 2740 3493 per
2767 3424 2927 3479 unius
2956 3425 3231 3480 licentiam
3269 3426 3422 3481 multi

1845 3516 2238 3585 periclitentur.
2268 3534 2285 3567 ι

1916 3628 2155 3684 Isidorus
2178 3628 2509 3699 Hispalensis
2538 3628 2592 3683 in
2618 3628 2837 3698 Regalis
2859 3630 3266 3695 monachorum,
3299 3646 3421 3702 cap.

1848 3719 1955 3774 15:
1994 3738 2011 3771 ι
2035 3720 2320 3775 Peccatum
2366 3718 2542 3789 palam
2588 3719 2962 3786 commissum,
2998 3720 3177 3790 palam
3224 3730 3307 3777 est
3338 3737 3426 3777 ar-

1848 3811 2139 3881 guendum,
2170 3819 2224 3864 et
2270 3811 2397 3864 dum
2445 3808 2729 3867 manifeste
2759 3824 2988 3880 peccans
3022 3812 3360 3878 emendatur,
3386 3812 3425 3867 ii

1849 3901 1942 3970 qui
1973 3916 2096 3955 eum
2127 3901 2181 3953 in
2211 3900 2351 3955 malo
2384 3900 2576 3953 imitati
2606 3908 2749 3964 sunt,
2783 3901 3144 3972 corrigantur.
3184 3922 3203 3954 ›

1921 4016 2127 4087 Eligius
2176 4015 2549 4071 Noviomensis
2589 4015 2908 4086 episcopus,
2958 4016 3013 4071 in
3056 4017 3281 4072 homilia
3311 4018 3376 4073 16
3411 4039 3423 4073 :

1857 4126 1875 4157 ι
1905 4107 2050 4161 Duos
2078 4115 2361 4176 praeterea,
2395 4106 2592 4162 fratres
2619 4107 2758 4173 mei,
2786 4107 3140 4178 alloquimur:
3171 4124 3306 4179 quos
3332 4127 3430 4180 pu-

1849 4198 1991 4253 blica
2036 4199 2177 4252 actio
2206 4196 2500 4251 criminalis
2534 4197 2803 4267 publicam
2835 4199 3011 4270 coegit
3051 4214 3211 4269 agere
3257 4202 3429 4268 paeni-

1854 4289 2096 4342 tentiam.
2131 4308 2149 4339 ι
2194 4287 2325 4343 Cum
2351 4288 2510 4342 iidem
2539 4287 2725 4343 Patres
2748 4329 2762 4355 ,
2792 4297 2852 4342 ut
2880 4304 3039 4359 supra
3068 4290 3424 4355 ostendimus,

1852 4383 2118 4437 atlirment
2139 4396 2346 4433 morem
2374 4378 2540 4434 fuisse
2566 4379 2817 4434 Ecclesia:
2846 4380 2911 4434 de
2936 4381 3173 4447 peccatis
3201 4380 3428 4435 occultis

1855 4480 2065 4527 secreto
2092 4470 2408 4542 paenitendi,
2458 4486 2566 4525 non
2586 4479 2813 4540 possunt
2834 4469 2974 4524 hanc
3004 4470 3229 4538 publica:
3251 4471 3427 4540 paeni-

165 4542 309 4557 nm,
342 4542 669 4563 Ἵππη-Ἰ--
700 4542 805 4549 _-_
834 4542 1035 4549 ___-__-
1070 4542 1341 4563 μηπη
1379 4542 1481 4549 η.-
1515 4542 1723 4550 --η-,η

163 4589 365 4634 mento
392 4591 613 4649 sanata,
652 4582 800 4637 velut
827 4584 937 4654 igni
974 4585 1205 4653 quodam
1244 4585 1345 4653 pia:
1370 4585 1751 4653 inerepationis

1856 4564 2036 4619 tentia:
2068 4564 2331 4618 rationem
2382 4562 2617 4627 referre,
2666 4562 2795 4631 quin
2830 4559 3114 4615 manifeste
3154 4561 3432 4617 declarent

161 4670 382 4726 urenda
435 4683 562 4727 sunt
603 4682 658 4729 et
704 4676 963 4730 curanda.
1028 4676 1179 4742 Quod
1219 4678 1264 4731 si
1294 4692 1393 4731 nec
1430 4678 1509 4733 sic
1536 4679 1753 4746 quidem

157 4764 557 4834 aequanimiter
600 4766 916 4821 sustinentis
963 4782 1028 4823 ac
1071 4770 1159 4837 pie
1190 4767 1519 4838 increpantis
1546 4768 1755 4824 medela

159 4853 473 4925 profecerit
502 4857 555 4911 in
590 4856 669 4912 eis
703 4857 794 4927 qui
824 4859 914 4913 diu
943 4860 1143 4927 portati
1177 4868 1232 4913 et
1268 4860 1557 4915 salubriter
1580 4860 1759 4931 objur-

155 4945 287 5011 gati
320 4945 517 5015 corrigi
538 4945 835 5013 noluerint,
874 4956 1131 5017 tanquam
1156 4957 1340 5018 putres
1368 4951 1609 5019 corporis
1632 4967 1758 5021 par-

154 5048 256 5091 tes
308 5038 505 5094 debent
540 5050 724 5110 partes
766 5041 975 5097 debent.
1003 5041 1147 5096 ferro
1193 5045 1759 5100 excommunicationis

148 5130 463 5186 abscindi:
494 5147 563 5187 ne
609 5133 747 5187 sicut
788 5148 916 5189 caro
940 5134 1097 5189 nobis
1122 5123 1387 5201 emortua,
1435 5138 1480 5191 si
1520 5138 1759 5192 abscissa

150 5238 285 5277 non
344 5220 544 5289 fuerit,
600 5224 791 5279 saltem
841 5224 1061 5295 reliqua:
1094 5227 1273 5282 carnis
1319 5228 1619 5297 putredinis
1646 5243 1759 5283 suae

143 5314 500 5382 contagione
547 5315 879 5385 corrumpit:
911 5315 986 5370 ita
1017 5316 1106 5371 isti
1146 5318 1238 5386 qui
1265 5318 1541 5373 emendari
1582 5319 1758 5387 despi-

145 5404 353 5468 ciunt,
378 5412 434 5459 et
460 5406 515 5461 in
539 5422 636 5461 suo
661 5406 850 5462 morbo
874 5408 1171 5477 persistunt
1187 5447 1203 5474 ,
1231 5408 1278 5464 si
1304 5409 1544 5465 moribus
1569 5410 1757 5478 depra-

146 5497 323 5551 vatis
347 5497 401 5551 in
424 5508 732 5555 sanctorum
753 5500 1011 5555 societate
1027 5502 1439 5571 permanserint,
1462 5518 1554 5557 eos
1575 5518 1758 5558 exem-

145 5584 269 5656 plo
320 5601 431 5641 suae
476 5588 795 5657 perditionis
832 5589 1093 5643 inficiant.
1140 5609 1158 5641 ι
1198 5590 1425 5661 Pr0pter
1450 5591 1759 5646 scandalum

150 5677 332 5748 quod
382 5678 503 5733 aliis
538 5679 811 5749 injiciunt,
838 5680 907 5735 ab
949 5680 1190 5736 Ecclesia
1225 5683 1581 5752 expelluntur.
1623 5683 1762 5753 Ergo

151 5769 314 5838 quia
344 5770 583 5839 ipsorum
626 5771 830 5826 crimen
879 5780 999 5827 erat
1048 5772 1338 5841 publicum.
1400 5774 1465 5829 Et
1511 5775 1762 5844 quoniam

1853 4655 2225 4734 pro.publicis
2268 4663 2472 4707 tantum
2515 4651 2832 4707 criminibus
2868 4650 3137 4723 publicam
3168 4652 3431 4722 poeniten-

1856 4747 1988 4801 tiam
2015 4748 2083 4801 ab
2113 4745 2355 4800 Ecclesia
2381 4743 2547 4797 fuisse
2572 4750 2851 4798 statutam.

1929 4858 2035 4915 Sed
2064 4860 2109 4915 si
2131 4859 2318 4913 Patres
2343 4856 2609 4912 atlirment
2632 4857 3004 4927 paenitentiam
3034 4857 3303 4928 publicam
3329 4873 3431 4929 pro

1857 4949 2089 5019 publicis
2116 4956 2324 5002 tantum
2348 4947 2666 5003 criminibus
2705 4942 2773 5004 ab
2804 4949 3044 5004 Ecclesia
3073 4950 3239 5005 fuisse
3264 4958 3431 5005 statu-

1863 5048 2003 5103 tam;
2034 5040 2080 5093 si
2109 5038 2298 5092 Patres
2320 5044 2590 5092 testentur
2612 5039 2679 5092 de
2712 5040 2949 5108 peccatis
2976 5039 3203 5094 occultis
3227 5056 3433 5096 morem

1860 5129 2113 5183 Ecclesiae
2135 5128 2301 5184 fuisse
2330 5137 2537 5183 secreto
2563 5130 2888 5199 ptenitendi;
2921 5130 2967 5184 si
2996 5131 3225 5201 denique
3247 5130 3435 5187 Patres

1859 5221 2018 5291 plane
2060 5228 2258 5289 negent
2300 5235 2508 5275 morem
2532 5218 2697 5275 fuisse
2730 5220 2988 5275 Ecclesia:
3016 5222 3234 5278 decreto
3262 5224 3436 5279 sanci-

1863 5320 1976 5365 tum
2006 5311 2221 5381 publice
2246 5312 2311 5366 de
2334 5312 2574 5380 peccatis
2595 5312 2821 5367 occultis
2840 5311 3137 5382 paenitendi
3183 5331 3195 5367 :
3237 5315 3435 5367 mirum

1863 5403 2132 5472 quomodo
2158 5403 2208 5458 J.
2238 5403 2476 5459 Morinus
2500 5404 2681 5459 dicere
2704 5405 2917 5475 potuit,
2964 5404 3300 5460 Theodorum
3327 5401 3438 5471 pri-

1864 5513 2013 5552 mum
2060 5512 2181 5552 esse
2233 5483 2552 5566 qui‘aperte
2593 5512 2799 5553 morem
2849 5498 3065 5553 sustuli‘
3110 5497 3322 5566 publice
3370 5508 3439 5548 ne

1867 5580 2184 5644 criminibus
2215 5588 2440 5643 occultis
2469 5590 2800 5657 pmnitendi;
2832 5588 3097 5660 bujusqne
3137 5586 3304 5641 moris
3341 5598 3441 5639 an-

1870 5683 2003 5752 tiqui
2042 5691 2120 5736 tot
2160 5698 2281 5738 esse
2320 5693 2635 5753 argumenta
2660 5724 2675 5749 ,
2707 5684 2849 5755 quod
2892 5684 3003 5739 fere
3043 5695 3275 5737 canones
3315 5686 3443 5734 ante

1871 5775 2017 5845 mille
2038 5791 2208 5831 annos
2231 5777 2283 5831 in
2304 5776 2589 5835 criminum
2617 5792 2736 5833 reos
2752 5778 2972 5835 conditi.
3006 5774 3229 5843 Quodut
3247 5778 3440 5851 probet
