4060 6350
267 330 412 412 1189

1124 351 1212 405 AB
1247 350 1415 411 OMNl
1453 352 1818 410 NOVITATIS
1857 352 2257 413 SUSPlClONE
2295 357 2684 416 VINDICATA.

3378 344 3522 428 i190

263 482 428 525 causa
454 466 694 538 przebere
718 472 1038 536 potestatem
1062 472 1121 520 ut
1150 466 1385 537 impleat.
1412 468 1611 524 Eadem
1645 479 1844 526 testan-
1871 472 1925 530 Α
1948 486 2157 526 morum
2199 474 2363 528 animi
2402 476 2713 531 morborum
2733 477 2953 533 omnino
2976 479 3217 538 sufﬁcere
3249 481 3527 553 indicave-

263 569 356 615 tur
380 557 709 628 Halitgarius
734 557 788 612 in
813 557 1127 628 praefatione
1157 560 1223 613 ad
1249 560 1623 617 Pcenitentiale
1650 562 1847 618 Roma-

259 664 424 715 num;
456 648 679 720 Regina.
705 647 798 703 lib.
829 665 846 704 ι
875 649 942 704 de
965 651 1348 708 ecclesiasticis
1370 648 1694 722 Discipllnis,
1726 666 1844 729 cap.

256 741 388 797 296.
440 737 573 796 Cum
617 741 782 810 igitur
819 741 1181 810 quorumlibet
1221 734 1430 811 publice
1470 742 1848 814 pteni'tentium

261 831 407 900 apud
444 828 717 884 Romanos
744 836 898 883 extra
927 829 1264 886 necessitatis
1302 847 1487 886 casum
1530 833 1850 888 reconcilia-

259 922 468 977 tio-ﬁat
493 921 634 975 intra
662 922 899 977 absidem
928 940 941 975 :
977 938 1205 993 cumque
1246 918 1435 979 Patres
1475 925 1687 981 concilii
1716 925 1849 982 Car-

260 1011 597 1082 thaginensis
634 1026 698 1067 ιιι
741 1021 987 1067 asseram
1017 1013 1240 1082 hujusce
1268 1016 1725 1076 reconciliationis
1752 1033 1850 1087 pu—

258 1103 416 1158 blica:
442 1103 703 1157 rationem
742 1118 861 1158 esse
903 1104 1108 1159 crimen
1141 1103 1439 1174 publicum,
1484 1106 1653 1175 liquet
1676 1107 1851 1177 paeni-

258 1191 490 1247 tentiam
542 1190 812 1260 publicam
864 1191 1079 1247 nonnisi
1129 1192 1199 1247 ob
1248 1193 1462 1264 publica
1514 1195 1740 1249 crimina
1786 1194 1852 1249 ab

259 1281 504 1338 Ecclesia
534 1279 700 1337 fuisse
729 1281 1055 1352 impositam,
1087 1290 1249 1354 atque
1276 1283 1479 1339 idcirco
1508 1284 1596 1339 illa
1624 1285 1851 1340 crimina

261 1372 476 1439 publica
520 1372 829 1451 distinxisse
869 1374 938 1427 ob
981 1374 1224 1438 occultis,
1277 1389 1377 1444 pro
1418 1376 1614 1445 quibus
1662 1390 1852 1431 omnes

260 1460 465 1515 Patres.
500 1461 745 1516 unanimi
787 1474 1053 1517 consertae
1103 1474 1433 1521 censuerunt
1477 1466 1851 1539 pteniteutiam

263 1560 479 1607 secreto
504 1550 702 1607 metam
728 1550 992 1608 sufﬁcere.

336 1641 438 1697 Hic
478 1651 564 1697 est
603 1643 738 1697 ordo
777 1644 1057 1701 cbaritatis
1098 1647 1461 1715 continendae,
1505 1666 1664 1720 quem
1707 1651 1851 1708 Deus

254 1748 390 1804 erga
420 1734 674 1804 populum
696 1732 865 1792 Israel
889 1739 1062 1793 tenuit
1086 1757 1098 1793 :
1125 1754 1285 1810 quem
1315 1742 1567 1799 Christus
1593 1745 1644 1798 in
1674 1746 1849 1800 Evan-

1948 571 2091 617 runt.
2119 562 2188 620 Ut
2213 566 2376 635 igitur
2398 576 2581 636 pateat
2604 568 2794 625 Patres
2815 572 3064 642 antiquos
3086 574 3527 641 gravissimorum

1949 656 2113 709 animi
2156 659 2465 712 morborum
2508 662 2842 717 sanationem
2889 680 2994 719 non
3041 665 3358 736 neglexisse,
3404 669 3529 724 licet

1949 759 2182 802 canones
2210 747 2536 818 intelligendi
2565 751 2671 805 sint
2700 752 2767 807 de
2795 754 3110 809 criminibus
3131 755 3390 824 publicis,
3418 757 3526 813 imo

1950 838 2015 892 de
2040 853 2227 892 eorum
2265 841 2541 896 sanatione
2570 843 2861 898 maximam
2896 846 3125 916 gessisse
3156 862 3371 915 curam;
3412 849 3527 906 haec

1948 932 2187 986 remedia
2210 932 2545 1003 proferemus
2573 950 2639 991 ex
2667 939 3059 1010 antiquissimis
3085 938 3353 997 Patribus.

2020 1020 2286 1085 Clemens,
2308 1027 2669 1093 apostolorum
2684 1027 2994 1097 discipulus,
3015 1031 3071 1084 in
3100 1031 3345 1103 epistola,
3362 1048 3526 1104 quam

1949 1112 2167 1166 nomine
2186 1110 2440 1168 Ecclesiae
2461 1112 2715 1171 Romance
2729 1116 2795 1172 ad
2810 1117 3210 1179 Corinthiorum
3224 1121 3523 1177 Ecclesium

1950 1198 2186 1270 scripsit,
2218 1208 2272 1256 et
2301 1217 2463 1271 quam
2500 1202 2766 1261 Eusebius
2793 1198 2888 1261 lib.
2925 1222 2988 1263 ru
3036 1210 3231 1266 eccles.
3289 1209 3519 1277 Histor.,

1949 1306 2068 1360 cap.
2106 1282 2194 1356 l6,
2220 1301 2448 1348 testatur
2477 1292 2545 1350 ab
2575 1296 2824 1353 omnibus
2847 1300 3090 1355 unanimi
3118 1316 3381 1357 consensu
3439 1319 3525 1359 re-

1951 1390 2161 1451 ceptam
2182 1392 2321 1449 esse,
2350 1392 2412 1439 ut
2431 1393 2557 1454 pote
2593 1386 2845 1442 eximiam
2876 1404 2940 1445 ac
2964 1405 3184 1460 prorsus
3232 1393 3526 1449 admirabi-

1950 1470 2077 1536 lem,
2125 1472 2240 1527 haec
2288 1482 2639 1545 peccatorum
2674 1478 2911 1534 remedia
2953 1483 3225 1553 proponit.
3264 1503 3282 1535 ι
3318 1483 3524 1543 Divinae

1951 1563 2138 1632 gratize
2189 1564 2443 1631 ministri,
2505 1565 2711 1637 Spiritu
2767 1577 2957 1625 sancto
3000 1571 3198 1638 afﬂati,
3246 1573 3312 1629 de
3348 1575 3524 1644 poeni-

1952 1650 2119 1705 tentia
2162 1650 2329 1707 locuti
2355 1662 2496 1708 sunt.
2539 1655 2658 1727 lpse
2698 1658 2859 1712 etiam
2900 1672 3083 1715 rerum
3131 1664 3371 1717 omnium
3419 1665 3523 1720 Do-

1952 1741 2130 1796 minus
2181 1757 2306 1796 cum
2348 1743 2659 1812 iuramento
2711 1748 2777 1803 de
2819 1750 3136 1819 paenitentia
3176 1752 3385 1809 locutus
3415 1762 3519 1809 est.

259 1825 399 1896 gelio
424 1826 709 1896 praecepit,
740 1834 796 1882 et
825 1835 936 1883 tota
964 1826 1181 1885 Patrum
1209 1833 1427 1888 traditio
1450 1837 1839 1904 comprobavit.
1871 1836 1921 1899 B
1946 1830 2100 1898 Vim,
2147 1832 2340 1903 inquit,
2399 1830 2656 1892 Dominus
2677 1879 2693 1903 ,
2747 1837 2871 1894 nolo
2917 1848 3148 1897 mortem
3192 1845 3516 1913 peccatoris,

255 1914 383 1972 Hice
409 1926 493 1972 est
519 1918 749 1989 denique
774 1918 859 1974 lex
884 1922 1156 1990 aequitatis
1179 1923 1425 1992 publicae,
1458 1934 1512 1979 et
1530 1925 1670 1994 juris
1694 1942 1840 1982 com-

257 2009 436 2083 munis
462 2009 530 2065 ab
554 2011 803 2066 omnibus
850 2013 1181 2082 sapientibus
1224 2013 1445 2080 laudati,
1493 2025 1553 2071 ut
1600 2017 1841 2074 solvatur

257 2100 486 2168 quisque
526 2116 591 2156 eo
632 2101 791 2159 modo
832 2118 938 2174 quo
977 2102 1193 2161 funibus
1230 2116 1576 2179 peccatorum
1620 2100 1841 2167 suorum

259 2186 560 2246 collluatur.

259 2189 560 2261 colllgatur.

878 2280 1107 2345 CAPUT
1142 2286 1189 2344 ν

262 2368 561 2449 Secundum
590 2386 949 2447 argumentum
982 2372 1239 2449 refellitur
1260 2389 1348 2449 :let
1376 2384 1687 2449 ostenditur,
1719 2383 1839 2439 licet

331 2444 866 2523 fcreomnesantiqui
894 2444 1118 2504 canones
1147 2446 1475 2523 intelligendi
1509 2456 1617 2507 sint
1639 2444 1706 2510 de
1736 2456 1841 2509 eri--

330 2514 564 2591 uultibus
578 2514 954 2591 publium)!”
980 2530 1163 2583 tamen.
1186 2514 1373 2579 recte'a
1399 2524 1453 2576 1.
1484 2523 1697 2583 Marino
1714 2542 1840 2591 com-

328 2583 499 2664 clu_di_,
548 2582 673 2664 inde
708 2582 851 2658 sequi
894 2582 1079 2664 Patres
1128 2582 1367 2664 antiquos
1411 2582 1838 2664 grauissimorum

329 2654 519 2732 animi;
542 2654 833 2732 morborum
885 2657 1213 2732 sanationem
1251 2654 1472 2730 'prorsits
1521 2663 1835 2732 neglexisse,

328 2740 447 2777 cum
475 2723 669 2800 Patres
686 2729 900 2800 antiqui
934 2736 1124 2800 preter
1153 2723 1505 2800 pteriitentiam
1544 2723 1835 2800 publicam,

328 2750 447 2777 cum
475 2750 669 2779 1'0er
699 2750 900 2797 annqlu
934 2750 1124 2797 premar
1153 2750 1505 2800 pwmrennam
1618 2750 1835 2797 uncam,

327 2803 381 2851 ct
427 2793 635 2877 qualem
670 2796 742 2877 1:.
758 2796 1007 2861 Moriens
1020 2798 1296 2877 describit,
1322 2800 1479 2871 plura
1650 2814 1841 2872 μορὼ

329 2866 527 2937 suerint
550 2866 796 2937 remedia,
822 2884 938 2937 qua:
963 2868 1030 2922 ad
1056 2866 1380 2925 sanationem
1410 2866 1837 2937 gravissimorum

328 2934 489 2986 animi
517 2935 813 2993 morborum
834 2934 1052 2992 omnino
1082 2940 1313 3009 sufﬁcere
1331 2934 1707 3010 judicaverint.

335 3062 355 3094 ‹
390 3043 720 3111 Secundum,
744 3045 917 3116 inquit
941 3044 990 3101 Ι.
1018 3045 1280 3113 Morinos,
1311 3055 1567 3117 sequetur
1590 3049 1839 3121 antiquos

256 3120 449 3201 Patres
470 3136 536 3191 de
557 3136 785 3215 publicis
804 3136 1121 3193 criminibus
1144 3154 1330 3195 curam
1352 3147 1560 3197 tantum
1584 3120 1835 3211 gessiSse,

256 3225 324 3281 de
350 3224 576 3287 occultis
604 3242 733 3289 vero
762 3227 981 3285 nullam.
1012 3226 1068 3283 Si
1099 3228 1242 3282 enim
1270 3243 1504 3283 canones
1528 3228 1603 3287 illi
1628 3230 1692 3284 de
1718 3247 1843 3300 pec-

257 3313 398 3373 catis
420 3315 643 3384 publicis
667 3315 993 3389 intelligendi
1015 3325 1161 3383 sunt,
1180 3317 1246 3372 de
1268 3310 1501 3381 occultis
1514 3318 1838 3386 homicidiis,

258 3403 727 3475 fornicationibus,
750 3417 885 3473 etc,
911 3408 1041 3463 nulli
1068 3408 1298 3477 amplius
1325 3418 1636 3477 supersunt.
1676 3408 1841 3479 Atqui

259 3494 491 3557 erimina
517 3497 775 3568 ejusmodi
810 3506 1017 3561 secreta
1047 3506 1427 3569 perpetrantur
1453 3499 1686 3565 occulte,
1713 3500 1840 3555 dum

257 3601 430 3641 mum
458 3595 549 3643 aut
571 3586 794 3647 alterum
822 3586 1033 3657 publice
1061 3587 1480 3657 deprehenditur
1505 3606 1517 3641 :
1545 3603 1842 3661 conseque-

256 3683 412 3731 retur
434 3676 597 3746 igitur
620 3677 1059 3748 gravissimorum
1080 3677 1241 3731 animi
1270 3678 1580 3737 morborum
1606 3679 1841 3734 sanatio-

254 3783 383 3831 nem
419 3769 669 3840 antiquos
694 3768 883 3827 Patres
917 3784 1138 3839 prorsus
1162 3768 1494 3840 neglexisse;
1526 3771 1671 3840 quod
1697 3771 1842 3841 cogi-

254 3867 375 3921 tare
402 3856 552 3923 nefas
591 3867 692 3927 est,
736 3859 934 3914 nedum
977 3860 1176 3914 dicere.
1221 3858 1279 3913 Si
1303 3860 1637 3937 pwnitentiae
1675 3862 1842 3917 ratio-

254 3963 382 4015 nem
413 3955 618 4007 tantum
646 3948 905 4023 baberent
928 3963 1245 4019 poenarum,
1282 3944 1500 4003 tolerari
1526 3947 1709 4007 forsan
1740 3952 1842 4007 hoc

252 4046 460 4117 posset.
492 4039 691 4097 Verum
719 4054 841 4094 cum
882 4039 1396 4094 medicamentorum
1437 4040 1704 4096 rationem
1747 4056 1843 4111 po-

254 4130 525 4191 tissimum
580 4130 833 4196 induant,
882 4130 1131 4205 hancque
1181 4130 1446 4183 rationem
1490 4128 1680 4185 Patres
1730 4147 1841 4205 pra:

255 4220 471 4281 caneris
498 4228 763 4290 spectent,
789 4217 893 4273 dici
926 4235 1032 4274 non
1064 4227 1242 4290 potest
1268 4218 1509 4274 ulcerum
1539 4229 1648 4274 tam
1673 4220 1840 4288 pesti-

253 4308 497 4364 ferorum
524 4309 627 4363 nisi
654 4308 868 4379 publice
903 4316 957 4363 et
983 4308 1036 4361 in
1066 4307 1349 4378 prepatulo
1370 4318 1668 4380 serperent,
1696 4311 1839 4379 quod

253 4415 420 4475 quam
450 4399 725 4455 rarissime
767 4407 822 4468 et
866 4399 957 4461 vix
990 4398 1284 4469 contingit,
1324 4399 1659 4453 curationem
1687 4400 1839 4454 dese-

252 4493 453 4556 ruisse,
482 4506 681 4561 susque
707 4491 879 4560 deque
906 4490 1181 4555 habuisse,
1210 4494 1265 4543 et
1289 4489 1355 4544 de
1390 4489 1597 4544 levibus
1629 4496 1835 4544 tantum

252 4579 666 4661 venialibusque
707 4579 946 4658 peccatis
993 4577 1249 4633 sanandis
1286 4579 1528 4634 curiosos
1570 4578 1737 4636 fuisse
1784 4588 1839 4635 et

253 4672 538 4728 sollicitos.
576 4691 593 4722 I

327 4759 631 4831 Responsio.
660 4788 731 4799 -—
758 4757 1012 4830 Quamvis
1044 4758 1236 4815 Patres
1280 4759 1488 4830 antiqui
1528 4759 1581 4812 in
1622 4761 1843 4815 canoni-

249 4852 377 4917 bus,
413 4853 503 4922 qui
540 4860 664 4907 sunt
689 4851 836 4925 leges
862 4850 1088 4921 publicae
1110 4851 1297 4923 judicii
1324 4851 1704 4916 ecclesiastici,
1732 4868 1841 4907 non

253 4941 612 5012 exposuerint
640 4941 879 4995 remedia
900 4941 1095 5009 quibus
1120 4939 1346 4995 crimina
1382 4942 1595 4997 occulta
1628 4942 1840 4997 diluun-

252 5039 365 5097 tur,
397 5047 506 5087 non
537 5041 717 5087 tamen
745 5031 870 5089 inde
900 5039 1046 5086 recte
1075 5032 1413 5087 concluditur
1460 5050 1492 5088 a
1534 5032 1583 5090 «Ι.
1631 5033 1839 5090 Morino

249 5119 447 5178 Patres
471 5116 723 5193 antiquos
750 5122 1191 5195 gravissimorum
1218 5123 1385 5176 animi
1413 5124 1725 5178 morborum
1753 5140 1837 5177 sa-

252 5215 533 5271 nationem
573 5231 794 5287 prorsus
842 5214 1161 5287 neglexisse.
1212 5214 1423 5269 Etenim
1466 5214 1592 5269 alibi
1643 5223 1841 5285 praeter

249 5307 637 5376 paenitentiam
662 5305 931 5376 publicam
950 5347 965 5373 ,
991 5306 1204 5377 qualem
1236 5304 1285 5361 J.
1317 5304 1555 5360 Morinus
1580 5302 1841 5361 describit

251 5380 352 5461 lib.
396 5412 450 5451 ιν
488 5396 557 5452 de
596 5397 1075 5455 Administratione
1122 5396 1445 5461 sacramenti
1485 5398 1837 5469 ptenitentite,

251 5502 377 5557 cap.
412 5486 469 5555 7,,
499 5501 768 5559 quamque
795 5489 861 5542 ab
890 5488 1018 5558 ipsis
1044 5488 1206 5542 etiam
1235 5487 1570 5543 incunabulis
1588 5488 1840 5543 Ecclesize

212 5560 221 5565 ’
254 5564 608 5637 constitutam
636 5596 755 5636 esse
780 5581 911 5636 dicit
940 5580 992 5634 in
1033 5578 1410 5635 afflictionibus
1442 5588 1496 5634 et
1524 5580 1840 5635 maceratio-

250 5672 420 5745 nibus
446 5672 690 5745 corporis
729 5671 1045 5736 manifestis,
1090 5671 1280 5727 Patres
1316 5670 1519 5740 antiqui
1546 5670 1698 5741 plura
1735 5671 1840 5725 alia

254 5772 656 5834 proposuerunt
699 5763 955 5829 remedia,
988 5778 1107 5832 quae
1129 5764 1195 5818 ad
1224 5762 1556 5816 sanationem
1586 5762 1840 5833 gravissi-

1944 1923 2082 1977 sicut
2101 1925 2472 1994 paenitentiam
2500 1929 2704 1984 addens
2728 1929 2948 2001 insuper
2973 1933 3176 1988 dictum
3202 1937 3476 2009 egregium
3505 1955 3518 1990 :

1942 2010 2280 2084 Resipiscite,
2309 2018 2499 2074 domus
2528 2019 2712 2086 Israel,
2746 2023 2814 2077 ab
2856 2020 3142 2095 iniquitate
3187 2036 3388 2083 vestra.
3425 2028 3525 2084 Dic

1943 2104 2071 2161 ﬁliis
2094 2105 2275 2177 populi
2303 2108 2442 2175 mei,
2488 2107 2545 2163 Si
2577 2122 2800 2180 peccata
2827 2121 3011 2169 vestra
3037 2126 3068 2170 a
3116 2122 3258 2171 terra
3304 2114 3373 2174 ad
3411 2133 3521 2174 coe-

1942 2194 2052 2250 l'um
2070 2211 2240 2266 usque
2257 2197 2698 2268 multiplicemur,
2723 2203 2769 2256 si
2794 2216 2957 2258 cocco
2983 2202 3230 2260 rubriora'
3260 2213 3314 2261 et
3340 2207 3517 2273 cilicio

1939 2284 2180 2356 nigriora
2223 2286 2443 2353 fuerint,
2475 2296 2530 2344 et
2576 2291 2643 2345 ad
2693 2307 2781 2347 me
2806 2305 2873 2347 ex
2918 2299 3032 2349 toto
3078 2295 3239 2350 corde
3268 2298 3514 2353 conversi

1940 2375 2153 2433 meritis
2194 2387 2249 2433 et
2277 2379 2548 2447 dixeritis,
2586 2380 2772 2449 Pater,
2814 2386 3067 2454 tanquam
3100 2387 3298 2460 populo
3327 2396 3515 2451 sancto

1932 2472 2130 2527 aurem
2160 2473 2312 2529 vobis
2337 2475 2607 2549 praebebo.
2646 2476 2713 2530 Et
2735 2477 2790 2530 in
2818 2476 2923 2533 alio
2947 2476 3088 2546 loco,
3119 2480 3199 2539 sic
3224 2478 3383 2546 dicit,
3409 2480 3514 2536 La-

1940 2556 2156 2628 vamini,
2208 2562 2391 2616 mundi
2436 2573 2613 2629 estote,
2665 2562 2872 2621 auferte
2918 2566 3059 2621 mala
3107 2584 3172 2624 ex
3230 2569 3514 2637 animabus

1942 2653 2135 2708 vestris
2166 2654 2234 2708 ab
2266 2653 2435 2729 oculis
2484 2656 2640 2721 meis,
2670 2656 2934 2728 quiescite
2960 2674 2992 2711 a
3037 2657 3259 2715 malitiis
3297 2664 3515 2723 vestris.

1943 2744 2143 2800 Discite
2191 2734 2371 2800 facere
2407 2743 2630 2813 bonum,
2688 2750 2912 2818 quaerite
2949 2747 3231 2817 judicium,
3291 2749 3520 2811 liberate

1941 2850 2278 2907 Oppressum,
2322 2836 2562 2917 judicate
2602 2838 2823 2909 pupillo,
2871 2844 2926 2895 et
2956 2841 3251 2910 iustiﬁcate
3280 2842 3513 2902 viduam.

1941 2925 2009 2982 Et
2036 2929 2213 2981 venite
2248 2927 2634 2998 colloquantur,
2663 2930 2794 2986 dicit
2816 2916 3097 3001 Dominus,
3130 2941 3186 2989 et
3231 2936 3280 2990 si
3315 2932 3517 2993 fuerint

1941 3026 2163 3089 peccata
2196 3027 2378 3074 vestra
2412 3021 2939 3093 quaslpboenicium,
2980 3024 3120 3081 sicut
3143 3027 3321 3082 nivem
3364 3027 3516 3098 deal-

1941 3108 2105 3175 babo,
2148 3116 2204 3164 et
2231 3110 2278 3165 si
2306 3110 2507 3166 fuerint
2534 3120 2594 3165 ut
2621 3114 2926 3181 coccinum,
2973 3115 3113 3172 sient
3152 3117 3332 3175 lanam
3375 3119 3520 3176 deal-

1869 3197 1917 3262 C
1946 3198 2105 3257 bubo.
2154 3201 2248 3256 Illa
2287 3208 2412 3257 sunt
2455 3202 2693 3258 remedia
2744 3205 3110 3275 penitentiam
3162 3224 3282 3281 qua:
3326 3210 3521 3266 divinae

1942 3295 2132 3364 gratiae
2178 3294 2409 3349 ministri
2467 3293 2669 3367 Spiritu
2722 3304 2912 3351 sancto
2962 3295 3125 3353 adlati
3176 3300 3513 3369 docuerunt,

1943 3394 2106 3453 atque
2135 3383 2250 3454 ipse
2283 3397 2465 3439 rerum
2511 3385 2754 3439 onmium
2806 3386 3086 3442 Dominus.
3121 3407 3140 3440 ι
3173 3386 3308 3457 Quis
3353 3405 3517 3459 porro

1941 3475 2158 3548 negabit
2173 3483 2416 3533 sanctum
2439 3472 2770 3533 Clementem
2799 3479 3094 3547 censuisse,
3137 3480 3252 3536 haec
3278 3483 3516 3543 remedia

1943 3583 2010 3621 ex
2048 3566 2344 3637 Scripturis
2384 3568 2551 3638 petita
2578 3564 2647 3625 ad
2674 3569 3046 3626 remissionem
3076 3572 3361 3641 criminum
3391 3589 3515 3655 gra-

1941 3661 2287 3716 vissimorum
2324 3658 2604 3716 sufﬁcere?

2014 3750 2256 3807 Justinus
2278 3760 2485 3821 martyr
2506 3751 2561 3805 in
2589 3750 2799 3824 dialogo
2821 3768 2941 3809 eum
2968 3752 3257 3827 Tryphone
3285 3750 3470 3821 Iudaeo
3497 3776 3510 3812 :

1950 3861 1968 3893 ι
1997 3842 2115 3897 Non
2145 3843 2199 3898 in
2226 3842 2376 3897 hisce
2399 3842 2798 3917 beneplacitum
2822 3838 3075 3900 consistit
3095 3845 3191 3900 Dei
3219 3847 3409 3902 nostri.
3456 3840 3514 3915 Si

1943 3935 2064 4007 quis
2090 3934 2143 3987 in
2171 3933 2323 3988 vobis
2376 3940 2460 3988 est
2497 3931 2742 4003 periurus
2791 3942 2882 3989 aut
2927 3933 3242 4007 fraudator,
3288 3930 3517 4011 peccare

1944 4024 2170 4082 desinat.
2205 4023 2262 4078 Si
2311 4026 2434 4105 quis
2479 4024 2796 4093 fornicator,
2824 4042 2855 4081 a
2882 4025 3026 4081 malo
3069 4027 3355 4100 resipiscat
3394 4043 3410 4081 :
3461 4037 3518 4087 et

1941 4131 2067 4168 vera
2092 4114 2320 4182 laetaque
2342 4114 2435 4168 Dei
2465 4114 2688 4170 sabbata
2716 4118 3006 4191 peregerit.
3034 4110 3091 4172 Si
3126 4119 3248 4189 quis
3272 4119 3510 4189 impuras

1941 4210 2105 4263 habet
2126 4223 2333 4273 manus,
2366 4207 2525 4274 lavet,
2554 4215 2609 4263 et
2638 4225 2808 4279 purus
2838 4208 2999 4263 fuerit
3038 4228 3058 4260 ι
3094 4208 3325 4264 Sanctus
3347 4208 3511 4265 Justi‘

1941 4320 2042 4359 nus
2083 4303 2291 4360 videtur
2320 4312 2593 4375 spectasse
2632 4304 2796 4359 verba
2842 4302 3097 4374 Epistolze
3126 4302 3233 4356 divi
3263 4300 3417 4355 Pauli
3442 4301 3511 4357 ad

1940 4394 2225 4466 Ephesios,
2267 4410 2385 4466 cap.
2418 4411 2470 4449 1v
2490 4402 2545 4449 et
2572 4412 2624 4460 v,
2655 4394 2746 4451 ubi
2771 4392 3057 4463 Apostolus
3090 4392 3341 4462 proponit
3388 4401 3513 4462 apta

1940 4486 2178 4540 remedia
2227 4500 2327 4555 pro
2373 4484 2701 4556 quibuslibet
2734 4483 2847 4538 fere
2887 4483 3146 4554 peccatis,
3173 4482 3380 4538 scilicet
3412 4499 3512 4555 pro

1939 4577 2175 4649 peccatis
2229 4576 2517 4643 mendacii,
2569 4575 2713 4644 loqui
2741 4573 3069 4628 veritatem:
3119 4571 3344 4649 Propter
3373 4573 3513 4644 quod

1941 4669 2250 4739 dep'onentes
2300 4666 2659 4730 mendacium,
2709 4662 2982 4735 loquimini
3028 4664 3297 4718 veritatem
3354 4679 3511 4718 unus-

1939 4761 2157 4833 quisque
2203 4773 2321 4815 cum
2371 4757 2607 4831 proximo
2646 4772 2760 4816 suo,
2792 4757 3041 4828 quoniam
3068 4771 3247 4810 sumus
3295 4756 3511 4810 invicem

1940 4849 2189 4919 membra.
2222 4846 2328 4901 Pro
2373 4846 2611 4918 peccatis
2640 4845 2934 4903 iracundiae
2960 4853 3016 4901 et
3040 4834 3310 4911 vindictae,
3354 4862 3506 4907 man-

1945 4941 2300 5005 suetudinem,
2334 4933 2763 4993 misericordiam
2790 4953 2852 4992 ac
2894 4934 3269 4992 remissionem
3298 4934 3509 4994 debito-

1943 5048 2063 5086 rum
2096 5050 2107 5084 :
2139 5030 2439 5084 Irascimini
2468 5038 2518 5083 et
2544 5028 2702 5083 nolite
2747 5043 2999 5107 peccare:
3026 5025 3121 5083 Sol
3161 5043 3266 5081 non
3306 5028 3510 5082 occidat

1943 5138 2098 5193 super
2133 5120 2465 5175 iracundiam
2506 5128 2747 5174 vestram.
2799 5115 2978 5172 Nolite
3014 5116 3185 5173 locum
3231 5118 3359 5173 dare
3398 5119 3513 5173 dia-

1944 5211 2088 5278 bolo,
2119 5221 2167 5265 et
2208 5212 2376 5265 omnis
2421 5209 2718 5264 amaritudo
2766 5217 2814 5262 et
2852 5209 2956 5273 ira,
2985 5215 3033 5261 et
3087 5207 3413 5279 indignatio,
3461 5217 3511 5261 et

1940 5303 2144 5357 clamor
2186 5310 2234 5356 et
2292 5301 2611 5372 blasphemia
2667 5297 2885 5354 tollatur
2927 5298 2979 5351 α’
3012 5298 3152 5353 vobis
3205 5315 3322 5352 cum
3371 5298 3510 5351 omni

1939 5396 2177 5461 malitia;
2217 5405 2375 5450 estote
2427 5392 2864 5448 autem'invicem
2924 5391 3169 5463 benigni,
3215 5389 3509 5443 misericor-

1939 5488 2047 5552 des,
2080 5489 2332 5542 donantes
2370 5487 2604 5551 invicem,
2638 5487 2771 5540 sicut
2800 5494 2847 5539 et
2892 5480 3032 5539 Deus
3076 5485 3131 5537 in
3158 5480 3363 5535 Christo
3406 5480 3507 5534 do-

1940 5581 2081 5633 narit
2129 5578 2289 5633 vobis.
2329 5577 2435 5634 Pro
2467 5578 2694 5632 crimine
2737 5573 2889 5638 furti,
2940 5573 3330 5641 eleemnsynam
3359 5587 3371 5623 :
3403 5567 3508 5636 Qui

1941 5669 2220 5743 furabatur
2235 5669 2351 5739 jam
2394 5686 2497 5721 non
2543 5668 2750 5737 [aretur
2790 5683 2807 5719 :
2847 5664 3013 5734 magis
3056 5672 3225 5713 autem
3267 5657 3501 5725 laboret,

1941 5762 2202 5832 operando
2243 5760 2479 5814 manibus
2522 5760 2630 5813 suis
2670 5757 2807 5828 quod
2848 5756 3035 5809 bonum
3078 5760 3181 5814 est,
3216 5757 3271 5802 ut
3317 5748 3509 5806 habeat
