4060 6350
570 344 717 403 .ιιοι

1143 339 1493 399 THEODORI
1530 339 1845 397 ARCHIEP.
1886 340 2234 397 CANTUAR.
2275 338 2623 397 DOCTRINA
2660 338 2749 394 DE
2786 339 3243 398 PGENITENTIA

3688 344 3845 402 “92

585 456 724 512 unde
743 452 939 508 tribuat
973 432 1326 508 necessitatem
1353 455 1591 524 patienti.
1623 454 1729 508 Pro
1771 453 2008 523 peccatis
2036 454 2146 507 ἴοι·-
2174 456 2224 514 Λ
2249 450 2573 509 dictionibus
2619 461 2673 507 et
2701 455 3160 511 macerationibus
3205 454 3451 526 corporis
3497 457 3841 518 manifestis.

496 546 501 549 ⁷
584 546 886 609 nieationis,
938 545 1307 610 immunditiis,
1351 554 1444 599 aut
1489 546 1729 600 avaritia:
1783 559 1798 599 :
1840 543 2147 599 Fornicatio

585 646 760 691 autem
790 646 836 689 et
863 636 1030 691 omnis
1054 635 1407 700 immunditia,
1434 646 1524 689 aut
1545 636 1773 690 avaritia
1809 652 1873 689 ne
1916 636 2149 691 nomine-

583 734 673 780 tur
697 727 753 781 in
779 726 953 793 vobis,
980 726 1110 780 sicut
1152 725 1294 779 decet
1344 733 1575 795 sanctos.
1622 726 1823 781 Deinde
1861 725 2150 797 Apostolus

584 817 843 875 describit
884 818 1098 887 quinam
1142 818 1250 872 sint
1313 816 1469 887 hujus
1511 818 1845 887 poenitentiae
1896 816 2144 873 fructus:

586 908 765 964 Eratis
793 909 929 965 enim
957 908 1243 979 aliquando
1289 908 1534 975 tenebrae,
1574 926 1711 965 nunc
1744 919 1919 964 autem
1966 909 2059 964 lux
2092 911 2150 965 in

584 998 828 1067 Domino.
861 996 930 1052 Ut
951 999 1051 1069 ﬁlii
1094 999 1228 1055 lucis
1263 998 1557 1065 ambulate;
1607 997 1809 1069 fructus
1850 1000 1987 1054 enim
2019 999 2149 1055 lucis

582 1100 656 1144 est
684 1090 739 1144 in
763 1090 903 1144 omni
935 1090 1162 1146 bonitate
1182 1101 1239 1145 'et
1263 1091 1479 1161 justitia
1509 1100 1556 1146 et
1588 1092 1835 1157 ueritate,
1874 1092 2149 1161 probantes

579 1182 717 1251 quod
745 1182 814 1236 sit
866 1182 1242 1253 beneplacitum
1283 1183 1395 1238 Deo
1423 1200 1442 1239 :
1468 1193 1515 1238 et
1566 1182 1725 1238 nolite
1765 1184 2151 1239 communicare

579 1272 818 1343 operibus
864 1274 1205 1343 infructuosis
1232 1275 1563 1330 tenebrarum
1590 1315 1607 1342 ,
1659 1275 1828 1345 magis
1858 1283 2033 1329 autem
2063 1292 2148 1329 re-

575 1363 838 1434 darguite.
869 1363 937 1417 Et
984 1364 1038 1419 in
1082 1364 1322 1435 Epistola
1353 1366 1422 1419 ad
1449 1364 1687 1430 Galatas,
1720 1380 1840 1435 cap.
1877 1380 1932 1431 v,
1965 1366 2149 1420 omnia

573 1453 709 1508 vitia
733 1455 1008 1520 describit,
1037 1456 1233 1526 quibus
1258 1457 1440 1512 statim
1467 1464 1591 1527 apta
1616 1457 1853 1513 remedia
1889 1455 2146 1519 subiicit:

576 1542 865 1615 Manifesta
898 1555 1021 1600 sunt
1048 1554 1223 1599 autem
1265 1562 1422 1616 opera
1452 1546 1650 1611 carnis,
1681 1562 1800 1617 quia
1827 1554 1950 1599 sunt
1976 1545 2149 1614 forni-

575 1636 736 1702 catio,
778 1636 1131 1703 immunditia,
1182 1637 1542 1707 impudicitia,
1595 1637 1833 1703 luxuria,
1886 1636 2152 1691 idolorum

572 1727 816 1792 servitus,
844 1728 1106 1796 veneficia,
1158 1728 1469 1792 inimicitiae,
1511 1730 1884 1794 contentiones,
1925 1726 2146 1782 tumula-

2323 545 2700 610 Tertullianus,
2729 546 2823 600 lib.
2850 562 2888 601 ιι
2916 548 3175 602 adversus
3196 547 3546 612 Marcionem,
3571 563 3697 618 cap.
3723 550 3799 605 εει
3822 595 3840 606 .

2256 652 2277 687 ι
2303 634 2437 691 Nam
2464 644 2519 691 et
2544 636 2601 690 in
2624 635 2811 692 Crteeo
2839 652 2993 703 sono,
3021 639 3349 706 paenitentia:
3377 653 3597 705 nomen,
3622 656 3745 697 non
3770 658 3844 698 ex

2250 726 2430 783 delicti
2455 727 2823 793 confessione,
2867 728 2963 783 sed
2990 742 3059 782 ex
3086 728 3255 782 animi
3282 728 3658 785 demutatione
3683 746 3844 787 com-

2248 817 2481 887 positum
2504 824 2609 881 est,
2632 831 2796 885 quam
2818 817 2960 885 apud
2978 816 3146 871 Deum
3171 832 3272 887 pro
3296 833 3479 875 rerum
3498 822 3838 878 variantium

2250 921 2370 963 sese
2390 922 2619 963 occursu
2644 906 2757 977 regi
2781 908 3136 964 ostendimus.
3169 927 3189 961 ι

2318 998 2603 1070 Origenes,
2640 999 2735 1054 lib.
2768 1015 2832 1054 ιιι
2860 1009 3053 1055 contra
3078 999 3330 1056 Celsum:
3365 1020 3386 1053 ι
3415 1001 3603 1073 Neque
3631 1002 3842 1073 injuste

2250 1094 2505 1150 docemus
2528 1092 2777 1148 sufﬁcere
2803 1094 2873 1148 ad
2901 1095 3004 1149 hoc
3042 1102 3102 1148 ut
3142 1109 3173 1147 a
3194 1094 3307 1149 Deo
3344 1096 3673 1165 recipiatur,
3707 1097 3754 1150 si
3778 1111 3837 1151 a-

2249 1192 2472 1255 gnoscat
2500 1199 2654 1239 suam
2690 1184 2992 1247 miseriam,
3036 1184 3131 1239 sed
3156 1185 3247 1254 qui
3273 1186 3528 1240 damnata
3553 1187 3841 1254 praeterita

2250 1292 2349 1333 sua
2373 1278 2513 1343 vita,
2553 1286 2834 1333 convertat
2859 1292 2919 1332 se
2943 1277 3013 1331 ad
3038 1277 3319 1333 meliorem
3346 1276 3562 1347 frugem
3583 1318 3599 1345 ,
3637 1292 3776 1333 eum
3805 1293 3838 1332 a

2248 1368 2362 1425 Deo
2386 1370 2573 1439 recipi.
2604 1388 2623 1423 ι

2320 1458 2659 1525 Lactantius,
2687 1460 2782 1516 lib.
2806 1476 2860 1516 vt
2886 1461 2953 1517 de
2973 1476 3105 1517 vero
3122 1460 3305 1529 Cultu,
3328 1476 3449 1532 cap.
3476 1462 3582 1518 l5:
3610 1479 3632 1514 ι
3662 1463 3840 1533 Agere

2250 1558 2430 1604 autem
2454 1550 2846 1619 paenitentiam,
2879 1551 3016 1606 nihil
3041 1551 3187 1606 aliud
3211 1560 3299 1607 est
3318 1566 3485 1622 quam
3507 1551 3763 1622 proﬁteri
3785 1561 3841 1610 et

2249 1638 2524 1696 affirmare
2550 1656 2610 1695 se
2634 1641 2862 1697 ulterius
2887 1658 2993 1697 non
3018 1652 3424 1712 peccaturum.»
3452 1644 3513 1698 ln
3543 1645 3747 1701 eodem
3771 1645 3837 1701 li—

2250 1730 2372 1795 bro,
2402 1744 2523 1799 cap.
2553 1730 2623 1784 24
2648 1749 2661 1784 :
2697 1750 2716 1782 ι
2746 1731 2796 1786 ls
2825 1733 2970 1787 enim
2997 1748 3160 1803 quem
3188 1732 3317 1789 facti
3346 1734 3432 1787 sui
3458 1735 3725 1804 paenitet,
3753 1750 3840 1791 er-

574 1817 758 1881 tiones,
791 1818 907 1882 irte,
928 1818 1076 1883 νίκας,
1100 1818 1468 1885 dissensiones,
1499 1829 1684 1884 sectw,
1729 1820 1957 1883 incidite,
1985 1819 2151 1873 homi—
2182 1801 2228 1862 Β
2254 1836 2431 1875 rorem
2462 1837 2616 1876 suum
2647 1808 2936 1891 pristinum
2961 1801 3230 1893 intelligit.
3262 1801 3496 1894 Ideoque
3521 1824 3702 1881 Grani
3729 1840 3839 1880 mer

572 1907 734 1973 cidia,
761 1906 1054 1974 ebrietates,
1101 1910 1521 1974 comessationes,
1551 1918 1600 1964 et
1638 1910 1720 1964 his
1754 1908 1951 1964 similia
1981 1922 1999 1961 :
2032 1924 2150 1980 qute

571 1997 800 2065 prtedico
824 1998 983 2063 vobis,
1004 2000 1138 2052 sicut
1162 1999 1408 2065 pm’dixi,
1436 2000 1685 2070 quoniam
1718 2000 1808 2071 qui
1839 2000 1969 2054 talia
1989 2009 2149 2071 agunt

574 2101 794 2156 regnum
818 2086 915 2140 Dei
936 2105 1039 2142 non
1064 2088 1433 2158 possidebunt.
1464 2086 1696 2143 Fructus
1719 2098 1892 2142 autem
1921 2087 2150 2159 Spiritus

572 2185 649 2229 est
675 2190 693 2227 :
723 2177 983 2242 charitas,
1020 2179 1291 2249 gaudium,
1336 2196 1470 2250 pax,
1521 2181 1803 2249 patientia,
1836 2181 2146 2251 benignitas,

574 2266 804 2334 bonitas,
833 2269 1230 2340 longanimitas,
1275 2271 1644 2337 mansuetudo,
1686 2271 1838 2340 ﬁdes,
1870 2270 2147 2337 modestia,

572 2358 908 2426 continentia,
935 2360 1168 2414 castitas.
1200 2381 1219 2414 ι
1241 2358 1367 2416 Haec
1389 2370 1515 2414 sunt
1534 2361 1771 2415 remedia
1792 2376 1911 2429 quae
1932 2369 2151 2415 sanctus

573 2447 817 2506 Justinus
852 2460 1058 2523 martyr
1080 2460 1204 2522 post
1236 2452 1553 2523 Apostolum
1583 2460 1969 2522 repraesentat,
1999 2468 2152 2507 cum-

573 2553 678 2609 que
702 2556 810 2596 non
834 2541 938 2596 alia
964 2550 1272 2609 recenseat,
1308 2558 1433 2599 cum
1459 2542 1584 2598 divo
1604 2542 1769 2599 Paulo
1786 2544 1877 2598 illa
1905 2543 2151 2599 suﬂicere

571 2628 864 2688 arbitratus
886 2640 988 2689 est.

642 2720 888 2792 Clemens
937 2723 1331 2781 Alexandrinus
1367 2723 1580 2794 Paedag.
1640 2723 1735 2779 lib.
1793 2741 1811 2780 ι
1851 2742 1864 2778 :
1917 2742 1937 2775 ι
1969 2725 2152 2781 Poeni-

574 2815 795 2871 tentiam
839 2831 998 2888 agere
1021 2825 1106 2874 est
1132 2832 1165 2872 a
1212 2818 1402 2873 morbo
1448 2816 1847 2873 convalescere.
1885 2835 1905 2868 ι
1953 2816 2074 2873 Lib.
2108 2833 2150 2872 ιι

573 2906 926 2973 Stromatum,
975 2908 1118 2964 idem
1166 2916 1355 2980 pastor
1385 2908 1519 2964 dicit
1563 2898 1731 2964 etiam
1777 2908 2151 2980 ptenitentiam

571 3008 691 3049 esse
712 3010 961 3066 magnam
994 2996 1422 3068 intelligentiam.
1457 3016 1475 3049 ι
1508 2996 1610 3066 Qui
1645 2998 1791 3053 enim
1813 3013 2002 3053 eorum
2028 3014 2151 3068 qua:

572 3083 701 3140 fecit
728 3085 941 3140 ducitur
985 3087 1321 3156 poenitentia,
1358 3104 1464 3143 non
1511 3088 1742 3158 amplius
1770 3087 1919 3154 facit,
1952 3089 2035 3161 vel
2072 3089 2153 3143 di-

573 3176 682 3243 cit,
713 3183 818 3231 etc.
844 3176 937 3231 Est
968 3177 1121 3232 tarda
1153 3177 1385 3248 cognitio
1415 3178 1756 3249 pinnitentia,
1779 3179 2016 3250 cognitio
2053 3194 2151 3235 au-

574 3275 683 3322 tem
721 3275 807 3323 est
842 3267 1019 3338 prima
1048 3284 1081 3323 a
1117 3279 1340 3339 peccato
1382 3270 1633 3326 cessatio.
1686 3269 1835 3325 Fidei
1869 3286 1999 3343 ergo
2043 3269 2155 3325 olli-

573 3356 714 3412 cium
743 3372 956 3427 quoque
987 3366 1042 3413 et
1068 3373 1202 3428 opus
1226 3366 1308 3414 est
1332 3359 1671 3430 paenitentia.
1707 3358 1821 3413 Nisi
1848 3360 1993 3414 enim
2036 3375 2154 3415 cre-

575 3446 771 3501 diderit
815 3461 936 3502 esse
962 3456 1244 3518 peccatum
1273 3464 1380 3518 quo
1405 3449 1557 3517 prius
1587 3449 1890 3515 tenebatur,
1920 3464 2029 3503 non
2072 3448 2155 3504 di-

571 3536 908 3604 movebitur;
951 3547 1006 3593 et
1039 3539 1143 3594 nisi
1172 3539 1465 3594 crediderit
1514 3539 1566 3595 ei
1602 3540 1821 3608 quidem
1863 3541 1955 3611 qui
1985 3541 2156 3613 delin-

572 3627 689 3696 quit
748 3627 1056 3697 impendere
1103 3628 1425 3699 supplicium
1453 3667 1469 3694 ,
1523 3639 1771 3699 paratam
1819 3637 1999 3685 autem
2034 3646 2154 3687 esse

575 3717 802 3771 salutem
823 3718 872 3772 ei
891 3718 983 3787 qui
1006 3732 1071 3773 ex
1094 3719 1379 3787 praeceptis
1412 3718 1566 3784 vivit,
1594 3734 1661 3773 nc
1684 3720 1762 3775 sic
1794 3720 2011 3790 quidem
2038 3736 2156 3775 mu-

573 3809 799 3864 tabitur.
835 3829 853 3861 ι
887 3809 1007 3865 Lib.
1064 3825 1117 3865 ιν
1164 3809 1496 3866 Stromatum
1547 3831 1559 3864 :
1598 3830 1617 3862 ι
1662 3812 1758 3867 Est
1802 3820 1981 3868 autem
2010 3814 2156 3884 suni-

572 3899 746 3964 ciens,
787 3909 848 3953 ut
881 3914 980 3969 ego
1009 3901 1220 3971 opinor,
1263 3902 1468 3957 homini
1493 3903 1762 3974 purgatio,
1796 3902 2036 3973 perfecta
2064 3903 2157 3957 fir-

570 4003 768 4058 maque
795 4005 861 4045 ac
887 3991 1096 4047 stabilis
1141 3993 1479 4063 paenitentia,
1512 3993 1558 4049 si
1601 4009 1727 4048 cum
1754 3993 1821 4049 de
1847 3994 2157 4064 prmceden-

574 4078 722 4134 tibus
750 4095 847 4134 nos
875 4079 1310 4138 damnaverimus
1338 4084 1672 4150 actionibus,
1703 4084 1946 4139 anterius
1967 4097 2157 4154 proce-

576 4172 788 4240 damus,
825 4182 1010 4244 postea
1060 4174 1436 4247 intelligentes,
1486 4187 1540 4233 et
1580 4187 1816 4234 mentem
1847 4180 2156 4236 immersam

574 4281 759 4321 amore
804 4266 899 4322 Dei
938 4268 1297 4335 sustollentes,
1329 4271 1534 4336 tamab
1560 4270 1626 4326 iis
1657 4287 1778 4342 quae
1813 4286 1912 4342 per
1938 4287 2158 4326 sensum

575 4359 846 4416 delectant
867 4376 1028 4432 quam
1059 4362 1335 4433 prioribus
1359 4364 1589 4420 delictis.
1620 4386 1640 4418 ι
1674 4365 1794 4420 Lib.
1830 4382 1881 4421 γι
1915 4364 2160 4420 Stroma-

2177 3141 2227 3205 (Ξ

2252 1912 2375 1978 lius,
2414 1921 2470 1968 et
2510 1911 2902 1983 signiﬁcantius
2940 1916 3202 1985 μετάνοιαν
3256 1914 3473 1979 dicunt,
3520 1928 3686 1984 quam
3736 1928 3838 1969 nos

2251 2003 2520 2074 possimus
2546 2004 2974 2075 resipiscentiam
3012 2004 3214 2068 dicere,
3236 2011 3343 2058 etc.
3392 2003 3691 2073 Purgemus
3729 2004 3837 2075 igi-

2252 2101 2342 2148 tur
2372 2094 2759 2149 conscientiam
2790 2110 2910 2165 qua:
2944 2094 3116 2149 oculis
3160 2094 3256 2149 Dei
3296 2095 3473 2163 pervia
3502 2104 3616 2159 est;
3642 2102 3723 2148 et
3768 2101 3831 2147 ut

2253 2183 2329 2238 ait
2354 2184 2529 2249 idem,
2575 2198 2791 2255 semper
2821 2184 2896 2239 ita
2925 2184 3171 2239 vivamus
3210 2192 3271 2237 ut
3312 2186 3555 2240 rationem
3580 2184 3823 2238 redden-

2254 2275 2376 2329 dam
2405 2276 2561 2331 nobis
2587 2276 2948 2342 arbitremur;
2998 2284 3360 2345 putemusque
3398 2289 3493 2329 nos
3527 2274 3827 2328 momentis

2252 2366 2505 2421 omnibus
2545 2381 2653 2421 non
2698 2367 2754 2420 in
2798 2365 3002 2437 aliquo,
3046 2374 3108 2421 ut
3149 2365 3240 2420 ille
3277 2364 3446 2429 dixit,
3487 2364 3638 2420 orbis
3666 2371 3838 2418 terra

2252 2458 2466 2512 theatro
2500 2458 2569 2513 ab
2597 2458 2927 2523 hominibus,
2975 2460 3071 2514 sed
3113 2460 3346 2530 desuper
3377 2458 3613 2529 spectari
3642 2456 3729 2521 ab
3768 2469 3837 2512 eo

2251 2550 2345 2620 qui
2376 2558 2433 2605 et
2453 2548 2616 2617 iudex
2647 2558 2704 2604 et
2731 2551 2885 2606 testis
2910 2550 3053 2605 idem
3079 2550 3291 2607 iuturus
3314 2560 3422 2615 est,
3450 2550 3539 2605 eui
3564 2549 3840 2604 rationem

2254 2641 2377 2696 vita:
2423 2642 2760 2710 reposcenti,
2818 2650 2971 2697 actus
3016 2656 3142 2697 suos
3188 2641 3420 2696 inﬁciari
3472 2654 3585 2695 non
3628 2640 3843 2696 licebit.

2253 2729 2398 2801 Ergo
2427 2732 2596 2787 satius
2630 2742 2715 2786 est
2751 2741 2845 2786 aut
2879 2730 3115 2803 etl‘ugere
3143 2733 3568 2798 conscientiam,
3608 2738 3709 2785 aut
3742 2746 3844 2787 nos

2253 2823 2399 2894 ipsos
2427 2823 2569 2877 ultro
2595 2824 2807 2893 aperire
2841 2823 3109 2889 animum,
3152 2832 3210 2879 et
3246 2823 3551 2893 perniciem
3590 2820 3845 2877 rescissis

2251 2898 2564 2968 vulneribus
2592 2912 2896 2979 ell‘undere;
2930 2914 3126 2983 quibus
3151 2916 3309 2969 nemo
3337 2913 3478 2968 alius
3507 2912 3722 2968 mederi
3748 2927 3846 2981 po-

2254 3009 2379 3068 test,
2406 3004 2509 3057 nisi
2536 3002 2681 3057 solus
2711 3004 2799 3057 ille
2823 3003 2917 3073 qui
2943 3018 3187 3075 gressum
3217 3004 3446 3068 claudis,
3472 3004 3658 3059 visum
3688 3004 3845 3059 caecis
3918 3030 3937 3039 ι

2253 3096 2517 3161 reddidit;
2556 3096 2823 3150 maculata
2854 3098 3098 3151 membra
3122 3098 3396 3167 purgavit,
3417 3108 3677 3153 mortuos
3701 3098 3843 3153 exei-

2255 3190 2410 3244 tavit.
2442 3209 2460 3241 »
2516 3188 2681 3245 Libro
2721 3190 2785 3245 de
2824 3188 2910 3244 lra
2944 3190 3070 3255 Dei,
3120 3204 3241 3260 cap.
3271 3191 3337 3245 21
3366 3209 3379 3244 :
3415 3210 3435 3242 ς
3464 3191 3665 3261 Itaque
3706 3191 3839 3246 Dens

2256 3296 2361 3337 non
2391 3281 2584 3346 thure,
2624 3295 2731 3335 non
2762 3281 2971 3346 hostia,
3029 3296 3138 3336 non
3184 3280 3438 3352 pretiosis
3480 3282 3835 3379 mqneribus,

2254 3385 2376 3440 quae
2412 3370 2595 3425 omnia
2625 3378 2752 3425 sunt
2780 3371 3183 3440 corruptibilia,
3213 3371 3307 3426 sed
3337 3370 3834 3426 morum'emenda—

2254 3459 2403 3513 tione
2422 3459 2699 3529 placatur;
2730 3467 2786 3515 et
2805 3460 2896 3529 qui
2918 3474 3147 3530 peccare
3168 3458 3388 3525 desinit,
3412 3459 3553 3513 iram
3576 3459 3678 3513 Dei
3703 3472 3844 3513 mor-

2255 3549 2419 3604 talem
2449 3548 2597 3605 facit.
2652 3549 2858 3605 Idcirco
2895 3550 3040 3605 enim
3082 3566 3192 3607 non
3237 3550 3305 3604 ad
3343 3563 3588 3620 praesens
3621 3549 3844 3605 noxium

2255 3655 2524 3710 quemque
2549 3641 2725 3709 punit,
2754 3649 2813 3695 ut
2842 3641 3041 3696 habeat
3067 3641 3230 3696 homo
3253 3639 3615 3711 resipiscendi
3643 3647 3704 3695 et
3728 3653 3846 3695 eor-

2256 3715 2462 3798 rige'hdi
2491 3731 2575 3785 sui
2602 3731 2935 3787 facultatem.
2966 3752 2984 3784 ι

2328 3822 2567 3877 Hilarius
2590 3822 2938 3878 Pictavorum
2965 3824 3249 3895 episcopus
3274 3824 3328 3877 in
3352 3821 3549 3893 psalm.
3572 3837 3621 3876 ιι
3642 3840 3657 3875 :
3689 3840 3710 3873 ι
3738 3819 3849 3877 Sed

2256 3916 2361 3970 hoc
2389 3916 2777 3970 irrationabilis
2801 3915 3044 3969 materiae
3067 3930 3164 3969 vas
3188 3916 3351 3969 etiam
3379 3914 3482 3969 sub
3509 3913 3617 3967 alia
3652 3910 3851 3967 intelli-

2258 4005 2437 4076 gentia
2462 4005 2535 4059 ad
2564 4005 2830 4059 rationem
2854 3992 3107 4060 humana:
3130 4004 3428 4062 voluntatis
3454 4010 3711 4073 aptatum
3741 4012 3846 4071 est,

2256 4097 2504 4152 homines
2528 4097 2745 4165 quidem
2775 4110 2872 4165 per
2899 4096 3015 4151 haec
3038 4096 3170 4150 vitia
3201 4111 3300 4150 sua
3327 4095 3523 4150 cadere
3549 4112 3562 4146 :
3594 4095 3695 4149 sed
3720 4095 3768 4148 si
3792 4095 3847 4149 in

2258 4188 2344 4243 his
2371 4187 2724 4257 poeniterent,
2754 4186 2809 4242 id
2837 4196 2940 4252 est,
2972 4187 3018 4242 si
3046 4186 3115 4241 ab
3141 4186 3227 4241 his
3251 4184 3593 4248 desinerent,
3625 4200 3689 4241 se
3715 4200 3850 4255 quo-

2258 4296 2364 4351 que
2394 4281 2535 4335 Deus
2563 4280 2619 4334 in
2646 4280 2733 4334 his
2767 4294 2887 4349 quae
2913 4279 2983 4334 ad
3010 4291 3228 4349 pinnam
3259 4293 3421 4333 casus
3446 4274 3613 4346 hujus
3641 4278 3851 4334 consti-

2261 4372 2423 4427 tuerit
2447 4372 2729 4441 paenitere.
2761 4389 2780 4422 ι

575 4459 691 4506 tum
727 4474 740 4508 .
789 4472 808 4505 ι
842 4453 938 4508 Est
967 4454 1163 4524 duplex
1192 4455 1513 4524 paenitentia
1556 4473 1569 4509 :
1605 4472 1710 4510 una
1760 4456 1978 4525 quidem
2008 4472 2158 4510 com-
2188 4492 2239 4554 Β
2332 4436 2659 4516 Athanasius
2689 4461 2747 4516 in
2774 4459 3004 4532 epistola
3029 4460 3095 4516 de
3121 4458 3577 4530 lnterpretatione
3602 4459 3854 4515 Psalm0-
3954 4436 3959 4437 ί

576 4542 776 4610 munis,
817 4552 1103 4615 prepterea
1135 4546 1279 4614 quod
1306 4545 1647 4614 peccaverit;
1682 4544 1851 4599 altera
1875 4561 2004 4601 vero
2032 4544 2155 4601 cum

575 4633 781 4704 peccati
829 4644 1077 4688 naturam
1132 4635 1413 4699 didicerit,
1468 4634 1758 4702 persuadet
1800 4628 1868 4687 ab
1907 4635 2023 4704 ipso
2067 4636 2160 4692 de-

576 4720 768 4778 sistere
818 4733 1041 4794 peccato
1088 4739 1185 4793 per
1240 4723 1593 4793 principalem
1642 4724 1906 4779 rationem
1947 4725 2034 4782 cui
2076 4733 2162 4782 est

577 4828 914 4883 consequens
939 4822 999 4868 ut
1020 4830 1128 4868 non
1154 4821 1363 4882 peccet.
1398 4833 1417 4865 ι
1444 4814 1607 4870 Libro
1631 4814 1763 4881 Quis
1791 4816 1932 4871 dives
1952 4817 2161 4873 salvan-

578 4903 707 4969 dus,
738 4920 857 4974 cap.
883 4905 952 4959 58
978 4922 990 4957 :
1022 4923 1040 4954 ‹
1078 4902 1136 4956 Si
1163 4902 1286 4971 quis
1310 4903 1452 4957 illam
1485 4903 1541 4958 in
1572 4905 1808 4960 animum
1839 4907 2156 4976 susceperit,

575 4996 828 5063 quamvis
850 4995 1085 5063 peccatis
1110 4994 1372 5048 obnoxius
1397 4995 1485 5060 sit,
1517 4997 1762 5066 quamvis
1782 4998 1949 5053 multa
1974 4998 2160 5054 illicita

578 5086 994 5157 perpetraverit,
1025 5086 1258 5142 adaucta
1308 5088 1570 5143 charitate
1621 5105 1865 5160 puraque
1916 5090 2157 5145 adhibita

582 5178 977 5246 resipiscentia,
1018 5187 1199 5233 errata
1225 5194 1322 5234 sua
1366 5181 1640 5251 corrigere
1690 5188 1887 5252 potest.
1927 5200 1945 5231 ι
1981 5179 2158 5235 Poeni-

587 5270 768 5326 tentite
820 5270 1158 5328 deﬁnitiones
1184 5289 1319 5344 quas
1372 5284 1593 5331 sanctus
1631 5274 1881 5329 Clemens
1928 5274 2161 5331 Alexan-

582 5364 771 5424 drinus
808 5363 993 5432 refert,
1021 5367 1254 5421 maxima
1283 5367 1559 5422 continent
1595 5367 1858 5433 remedia,
1888 5383 2009 5437 quae
2047 5369 2161 5440 ipse

585 5452 815 5508 adiuuat
845 5456 910 5510 ad
936 5456 1310 5512 remissionem
1346 5463 1693 5523 peccatorum
1720 5456 2160 5526 gravissimorum

587 5544 860 5615 sumcere;
914 5550 1056 5604 inter
1092 5564 1214 5618 quae
1252 5558 1432 5601 tamen
1461 5548 1606 5603 nullo
1650 5551 1808 5605 modo
1847 5562 2163 5608 recensetur

588 5636 674 5692 illa
723 5641 1036 5710 pmnitentia
1085 5638 1299 5710 publica
1330 5654 1491 5708 quam
1535 5637 1584 5692 J.
1617 5639 1856 5697 Morinus
1904 5643 2036 5698 dicit
2092 5645 2159 5701 ab

589 5727 720 5805 ipsis
749 5729 1087 5791 incunabulis
1121 5727 1375 5784 Ecclesiae
1425 5730 1768 5789 constitutam
1798 5731 1963 5789 fuisse
1996 5735 2050 5789 in
2079 5734 2157 5788 af-

2262 4565 2382 4605 rum
2407 4569 2419 4604 z
2455 4570 2473 4601 ι
2508 4550 2647 4605 Sunt
2672 4550 2888 4619 quidem
2916 4557 2973 4605 et
3002 4549 3059 4603 in
3086 4548 3207 4603 aliis
3234 4547 3531 4619 Scripturis
3557 4548 3853 4603 sententia:

2261 4643 2661 4713 prohibitoriae,
2696 4658 2816 4712 quae
2846 4642 2987 4696 mala
3014 4648 3228 4706 vetant,
3259 4639 3353 4696 sed
3392 4640 3447 4696 in
3483 4640 3590 4695 hoc
3623 4640 3851 4707 codice,

2264 4734 2533 4804 quomodo
2561 4734 2941 4788 abstinendum
2981 4733 3052 4787 sit
3080 4732 3125 4787 'a
3166 4731 3346 4797 malis,
3380 4720 3712 4799 exprimitur
3735 4749 3753 4784 :
3792 4740 3856 4788 ut

2265 4822 2501 4877 edictum
2540 4822 2669 4877 alibi
2706 4830 2817 4885 est,
2870 4820 3248 4892 paenitentiam
3286 4820 3551 4891 agendam
3587 4835 3752 4885 esse,
3798 4831 3858 4877 et

2264 4914 2640 4987 paenitentiam
2685 4928 2805 4969 esse
2853 4930 2886 4967 a
2931 4914 3173 4983 peccatis
3207 4912 3474 4967 desinere.
3508 4932 3527 4964 ι
3578 4910 3727 4979 Quid
3766 4911 3855 4967 δὴ

2266 5007 2521 5062 remediis
2546 5007 2614 5060 ad
2641 5005 3015 5060 remissionem
3046 5004 3333 5060 criminum
3361 5001 3707 5058 occultorum
3736 5001 3858 5058 em-

2264 5096 2488 5152 cacius?
2512 5094 2658 5149 Inter
2685 5110 2805 5163 quae
2829 5108 2951 5147 cum
2979 5108 3080 5148 nec
3115 5089 3503 5156 Tertullianus,
3531 5105 3638 5146 nec
3662 5090 3857 5163 Orige-

2266 5200 2384 5251 nes,
2416 5199 2519 5239 nec
2554 5181 2891 5247 Lactantius,
2938 5195 3038 5235 nec
3079 5179 3319 5235 Hilarius
3344 5179 3704 5235 Pictavorum
3741 5181 3859 5251 epi-

2266 5289 2494 5345 scopus,
2532 5287 2709 5342 neque
2734 5270 3065 5327 Athanasius
3092 5270 3203 5327 ullo
3232 5270 3393 5326 modo
3419 5280 3862 5326 commemorent

2264 5365 2638 5436 paenitentiam
2678 5361 2979 5432 publicam;
3029 5361 3272 5432 nunquid
3314 5360 3522 5416 idcirw
3560 5361 3860 5416 dicendum

2266 5468 2350 5515 est
2388 5461 2488 5515 hos
2523 5473 2713 5513 omnes
2736 5454 2928 5511 Patres
2958 5455 3401 5526 gravissimorum
3430 5452 3599 5507 animi
3633 5452 3863 5509 morbo-

2267 5566 2386 5605 rum
2438 5564 2625 5631 euram
2674 5563 2901 5620 prorsus
2948 5546 3291 5619 neglexisse?
3344 5544 3501 5600 Absit
3543 5557 3674 5599 vero
3727 5540 3863 5599 talis

2265 5658 2480 5712 lnjlll‘la.

2334 5734 2563 5789 Basilius
2590 5733 2644 5789 in
2672 5733 2893 5792 homilia
2922 5734 2979 5790 in
3004 5734 3209 5827 aliquot
3239 5731 3537 5806 Scriptum
3557 5731 3735 5800 beas,
3758 5726 3858 5786 ubi
