  <div class='ocr_page' id='page_1' title='image "/cluster/home/n/w/nwhite01/storage/ocr_20150623/99/hvd.32044015466790/644.png"; bbox 0 0 4060 6350; ppageno 0'>
   <div class='ocr_carea' id='block_1_1' title="bbox 210 471 355 527">
    <p class='ocr_par' dir='ltr' id='par_1_1' title="bbox 210 471 355 527">
     <span class='ocr_line' id='line_1_1' title="bbox 210 471 355 527; baseline -0.014 0"><span class='ocrx_word' id='word_1_1' title='bbox 210 471 355 527; x_wconf 78' lang='grc'><strong>1195</strong></span> 
     </span>
    </p>
   </div>
   <div class='ocr_carea' id='block_1_2' title="bbox 1042 451 2615 519">
    <p class='ocr_par' dir='ltr' id='par_1_2' title="bbox 1042 451 2615 519">
     <span class='ocr_line' id='line_1_2' title="bbox 1042 451 2615 519; baseline -0.008 -2"><span class='ocrx_word' id='word_1_2' title='bbox 1042 462 1131 517; x_wconf 83' lang='lat' dir='ltr'><strong>AB</strong></span> <span class='ocrx_word' id='word_1_3' title='bbox 1168 459 1336 519; x_wconf 87' lang='lat' dir='ltr'><strong>OMNI</strong></span> <span class='ocrx_word' id='word_1_4' title='bbox 1376 453 1743 517; x_wconf 73' lang='lat' dir='ltr'><strong>NOVITATIS</strong></span> <span class='ocrx_word' id='word_1_5' title='bbox 1782 451 2186 512; x_wconf 84' lang='lat' dir='ltr'><strong>SUSPICIONE</strong></span> <span class='ocrx_word' id='word_1_6' title='bbox 2224 451 2615 511; x_wconf 81' lang='lat' dir='ltr'><strong>VINDICATA.</strong></span> 
     </span>
    </p>
   </div>
   <div class='ocr_carea' id='block_1_3' title="bbox 3322 455 3460 511">
    <p class='ocr_par' dir='ltr' id='par_1_3' title="bbox 3322 455 3460 511">
     <span class='ocr_line' id='line_1_3' title="bbox 3322 455 3460 511; baseline 0.036 -4"><span class='ocrx_word' id='word_1_7' title='bbox 3322 455 3460 511; x_wconf 72' lang='grc'><strong>1194</strong></span> 
     </span>
    </p>
   </div>
   <div class='ocr_carea' id='block_1_4' title="bbox 207 565 3463 639">
    <p class='ocr_par' dir='ltr' id='par_1_4' title="bbox 207 565 3463 639">
     <span class='ocr_line' id='line_1_4' title="bbox 207 565 3463 639; baseline -0.003 -5"><span class='ocrx_word' id='word_1_8' title='bbox 207 583 281 639; x_wconf 87' lang='lat' dir='ltr'><strong>de</strong></span> <span class='ocrx_word' id='word_1_9' title='bbox 304 578 475 634; x_wconf 85' lang='lat' dir='ltr'><strong>variis</strong></span> <span class='ocrx_word' id='word_1_10' title='bbox 502 575 719 632; x_wconf 77' lang='lat' dir='ltr'><strong>disserit</strong></span> <span class='ocrx_word' id='word_1_11' title='bbox 742 574 891 630; x_wconf 78' lang='lat' dir='ltr'><strong>vitiis</strong></span> <span class='ocrx_word' id='word_1_12' title='bbox 917 587 932 628; x_wconf 89' lang='lat'><strong>:</strong></span> <span class='ocrx_word' id='word_1_13' title='bbox 964 592 982 624; x_wconf 73' lang='grc' dir='ltr'><strong><em>ι</em></strong></span> <span class='ocrx_word' id='word_1_14' title='bbox 1013 573 1112 628; x_wconf 83' lang='lat' dir='ltr'><strong>Hic</strong></span> <span class='ocrx_word' id='word_1_15' title='bbox 1139 581 1320 628; x_wconf 89' lang='lat' dir='ltr'><strong>castus</strong></span> <span class='ocrx_word' id='word_1_16' title='bbox 1350 581 1433 626; x_wconf 91' lang='lat' dir='ltr'><strong>est</strong></span> <span class='ocrx_word' id='word_1_17' title='bbox 1451 612 1465 637; x_wconf 93' lang='lat'><strong>,</strong></span> <span class='ocrx_word' id='word_1_18' title='bbox 1497 572 1585 626; x_wconf 91' lang='lat' dir='ltr'><strong>ille</strong></span> <span class='ocrx_word' id='word_1_19' title='bbox 1610 568 1787 624; x_wconf 92' lang='lat' dir='ltr'><strong>libidi-</strong></span> <span class='ocrx_word' id='word_1_20' title='bbox 1814 571 1864 631; x_wconf 70' lang='grc' dir='ltr'><strong>Α</strong></span> <span class='ocrx_word' id='word_1_21' title='bbox 1890 566 2213 636; x_wconf 91' lang='lat' dir='ltr'><strong>cogitatione</strong></span> <span class='ocrx_word' id='word_1_22' title='bbox 2243 575 2368 621; x_wconf 90' lang='lat' dir='ltr'><strong>sunt</strong></span> <span class='ocrx_word' id='word_1_23' title='bbox 2396 566 2665 622; x_wconf 87' lang='lat' dir='ltr'><strong>admissa?</strong></span> <span class='ocrx_word' id='word_1_24' title='bbox 2686 575 2791 621; x_wconf 90' lang='lat' dir='ltr'><strong>etc.</strong></span> <span class='ocrx_word' id='word_1_25' title='bbox 2826 565 3059 621; x_wconf 92' lang='lat' dir='ltr'><strong>Ostende</strong></span> <span class='ocrx_word' id='word_1_26' title='bbox 3086 566 3218 623; x_wconf 90' lang='lat' dir='ltr'><strong>mihi</strong></span> <span class='ocrx_word' id='word_1_27' title='bbox 3245 584 3463 628; x_wconf 83' lang='lat' dir='ltr'><strong>amaras</strong></span> 
     </span>
    </p>
   </div>
   <div class='ocr_carea' id='block_1_5' title="bbox 203 667 1781 735">
    <p class='ocr_par' dir='ltr' id='par_1_5' title="bbox 203 667 1781 735">
     <span class='ocr_line' id='line_1_5' title="bbox 203 667 1781 735; baseline -0.01 -5"><span class='ocrx_word' id='word_1_28' title='bbox 203 688 398 731; x_wconf 79' lang='lat' dir='ltr'><strong>nosus.</strong></span> <span class='ocrx_word' id='word_1_29' title='bbox 437 672 631 727; x_wconf 88' lang='lat' dir='ltr'><strong>Utrum</strong></span> <span class='ocrx_word' id='word_1_30' title='bbox 660 672 853 723; x_wconf 91' lang='lat' dir='ltr'><strong>horum</strong></span> <span class='ocrx_word' id='word_1_31' title='bbox 883 668 1082 722; x_wconf 89' lang='lat' dir='ltr'><strong>ditior:</strong></span> <span class='ocrx_word' id='word_1_32' title='bbox 1115 667 1205 735; x_wconf 91' lang='lat' dir='ltr'><strong>qui</strong></span> <span class='ocrx_word' id='word_1_33' title='bbox 1236 667 1537 720; x_wconf 74' lang='lat' dir='ltr'><strong>castitatem</strong></span> <span class='ocrx_word' id='word_1_34' title='bbox 1575 670 1781 726; x_wconf 87' lang='lat' dir='ltr'><strong>servat,</strong></span> 
     </span>
    </p>
   </div>
   <div class='ocr_carea' id='block_1_6' title="bbox 206 750 1785 835">
    <p class='ocr_par' dir='ltr' id='par_1_6' title="bbox 206 750 1785 835">
     <span class='ocr_line' id='line_1_6' title="bbox 206 750 1785 835; baseline -0.009 -14"><span class='ocrx_word' id='word_1_35' title='bbox 206 780 283 822; x_wconf 75' lang='lat' dir='ltr'><strong>an</strong></span> <span class='ocrx_word' id='word_1_36' title='bbox 330 764 424 835; x_wconf 87' lang='lat' dir='ltr'><strong>qui</strong></span> <span class='ocrx_word' id='word_1_37' title='bbox 468 761 753 832; x_wconf 78' lang='lat' dir='ltr'><strong>pecuniam</strong></span> <span class='ocrx_word' id='word_1_38' title='bbox 800 774 867 813; x_wconf 82' lang='lat' dir='ltr'><strong>ex</strong></span> <span class='ocrx_word' id='word_1_39' title='bbox 914 758 1110 827; x_wconf 82' lang='lat' dir='ltr'><strong>injuria</strong></span> <span class='ocrx_word' id='word_1_40' title='bbox 1161 757 1443 826; x_wconf 87' lang='lat' dir='ltr'><strong>possidet?</strong></span> <span class='ocrx_word' id='word_1_41' title='bbox 1492 755 1649 808; x_wconf 85' lang='lat' dir='ltr'><strong>Certe</strong></span> <span class='ocrx_word' id='word_1_42' title='bbox 1694 750 1785 821; x_wconf 86' lang='lat' dir='ltr'>qui</span> 
     </span>
    </p>
   </div>
   <div class='ocr_carea' id='block_1_7' title="bbox 206 845 1787 921">
    <p class='ocr_par' dir='ltr' id='par_1_7' title="bbox 206 845 1787 921">
     <span class='ocr_line' id='line_1_7' title="bbox 206 845 1787 921; baseline -0.009 -7"><span class='ocrx_word' id='word_1_43' title='bbox 206 866 415 915; x_wconf 84' lang='lat' dir='ltr'><strong>castus.</strong></span> <span class='ocrx_word' id='word_1_44' title='bbox 471 853 642 921; x_wconf 74' lang='lat' dir='ltr'><strong>llujus</strong></span> <span class='ocrx_word' id='word_1_45' title='bbox 683 851 945 906; x_wconf 85' lang='lat' dir='ltr'><strong>memoria</strong></span> <span class='ocrx_word' id='word_1_46' title='bbox 989 850 1352 919; x_wconf 89' lang='lat' dir='ltr'><strong>sempiterna,</strong></span> <span class='ocrx_word' id='word_1_47' title='bbox 1400 848 1540 902; x_wconf 90' lang='lat' dir='ltr'><strong>illius</strong></span> <span class='ocrx_word' id='word_1_48' title='bbox 1571 845 1787 916; x_wconf 79' lang='lat' dir='ltr'><strong>fragiles</strong></span> 
     </span>
    </p>
   </div>
   <div class='ocr_carea' id='block_1_8' title="bbox 208 936 1785 1013">
    <p class='ocr_par' dir='ltr' id='par_1_8' title="bbox 208 936 1785 1013">
     <span class='ocr_line' id='line_1_8' title="bbox 208 936 1785 1013; baseline -0.011 -6"><span class='ocrx_word' id='word_1_49' title='bbox 208 959 341 1007; x_wconf 86' lang='lat' dir='ltr'><strong>sunt</strong></span> <span class='ocrx_word' id='word_1_50' title='bbox 382 947 615 1011; x_wconf 80' lang='lat' dir='ltr'><strong>divitiae;</strong></span> <span class='ocrx_word' id='word_1_51' title='bbox 672 945 831 1013; x_wconf 88' lang='lat' dir='ltr'>hujus</span> <span class='ocrx_word' id='word_1_52' title='bbox 875 944 1188 997; x_wconf 86' lang='lat' dir='ltr'><strong>thesaurum</strong></span> <span class='ocrx_word' id='word_1_53' title='bbox 1232 940 1320 995; x_wconf 88' lang='lat' dir='ltr'><strong>fur</strong></span> <span class='ocrx_word' id='word_1_54' title='bbox 1346 940 1524 994; x_wconf 90' lang='lat' dir='ltr'><strong>nullus</strong></span> <span class='ocrx_word' id='word_1_55' title='bbox 1548 936 1785 1003; x_wconf 77' lang='lat' dir='ltr'><strong>effodiet,</strong></span> 
     </span>
    </p>
   </div>
   <div class='ocr_carea' id='block_1_9' title="bbox 208 1028 1790 1099">
    <p class='ocr_par' dir='ltr' id='par_1_9' title="bbox 208 1028 1790 1099">
     <span class='ocr_line' id='line_1_9' title="bbox 208 1028 1790 1099; baseline -0.011 -2"><span class='ocrx_word' id='word_1_56' title='bbox 208 1042 357 1099; x_wconf 76' lang='lat' dir='ltr'><strong>illius</strong></span> <span class='ocrx_word' id='word_1_57' title='bbox 384 1037 588 1093; x_wconf 70' lang='lat' dir='ltr'><strong>divitia:</strong></span> <span class='ocrx_word' id='word_1_58' title='bbox 612 1034 773 1090; x_wconf 88' lang='lat' dir='ltr'><strong>hodie</strong></span> <span class='ocrx_word' id='word_1_59' title='bbox 801 1032 1023 1097; x_wconf 78' lang='lat' dir='ltr'><strong>florent,</strong></span> <span class='ocrx_word' id='word_1_60' title='bbox 1071 1047 1194 1086; x_wconf 90' lang='lat' dir='ltr'><strong>cras</strong></span> <span class='ocrx_word' id='word_1_61' title='bbox 1235 1036 1587 1085; x_wconf 84' lang='lat' dir='ltr'><strong>marcescent.</strong></span> <span class='ocrx_word' id='word_1_62' title='bbox 1622 1028 1790 1095; x_wconf 82' lang='lat' dir='ltr'><strong>Igitur</strong></span> 
     </span>
    </p>
   </div>
   <div class='ocr_carea' id='block_1_10' title="bbox 208 1118 1791 1203">
    <p class='ocr_par' dir='ltr' id='par_1_10' title="bbox 208 1118 1791 1203">
     <span class='ocr_line' id='line_1_10' title="bbox 208 1118 1791 1203; baseline -0.011 -15"><span class='ocrx_word' id='word_1_63' title='bbox 208 1134 421 1203; x_wconf 52' lang='lat' dir='ltr'><strong>rspice</strong></span> <span class='ocrx_word' id='word_1_64' title='bbox 450 1128 678 1199; x_wconf 81' lang='lat' dir='ltr'><strong>:equalia</strong></span> <span class='ocrx_word' id='word_1_65' title='bbox 709 1142 772 1180; x_wconf 92' lang='lat' dir='ltr'><strong>ac</strong></span> <span class='ocrx_word' id='word_1_66' title='bbox 796 1125 955 1194; x_wconf 87' lang='lat' dir='ltr'><strong>plana</strong></span> <span class='ocrx_word' id='word_1_67' title='bbox 975 1164 989 1187; x_wconf 95' lang='lat'><strong>,</strong></span> <span class='ocrx_word' id='word_1_68' title='bbox 1021 1138 1177 1177; x_wconf 90' lang='lat' dir='ltr'><strong>suum</strong></span> <span class='ocrx_word' id='word_1_69' title='bbox 1208 1121 1401 1189; x_wconf 89' lang='lat' dir='ltr'><strong>cuique</strong></span> <span class='ocrx_word' id='word_1_70' title='bbox 1430 1118 1667 1172; x_wconf 88' lang='lat' dir='ltr'><strong>tribuens</strong></span> <span class='ocrx_word' id='word_1_71' title='bbox 1695 1118 1791 1172; x_wconf 91' lang='lat' dir='ltr'><strong>ho-</strong></span> 
     </span>
    </p>
   </div>
   <div class='ocr_carea' id='block_1_11' title="bbox 205 1208 1789 1295">
    <p class='ocr_par' dir='ltr' id='par_1_11' title="bbox 205 1208 1789 1295">
     <span class='ocr_line' id='line_1_11' title="bbox 205 1208 1789 1295; baseline -0.009 -17"><span class='ocrx_word' id='word_1_72' title='bbox 205 1237 401 1286; x_wconf 63' lang='lat' dir='ltr'><strong>norem</strong></span> <span class='ocrx_word' id='word_1_73' title='bbox 430 1240 442 1275; x_wconf 92' lang='lat'><strong>:</strong></span> <span class='ocrx_word' id='word_1_74' title='bbox 477 1218 856 1289; x_wconf 87' lang='lat' dir='ltr'><strong>pretiosiorem</strong></span> <span class='ocrx_word' id='word_1_75' title='bbox 885 1217 1151 1295; x_wconf 80' lang='lat' dir='ltr'><strong>rationem</strong></span> <span class='ocrx_word' id='word_1_76' title='bbox 1188 1214 1352 1275; x_wconf 84' lang='lat' dir='ltr'><strong>habe,</strong></span> <span class='ocrx_word' id='word_1_77' title='bbox 1394 1219 1453 1265; x_wconf 89' lang='lat' dir='ltr'><strong>ut</strong></span> <span class='ocrx_word' id='word_1_78' title='bbox 1482 1208 1789 1265; x_wconf 90' lang='lat' dir='ltr'><strong>misericor-</strong></span> 
     </span>
    </p>
   </div>
   <div class='ocr_carea' id='block_1_12' title="bbox 210 1304 1788 1379">
    <p class='ocr_par' dir='ltr' id='par_1_12' title="bbox 210 1304 1788 1379">
     <span class='ocr_line' id='line_1_12' title="bbox 210 1304 1788 1379; baseline -0.013 -3"><span class='ocrx_word' id='word_1_79' title='bbox 210 1317 357 1376; x_wconf 62' lang='grc' dir='ltr'><strong>ὤρη]</strong></span> <span class='ocrx_word' id='word_1_80' title='bbox 411 1315 674 1370; x_wconf 83' lang='lat' dir='ltr'><strong>invenias.</strong></span> <span class='ocrx_word' id='word_1_81' title='bbox 725 1311 840 1373; x_wconf 89' lang='lat' dir='ltr'><strong>Dic,</strong></span> <span class='ocrx_word' id='word_1_82' title='bbox 873 1325 991 1379; x_wconf 86' lang='lat' dir='ltr'><strong>age,</strong></span> <span class='ocrx_word' id='word_1_83' title='bbox 1024 1316 1175 1363; x_wconf 85' lang='lat' dir='ltr'><strong>estne</strong></span> <span class='ocrx_word' id='word_1_84' title='bbox 1210 1307 1349 1360; x_wconf 89' lang='lat' dir='ltr'><strong>inter</strong></span> <span class='ocrx_word' id='word_1_85' title='bbox 1375 1319 1472 1359; x_wconf 91' lang='lat' dir='ltr'><strong>vos</strong></span> <span class='ocrx_word' id='word_1_86' title='bbox 1504 1304 1788 1372; x_wconf 85' lang='lat' dir='ltr'><strong>quisquam</strong></span> 
     </span>
    </p>
   </div>
   <div class='ocr_carea' id='block_1_13' title="bbox 204 1390 1875 1473">
    <p class='ocr_par' dir='ltr' id='par_1_13' title="bbox 204 1390 1875 1473">
     <span class='ocr_line' id='line_1_13' title="bbox 204 1390 1875 1473; baseline -0.011 -13"><span class='ocrx_word' id='word_1_87' title='bbox 204 1406 388 1466; x_wconf 54' lang='lat' dir='ltr'><strong>inanis</strong></span> <span class='ocrx_word' id='word_1_88' title='bbox 423 1402 605 1473; x_wconf 81' lang='lat' dir='ltr'><strong>gloriae</strong></span> <span class='ocrx_word' id='word_1_89' title='bbox 636 1398 881 1470; x_wconf 75' lang='lat' dir='ltr'><strong>cupidus,</strong></span> <span class='ocrx_word' id='word_1_90' title='bbox 910 1398 999 1465; x_wconf 88' lang='lat' dir='ltr'><strong>qui</strong></span> <span class='ocrx_word' id='word_1_91' title='bbox 1033 1412 1137 1450; x_wconf 90' lang='lat' dir='ltr'><strong>non</strong></span> <span class='ocrx_word' id='word_1_92' title='bbox 1167 1396 1237 1449; x_wconf 88' lang='lat' dir='ltr'><strong>sit</strong></span> <span class='ocrx_word' id='word_1_93' title='bbox 1265 1392 1597 1448; x_wconf 87' lang='lat' dir='ltr'><strong>iracundus?</strong></span> <span class='ocrx_word' id='word_1_94' title='bbox 1627 1390 1790 1461; x_wconf 90' lang='lat' dir='ltr'><strong>Cupi-</strong></span> <span class='ocrx_word' id='word_1_95' title='bbox 1872 1426 1875 1429; x_wconf 66' lang='grc'><strong>»</strong></span> 
     </span>
    </p>
   </div>
   <div class='ocr_carea' id='block_1_14' title="bbox 208 1480 1789 1558">
    <p class='ocr_par' dir='ltr' id='par_1_14' title="bbox 208 1480 1789 1558">
     <span class='ocr_line' id='line_1_14' title="bbox 208 1480 1789 1558; baseline -0.011 -6"><span class='ocrx_word' id='word_1_96' title='bbox 208 1495 312 1552; x_wconf 89' lang='lat' dir='ltr'><strong>dus</strong></span> <span class='ocrx_word' id='word_1_97' title='bbox 339 1508 399 1548; x_wconf 89' lang='lat' dir='ltr'><strong>es</strong></span> <span class='ocrx_word' id='word_1_98' title='bbox 431 1492 607 1546; x_wconf 89' lang='lat' dir='ltr'><strong>inanis</strong></span> <span class='ocrx_word' id='word_1_99' title='bbox 634 1487 858 1558; x_wconf 60' lang='lat' dir='ltr'><strong>gloriae?</strong></span> <span class='ocrx_word' id='word_1_100' title='bbox 912 1502 1019 1540; x_wconf 91' lang='lat' dir='ltr'><strong>non</strong></span> <span class='ocrx_word' id='word_1_101' title='bbox 1066 1485 1217 1539; x_wconf 85' lang='lat' dir='ltr'><strong>vides</strong></span> <span class='ocrx_word' id='word_1_102' title='bbox 1256 1483 1435 1551; x_wconf 88' lang='lat' dir='ltr'><strong>plana.</strong></span> <span class='ocrx_word' id='word_1_103' title='bbox 1493 1480 1789 1535; x_wconf 85' lang='lat' dir='ltr'><strong>Iracundus</strong></span> 
     </span>
    </p>
   </div>
   <div class='ocr_carea' id='block_1_15' title="bbox 204 1572 1789 1641">
    <p class='ocr_par' dir='ltr' id='par_1_15' title="bbox 204 1572 1789 1641">
     <span class='ocr_line' id='line_1_15' title="bbox 204 1572 1789 1641; baseline -0.011 -1"><span class='ocrx_word' id='word_1_104' title='bbox 204 1586 312 1640; x_wconf 87' lang='lat' dir='ltr'><strong>es?</strong></span> <span class='ocrx_word' id='word_1_105' title='bbox 345 1598 468 1638; x_wconf 90' lang='lat' dir='ltr'><strong>cum</strong></span> <span class='ocrx_word' id='word_1_106' title='bbox 514 1580 786 1635; x_wconf 84' lang='lat' dir='ltr'><strong>iracundo‘</strong></span> <span class='ocrx_word' id='word_1_107' title='bbox 812 1592 882 1631; x_wconf 91' lang='lat' dir='ltr'><strong>ne</strong></span> <span class='ocrx_word' id='word_1_108' title='bbox 929 1576 1163 1629; x_wconf 86' lang='lat' dir='ltr'><strong>habites.</strong></span> <span class='ocrx_word' id='word_1_109' title='bbox 1203 1574 1366 1627; x_wconf 84' lang='lat' dir='ltr'><strong>Vides</strong></span> <span class='ocrx_word' id='word_1_110' title='bbox 1391 1572 1663 1641; x_wconf 90' lang='lat' dir='ltr'><strong>quomodo</strong></span> <span class='ocrx_word' id='word_1_111' title='bbox 1690 1585 1789 1641; x_wconf 91' lang='lat' dir='ltr'><strong>per</strong></span> 
     </span>
    </p>
   </div>
   <div class='ocr_carea' id='block_1_16' title="bbox 208 1662 1789 1741">
    <p class='ocr_par' dir='ltr' id='par_1_16' title="bbox 208 1662 1789 1741">
     <span class='ocr_line' id='line_1_16' title="bbox 208 1662 1789 1741; baseline -0.008 -11"><span class='ocrx_word' id='word_1_112' title='bbox 208 1671 696 1741; x_wconf 82' lang='lat' dir='ltr'><strong>breviloquentiam</strong></span> <span class='ocrx_word' id='word_1_113' title='bbox 728 1668 859 1722; x_wconf 89' lang='lat' dir='ltr'><strong>vitia</strong></span> <span class='ocrx_word' id='word_1_114' title='bbox 897 1676 1083 1720; x_wconf 90' lang='lat' dir='ltr'><strong>nostra</strong></span> <span class='ocrx_word' id='word_1_115' title='bbox 1114 1665 1468 1732; x_wconf 90' lang='lat' dir='ltr'><strong>corrigantur,</strong></span> <span class='ocrx_word' id='word_1_116' title='bbox 1532 1672 1635 1717; x_wconf 90' lang='lat' dir='ltr'><strong>etc.</strong></span> <span class='ocrx_word' id='word_1_117' title='bbox 1686 1662 1789 1718; x_wconf 86' lang='lat' dir='ltr'><strong>Ac-</strong></span> 
     </span>
    </p>
   </div>
   <div class='ocr_carea' id='block_1_17' title="bbox 180 1752 1788 1833">
    <p class='ocr_par' dir='ltr' id='par_1_17' title="bbox 180 1752 1788 1833">
     <span class='ocr_line' id='line_1_17' title="bbox 180 1752 1788 1833; baseline -0.005 -18"><span class='ocrx_word' id='word_1_118' title='bbox 180 1765 331 1833; x_wconf 84' lang='lat' dir='ltr'><strong>cipe</strong></span> <span class='ocrx_word' id='word_1_119' title='bbox 374 1760 694 1817; x_wconf 85' lang='lat' dir='ltr'><strong>remedium.</strong></span> <span class='ocrx_word' id='word_1_120' title='bbox 744 1756 803 1811; x_wconf 90' lang='lat' dir='ltr'><strong>Si</strong></span> <span class='ocrx_word' id='word_1_121' title='bbox 846 1755 1140 1811; x_wconf 87' lang='lat' dir='ltr'><strong>accerseris</strong></span> <span class='ocrx_word' id='word_1_122' title='bbox 1170 1754 1461 1817; x_wconf 90' lang='lat' dir='ltr'><strong>medicum,</strong></span> <span class='ocrx_word' id='word_1_123' title='bbox 1504 1761 1559 1807; x_wconf 90' lang='lat' dir='ltr'><strong>et</strong></span> <span class='ocrx_word' id='word_1_124' title='bbox 1584 1752 1788 1808; x_wconf 89' lang='lat' dir='ltr'><strong>videris</strong></span> 
     </span>
    </p>
   </div>
   <div class='ocr_carea' id='block_1_18' title="bbox 207 1844 1783 1925">
    <p class='ocr_par' dir='ltr' id='par_1_18' title="bbox 207 1844 1783 1925">
     <span class='ocr_line' id='line_1_18' title="bbox 207 1844 1783 1925; baseline -0.008 -14"><span class='ocrx_word' id='word_1_125' title='bbox 207 1857 355 1925; x_wconf 86' lang='lat' dir='ltr'><strong>apud</strong></span> <span class='ocrx_word' id='word_1_126' title='bbox 392 1868 513 1909; x_wconf 87' lang='lat' dir='ltr'><strong>eum</strong></span> <span class='ocrx_word' id='word_1_127' title='bbox 543 1850 696 1905; x_wconf 87' lang='lat' dir='ltr'><strong>varia</strong></span> <span class='ocrx_word' id='word_1_128' title='bbox 735 1848 1028 1919; x_wconf 88' lang='lat' dir='ltr'><strong>pharmaca</strong></span> <span class='ocrx_word' id='word_1_129' title='bbox 1058 1846 1223 1901; x_wconf 89' lang='lat' dir='ltr'><strong>variis</strong></span> <span class='ocrx_word' id='word_1_130' title='bbox 1259 1853 1512 1900; x_wconf 88' lang='lat' dir='ltr'><strong>contenta</strong></span> <span class='ocrx_word' id='word_1_131' title='bbox 1551 1844 1783 1911; x_wconf 84' lang='lat' dir='ltr'><strong>tabellis,</strong></span> 
     </span>
    </p>
   </div>
   <div class='ocr_carea' id='block_1_19' title="bbox 207 1916 1865 2010">
    <p class='ocr_par' dir='ltr' id='par_1_19' title="bbox 207 1916 1865 2010">
     <span class='ocr_line' id='line_1_19' title="bbox 207 1916 1865 2010; baseline -0.007 -9"><span class='ocrx_word' id='word_1_132' title='bbox 207 1916 582 2001; x_wconf 75' lang='lat' dir='ltr'><strong>considerabis</strong></span> <span class='ocrx_word' id='word_1_133' title='bbox 616 1940 745 2010; x_wconf 92' lang='lat' dir='ltr'><strong>quid</strong></span> <span class='ocrx_word' id='word_1_134' title='bbox 786 1948 877 1993; x_wconf 90' lang='lat' dir='ltr'><strong>tuo</strong></span> <span class='ocrx_word' id='word_1_135' title='bbox 914 1938 1103 1993; x_wconf 91' lang='lat' dir='ltr'><strong>morbo</strong></span> <span class='ocrx_word' id='word_1_136' title='bbox 1134 1938 1437 1991; x_wconf 85' lang='lat' dir='ltr'><strong>conveniat.</strong></span> <span class='ocrx_word' id='word_1_137' title='bbox 1492 1936 1607 1991; x_wconf 85' lang='lat' dir='ltr'><strong>Non</strong></span> <span class='ocrx_word' id='word_1_138' title='bbox 1642 1937 1788 1991; x_wconf 91' lang='lat' dir='ltr'><strong>enim</strong></span> <span class='ocrx_word' id='word_1_139' title='bbox 1819 1916 1865 1976; x_wconf 76' lang='grc' dir='ltr'><strong>Β</strong></span> 
     </span>
    </p>
   </div>
   <div class='ocr_carea' id='block_1_20' title="bbox 208 2028 1790 2107">
    <p class='ocr_par' dir='ltr' id='par_1_20' title="bbox 208 2028 1790 2107">
     <span class='ocr_line' id='line_1_20' title="bbox 208 2028 1790 2107; baseline -0.006 -16"><span class='ocrx_word' id='word_1_140' title='bbox 208 2039 304 2107; x_wconf 87' lang='lat' dir='ltr'><strong>qui</strong></span> <span class='ocrx_word' id='word_1_141' title='bbox 334 2036 469 2106; x_wconf 88' lang='lat' dir='ltr'><strong>pede</strong></span> <span class='ocrx_word' id='word_1_142' title='bbox 496 2032 736 2097; x_wconf 82' lang='lat' dir='ltr'><strong>offendit,</strong></span> <span class='ocrx_word' id='word_1_143' title='bbox 767 2031 960 2099; x_wconf 75' lang='lat' dir='ltr'><strong>quzerit</strong></span> <span class='ocrx_word' id='word_1_144' title='bbox 988 2029 1130 2084; x_wconf 90' lang='lat' dir='ltr'><strong>oculi</strong></span> <span class='ocrx_word' id='word_1_145' title='bbox 1160 2029 1525 2092; x_wconf 87' lang='lat' dir='ltr'><strong>curationem;</strong></span> <span class='ocrx_word' id='word_1_146' title='bbox 1566 2030 1661 2082; x_wconf 87' lang='lat' dir='ltr'><strong>sed</strong></span> <span class='ocrx_word' id='word_1_147' title='bbox 1699 2028 1790 2097; x_wconf 85' lang='lat' dir='ltr'><strong>qui</strong></span> 
     </span>
    </p>
   </div>
   <div class='ocr_carea' id='block_1_21' title="bbox 210 2120 1792 2189">
    <p class='ocr_par' dir='ltr' id='par_1_21' title="bbox 210 2120 1792 2189">
     <span class='ocr_line' id='line_1_21' title="bbox 210 2120 1792 2189; baseline -0.006 -6"><span class='ocrx_word' id='word_1_148' title='bbox 210 2129 431 2184; x_wconf 91' lang='lat' dir='ltr'><strong>oculum</strong></span> <span class='ocrx_word' id='word_1_149' title='bbox 474 2125 638 2180; x_wconf 87' lang='lat' dir='ltr'><strong>habet</strong></span> <span class='ocrx_word' id='word_1_150' title='bbox 675 2122 925 2177; x_wconf 84' lang='lat' dir='ltr'><strong>affectum</strong></span> <span class='ocrx_word' id='word_1_151' title='bbox 950 2163 963 2186; x_wconf 92' lang='lat'><strong>,</strong></span> <span class='ocrx_word' id='word_1_152' title='bbox 1015 2121 1352 2176; x_wconf 88' lang='lat' dir='ltr'><strong>commodam</strong></span> <span class='ocrx_word' id='word_1_153' title='bbox 1395 2135 1551 2189; x_wconf 92' lang='lat' dir='ltr'><strong>opem</strong></span> <span class='ocrx_word' id='word_1_154' title='bbox 1599 2120 1792 2188; x_wconf 84' lang='lat' dir='ltr'><strong>quaerit</strong></span> 
     </span>
    </p>
   </div>
   <div class='ocr_carea' id='block_1_22' title="bbox 208 2210 1791 2284">
    <p class='ocr_par' dir='ltr' id='par_1_22' title="bbox 208 2210 1791 2284">
     <span class='ocr_line' id='line_1_22' title="bbox 208 2210 1791 2284; baseline -0.005 -11"><span class='ocrx_word' id='word_1_155' title='bbox 208 2218 391 2273; x_wconf 88' lang='lat' dir='ltr'><strong>oculo.</strong></span> <span class='ocrx_word' id='word_1_156' title='bbox 431 2217 617 2284; x_wconf 87' lang='lat' dir='ltr'><strong>Itaque</strong></span> <span class='ocrx_word' id='word_1_157' title='bbox 646 2214 873 2283; x_wconf 90' lang='lat' dir='ltr'><strong>quisque</strong></span> <span class='ocrx_word' id='word_1_158' title='bbox 900 2212 1001 2266; x_wconf 90' lang='lat' dir='ltr'><strong>sibi</strong></span> <span class='ocrx_word' id='word_1_159' title='bbox 1046 2227 1111 2265; x_wconf 81' lang='lat' dir='ltr'><strong>ex</strong></span> <span class='ocrx_word' id='word_1_160' title='bbox 1158 2210 1453 2281; x_wconf 88' lang='lat' dir='ltr'><strong>Scripturis</strong></span> <span class='ocrx_word' id='word_1_161' title='bbox 1480 2214 1668 2265; x_wconf 88' lang='lat' dir='ltr'><strong>morbo</strong></span> <span class='ocrx_word' id='word_1_162' title='bbox 1694 2225 1791 2265; x_wconf 91' lang='lat' dir='ltr'><strong>suo</strong></span> 
     </span>
    </p>
   </div>
   <div class='ocr_carea' id='block_1_23' title="bbox 212 2302 1793 2363">
    <p class='ocr_par' dir='ltr' id='par_1_23' title="bbox 212 2302 1793 2363">
     <span class='ocr_line' id='line_1_23' title="bbox 212 2302 1793 2363; baseline -0.006 0"><span class='ocrx_word' id='word_1_163' title='bbox 212 2306 592 2363; x_wconf 85' lang='lat' dir='ltr'><strong>convenientia</strong></span> <span class='ocrx_word' id='word_1_164' title='bbox 618 2312 813 2358; x_wconf 89' lang='lat' dir='ltr'><strong>sumat.</strong></span> <span class='ocrx_word' id='word_1_165' title='bbox 857 2302 1154 2357; x_wconf 90' lang='lat' dir='ltr'><strong>Iracundus</strong></span> <span class='ocrx_word' id='word_1_166' title='bbox 1176 2302 1269 2355; x_wconf 86' lang='lat' dir='ltr'><strong>es?</strong></span> <span class='ocrx_word' id='word_1_167' title='bbox 1294 2302 1487 2355; x_wconf 88' lang='lat' dir='ltr'><strong>cohibe</strong></span> <span class='ocrx_word' id='word_1_168' title='bbox 1514 2303 1670 2355; x_wconf 91' lang='lat' dir='ltr'><strong>iram.</strong></span> <span class='ocrx_word' id='word_1_169' title='bbox 1700 2302 1793 2356; x_wconf 81' lang='lat' dir='ltr'><strong>Vir</strong></span> 
     </span>
    </p>
   </div>
   <div class='ocr_carea' id='block_1_24' title="bbox 213 2391 1785 2465">
    <p class='ocr_par' dir='ltr' id='par_1_24' title="bbox 213 2391 1785 2465">
     <span class='ocr_line' id='line_1_24' title="bbox 213 2391 1785 2465; baseline -0.004 -13"><span class='ocrx_word' id='word_1_170' title='bbox 213 2397 532 2459; x_wconf 87' lang='lat' dir='ltr'><strong>iracundus,</strong></span> <span class='ocrx_word' id='word_1_171' title='bbox 551 2395 745 2465; x_wconf 89' lang='lat' dir='ltr'><strong>inquit,</strong></span> <span class='ocrx_word' id='word_1_172' title='bbox 762 2394 934 2461; x_wconf 89' lang='lat' dir='ltr'><strong>turpis</strong></span> <span class='ocrx_word' id='word_1_173' title='bbox 954 2400 1055 2457; x_wconf 92' lang='lat' dir='ltr'><strong>est,</strong></span> <span class='ocrx_word' id='word_1_174' title='bbox 1075 2393 1220 2446; x_wconf 92' lang='lat' dir='ltr'><strong>disce</strong></span> <span class='ocrx_word' id='word_1_175' title='bbox 1242 2407 1309 2445; x_wconf 78' lang='lat' dir='ltr'><strong>ex</strong></span> <span class='ocrx_word' id='word_1_176' title='bbox 1333 2392 1434 2446; x_wconf 92' lang='lat' dir='ltr'><strong>hac</strong></span> <span class='ocrx_word' id='word_1_177' title='bbox 1451 2391 1753 2461; x_wconf 87' lang='lat' dir='ltr'><strong>Scriptura.</strong></span> <span class='ocrx_word' id='word_1_178' title='bbox 1767 2411 1785 2445; x_wconf 84' lang='grc'><strong>›</strong></span> 
     </span>
    </p>
   </div>
   <div class='ocr_carea' id='block_1_25' title="bbox 287 2482 1794 2557">
    <p class='ocr_par' dir='ltr' id='par_1_25' title="bbox 287 2482 1794 2557">
     <span class='ocr_line' id='line_1_25' title="bbox 287 2482 1794 2557; baseline -0.003 -14"><span class='ocrx_word' id='word_1_179' title='bbox 287 2488 578 2557; x_wconf 77' lang='lat' dir='ltr'><strong>Gregorius</strong></span> <span class='ocrx_word' id='word_1_180' title='bbox 623 2484 996 2539; x_wconf 87' lang='lat' dir='ltr'><strong>Nazianzenus</strong></span> <span class='ocrx_word' id='word_1_181' title='bbox 1046 2484 1099 2537; x_wconf 88' lang='lat' dir='ltr'><strong>in</strong></span> <span class='ocrx_word' id='word_1_182' title='bbox 1148 2484 1393 2538; x_wconf 87' lang='lat' dir='ltr'><strong>oratione</strong></span> <span class='ocrx_word' id='word_1_183' title='bbox 1440 2482 1545 2536; x_wconf 70' lang='lat'><strong>15:</strong></span> <span class='ocrx_word' id='word_1_184' title='bbox 1592 2501 1609 2533; x_wconf 76' lang='grc' dir='ltr'><strong><em>ι</em></strong></span> <span class='ocrx_word' id='word_1_185' title='bbox 1641 2483 1794 2539; x_wconf 80' lang='lat' dir='ltr'><strong>Alius</strong></span> 
     </span>
    </p>
   </div>
   <div class='ocr_carea' id='block_1_26' title="bbox 210 2573 1794 2646">
    <p class='ocr_par' dir='ltr' id='par_1_26' title="bbox 210 2573 1794 2646">
     <span class='ocr_line' id='line_1_26' title="bbox 210 2573 1794 2646; baseline -0.005 -12"><span class='ocrx_word' id='word_1_186' title='bbox 210 2586 464 2636; x_wconf 83' lang='lat' dir='ltr'><strong>nostrum</strong></span> <span class='ocrx_word' id='word_1_187' title='bbox 493 2590 785 2646; x_wconf 89' lang='lat' dir='ltr'><strong>pauperem</strong></span> <span class='ocrx_word' id='word_1_188' title='bbox 818 2577 1121 2643; x_wconf 87' lang='lat' dir='ltr'><strong>oppressit,</strong></span> <span class='ocrx_word' id='word_1_189' title='bbox 1168 2589 1231 2627; x_wconf 91' lang='lat' dir='ltr'><strong>ac</strong></span> <span class='ocrx_word' id='word_1_190' title='bbox 1272 2582 1429 2627; x_wconf 76' lang='lat' dir='ltr'><strong>terra:</strong></span> <span class='ocrx_word' id='word_1_191' title='bbox 1458 2581 1663 2642; x_wconf 88' lang='lat' dir='ltr'><strong>partem</strong></span> <span class='ocrx_word' id='word_1_192' title='bbox 1692 2573 1794 2643; x_wconf 90' lang='lat' dir='ltr'><strong>ipsi</strong></span> 
     </span>
    </p>
   </div>
   <div class='ocr_carea' id='block_1_27' title="bbox 211 2666 1794 2737">
    <p class='ocr_par' dir='ltr' id='par_1_27' title="bbox 211 2666 1794 2737">
     <span class='ocr_line' id='line_1_27' title="bbox 211 2666 1794 2737; baseline -0.005 -9"><span class='ocrx_word' id='word_1_193' title='bbox 211 2670 525 2735; x_wconf 76' lang='lat' dir='ltr'><strong>abstraxit,</strong></span> <span class='ocrx_word' id='word_1_194' title='bbox 572 2668 819 2737; x_wconf 84' lang='lat' dir='ltr'><strong>maleque</strong></span> <span class='ocrx_word' id='word_1_195' title='bbox 847 2667 931 2721; x_wconf 97' lang='lat' dir='ltr'><strong>vel</strong></span> <span class='ocrx_word' id='word_1_196' title='bbox 962 2682 1059 2735; x_wconf 91' lang='lat' dir='ltr'><strong>per</strong></span> <span class='ocrx_word' id='word_1_197' title='bbox 1086 2666 1329 2721; x_wconf 88' lang='lat' dir='ltr'><strong>fraudem</strong></span> <span class='ocrx_word' id='word_1_198' title='bbox 1355 2707 1369 2731; x_wconf 89' lang='lat'><strong>,</strong></span> <span class='ocrx_word' id='word_1_199' title='bbox 1416 2666 1498 2719; x_wconf 87' lang='lat' dir='ltr'><strong>vel</strong></span> <span class='ocrx_word' id='word_1_200' title='bbox 1545 2680 1641 2735; x_wconf 90' lang='lat' dir='ltr'><strong>per</strong></span> <span class='ocrx_word' id='word_1_201' title='bbox 1685 2666 1794 2720; x_wconf 88' lang='lat' dir='ltr'><strong>vim</strong></span> 
     </span>
    </p>
   </div>
   <div class='ocr_carea' id='block_1_28' title="bbox 212 2758 1795 2831">
    <p class='ocr_par' dir='ltr' id='par_1_28' title="bbox 212 2758 1795 2831">
     <span class='ocr_line' id='line_1_28' title="bbox 212 2758 1795 2831; baseline -0.007 -9"><span class='ocrx_word' id='word_1_202' title='bbox 212 2765 510 2822; x_wconf 77' lang='lat' dir='ltr'><strong>terminum</strong></span> <span class='ocrx_word' id='word_1_203' title='bbox 540 2769 909 2831; x_wconf 80' lang='lat' dir='ltr'><strong>transgressus</strong></span> <span class='ocrx_word' id='word_1_204' title='bbox 939 2768 1023 2814; x_wconf 89' lang='lat' dir='ltr'><strong>est</strong></span> <span class='ocrx_word' id='word_1_205' title='bbox 1048 2799 1064 2824; x_wconf 94' lang='lat'><strong>,</strong></span> <span class='ocrx_word' id='word_1_206' title='bbox 1112 2768 1169 2814; x_wconf 91' lang='lat' dir='ltr'><strong>et</strong></span> <span class='ocrx_word' id='word_1_207' title='bbox 1207 2775 1394 2829; x_wconf 83' lang='lat' dir='ltr'><strong>agrum</strong></span> <span class='ocrx_word' id='word_1_208' title='bbox 1426 2774 1554 2827; x_wconf 83' lang='lat' dir='ltr'><strong>agro</strong></span> <span class='ocrx_word' id='word_1_209' title='bbox 1578 2758 1795 2829; x_wconf 89' lang='lat' dir='ltr'><strong>copula-</strong></span> 
     </span>
    </p>
   </div>
   <div class='ocr_carea' id='block_1_29' title="bbox 215 2850 1798 2925">
    <p class='ocr_par' dir='ltr' id='par_1_29' title="bbox 215 2850 1798 2925">
     <span class='ocr_line' id='line_1_29' title="bbox 215 2850 1798 2925; baseline -0.004 -14"><span class='ocrx_word' id='word_1_210' title='bbox 215 2855 325 2921; x_wconf 79' lang='lat' dir='ltr'><strong>vit,</strong></span> <span class='ocrx_word' id='word_1_211' title='bbox 354 2863 413 2908; x_wconf 93' lang='lat' dir='ltr'><strong>ut</strong></span> <span class='ocrx_word' id='word_1_212' title='bbox 438 2854 685 2925; x_wconf 78' lang='lat' dir='ltr'><strong>proximo</strong></span> <span class='ocrx_word' id='word_1_213' title='bbox 716 2850 919 2923; x_wconf 83' lang='lat' dir='ltr'><strong>aliquid</strong></span> <span class='ocrx_word' id='word_1_214' title='bbox 947 2851 1203 2921; x_wconf 89' lang='lat' dir='ltr'><strong>eriperet,</strong></span> <span class='ocrx_word' id='word_1_215' title='bbox 1235 2858 1339 2905; x_wconf 92' lang='lat' dir='ltr'><strong>etc.</strong></span> <span class='ocrx_word' id='word_1_216' title='bbox 1371 2850 1522 2904; x_wconf 85' lang='lat' dir='ltr'><strong>Alius</strong></span> <span class='ocrx_word' id='word_1_217' title='bbox 1542 2851 1722 2905; x_wconf 92' lang='lat' dir='ltr'><strong>usuris</strong></span> <span class='ocrx_word' id='word_1_218' title='bbox 1741 2858 1798 2905; x_wconf 90' lang='lat' dir='ltr'><strong>et</strong></span> 
     </span>
    </p>
   </div>
   <div class='ocr_carea' id='block_1_30' title="bbox 214 2944 1797 3007">
    <p class='ocr_par' dir='ltr' id='par_1_30' title="bbox 214 2944 1797 3007">
     <span class='ocr_line' id='line_1_30' title="bbox 214 2944 1797 3007; baseline -0.002 -6"><span class='ocrx_word' id='word_1_219' title='bbox 214 2945 491 3002; x_wconf 82' lang='lat' dir='ltr'><strong>fenoribus</strong></span> <span class='ocrx_word' id='word_1_220' title='bbox 528 2954 728 3000; x_wconf 90' lang='lat' dir='ltr'><strong>terram</strong></span> <span class='ocrx_word' id='word_1_221' title='bbox 779 2944 1184 3007; x_wconf 86' lang='lat' dir='ltr'><strong>contaminavit,</strong></span> <span class='ocrx_word' id='word_1_222' title='bbox 1236 2951 1341 2998; x_wconf 91' lang='lat' dir='ltr'><strong>etc.</strong></span> <span class='ocrx_word' id='word_1_223' title='bbox 1391 2944 1541 2997; x_wconf 86' lang='lat' dir='ltr'><strong>Alius</strong></span> <span class='ocrx_word' id='word_1_224' title='bbox 1569 2944 1668 2997; x_wconf 91' lang='lat' dir='ltr'><strong>reti</strong></span> <span class='ocrx_word' id='word_1_225' title='bbox 1700 2959 1797 2999; x_wconf 90' lang='lat' dir='ltr'><strong>suo</strong></span> 
     </span>
    </p>
   </div>
   <div class='ocr_carea' id='block_1_31' title="bbox 214 3032 1796 3103">
    <p class='ocr_par' dir='ltr' id='par_1_31' title="bbox 214 3032 1796 3103">
     <span class='ocr_line' id='line_1_31' title="bbox 214 3032 1796 3103; baseline -0.004 -12"><span class='ocrx_word' id='word_1_226' title='bbox 214 3038 389 3091; x_wconf 88' lang='lat' dir='ltr'><strong>multa</strong></span> <span class='ocrx_word' id='word_1_227' title='bbox 414 3035 683 3103; x_wconf 85' lang='lat' dir='ltr'><strong>colligenti</strong></span> <span class='ocrx_word' id='word_1_228' title='bbox 714 3033 1029 3098; x_wconf 87' lang='lat' dir='ltr'><strong>immolavit,</strong></span> <span class='ocrx_word' id='word_1_229' title='bbox 1063 3048 1126 3087; x_wconf 92' lang='lat' dir='ltr'><strong>ac</strong></span> <span class='ocrx_word' id='word_1_230' title='bbox 1155 3032 1407 3103; x_wconf 89' lang='lat' dir='ltr'><strong>pauperis</strong></span> <span class='ocrx_word' id='word_1_231' title='bbox 1436 3032 1669 3102; x_wconf 65' lang='lat' dir='ltr'><strong>praedam</strong></span> <span class='ocrx_word' id='word_1_232' title='bbox 1699 3032 1796 3086; x_wconf 86' lang='lat' dir='ltr'><strong>do-</strong></span> 
     </span>
    </p>
   </div>
   <div class='ocr_carea' id='block_1_32' title="bbox 215 3124 1800 3192">
    <p class='ocr_par' dir='ltr' id='par_1_32' title="bbox 215 3124 1800 3192">
     <span class='ocr_line' id='line_1_32' title="bbox 215 3124 1800 3192; baseline -0.002 -10"><span class='ocrx_word' id='word_1_233' title='bbox 215 3143 370 3182; x_wconf 87' lang='lat' dir='ltr'><strong>mum</strong></span> <span class='ocrx_word' id='word_1_234' title='bbox 399 3128 625 3192; x_wconf 91' lang='lat' dir='ltr'><strong>habens,</strong></span> <span class='ocrx_word' id='word_1_235' title='bbox 652 3134 747 3180; x_wconf 91' lang='lat' dir='ltr'><strong>aut</strong></span> <span class='ocrx_word' id='word_1_236' title='bbox 768 3126 863 3179; x_wconf 89' lang='lat' dir='ltr'><strong>Dei</strong></span> <span class='ocrx_word' id='word_1_237' title='bbox 886 3124 1201 3179; x_wconf 89' lang='lat' dir='ltr'><strong>memoriam</strong></span> <span class='ocrx_word' id='word_1_238' title='bbox 1234 3141 1297 3179; x_wconf 79' lang='lat' dir='ltr'><strong>ex</strong></span> <span class='ocrx_word' id='word_1_239' title='bbox 1326 3124 1509 3178; x_wconf 92' lang='lat' dir='ltr'><strong>animo</strong></span> <span class='ocrx_word' id='word_1_240' title='bbox 1534 3134 1627 3177; x_wconf 87' lang='lat' dir='ltr'><strong>aut</strong></span> <span class='ocrx_word' id='word_1_241' title='bbox 1652 3132 1800 3179; x_wconf 88' lang='lat' dir='ltr'><strong>certe</strong></span> 
     </span>
    </p>
   </div>
   <div class='ocr_carea' id='block_1_33' title="bbox 215 3216 1796 3286">
    <p class='ocr_par' dir='ltr' id='par_1_33' title="bbox 215 3216 1796 3286">
     <span class='ocr_line' id='line_1_33' title="bbox 215 3216 1796 3286; baseline -0.001 -13"><span class='ocrx_word' id='word_1_242' title='bbox 215 3220 363 3274; x_wconf 87' lang='lat' dir='ltr'><strong>illius</strong></span> <span class='ocrx_word' id='word_1_243' title='bbox 386 3220 527 3273; x_wconf 89' lang='lat' dir='ltr'><strong>male</strong></span> <span class='ocrx_word' id='word_1_244' title='bbox 550 3218 865 3273; x_wconf 89' lang='lat' dir='ltr'><strong>recordatus</strong></span> <span class='ocrx_word' id='word_1_245' title='bbox 894 3225 996 3281; x_wconf 91' lang='lat' dir='ltr'><strong>est,</strong></span> <span class='ocrx_word' id='word_1_246' title='bbox 1020 3226 1130 3271; x_wconf 88' lang='lat' dir='ltr'><strong>etc.</strong></span> <span class='ocrx_word' id='word_1_247' title='bbox 1154 3238 1172 3268; x_wconf 76' lang='grc' dir='ltr'><strong><em>ι</em></strong></span> <span class='ocrx_word' id='word_1_248' title='bbox 1209 3217 1275 3270; x_wconf 83' lang='grc' dir='ltr'>Ει</span> <span class='ocrx_word' id='word_1_249' title='bbox 1301 3226 1423 3286; x_wconf 91' lang='lat' dir='ltr'><strong>post</strong></span> <span class='ocrx_word' id='word_1_250' title='bbox 1449 3217 1551 3271; x_wconf 90' lang='lat' dir='ltr'><strong>alia</strong></span> <span class='ocrx_word' id='word_1_251' title='bbox 1581 3216 1796 3271; x_wconf 90' lang='lat' dir='ltr'><strong>Patrem</strong></span> 
     </span>
    </p>
   </div>
   <div class='ocr_carea' id='block_1_34' title="bbox 212 3308 1792 3377">
    <p class='ocr_par' dir='ltr' id='par_1_34' title="bbox 212 3308 1792 3377">
     <span class='ocr_line' id='line_1_34' title="bbox 212 3308 1792 3377; baseline -0.001 -13"><span class='ocrx_word' id='word_1_252' title='bbox 212 3309 299 3364; x_wconf 87' lang='lat' dir='ltr'><strong>sic</strong></span> <span class='ocrx_word' id='word_1_253' title='bbox 322 3311 594 3373; x_wconf 82' lang='lat' dir='ltr'><strong>hortatur,</strong></span> <span class='ocrx_word' id='word_1_254' title='bbox 618 3317 679 3362; x_wconf 84' lang='lat' dir='ltr'><strong>ut</strong></span> <span class='ocrx_word' id='word_1_255' title='bbox 701 3324 856 3362; x_wconf 93' lang='lat' dir='ltr'><strong>suum</strong></span> <span class='ocrx_word' id='word_1_256' title='bbox 887 3308 1140 3377; x_wconf 90' lang='lat' dir='ltr'><strong>populum</strong></span> <span class='ocrx_word' id='word_1_257' title='bbox 1171 3308 1287 3361; x_wconf 68' lang='lat' dir='ltr'><strong>haec</strong></span> <span class='ocrx_word' id='word_1_258' title='bbox 1316 3309 1507 3362; x_wconf 87' lang='lat' dir='ltr'><strong>doceat</strong></span> <span class='ocrx_word' id='word_1_259' title='bbox 1533 3309 1792 3374; x_wconf 89' lang='lat' dir='ltr'><strong>remedia,</strong></span> 
     </span>
    </p>
   </div>
   <div class='ocr_carea' id='block_1_35' title="bbox 211 3399 1793 3473">
    <p class='ocr_par' dir='ltr' id='par_1_35' title="bbox 211 3399 1793 3473">
     <span class='ocr_line' id='line_1_35' title="bbox 211 3399 1793 3473; baseline -0.001 -18"><span class='ocrx_word' id='word_1_260' title='bbox 211 3402 422 3473; x_wconf 88' lang='lat' dir='ltr'><strong>quibus</strong></span> <span class='ocrx_word' id='word_1_261' title='bbox 442 3400 655 3453; x_wconf 89' lang='lat' dir='ltr'><strong>illorum</strong></span> <span class='ocrx_word' id='word_1_262' title='bbox 675 3400 799 3453; x_wconf 81' lang='lat' dir='ltr'><strong>vitia</strong></span> <span class='ocrx_word' id='word_1_263' title='bbox 822 3409 1100 3463; x_wconf 87' lang='lat' dir='ltr'><strong>curentur,</strong></span> <span class='ocrx_word' id='word_1_264' title='bbox 1124 3407 1180 3453; x_wconf 88' lang='lat' dir='ltr'><strong>et</strong></span> <span class='ocrx_word' id='word_1_265' title='bbox 1202 3400 1280 3452; x_wconf 89' lang='lat' dir='ltr'><strong>ira</strong></span> <span class='ocrx_word' id='word_1_266' title='bbox 1304 3399 1400 3453; x_wconf 93' lang='lat' dir='ltr'><strong>Dei</strong></span> <span class='ocrx_word' id='word_1_267' title='bbox 1434 3401 1793 3468; x_wconf 88' lang='lat' dir='ltr'><strong>reprimatur:</strong></span> 
     </span>
    </p>
   </div>
   <div class='ocr_carea' id='block_1_36' title="bbox 222 3491 1795 3562">
    <p class='ocr_par' dir='ltr' id='par_1_36' title="bbox 222 3491 1795 3562">
     <span class='ocr_line' id='line_1_36' title="bbox 222 3491 1795 3562; baseline 0.002 -18"><span class='ocrx_word' id='word_1_268' title='bbox 222 3511 247 3544; x_wconf 72' lang='grc' dir='ltr'><strong><em>ι</em></strong></span> <span class='ocrx_word' id='word_1_269' title='bbox 276 3492 376 3546; x_wconf 81' lang='lat' dir='ltr'><strong>His</strong></span> <span class='ocrx_word' id='word_1_270' title='bbox 406 3492 658 3562; x_wconf 89' lang='lat' dir='ltr'><strong>populum</strong></span> <span class='ocrx_word' id='word_1_271' title='bbox 688 3500 838 3546; x_wconf 91' lang='lat' dir='ltr'><strong>tuum</strong></span> <span class='ocrx_word' id='word_1_272' title='bbox 876 3493 1103 3547; x_wconf 90' lang='lat' dir='ltr'><strong>instrue.</strong></span> <span class='ocrx_word' id='word_1_273' title='bbox 1137 3491 1281 3545; x_wconf 90' lang='lat' dir='ltr'><strong>Doce</strong></span> <span class='ocrx_word' id='word_1_274' title='bbox 1312 3506 1504 3560; x_wconf 85' lang='lat' dir='ltr'><strong>panem</strong></span> <span class='ocrx_word' id='word_1_275' title='bbox 1534 3492 1795 3547; x_wconf 88' lang='lat' dir='ltr'><strong>esurienti</strong></span> 
     </span>
    </p>
   </div>
   <div class='ocr_carea' id='block_1_37' title="bbox 211 3583 1799 3655">
    <p class='ocr_par' dir='ltr' id='par_1_37' title="bbox 211 3583 1799 3655">
     <span class='ocr_line' id='line_1_37' title="bbox 211 3583 1799 3655; baseline 0 -17"><span class='ocrx_word' id='word_1_276' title='bbox 211 3584 507 3655; x_wconf 77' lang='lat' dir='ltr'><strong>frangere,</strong></span> <span class='ocrx_word' id='word_1_277' title='bbox 558 3591 612 3639; x_wconf 90' lang='lat' dir='ltr'><strong>et</strong></span> <span class='ocrx_word' id='word_1_278' title='bbox 644 3600 905 3654; x_wconf 91' lang='lat' dir='ltr'><strong>pauperes</strong></span> <span class='ocrx_word' id='word_1_279' title='bbox 939 3592 1082 3639; x_wconf 88' lang='lat' dir='ltr'><strong>tecto</strong></span> <span class='ocrx_word' id='word_1_280' title='bbox 1113 3592 1366 3638; x_wconf 90' lang='lat' dir='ltr'><strong>carentes</strong></span> <span class='ocrx_word' id='word_1_281' title='bbox 1410 3583 1696 3652; x_wconf 79' lang='lat' dir='ltr'><strong>colligere,</strong></span> <span class='ocrx_word' id='word_1_282' title='bbox 1744 3591 1799 3638; x_wconf 86' lang='lat' dir='ltr'><strong>et</strong></span> 
     </span>
    </p>
   </div>
   <div class='ocr_carea' id='block_1_38' title="bbox 188 3673 1797 3751">
    <p class='ocr_par' dir='ltr' id='par_1_38' title="bbox 188 3673 1797 3751">
     <span class='ocr_line' id='line_1_38' title="bbox 188 3673 1797 3751; baseline 0.001 -24"><span class='ocrx_word' id='word_1_283' title='bbox 188 3674 521 3751; x_wconf 28' lang='lat' dir='ltr'><strong>.nuditatem</strong></span> <span class='ocrx_word' id='word_1_284' title='bbox 553 3681 752 3744; x_wconf 86' lang='lat' dir='ltr'><strong>tegere,</strong></span> <span class='ocrx_word' id='word_1_285' title='bbox 793 3689 892 3729; x_wconf 92' lang='lat' dir='ltr'><strong>nec</strong></span> <span class='ocrx_word' id='word_1_286' title='bbox 925 3674 1352 3744; x_wconf 89' lang='lat' dir='ltr'><strong>consanguineos</strong></span> <span class='ocrx_word' id='word_1_287' title='bbox 1381 3673 1655 3741; x_wconf 83' lang='lat' dir='ltr'><strong>despicere</strong></span> <span class='ocrx_word' id='word_1_288' title='bbox 1682 3692 1694 3725; x_wconf 93' lang='lat'><strong>:</strong></span> <span class='ocrx_word' id='word_1_289' title='bbox 1736 3688 1797 3728; x_wconf 92' lang='lat' dir='ltr'><strong>ac</strong></span> 
     </span>
    </p>
   </div>
   <div class='ocr_carea' id='block_1_39' title="bbox 212 3766 1795 3836">
    <p class='ocr_par' dir='ltr' id='par_1_39' title="bbox 212 3766 1795 3836">
     <span class='ocr_line' id='line_1_39' title="bbox 212 3766 1795 3836; baseline -0.002 -14"><span class='ocrx_word' id='word_1_290' title='bbox 212 3784 365 3823; x_wconf 86' lang='lat' dir='ltr'><strong>nunc</strong></span> <span class='ocrx_word' id='word_1_291' title='bbox 392 3768 726 3836; x_wconf 66' lang='lat' dir='ltr'><strong>praesertim,</strong></span> <span class='ocrx_word' id='word_1_292' title='bbox 758 3776 817 3821; x_wconf 94' lang='lat' dir='ltr'><strong>ut</strong></span> <span class='ocrx_word' id='word_1_293' title='bbox 844 3768 1043 3823; x_wconf 92' lang='lat' dir='ltr'><strong>bonum</strong></span> <span class='ocrx_word' id='word_1_294' title='bbox 1073 3776 1317 3821; x_wconf 90' lang='lat' dir='ltr'><strong>nostrum</strong></span> <span class='ocrx_word' id='word_1_295' title='bbox 1345 3782 1411 3821; x_wconf 77' lang='lat' dir='ltr'><strong>ex</strong></span> <span class='ocrx_word' id='word_1_296' title='bbox 1440 3767 1662 3835; x_wconf 91' lang='lat' dir='ltr'><strong>penuria</strong></span> <span class='ocrx_word' id='word_1_297' title='bbox 1696 3766 1795 3831; x_wconf 89' lang='lat' dir='ltr'><strong>sit,</strong></span> 
     </span>
    </p>
   </div>
   <div class='ocr_carea' id='block_1_40' title="bbox 212 3857 1798 3928">
    <p class='ocr_par' dir='ltr' id='par_1_40' title="bbox 212 3857 1798 3928">
     <span class='ocr_line' id='line_1_40' title="bbox 212 3857 1798 3928; baseline -0.003 -13"><span class='ocrx_word' id='word_1_298' title='bbox 212 3876 328 3915; x_wconf 87' lang='lat' dir='ltr'><strong>non</strong></span> <span class='ocrx_word' id='word_1_299' title='bbox 364 3876 428 3913; x_wconf 77' lang='lat' dir='ltr'><strong>ex</strong></span> <span class='ocrx_word' id='word_1_300' title='bbox 466 3860 832 3914; x_wconf 85' lang='lat' dir='ltr'><strong>abundantia:</strong></span> <span class='ocrx_word' id='word_1_301' title='bbox 867 3874 973 3928; x_wconf 93' lang='lat' dir='ltr'><strong>quo</strong></span> <span class='ocrx_word' id='word_1_302' title='bbox 1002 3873 1224 3913; x_wconf 90' lang='lat' dir='ltr'><strong>munere</strong></span> <span class='ocrx_word' id='word_1_303' title='bbox 1255 3857 1399 3912; x_wconf 85' lang='lat' dir='ltr'><strong>Deus</strong></span> <span class='ocrx_word' id='word_1_304' title='bbox 1436 3858 1609 3925; x_wconf 87' lang='lat' dir='ltr'><strong>magis</strong></span> <span class='ocrx_word' id='word_1_305' title='bbox 1635 3872 1798 3926; x_wconf 91' lang='lat' dir='ltr'><strong>quam</strong></span> 
     </span>
    </p>
   </div>
   <div class='ocr_carea' id='block_1_41' title="bbox 214 3946 1800 4020">
    <p class='ocr_par' dir='ltr' id='par_1_41' title="bbox 214 3946 1800 4020">
     <span class='ocr_line' id='line_1_41' title="bbox 214 3946 1800 4020; baseline -0.001 -17"><span class='ocrx_word' id='word_1_306' title='bbox 214 3948 405 4005; x_wconf 89' lang='lat' dir='ltr'><strong>multis</strong></span> <span class='ocrx_word' id='word_1_307' title='bbox 430 3950 795 4005; x_wconf 90' lang='lat' dir='ltr'><strong>oblationibus</strong></span> <span class='ocrx_word' id='word_1_308' title='bbox 819 3949 1137 4020; x_wconf 82' lang='lat' dir='ltr'><strong>magnisque</strong></span> <span class='ocrx_word' id='word_1_309' title='bbox 1164 3948 1539 4018; x_wconf 80' lang='lat' dir='ltr'><strong>largitionibus</strong></span> <span class='ocrx_word' id='word_1_310' title='bbox 1565 3946 1800 4001; x_wconf 89' lang='lat' dir='ltr'><strong>delecta-</strong></span> 
     </span>
    </p>
   </div>
   <div class='ocr_carea' id='block_1_42' title="bbox 215 4044 384 4095">
    <p class='ocr_par' dir='ltr' id='par_1_42' title="bbox 215 4044 384 4095">
     <span class='ocr_line' id='line_1_42' title="bbox 215 4044 384 4095; baseline -0.03 0"><span class='ocrx_word' id='word_1_311' title='bbox 215 4044 330 4095; x_wconf 72' lang='lat' dir='ltr'><strong>tur.</strong></span> <span class='ocrx_word' id='word_1_312' title='bbox 364 4060 384 4090; x_wconf 69' lang='grc' dir='ltr'>ι</span> 
     </span>
    </p>
   </div>
   <div class='ocr_carea' id='block_1_43' title="bbox 293 4128 1800 4201">
    <p class='ocr_par' dir='ltr' id='par_1_43' title="bbox 293 4128 1800 4201">
     <span class='ocr_line' id='line_1_43' title="bbox 293 4128 1800 4201; baseline -0.001 -18"><span class='ocrx_word' id='word_1_313' title='bbox 293 4128 587 4199; x_wconf 76' lang='lat' dir='ltr'><strong>Gregorius</strong></span> <span class='ocrx_word' id='word_1_314' title='bbox 610 4128 885 4201; x_wconf 85' lang='lat' dir='ltr'><strong>Nyssenus</strong></span> <span class='ocrx_word' id='word_1_315' title='bbox 928 4131 979 4183; x_wconf 91' lang='lat' dir='ltr'><strong>in</strong></span> <span class='ocrx_word' id='word_1_316' title='bbox 1019 4136 1263 4183; x_wconf 82' lang='lat' dir='ltr'><strong>oratione</strong></span> <span class='ocrx_word' id='word_1_317' title='bbox 1302 4130 1561 4183; x_wconf 89' lang='lat' dir='ltr'><strong>adversus</strong></span> <span class='ocrx_word' id='word_1_318' title='bbox 1588 4142 1682 4182; x_wconf 86' lang='lat' dir='ltr'><strong>eos</strong></span> <span class='ocrx_word' id='word_1_319' title='bbox 1707 4128 1800 4198; x_wconf 92' lang='lat' dir='ltr'><strong>qui</strong></span> 
     </span>
    </p>
   </div>
   <div class='ocr_carea' id='block_1_44' title="bbox 194 4216 1800 4285">
    <p class='ocr_par' dir='ltr' id='par_1_44' title="bbox 194 4216 1800 4285">
     <span class='ocr_line' id='line_1_44' title="bbox 194 4216 1800 4285; baseline -0.001 -10"><span class='ocrx_word' id='word_1_320' title='bbox 194 4220 359 4275; x_wconf 84' lang='lat' dir='ltr'><strong>alios</strong></span> <span class='ocrx_word' id='word_1_321' title='bbox 380 4221 629 4275; x_wconf 89' lang='lat' dir='ltr'><strong>acerbius</strong></span> <span class='ocrx_word' id='word_1_322' title='bbox 656 4222 1035 4276; x_wconf 87' lang='lat' dir='ltr'><strong>condemnant.</strong></span> <span class='ocrx_word' id='word_1_323' title='bbox 1068 4238 1087 4270; x_wconf 82' lang='lat'><strong>(</strong></span> <span class='ocrx_word' id='word_1_324' title='bbox 1119 4220 1200 4273; x_wconf 89' lang='lat' dir='ltr'><strong>Tu</strong></span> <span class='ocrx_word' id='word_1_325' title='bbox 1226 4234 1374 4283; x_wconf 91' lang='lat' dir='ltr'><strong>vero,</strong></span> <span class='ocrx_word' id='word_1_326' title='bbox 1409 4216 1560 4285; x_wconf 87' lang='lat' dir='ltr'><strong>cujus</strong></span> <span class='ocrx_word' id='word_1_327' title='bbox 1588 4219 1800 4273; x_wconf 87' lang='lat' dir='ltr'><strong>animus</strong></span> 
     </span>
    </p>
   </div>
   <div class='ocr_carea' id='block_1_45' title="bbox 186 4294 1802 4381">
    <p class='ocr_par' dir='ltr' id='par_1_45' title="bbox 186 4294 1802 4381">
     <span class='ocr_line' id='line_1_45' title="bbox 186 4294 1802 4381; baseline -0.001 -16"><span class='ocrx_word' id='word_1_328' title='bbox 186 4294 191 4297; x_wconf 26' lang='grc'><em>⁴</em></span> <span class='ocrx_word' id='word_1_329' title='bbox 214 4325 371 4381; x_wconf 57' lang='lat' dir='ltr'><strong>ager</strong></span> <span class='ocrx_word' id='word_1_330' title='bbox 389 4318 492 4376; x_wconf 92' lang='lat' dir='ltr'><strong>est,</strong></span> <span class='ocrx_word' id='word_1_331' title='bbox 523 4320 621 4365; x_wconf 86' lang='lat' dir='ltr'><strong>cnr</strong></span> <span class='ocrx_word' id='word_1_332' title='bbox 643 4326 750 4365; x_wconf 90' lang='lat' dir='ltr'><strong>non</strong></span> <span class='ocrx_word' id='word_1_333' title='bbox 778 4311 846 4365; x_wconf 89' lang='lat' dir='ltr'><strong>ad</strong></span> <span class='ocrx_word' id='word_1_334' title='bbox 868 4310 1135 4365; x_wconf 90' lang='lat' dir='ltr'><strong>medicum</strong></span> <span class='ocrx_word' id='word_1_335' title='bbox 1167 4309 1464 4378; x_wconf 89' lang='lat' dir='ltr'><strong>properas?</strong></span> <span class='ocrx_word' id='word_1_336' title='bbox 1494 4324 1590 4363; x_wconf 91' lang='lat' dir='ltr'><strong>cur</strong></span> <span class='ocrx_word' id='word_1_337' title='bbox 1615 4324 1723 4363; x_wconf 89' lang='lat' dir='ltr'><strong>non</strong></span> <span class='ocrx_word' id='word_1_338' title='bbox 1751 4308 1802 4363; x_wconf 89' lang='lat' dir='ltr'><strong>ei</strong></span> 
     </span>
    </p>
   </div>
   <div class='ocr_carea' id='block_1_46' title="bbox 214 4400 1803 4470">
    <p class='ocr_par' dir='ltr' id='par_1_46' title="bbox 214 4400 1803 4470">
     <span class='ocr_line' id='line_1_46' title="bbox 214 4400 1803 4470; baseline -0.004 -10"><span class='ocrx_word' id='word_1_339' title='bbox 214 4404 530 4460; x_wconf 84' lang='lat' dir='ltr'><strong>conﬁtendo</strong></span> <span class='ocrx_word' id='word_1_340' title='bbox 564 4406 810 4459; x_wconf 91' lang='lat' dir='ltr'><strong>morbum</strong></span> <span class='ocrx_word' id='word_1_341' title='bbox 840 4404 1081 4459; x_wconf 90' lang='lat' dir='ltr'><strong>ostendis</strong></span> <span class='ocrx_word' id='word_1_342' title='bbox 1109 4403 1297 4457; x_wconf 90' lang='lat' dir='ltr'><strong>tuum?</strong></span> <span class='ocrx_word' id='word_1_343' title='bbox 1331 4400 1470 4468; x_wconf 87' lang='lat' dir='ltr'><strong>Quid</strong></span> <span class='ocrx_word' id='word_1_344' title='bbox 1496 4402 1720 4470; x_wconf 89' lang='lat' dir='ltr'><strong>pateris,</strong></span> <span class='ocrx_word' id='word_1_345' title='bbox 1743 4409 1803 4456; x_wconf 91' lang='lat' dir='ltr'><strong>ut</strong></span> 
     </span>
    </p>
   </div>
   <div class='ocr_carea' id='block_1_47' title="bbox 214 4493 1803 4567">
    <p class='ocr_par' dir='ltr' id='par_1_47' title="bbox 214 4493 1803 4567">
     <span class='ocr_line' id='line_1_47' title="bbox 214 4493 1803 4567; baseline -0.003 -16"><span class='ocrx_word' id='word_1_346' title='bbox 214 4498 561 4566; x_wconf 86' lang='lat' dir='ltr'><strong>depascatur,</strong></span> <span class='ocrx_word' id='word_1_347' title='bbox 614 4504 676 4551; x_wconf 92' lang='lat' dir='ltr'><strong>ut</strong></span> <span class='ocrx_word' id='word_1_348' title='bbox 722 4504 957 4567; x_wconf 92' lang='lat' dir='ltr'><strong>superet,</strong></span> <span class='ocrx_word' id='word_1_349' title='bbox 1004 4504 1064 4549; x_wconf 92' lang='lat' dir='ltr'><strong>ut</strong></span> <span class='ocrx_word' id='word_1_350' title='bbox 1109 4494 1514 4548; x_wconf 85' lang='lat' dir='ltr'><strong>inﬂammetur?</strong></span> <span class='ocrx_word' id='word_1_351' title='bbox 1565 4493 1803 4547; x_wconf 91' lang='lat' dir='ltr'><strong>Tandem</strong></span> 
     </span>
    </p>
   </div>
   <div class='ocr_carea' id='block_1_48' title="bbox 214 4582 1805 4656">
    <p class='ocr_par' dir='ltr' id='par_1_48' title="bbox 214 4582 1805 4656">
     <span class='ocr_line' id='line_1_48' title="bbox 214 4582 1805 4656; baseline -0.002 -15"><span class='ocrx_word' id='word_1_352' title='bbox 214 4586 513 4656; x_wconf 82' lang='lat' dir='ltr'><strong>aliquando</strong></span> <span class='ocrx_word' id='word_1_353' title='bbox 542 4587 818 4655; x_wconf 88' lang='lat' dir='ltr'><strong>resipisce,</strong></span> <span class='ocrx_word' id='word_1_354' title='bbox 858 4601 921 4640; x_wconf 90' lang='lat' dir='ltr'><strong>ac</strong></span> <span class='ocrx_word' id='word_1_355' title='bbox 950 4587 1178 4655; x_wconf 89' lang='lat' dir='ltr'><strong>teipsum</strong></span> <span class='ocrx_word' id='word_1_356' title='bbox 1207 4600 1392 4640; x_wconf 91' lang='lat' dir='ltr'><strong>nosce.</strong></span> <span class='ocrx_word' id='word_1_357' title='bbox 1436 4584 1605 4639; x_wconf 90' lang='lat' dir='ltr'><strong>Deum</strong></span> <span class='ocrx_word' id='word_1_358' title='bbox 1634 4582 1805 4638; x_wconf 82' lang='lat' dir='ltr'><strong>offen-</strong></span> 
     </span>
    </p>
   </div>
   <div class='ocr_carea' id='block_1_49' title="bbox 215 4674 1804 4746">
    <p class='ocr_par' dir='ltr' id='par_1_49' title="bbox 215 4674 1804 4746">
     <span class='ocr_line' id='line_1_49' title="bbox 215 4674 1804 4746; baseline -0.002 -16"><span class='ocrx_word' id='word_1_359' title='bbox 215 4678 377 4742; x_wconf 86' lang='lat' dir='ltr'><strong>disti,</strong></span> <span class='ocrx_word' id='word_1_360' title='bbox 404 4684 805 4746; x_wconf 90' lang='lat' dir='ltr'><strong>procreatorem</strong></span> <span class='ocrx_word' id='word_1_361' title='bbox 839 4684 990 4730; x_wconf 91' lang='lat' dir='ltr'><strong>tuum</strong></span> <span class='ocrx_word' id='word_1_362' title='bbox 1019 4676 1245 4730; x_wconf 90' lang='lat' dir='ltr'><strong>irritasti</strong></span> <span class='ocrx_word' id='word_1_363' title='bbox 1266 4716 1281 4739; x_wconf 95' lang='lat'><strong>,</strong></span> <span class='ocrx_word' id='word_1_364' title='bbox 1312 4690 1436 4728; x_wconf 89' lang='lat' dir='ltr'><strong>eum</strong></span> <span class='ocrx_word' id='word_1_365' title='bbox 1465 4674 1556 4744; x_wconf 94' lang='lat' dir='ltr'><strong>qui</strong></span> <span class='ocrx_word' id='word_1_366' title='bbox 1585 4683 1639 4728; x_wconf 91' lang='lat' dir='ltr'><strong>et</strong></span> <span class='ocrx_word' id='word_1_367' title='bbox 1667 4689 1804 4743; x_wconf 72' lang='lat' dir='ltr'><strong>prae-</strong></span> 
     </span>
    </p>
   </div>
   <div class='ocr_carea' id='block_1_50' title="bbox 214 4763 1805 4834">
    <p class='ocr_par' dir='ltr' id='par_1_50' title="bbox 214 4763 1805 4834">
     <span class='ocr_line' id='line_1_50' title="bbox 214 4763 1805 4834; baseline -0.001 -14"><span class='ocrx_word' id='word_1_368' title='bbox 214 4766 396 4820; x_wconf 88' lang='lat' dir='ltr'><strong>sentis</strong></span> <span class='ocrx_word' id='word_1_369' title='bbox 422 4766 545 4820; x_wconf 66' lang='lat' dir='ltr'><strong>vita:</strong></span> <span class='ocrx_word' id='word_1_370' title='bbox 574 4774 896 4834; x_wconf 90' lang='lat' dir='ltr'><strong>potestatem</strong></span> <span class='ocrx_word' id='word_1_371' title='bbox 933 4766 1116 4830; x_wconf 87' lang='lat' dir='ltr'><strong>habet,</strong></span> <span class='ocrx_word' id='word_1_372' title='bbox 1146 4773 1199 4819; x_wconf 93' lang='lat' dir='ltr'><strong>et</strong></span> <span class='ocrx_word' id='word_1_373' title='bbox 1221 4763 1415 4818; x_wconf 70' lang='lat' dir='ltr'><strong>futurae</strong></span> <span class='ocrx_word' id='word_1_374' title='bbox 1449 4764 1707 4819; x_wconf 91' lang='lat' dir='ltr'><strong>Dominus</strong></span> <span class='ocrx_word' id='word_1_375' title='bbox 1741 4781 1805 4820; x_wconf 91' lang='lat' dir='ltr'><strong>ac</strong></span> 
     </span>
    </p>
   </div>
   <div class='ocr_carea' id='block_1_51' title="bbox 208 4856 1805 4928">
    <p class='ocr_par' dir='ltr' id='par_1_51' title="bbox 208 4856 1805 4928">
     <span class='ocr_line' id='line_1_51' title="bbox 208 4856 1805 4928; baseline 0.001 -18"><span class='ocrx_word' id='word_1_376' title='bbox 208 4858 385 4928; x_wconf 74' lang='lat' dir='ltr'><strong>judex</strong></span> <span class='ocrx_word' id='word_1_377' title='bbox 414 4866 515 4912; x_wconf 89' lang='lat' dir='ltr'><strong>est.</strong></span> <span class='ocrx_word' id='word_1_378' title='bbox 568 4857 784 4912; x_wconf 88' lang='lat' dir='ltr'><strong>Deliciis</strong></span> <span class='ocrx_word' id='word_1_379' title='bbox 831 4856 1112 4928; x_wconf 88' lang='lat' dir='ltr'><strong>indulgens</strong></span> <span class='ocrx_word' id='word_1_380' title='bbox 1165 4857 1219 4911; x_wconf 89' lang='lat' dir='ltr'><strong>in</strong></span> <span class='ocrx_word' id='word_1_381' title='bbox 1266 4857 1516 4911; x_wconf 90' lang='lat' dir='ltr'><strong>morbum</strong></span> <span class='ocrx_word' id='word_1_382' title='bbox 1555 4856 1805 4928; x_wconf 89' lang='lat' dir='ltr'><strong>delapsus</strong></span> 
     </span>
    </p>
   </div>
   <div class='ocr_carea' id='block_1_52' title="bbox 215 4946 1805 5018">
    <p class='ocr_par' dir='ltr' id='par_1_52' title="bbox 215 4946 1805 5018">
     <span class='ocr_line' id='line_1_52' title="bbox 215 4946 1805 5018; baseline -0.003 -13"><span class='ocrx_word' id='word_1_383' title='bbox 215 4965 281 5005; x_wconf 85' lang='lat' dir='ltr'><strong>es</strong></span> <span class='ocrx_word' id='word_1_384' title='bbox 307 4968 321 5002; x_wconf 90' lang='lat'><strong>:</strong></span> <span class='ocrx_word' id='word_1_385' title='bbox 358 4964 480 5004; x_wconf 88' lang='lat' dir='ltr'><strong>eum</strong></span> <span class='ocrx_word' id='word_1_386' title='bbox 513 4949 689 5003; x_wconf 85' lang='lat' dir='ltr'><strong>inedia</strong></span> <span class='ocrx_word' id='word_1_387' title='bbox 720 4955 773 5003; x_wconf 92' lang='lat' dir='ltr'><strong>et</strong></span> <span class='ocrx_word' id='word_1_388' title='bbox 793 4947 1011 5018; x_wconf 89' lang='lat' dir='ltr'><strong>jejuniis</strong></span> <span class='ocrx_word' id='word_1_389' title='bbox 1039 4963 1188 5002; x_wconf 89' lang='lat' dir='ltr'><strong>cura.</strong></span> <span class='ocrx_word' id='word_1_390' title='bbox 1226 4947 1455 5001; x_wconf 85' lang='lat' dir='ltr'><strong>Animus</strong></span> <span class='ocrx_word' id='word_1_391' title='bbox 1485 4946 1694 5001; x_wconf 88' lang='lat' dir='ltr'><strong>laborat</strong></span> <span class='ocrx_word' id='word_1_392' title='bbox 1725 4947 1805 5001; x_wconf 83' lang='lat' dir='ltr'><strong>in-</strong></span> 
     </span>
    </p>
   </div>
   <div class='ocr_carea' id='block_1_53' title="bbox 215 5036 1801 5107">
    <p class='ocr_par' dir='ltr' id='par_1_53' title="bbox 215 5036 1801 5107">
     <span class='ocr_line' id='line_1_53' title="bbox 215 5036 1801 5107; baseline -0.004 -11"><span class='ocrx_word' id='word_1_393' title='bbox 215 5040 577 5104; x_wconf 83' lang='lat' dir='ltr'><strong>continentia,</strong></span> <span class='ocrx_word' id='word_1_394' title='bbox 609 5038 897 5093; x_wconf 89' lang='lat' dir='ltr'><strong>adhibetur</strong></span> <span class='ocrx_word' id='word_1_395' title='bbox 928 5037 1299 5107; x_wconf 64' lang='lat' dir='ltr'><strong>temperantia:</strong></span> <span class='ocrx_word' id='word_1_396' title='bbox 1328 5036 1801 5091; x_wconf 87' lang='lat' dir='ltr'><strong>medicamentum.</strong></span> 
     </span>
    </p>
   </div>
   <div class='ocr_carea' id='block_1_54' title="bbox 212 5127 1809 5201">
    <p class='ocr_par' dir='ltr' id='par_1_54' title="bbox 212 5127 1809 5201">
     <span class='ocr_line' id='line_1_54' title="bbox 212 5127 1809 5201; baseline -0.003 -14"><span class='ocrx_word' id='word_1_397' title='bbox 212 5131 503 5201; x_wconf 78' lang='lat' dir='ltr'><strong>Multiplici</strong></span> <span class='ocrx_word' id='word_1_398' title='bbox 540 5144 604 5183; x_wconf 92' lang='lat' dir='ltr'><strong>ac</strong></span> <span class='ocrx_word' id='word_1_399' title='bbox 634 5131 799 5184; x_wconf 92' lang='lat' dir='ltr'><strong>nimia</strong></span> <span class='ocrx_word' id='word_1_400' title='bbox 828 5129 1070 5199; x_wconf 77' lang='lat' dir='ltr'><strong>pecunia:</strong></span> <span class='ocrx_word' id='word_1_401' title='bbox 1098 5128 1390 5197; x_wconf 87' lang='lat' dir='ltr'><strong>cupiditate</strong></span> <span class='ocrx_word' id='word_1_402' title='bbox 1418 5128 1470 5181; x_wconf 93' lang='lat' dir='ltr'><strong>in</strong></span> <span class='ocrx_word' id='word_1_403' title='bbox 1502 5127 1695 5182; x_wconf 83' lang='lat' dir='ltr'><strong>febrim</strong></span> <span class='ocrx_word' id='word_1_404' title='bbox 1728 5129 1809 5183; x_wconf 90' lang='lat' dir='ltr'><strong>in-</strong></span> 
     </span>
    </p>
   </div>
   <div class='ocr_carea' id='block_1_55' title="bbox 214 5218 1807 5290">
    <p class='ocr_par' dir='ltr' id='par_1_55' title="bbox 214 5218 1807 5290">
     <span class='ocr_line' id='line_1_55' title="bbox 214 5218 1807 5290; baseline -0.003 -13"><span class='ocrx_word' id='word_1_405' title='bbox 214 5222 441 5286; x_wconf 88' lang='lat' dir='ltr'><strong>cidisti,</strong></span> <span class='ocrx_word' id='word_1_406' title='bbox 486 5221 811 5276; x_wconf 85' lang='lat' dir='ltr'><strong>liberalitate</strong></span> <span class='ocrx_word' id='word_1_407' title='bbox 838 5229 894 5275; x_wconf 90' lang='lat' dir='ltr'><strong>et</strong></span> <span class='ocrx_word' id='word_1_408' title='bbox 922 5220 1265 5290; x_wconf 87' lang='lat' dir='ltr'><strong>eleemosyna</strong></span> <span class='ocrx_word' id='word_1_409' title='bbox 1306 5218 1624 5287; x_wconf 88' lang='lat' dir='ltr'><strong>depellatur.</strong></span> <span class='ocrx_word' id='word_1_410' title='bbox 1681 5218 1807 5273; x_wconf 65' lang='lat' dir='ltr'><strong>Haec</strong></span> 
     </span>
    </p>
   </div>
   <div class='ocr_carea' id='block_1_56' title="bbox 214 5309 1807 5381">
    <p class='ocr_par' dir='ltr' id='par_1_56' title="bbox 214 5309 1807 5381">
     <span class='ocr_line' id='line_1_56' title="bbox 214 5309 1807 5381; baseline -0.002 -13"><span class='ocrx_word' id='word_1_411' title='bbox 214 5315 373 5368; x_wconf 86' lang='lat' dir='ltr'><strong>enim</strong></span> <span class='ocrx_word' id='word_1_412' title='bbox 401 5320 484 5367; x_wconf 90' lang='lat' dir='ltr'><strong>est</strong></span> <span class='ocrx_word' id='word_1_413' title='bbox 510 5313 736 5367; x_wconf 91' lang='lat' dir='ltr'><strong>nimium</strong></span> <span class='ocrx_word' id='word_1_414' title='bbox 774 5312 1001 5381; x_wconf 70' lang='lat' dir='ltr'><strong>expleta:</strong></span> <span class='ocrx_word' id='word_1_415' title='bbox 1039 5311 1236 5367; x_wconf 89' lang='lat' dir='ltr'><strong>mentis</strong></span> <span class='ocrx_word' id='word_1_416' title='bbox 1270 5310 1497 5365; x_wconf 88' lang='lat' dir='ltr'><strong>curatio.</strong></span> <span class='ocrx_word' id='word_1_417' title='bbox 1550 5309 1714 5363; x_wconf 67' lang='lat' dir='ltr'><strong>LtBSIt</strong></span> <span class='ocrx_word' id='word_1_418' title='bbox 1755 5318 1807 5365; x_wconf 86' lang='lat' dir='ltr'><strong>te</strong></span> 
     </span>
    </p>
   </div>
   <div class='ocr_carea' id='block_1_57' title="bbox 213 5402 1805 5472">
    <p class='ocr_par' dir='ltr' id='par_1_57' title="bbox 213 5402 1805 5472">
     <span class='ocr_line' id='line_1_57' title="bbox 213 5402 1805 5472; baseline -0.004 -12"><span class='ocrx_word' id='word_1_419' title='bbox 213 5420 411 5460; x_wconf 83' lang='lat' dir='ltr'><strong>rerum</strong></span> <span class='ocrx_word' id='word_1_420' title='bbox 440 5403 741 5458; x_wconf 86' lang='lat' dir='ltr'><strong>alienarum</strong></span> <span class='ocrx_word' id='word_1_421' title='bbox 767 5403 1017 5472; x_wconf 91' lang='lat' dir='ltr'><strong>direptio,</strong></span> <span class='ocrx_word' id='word_1_422' title='bbox 1062 5418 1183 5472; x_wconf 64' lang='lat' dir='ltr'><strong>quae</strong></span> <span class='ocrx_word' id='word_1_423' title='bbox 1217 5410 1371 5472; x_wconf 89' lang='lat' dir='ltr'><strong>rapta</strong></span> <span class='ocrx_word' id='word_1_424' title='bbox 1406 5409 1531 5456; x_wconf 89' lang='lat' dir='ltr'><strong>sunt</strong></span> <span class='ocrx_word' id='word_1_425' title='bbox 1569 5402 1636 5454; x_wconf 89' lang='lat' dir='ltr'><strong>ad</strong></span> <span class='ocrx_word' id='word_1_426' title='bbox 1674 5417 1805 5471; x_wconf 92' lang='lat' dir='ltr'><strong>pro-</strong></span> 
     </span>
    </p>
   </div>
   <div class='ocr_carea' id='block_1_58' title="bbox 210 5491 1811 5566">
    <p class='ocr_par' dir='ltr' id='par_1_58' title="bbox 210 5491 1811 5566">
     <span class='ocr_line' id='line_1_58' title="bbox 210 5491 1811 5566; baseline -0.001 -19"><span class='ocrx_word' id='word_1_427' title='bbox 210 5494 375 5566; x_wconf 86' lang='lat' dir='ltr'><strong>prios</strong></span> <span class='ocrx_word' id='word_1_428' title='bbox 405 5493 651 5547; x_wconf 90' lang='lat' dir='ltr'><strong>dominos</strong></span> <span class='ocrx_word' id='word_1_429' title='bbox 681 5501 1054 5557; x_wconf 83' lang='lat' dir='ltr'><strong>revertantur;</strong></span> <span class='ocrx_word' id='word_1_430' title='bbox 1101 5491 1444 5547; x_wconf 89' lang='lat' dir='ltr'><strong>mendacium</strong></span> <span class='ocrx_word' id='word_1_431' title='bbox 1486 5499 1537 5546; x_wconf 90' lang='lat' dir='ltr'><strong>te</strong></span> <span class='ocrx_word' id='word_1_432' title='bbox 1564 5491 1811 5560; x_wconf 78' lang='lat' dir='ltr'><strong>proxime</strong></span> 
     </span>
    </p>
   </div>
   <div class='ocr_carea' id='block_1_59' title="bbox 216 5582 1812 5654">
    <p class='ocr_par' dir='ltr' id='par_1_59' title="bbox 216 5582 1812 5654">
     <span class='ocr_line' id='line_1_59' title="bbox 216 5582 1812 5654; baseline -0.002 -14"><span class='ocrx_word' id='word_1_433' title='bbox 216 5584 382 5640; x_wconf 84' lang='lat' dir='ltr'><strong>duxit</strong></span> <span class='ocrx_word' id='word_1_434' title='bbox 406 5584 475 5639; x_wconf 91' lang='lat' dir='ltr'><strong>ad</strong></span> <span class='ocrx_word' id='word_1_435' title='bbox 500 5585 812 5650; x_wconf 90' lang='lat' dir='ltr'><strong>interitum,</strong></span> <span class='ocrx_word' id='word_1_436' title='bbox 844 5582 1040 5639; x_wconf 79' lang='lat' dir='ltr'><strong>Perdes</strong></span> <span class='ocrx_word' id='word_1_437' title='bbox 1071 5584 1236 5650; x_wconf 89' lang='lat' dir='ltr'><strong>enim,</strong></span> <span class='ocrx_word' id='word_1_438' title='bbox 1280 5585 1473 5653; x_wconf 91' lang='lat' dir='ltr'><strong>inquit,</strong></span> <span class='ocrx_word' id='word_1_439' title='bbox 1513 5602 1689 5639; x_wconf 82' lang='lat' dir='ltr'><strong>omnes</strong></span> <span class='ocrx_word' id='word_1_440' title='bbox 1723 5586 1812 5654; x_wconf 84' lang='lat' dir='ltr'><strong>qui</strong></span> 
     </span>
    </p>
   </div>
   <div class='ocr_carea' id='block_1_60' title="bbox 217 5675 1811 5747">
    <p class='ocr_par' dir='ltr' id='par_1_60' title="bbox 217 5675 1811 5747">
     <span class='ocr_line' id='line_1_60' title="bbox 217 5675 1811 5747; baseline 0 -18"><span class='ocrx_word' id='word_1_441' title='bbox 217 5676 515 5747; x_wconf 86' lang='lat' dir='ltr'><strong>loquuntur</strong></span> <span class='ocrx_word' id='word_1_442' title='bbox 562 5676 930 5741; x_wconf 82' lang='lat' dir='ltr'><strong>mendacium,</strong></span> <span class='ocrx_word' id='word_1_443' title='bbox 983 5675 1232 5730; x_wconf 89' lang='lat' dir='ltr'><strong>veritatis</strong></span> <span class='ocrx_word' id='word_1_444' title='bbox 1284 5676 1462 5729; x_wconf 89' lang='lat' dir='ltr'><strong>studio</strong></span> <span class='ocrx_word' id='word_1_445' title='bbox 1510 5675 1811 5744; x_wconf 91' lang='lat' dir='ltr'><strong>periculum</strong></span> 
     </span>
    </p>
   </div>
   <div class='ocr_carea' id='block_1_61' title="bbox 218 5766 1813 5838">
    <p class='ocr_par' dir='ltr' id='par_1_61' title="bbox 218 5766 1813 5838">
     <span class='ocr_line' id='line_1_61' title="bbox 218 5766 1813 5838; baseline 0.001 -16"><span class='ocrx_word' id='word_1_446' title='bbox 218 5767 484 5831; x_wconf 85' lang='lat' dir='ltr'><strong>evitetur,</strong></span> <span class='ocrx_word' id='word_1_447' title='bbox 513 5774 617 5821; x_wconf 93' lang='lat' dir='ltr'><strong>etc.</strong></span> <span class='ocrx_word' id='word_1_448' title='bbox 673 5766 813 5834; x_wconf 89' lang='lat' dir='ltr'><strong>Quid</strong></span> <span class='ocrx_word' id='word_1_449' title='bbox 842 5768 990 5823; x_wconf 89' lang='lat' dir='ltr'><strong>enim</strong></span> <span class='ocrx_word' id='word_1_450' title='bbox 1022 5768 1166 5823; x_wconf 91' lang='lat' dir='ltr'><strong>aliud</strong></span> <span class='ocrx_word' id='word_1_451' title='bbox 1210 5775 1294 5822; x_wconf 89' lang='lat' dir='ltr'><strong>est</strong></span> <span class='ocrx_word' id='word_1_452' title='bbox 1334 5770 1675 5838; x_wconf 74' lang='lat' dir='ltr'><strong>poenitentia,</strong></span> <span class='ocrx_word' id='word_1_453' title='bbox 1708 5769 1813 5824; x_wconf 91' lang='lat' dir='ltr'><strong>nisi</strong></span> 
     </span>
    </p>
   </div>
   <div class='ocr_carea' id='block_1_62' title="bbox 222 5857 1815 5933">
    <p class='ocr_par' dir='ltr' id='par_1_62' title="bbox 222 5857 1815 5933">
     <span class='ocr_line' id='line_1_62' title="bbox 222 5857 1815 5933; baseline 0.001 -17"><span class='ocrx_word' id='word_1_454' title='bbox 222 5857 515 5916; x_wconf 88' lang='lat' dir='ltr'><strong>dissolutio</strong></span> <span class='ocrx_word' id='word_1_455' title='bbox 544 5866 600 5913; x_wconf 91' lang='lat' dir='ltr'><strong>et</strong></span> <span class='ocrx_word' id='word_1_456' title='bbox 628 5860 840 5915; x_wconf 89' lang='lat' dir='ltr'><strong>eversio</strong></span> <span class='ocrx_word' id='word_1_457' title='bbox 866 5863 1266 5931; x_wconf 70' lang='lat' dir='ltr'><strong>praeteritorum</strong></span> <span class='ocrx_word' id='word_1_458' title='bbox 1287 5902 1301 5929; x_wconf 89' lang='lat'><strong>,</strong></span> <span class='ocrx_word' id='word_1_459' title='bbox 1343 5878 1461 5933; x_wconf 76' lang='lat' dir='ltr'><strong>quae</strong></span> <span class='ocrx_word' id='word_1_460' title='bbox 1489 5863 1573 5917; x_wconf 91' lang='lat' dir='ltr'><strong>vel</strong></span> <span class='ocrx_word' id='word_1_461' title='bbox 1604 5878 1664 5918; x_wconf 89' lang='lat' dir='ltr'><strong>re</strong></span> <span class='ocrx_word' id='word_1_462' title='bbox 1684 5903 1699 5929; x_wconf 92' lang='lat'><strong>,</strong></span> <span class='ocrx_word' id='word_1_463' title='bbox 1731 5862 1815 5918; x_wconf 91' lang='lat' dir='ltr'><strong>vel</strong></span> 
     </span>
    </p>
   </div>
   <div class='ocr_carea' id='block_1_63' title="bbox 550 5953 1077 6018">
    <p class='ocr_par' dir='ltr' id='par_1_63' title="bbox 550 5953 1077 6018">
     <span class='ocr_line' id='line_1_63' title="bbox 550 5953 1077 6018; baseline 0.009 -5"><span class='ocrx_word' id='word_1_464' title='bbox 550 5954 825 6017; x_wconf 68' lang='lat' dir='ltr'><strong>PLTROL.</strong></span> <span class='ocrx_word' id='word_1_465' title='bbox 870 5953 1077 6018; x_wconf 80' lang='lat' dir='ltr'><strong>XCIX</strong></span> 
     </span>
    </p>
   </div>
   <div class='ocr_carea' id='block_1_64' title="bbox 1888 657 3463 728">
    <p class='ocr_par' dir='ltr' id='par_1_64' title="bbox 1888 657 3463 728">
     <span class='ocr_line' id='line_1_64' title="bbox 1888 657 3463 728; baseline 0.005 -19"><span class='ocrx_word' id='word_1_466' title='bbox 1888 664 2047 726; x_wconf 89' lang='lat' dir='ltr'><strong>atque</strong></span> <span class='ocrx_word' id='word_1_467' title='bbox 2087 658 2279 711; x_wconf 89' lang='lat' dir='ltr'><strong>uberes</strong></span> <span class='ocrx_word' id='word_1_468' title='bbox 2310 657 2575 727; x_wconf 85' lang='lat' dir='ltr'><strong>lacrymas</strong></span> <span class='ocrx_word' id='word_1_469' title='bbox 2623 667 2774 721; x_wconf 91' lang='lat' dir='ltr'><strong>tuas,</strong></span> <span class='ocrx_word' id='word_1_470' title='bbox 2824 666 2881 710; x_wconf 92' lang='lat' dir='ltr'><strong>ut</strong></span> <span class='ocrx_word' id='word_1_471' title='bbox 2930 672 3077 711; x_wconf 90' lang='lat' dir='ltr'><strong>meas</strong></span> <span class='ocrx_word' id='word_1_472' title='bbox 3111 673 3209 728; x_wconf 89' lang='lat' dir='ltr'><strong>ego</strong></span> <span class='ocrx_word' id='word_1_473' title='bbox 3246 674 3463 728; x_wconf 82' lang='lat' dir='ltr'><strong>quoque</strong></span> 
     </span>
    </p>
   </div>
   <div class='ocr_carea' id='block_1_65' title="bbox 1886 748 3463 818">
    <p class='ocr_par' dir='ltr' id='par_1_65' title="bbox 1886 748 3463 818">
     <span class='ocr_line' id='line_1_65' title="bbox 1886 748 3463 818; baseline 0.002 -13"><span class='ocrx_word' id='word_1_474' title='bbox 1886 750 2285 807; x_wconf 88' lang='lat' dir='ltr'><strong>commisceam.</strong></span> <span class='ocrx_word' id='word_1_475' title='bbox 2320 749 2635 803; x_wconf 84' lang='lat' dir='ltr'><strong>Aﬂlictionis</strong></span> <span class='ocrx_word' id='word_1_476' title='bbox 2660 748 2977 818; x_wconf 87' lang='lat' dir='ltr'><strong>participem</strong></span> <span class='ocrx_word' id='word_1_477' title='bbox 3005 756 3059 802; x_wconf 88' lang='lat' dir='ltr'><strong>et</strong></span> <span class='ocrx_word' id='word_1_478' title='bbox 3081 750 3284 804; x_wconf 89' lang='lat' dir='ltr'><strong>socium</strong></span> <span class='ocrx_word' id='word_1_479' title='bbox 3308 765 3463 808; x_wconf 81' lang='lat' dir='ltr'><strong>sume</strong></span> 
     </span>
    </p>
   </div>
   <div class='ocr_carea' id='block_1_66' title="bbox 1888 842 3464 911">
    <p class='ocr_par' dir='ltr' id='par_1_66' title="bbox 1888 842 3464 911">
     <span class='ocr_line' id='line_1_66' title="bbox 1888 842 3464 911; baseline 0.001 -13"><span class='ocrx_word' id='word_1_480' title='bbox 1888 843 2245 907; x_wconf 90' lang='lat' dir='ltr'><strong>sacerdotem,</strong></span> <span class='ocrx_word' id='word_1_481' title='bbox 2278 850 2338 896; x_wconf 90' lang='lat' dir='ltr'><strong>ut</strong></span> <span class='ocrx_word' id='word_1_482' title='bbox 2360 851 2587 911; x_wconf 87' lang='lat' dir='ltr'><strong>patrem,</strong></span> <span class='ocrx_word' id='word_1_483' title='bbox 2613 850 2716 896; x_wconf 91' lang='lat' dir='ltr'><strong>etc.</strong></span> <span class='ocrx_word' id='word_1_484' title='bbox 2771 842 3132 908; x_wconf 87' lang='lat' dir='ltr'><strong>Quamobrem</strong></span> <span class='ocrx_word' id='word_1_485' title='bbox 3167 842 3339 911; x_wconf 86' lang='lat' dir='ltr'><strong>major</strong></span> <span class='ocrx_word' id='word_1_486' title='bbox 3364 844 3464 900; x_wconf 77' lang='lat' dir='ltr'><strong>tibi</strong></span> 
     </span>
    </p>
   </div>
   <div class='ocr_carea' id='block_1_67' title="bbox 1889 935 3461 1006">
    <p class='ocr_par' dir='ltr' id='par_1_67' title="bbox 1889 935 3461 1006">
     <span class='ocr_line' id='line_1_67' title="bbox 1889 935 3461 1006; baseline -0.001 -15"><span class='ocrx_word' id='word_1_487' title='bbox 1889 952 1953 991; x_wconf 92' lang='lat' dir='ltr'><strong>eo</strong></span> <span class='ocrx_word' id='word_1_488' title='bbox 1980 936 2173 991; x_wconf 85' lang='lat' dir='ltr'><strong>fiducia</strong></span> <span class='ocrx_word' id='word_1_489' title='bbox 2211 936 2281 990; x_wconf 92' lang='lat' dir='ltr'><strong>sit</strong></span> <span class='ocrx_word' id='word_1_490' title='bbox 2314 936 2405 1004; x_wconf 93' lang='lat' dir='ltr'><strong>qui</strong></span> <span class='ocrx_word' id='word_1_491' title='bbox 2441 945 2494 991; x_wconf 90' lang='lat' dir='ltr'><strong>te</strong></span> <span class='ocrx_word' id='word_1_492' title='bbox 2530 936 2584 990; x_wconf 90' lang='lat' dir='ltr'><strong>in</strong></span> <span class='ocrx_word' id='word_1_493' title='bbox 2619 937 2727 991; x_wconf 92' lang='lat' dir='ltr'><strong>Deo</strong></span> <span class='ocrx_word' id='word_1_494' title='bbox 2755 936 2966 1006; x_wconf 86' lang='lat' dir='ltr'><strong>genuit,</strong></span> <span class='ocrx_word' id='word_1_495' title='bbox 3013 951 3175 1004; x_wconf 88' lang='lat' dir='ltr'><strong>quam</strong></span> <span class='ocrx_word' id='word_1_496' title='bbox 3204 937 3258 989; x_wconf 90' lang='lat' dir='ltr'><strong>in</strong></span> <span class='ocrx_word' id='word_1_497' title='bbox 3286 935 3390 991; x_wconf 79' lang='lat' dir='ltr'><strong>illis</strong></span> <span class='ocrx_word' id='word_1_498' title='bbox 3428 951 3461 990; x_wconf 86' lang='lat' dir='ltr'><strong>a</strong></span> 
     </span>
    </p>
   </div>
   <div class='ocr_carea' id='block_1_68' title="bbox 1889 1026 3464 1098">
    <p class='ocr_par' dir='ltr' id='par_1_68' title="bbox 1889 1026 3464 1098">
     <span class='ocr_line' id='line_1_68' title="bbox 1889 1026 3464 1098; baseline -0.001 -16"><span class='ocrx_word' id='word_1_499' title='bbox 1889 1029 2082 1098; x_wconf 89' lang='lat' dir='ltr'><strong>quibus</strong></span> <span class='ocrx_word' id='word_1_500' title='bbox 2110 1042 2337 1097; x_wconf 90' lang='lat' dir='ltr'><strong>corpore</strong></span> <span class='ocrx_word' id='word_1_501' title='bbox 2364 1035 2679 1097; x_wconf 90' lang='lat' dir='ltr'><strong>procreatus</strong></span> <span class='ocrx_word' id='word_1_502' title='bbox 2707 1042 2784 1082; x_wconf 90' lang='lat' dir='ltr'><strong>es.</strong></span> <span class='ocrx_word' id='word_1_503' title='bbox 2828 1026 3100 1081; x_wconf 81' lang='lat' dir='ltr'><strong>Audacter</strong></span> <span class='ocrx_word' id='word_1_504' title='bbox 3132 1028 3354 1081; x_wconf 90' lang='lat' dir='ltr'><strong>ostende</strong></span> <span class='ocrx_word' id='word_1_505' title='bbox 3382 1026 3464 1081; x_wconf 90' lang='lat' dir='ltr'><strong>illi</strong></span> 
     </span>
    </p>
   </div>
   <div class='ocr_carea' id='block_1_69' title="bbox 1890 1116 3465 1189">
    <p class='ocr_par' dir='ltr' id='par_1_69' title="bbox 1890 1116 3465 1189">
     <span class='ocr_line' id='line_1_69' title="bbox 1890 1116 3465 1189; baseline -0.001 -15"><span class='ocrx_word' id='word_1_506' title='bbox 1890 1135 2010 1189; x_wconf 71' lang='lat' dir='ltr'><strong>qua:</strong></span> <span class='ocrx_word' id='word_1_507' title='bbox 2046 1130 2171 1174; x_wconf 90' lang='lat' dir='ltr'><strong>sunt</strong></span> <span class='ocrx_word' id='word_1_508' title='bbox 2196 1119 2490 1174; x_wconf 90' lang='lat' dir='ltr'><strong>recondita.</strong></span> <span class='ocrx_word' id='word_1_509' title='bbox 2528 1119 2709 1172; x_wconf 80' lang='lat' dir='ltr'><strong>Animi</strong></span> <span class='ocrx_word' id='word_1_510' title='bbox 2744 1133 2942 1173; x_wconf 87' lang='lat' dir='ltr'><strong>arcana</strong></span> <span class='ocrx_word' id='word_1_511' title='bbox 2971 1125 3226 1187; x_wconf 89' lang='lat' dir='ltr'><strong>tanquam</strong></span> <span class='ocrx_word' id='word_1_512' title='bbox 3253 1116 3465 1173; x_wconf 80' lang='lat' dir='ltr'><strong>occulta</strong></span> 
     </span>
    </p>
   </div>
   <div class='ocr_carea' id='block_1_70' title="bbox 1891 1207 3465 1279">
    <p class='ocr_par' dir='ltr' id='par_1_70' title="bbox 1891 1207 3465 1279">
     <span class='ocr_line' id='line_1_70' title="bbox 1891 1207 3465 1279; baseline -0.001 -15"><span class='ocrx_word' id='word_1_513' title='bbox 1891 1210 2111 1265; x_wconf 89' lang='lat' dir='ltr'><strong>vulnera</strong></span> <span class='ocrx_word' id='word_1_514' title='bbox 2141 1210 2349 1264; x_wconf 92' lang='lat' dir='ltr'><strong>medico</strong></span> <span class='ocrx_word' id='word_1_515' title='bbox 2374 1218 2573 1279; x_wconf 82' lang='lat' dir='ltr'><strong>retege.</strong></span> <span class='ocrx_word' id='word_1_516' title='bbox 2600 1210 2717 1279; x_wconf 89' lang='lat' dir='ltr'><strong>Ipse</strong></span> <span class='ocrx_word' id='word_1_517' title='bbox 2739 1219 2793 1263; x_wconf 91' lang='lat' dir='ltr'><strong>et</strong></span> <span class='ocrx_word' id='word_1_518' title='bbox 2819 1208 3040 1263; x_wconf 91' lang='lat' dir='ltr'><strong>honoris</strong></span> <span class='ocrx_word' id='word_1_519' title='bbox 3063 1217 3118 1263; x_wconf 92' lang='lat' dir='ltr'><strong>et</strong></span> <span class='ocrx_word' id='word_1_520' title='bbox 3140 1207 3465 1263; x_wconf 86' lang='lat' dir='ltr'><strong>valetudinis</strong></span> 
     </span>
    </p>
   </div>
   <div class='ocr_carea' id='block_1_71' title="bbox 1890 1299 2601 1355">
    <p class='ocr_par' dir='ltr' id='par_1_71' title="bbox 1890 1299 2601 1355">
     <span class='ocr_line' id='line_1_71' title="bbox 1890 1299 2601 1355; baseline -0.004 -2"><span class='ocrx_word' id='word_1_521' title='bbox 1890 1308 1995 1355; x_wconf 68' lang='lat' dir='ltr'><strong>tua:</strong></span> <span class='ocrx_word' id='word_1_522' title='bbox 2021 1299 2286 1353; x_wconf 89' lang='lat' dir='ltr'><strong>rationem</strong></span> <span class='ocrx_word' id='word_1_523' title='bbox 2312 1300 2547 1353; x_wconf 80' lang='lat' dir='ltr'><strong>habebit.</strong></span> <span class='ocrx_word' id='word_1_524' title='bbox 2583 1319 2601 1350; x_wconf 73' lang='grc' dir='ltr'><strong>ι</strong></span> 
     </span>
    </p>
   </div>
   <div class='ocr_carea' id='block_1_72' title="bbox 1959 1390 3462 1460">
    <p class='ocr_par' dir='ltr' id='par_1_72' title="bbox 1959 1390 3462 1460">
     <span class='ocr_line' id='line_1_72' title="bbox 1959 1390 3462 1460; baseline 0.001 -15"><span class='ocrx_word' id='word_1_525' title='bbox 1959 1392 2295 1456; x_wconf 82' lang='lat' dir='ltr'><strong>Ambrosius,</strong></span> <span class='ocrx_word' id='word_1_526' title='bbox 2344 1392 2434 1445; x_wconf 90' lang='lat' dir='ltr'><strong>lib.</strong></span> <span class='ocrx_word' id='word_1_527' title='bbox 2464 1408 2525 1449; x_wconf 84' lang='grc' dir='ltr'><strong>ιι.</strong></span> <span class='ocrx_word' id='word_1_528' title='bbox 2559 1390 2785 1460; x_wconf 87' lang='lat' dir='ltr'><strong>epistola</strong></span> <span class='ocrx_word' id='word_1_529' title='bbox 2815 1391 2885 1443; x_wconf 90' lang='lat'><strong>7:</strong></span> <span class='ocrx_word' id='word_1_530' title='bbox 2931 1410 2949 1442; x_wconf 75' lang='grc' dir='ltr'>ί</span> <span class='ocrx_word' id='word_1_531' title='bbox 2994 1390 3164 1445; x_wconf 90' lang='lat' dir='ltr'><strong>Simul</strong></span> <span class='ocrx_word' id='word_1_532' title='bbox 3206 1392 3351 1446; x_wconf 90' lang='lat' dir='ltr'><strong>enim</strong></span> <span class='ocrx_word' id='word_1_533' title='bbox 3397 1407 3462 1448; x_wconf 90' lang='lat' dir='ltr'><strong>ac</strong></span> 
     </span>
    </p>
   </div>
   <div class='ocr_carea' id='block_1_73' title="bbox 1890 1483 3464 1553">
    <p class='ocr_par' dir='ltr' id='par_1_73' title="bbox 1890 1483 3464 1553">
     <span class='ocr_line' id='line_1_73' title="bbox 1890 1483 3464 1553; baseline 0.001 -14"><span class='ocrx_word' id='word_1_534' title='bbox 1890 1484 2168 1539; x_wconf 90' lang='lat' dir='ltr'><strong>confessus</strong></span> <span class='ocrx_word' id='word_1_535' title='bbox 2196 1484 2316 1553; x_wconf 91' lang='lat' dir='ltr'><strong>quis</strong></span> <span class='ocrx_word' id='word_1_536' title='bbox 2343 1483 2523 1547; x_wconf 89' lang='lat' dir='ltr'><strong>fuerit,</strong></span> <span class='ocrx_word' id='word_1_537' title='bbox 2550 1484 2861 1538; x_wconf 88' lang='lat' dir='ltr'><strong>absolvitur.</strong></span> <span class='ocrx_word' id='word_1_538' title='bbox 2902 1484 3141 1553; x_wconf 86' lang='lat' dir='ltr'><strong>Denique</strong></span> <span class='ocrx_word' id='word_1_539' title='bbox 3173 1486 3304 1550; x_wconf 77' lang='lat' dir='ltr'><strong>dixi,</strong></span> <span class='ocrx_word' id='word_1_540' title='bbox 3332 1486 3464 1541; x_wconf 90' lang='lat' dir='ltr'><strong>Pro-</strong></span> 
     </span>
    </p>
   </div>
   <div class='ocr_carea' id='block_1_74' title="bbox 1891 1575 3461 1643">
    <p class='ocr_par' dir='ltr' id='par_1_74' title="bbox 1891 1575 3461 1643">
     <span class='ocr_line' id='line_1_74' title="bbox 1891 1575 3461 1643; baseline 0.001 -14"><span class='ocrx_word' id='word_1_541' title='bbox 1891 1576 2151 1629; x_wconf 88' lang='lat' dir='ltr'><strong>nuntiabo</strong></span> <span class='ocrx_word' id='word_1_542' title='bbox 2181 1575 2454 1628; x_wconf 80' lang='lat' dir='ltr'><strong>adversum</strong></span> <span class='ocrx_word' id='word_1_543' title='bbox 2485 1592 2563 1627; x_wconf 87' lang='lat' dir='ltr'><strong>me</strong></span> <span class='ocrx_word' id='word_1_544' title='bbox 2592 1575 2907 1643; x_wconf 85' lang='lat' dir='ltr'><strong>injustitiam</strong></span> <span class='ocrx_word' id='word_1_545' title='bbox 2936 1593 3104 1629; x_wconf 85' lang='lat' dir='ltr'><strong>meam</strong></span> <span class='ocrx_word' id='word_1_546' title='bbox 3134 1576 3379 1640; x_wconf 81' lang='lat' dir='ltr'><strong>Domino,</strong></span> <span class='ocrx_word' id='word_1_547' title='bbox 3412 1586 3461 1630; x_wconf 82' lang='lat' dir='ltr'><strong>et</strong></span> 
     </span>
    </p>
   </div>
   <div class='ocr_carea' id='block_1_75' title="bbox 1892 1668 3463 1739">
    <p class='ocr_par' dir='ltr' id='par_1_75' title="bbox 1892 1668 3463 1739">
     <span class='ocr_line' id='line_1_75' title="bbox 1892 1668 3463 1739; baseline 0.003 -19"><span class='ocrx_word' id='word_1_548' title='bbox 1892 1678 1948 1720; x_wconf 86' lang='lat' dir='ltr'><strong>tu</strong></span> <span class='ocrx_word' id='word_1_549' title='bbox 1978 1668 2223 1721; x_wconf 76' lang='lat' dir='ltr'><strong>remisisti</strong></span> <span class='ocrx_word' id='word_1_550' title='bbox 2258 1668 2573 1736; x_wconf 80' lang='lat' dir='ltr'><strong>impietatem</strong></span> <span class='ocrx_word' id='word_1_551' title='bbox 2601 1668 2777 1723; x_wconf 91' lang='lat' dir='ltr'><strong>cordis</strong></span> <span class='ocrx_word' id='word_1_552' title='bbox 2805 1670 2923 1722; x_wconf 83' lang='lat' dir='ltr'><strong>mei.</strong></span> <span class='ocrx_word' id='word_1_553' title='bbox 2979 1668 3124 1723; x_wconf 82' lang='lat' dir='ltr'><strong>Mora</strong></span> <span class='ocrx_word' id='word_1_554' title='bbox 3151 1685 3278 1739; x_wconf 87' lang='lat' dir='ltr'><strong>ergo</strong></span> <span class='ocrx_word' id='word_1_555' title='bbox 3305 1672 3463 1725; x_wconf 88' lang='lat' dir='ltr'><strong>abso-</strong></span> 
     </span>
    </p>
   </div>
   <div class='ocr_carea' id='block_1_76' title="bbox 1889 1756 3466 1837">
    <p class='ocr_par' dir='ltr' id='par_1_76' title="bbox 1889 1756 3466 1837">
     <span class='ocr_line' id='line_1_76' title="bbox 1889 1756 3466 1837; baseline 0.004 -27"><span class='ocrx_word' id='word_1_556' title='bbox 1889 1756 2109 1812; x_wconf 92' lang='lat' dir='ltr'><strong>lutionis</strong></span> <span class='ocrx_word' id='word_1_557' title='bbox 2154 1758 2209 1811; x_wconf 91' lang='lat' dir='ltr'><strong>in</strong></span> <span class='ocrx_word' id='word_1_558' title='bbox 2253 1757 2556 1813; x_wconf 78' lang='lat' dir='ltr'><strong>confitendo</strong></span> <span class='ocrx_word' id='word_1_559' title='bbox 2600 1766 2725 1837; x_wconf 86' lang='lat' dir='ltr'><strong>est,</strong></span> <span class='ocrx_word' id='word_1_560' title='bbox 2780 1760 3171 1816; x_wconf 86' lang='lat' dir='ltr'><strong>confessionem</strong></span> <span class='ocrx_word' id='word_1_561' title='bbox 3222 1762 3466 1830; x_wconf 89' lang='lat' dir='ltr'><strong>sequitur</strong></span> 
     </span>
    </p>
   </div>
   <div class='ocr_carea' id='block_1_77' title="bbox 1890 1852 3465 1922">
    <p class='ocr_par' dir='ltr' id='par_1_77' title="bbox 1890 1852 3465 1922">
     <span class='ocr_line' id='line_1_77' title="bbox 1890 1852 3465 1922; baseline 0.004 -18"><span class='ocrx_word' id='word_1_562' title='bbox 1890 1859 2234 1921; x_wconf 90' lang='lat' dir='ltr'><strong>peccatorum</strong></span> <span class='ocrx_word' id='word_1_563' title='bbox 2282 1852 2546 1906; x_wconf 89' lang='lat' dir='ltr'><strong>remissio.</strong></span> <span class='ocrx_word' id='word_1_564' title='bbox 2584 1873 2601 1904; x_wconf 76' lang='grc' dir='ltr'><strong><em>ι</em></strong></span> <span class='ocrx_word' id='word_1_565' title='bbox 2662 1852 2978 1922; x_wconf 85' lang='lat' dir='ltr'><strong>Multiplices</strong></span> <span class='ocrx_word' id='word_1_566' title='bbox 3032 1855 3195 1909; x_wconf 90' lang='lat' dir='ltr'><strong>animi</strong></span> <span class='ocrx_word' id='word_1_567' title='bbox 3246 1856 3465 1910; x_wconf 90' lang='lat' dir='ltr'><strong>morbos</strong></span> 
     </span>
    </p>
   </div>
   <div class='ocr_carea' id='block_1_78' title="bbox 1891 1942 3465 2014">
    <p class='ocr_par' dir='ltr' id='par_1_78' title="bbox 1891 1942 3465 2014">
     <span class='ocr_line' id='line_1_78' title="bbox 1891 1942 3465 2014; baseline 0.004 -21"><span class='ocrx_word' id='word_1_568' title='bbox 1891 1942 2242 2010; x_wconf 88' lang='lat' dir='ltr'><strong>gravissimos</strong></span> <span class='ocrx_word' id='word_1_569' title='bbox 2292 1942 2480 1996; x_wconf 89' lang='lat' dir='ltr'><strong>Patres</strong></span> <span class='ocrx_word' id='word_1_570' title='bbox 2528 1944 2868 2008; x_wconf 86' lang='lat' dir='ltr'><strong>describunt,</strong></span> <span class='ocrx_word' id='word_1_571' title='bbox 2927 1946 3099 2013; x_wconf 91' lang='lat' dir='ltr'><strong>iisque</strong></span> <span class='ocrx_word' id='word_1_572' title='bbox 3147 1945 3465 2014; x_wconf 84' lang='lat' dir='ltr'><strong>multiplicia</strong></span> 
     </span>
    </p>
   </div>
   <div class='ocr_carea' id='block_1_79' title="bbox 1891 2018 3467 2104">
    <p class='ocr_par' dir='ltr' id='par_1_79' title="bbox 1891 2018 3467 2104">
     <span class='ocr_line' id='line_1_79' title="bbox 1891 2018 3467 2104; baseline 0.004 -18"><span class='ocrx_word' id='word_1_573' title='bbox 1891 2032 2185 2100; x_wconf 89' lang='lat' dir='ltr'><strong>subjiciunt</strong></span> <span class='ocrx_word' id='word_1_574' title='bbox 2229 2035 2465 2089; x_wconf 88' lang='lat' dir='ltr'><strong>remedia</strong></span> <span class='ocrx_word' id='word_1_575' title='bbox 2506 2050 2625 2103; x_wconf 64' lang='lat' dir='ltr'><strong>qua:</strong></span> <span class='ocrx_word' id='word_1_576' title='bbox 2662 2036 2729 2089; x_wconf 83' lang='lat' dir='ltr'><strong>ad</strong></span> <span class='ocrx_word' id='word_1_577' title='bbox 2768 2018 2995 2089; x_wconf 80' lang='lat' dir='ltr'><strong>salutem</strong></span> <span class='ocrx_word' id='word_1_578' title='bbox 3034 2038 3306 2104; x_wconf 89' lang='lat' dir='ltr'><strong>aptissima</strong></span> <span class='ocrx_word' id='word_1_579' title='bbox 3343 2053 3467 2093; x_wconf 86' lang='lat' dir='ltr'><strong>esse</strong></span> 
     </span>
    </p>
   </div>
   <div class='ocr_carea' id='block_1_80' title="bbox 1890 2122 3443 2197">
    <p class='ocr_par' dir='ltr' id='par_1_80' title="bbox 1890 2122 3443 2197">
     <span class='ocr_line' id='line_1_80' title="bbox 1890 2122 3443 2197; baseline 0.005 -21"><span class='ocrx_word' id='word_1_580' title='bbox 1890 2122 2229 2191; x_wconf 82' lang='lat' dir='ltr'><strong>profitentur.</strong></span> <span class='ocrx_word' id='word_1_581' title='bbox 2270 2123 2326 2177; x_wconf 92' lang='lat' dir='ltr'><strong>Si</strong></span> <span class='ocrx_word' id='word_1_582' title='bbox 2360 2140 2487 2179; x_wconf 89' lang='lat' dir='ltr'><strong>vero</strong></span> <span class='ocrx_word' id='word_1_583' title='bbox 2515 2141 2749 2181; x_wconf 90' lang='lat' dir='ltr'><strong>canones</strong></span> <span class='ocrx_word' id='word_1_584' title='bbox 2777 2126 3004 2197; x_wconf 69' lang='lat' dir='ltr'><strong>publicm</strong></span> <span class='ocrx_word' id='word_1_585' title='bbox 3031 2129 3357 2197; x_wconf 73' lang='lat' dir='ltr'><strong>pmnitentice</strong></span> <span class='ocrx_word' id='word_1_586' title='bbox 3387 2130 3443 2184; x_wconf 90' lang='lat' dir='ltr'><strong>in</strong></span> 
     </span>
    </p>
   </div>
   <div class='ocr_carea' id='block_1_81' title="bbox 1894 2215 3469 2287">
    <p class='ocr_par' dir='ltr' id='par_1_81' title="bbox 1894 2215 3469 2287">
     <span class='ocr_line' id='line_1_81' title="bbox 1894 2215 3469 2287; baseline 0.004 -19"><span class='ocrx_word' id='word_1_587' title='bbox 1894 2215 2164 2285; x_wconf 89' lang='lat' dir='ltr'><strong>telligendi</strong></span> <span class='ocrx_word' id='word_1_588' title='bbox 2199 2216 2307 2269; x_wconf 91' lang='lat' dir='ltr'><strong>sint</strong></span> <span class='ocrx_word' id='word_1_589' title='bbox 2337 2224 2446 2269; x_wconf 90' lang='lat' dir='ltr'><strong>tam</strong></span> <span class='ocrx_word' id='word_1_590' title='bbox 2480 2217 2546 2269; x_wconf 91' lang='lat' dir='ltr'><strong>de</strong></span> <span class='ocrx_word' id='word_1_591' title='bbox 2580 2217 2896 2275; x_wconf 67' lang='lat' dir='ltr'><strong>criminibus</strong></span> <span class='ocrx_word' id='word_1_592' title='bbox 2928 2219 3157 2273; x_wconf 87' lang='lat' dir='ltr'><strong>occultis</strong></span> <span class='ocrx_word' id='word_1_593' title='bbox 3201 2235 3358 2287; x_wconf 91' lang='lat' dir='ltr'><strong>quam</strong></span> <span class='ocrx_word' id='word_1_594' title='bbox 3400 2221 3469 2275; x_wconf 90' lang='lat' dir='ltr'><strong>de</strong></span> 
     </span>
    </p>
   </div>
   <div class='ocr_carea' id='block_1_82' title="bbox 1891 2305 3467 2375">
    <p class='ocr_par' dir='ltr' id='par_1_82' title="bbox 1891 2305 3467 2375">
     <span class='ocr_line' id='line_1_82' title="bbox 1891 2305 3467 2375; baseline 0.003 -16"><span class='ocrx_word' id='word_1_595' title='bbox 1891 2306 2140 2375; x_wconf 91' lang='lat' dir='ltr'><strong>publicis,</strong></span> <span class='ocrx_word' id='word_1_596' title='bbox 2170 2322 2266 2360; x_wconf 93' lang='lat' dir='ltr'><strong>cur</strong></span> <span class='ocrx_word' id='word_1_597' title='bbox 2293 2305 2481 2361; x_wconf 89' lang='lat' dir='ltr'><strong>Patres</strong></span> <span class='ocrx_word' id='word_1_598' title='bbox 2516 2306 2854 2361; x_wconf 86' lang='lat' dir='ltr'><strong>saluberrimi</strong></span> <span class='ocrx_word' id='word_1_599' title='bbox 2889 2309 3109 2362; x_wconf 91' lang='lat' dir='ltr'><strong>remedii</strong></span> <span class='ocrx_word' id='word_1_600' title='bbox 3145 2324 3249 2363; x_wconf 92' lang='lat' dir='ltr'><strong>non</strong></span> <span class='ocrx_word' id='word_1_601' title='bbox 3276 2310 3467 2363; x_wconf 87' lang='lat' dir='ltr'><strong>memi-</strong></span> 
     </span>
    </p>
   </div>
   <div class='ocr_carea' id='block_1_83' title="bbox 1893 2396 3468 2466">
    <p class='ocr_par' dir='ltr' id='par_1_83' title="bbox 1893 2396 3468 2466">
     <span class='ocr_line' id='line_1_83' title="bbox 1893 2396 3468 2466; baseline 0.001 -13"><span class='ocrx_word' id='word_1_602' title='bbox 1893 2397 2116 2453; x_wconf 90' lang='lat' dir='ltr'><strong>nerint?</strong></span> <span class='ocrx_word' id='word_1_603' title='bbox 2166 2396 2417 2466; x_wconf 88' lang='lat' dir='ltr'><strong>Cogitare</strong></span> <span class='ocrx_word' id='word_1_604' title='bbox 2459 2396 2609 2452; x_wconf 89' lang='lat' dir='ltr'><strong>nefas</strong></span> <span class='ocrx_word' id='word_1_605' title='bbox 2635 2407 2738 2464; x_wconf 89' lang='lat' dir='ltr'><strong>est,</strong></span> <span class='ocrx_word' id='word_1_606' title='bbox 2788 2399 2984 2453; x_wconf 90' lang='lat' dir='ltr'><strong>nedum</strong></span> <span class='ocrx_word' id='word_1_607' title='bbox 3013 2400 3213 2466; x_wconf 90' lang='lat' dir='ltr'><strong>dicere,</strong></span> <span class='ocrx_word' id='word_1_608' title='bbox 3264 2400 3393 2455; x_wconf 91' lang='lat' dir='ltr'><strong>illud</strong></span> <span class='ocrx_word' id='word_1_609' title='bbox 3435 2415 3468 2455; x_wconf 85' lang='lat' dir='ltr'><strong>a</strong></span> 
     </span>
    </p>
   </div>
   <div class='ocr_carea' id='block_1_84' title="bbox 1893 2488 3369 2558">
    <p class='ocr_par' dir='ltr' id='par_1_84' title="bbox 1893 2488 3369 2558">
     <span class='ocr_line' id='line_1_84' title="bbox 1893 2488 3369 2558; baseline 0.001 -15"><span class='ocrx_word' id='word_1_610' title='bbox 1893 2488 2145 2543; x_wconf 90' lang='lat' dir='ltr'><strong>Patribus</strong></span> <span class='ocrx_word' id='word_1_611' title='bbox 2172 2495 2319 2541; x_wconf 87' lang='lat' dir='ltr'><strong>tanta</strong></span> <span class='ocrx_word' id='word_1_612' title='bbox 2346 2503 2469 2541; x_wconf 92' lang='lat' dir='ltr'><strong>cum</strong></span> <span class='ocrx_word' id='word_1_613' title='bbox 2496 2488 2705 2542; x_wconf 90' lang='lat' dir='ltr'><strong>incuria</strong></span> <span class='ocrx_word' id='word_1_614' title='bbox 2734 2488 2897 2543; x_wconf 88' lang='lat' dir='ltr'><strong>fuisse</strong></span> <span class='ocrx_word' id='word_1_615' title='bbox 2928 2490 3369 2558; x_wconf 72' lang='lat' dir='ltr'><strong>praetermissum.</strong></span> 
     </span>
    </p>
   </div>
   <div class='ocr_carea' id='block_1_85' title="bbox 1964 2578 3469 2649">
    <p class='ocr_par' dir='ltr' id='par_1_85' title="bbox 1964 2578 3469 2649">
     <span class='ocr_line' id='line_1_85' title="bbox 1964 2578 3469 2649; baseline 0.004 -16"><span class='ocrx_word' id='word_1_616' title='bbox 1964 2578 2199 2634; x_wconf 84' lang='lat' dir='ltr'><strong>Joannes</strong></span> <span class='ocrx_word' id='word_1_617' title='bbox 2230 2579 2645 2649; x_wconf 82' lang='lat' dir='ltr'><strong>Chrysostomus</strong></span> <span class='ocrx_word' id='word_1_618' title='bbox 2689 2580 2741 2633; x_wconf 91' lang='lat' dir='ltr'><strong>in</strong></span> <span class='ocrx_word' id='word_1_619' title='bbox 2783 2580 3004 2635; x_wconf 90' lang='lat' dir='ltr'><strong>bomilia</strong></span> <span class='ocrx_word' id='word_1_620' title='bbox 3050 2582 3104 2635; x_wconf 92' lang='lat' dir='ltr'><strong>in</strong></span> <span class='ocrx_word' id='word_1_621' title='bbox 3139 2581 3412 2638; x_wconf 88' lang='lat' dir='ltr'><strong>Psalmum</strong></span> <span class='ocrx_word' id='word_1_622' title='bbox 3448 2601 3469 2639; x_wconf 86' lang='grc' dir='ltr'>ι</span> 
     </span>
    </p>
   </div>
   <div class='ocr_carea' id='block_1_86' title="bbox 1894 2669 3471 2747">
    <p class='ocr_par' dir='ltr' id='par_1_86' title="bbox 1894 2669 3471 2747">
     <span class='ocr_line' id='line_1_86' title="bbox 1894 2669 3471 2747; baseline 0.004 -22"><span class='ocrx_word' id='word_1_623' title='bbox 1894 2669 2092 2726; x_wconf 84' lang='lat' dir='ltr'><strong>Jacobo</strong></span> <span class='ocrx_word' id='word_1_624' title='bbox 2132 2671 2284 2727; x_wconf 91' lang='lat' dir='ltr'><strong>Billio</strong></span> <span class='ocrx_word' id='word_1_625' title='bbox 2324 2673 2513 2727; x_wconf 90' lang='lat' dir='ltr'><strong>abbate</strong></span> <span class='ocrx_word' id='word_1_626' title='bbox 2549 2673 2841 2742; x_wconf 90' lang='lat' dir='ltr'><strong>interprete</strong></span> <span class='ocrx_word' id='word_1_627' title='bbox 2870 2691 2882 2727; x_wconf 93' lang='lat'><strong>:</strong></span> <span class='ocrx_word' id='word_1_628' title='bbox 2919 2692 2936 2723; x_wconf 86' lang='grc'><strong>‹</strong></span> <span class='ocrx_word' id='word_1_629' title='bbox 2971 2673 3161 2729; x_wconf 87' lang='lat' dir='ltr'><strong>Totam</strong></span> <span class='ocrx_word' id='word_1_630' title='bbox 3202 2682 3347 2729; x_wconf 90' lang='lat' dir='ltr'><strong>tuam</strong></span> <span class='ocrx_word' id='word_1_631' title='bbox 3377 2675 3471 2747; x_wconf 90' lang='lat' dir='ltr'><strong>ju-</strong></span> 
     </span>
    </p>
   </div>
   <div class='ocr_carea' id='block_1_87' title="bbox 1894 2764 3472 2833">
    <p class='ocr_par' dir='ltr' id='par_1_87' title="bbox 1894 2764 3472 2833">
     <span class='ocr_line' id='line_1_87' title="bbox 1894 2764 3472 2833; baseline 0.004 -17"><span class='ocrx_word' id='word_1_632' title='bbox 1894 2770 2167 2817; x_wconf 90' lang='lat' dir='ltr'><strong>ventutem</strong></span> <span class='ocrx_word' id='word_1_633' title='bbox 2200 2764 2397 2833; x_wconf 92' lang='lat' dir='ltr'><strong>probro</strong></span> <span class='ocrx_word' id='word_1_634' title='bbox 2441 2780 2504 2818; x_wconf 91' lang='lat' dir='ltr'><strong>ac</strong></span> <span class='ocrx_word' id='word_1_635' title='bbox 2548 2764 2808 2819; x_wconf 88' lang='lat' dir='ltr'><strong>dedecore</strong></span> <span class='ocrx_word' id='word_1_636' title='bbox 2851 2764 3110 2830; x_wconf 79' lang='lat' dir='ltr'><strong>aifecisti,</strong></span> <span class='ocrx_word' id='word_1_637' title='bbox 3150 2773 3318 2820; x_wconf 88' lang='lat' dir='ltr'><strong>totum</strong></span> <span class='ocrx_word' id='word_1_638' title='bbox 3350 2766 3472 2822; x_wconf 66' lang='lat' dir='ltr'><strong>vitm</strong></span> 
     </span>
    </p>
   </div>
   <div class='ocr_carea' id='block_1_88' title="bbox 1898 2856 3473 2928">
    <p class='ocr_par' dir='ltr' id='par_1_88' title="bbox 1898 2856 3473 2928">
     <span class='ocr_line' id='line_1_88' title="bbox 1898 2856 3473 2928; baseline 0.004 -22"><span class='ocrx_word' id='word_1_639' title='bbox 1898 2859 2001 2907; x_wconf 76' lang='lat' dir='ltr'><strong>tuae</strong></span> <span class='ocrx_word' id='word_1_640' title='bbox 2032 2862 2247 2924; x_wconf 91' lang='lat' dir='ltr'><strong>tempus</strong></span> <span class='ocrx_word' id='word_1_641' title='bbox 2276 2856 2599 2925; x_wconf 89' lang='lat' dir='ltr'><strong>perdidisti?</strong></span> <span class='ocrx_word' id='word_1_642' title='bbox 2632 2856 2783 2925; x_wconf 91' lang='lat' dir='ltr'><strong>prius</strong></span> <span class='ocrx_word' id='word_1_643' title='bbox 2814 2866 3081 2911; x_wconf 88' lang='lat' dir='ltr'><strong>scortator</strong></span> <span class='ocrx_word' id='word_1_644' title='bbox 3114 2874 3256 2924; x_wconf 90' lang='lat' dir='ltr'><strong>eras,</strong></span> <span class='ocrx_word' id='word_1_645' title='bbox 3284 2866 3473 2928; x_wconf 87' lang='lat' dir='ltr'><strong>postea</strong></span> 
     </span>
    </p>
   </div>
   <div class='ocr_carea' id='block_1_89' title="bbox 1897 2946 3470 3020">
    <p class='ocr_par' dir='ltr' id='par_1_89' title="bbox 1897 2946 3470 3020">
     <span class='ocr_line' id='line_1_89' title="bbox 1897 2946 3470 3020; baseline 0.003 -20"><span class='ocrx_word' id='word_1_646' title='bbox 1897 2946 2122 3014; x_wconf 86' lang='lat' dir='ltr'><strong>rapuisti</strong></span> <span class='ocrx_word' id='word_1_647' title='bbox 2153 2963 2217 3003; x_wconf 91' lang='lat' dir='ltr'><strong>ac</strong></span> <span class='ocrx_word' id='word_1_648' title='bbox 2245 2964 2400 3002; x_wconf 86' lang='lat' dir='ltr'><strong>suum</strong></span> <span class='ocrx_word' id='word_1_649' title='bbox 2436 2948 2588 3002; x_wconf 89' lang='lat' dir='ltr'><strong>alteri</strong></span> <span class='ocrx_word' id='word_1_650' title='bbox 2622 2949 2924 3014; x_wconf 82' lang='lat' dir='ltr'><strong>detraxisti,</strong></span> <span class='ocrx_word' id='word_1_651' title='bbox 2954 2950 3189 3020; x_wconf 89' lang='lat' dir='ltr'><strong>perjurio</strong></span> <span class='ocrx_word' id='word_1_652' title='bbox 3226 2959 3282 3004; x_wconf 90' lang='lat' dir='ltr'><strong>et</strong></span> <span class='ocrx_word' id='word_1_653' title='bbox 3325 2951 3470 3005; x_wconf 88' lang='lat' dir='ltr'><strong>blas-</strong></span> 
     </span>
    </p>
   </div>
   <div class='ocr_carea' id='block_1_90' title="bbox 1897 3038 3475 3110">
    <p class='ocr_par' dir='ltr' id='par_1_90' title="bbox 1897 3038 3475 3110">
     <span class='ocr_line' id='line_1_90' title="bbox 1897 3038 3475 3110; baseline 0.003 -19"><span class='ocrx_word' id='word_1_654' title='bbox 1897 3038 2113 3106; x_wconf 89' lang='lat' dir='ltr'><strong>phemia</strong></span> <span class='ocrx_word' id='word_1_655' title='bbox 2165 3046 2218 3092; x_wconf 91' lang='lat' dir='ltr'><strong>te</strong></span> <span class='ocrx_word' id='word_1_656' title='bbox 2262 3040 2619 3094; x_wconf 82' lang='lat' dir='ltr'><strong>obstrinxisti.</strong></span> <span class='ocrx_word' id='word_1_657' title='bbox 2672 3040 2927 3106; x_wconf 71' lang='lat' dir='ltr'><strong>Quzenam</strong></span> <span class='ocrx_word' id='word_1_658' title='bbox 2971 3041 3065 3095; x_wconf 86' lang='lat' dir='ltr'><strong>tibi</strong></span> <span class='ocrx_word' id='word_1_659' title='bbox 3116 3041 3304 3096; x_wconf 92' lang='lat' dir='ltr'><strong>salutis</strong></span> <span class='ocrx_word' id='word_1_660' title='bbox 3350 3056 3475 3110; x_wconf 89' lang='lat' dir='ltr'><strong>spes</strong></span> 
     </span>
    </p>
   </div>
   <div class='ocr_carea' id='block_1_91' title="bbox 1899 3129 3473 3202">
    <p class='ocr_par' dir='ltr' id='par_1_91' title="bbox 1899 3129 3473 3202">
     <span class='ocr_line' id='line_1_91' title="bbox 1899 3129 3473 3202; baseline 0.004 -21"><span class='ocrx_word' id='word_1_661' title='bbox 1899 3141 2019 3181; x_wconf 90' lang='lat' dir='ltr'><strong>esse</strong></span> <span class='ocrx_word' id='word_1_662' title='bbox 2050 3129 2258 3197; x_wconf 88' lang='lat' dir='ltr'><strong>queat?</strong></span> <span class='ocrx_word' id='word_1_663' title='bbox 2304 3130 2499 3183; x_wconf 86' lang='lat' dir='ltr'><strong>Actum</strong></span> <span class='ocrx_word' id='word_1_664' title='bbox 2530 3137 2613 3184; x_wconf 90' lang='lat' dir='ltr'><strong>est</strong></span> <span class='ocrx_word' id='word_1_665' title='bbox 2641 3130 2707 3184; x_wconf 91' lang='lat' dir='ltr'><strong>de</strong></span> <span class='ocrx_word' id='word_1_666' title='bbox 2737 3138 2810 3185; x_wconf 92' lang='lat' dir='ltr'><strong>te.</strong></span> <span class='ocrx_word' id='word_1_667' title='bbox 2860 3130 3002 3185; x_wconf 90' lang='lat' dir='ltr'><strong>Nihil</strong></span> <span class='ocrx_word' id='word_1_668' title='bbox 3033 3131 3176 3187; x_wconf 92' lang='lat' dir='ltr'><strong>aliud</strong></span> <span class='ocrx_word' id='word_1_669' title='bbox 3208 3140 3473 3202; x_wconf 88' lang='lat' dir='ltr'><strong>superest,</strong></span> 
     </span>
    </p>
   </div>
   <div class='ocr_carea' id='block_1_92' title="bbox 1901 3221 3473 3291">
    <p class='ocr_par' dir='ltr' id='par_1_92' title="bbox 1901 3221 3473 3291">
     <span class='ocr_line' id='line_1_92' title="bbox 1901 3221 3473 3291; baseline 0.004 -18"><span class='ocrx_word' id='word_1_670' title='bbox 1901 3236 2063 3290; x_wconf 86' lang='lat' dir='ltr'><strong>quam</strong></span> <span class='ocrx_word' id='word_1_671' title='bbox 2095 3228 2156 3274; x_wconf 91' lang='lat' dir='ltr'><strong>ut</strong></span> <span class='ocrx_word' id='word_1_672' title='bbox 2184 3221 2467 3289; x_wconf 66' lang='lat' dir='ltr'><strong>praesentis</strong></span> <span class='ocrx_word' id='word_1_673' title='bbox 2497 3221 2687 3275; x_wconf 89' lang='lat' dir='ltr'><strong>saltem</strong></span> <span class='ocrx_word' id='word_1_674' title='bbox 2717 3223 2841 3275; x_wconf 70' lang='lat' dir='ltr'><strong>vita:</strong></span> <span class='ocrx_word' id='word_1_675' title='bbox 2862 3223 3227 3291; x_wconf 91' lang='lat' dir='ltr'><strong>voluptatibus</strong></span> <span class='ocrx_word' id='word_1_676' title='bbox 3252 3224 3473 3281; x_wconf 86' lang='lat' dir='ltr'><strong>fruaris.</strong></span> 
     </span>
    </p>
   </div>
   <div class='ocr_carea' id='block_1_93' title="bbox 1902 3308 3474 3382">
    <p class='ocr_par' dir='ltr' id='par_1_93' title="bbox 1902 3308 3474 3382">
     <span class='ocr_line' id='line_1_93' title="bbox 1902 3308 3474 3382; baseline 0.004 -20"><span class='ocrx_word' id='word_1_677' title='bbox 1902 3308 2028 3364; x_wconf 60' lang='lat' dir='ltr'><strong>Haec</strong></span> <span class='ocrx_word' id='word_1_678' title='bbox 2057 3311 2258 3364; x_wconf 91' lang='lat' dir='ltr'><strong>diaboli</strong></span> <span class='ocrx_word' id='word_1_679' title='bbox 2286 3312 2445 3364; x_wconf 88' lang='lat' dir='ltr'><strong>verba</strong></span> <span class='ocrx_word' id='word_1_680' title='bbox 2478 3319 2619 3363; x_wconf 89' lang='lat' dir='ltr'><strong>sunt.</strong></span> <span class='ocrx_word' id='word_1_681' title='bbox 2658 3310 2729 3362; x_wconf 83' lang='lat' dir='ltr'><strong>At</strong></span> <span class='ocrx_word' id='word_1_682' title='bbox 2752 3326 2873 3365; x_wconf 90' lang='lat' dir='ltr'><strong>mea</strong></span> <span class='ocrx_word' id='word_1_683' title='bbox 2900 3312 3169 3365; x_wconf 88' lang='lat' dir='ltr'><strong>contraria</strong></span> <span class='ocrx_word' id='word_1_684' title='bbox 3197 3331 3207 3364; x_wconf 93' lang='lat'>:</span> <span class='ocrx_word' id='word_1_685' title='bbox 3236 3312 3474 3382; x_wconf 92' lang='lat' dir='ltr'><strong>Periisti,</strong></span> 
     </span>
    </p>
   </div>
   <div class='ocr_carea' id='block_1_94' title="bbox 1901 3399 3477 3476">
    <p class='ocr_par' dir='ltr' id='par_1_94' title="bbox 1901 3399 3477 3476">
     <span class='ocr_line' id='line_1_94' title="bbox 1901 3399 3477 3476; baseline 0.004 -23"><span class='ocrx_word' id='word_1_686' title='bbox 1901 3400 1970 3453; x_wconf 89' lang='lat' dir='ltr'><strong>ad</strong></span> <span class='ocrx_word' id='word_1_687' title='bbox 1995 3400 2223 3453; x_wconf 90' lang='lat' dir='ltr'><strong>salutem</strong></span> <span class='ocrx_word' id='word_1_688' title='bbox 2250 3399 2505 3467; x_wconf 91' lang='lat' dir='ltr'><strong>consequi</strong></span> <span class='ocrx_word' id='word_1_689' title='bbox 2534 3407 2705 3468; x_wconf 88' lang='lat' dir='ltr'><strong>potes.</strong></span> <span class='ocrx_word' id='word_1_690' title='bbox 2756 3399 2969 3469; x_wconf 89' lang='lat' dir='ltr'><strong>Stupris</strong></span> <span class='ocrx_word' id='word_1_691' title='bbox 3010 3417 3073 3456; x_wconf 89' lang='lat' dir='ltr'><strong>ac</strong></span> <span class='ocrx_word' id='word_1_692' title='bbox 3108 3402 3314 3457; x_wconf 88' lang='lat' dir='ltr'><strong>libidini</strong></span> <span class='ocrx_word' id='word_1_693' title='bbox 3349 3421 3477 3476; x_wconf 88' lang='lat' dir='ltr'><strong>epe-</strong></span> 
     </span>
    </p>
   </div>
   <div class='ocr_carea' id='block_1_95' title="bbox 1900 3489 3477 3563">
    <p class='ocr_par' dir='ltr' id='par_1_95' title="bbox 1900 3489 3477 3563">
     <span class='ocr_line' id='line_1_95' title="bbox 1900 3489 3477 3563; baseline 0.006 -20"><span class='ocrx_word' id='word_1_694' title='bbox 1900 3504 2014 3543; x_wconf 91' lang='lat' dir='ltr'><strong>ram</strong></span> <span class='ocrx_word' id='word_1_695' title='bbox 2045 3490 2281 3544; x_wconf 88' lang='lat' dir='ltr'><strong>dedisti?</strong></span> <span class='ocrx_word' id='word_1_696' title='bbox 2314 3498 2369 3544; x_wconf 91' lang='lat' dir='ltr'><strong>at</strong></span> <span class='ocrx_word' id='word_1_697' title='bbox 2397 3489 2665 3559; x_wconf 63' lang='lat' dir='ltr'><strong>pudicitiae</strong></span> <span class='ocrx_word' id='word_1_698' title='bbox 2691 3492 2906 3546; x_wconf 89' lang='lat' dir='ltr'><strong>studere</strong></span> <span class='ocrx_word' id='word_1_699' title='bbox 2933 3501 3105 3563; x_wconf 91' lang='lat' dir='ltr'><strong>potes.</strong></span> <span class='ocrx_word' id='word_1_700' title='bbox 3137 3493 3477 3554; x_wconf 88' lang='lat' dir='ltr'><strong>Adulterium</strong></span> 
     </span>
    </p>
   </div>
   <div class='ocr_carea' id='block_1_96' title="bbox 1902 3581 3479 3653">
    <p class='ocr_par' dir='ltr' id='par_1_96' title="bbox 1902 3581 3479 3653">
     <span class='ocr_line' id='line_1_96' title="bbox 1902 3581 3479 3653; baseline 0.006 -19"><span class='ocrx_word' id='word_1_701' title='bbox 1902 3581 2211 3635; x_wconf 86' lang='lat' dir='ltr'><strong>admisisti?</strong></span> <span class='ocrx_word' id='word_1_702' title='bbox 2245 3590 2300 3635; x_wconf 90' lang='lat' dir='ltr'><strong>at</strong></span> <span class='ocrx_word' id='word_1_703' title='bbox 2328 3584 2431 3637; x_wconf 91' lang='lat' dir='ltr'><strong>hac</strong></span> <span class='ocrx_word' id='word_1_704' title='bbox 2458 3581 2578 3636; x_wconf 90' lang='lat' dir='ltr'><strong>labe</strong></span> <span class='ocrx_word' id='word_1_705' title='bbox 2607 3581 2823 3637; x_wconf 89' lang='lat' dir='ltr'><strong>liberari</strong></span> <span class='ocrx_word' id='word_1_706' title='bbox 2855 3592 3027 3653; x_wconf 90' lang='lat' dir='ltr'><strong>potes.</strong></span> <span class='ocrx_word' id='word_1_707' title='bbox 3085 3585 3384 3641; x_wconf 88' lang='lat' dir='ltr'><strong>Cecidisti?</strong></span> <span class='ocrx_word' id='word_1_708' title='bbox 3421 3598 3479 3644; x_wconf 88' lang='lat' dir='ltr'><strong>at</strong></span> 
     </span>
    </p>
   </div>
   <div class='ocr_carea' id='block_1_97' title="bbox 1902 3664 3517 3746">
    <p class='ocr_par' dir='ltr' id='par_1_97' title="bbox 1902 3664 3517 3746">
     <span class='ocr_line' id='line_1_97' title="bbox 1902 3664 3517 3746; baseline 0.007 -20"><span class='ocrx_word' id='word_1_709' title='bbox 1902 3689 2187 3743; x_wconf 88' lang='lat' dir='ltr'><strong>resurgere</strong></span> <span class='ocrx_word' id='word_1_710' title='bbox 2236 3682 2408 3742; x_wconf 88' lang='lat' dir='ltr'><strong>potes.</strong></span> <span class='ocrx_word' id='word_1_711' title='bbox 2472 3673 2675 3746; x_wconf 82' lang='lat' dir='ltr'><strong>Exigua</strong></span> <span class='ocrx_word' id='word_1_712' title='bbox 2727 3677 3042 3745; x_wconf 70' lang='lat' dir='ltr'><strong>pmnitentia</strong></span> <span class='ocrx_word' id='word_1_713' title='bbox 3097 3687 3186 3732; x_wconf 89' lang='lat' dir='ltr'><strong>tua</strong></span> <span class='ocrx_word' id='word_1_714' title='bbox 3242 3682 3370 3735; x_wconf 91' lang='lat' dir='ltr'><strong>est?</strong></span> <span class='ocrx_word' id='word_1_715' title='bbox 3423 3664 3517 3737; x_wconf 48' lang='lat' dir='ltr'><strong>at.</strong></span> 
     </span>
    </p>
   </div>
   <div class='ocr_carea' id='block_1_98' title="bbox 1900 3764 3478 3836">
    <p class='ocr_par' dir='ltr' id='par_1_98' title="bbox 1900 3764 3478 3836">
     <span class='ocr_line' id='line_1_98' title="bbox 1900 3764 3478 3836; baseline 0.004 -18"><span class='ocrx_word' id='word_1_716' title='bbox 1900 3779 2093 3833; x_wconf 87' lang='lat' dir='ltr'><strong>magna</strong></span> <span class='ocrx_word' id='word_1_717' title='bbox 2120 3764 2331 3818; x_wconf 87' lang='lat' dir='ltr'><strong>Domini</strong></span> <span class='ocrx_word' id='word_1_718' title='bbox 2354 3764 2677 3835; x_wconf 88' lang='lat' dir='ltr'><strong>benignitas.</strong></span> <span class='ocrx_word' id='word_1_719' title='bbox 2712 3765 2922 3821; x_wconf 79' lang='lat' dir='ltr'><strong>Caedem</strong></span> <span class='ocrx_word' id='word_1_720' title='bbox 2948 3769 3291 3836; x_wconf 89' lang='lat' dir='ltr'><strong>perpetrasti,</strong></span> <span class='ocrx_word' id='word_1_721' title='bbox 3319 3785 3478 3825; x_wconf 91' lang='lat' dir='ltr'><strong>suum</strong></span> 
     </span>
    </p>
   </div>
   <div class='ocr_carea' id='block_1_99' title="bbox 1903 3856 3477 3916">
    <p class='ocr_par' dir='ltr' id='par_1_99' title="bbox 1903 3856 3477 3916">
     <span class='ocr_line' id='line_1_99' title="bbox 1903 3856 3477 3916; baseline 0.004 -6"><span class='ocrx_word' id='word_1_722' title='bbox 1903 3856 2057 3910; x_wconf 90' lang='lat' dir='ltr'><strong>alteri</strong></span> <span class='ocrx_word' id='word_1_723' title='bbox 2088 3856 2381 3911; x_wconf 86' lang='lat' dir='ltr'><strong>ademisti?</strong></span> <span class='ocrx_word' id='word_1_724' title='bbox 2417 3866 2471 3910; x_wconf 92' lang='lat' dir='ltr'><strong>at</strong></span> <span class='ocrx_word' id='word_1_725' title='bbox 2500 3858 2776 3912; x_wconf 88' lang='lat' dir='ltr'><strong>meliorem</strong></span> <span class='ocrx_word' id='word_1_726' title='bbox 2808 3868 3041 3913; x_wconf 89' lang='lat' dir='ltr'><strong>mentem</strong></span> <span class='ocrx_word' id='word_1_727' title='bbox 3081 3860 3259 3915; x_wconf 89' lang='lat' dir='ltr'><strong>indue.</strong></span> <span class='ocrx_word' id='word_1_728' title='bbox 3306 3860 3477 3916; x_wconf 84' lang='lat' dir='ltr'><strong>Adul-</strong></span> 
     </span>
    </p>
   </div>
   <div class='ocr_carea' id='block_1_100' title="bbox 1903 3948 3481 4009">
    <p class='ocr_par' dir='ltr' id='par_1_100' title="bbox 1903 3948 3481 4009">
     <span class='ocr_line' id='line_1_100' title="bbox 1903 3948 3481 4009; baseline 0.003 -6"><span class='ocrx_word' id='word_1_729' title='bbox 1903 3948 2041 4003; x_wconf 91' lang='lat' dir='ltr'><strong>terio</strong></span> <span class='ocrx_word' id='word_1_730' title='bbox 2078 3956 2133 4001; x_wconf 92' lang='lat' dir='ltr'><strong>te</strong></span> <span class='ocrx_word' id='word_1_731' title='bbox 2174 3948 2506 4002; x_wconf 83' lang='lat' dir='ltr'><strong>devinxisti?</strong></span> <span class='ocrx_word' id='word_1_732' title='bbox 2552 3958 2608 4002; x_wconf 92' lang='lat' dir='ltr'><strong>at</strong></span> <span class='ocrx_word' id='word_1_733' title='bbox 2638 3950 2704 4003; x_wconf 89' lang='lat' dir='ltr'><strong>ab</strong></span> <span class='ocrx_word' id='word_1_734' title='bbox 2737 3964 2803 4004; x_wconf 94' lang='lat' dir='ltr'><strong>eo</strong></span> <span class='ocrx_word' id='word_1_735' title='bbox 2833 3959 2885 4003; x_wconf 92' lang='lat' dir='ltr'><strong>te</strong></span> <span class='ocrx_word' id='word_1_736' title='bbox 2916 3964 3151 4005; x_wconf 86' lang='lat' dir='ltr'><strong>remove.</strong></span> <span class='ocrx_word' id='word_1_737' title='bbox 3195 3950 3481 4009; x_wconf 87' lang='lat' dir='ltr'><strong>Sauciatus</strong></span> 
     </span>
    </p>
   </div>
   <div class='ocr_carea' id='block_1_101' title="bbox 1901 4040 3483 4113">
    <p class='ocr_par' dir='ltr' id='par_1_101' title="bbox 1901 4040 3483 4113">
     <span class='ocr_line' id='line_1_101' title="bbox 1901 4040 3483 4113; baseline 0.003 -18"><span class='ocrx_word' id='word_1_738' title='bbox 1901 4042 2005 4095; x_wconf 91' lang='lat' dir='ltr'><strong>es?</strong></span> <span class='ocrx_word' id='word_1_739' title='bbox 2049 4048 2105 4093; x_wconf 91' lang='lat' dir='ltr'><strong>at</strong></span> <span class='ocrx_word' id='word_1_740' title='bbox 2139 4040 2462 4094; x_wconf 90' lang='lat' dir='ltr'><strong>medicinam</strong></span> <span class='ocrx_word' id='word_1_741' title='bbox 2496 4040 2708 4103; x_wconf 89' lang='lat' dir='ltr'><strong>adhibe,</strong></span> <span class='ocrx_word' id='word_1_742' title='bbox 2737 4048 2844 4096; x_wconf 92' lang='lat' dir='ltr'><strong>etc.</strong></span> <span class='ocrx_word' id='word_1_743' title='bbox 2898 4042 3101 4097; x_wconf 90' lang='lat' dir='ltr'><strong>Diurno</strong></span> <span class='ocrx_word' id='word_1_744' title='bbox 3146 4052 3384 4113; x_wconf 89' lang='lat' dir='ltr'><strong>tempore</strong></span> <span class='ocrx_word' id='word_1_745' title='bbox 3428 4045 3483 4100; x_wconf 91' lang='lat' dir='ltr'><strong>id</strong></span> 
     </span>
    </p>
   </div>
   <div class='ocr_carea' id='block_1_102' title="bbox 1902 4130 3481 4203">
    <p class='ocr_par' dir='ltr' id='par_1_102' title="bbox 1902 4130 3481 4203">
     <span class='ocr_line' id='line_1_102' title="bbox 1902 4130 3481 4203; baseline 0.004 -20"><span class='ocrx_word' id='word_1_746' title='bbox 1902 4130 2130 4185; x_wconf 88' lang='lat' dir='ltr'><strong>faciendi</strong></span> <span class='ocrx_word' id='word_1_747' title='bbox 2162 4130 2393 4199; x_wconf 91' lang='lat' dir='ltr'><strong>spatium</strong></span> <span class='ocrx_word' id='word_1_748' title='bbox 2430 4146 2537 4185; x_wconf 91' lang='lat' dir='ltr'><strong>non</strong></span> <span class='ocrx_word' id='word_1_749' title='bbox 2570 4132 2766 4197; x_wconf 88' lang='lat' dir='ltr'><strong>habes,</strong></span> <span class='ocrx_word' id='word_1_750' title='bbox 2797 4142 3069 4188; x_wconf 86' lang='lat' dir='ltr'><strong>verumet</strong></span> <span class='ocrx_word' id='word_1_751' title='bbox 3097 4134 3481 4203; x_wconf 69' lang='lat' dir='ltr'><strong>praafectornm</strong></span> 
     </span>
    </p>
   </div>
   <div class='ocr_carea' id='block_1_103' title="bbox 1903 4219 3483 4293">
    <p class='ocr_par' dir='ltr' id='par_1_103' title="bbox 1903 4219 3483 4293">
     <span class='ocr_line' id='line_1_103' title="bbox 1903 4219 3483 4293; baseline 0.003 -18"><span class='ocrx_word' id='word_1_752' title='bbox 1903 4228 2099 4285; x_wconf 89' lang='lat' dir='ltr'><strong>metus,</strong></span> <span class='ocrx_word' id='word_1_753' title='bbox 2139 4228 2193 4274; x_wconf 90' lang='lat' dir='ltr'><strong>et</strong></span> <span class='ocrx_word' id='word_1_754' title='bbox 2224 4219 2491 4275; x_wconf 89' lang='lat' dir='ltr'><strong>sodalium</strong></span> <span class='ocrx_word' id='word_1_755' title='bbox 2523 4220 2789 4291; x_wconf 88' lang='lat' dir='ltr'><strong>colloquia</strong></span> <span class='ocrx_word' id='word_1_756' title='bbox 2821 4232 2875 4276; x_wconf 91' lang='lat' dir='ltr'><strong>et</strong></span> <span class='ocrx_word' id='word_1_757' title='bbox 2905 4224 3241 4293; x_wconf 88' lang='lat' dir='ltr'><strong>negotiorum</strong></span> <span class='ocrx_word' id='word_1_758' title='bbox 3267 4240 3396 4279; x_wconf 91' lang='lat' dir='ltr'><strong>cura</strong></span> <span class='ocrx_word' id='word_1_759' title='bbox 3426 4234 3483 4280; x_wconf 89' lang='lat' dir='ltr'><strong>et</strong></span> 
     </span>
    </p>
   </div>
   <div class='ocr_carea' id='block_1_104' title="bbox 1905 4310 3482 4385">
    <p class='ocr_par' dir='ltr' id='par_1_104' title="bbox 1905 4310 3482 4385">
     <span class='ocr_line' id='line_1_104' title="bbox 1905 4310 3482 4385; baseline 0.004 -21"><span class='ocrx_word' id='word_1_760' title='bbox 1905 4310 2109 4366; x_wconf 70' lang='lat' dir='ltr'><strong>alenda:</strong></span> <span class='ocrx_word' id='word_1_761' title='bbox 2138 4310 2308 4381; x_wconf 89' lang='lat' dir='ltr'><strong>prolis</strong></span> <span class='ocrx_word' id='word_1_762' title='bbox 2339 4311 2575 4365; x_wconf 90' lang='lat' dir='ltr'><strong>studium</strong></span> <span class='ocrx_word' id='word_1_763' title='bbox 2594 4353 2608 4377; x_wconf 90' lang='lat'><strong>,</strong></span> <span class='ocrx_word' id='word_1_764' title='bbox 2644 4320 2697 4367; x_wconf 90' lang='lat' dir='ltr'><strong>et</strong></span> <span class='ocrx_word' id='word_1_765' title='bbox 2724 4314 2911 4368; x_wconf 77' lang='lat' dir='ltr'><strong>uxoris</strong></span> <span class='ocrx_word' id='word_1_766' title='bbox 2939 4315 3271 4381; x_wconf 89' lang='lat' dir='ltr'><strong>procuratio,</strong></span> <span class='ocrx_word' id='word_1_767' title='bbox 3306 4324 3358 4370; x_wconf 91' lang='lat' dir='ltr'><strong>et</strong></span> <span class='ocrx_word' id='word_1_768' title='bbox 3386 4330 3482 4385; x_wconf 90' lang='lat' dir='ltr'><strong>pa-</strong></span> 
     </span>
    </p>
   </div>
   <div class='ocr_carea' id='block_1_105' title="bbox 1905 4404 3484 4475">
    <p class='ocr_par' dir='ltr' id='par_1_105' title="bbox 1905 4404 3484 4475">
     <span class='ocr_line' id='line_1_105' title="bbox 1905 4404 3484 4475; baseline 0.003 -17"><span class='ocrx_word' id='word_1_769' title='bbox 1905 4404 2088 4458; x_wconf 85' lang='lat' dir='ltr'><strong>randae</strong></span> <span class='ocrx_word' id='word_1_770' title='bbox 2137 4418 2336 4458; x_wconf 72' lang='lat' dir='ltr'><strong>mensa:</strong></span> <span class='ocrx_word' id='word_1_771' title='bbox 2381 4404 2707 4470; x_wconf 91' lang='lat' dir='ltr'><strong>sollicitudo,</strong></span> <span class='ocrx_word' id='word_1_772' title='bbox 2757 4420 2823 4460; x_wconf 90' lang='lat' dir='ltr'><strong>ac</strong></span> <span class='ocrx_word' id='word_1_773' title='bbox 2866 4405 3095 4475; x_wconf 90' lang='lat' dir='ltr'><strong>denique</strong></span> <span class='ocrx_word' id='word_1_774' title='bbox 3124 4405 3348 4461; x_wconf 83' lang='lat' dir='ltr'><strong>inﬁnitae</strong></span> <span class='ocrx_word' id='word_1_775' title='bbox 3393 4421 3484 4463; x_wconf 88' lang='lat' dir='ltr'><strong>res</strong></span> 
     </span>
    </p>
   </div>
   <div class='ocr_carea' id='block_1_106' title="bbox 1906 4494 3483 4569">
    <p class='ocr_par' dir='ltr' id='par_1_106' title="bbox 1906 4494 3483 4569">
     <span class='ocr_line' id='line_1_106' title="bbox 1906 4494 3483 4569; baseline 0.004 -20"><span class='ocrx_word' id='word_1_776' title='bbox 1906 4495 2146 4549; x_wconf 88' lang='lat' dir='ltr'><strong>animum</strong></span> <span class='ocrx_word' id='word_1_777' title='bbox 2178 4502 2331 4548; x_wconf 91' lang='lat' dir='ltr'><strong>tuum</strong></span> <span class='ocrx_word' id='word_1_778' title='bbox 2358 4494 2682 4550; x_wconf 86' lang='lat' dir='ltr'><strong>distrahunt.</strong></span> <span class='ocrx_word' id='word_1_779' title='bbox 2732 4495 2790 4550; x_wconf 91' lang='lat' dir='ltr'><strong>Si</strong></span> <span class='ocrx_word' id='word_1_780' title='bbox 2820 4497 2875 4550; x_wconf 91' lang='lat' dir='ltr'><strong>in</strong></span> <span class='ocrx_word' id='word_1_781' title='bbox 2910 4496 3049 4551; x_wconf 92' lang='lat' dir='ltr'><strong>lecto</strong></span> <span class='ocrx_word' id='word_1_782' title='bbox 3076 4499 3181 4563; x_wconf 91' lang='lat' dir='ltr'><strong>sis,</strong></span> <span class='ocrx_word' id='word_1_783' title='bbox 3224 4508 3385 4569; x_wconf 87' lang='lat' dir='ltr'><strong>atque</strong></span> <span class='ocrx_word' id='word_1_784' title='bbox 3426 4500 3483 4557; x_wconf 88' lang='lat' dir='ltr'><strong>in</strong></span> 
     </span>
    </p>
   </div>
   <div class='ocr_carea' id='block_1_107' title="bbox 1833 4585 3481 4665">
    <p class='ocr_par' dir='ltr' id='par_1_107' title="bbox 1833 4585 3481 4665">
     <span class='ocr_line' id='line_1_107' title="bbox 1833 4585 3481 4665; baseline 0.003 -25"><span class='ocrx_word' id='word_1_785' title='bbox 1833 4604 1887 4665; x_wconf 80' lang='lat' dir='ltr'><strong><em>D</em></strong></span> <span class='ocrx_word' id='word_1_786' title='bbox 1908 4592 2257 4655; x_wconf 88' lang='lat' dir='ltr'><strong>peccatorum</strong></span> <span class='ocrx_word' id='word_1_787' title='bbox 2289 4592 2501 4640; x_wconf 89' lang='lat' dir='ltr'><strong>tuorum</strong></span> <span class='ocrx_word' id='word_1_788' title='bbox 2531 4585 2847 4639; x_wconf 88' lang='lat' dir='ltr'><strong>memoriam</strong></span> <span class='ocrx_word' id='word_1_789' title='bbox 2879 4586 3087 4652; x_wconf 89' lang='lat' dir='ltr'><strong>venias,</strong></span> <span class='ocrx_word' id='word_1_790' title='bbox 3118 4588 3439 4659; x_wconf 88' lang='lat' dir='ltr'><strong>collacryma</strong></span> <span class='ocrx_word' id='word_1_791' title='bbox 3464 4607 3481 4645; x_wconf 91' lang='lat'><strong>:</strong></span> 
     </span>
    </p>
   </div>
   <div class='ocr_carea' id='block_1_108' title="bbox 1909 4674 3484 4751">
    <p class='ocr_par' dir='ltr' id='par_1_108' title="bbox 1909 4674 3484 4751">
     <span class='ocr_line' id='line_1_108' title="bbox 1909 4674 3484 4751; baseline 0.003 -21"><span class='ocrx_word' id='word_1_792' title='bbox 1909 4686 2071 4747; x_wconf 90' lang='lat' dir='ltr'><strong>atque</strong></span> <span class='ocrx_word' id='word_1_793' title='bbox 2104 4676 2208 4730; x_wconf 87' lang='lat' dir='ltr'><strong>hac</strong></span> <span class='ocrx_word' id='word_1_794' title='bbox 2236 4675 2442 4730; x_wconf 92' lang='lat' dir='ltr'><strong>ratione</strong></span> <span class='ocrx_word' id='word_1_795' title='bbox 2467 4690 2531 4729; x_wconf 89' lang='lat' dir='ltr'><strong>ea</strong></span> <span class='ocrx_word' id='word_1_796' title='bbox 2558 4674 2736 4728; x_wconf 87' lang='lat' dir='ltr'><strong>delere</strong></span> <span class='ocrx_word' id='word_1_797' title='bbox 2764 4684 2936 4745; x_wconf 92' lang='lat' dir='ltr'><strong>potes.</strong></span> <span class='ocrx_word' id='word_1_798' title='bbox 2976 4676 3145 4731; x_wconf 91' lang='lat' dir='ltr'><strong>Deum</strong></span> <span class='ocrx_word' id='word_1_799' title='bbox 3174 4686 3324 4734; x_wconf 92' lang='lat' dir='ltr'><strong>tuum</strong></span> <span class='ocrx_word' id='word_1_800' title='bbox 3355 4694 3484 4751; x_wconf 86' lang='lat' dir='ltr'><strong>roga</strong></span> 
     </span>
    </p>
   </div>
   <div class='ocr_carea' id='block_1_109' title="bbox 1908 4765 3485 4839">
    <p class='ocr_par' dir='ltr' id='par_1_109' title="bbox 1908 4765 3485 4839">
     <span class='ocr_line' id='line_1_109' title="bbox 1908 4765 3485 4839; baseline 0.001 -16"><span class='ocrx_word' id='word_1_801' title='bbox 1908 4777 2071 4839; x_wconf 89' lang='lat' dir='ltr'><strong>atque</strong></span> <span class='ocrx_word' id='word_1_802' title='bbox 2100 4768 2321 4823; x_wconf 88' lang='lat' dir='ltr'><strong>obsecra</strong></span> <span class='ocrx_word' id='word_1_803' title='bbox 2348 4783 2360 4817; x_wconf 94' lang='lat'><strong>:</strong></span> <span class='ocrx_word' id='word_1_804' title='bbox 2401 4765 2597 4834; x_wconf 90' lang='lat' dir='ltr'><strong>Sicque</strong></span> <span class='ocrx_word' id='word_1_805' title='bbox 2623 4780 2820 4835; x_wconf 86' lang='lat' dir='ltr'><strong>corpus</strong></span> <span class='ocrx_word' id='word_1_806' title='bbox 2850 4781 3038 4822; x_wconf 89' lang='lat' dir='ltr'><strong>somno</strong></span> <span class='ocrx_word' id='word_1_807' title='bbox 3068 4769 3241 4835; x_wconf 87' lang='lat' dir='ltr'><strong>trade,</strong></span> <span class='ocrx_word' id='word_1_808' title='bbox 3270 4778 3485 4839; x_wconf 85' lang='lat' dir='ltr'><strong>postea-</strong></span> 
     </span>
    </p>
   </div>
   <div class='ocr_carea' id='block_1_110' title="bbox 1909 4857 3485 4930">
    <p class='ocr_par' dir='ltr' id='par_1_110' title="bbox 1909 4857 3485 4930">
     <span class='ocr_line' id='line_1_110' title="bbox 1909 4857 3485 4930; baseline 0.002 -16"><span class='ocrx_word' id='word_1_809' title='bbox 1909 4875 2071 4930; x_wconf 90' lang='lat' dir='ltr'><strong>quam</strong></span> <span class='ocrx_word' id='word_1_810' title='bbox 2101 4858 2251 4929; x_wconf 91' lang='lat' dir='ltr'><strong>prius</strong></span> <span class='ocrx_word' id='word_1_811' title='bbox 2279 4863 2501 4923; x_wconf 89' lang='lat' dir='ltr'><strong>peccata</strong></span> <span class='ocrx_word' id='word_1_812' title='bbox 2529 4865 2619 4910; x_wconf 90' lang='lat' dir='ltr'><strong>tua</strong></span> <span class='ocrx_word' id='word_1_813' title='bbox 2652 4857 2932 4915; x_wconf 88' lang='lat' dir='ltr'><strong>confessus</strong></span> <span class='ocrx_word' id='word_1_814' title='bbox 2959 4858 3126 4915; x_wconf 87' lang='lat' dir='ltr'><strong>fueris</strong></span> <span class='ocrx_word' id='word_1_815' title='bbox 3152 4874 3214 4915; x_wconf 89' lang='lat' dir='ltr'><strong>ac</strong></span> <span class='ocrx_word' id='word_1_816' title='bbox 3246 4860 3485 4917; x_wconf 87' lang='lat' dir='ltr'><strong>rationes</strong></span> 
     </span>
    </p>
   </div>
   <div class='ocr_carea' id='block_1_111' title="bbox 1910 4946 3483 5020">
    <p class='ocr_par' dir='ltr' id='par_1_111' title="bbox 1910 4946 3483 5020">
     <span class='ocr_line' id='line_1_111' title="bbox 1910 4946 3483 5020; baseline 0.001 -14"><span class='ocrx_word' id='word_1_817' title='bbox 1910 4966 1941 5005; x_wconf 90' lang='lat' dir='ltr'><strong>a</strong></span> <span class='ocrx_word' id='word_1_818' title='bbox 1973 4960 2022 5006; x_wconf 89' lang='lat' dir='ltr'><strong>te</strong></span> <span class='ocrx_word' id='word_1_819' title='bbox 2052 4952 2168 5020; x_wconf 92' lang='lat' dir='ltr'><strong>ipso</strong></span> <span class='ocrx_word' id='word_1_820' title='bbox 2193 4948 2457 5018; x_wconf 83' lang='lat' dir='ltr'><strong>exegeris.</strong></span> <span class='ocrx_word' id='word_1_821' title='bbox 2499 4946 2591 5002; x_wconf 90' lang='lat' dir='ltr'><strong>Sic</strong></span> <span class='ocrx_word' id='word_1_822' title='bbox 2614 4948 2757 5003; x_wconf 90' lang='lat' dir='ltr'><strong>enim</strong></span> <span class='ocrx_word' id='word_1_823' title='bbox 2788 4950 3029 5018; x_wconf 91' lang='lat' dir='ltr'><strong>requiem</strong></span> <span class='ocrx_word' id='word_1_824' title='bbox 3061 4964 3092 5003; x_wconf 91' lang='lat' dir='ltr'><strong>a</strong></span> <span class='ocrx_word' id='word_1_825' title='bbox 3127 4949 3237 5004; x_wconf 91' lang='lat' dir='ltr'><strong>Deo</strong></span> <span class='ocrx_word' id='word_1_826' title='bbox 3271 4950 3483 5007; x_wconf 85' lang='lat' dir='ltr'><strong>obtine-</strong></span> 
     </span>
    </p>
   </div>
   <div class='ocr_carea' id='block_1_112' title="bbox 1908 5036 3489 5111">
    <p class='ocr_par' dir='ltr' id='par_1_112' title="bbox 1908 5036 3489 5111">
     <span class='ocr_line' id='line_1_112' title="bbox 1908 5036 3489 5111; baseline 0.002 -17"><span class='ocrx_word' id='word_1_827' title='bbox 1908 5041 2012 5094; x_wconf 89' lang='lat' dir='ltr'><strong>bis.</strong></span> <span class='ocrx_word' id='word_1_828' title='bbox 2052 5040 2405 5094; x_wconf 90' lang='lat' dir='ltr'><strong>Molestumne</strong></span> <span class='ocrx_word' id='word_1_829' title='bbox 2438 5054 2501 5092; x_wconf 89' lang='lat' dir='ltr'><strong>ac</strong></span> <span class='ocrx_word' id='word_1_830' title='bbox 2527 5053 2690 5109; x_wconf 87' lang='lat' dir='ltr'><strong>grave</strong></span> <span class='ocrx_word' id='word_1_831' title='bbox 2715 5047 2799 5093; x_wconf 90' lang='lat' dir='ltr'><strong>est</strong></span> <span class='ocrx_word' id='word_1_832' title='bbox 2827 5039 2881 5091; x_wconf 90' lang='lat' dir='ltr'><strong>in</strong></span> <span class='ocrx_word' id='word_1_833' title='bbox 2906 5038 3044 5093; x_wconf 91' lang='lat' dir='ltr'><strong>lecto</strong></span> <span class='ocrx_word' id='word_1_834' title='bbox 3059 5036 3329 5106; x_wconf 88' lang='lat' dir='ltr'><strong>jacentem</strong></span> <span class='ocrx_word' id='word_1_835' title='bbox 3352 5056 3489 5111; x_wconf 91' lang='lat' dir='ltr'><strong>quo-</strong></span> 
     </span>
    </p>
   </div>
   <div class='ocr_carea' id='block_1_113' title="bbox 1909 5128 3483 5200">
    <p class='ocr_par' dir='ltr' id='par_1_113' title="bbox 1909 5128 3483 5200">
     <span class='ocr_line' id='line_1_113' title="bbox 1909 5128 3483 5200; baseline 0.002 -17"><span class='ocrx_word' id='word_1_836' title='bbox 1909 5130 2109 5183; x_wconf 90' lang='lat' dir='ltr'><strong>tidiana</strong></span> <span class='ocrx_word' id='word_1_837' title='bbox 2138 5138 2357 5199; x_wconf 89' lang='lat' dir='ltr'><strong>peccata</strong></span> <span class='ocrx_word' id='word_1_838' title='bbox 2384 5129 2711 5199; x_wconf 85' lang='lat' dir='ltr'><strong>supputare?</strong></span> <span class='ocrx_word' id='word_1_839' title='bbox 2746 5128 2880 5182; x_wconf 90' lang='lat' dir='ltr'><strong>Cum</strong></span> <span class='ocrx_word' id='word_1_840' title='bbox 2907 5140 3085 5183; x_wconf 90' lang='lat' dir='ltr'><strong>autem</strong></span> <span class='ocrx_word' id='word_1_841' title='bbox 3113 5145 3175 5183; x_wconf 89' lang='lat' dir='ltr'><strong>ea</strong></span> <span class='ocrx_word' id='word_1_842' title='bbox 3205 5140 3483 5200; x_wconf 87' lang='lat' dir='ltr'><strong>supputas,</strong></span> 
     </span>
    </p>
   </div>
   <div class='ocr_carea' id='block_1_114' title="bbox 1910 5218 3485 5293">
    <p class='ocr_par' dir='ltr' id='par_1_114' title="bbox 1910 5218 3485 5293">
     <span class='ocr_line' id='line_1_114' title="bbox 1910 5218 3485 5293; baseline 0.001 -18"><span class='ocrx_word' id='word_1_843' title='bbox 1910 5220 2149 5275; x_wconf 88' lang='lat' dir='ltr'><strong>animum</strong></span> <span class='ocrx_word' id='word_1_844' title='bbox 2184 5228 2333 5274; x_wconf 92' lang='lat' dir='ltr'><strong>tuum</strong></span> <span class='ocrx_word' id='word_1_845' title='bbox 2368 5220 2665 5289; x_wconf 89' lang='lat' dir='ltr'><strong>suspende,</strong></span> <span class='ocrx_word' id='word_1_846' title='bbox 2700 5219 2874 5287; x_wconf 90' lang='lat' dir='ltr'><strong>ipsum</strong></span> <span class='ocrx_word' id='word_1_847' title='bbox 2902 5218 3106 5289; x_wconf 83' lang='lat' dir='ltr'><strong>exspoli</strong></span> <span class='ocrx_word' id='word_1_848' title='bbox 3130 5260 3144 5278; x_wconf 88' lang='lat'><strong>.</strong></span> <span class='ocrx_word' id='word_1_849' title='bbox 3184 5220 3357 5289; x_wconf 87' lang='lat' dir='ltr'><strong>ipsum</strong></span> <span class='ocrx_word' id='word_1_850' title='bbox 3392 5237 3485 5293; x_wconf 86' lang='lat' dir='ltr'><strong>ge-</strong></span> 
     </span>
    </p>
   </div>
   <div class='ocr_carea' id='block_1_115' title="bbox 1911 5311 3488 5383">
    <p class='ocr_par' dir='ltr' id='par_1_115' title="bbox 1911 5311 3488 5383">
     <span class='ocr_line' id='line_1_115' title="bbox 1911 5311 3488 5383; baseline 0 -15"><span class='ocrx_word' id='word_1_851' title='bbox 1911 5313 2102 5368; x_wconf 78' lang='lat' dir='ltr'><strong>hennae</strong></span> <span class='ocrx_word' id='word_1_852' title='bbox 2125 5321 2273 5367; x_wconf 92' lang='lat' dir='ltr'><strong>metu</strong></span> <span class='ocrx_word' id='word_1_853' title='bbox 2294 5313 2463 5383; x_wconf 89' lang='lat' dir='ltr'><strong>aperi,</strong></span> <span class='ocrx_word' id='word_1_854' title='bbox 2494 5312 2594 5382; x_wconf 92' lang='lat' dir='ltr'><strong>ipsi</strong></span> <span class='ocrx_word' id='word_1_855' title='bbox 2617 5311 2929 5374; x_wconf 90' lang='lat' dir='ltr'><strong>sectionem,</strong></span> <span class='ocrx_word' id='word_1_856' title='bbox 2957 5327 3077 5380; x_wconf 67' lang='lat' dir='ltr'><strong>quae</strong></span> <span class='ocrx_word' id='word_1_857' title='bbox 3098 5312 3280 5368; x_wconf 68' lang='lat' dir='ltr'><strong>dolore</strong></span> <span class='ocrx_word' id='word_1_858' title='bbox 3305 5322 3488 5369; x_wconf 86' lang='lat' dir='ltr'><strong>careat</strong></span> 
     </span>
    </p>
   </div>
   <div class='ocr_carea' id='block_1_116' title="bbox 1913 5402 3487 5468">
    <p class='ocr_par' dir='ltr' id='par_1_116' title="bbox 1913 5402 3487 5468">
     <span class='ocr_line' id='line_1_116' title="bbox 1913 5402 3487 5468; baseline -0.001 -9"><span class='ocrx_word' id='word_1_859' title='bbox 1913 5405 2127 5459; x_wconf 89' lang='lat' dir='ltr'><strong>adhibe.</strong></span> <span class='ocrx_word' id='word_1_860' title='bbox 2167 5403 2506 5459; x_wconf 86' lang='lat' dir='ltr'><strong>Horrendum</strong></span> <span class='ocrx_word' id='word_1_861' title='bbox 2544 5402 2772 5457; x_wconf 88' lang='lat' dir='ltr'><strong>tribunal</strong></span> <span class='ocrx_word' id='word_1_862' title='bbox 2808 5402 2905 5458; x_wconf 91' lang='lat' dir='ltr'><strong>tibi</strong></span> <span class='ocrx_word' id='word_1_863' title='bbox 2937 5402 3111 5468; x_wconf 83' lang='lat' dir='ltr'><strong>efﬁce,</strong></span> <span class='ocrx_word' id='word_1_864' title='bbox 3149 5405 3383 5458; x_wconf 88' lang='lat' dir='ltr'><strong>animum</strong></span> <span class='ocrx_word' id='word_1_865' title='bbox 3410 5402 3487 5458; x_wconf 82' lang='lat' dir='ltr'><strong>le—</strong></span> 
     </span>
    </p>
   </div>
   <div class='ocr_carea' id='block_1_117' title="bbox 1909 5492 3486 5564">
    <p class='ocr_par' dir='ltr' id='par_1_117' title="bbox 1909 5492 3486 5564">
     <span class='ocr_line' id='line_1_117' title="bbox 1909 5492 3486 5564; baseline 0 -15"><span class='ocrx_word' id='word_1_866' title='bbox 1909 5495 2114 5549; x_wconf 91' lang='lat' dir='ltr'><strong>niorem</strong></span> <span class='ocrx_word' id='word_1_867' title='bbox 2140 5495 2322 5558; x_wconf 90' lang='lat' dir='ltr'><strong>redde,</strong></span> <span class='ocrx_word' id='word_1_868' title='bbox 2349 5502 2410 5549; x_wconf 92' lang='lat' dir='ltr'><strong>ut</strong></span> <span class='ocrx_word' id='word_1_869' title='bbox 2432 5502 2651 5564; x_wconf 92' lang='lat' dir='ltr'><strong>postero</strong></span> <span class='ocrx_word' id='word_1_870' title='bbox 2674 5494 2759 5548; x_wconf 91' lang='lat' dir='ltr'><strong>die</strong></span> <span class='ocrx_word' id='word_1_871' title='bbox 2786 5492 2854 5548; x_wconf 88' lang='lat' dir='ltr'><strong>ad</strong></span> <span class='ocrx_word' id='word_1_872' title='bbox 2878 5493 3238 5563; x_wconf 88' lang='lat' dir='ltr'><strong>perpetranda</strong></span> <span class='ocrx_word' id='word_1_873' title='bbox 3263 5503 3486 5562; x_wconf 85' lang='lat' dir='ltr'><strong>peccata</strong></span> 
     </span>
    </p>
   </div>
   <div class='ocr_carea' id='block_1_118' title="bbox 1911 5585 2581 5640">
    <p class='ocr_par' dir='ltr' id='par_1_118' title="bbox 1911 5585 2581 5640">
     <span class='ocr_line' id='line_1_118' title="bbox 1911 5585 2581 5640; baseline -0.006 0"><span class='ocrx_word' id='word_1_874' title='bbox 1911 5585 2255 5640; x_wconf 84' lang='lat' dir='ltr'><strong>cunctantius</strong></span> <span class='ocrx_word' id='word_1_875' title='bbox 2281 5587 2528 5639; x_wconf 89' lang='lat' dir='ltr'><strong>accedas.</strong></span> <span class='ocrx_word' id='word_1_876' title='bbox 2564 5604 2581 5636; x_wconf 79' lang='grc' dir='ltr'><strong><em>ι</em></strong></span> 
     </span>
    </p>
   </div>
   <div class='ocr_carea' id='block_1_119' title="bbox 1981 5672 3482 5747">
    <p class='ocr_par' dir='ltr' id='par_1_119' title="bbox 1981 5672 3482 5747">
     <span class='ocr_line' id='line_1_119' title="bbox 1981 5672 3482 5747; baseline 0.001 -18"><span class='ocrx_word' id='word_1_877' title='bbox 1981 5674 2030 5730; x_wconf 73' lang='grc' dir='ltr'><strong>ι.</strong></span> <span class='ocrx_word' id='word_1_878' title='bbox 2046 5674 2482 5747; x_wconf 79' lang='lat' dir='ltr'><strong>Chrysostomus,</strong></span> <span class='ocrx_word' id='word_1_879' title='bbox 2502 5676 2553 5729; x_wconf 94' lang='lat' dir='ltr'><strong>in</strong></span> <span class='ocrx_word' id='word_1_880' title='bbox 2570 5675 2789 5730; x_wconf 91' lang='lat' dir='ltr'><strong>homilia</strong></span> <span class='ocrx_word' id='word_1_881' title='bbox 2806 5675 2872 5729; x_wconf 83' lang='grc'><strong>10</strong></span> <span class='ocrx_word' id='word_1_882' title='bbox 2888 5675 2942 5730; x_wconf 88' lang='lat' dir='ltr'><strong>in</strong></span> <span class='ocrx_word' id='word_1_883' title='bbox 2962 5682 3120 5743; x_wconf 90' lang='lat' dir='ltr'><strong>caput</strong></span> <span class='ocrx_word' id='word_1_884' title='bbox 3136 5688 3197 5726; x_wconf 85' lang='lat' dir='ltr'><strong>ru</strong></span> <span class='ocrx_word' id='word_1_885' title='bbox 3212 5672 3445 5730; x_wconf 76' lang='lat' dir='ltr'><strong>Matthzei</strong></span> <span class='ocrx_word' id='word_1_886' title='bbox 3468 5694 3482 5731; x_wconf 92' lang='lat'><strong>:</strong></span> 
     </span>
    </p>
   </div>
   <div class='ocr_carea' id='block_1_120' title="bbox 1918 5763 3487 5831">
    <p class='ocr_par' dir='ltr' id='par_1_120' title="bbox 1918 5763 3487 5831">
     <span class='ocr_line' id='line_1_120' title="bbox 1918 5763 3487 5831; baseline 0.003 -14"><span class='ocrx_word' id='word_1_887' title='bbox 1918 5784 1935 5817; x_wconf 74' lang='grc' dir='ltr'>ι</span> <span class='ocrx_word' id='word_1_888' title='bbox 1970 5763 2349 5820; x_wconf 64' lang='lat' dir='ltr'><strong>Paenitentiam</strong></span> <span class='ocrx_word' id='word_1_889' title='bbox 2404 5780 2534 5821; x_wconf 89' lang='lat' dir='ltr'><strong>vero</strong></span> <span class='ocrx_word' id='word_1_890' title='bbox 2571 5766 2723 5831; x_wconf 91' lang='lat' dir='ltr'><strong>dico,</strong></span> <span class='ocrx_word' id='word_1_891' title='bbox 2776 5781 2881 5821; x_wconf 92' lang='lat' dir='ltr'><strong>non</strong></span> <span class='ocrx_word' id='word_1_892' title='bbox 2928 5766 3099 5820; x_wconf 91' lang='lat' dir='ltr'><strong>solum</strong></span> <span class='ocrx_word' id='word_1_893' title='bbox 3154 5772 3214 5817; x_wconf 91' lang='lat' dir='ltr'><strong>ut</strong></span> <span class='ocrx_word' id='word_1_894' title='bbox 3252 5780 3282 5817; x_wconf 89' lang='lat' dir='ltr'><strong>a</strong></span> <span class='ocrx_word' id='word_1_895' title='bbox 3330 5766 3487 5823; x_wconf 89' lang='lat' dir='ltr'><strong>malis</strong></span> 
     </span>
    </p>
   </div>
   <div class='ocr_carea' id='block_1_121' title="bbox 1908 5858 3488 5933">
    <p class='ocr_par' dir='ltr' id='par_1_121' title="bbox 1908 5858 3488 5933">
     <span class='ocr_line' id='line_1_121' title="bbox 1908 5858 3488 5933; baseline -0.001 -19"><span class='ocrx_word' id='word_1_896' title='bbox 1908 5860 2179 5931; x_wconf 90' lang='lat' dir='ltr'><strong>prioribus</strong></span> <span class='ocrx_word' id='word_1_897' title='bbox 2209 5859 2548 5926; x_wconf 86' lang='lat' dir='ltr'><strong>desistamus,</strong></span> <span class='ocrx_word' id='word_1_898' title='bbox 2580 5876 2768 5917; x_wconf 89' lang='lat' dir='ltr'><strong>verum</strong></span> <span class='ocrx_word' id='word_1_899' title='bbox 2798 5860 2959 5913; x_wconf 89' lang='lat' dir='ltr'><strong>etiam</strong></span> <span class='ocrx_word' id='word_1_900' title='bbox 2988 5865 3048 5911; x_wconf 92' lang='lat' dir='ltr'><strong>ut</strong></span> <span class='ocrx_word' id='word_1_901' title='bbox 3073 5858 3334 5913; x_wconf 89' lang='lat' dir='ltr'><strong>bonorum</strong></span> <span class='ocrx_word' id='word_1_902' title='bbox 3361 5873 3488 5933; x_wconf 86' lang='lat' dir='ltr'><strong>ope-</strong></span> 
     </span>
    </p>
   </div>
   <div class='ocr_carea' id='block_1_122' title="bbox 2972 5950 3052 6011">
    <p class='ocr_par' dir='ltr' id='par_1_122' title="bbox 2972 5950 3052 6011">
     <span class='ocr_line' id='line_1_122' title="bbox 2972 5950 3052 6011; baseline 0 0"><span class='ocrx_word' id='word_1_903' title='bbox 2972 5950 3052 6011; x_wconf 89' lang='lat'><strong>38</strong></span> 
     </span>
    </p>
   </div>
  </div>
