4060 6350
611 332 754 390 1195

1184 322 1536 383 THEODORI
1573 319 1893 379 ARCHIEP.
1932 316 2283 376 CARTUAR.
2325 312 2675 374 DOCTRINA
2711 315 2803 372 DE
2837 313 3294 373 PCENITENTIA

3764 318 3901 377 1196

604 457 729 500 rum
757 439 1019 496 fructibus
1047 438 1383 509 impleamur.
1416 434 1617 498 Facite,
1650 432 1845 502 inquit,
1877 429 2079 500 fructus
2108 428 2191 483 di-
2214 429 2267 489 Δ
2290 427 2670 499 quadruplum.
2702 426 3018 483 Provocasti
3035 428 3218 501 lingua
3239 437 3296 484 et
3323 423 3741 498 maledicentia,
3768 433 3901 490 mul-

604 548 735 605 gnos
771 528 1105 603 ρωηίιεηιίω.
1134 528 1252 595 Quo
1299 535 1482 582 autem
1529 523 1688 580 modo
1730 521 2059 579 fructiﬁcare
2100 535 2196 592 po-

607 628 859 690 terimus,
889 625 936 681 si
957 626 1142 693 utique
1174 621 1411 691 peccatis
1436 620 1664 681 adversa
1716 616 1999 672 faciamus.
2034 614 2196 671 Verbi

608 721 805 791 gratia,
832 718 1005 774 aliena
1034 714 1299 786 rapuisti?
1341 714 1517 783 incipe
1545 712 1749 768 donare
1798 707 1912 777 jam
1955 705 2194 780 propria.

604 810 796 884 Longo
827 825 886 864 es
924 816 1163 877 tempore
1219 804 1558 861 fornicatus?
1599 802 1648 857 Δ
1695 801 1937 872 legitimo
1984 814 2200 870 quoque

610 919 711 958 usu
731 897 1060 969 suspendere
1083 895 1340 968 conjugii,
1368 909 1432 950 ac
1458 900 1774 966 perpetuam
1806 891 2200 948 continentiam

609 993 804 1063 saepius
841 1004 1137 1061 paucorum
1180 988 1394 1044 dierum
1438 986 1692 1042 castitate
1716 983 2009 1041 medicare.
2056 982 2200 1053 lnju-

610 1085 745 1140 riam
773 1082 858 1137 vel
884 1096 1050 1151 opere
1087 1081 1366 1151 cuiquam,
1394 1078 1482 1135 vel
1510 1091 1764 1135 sermone
1804 1074 2014 1131 fecisti?
2055 1072 2201 1131 refer

607 1173 999 1230 benedictionis
1040 1172 1202 1228 verba
1253 1168 1551 1227 conviciis:
1601 1175 1660 1223 et
1710 1164 2073 1236 percutientes
2108 1172 2197 1230 te,

608 1281 751 1320 nunc
780 1265 994 1330 ofﬁciis,
1032 1272 1160 1319 tunc
1186 1262 1351 1318 etiam
1372 1257 1652 1315 beneficiis
1671 1256 1889 1328 placare
1907 1254 2194 1311 contende.

609 1360 793 1431 Neque
830 1359 976 1415 enim
1020 1358 1307 1413 vulnerato
1343 1354 1544 1412 sufﬁcit
1572 1353 1641 1408 ad
1692 1350 1927 1407 salutem
1969 1357 2201 1405 tantum-

607 1454 769 1507 modo
793 1451 1002 1522 spicula
1033 1450 1101 1506 de
1125 1462 1357 1520 corpore
1394 1444 1645 1510 evellere,
1683 1442 1780 1499 sed
1803 1441 1966 1497 etiam
2018 1454 2201 1497 reme-

607 1542 696 1597 dia
735 1543 993 1598 adbibere
1017 1541 1350 1596 vulneribus.
1384 1536 1602 1594 Deliciis
1623 1541 1749 1590 ante
1797 1539 1853 1589 et
1883 1531 2201 1588 temulentia

607 1635 917 1701 dillluebas?
938 1633 1147 1704 jejunio
1173 1643 1229 1690 et
1257 1647 1411 1703 aquae
1431 1638 1561 1701 potu
1578 1635 1871 1696 utrumque
1880 1637 2197 1695 compensa,

471 1728 493 1755 ⁸
606 1736 667 1782 ut
700 1727 900 1791 famem
953 1740 1177 1797 superes
1219 1723 1614 1799 imminentem.
1662 1715 1860 1773 Vidisti
1910 1713 2199 1786 impudicis

2296 520 2715 578 tiscontumelia
2746 519 2979 587 aﬁ‘ectis,
3009 522 3252 578 vicissim
3288 522 3477 593 lingua
3498 522 3725 593 placato
3747 563 3767 590 ,
3808 541 3900 598 ιιι-

2297 629 2389 670 ras
2412 613 2670 670 eminens
2696 626 2911 684 preces,
2938 612 3267 671 benedicens
3287 613 3773 681 maledicentihus,
3788 615 3901 675 lau-

2295 706 2434 765 dans
2457 707 2847 778 vituperantes,
2883 706 3092 779 gratias
3136 722 3305 779 agens
3328 705 3587 777 iniuriam
3613 707 3900 769 inferai-

2294 800 2418 861 bus.
2449 798 2578 857 Haec
2606 815 2717 856 non
2744 808 2905 871 egent
2931 800 3117 857 multis
3155 799 3346 857 diebus
3374 802 3625 869 annisve,
3661 804 3766 859 sed
3791 807 3898 863 ﬁdo

2297 893 2466 948 animi
2494 895 2791 965 proposito,
2820 903 2877 950 et
2898 895 3064 951 unico
3086 894 3177 950 die
3210 895 3591 966 perﬁciuntur.
3614 896 3852 954 Discede
3868 915 3897 955 a

2294 983 2462 1048 malo,
2488 984 2744 1041 virtutem
2763 986 3115 1056 amplectere,
3134 986 3338 1043 desiste
3378 1001 3411 1040 a
3436 987 3758 1057 pravitate:
3784 988 3897 1045 Pol-

2298 1074 2790 1147 liceretepostbac
2826 1078 2930 1133 ista
2972 1092 3083 1133 non
3128 1078 3589 1145 commissurum,
3649 1088 3715 1134 et
3765 1081 3895 1137 istud

2300 1166 2537 1224 sufﬁciet
2558 1168 2629 1223 ad
2648 1169 3076 1248 excusationem.
3107 1169 3224 1239 Ego
3248 1171 3515 1227 testiﬁcor
3538 1187 3605 1231 ac
3631 1172 3895 1244 ﬁdejubeo

2299 1258 2437 1323 fore,
2451 1258 2575 1319 utsi
2592 1266 2836 1315 nostrum
2850 1261 3082 1332 quisque
3099 1262 3193 1331 qui
3210 1266 3451 1333 peccatis
3467 1262 3704 1319 obnoxii
3722 1280 3892 1322 anus

2301 1350 2562 1406 recedens
2587 1364 2619 1405 a
2644 1350 2891 1421 pristinis
2903 1352 3082 1419 malis,
3107 1368 3178 1410 ex
3204 1353 3388 1410 animo
3406 1368 3655 1425 vereque
3678 1358 3889 1427 pro-it-

2296 1442 3725 1514 tatDeoseposteztnunquamadillarediturum,
3770 1449 3888 1505 nihil

2300 1533 2451 1589 aliud
2474 1536 2618 1591 Deus
2651 1535 2883 1605 requirit
2908 1536 2975 1592 ad
3015 1538 3423 1594 excusationem
3474 1538 3767 1607 majorem,
3794 1550 3885 1598 etc.

2302 1623 2421 1681 Non
2449 1640 2671 1683 necesse
2690 1634 2774 1682 est
2804 1626 3058 1696 trajicere
3094 1642 3267 1695 mare,
3290 1644 3471 1699 neque
3511 1632 3784 1687 montium
3808 1648 3887 1689 sa-

2300 1733 2496 1789 perare
2524 1720 2830 1788 cacumina,
2858 1719 2956 1776 sed
2988 1719 3135 1776 domi
3175 1721 3394 1787 sedens,
3425 1723 3473 1778 si
3499 1725 3759 1793 pietatem
3798 1740 3887 1781 ex-

604 1822 839 1877 alienum
901 1821 1155 1877 decorem
1214 1816 1420 1874 oculis?
1482 1814 1738 1870 feminam
1797 1808 1912 1878 jam
1970 1808 2194 1867 omnino
2223 1811 3888 1891 Bhibeas,multamquecordiscompunctionem,potesmum

606 1927 713 1968 non
741 1912 940 1976 videas,
986 1909 1192 1980 majore
1237 1916 1447 1966 tractus
1500 1904 1753 1963 cautione
1779 1907 1905 1972 post
1940 1899 2186 1956 vulnera.

607 2007 847 2073 Declina,
877 2007 1073 2076 inquit,
1099 2021 1132 2059 a
1156 2004 1319 2071 malo,
1348 2014 1397 2058 et
1426 2003 1511 2073 fac
1553 2002 1768 2057 bonum.
1789 1999 1849 2055 In
1872 1995 2095 2054 homilia
2119 1994 2191 2050 45

2292 1905 2503 1971 videre,
2525 1913 2682 1976 potes
2700 1914 2872 1962 totam
2892 1906 3112 1962 diruere
3139 1906 3457 1973 maceriem,
3482 1915 3656 1962 totum
3677 1909 3889 1964 submo-

2292 2015 2423 2056 vere
2443 1998 2807 2066 obstaculum,
2838 1997 3155 2055 abbreviare
3187 1997 3294 2054 vim
3340 1997 3742 2069 longitudinem.
3782 2019 3805 2052 ι
3834 1997 3884 2053 ι.

606 2100 662 2154 in
690 2114 808 2169 cap.
844 2115 920 2153 xu
948 2097 1138 2153 latth.
1167 2111 1183 2150 :
1222 2114 1242 2147 ι
1275 2095 1407 2163 Quis
1436 2095 1505 2150 ab
1519 2094 1761 2150 avaritia:
1787 2090 2015 2149 crimine
2034 2103 2192 2144 mun-
2288 2093 2713 2165 Chrysostomus
2752 2091 2979 2163 singulis
3006 2090 3331 2147 criminibus
3379 2090 3576 2163 singula
3628 2091 3883 2162 apposuit

606 2189 705 2245 dus
733 2207 745 2243 :
772 2189 882 2247 noli
911 2189 1056 2243 enim
1079 2187 1212 2242 mihi
1235 2187 1438 2251 dicere,
1453 2193 1507 2241 te
1527 2187 1808 2242 moderate
1837 2184 2012 2240 aliena
2030 2188 2194 2251 atque

605 2282 790 2338 timide
818 2281 1092 2353 tetigisse:
1127 2281 1221 2336 sed
1255 2280 1430 2351 cogita
1480 2286 1701 2351 propter
1742 2277 1884 2334 hanc
1916 2292 2033 2332 rem
2069 2288 2194 2346 par-

603 2388 728 2428 vam
754 2388 918 2444 quam
954 2373 1200 2444 rapuisti,
1240 2388 1349 2428 non
1387 2386 1556 2443 parvo
1582 2378 1638 2426 te
1670 2372 1916 2427 cruciatu
1939 2370 1993 2425 in
2035 2377 2195 2424 aeter-

602 2484 736 2525 num
763 2484 886 2525 esse
910 2467 1260 2540 puniendum.
1292 2464 1348 2520 ld
1376 2464 1599 2535 inquam
1633 2465 1808 2536 cogita
1836 2472 1891 2518 et
1922 2460 2194 2532 poeniten-

603 2561 738 2618 tiam
761 2576 878 2632 age.
911 2550 1041 2627 Quis
1067 2574 1098 2613 a
1124 2554 1369 2614 convicio
1402 2566 1565 2626 atque
1610 2555 2007 2611 obtrectatione
2056 2553 2195 2609 liber

603 2654 725 2712 est?
758 2654 814 2709 id
863 2660 1041 2708 autem
1074 2650 1265 2724 procul
1310 2650 1474 2707 dubio
1512 2650 1760 2705 intrudit.
1808 2649 1941 2718 Quis
1983 2647 2196 2704 occulte

601 2745 909 2816 proximum
936 2741 1297 2800 calumniatus
1325 2757 1434 2797 non
1464 2741 1587 2797 est?
1618 2740 1751 2808 Quis
1787 2738 2041 2809 superbia
2085 2753 2196 2793 non

603 2836 894 2893 intumuit?
913 2836 1004 2891 hic
1023 2836 1191 2889 etiam
1215 2833 1433 2889 caeteris
1466 2831 1719 2888 omnibus
1740 2829 2071 2889 immundior
2088 2836 2193 2883 est.

603 2927 738 2995 Quis
761 2927 947 2982 oculos
972 2942 1003 2980 a
1033 2925 1235 2982 lascivo
1260 2932 1482 2995 aspectu
1520 2923 1823 2979 continuit?
1849 2937 2011 2992 quem
2047 2919 2199 2976 adul-

604 3018 746 3074 terio
775 3017 1065 3087 deliquisse
1092 3030 1202 3071 non
1251 3014 1593 3070 dubitamus?
1640 3014 1765 3083 quis
1786 3000 2009 3067 frustra?
2038 3010 2198 3067 fratri

605 3125 706 3168 suo
729 3110 919 3176 iratus,
948 3122 1055 3163 non
1077 3106 1303 3163 consilio
1323 3113 1485 3175 atque
1526 3103 1702 3159 reatui
1736 3118 1861 3158 reus
1881 3110 1965 3159 est
1980 3103 2006 3157 ?
2064 3102 2198 3170 Quis

2292 2195 2349 2241 et
2378 2184 2571 2241 idonea
2615 2184 2876 2250 remedia,
2904 2183 2960 2237 in
3005 2182 3200 2254 quibus
3223 2180 3514 2238 nullatenus
3549 2182 3873 2253 pmnitentia

2293 2274 2509 2347 publica
2533 2274 2974 2346 deprehenditur.
3013 2272 3073 2329 Si
3100 2272 3360 2351 loquatur
3383 2273 3739 2344 delacrymis,
3769 2282 3888 2330 ιιι-

2295 2374 2394 2430 tim
2422 2371 2781 2428 animadverti
2832 2384 2891 2427 se
2910 2369 3216 2440 intelligere
3260 2370 3534 2443 lacrymas
3562 2384 3684 2439 qua:
3709 2369 3769 2424 in
3798 2382 3887 2425 se-

2297 2474 2447 2523 creto
2477 2466 2670 2522 domus
2690 2479 2820 2531 suae,
2848 2474 2901 2519 et
2926 2479 3026 2535 per
3044 2472 3261 2519 noctem
3310 2463 3369 2517 in
3406 2463 3548 2518 lecto
3576 2461 3763 2518 eﬂusm
3789 2462 3893 2518 cri-

2294 2560 2445 2614 mina
2475 2558 2695 2614 delent:
2731 2557 2777 2613 si
2806 2572 2938 2613 vero
2970 2556 3037 2611 de
3054 2555 3296 2628 jejuniis,
3319 2573 3429 2625 non
3455 2572 3522 2612 ea
3553 2572 3655 2627 pro
3682 2557 3894 2627 quibus-

2296 2647 2429 2705 libet
2461 2649 2799 2714 criminibus,
2825 2649 2964 2704 sicut
3007 2649 3061 2703 in
3106 2648 3426 2717 poenitentia
3474 2648 3721 2718 publica,
3749 2663 3893 2702 man'

2298 2743 2416 2801 dari
2436 2743 2700 2810 declarat,
2726 2742 2818 2798 sed
2848 2748 3056 2797 tantum
3078 2734 3178 2813 pro
3212 2740 3528 2797 deliciarum
3557 2749 3613 2795 et
3637 2739 3895 2796 temulen-

2298 2841 2389 2897 tiae
2415 2841 2675 2912 peccatis.
2707 2838 2959 2897 Affirmat
3004 2820 3237 2913 denique
3273 2838 3514 2894 remedia
3542 2852 3575 2892 a
3602 2849 3668 2890 se
3712 2847 3892 2919 propo-

2300 2930 2427 2996 sita,
2463 2930 2588 2985 licet
2651 2945 2760 2985 non
2818 2929 3004 2986 multis
3034 2930 3225 2995 diebus
3251 2970 3267 2995 ,
3335 2944 3438 2983 nec
3494 2925 3677 2982 multo
3726 2925 3890 2980 labore

2299 3030 2517 3094 egeant,
2538 3037 2599 3078 ea
2623 3030 2806 3079 tamen
2834 3022 3055 3083 omnino
3096 3020 3369 3089 sufficere,
3394 3034 3498 3076 nec
3525 3019 3739 3091 aliquid
3762 3018 3888 3073 aliud
3912 3074 3931 3090 ,

2298 3111 2472 3168 Deum
2502 3098 2778 3185 requirere
2799 3110 2865 3185 ad
2894 3112 3298 3167 excusationem
3325 3095 3635 3180 majoremJ

603 3217 713 3258 non
740 3199 1071 3271 periuravit?
1098 3199 1175 3254 De
1202 3212 1310 3269 quo
1351 3196 1480 3267 quid
1505 3184 1725 3266 possum
1755 3195 1936 3251 dicere
1961 3193 2187 3259 videtis,

2369 3178 2730 3278 Hieronvmus
2768 3178 3104 3275 in'epistola
3135 3205 3203 3260 ad
3252 3178 3585 3259 Rusticum;
3625 3221 3646 3254 ι
3682 3200 3890 3270 Quando

603 3309 728 3351 cum
754 3292 847 3363 qui
876 3291 1104 3363 juravit,
1138 3305 1263 3345 eum
1290 3305 1320 3344 a
1349 3288 1491 3344 malo
1510 3292 1634 3343 esse
1674 3288 2017 3343 contendam.
2058 3285 2192 3353 Quis

602 3383 890 3454 aliquando
917 3395 1237 3436 mammonae
1271 3392 1462 3435 servus
1500 3392 1607 3433 non
1634 3375 1773 3432 fuit?
1813 3377 1906 3448 qui
1949 3375 2193 3448 profecto

601 3474 736 3535 fecit
762 3490 831 3531 ne
855 3473 1057 3530 Christi
1080 3487 1271 3529 servus
1291 3472 1381 3527 sit.
1412 3469 1637 3526 Possum
1660 3477 1717 3526 et
1737 3468 1843 3524 alia
1871 3469 1958 3524 his
1985 3467 2193 3537 majora

602 3581 927 3626 recensere:
960 3566 1056 3621 sed
1080 3565 1199 3621 haec
1227 3562 1552 3620 sufficientia
1579 3560 1708 3616 duxi
1731 3560 1799 3615 ad
1827 3559 2195 3629 compunctio-

601 3674 729 3717 nem
756 3673 853 3714 vos
896 3657 1173 3723 inducere,
1215 3655 1320 3710 nisi
1358 3653 1483 3725 quis
1508 3651 1667 3709 valde
1709 3650 1955 3722 lapideus
1980 3659 2075 3706 aut
2104 3650 2190 3705 in-

604 3758 852 3808 sensatus
879 3755 983 3805 est.
1010 3746 1148 3803 Nam
1176 3747 1221 3804 si
1250 3746 1462 3818 singula
1515 3745 1745 3802 istorum
1786 3744 1854 3800 ad
1894 3744 2193 3815 gehennam

605 3843 913 3908 deducunt,
969 3840 1102 3912 quid
1150 3839 1390 3895 futurum
1425 3846 1542 3905 est,
1590 3837 1638 3893 si
1691 3838 1759 3893 ad
1803 3852 1972 3892 unum
2011 3836 2193 3891 omnia

605 3940 840 3999 coeunt?
887 3936 1169 4006 Quomodo
1200 3936 1366 4009 igitur
1387 3976 1401 4001 ,
1425 3934 1661 4008 inquies,
1691 3931 1888 3989 salvari
1936 3930 2194 4003 possibile

606 4012 724 4088 est?
752 4031 799 4086 si
826 4029 1072 4103 opposita
1100 4027 1186 4084 his
1218 4026 1571 4083 adhibeamus
1601 4022 1863 4090 remedia,
1885 4022 2194 4078 misericor-

607 4125 753 4182 diam
784 4125 839 4180 in
850 4137 1147 4194 pauperes,
1169 4121 1469 4178 orationem
1514 4117 2005 4189 compunctionem,
2027 4114 2195 4187 poeni-

604 4217 829 4275 tentiam
846 4258 861 4284 ,
908 4215 1267 4272 humilitatem
1293 4256 1308 4282 ,
1339 4212 1632 4269 contritum
1658 4227 1751 4267 cor
1775 4209 2036 4283 apprime,
2064 4223 2192 4264 con-

604 4319 869 4383 temptum
907 4324 1091 4367 rerum
1114 4306 1482 4380 praesentium.
1542 4304 1685 4360 Mille
1738 4318 1974 4374 namque
2002 4299 2191 4357 salutis

603 4406 722 4479 vias
742 4406 886 4460 Deus
922 4402 1078 4459 nobis
1103 4400 1408 4473 pr0posuit,
1440 4397 1729 4454 dummodo
1751 4394 2038 4466 diligenter
2060 4391 2193 4446 veli-

603 4513 726 4554 mus
759 4496 1056 4552 atteudere.
1093 4490 1605 4548 Animadvertamus
1636 4487 1801 4557 igitur
1831 4502 1950 4550 nos,
1975 4485 2051 4539 ita
2076 4498 2192 4539 me-

604 4589 837 4646 dicinam
862 4586 1203 4656 recipiamus,
1230 4591 1291 4638 ut
1323 4597 1421 4651 per
1463 4578 1645 4635 omnia
1688 4577 1924 4632 remedia
1968 4577 2193 4631 vulnera

603 4686 792 4735 nostra
827 4691 1103 4741 curemus,
1130 4683 1187 4729 et
1233 4671 1476 4728 maculas
1516 4669 1897 4738 detergamus:
1931 4667 2083 4735 Quod
2120 4667 2200 4723 fa-

603 4773 710 4830 cile
733 4770 980 4835 facimus,
1004 4769 1049 4823 si
1086 4765 1468 4822 misericordes
1515 4762 1707 4828 simus,
1730 4763 1773 4817 si
1803 4763 1889 4818 his
1910 4763 2002 4833 qui
2044 4763 2201 4841 nobis

605 4865 777 4923 dolori
801 4865 1034 4926 fuerant,
1060 4874 1402 4929 nequaquam
1440 4856 1759 4923 irascimur;
1816 4856 1861 4912 si
1890 4856 2095 4928 gratias
2142 4856 2199 4911 in

604 4938 857 5015 omnibus
878 4958 992 5011 Deo
1020 4954 1252 5037 agimus,
1296 4947 1603 5021 jejunautes
1631 4965 1732 5025 pro
1780 4950 2009 5019 viribus,
2043 4932 2201 5004 oran-

605 5058 689 5105 tes
711 5049 944 5119 assidue,
987 5044 1191 5099 amicos
1236 5042 1391 5099 nobis
1430 5058 1497 5097 ex
1547 5058 1855 5097 mammona
1888 5041 2193 5113 iniquitatis

605 5141 888 5196 facientes.
920 5137 1014 5194 Sic
1062 5136 1206 5192 enim
1254 5144 1401 5192 certe
1429 5135 1727 5206 poterimus
1769 5145 1824 5191 et
1870 5135 2193 5215 delictorum

604 5236 817 5299 veniam
842 5234 1158 5309 impetrare,
1176 5237 1233 5286 et
1259 5227 1439 5286 futura
1467 5229 1610 5285 bona
1640 5226 1919 5298 consequi.
1958 5246 1976 5279 ι
2015 5226 2074 5280 lu
2098 5226 2194 5280 ho-

602 5328 755 5385 milia
777 5327 844 5382 de
867 5325 1025 5380 beato
1051 5321 1365 5395 Pbilogonio
1392 5340 1404 5375 :
1442 5338 1461 5371 ‹
1486 5318 1722 5376 Proinde
1748 5326 1805 5373 et
1827 5324 1885 5371 tu
1907 5332 2052 5372 nunc
2074 5316 2193 5386 qui-

604 5421 706 5476 bus
737 5419 899 5475 rebus
923 5414 1229 5489 provocasti
1258 5415 1430 5470 Deum
1453 5452 1469 5478 ,
1515 5427 1614 5483 per
1641 5411 1740 5464 has
1765 5424 1983 5479 rursum
2027 5409 2193 5466 facito

602 5512 916 5584 pr0pitium.
946 5506 1262 5563 Provocasti
1291 5505 1441 5559 illum
1478 5500 1830 5572 pecuniarum
1860 5499 2065 5571 rapina,
2094 5515 2193 5572 per

602 5607 822 5673 easdem
851 5603 997 5661 illum
1030 5598 1343 5673 reconcilia,
1365 5608 1598 5666 cumque
1623 5602 1678 5649 et
1711 5600 1862 5666 rapta
1886 5593 2193 5649 restitueris

604 5697 714 5759 illis
740 5713 876 5768 quos
903 5694 1098 5765 injuria
1128 5692 1387 5769 affeceras
1428 5696 1483 5742 et
1515 5686 1619 5742 alia
1649 5688 1872 5758 insuper
1897 5686 2188 5753 addideris,

609 5793 773 5852 dicito
793 5792 946 5865 juxta
973 5789 1296 5849 Zachteum:
1332 5783 1519 5849 Reddo
1559 5783 1819 5852 omnium,
1853 5800 1973 5857 quae
2003 5783 2189 5856 rapui,

2292 3296 2573 3369 ingressus
2625 3302 2707 3351 est
2762 3294 2935 3367 David
2997 3296 3064 3351 ad
3114 3293 3418 3350 Bethsabee
3468 3309 3701 3349 uxorem
3756 3291 3889 3348 Uria:

2292 3378 2473 3453 Ethei,
2500 3394 2556 3444 et
2581 3402 2611 3441 a
2632 3385 2845 3442 Nathan
2868 3387 3227 3458 prophetante
3248 3392 3557 3454 correptus,
3587 3379 3890 3452 responﬁt:

2297 3478 2551 3545 Peccavi;
2581 3479 2873 3571 statimque
2908 3480 3108 3534 meruit
3146 3478 3335 3534 audire
3368 3497 3381 3532 :
3428 3476 3500 3531 Et
3550 3477 3825 3532 Dominus
3869 3488 3899 3528 a

2293 3578 2350 3627 te
2372 3570 2593 3628 abstulit
2614 3566 2917 3643 peccatum,
2951 3578 3060 3626 etc.
3094 3568 3314 3626 Iustitia
3339 3566 3476 3638 justi
3508 3584 3623 3624 non
3652 3566 3901 3633 liberabit

2295 3677 2419 3718 eum
2450 3661 2504 3716 in
2537 3677 2859 3732 quacunque
2890 3661 2974 3717 die
3010 3662 3340 3732 peccaverit.
3398 3661 3466 3716 Et
3498 3661 3776 3732 iniquitas
3800 3661 3899 3716 ini-

2296 3753 2390 3824 qui
2412 3768 2519 3808 non
2539 3753 2755 3809 no'cebit
2780 3754 2829 3821 ei
2875 3768 3196 3824 quacunque
3220 3753 3306 3810 die
3353 3768 3659 3809 conversus
3694 3752 3898 3809 fuerit:

2293 3832 2734 3917 unumquemque
2751 3845 2981 3916 judicat,
3004 3832 3144 3911 sicut
3166 3845 3454 3901 invenerit.
3477 3843 3591 3903 Nec
3618 3846 3903 3918 preter-ita

2296 3938 2624 4003 considerat,
2654 3938 2748 3993 sed
2771 3939 3060 4008 praesentia
3089 3958 3101 3992 :
3147 3938 3193 3995 si
3233 3946 3412 3994 tamen
3434 3945 3627 3994 vetera
3666 3938 3904 3995 crimina

2292 4030 2503 4093 novella
2528 4031 2879 4087 conversione
2908 4040 3204 4088 mutentur.

2367 4123 2629 4195 Sulpitius
2681 4122 2915 4179 Severus
2951 4124 3007 4181 in
3036 4123 3275 4180 Historia
3320 4124 3429 4180 divi
3458 4124 3679 4181 Martini
3706 4168 3731 4195 ,
3787 4142 3904 4200 cap.

2294 4214 2365 4287 24
2391 4234 2403 4269 :
2444 4234 2463 4267 ι
2498 4214 2863 4271 Testabantur
2888 4214 3052 4269 etiam
3081 4214 3249 4290 aliqui
3272 4230 3341 4270 ex
3369 4213 3653 4285 fratribus,
3676 4217 3911 4272 audisse

2296 4323 2355 4364 se
2383 4306 2682 4365 dzemonem
2704 4306 2976 4391 protervis
3008 4305 3298 4365 Martinum
3328 4308 3550 4362 vocibus
3604 4306 3913 4380 increpan—

2295 4405 2426 4475 tem,
2454 4415 2551 4459 cur
2577 4397 2719 4457 intra
2742 4397 3133 4455 monasterium
3159 4397 3370 4469 aliquos
3399 4414 3466 4455 ex
3489 4397 3795 4466 fratribus,
3816 4400 3915 4472 qui

2297 4490 2426 4569 olim
2454 4490 2781 4561 baptismum
2803 4488 3032 4543 diversis
3059 4488 3335 4544 erroribus
3360 4488 3757 4559 perdidissent,
3778 4506 3915 4547 con-

2300 4596 2489 4636 versos
2511 4587 2699 4651 postea
2725 4579 3038 4650 recepisset,
3063 4584 3424 4651 exponentem
3447 4579 3675 4635 crimina
3714 4582 3920 4655 singl-

2301 4671 2476 4729 lurum
2502 4689 2514 4725 :
2560 4670 2852 4737 Martinum
2882 4669 3095 4743 diabolo
3118 4680 3510 4741 repugnantem
3538 4673 3917 4741 respondisse

2302 4774 2615 4823 constanter
2645 4765 2869 4836 antiqua
2914 4763 3112 4820 delicta
3168 4763 3410 4819 melioris
3441 4764 3563 4819 vita:
3597 4779 3919 4822 conversa-

2298 4859 2447 4915 tione
2482 4858 2701 4933 purgari
2727 4876 2741 4912 :
2773 4865 2829 4913 et
2873 4872 2970 4927 per
3005 4854 3438 4915 misericordiam
3464 4856 3685 4911 Domini
3717 4856 3916 4914 absoL

2302 4953 2506 5009 vendes
2530 4966 2650 5006 esse
2678 4948 2915 5022 peccatis
2939 4948 3033 5020 qui
3066 4963 3299 5020 peccare
3330 4948 3667 5017 desinerent.
3684 4969 3709 5001 ι

2365 5042 2717 5115 Augustinus,
2749 5042 2846 5097 lib.
2876 5041 2943 5113 de
2985 5036 3117 5096 Fide
3162 5048 3217 5096 et
3258 5039 3557 5112 Operibus,
3607 5055 3745 5113 cap.
3795 5040 3915 5101 κς

2302 5157 2321 5190 ι
2352 5136 2461 5195 Sed
2486 5137 2590 5192 nisi
2611 5143 2796 5197 essent
2818 5133 3065 5209 quaedam
3087 5132 3162 5188 ita
3187 5133 3375 5205 gravia
3399 5140 3458 5195 ut
3479 5132 3647 5191 etiam
3668 5147 3919 5190 excom-

2296 5230 2665 5291 municatione
2688 5227 2972 5299 plectentia
3000 5226 3128 5293 sint,
3157 5240 3266 5281 non
3309 5224 3517 5283 diceret
3550 5225 3912 5295 Apostolus:

2296 5319 2633 5393 Congregatis
2663 5318 2803 5379 vobis
2823 5328 2871 5383 et
2898 5335 3010 5375 meo
3040 5318 3251 5388 spiritu,
3268 5317 3476 5379 tradere
3503 5317 3783 5388 ejusmodi
3810 5320 3917 5375 ho-

2300 5414 2492 5477 minem
2519 5412 2734 5468 Satanw
2763 5413 2819 5469 in
2858 5411 3128 5467 interitum
3150 5412 3349 5477 carnis,
3377 5419 3434 5471 ut
3464 5411 3685 5481 spiritus
3715 5412 3917 5473 ωιτη

2299 5505 2368 5579 sit
2392 5505 2447 5559 in
2471 5504 2554 5559 die
2576 5502 2791 5561 Domini
2820 5501 2969 5555 Jesu.
3002 5498 3155 5556 Unde
3181 5500 3346 5557 etiam
3366 5497 3530 5559 dicit:
3562 5497 3648 5555 Νι
3681 5500 3915 5573 (ασθαι
4018 5526 4019 5539 ι

2298 5595 2489 5651 multos
2526 5610 2590 5653 ea;
2625 5594 2687 5649 iis
2726 5592 2816 5671 qui
2854 5601 2975 5649 ante
3016 5599 3392 5662 peccaverunt,
3433 5599 3483 5646 et
3523 5606 3631 5645 non
3670 5604 3918 5661 egerunt

2297 5687 2654 5762 pwnitentiam
2707 5700 2863 5756 super
2921 5681 3310 5738 immunditiam
3366 5690 3415 5743 et
3478 5680 3915 5749 fornicationem

2297 5797 2454 5855 quam
2502 5789 2788 5851 gesserunt.
2833 5777 2965 5837 Item
3020 5776 3130 5835 nisi
3160 5783 3341 5853 essent
3369 5775 3617 5847 quaedam
3666 5791 3784 5833 non
3842 5792 3917 5833 ea
