4060 6350
219 348 357 407 “97

1074 330 1165 383 ΑΒ
1202 326 1371 382 ΟΜΝΙ
1406 316 1772 378 NOVl'l‘ATlS
1815 307 2212 371 SUSPlClONE
2254 302 2643 361 VINDICATA.

3350 297 3488 363 H93

216 463 525 526 humilitate
574 450 905 528 poenitentiae
942 446 1203 509 sananda,
1246 440 1420 513 qualis
1464 439 1517 493 in
1567 434 1806 490 Ecclesia
1834 433 1884 495 Α
1910 427 2038 497 Cap.
2070 424 2179 479 16:
2216 420 2555 526 tConversio
2603 426 2942 520 antenntunc
2976 429 3102 528 vera
3138 415 3404 528 probatu:
3434 414 3495 475 in

218 560 382 616 datur
408 554 488 608 eis
512 527 605 620 qui
656 547 870 616 proprie
897 539 1225 612 pmnitentes
1248 541 1533 596 vocantur,
1566 527 1659 583 sed
1690 527 1809 597 qui-

218 651 455 710 busdam
499 639 902 711 correptionum
966 627 1404 689 medicamentis,
1452 640 1560 679 non
1606 623 1813 678 diceret

220 745 340 815 ipse
378 736 659 799 Dominus,
690 728 908 797 Corripe
934 739 1053 778 eum
1094 722 1230 775 inter
1260 728 1305 773 te
1333 728 1381 772 et
1412 718 1581 788 ipsum
1608 714 1810 791 solum;

212 805 295 893 Et
323 832 369 886 si
398 839 447 883 te
472 823 701 880 audierit
731 819 968 871 lucratus
999 830 1053 869 es
1083 811 1299 882 fratrem
1332 818 1498 861 tuum.
1532 805 1813 860 Postremo

204 892 335 983 anisi
359 926 544 979 essent
567 913 813 987 quaedam
841 909 957 964 sine
980 904 1175 976 quibus
1200 902 1316 957 haec
1340 899 1453 953 vita
1480 912 1587 952 non
1613 895 1816 967 agitur,

226 1034 339 1077 non
361 1009 732 1087 quotidianam
763 1000 1027 1058 medelam
1054 1002 1279 1069 poneret
1306 992 1358 1048 in
1384 990 1629 1046 oratione
1653 1003 1817 1059 quam

229 1082 437 1172 docuit,
466 1113 569 1160 etc.
596 1121 612 1153 ›
647 1097 739 1153 Sic
769 1092 1006 1149 remedia
1033 1087 1322 1144 criminum
1346 1082 1682 1139 occultorum
1712 1094 1821 1135 non

230 1202 415 1266 minus
462 1202 646 1267 aperte
702 1188 1105 1257 distinguuntur
1147 1196 1179 1233 a
1230 1176 1482 1233 remediis
1529 1172 1822 1228 criminum

230 1265 608 1372 publicorum,
657 1283 713 1338 id
758 1288 840 1335 est
881 1274 1082 1347 publici
1126 1269 1401 1372 scandali,
1444 1268 1586 1372 sicut
1632 1265 1824 1372 eodem

234 1354 398 1443 modo
448 1376 685 1435 declarat
708 1380 928 1428 sanctus
954 1362 1285 1435 Augustinus
1308 1359 1361 1414 in
1387 1356 1607 1413 homilia
1633 1354 1825 1409 ultima

236 1492 306 1533 ex
346 1493 399 1539 L,
444 1485 565 1539 cap.
604 1466 689 1530 il,
723 1476 883 1534 quam
932 1474 961 1512 a
1012 1452 1265 1510 remediis
1316 1456 1663 1523 peccatorum
1710 1446 1826 1500 sine

239 1535 439 1641 quibus
473 1535 590 1612 haec
634 1554 743 1609 vita
788 1564 895 1605 non
940 1544 1116 1617 agitur
1151 1548 1208 1598 et
1240 1554 1470 1611 quorum
1512 1535 1828 1610 quotidiana

242 1638 453 1723 medela
484 1656 587 1704 est.

314 1742 610 1800 Cassianus
641 1735 696 1791 in
744 1732 934 1789 Collat.
964 1746 1066 1795 xx,
1096 1728 1162 1785 de
1188 1728 1293 1782 fine
1321 1720 1673 1796 pmnitentize,
1706 1732 1824 1789 cap.

1912 519 2150 583 homine,
2188 516 2233 570 si
2262 515 2527 584 impietas,
2559 518 2607 565 et
2640 508 2895 577 iniquitas
2921 505 3150 577 pellatur
3175 522 3241 563 ex
3268 505 3487 563 corde.)

1912 611 2073 679 e—Et
2116 624 2233 679 cap.
2264 606 2371 660 i7:
2412 623 2431 654 ι
2462 599 2755 657 Conversio
2799 612 2928 667 ergo
2969 596 3060 650 illa
3104 596 3159 650 in
3205 604 3498 667 conspectu

1914 702 2010 773 Dei
2037 708 2189 772 grata
2218 706 2301 755 est
2330 704 2383 752 et
2417 703 2656 765 accepta,
2685 692 2740 745 in
2775 705 2878 760 qua
2908 688 3065 745 simul
3096 696 3151 745 et
3178 688 3302 745 fidei
3339 688 3504 746 recti-

1915 794 2046 853 tudo
2091 776 2338 848 servatur
2385 796 2438 843 et
2480 786 2603 841 vitae
2648 784 2800 841 bonae
2844 780 3027 852 regula
3069 779 3410 835 custoditur:
3441 780 3499 838 id

1917 892 2031 950 est,
2059 892 2119 937 ut
2146 879 2517 952 principaliter
2538 885 2685 931 recta
2713 881 2962 953 teneatur
2982 873 3047 928 de
3074 871 3185 927 Deo
3208 869 3501 936 sententia,

1920 977 2111 1035 deinde
2144 975 2394 1048 proximo
2419 971 2740 1029 cxhibeatur
2765 968 2999 1023 charitas
3026 967 3285 1021 divinitus
3326 966 3502 1035 impe-

1920 1078 2060 1127 rata.
2084 1088 2101 1120 ι

1993 1162 2203 1237 Eligius
2226 1156 2607 1215 Noviomensis
2633 1154 2942 1225 episcopus,
2974 1152 3030 1207 in
3057 1148 3279 1207 homilia
3306 1148 3381 1203 2:
3408 1164 3430 1200 ι
3446 1145 3510 1204 Si

1922 1268 2054 1313 vero
2082 1264 2193 1310 tam
2221 1267 2427 1324 pauper
2468 1249 2589 1321 quis
2617 1247 2780 1302 fuerit
2822 1256 2881 1300 ut
2921 1257 3107 1299 veram
3148 1238 3510 1295 innocentiam

1925 1363 2050 1407 cum
2096 1343 2441 1416 simplicitate
2466 1340 2587 1412 puri
2627 1338 2808 1395 cordis
2834 1345 2888 1393 et
2919 1336 3171 1392 castitate
3216 1331 3416 1388 mentis
3456 1335 3514 1384 et

1927 1440 2170 1512 corporis
2188 1436 2383 1493 oﬂ‘erre
2406 1434 2711 1505 nequiverit
2736 1432 2905 1487 :duos
2925 1428 3117 1484 saltem
3140 1434 3403 1488 turtures,
3426 1420 3514 1477 vel

1928 1534 2063 1589 duos
2098 1532 2274 1602 pullos
2298 1528 2588 1594 columbae;
2622 1525 2677 1581 id
2708 1535 2810 1591 est,
2839 1524 2944 1579 duo
2970 1516 3400 1591 compunctiouis
3424 1528 3516 1587 ge-

1928 1638 2081 1689 nera,
2108 1620 2320 1677 timoris
2349 1618 2554 1674 scilicet
2583 1624 2638 1671 et
2666 1615 2886 1680 amoris,
2915 1611 3127 1676 offerat,
3158 1622 3327 1664 unum
3367 1603 3517 1660 vide-

1928 1713 2087 1780 licet,
2130 1714 2234 1768 hoc
2260 1719 2364 1777 est,
2396 1712 2646 1765 timorem
2669 1724 2766 1780 pro
2802 1714 3045 1779 peccato,
3085 1719 3185 1776 pro
3214 1717 3320 1773 quo
3362 1699 3520 1755 timet

248 1778 768 1894 totaTNoverimus
818 1832 997 1877 autem
1035 1778 1155 1885 nos,
1184 1827 1245 1875 ut
1291 1778 1538 1885 superius
1575 1811 1829 1871 diximus,
1860 1809 1914 1877 Β
1936 1814 1991 1864 et
2029 1806 2197 1878 gemit
2226 1820 2293 1861 ne
2324 1803 2393 1857 ad
2424 1802 2613 1858 tartari
2639 1800 2901 1872 supplicia
2926 1799 3298 1871 pertrahatur.
3328 1794 3525 1853 Postea
3596 1778 3602 1785 “

251 1910 379 1987 tunc
442 1925 657 1977 demum
712 1929 813 1986 pro
848 1911 1138 1983 praeteritis
1187 1905 1516 1963 satisfecisse
1570 1899 1830 1973 peccatis,

252 2040 377 2085 cum
406 2019 509 2095 ipsi
539 2024 719 2075 motus
765 2021 926 2081 atque
957 2007 1201 2070 affectus,
1229 2019 1325 2077 per
1359 2016 1496 2071 quos
1523 1995 1837 2095 paenitenda

255 2084 628 2173 commisimus
673 2102 873 2159 fuerint
907 2101 971 2155 de
1013 2096 1217 2152 nostris
1252 2091 1506 2148 cordibus
1555 2084 1837 2157 amputati.

257 2205 415 2273 Quod
441 2211 617 2256 tamen
640 2192 819 2250 nullus
847 2189 1091 2244 obtinere
1124 2199 1283 2255 posse
1312 2198 1371 2237 se
1394 2180 1582 2236 credat
1611 2177 1703 2249 qui
1734 2189 1843 2273 non

258 2264 416 2371 prius
438 2294 582 2363 ipsas
610 2300 803 2343 causas
829 2290 991 2351 atque
1018 2276 1293 2343 materias,
1325 2288 1424 2342 pro
1448 2270 1646 2342 quibus
1671 2268 1725 2321 in
1753 2264 1845 2366 illa

264 2354 534 2458 collapsus
573 2388 655 2438 est
683 2374 936 2437 crimina,
964 2370 1110 2427 omni
1144 2366 1366 2440 Spiritus
1410 2363 1625 2419 fervore
1669 2354 1847 2458 succi-

261 2449 495 2535 deritut
524 2470 679 2530 verbi
714 2464 892 2539 gratia
920 2464 964 2518 si
1001 2462 1059 2516 in
1088 2457 1501 2515 fornicationem
1529 2452 1615 2508 vel
1642 2449 1850 2505 adulte-

263 2573 407 2637 rium
444 2563 751 2639 perniciosa
794 2557 1119 2614 feminarum
1168 2550 1537 2608 familiaritate
1582 2544 1852 2614 collapsus

264 2675 369 2731 est,
411 2675 623 2723 summa
652 2653 997 2729 festinatione
1023 2650 1186 2705 etiam
1231 2647 1407 2719 ipsum
1436 2658 1624 2699 earum
1653 2640 1854 2697 devitet

267 2764 549 2830 aspectum
576 2770 589 2808 :
616 2757 709 2807 aut
738 2756 886 2803 certe
921 2744 966 2800 si
991 2758 1090 2814 per
1117 2738 1504 2797 abundantiam
1531 2734 1643 2791 vini
1671 2730 1854 2805 epula-

268 2824 501 2919 ru—mque
540 2851 622 2901 est
670 2840 947 2897 nimietate
993 2848 1306 2897 succensus,
1337 2827 1675 2887 illicientium
1702 2824 1854 2881 cibo-

271 2957 398 3001 rum
424 2937 701 3011 crapulam
733 2946 943 2990 summa
968 2927 1308 2984 districtione
1334 2924 1579 2995 castiget.
1623 2923 1694 2978 Et
1738 2934 1861 2975 rur-

277 3050 421 3101 sum,
451 3033 497 3089 si
527 3032 582 3087 in
609 3026 931 3101 periurium,
973 3030 1068 3077 aut
1091 3020 1318 3084 furtum,
1363 3026 1459 3072 aut
1484 3014 1857 3077 homicidium,

278 3132 379 3183 aut
438 3117 863 3191 blasphemiam,
929 3111 1287 3183 pecuniarum
1361 3106 1631 3163 desiderio
1700 3112 1864 3174 atque

280 3234 469 3283 amore
506 3222 788 3287 correptus
827 3207 1092 3275 incurrit,
1130 3204 1417 3260 materiam
1461 3202 1704 3259 avaritiae
1748 3201 1869 3256 ille-

282 3312 511 3370 ctricem
555 3321 665 3362 suae
702 3299 1035 3371 deceptionis
1082 3296 1355 3359 abscidat;
1388 3296 1435 3348 si
1473 3293 1532 3348 in
1576 3290 1870 3347 iracundiae

289 3403 488 3460 vitium
535 3395 796 3469 superbiae
843 3391 1094 3464 passione
1142 3386 1496 3460 propellitur,
1545 3384 1871 3453 arrogantia:

293 3493 466 3567 ipsius
508 3487 748 3544 fomitem
788 3497 999 3541 summa
1040 3477 1362 3536 humilitatis
1405 3476 1608 3530 virtute
1652 3471 1869 3529 convel-

291 3586 397 3651 lat,
422 3592 526 3641 etc.
557 3601 577 3634 ι

371 3672 712 3746 Fulgentius,
757 3670 827 3731 de
870 3662 1250 3725 Incarnatione
1297 3670 1353 3717 et
1396 3660 1584 3717 Gratia
1632 3657 1876 3715 Christi:

304 3785 327 3821 ι
354 3764 555 3833 Nempe
582 3777 707 3818 cum
734 3760 851 3831 ipse
876 3757 1126 3813 Salvator
1151 3761 1334 3810 noster
1354 3752 1587 3823 propriae
1611 3750 1762 3807 vocis
1786 3750 1883 3805 im-

297 3859 455 3933 perio
483 3857 778 3921 humanam
801 3850 1053 3909 convenit
1086 3848 1417 3903 voluntatem
1448 3846 1668 3900 dicens:
1701 3842 1884 3898 Pteni-

302 3951 526 4016 temini,
561 3959 619 4006 et
644 3947 850 4005 credite
882 3943 1195 4015 Evangelia,
1222 3942 1390 3997 claret
1437 3947 1618 3995 tamen
1660 3939 1785 4008 quia
1826 3944 1886 3991 ut

304 4045 473 4103 homo
504 4044 558 4096 in
587 4041 757 4096 Deum
783 4040 1005 4094 credere
1034 4034 1288 4104 incipiat,
1331 4048 1363 4086 a
1390 4032 1502 4087 Deo
1534 4030 1731 4099 accipit
1772 4043 1888 4098 pae-

306 4134 593 4192 nitentiam
621 4133 690 4187 ad
720 4132 905 4193 vitam,
943 4129 1019 4183 ita
1046 4136 1106 4185 ut
1132 4123 1354 4181 omnino
1382 4123 1604 4177 credere
1634 4136 1739 4175 non
1767 4135 1890 4190 pos-

309 4227 405 4292 sit,
434 4225 537 4281 nisi
562 4222 936 4294 paenitentiam
962 4220 1103 4275 dono
1131 4217 1227 4271 Dei
1255 4213 1564 4271 miserantis
1588 4212 1888 4282 acceperit:

314 4331 440 4385 qum
458 4322 543 4369 est
567 4322 743 4367 autem
778 4309 1096 4381 pcenitentia
1126 4306 1380 4370 hominis,
1408 4305 1513 4359 nisi
1539 4304 1767 4359 mutatio
1799 4319 1893 4357 vo-

312 4407 601 4463 luntatis?»
626 4407 743 4461 Lib.
768 4421 785 4459 ι
812 4406 879 4459 de
904 4401 1241 4458 Remissioue
1262 4406 1629 4467 peccatorum,
1655 4412 1774 4466 cap.
1796 4396 1891 4449 15:

324 4519 347 4554 ι
378 4503 457 4557 De
484 4502 589 4556 illis
615 4516 745 4555 vero
785 4498 879 4568 qui
910 4497 1052 4550 intra
1079 4492 1361 4548 ecclesiam
1388 4489 1549 4560 positi
1586 4489 1741 4543 malis
1770 4503 1898 4557 ope-

317 4596 475 4652 ribus
501 4594 837 4657 insistebant,
868 4592 948 4651 sic
972 4592 1041 4646 ad
1070 4590 1381 4647 Corinthios
1408 4588 1646 4658 loquitur
1675 4587 1899 4642 medici-

318 4687 436 4743 nali
474 4699 758 4741 sermone:
790 4682 873 4737 Ne
910 4685 1100 4737 iterum
1139 4700 1259 4737 cum
1302 4697 1512 4745 venero,
1544 4678 1779 4733 humiliet
1820 4695 1901 4732 me

320 4780 467 4837 Deus
496 4779 634 4850 apud
661 4796 767 4843 ros,
789 4788 835 4831 et
863 4776 1068 4846 lugeam
1098 4776 1287 4830 multos
1312 4791 1377 4828 ea:
1402 4774 1483 4828 his
1507 4775 1598 4844 qui
1634 4782 1754 4828 ante
1787 4789 1905 4844 pec-

323 4882 605 4935 caverunt,
635 4881 682 4924 et
718 4888 821 4923 non
867 4878 1077 4939 egerunt
1106 4868 1460 4938 pwnitentiam
1498 4882 1653 4935 super
1680 4856 1906 4918 immun-

325 4963 482 5028 ditia,
510 4971 557 5015 et
591 4960 935 5029 fornicatione
970 4967 1019 5011 et
1058 4956 1387 5028 impudicitia
1426 4972 1585 5025 quam
1618 4961 1906 5024 gesserunt.

326 5055 443 5112 Nec
471 5055 604 5110 istos
626 5053 814 5122 utique
845 5051 1017 5105 tristis
1052 5050 1279 5114 doleret,
1309 5065 1411 5104 nec
1448 5049 1569 5103 illos
1596 5048 1914 5103 humiliatus

332 5150 542 5206 doleret
576 5146 883 5216 Apostolus,
916 5145 959 5198 si
998 5143 1176 5212 impiis
1205 5150 1259 5196 et
1300 5142 1500 5210 iniquis
1540 5140 1915 5196 exacerbanti-

332 5243 437 5297 bus
478 5239 715 5294 divinam
756 5236 1024 5305 justitiam
1060 5235 1177 5289 sine
1223 5234 1575 5289 conversione
1617 5218 1913 5288 cordis're-

336 5335 649 5389 missionem
675 5337 1022 5401 peccatorum
1047 5327 1294 5383 crederet
1336 5325 1715 5380 conferendam
1746 5344 1758 5377 :
1792 5340 1915 5380 cum

337 5427 456 5496 ipsa
509 5425 756 5480 remissio
806 5428 1153 5491 peccatorum
1202 5419 1416 5475 nonnisi
1466 5419 1520 5473 in
1569 5418 1922 5473 conversione

340 5518 522 5572 cordis
547 5518 804 5573 sortiatur
829 5514 1097 5570 effectum.
1120 5534 1138 5565 ι
1158 5542 1226 5553 ———
1246 5512 1376 5581 Cap.
1406 5511 1507 5565 15:
1537 5530 1554 5561 ι
1584 5511 1757 5581 Ipsius
1778 5512 1923 5565 enim

341 5611 678 5667 remissionis
704 5609 928 5665 eﬁ‘ectus
954 5610 1011 5663 in
1048 5607 1228 5661 cordis
1262 5606 1614 5661 conversione
1654 5604 1921 5667 consistit,

346 5710 453 5758 etc.
487 5701 625 5769 Quid
664 5709 748 5757 est
795 5704 939 5757 enim
981 5701 1127 5755 aliud
1158 5698 1530 5753 remissionem
1580 5703 1926 5766 peccatorum

349 5797 640 5867 consequi,
670 5797 773 5854 nisi
818 5812 849 5850 a
896 5796 1101 5867 peccati
1149 5794 1514 5849 dominatione
1546 5792 1798 5847 liberari?
1832 5811 1927 5845 ι-

1936 1916 2069 1957 vero
2091 1899 2321 1954 alterum
2346 1897 2399 1951 in
2424 1896 2818 1959 holocaustum,
2842 1893 2895 1948 id
2920 1902 3004 1948 est
3030 1906 3270 1947 amorem
3293 1903 3391 1960 pro
3417 1900 3527 1951 ca:-

1938 1993 2092 2049 lestis
2114 1990 2305 2063 patriae
2338 1988 2629 2052 desiderio,
2659 2002 2781 2042 cum
2806 1984 2922 2054 jam
2947 1985 3163 2043 veniam
3191 1994 3528 2059 praesumens

1942 2100 2053 2142 non
2078 2085 2242 2158 gemit
2264 2098 2363 2154 pro
2384 2082 2667 2154 supplicio,
2689 2081 2782 2140 sed
2807 2081 2935 2157 quia
2955 2081 3145 2143 tandiu
3168 2095 3202 2137 a
3221 2078 3532 2143 desiderato

1946 2178 2043 2235 Dei
2070 2192 2238 2250 regno
2267 2174 2530 2232 diﬂ'ertur.
2544 2196 2562 2228 ι

2017 2267 2077 2322 In
2108 2267 2329 2322 humilia
2358 2266 2419 2321 11
2451 2285 2463 2319 :
2499 2284 2519 2317 ‹
2553 2266 2671 2324 Duo
2707 2271 2834 2321 sunt
2862 2278 3096 2335 namque
3136 2277 3338 2337 genera
3380 2276 3534 2318 com-

1946 2361 2279 2435 punctionis,
2302 2357 2498 2430 quibus
2524 2357 2843 2426 semetipsos
2868 2354 3097 2412 Domino
3125 2355 3181 2410 in
3205 2369 3333 2417 arca
3358 2352 3539 2419 cordis

1948 2451 2237 2510 immolant
2280 2449 2496 2514 ﬁdeles;
2546 2448 2803 2509 nimirum
2851 2446 2899 2503 si
2946 2446 3236 2502 Dominum
3297 2445 3541 2503 sentiens

1954 2543 2133 2598 anima
2154 2540 2307 2613 prius
2337 2541 2530 2595 timore
2557 2539 2960 2611 compungitur,
2980 2538 3067 2594 vel
3090 2546 3301 2610 postea,
3328 2552 3538 2596 amore.

1953 2631 2113 2689 Prius
2139 2646 2258 2689 sese
2283 2631 2337 2688 in
2368 2632 2622 2704 lacrymis
2650 2630 2842 2697 alIicit;
2872 2630 3001 2703 quia
3026 2629 3154 2686 dum
3184 2636 3538 2702 peccatorum

1955 2742 2180 2789 suorum
2207 2727 2545 2794 recordatur,
2570 2741 2669 2803 pro
2699 2726 2784 2781 his
2812 2725 3022 2799 perpeti
3051 2722 3314 2796 supplicia
3336 2729 3546 2783 aeterna

1957 2820 2334 2894 pertimescit:
2372 2828 2429 2875 at
2475 2821 2602 2876 dum
2647 2818 2808 2892 longa
2837 2819 3030 2875 mortis
3057 2818 3334 2877 anxietate
3376 2816 3550 2875 fuerit

1961 2910 2196 2968 formido
2221 2920 2563 2983 consumpta,
2610 2911 2859 2981 quaedam
2893 2909 3008 2980 jam
3034 2912 3102 2967 de
3127 2909 3552 2981 praesumptione

1963 3004 2137 3059 veniae
2172 3005 2436 3059 securitas
2466 3004 2734 3069 nascitur,
2777 3011 2832 3060 et
2861 3003 2916 3059 in
2958 3018 3200 3061 amorem
3246 3000 3552 3061 emicem

1970 3094 2291 3168 gaudiorum
2320 3094 2532 3150 animus
2566 3093 2933 3148 inﬂammatur
2957 3111 2971 3147 :
2995 3101 3050 3148 et
3076 3093 3171 3164 qui
3198 3093 3351 3163 prius
3388 3090 3556 3147 ﬂebat

1974 3208 2043 3250 ne
2070 3193 2362 3248 duceretur
2390 3191 2459 3247 ad
2486 3190 2837 3261 supplicium;
2866 3189 3208 3259 postmodum
3249 3188 3382 3247 ﬂere
3406 3201 3558 3243 ama-

1970 3285 2185 3341 rissime
2212 3284 2418 3353 incipit,
2445 3283 2571 3352 quia
2597 3281 2843 3337 differtur
2865 3296 2897 3335 a
2926 3296 3115 3352 regno.
3142 3280 3560 3353 Contemplator

1973 3377 2174 3435 etenim
2216 3390 2369 3431 mens
2395 3376 2487 3444 qui
2515 3375 2624 3429 sint
2650 3373 2727 3429 illi
2751 3370 3068 3444 angelorum
3095 3374 3269 3441 chori,
3296 3389 3417 3444 quae
3444 3375 3561 3447 ipsa

1972 3469 2207 3528 societas
2230 3468 2513 3524 beatorum
2540 3466 2849 3536 spirituum,
2876 3482 2999 3538 qua;
3040 3466 3298 3538 maiestas
3338 3474 3559 3524 aeternae

1975 3559 2201 3615 visionis
2228 3560 2343 3623 Dei,
2372 3566 2428 3613 et
2452 3558 2682 3628 amplius
2706 3558 2917 3629 plangit
2956 3558 3081 3629 quia
3110 3558 3268 3614 bonis
3310 3557 3565 3629 perenni-

1978 3656 2083 3717 bus
2111 3653 2281 3718 deest,
2317 3667 2481 3721 quam
2508 3651 2671 3708 ﬂebat
2712 3654 2863 3724 prius
2888 3667 3015 3708 cum
3051 3653 3193 3708 mala
3221 3661 3422 3708 aeterna
3451 3667 3566 3709 me-

1982 3746 2188 3802 tuebat.
2226 3744 2523 3816 Utramque
2548 3754 2729 3800 autem
2758 3754 2956 3801 nostrae
2996 3745 3426 3815 compunctiouis
3468 3746 3568 3801 ho-

1983 3838 2149 3895 stiam
2191 3846 2464 3909 gratanter
2491 3838 2738 3907 accipere
2781 3839 3031 3909 dignetur
3068 3837 3350 3904 Christus;
3395 3838 3487 3911 qui
3514 3846 3572 3893 et

1986 3947 2087 4002 pro
2129 3940 2349 4002 peccato
2380 3931 2683 4000 lugentibus
2716 3938 2878 4000 atque
2911 3929 3123 3985 aﬂlietis
3159 3930 3458 3986 clementer
3485 3944 3572 3985 er-

1992 4034 2110 4081 rata
2135 4025 2380 4089 dimittit,
2405 4032 2459 4077 et
2482 4038 2579 4091 pro
2610 4023 2855 4093 ingressu
2880 4024 3005 4089 vita:
3032 4022 3271 4080 caelestis
3295 4032 3407 4079 tota
3430 4039 3577 4079 men-

1989 4119 2065 4173 tis
2088 4117 2383 4173 intentione
2410 4116 2698 4180 ferventes,
2727 4124 2929 4171 aeterna
2956 4132 3068 4173 suae
3089 4118 3315 4173 visionis
3343 4117 3463 4173 luce
3492 4132 3576 4173 re-

1993 4207 2108 4263 ﬁcit
2151 4206 2307 4263 Jesus
2354 4206 2603 4263 Christus
2647 4206 2905 4262 Dominus
2949 4216 3152 4262 noster.
3180 4228 3198 4260 ι
3245 4207 3312 4261 Ει
3342 4220 3409 4261 ne
3456 4206 3579 4278 quis

1997 4299 2273 4353 existimet
2299 4300 2406 4353 duo
2451 4299 2567 4353 haec
2606 4313 2801 4369 genera
2837 4298 3265 4368 compunctiouis
3310 4299 3583 4369 poeniten-

2000 4391 2127 4447 tiam
2154 4390 2425 4461 publicam
2454 4388 2765 4459 complecti,
2795 4390 3021 4459 ipsemet
3043 4396 3227 4457 postea
3258 4398 3583 4447 convertens

1920 4508 1978 4574 ι)
2002 4500 2309 4539 sermonem
2351 4484 2416 4538 ad
2466 4483 2707 4554 publicos
2751 4484 3109 4552 pmnitentes,
3149 4491 3379 4539 testatur
3420 4500 3478 4541 se
3517 4485 3587 4542 de

2003 4576 2105 4630 alia
2132 4577 2285 4646 prius
2305 4576 2541 4630 locutum
2564 4589 2705 4636 esse,
2728 4574 2781 4629 id
2807 4581 2892 4628 est
2915 4574 2981 4628 de
3002 4575 3323 4645 paenitentia
3348 4583 3586 4644 secreta,

2004 4682 2125 4737 qua:
2151 4667 2469 4722 criminibus
2492 4664 2716 4721 occultis
2746 4664 3022 4735 competit.

2077 4761 2155 4813 Ex
2194 4761 2279 4814 his
2310 4759 2559 4813 omnibus
2600 4756 2944 4813 manifestum
2974 4766 3078 4821 est,
3104 4767 3301 4829 praeter
3320 4759 3591 4830 poeniten-

2008 4852 2138 4905 tiam
2167 4850 2457 4920 publicam,
2482 4849 2699 4918 qualem
2734 4846 2783 4902 J.
2818 4848 3056 4905 Moriens
3084 4849 3360 4914 describit,
3402 4848 3593 4907 Patres

2018 4944 2268 5011 antiquos
2302 4942 2546 4996 docuisse
2577 4949 2655 4995 tot
2677 4941 2781 4995 alia
2805 4956 2927 4996 esse
2968 4941 3229 5007 remedia,
3254 4957 3374 5011 quze
3403 4943 3471 4999 ad
3508 4959 3595 4999 sa-

2016 5035 2286 5089 nationem
2317 5034 2757 5105 gravissimorum
2806 5032 2971 5087 animi
3018 5033 3331 5089 morborum
3375 5039 3597 5091 omnino

2018 5126 2303 5191 sufﬁciunt,
2330 5135 2461 5196 quot
2487 5135 2613 5182 sunt
2642 5126 2870 5182 crimina
2896 5126 3125 5180 occulta.
3160 5124 3317 5183 Unde
3341 5129 3473 5184 satis
3496 5126 3599 5182 mi-

2018 5221 2129 5276 rari
2173 5236 2280 5275 non
2312 5236 2532 5290 possum
2559 5220 2701 5289 quod
2726 5220 2812 5273 vir
2849 5233 3072 5275 summae
3109 5220 3430 5276 eruditionis
3457 5217 3601 5274 aﬂir-

2020 5313 2270 5376 maverit,
2299 5312 2344 5365 si
2374 5325 2610 5366 canones
2654 5309 2987 5380 intelligendi
3034 5309 3146 5367 sint
3172 5310 3241 5368 de
3284 5309 3603 5367 criminibus

2020 5404 2268 5474 publicis,
2307 5403 2430 5457 inde
2461 5402 2615 5472 sequi
2642 5402 2832 5457 Patres
2873 5402 3126 5474 antiquos
3160 5400 3606 5473 gravissimorum

2026 5498 2190 5551 animi
2222 5498 2535 5551 morborum
2570 5497 2905 5551 sanationem
2935 5512 3163 5568 prorsus
3196 5492 3518 5565 neglexisse,
3550 5498 3608 5547 et

2026 5588 2091 5642 de
2122 5588 2439 5642 criminibus
2478 5588 2706 5643 occultis
2736 5590 2936 5645 nullam
2964 5604 3148 5645 curam
3192 5587 3444 5659 gessisse.
3485 5583 3608 5641 Non

2025 5678 2199 5733 solum
2224 5678 2367 5732 enim
2400 5679 2502 5732 hoc
2533 5689 2909 5749 argumentum
2936 5680 3096 5734 nimis
3121 5679 3314 5749 probat
3338 5676 3404 5731 de
3430 5673 3607 5747 poeni-

2030 5772 2195 5826 tentia
2224 5770 2435 5841 puhlica
2461 5785 2559 5841 pro
2588 5773 2901 5829 criminibus
2931 5770 3177 5839 occultis,
3200 5770 3295 5826 sed
3322 5769 3486 5825 etiam
3507 5783 3610 5843 pro
