4060 6350
523 290 665 349 1199

1088 283 1436 344 THEODOR]
1471 283 1787 342 ARCHIEP.
1829 281 2181 342 CANTUAR.
2221 283 2570 342 DOCTRINA
2607 283 2699 340 DE
2735 281 3184 340 PCENITENTIA

3655 287 3816 342 1200

521 400 840 463 criminibus
881 397 1132 471 publicis,
1174 415 1295 455 cum
1337 397 1524 452 Patres
1550 404 1816 453 testentur
1844 393 2096 464 antiquos
2126 399 2176 458 Α
2200 397 2432 464 superbo
2459 405 2666 450 tumore
2691 403 3059 460 contemnere,
3085 404 3350 450 venenata
3393 397 3496 454 sibi
3531 413 3638 456 ore
3687 419 3820 461 ma.

523 505 763 550 canones
804 489 1138 561 poenitentiae
1176 486 1403 556 publica:
1429 501 1536 541 non
1580 485 1958 556 intelligendos
1984 497 2105 538 esse

523 583 592 639 de
634 581 886 638 omnibus
925 578 1240 634 criminibus
1266 577 1512 647 publicis,
1543 586 1705 647 atque
1743 576 1905 630 aliam
1939 573 2107 630 fuisse

521 673 895 746 paenitentiam
911 685 1032 740 qua:
1055 667 1122 723 ad
1145 668 1521 723 remissionem
1545 667 1904 737 quorumdam
1929 661 2107 718 crimi-

524 778 653 818 num
700 762 825 818 licet
866 761 1207 832 publicorum
1240 757 1541 826 subiceret,
1569 758 1712 816 sicut
1760 757 1817 813 in
1858 753 2107 828 sequenti

525 853 703 924 capite
728 853 1183 908 (lenonstramus.

1141 983 1368 1041 CAPUT
1407 982 1495 1040 VI.

523 1093 678 1150 ue»:
722 1103 1089 1163 argumentum
1123 1091 1180 1148 1.
1211 1093 1408 1148 Morini
1451 1091 1748 1161 refellitur:
1783 1091 2109 1163 demonstra-

585 1175 682 1218 tur
712 1161 900 1219 Patres
939 1165 1120 1218 testari
1149 1165 1390 1234 antiquos
1421 1178 1645 1234 canones
1666 1161 2111 1234 rpmnitentitepu-

596 1234 744 1306 blicrc
771 1234 1141 1306 intelligendos
1165 1229 1406 1306 non'esse
1439 1232 1503 1286 de
1533 1229 1769 1306 omnibus
1802 1229 2109 1306 criminibus

595 1303 848 1376 publicis;
878 1298 1032 1376 atque
1071 1304 1231 1358 aliam
1276 1304 1436 1376 fuisse
1483 1301 1835 1376 paenitentiam
1881 1316 1997 1370 qua:
2042 1298 2111 1376 qd

593 1370 955 1429 remissionem
981 1376 1242 1428 minorum
1277 1370 1564 1426 criminum
1610 1371 1938 1441 publicorum
1967 1370 2110 1441 suni-

593 1461 709 1499 cere
739 1445 1140 1498 arbitrarentur.
1182 1441 1330 1497 Unde
1370 1439 1697 1513 dignoscitur
1736 1456 1977 1513 quanam
2005 1439 2113 1513 cri-

595 1515 740 1586 mina
797 1514 1008 1584 publica
1060 1513 1281 1586 publica:
1338 1505 1652 1584 pertinentia:
1703 1505 1932 1566 ofmoxia
1991 1505 2111 1577 fue-

600 1585 729 1638 rint.
1163 1623 1166 1626 ο

597 1693 860 1766 Origenes
922 1695 976 1750 in
1013 1693 1434 1750 Commentariis
1477 1693 1531 1747 in
1581 1693 1925 1759 Matthaeum,
1977 1692 2108 1748 edit.

2203 485 2457 549 lcdicere,
2484 486 2622 540 odiis
2665 486 3032 556 pertinacibus
3061 486 3293 542 invicem
3333 488 3597 548 dissidere
3627 508 3648 547 :
3691 495 3820 568 epi-

2205 578 2349 649 scopi
2395 578 2635 648 plurimi,
2664 593 2798 647 quos
2823 587 2878 631 et
2903 578 3248 634 hortamento
3286 595 3407 636 esse
3445 592 3677 652 oportet
3705 600 3821 644 ca-

2205 669 2338 724 teris
2380 676 2436 724 et
2476 668 2740 739 exemplo,
2787 667 2986 746 divina!
3017 671 3396 739 procuratione
3450 683 3814 748 contempta,

2204 769 2588 832 procuratores
2631 775 2814 814 rerum
2841 759 3180 815 saacularium
3210 760 3349 827 fieri,
3394 762 3664 821 derelicta
3715 783 3815 824 ca-

2205 852 2420 919 thedra,
2449 853 2606 923 plebe
2649 853 2883 918 deserta,
2920 867 3019 922 per
3055 853 3261 910 alienas
3293 856 3602 926 provincias
3643 861 3814 918 ober-

2207 954 2422 1012 rantes,
2476 947 2856 1016 negotiationis
2916 955 3236 1016 quatstuosm
3286 950 3557 1007 nundinas
3627 968 3812 1010 ancu-

2206 1039 2344 1110 pari.
2371 1037 2686 1094 Esurientes
2715 1038 2768 1092 in
2795 1037 3033 1094 Ecclesia
3057 1037 3320 1095 fratribus
3346 1057 3454 1097 non
3476 1044 3811 1112 subvenire,

2208 1129 2410 1185 habere
2463 1136 2744 1199 argentum
2791 1127 3013 1199 largiter
3059 1130 3226 1196 velle,
3270 1131 3466 1189 fundos
3522 1134 3811 1192 insidiosis

2210 1217 2488 1274 fraudibus
2517 1232 2728 1288 rapere,
2754 1219 2936 1274 usuris
2975 1219 3462 1292 multiplicantibus
3509 1224 3680 1282 fenus
3713 1243 3810 1282 au-

2211 1327 2354 1385 gere.
2387 1331 2405 1364 ›
2436 1311 2516 1366 Ex
2567 1311 2654 1366 his
2700 1311 2880 1367 verbis
2918 1312 3087 1367 sancti
3132 1312 3392 1384 Cypriani
3434 1317 3637 1389 colligo
3680 1335 3806 1378 cum

2213 1413 2401 1460 sancto
2445 1403 2743 1472 Augustino
2792 1402 2886 1457 lib.
2917 1418 2980 1458 ιιι
3017 1412 3205 1458 contra
3252 1405 3539 1474 epistolam
3578 1408 3809 1468 Parme-

2213 1495 2382 1560 niani,
2411 1509 2604 1549 avaros
2647 1503 2702 1549 et
2732 1508 2955 1562 rapaces
2979 1494 3071 1564 qui
3107 1511 3330 1566 regnum
3357 1496 3454 1552 Dei
3491 1515 3599 1555 non
3627 1503 3807 1571 possi-

2213 1587 2434 1652 debunt,
2462 1585 2796 1656 temporibus
2820 1585 2993 1641 sancti
3016 1584 3269 1657 Cypriani
3294 1588 3348 1642 in
3372 1588 3618 1646 Ecclesia
3637 1592 3806 1650 fuisse

2215 1677 2501 1741 toleratos;
2529 1690 2629 1730 nec
2653 1689 2856 1730 morem
2881 1675 3135 1730 Ecclesiae
3158 1674 3325 1732 fuisse
3346 1687 3404 1732 ut
3429 1680 3658 1735 crimina
3679 1698 3804 1736 ava-

521 1745 857 1851 ιιυὶίῖιῌὲιὶῖ
881 1745 1988 1856 1fagi';311":s;.n;;d;..;a;.;;ist...
2017 1745 2114 1854 qui

2223 1767 2376 1832 ritim,
2419 1766 2550 1821 furti
2587 1774 2642 1821 et
2679 1766 2938 1837 perjurii,
2974 1765 3189 1836 publica
3233 1769 3554 1838 paenitentia
3593 1772 3802 1844 plecte-

522 1873 657 1932 talia
680 1875 747 1930 de
771 1877 916 1929 omni
943 1886 1166 1946 peccato
1189 1875 1333 1930 dicta
1355 1889 1476 1930 esse
1494 1875 1830 1946 pronuntiat,
1858 1875 1972 1930 sive
1997 1889 2118 1945 pec-

520 1971 709 2021 catum
756 1963 888 2018 illud
915 1964 1089 2019 caades
1133 1965 1237 2029 sit,
1287 1966 1402 2020 sive
1446 1965 1789 2030 veneﬁcium,
1837 1966 1950 2020 sive
1981 1980 2118 2035 pue-

523 2065 716 2110 rorum
742 2064 1011 2122 stuprum,
1035 2053 1149 2108 sive
1175 2053 1380 2123 aliquid
1401 2054 1598 2118 simile,
1625 2054 1964 2109 occasionem
1988 2070 2120 2125 pra:-

523 2144 647 2202 buit
693 2161 792 2200 cur
820 2161 1083 2200 summam
1133 2146 1337 2201 Christi
1374 2147 1691 2218 patientiam
1730 2158 1786 2204 et
1818 2151 2117 2220 procrasti-

524 2235 802 2291 nationem
833 2234 1014 2290 animo
1043 2237 1660 2307 comprehenderemus;
1687 2239 1761 2294 ita
1786 2258 1818 2298 e
1843 2241 2121 2297 contrario

520 2327 621 2398 qui
663 2327 887 2384 fratrem
933 2330 1000 2383 ab
1046 2344 1112 2384 eo
1157 2328 1250 2399 qui
1286 2327 1455 2383 frater
1491 2331 1793 2400 appellatur
1837 2333 2117 2398 distinxit,

527 2434 655 2475 eum
707 2420 799 2490 qui
844 2428 1069 2491 propter
1115 2421 1339 2474 minima
1384 2429 1606 2489 peccata
1656 2421 1854 2492 quibus
1902 2423 2120 2479 obnoxii

529 2517 660 2565 sunt
692 2509 966 2575 hornines,
997 2521 1119 2580 post
1149 2511 1622 2580 reprehensionem
1652 2528 1758 2566 non
1785 2512 1949 2567 fuerit
1995 2529 2123 2569 con-

530 2611 747 2666 versus,
776 2600 1082 2654 habendum
1123 2615 1242 2655 esse
1269 2601 1427 2655 docet
1453 2616 1552 2670 pro
1594 2601 1813 2656 ethnico
1852 2610 1909 2657 et
1946 2602 2122 2673 publi-

520 2703 688 2754 cano,
720 2698 942 2760 pr0pter
970 2697 1193 2761 peccata
1235 2706 1354 2760 quae
1382 2707 1490 2745 non
1522 2692 1590 2747 ad
1633 2700 1863 2748 mortem
1882 2733 1898 2757 ,
1930 2693 2032 2758 vel,
2063 2701 2124 2749 ut

521 2793 595 2836 ea
641 2779 696 2834 in
747 2778 999 2835 Numeris
1043 2780 1130 2835 lex
1173 2781 1437 2852 appellat,
1484 2782 1764 2838 mortifera
1803 2799 1912 2838 non
1961 2792 2116 2850 sunt;

520 2869 671 2939 quod
701 2870 888 2938 utique
926 2869 1086 2924 nimis
1123 2869 1344 2925 crudele
1375 2871 1616 2937 videtur;
1658 2884 1760 2926 nec
1785 2872 1931 2926 enim
1964 2870 2122 2927 facile

523 2955 856 3031 quemquam
892 2962 1122 3032 reperiri
1154 2977 1315 3031 posse
1353 2963 1609 3028 arbitror,
1637 2963 1730 3033 qui
1775 2979 1885 3018 non
1930 2972 2014 3018 ter
2050 2963 2121 3019 ob

2219 1866 2428 1913 rentur.

2288 1949 2554 2005 Pacianus
2585 1949 2639 2004 in
2667 1948 2938 2005 Parzenesi
2964 1949 3032 2004 ad
3055 1949 3430 2018 paenitentiam
3455 1970 3469 2007 :
3503 1971 3524 2002 ι
3545 1953 3795 2010 Primum

2217 2039 2402 2111 igitur,
2429 2047 2491 2094 ut
2511 2040 2765 2104 diximus,
2789 2040 2857 2095 de
2877 2041 3036 2095 modo
3057 2043 3388 2109 peccantium
3412 2053 3784 2109 retractemus,

2219 2131 2406 2186 sedulo
2451 2130 2792 2199 requirentes
2831 2146 2951 2200 quae
2982 2131 3090 2184 sint
3113 2141 3351 2199 peccata,
3375 2149 3486 2202 qua:
3507 2133 3737 2188 crimina
3761 2151 3780 2187 :

2219 2240 2288 2280 ne
2317 2225 2438 2294 quis
2467 2224 2761 2288 existimet,
2789 2232 3010 2293 propter
3044 2223 3327 2278 innumera
3350 2223 3538 2279 delicta
3560 2239 3802 2294 quorum

2222 2311 2504 2368 fraudibus
2542 2312 2725 2367 nullus
2772 2312 3030 2367 immunis
3052 2320 3157 2379 est,
3188 2328 3298 2378 me,
3338 2329 3495 2369 omne
3521 2314 3807 2370 hominum

2222 2421 2414 2477 genus,
2448 2404 2740 2459 indiscreta
2771 2405 3069 2474 paenitendi
3099 2405 3218 2474 lege
3242 2407 3631 2477 constringere.
3651 2405 3811 2477 Apud

2222 2497 2406 2554 Mosen
2433 2503 2489 2552 et
2515 2503 2748 2562 veteres,
2799 2495 3010 2550 minimi
3039 2510 3253 2566 quoque
3294 2498 3525 2566 peccati,
3573 2504 3631 2552 et
3672 2512 3812 2566 qua-

2224 2591 2430 2647 drantis
2458 2589 2643 2655 unius,
2675 2597 2736 2644 ut
2763 2589 2840 2643 ita
2863 2588 3112 2654 dixerim,
3145 2589 3246 2652 rei,
3281 2587 3338 2643 in
3366 2587 3557 2642 eodem
3583 2586 3818 2642 infelici-

2222 2683 2352 2737 tatis
2387 2682 2644 2737 aestuario
2671 2679 2898 2734 volutati
2932 2688 3079 2734 sunt.
3109 2679 3178 2734 Et
3201 2679 3294 2749 qui
3325 2679 3552 2735 sabbata
3577 2678 3822 2735 violave-

2223 2784 2366 2838 rant,
2399 2781 2455 2827 et
2481 2772 2574 2842 qui
2603 2771 2878 2826 immunda
2925 2770 3284 2840 contigerant,
3327 2777 3384 2825 et
3423 2769 3518 2839 qui
3561 2784 3817 2825 escarum

2223 2865 2390 2920 vetita
2436 2872 2914 2935 praesumpserant,
2960 2871 3016 2916 et
3050 2863 3144 2932 qui
3170 2863 3610 2926 murmurabant,
3644 2871 3705 2917 et
3734 2862 3818 2932 qui

2222 2956 2430 3027 pariete
2469 2964 2746 3024 corrupto,
2797 2963 2852 3010 et
2893 2954 2987 3024 qui
3034 2962 3186 3009 veste
3235 2953 3505 3009 maculata
3552 2954 3817 3024 templum

524 3049 676 3107 idem
704 3065 859 3106 noxa:
883 3066 1052 3121 genus
1078 3052 1241 3106 fuerit
1273 3050 1610 3124 objurgatus,
1644 3053 1938 3118 maledicti,
1969 3053 2119 3109 verbi
2148 3091 2196 3155 ϐ
2225 3046 2424 3102 summi
2453 3045 2598 3116 regis
2627 3046 2983 3110 intraverant.
3009 3053 3065 3100 ει
3087 3045 3179 3114 (illi
3203 3044 3456 3100 altarium
3485 3044 3571 3098 his
3598 3043 3818 3099 ObnOXii

529 3139 726 3212 gratia,
753 3141 1161 3210 quomaledici,
1189 3141 1275 3195 vel
1301 3143 1393 3212 qui
1422 3143 1504 3209 ira
1533 3144 1952 3210 excandescunt,
1995 3161 2123 3217 pro-

529 3227 862 3299 pinquorum
908 3230 1115 3284 nomini
1160 3230 1482 3297 detrahunt;
1526 3232 1609 3287 vel
1652 3233 1992 3300 vinulentiae;
2037 3235 2124 3290 vel

529 3319 798 3376 orationis
823 3320 1100 3377 mendacis
1126 3331 1182 3378 et
1210 3323 1420 3388 otiosae,
1455 3323 1540 3379 vel
1568 3325 1791 3380 alterius
1821 3327 2124 3397 cujuspiam

528 3409 706 3481 culpae
729 3426 798 3466 ex
826 3411 895 3468 iis
920 3426 1038 3482 quae
1063 3413 1248 3468 multis
1273 3414 1540 3470 inhaerere
1560 3415 1787 3470 solent.»
1817 3414 2126 3472 Secundum

527 3498 845 3570 Apostolum
876 3500 898 3555 Ι
924 3500 991 3555 ad
1017 3499 1267 3556 Corinth.
1295 3517 1417 3573 cap.
1467 3518 1520 3557 vt
1549 3521 1562 3556 :
1596 3501 1779 3574 Neque
1803 3504 2007 3570 molles,
2039 3522 2128 3561 ne-

527 3593 829 3662 que‘avari,
865 3608 1028 3663 neque
1057 3591 1266 3658 ebriosi,
1294 3609 1511 3665 regnum
1541 3593 1639 3648 Dei
1672 3593 2044 3666 possidebunt;
2072 3604 2131 3653 et

532 3688 717 3738 tamen
738 3683 1003 3756 Origenes
1029 3690 1265 3739 testatur
1284 3697 1490 3740 morem
1517 3701 1626 3742 non
1651 3685 1818 3742 fuisse
1842 3685 2120 3756 Ecclesiae,

528 3779 595 3827 nt
639 3774 952 3840 maledicos,
999 3775 1286 3846 nequidem
1326 3790 1421 3832 eos
1451 3777 1543 3846 qui
1577 3778 2000 3848 propinquorum
2031 3791 2128 3834 no-

535 3864 673 3920 mini
721 3865 1115 3931 detrahebant,
1162 3874 1216 3921 et
1263 3867 1505 3922 ebriosos
1553 3868 1765 3939 publica
1805 3867 2126 3940 poenitentia

526 3955 772 4028 puniret.
801 3957 859 4010 Si
886 3958 1008 4027 quis
1035 3955 1256 4024 obiiciat
1285 3959 1354 4013 ab
1380 3958 1612 4031 Origene
1653 3959 1768 4016 hmc
1794 3961 2016 4016 minima
2039 3974 2129 4014 vo-

532 4049 674 4114 cari,
703 4049 948 4123 attendat
995 4047 1188 4104 Patres
1238 4050 1431 4106 horum
1483 4058 1784 4120 temporum
1831 4067 1939 4108 non
1971 4051 2128 4108 aliter

527 4136 746 4196 locutos
771 4152 910 4195 esse.
939 4137 1121 4207 Quare
1155 4139 1295 4209 apud
1324 4148 1572 4196 sanctum
1598 4139 1924 4212 Cyprianum
1962 4143 2128 4201 idolo-

531 4232 709 4287 iatrias
735 4231 940 4287 crimen
991 4247 1263 4287 summum
1299 4238 1384 4288 est
1421 4232 1696 4299 delictum,
1745 4234 2128 4305 gravissimum

531 4331 590 4381 et
614 4332 916 4380 extremum
943 4342 956 4378 :
986 4313 1198 4381 minora
1237 4339 1384 4391 vero,
1425 4324 1751 4382 adulterium
1793 4333 1850 4382 et
1891 4327 2128 4384 homici-

537 4415 710 4470 dium.
1204 4437 1210 4456 ς

601 4504 904 4576 Cyprianus
953 4505 1011 4559 in
1056 4505 1196 4560 libro
1240 4506 1306 4560 de
1351 4505 1581 4576 Lapsis:
1626 4522 1646 4555 ι
1676 4503 1980 4560 Studebant
2020 4521 2122 4561 au-

532 4599 706 4672 gendo
739 4598 1070 4669 patrimonio
1112 4598 1340 4669 singuli;
1371 4604 1426 4652 et
1449 4595 1606 4651 obliti
1651 4595 1783 4664 quid
1811 4596 2121 4663 credentes,

533 4699 626 4747 aut
651 4692 751 4746 sub
779 4690 1038 4761 apostolis
1079 4699 1204 4744 ante
1232 4689 1513 4753 fecissent,
1554 4695 1649 4741 aut
1693 4701 1905 4757 semper
1945 4687 2126 4746 facere

534 4787 822 4850 deberent,
865 4784 1162 4840 insatiabili
1207 4782 1520 4854 cupiditatis
1565 4783 1758 4839 ardore
1800 4783 2126 4855 ampliandis

532 4872 882 4932 facultatibus
910 4875 1263 4931 incubabant.
1290 4871 1408 4928 Non
1434 4871 1491 4926 in
1534 4873 1907 4928 sacerdotibus
1936 4873 2124 4944 religio

513 4970 748 5035 devota,
777 4985 884 5026 non
921 4971 978 5026 in
1020 4967 1287 5024 ministris
1315 4966 1450 5021 fides
1477 4965 1708 5036 integra,
1733 4981 1843 5021 non
1873 4966 1929 5021 in
1953 4967 2131 5036 operi-

533 5062 636 5116 bus
684 5059 1079 5124 misericordia,
1107 5073 1216 5113 non
1250 5057 1306 5111 in
1352 5056 1594 5112 moribus
1642 5055 1947 5126 disciplina.
1991 5056 2127 5113 Cor-

514 5160 696 5220 ,rupta
724 5151 896 5205 barba
922 5151 979 5204 in
1007 5149 1175 5215 viris;
1212 5149 1265 5202 in
1293 5145 1510 5201 feminis
1537 5146 1711 5202 forma
1748 5145 1946 5202 fucata.
1971 5147 2131 5202 Adul-

539 5241 700 5296 terati
728 5245 851 5310 post
879 5239 975 5293 Dei
1017 5254 1212 5294 manus
1237 5237 1404 5302 oculi,
1449 5237 1625 5308 capilli
1669 5238 1950 5294 mendacio
1986 5237 2131 5292 colo-

539 5334 664 5388 rati.
712 5331 796 5387 Ad
827 5331 1143 5400 decipienda
1187 5331 1350 5386 corda
1391 5330 1713 5400 simplicium
1743 5330 1950 5386 callidae
1991 5328 2131 5384 frau-

541 5425 654 5487 des,
698 5423 1189 5480 circumveniendis
1231 5422 1490 5479 fratribus
1531 5424 1768 5480 subdolae
1797 5423 2125 5480 voluntates.

539 5513 775 5586 Justgere
807 5531 928 5571 cum
970 5514 1278 5570 infidelibus
1304 5514 1578 5571 vinculum
1618 5515 1970 5582 matrimonii,
2002 5532 2131 5588 pro-

515 5609 770 5675 ,stituere
793 5606 1081 5681 gentilibus
1110 5608 1353 5663 membra
1382 5605 1584 5665 Christi
1611 5622 1628 5664 :
1659 5623 1767 5665 non
1789 5609 1978 5680 jurare
2007 5621 2129 5664 tan-

547 5706 664 5757 tum
703 5706 928 5767 temere,
958 5699 1056 5759 sed
1099 5699 1278 5759 adhuc
1300 5699 1463 5756 etiam
1494 5699 1741 5772 peierare
1767 5717 1781 5756 :
1808 5700 2127 5774 praepositos

2228 3158 2395 3199 manu
2441 3147 2936 3204 contrectaverant,
2985 3147 3079 3193 aut
3100 3146 3250 3194 veste
3277 3139 3646 3210 contigerant,
3682 3148 3744 3191 ut
3766 3137 3818 3191 in

2229 3234 2428 3290 caelum
2477 3231 2774 3288 ascendere
2823 3232 2985 3286 citius
3033 3228 3231 3296 fuerit,
3276 3238 3370 3284 aut
3420 3229 3600 3285 emori
3652 3229 3815 3284 satius

2229 3340 2391 3396 quam
2420 3324 2538 3379 haec
2559 3323 2815 3378 universa
2851 3337 3090 3379 servare.
3123 3322 3220 3377 His
3248 3323 3418 3392 igitur
3440 3337 3542 3377 nos
3565 3322 3820 3377 omnibus

2227 3417 2524 3487 multisque
2567 3424 2834 3487 pmterea
2886 3413 3192 3470 carnalibus
3239 3413 3387 3469 vitiis
3433 3421 3495 3468 ut
3535 3414 3713 3469 citius
3763 3410 3827 3467 ad

2227 3507 2500 3564 destinata
2529 3507 2760 3578 quisque
2793 3507 3094 3577 perveniat,
3129 3507 3347 3578 sanguis
3375 3505 3595 3561 Domini
3629 3506 3830 3562 libera-

2227 3599 2307 3654 vit
2344 3598 2652 3667 redemptos
2694 3610 2726 3651 a
2775 3597 3034 3652 servitute
3076 3596 3235 3668 legis,
3287 3604 3341 3652 et
3391 3595 3652 3650 libertate
3701 3594 3831 3651 ﬁdei

2229 3688 2622 3757 emancipatos.
2675 3685 2906 3756 Ideoque
2959 3687 3232 3758 apostolus
3280 3685 3524 3751 Paulus;
3575 3684 3688 3739 Vos
3733 3701 3834 3740 au-

2230 3786 2375 3844 tem,
2430 3778 2636 3848 inquit,
2684 3778 2742 3831 in
2798 3776 3092 3832 libertatem
3152 3778 3320 3832 vocati
3373 3777 3518 3830 estis.
3573 3776 3712 3831 Haec
3738 3774 3832 3836 illa

2230 3868 2478 3933 libertas,
2520 3868 2664 3938 quod
2695 3883 2803 3922 non
2831 3867 3084 3922 omnibus
3119 3867 3475 3939 astringimur
3501 3867 3707 3936 quibus
3741 3882 3832 3924 ve-

2230 3968 2378 4016 teres
2408 3960 2766 4025 tenebantur;
2817 3960 2912 4015 sed
2961 3958 3160 4015 donata
3205 3968 3267 4014 ut
3307 3960 3382 4014 ita
3422 3960 3660 4015 dixerim
3687 3959 3831 4014 silva

2232 4052 2554 4108 delictorum
2595 4061 2652 4107 et
2691 4052 3058 4108 remediorum
3095 4052 3429 4123 indulgentia
3464 4053 3746 4108 destinata
3778 4054 3832 4108 in

2230 4155 2407 4212 pauca
2450 4141 2689 4198 conclusi
2730 4157 2919 4197 sumus
2965 4151 3021 4196 et
3066 4142 3416 4208 necessaria;
3469 4157 3593 4213 qua:
3626 4154 3682 4197 et
3711 4159 3835 4199 ser-

2230 4249 2361 4289 vare
2413 4233 2730 4290 facillimum
2774 4241 2920 4290 esset
2967 4234 3334 4299 credentibus,
3393 4241 3444 4289 et
3495 4250 3731 4297 cavere;
3777 4243 3838 4290 ut

2235 4327 2588 4384 meritissimo
2627 4327 2915 4383 Tartarum
2954 4344 3064 4384 non
3090 4336 3370 4384 recusaret
3399 4329 3494 4398 qui
3525 4336 3689 4383 tantae
3723 4328 3835 4386 doc

2152 4445 2208 4506 ι)
2234 4425 2442 4481 nationi
2489 4426 2754 4497 ingratus,
2803 4439 2871 4480 ne
2917 4426 3035 4480 hate
3078 4425 3296 4494 quidem
3323 4439 3496 4494 pauca
3527 4432 3834 4479 servasset.

2242 4516 2373 4584 Quae
2398 4516 2510 4571 sint
2543 4523 2723 4570 autem
2761 4515 2882 4578 ista,
2923 4515 3218 4570 videamus.
3267 4514 3398 4570 Post
3438 4514 3654 4570 Domini
3700 4530 3840 4584 pas-

2237 4610 2469 4674 sionem,
2501 4608 2729 4677 apostoli
2772 4605 3020 4663 tractatis
3065 4607 3316 4663 omnibus
3363 4616 3526 4677 atque
3559 4606 3840 4663 discussis

2243 4697 2531 4768 epistolam
2568 4698 2923 4762 tradiderunt,
2969 4697 3056 4752 his
3082 4698 3174 4766 qui
3199 4713 3266 4752 ex
3296 4699 3548 4768 gentibus
3575 4698 3842 4753 credidé

2236 4799 2392 4858 rant,
2443 4789 2838 4861 perferendam.
2896 4788 3150 4859 Epistolas
3199 4788 3466 4842 sententia
3515 4788 3632 4842 lucc
3675 4786 3835 4842 fuit:

2205 4878 2527 4950 .«Apostoli
2582 4886 2636 4932 et
2687 4875 2990 4947 presbyteri
3037 4874 3234 4930 fratres
3281 4875 3366 4929 his
3413 4875 3506 4946 qui
3554 4882 3683 4929 sunt
3716 4873 3838 4928 An-

2242 4988 2261 5022 ‹
2283 4969 2500 5024 tiochiae
2525 4976 2580 5023 et
2609 4966 2799 5038 Syriae,
2831 4974 2885 5022 et
2909 4964 3111 5022 Cilicia;
3159 4963 3418 5019 fratribus
3457 4963 3552 5033 qui
3599 4971 3736 5018 sunt
3765 4979 3839 5018 ex

2241 5061 2535 5133 «gentibus
2575 5059 2821 5114 salutem.
2879 5057 3144 5124 Quoniam
3201 5055 3507 5111 audivimus
3555 5056 3838 5125 quosdam

2242 5172 2263 5205 ς
2284 5169 2351 5208 ex
2377 5153 2533 5208 nobis
2570 5152 2788 5216 exiisse,
2817 5157 2873 5206 et
2899 5151 3253 5205 conturbasse
3287 5163 3384 5204 vos
3409 5147 3611 5202 verbis.
3636 5168 3657 5199 ι
3686 5146 3837 5202 Item

2235 5243 2414 5298 infra:
2447 5242 2675 5297 «Visum
2723 5249 2809 5296 est
2848 5239 2993 5294 enim
3036 5248 3222 5293 sancto
3271 5236 3500 5307 Spiritui
3544 5243 3602 5289 et
3641 5236 3833 5298 nobis,

2243 5355 2262 5386 ‹
2283 5335 2487 5391 nullum
2535 5333 2762 5404 amplius
2802 5331 3004 5401 imponi
3047 5329 3200 5384 vobis
3223 5328 3436 5398 pondus
3456 5334 3836 5397 praeterquam

2244 5445 2262 5478 ‹
2285 5427 2400 5482 ιιωο
2424 5443 2436 5480 :
2465 5439 2686 5480 necesse
2709 5432 2794 5477 est
2818 5430 2878 5476 ut
2903 5419 3222 5476 abstineatis
3255 5433 3351 5473 vos
3379 5418 3448 5473 ab
3476 5415 3832 5486 idolothytis,

2244 5535 2263 5569 ‹
2285 5526 2340 5573 et
2365 5516 2645 5588 sanguine,
2677 5525 2731 5568 et
2758 5511 3138 5576 fornicatione,
3166 5526 3196 5565 a
3223 5511 3420 5580 quibus
3440 5509 3830 5573 observantes.

2244 5626 2262 5660 ι
2283 5608 2422 5664 bene
2447 5606 2642 5677 egetis,
2672 5603 2863 5659 valete.
2889 5623 2906 5656 ›
2938 5600 3065 5658 Haec
3083 5610 3168 5658 est
3188 5600 3318 5658 Novi
3345 5597 3678 5656 Testamenti
3707 5606 3829 5653 tota

2238 5698 2530 5758 conclusio.
2560 5697 2856 5768 Despectus
2882 5696 2937 5753 in
2961 5694 3148 5752 multis
3173 5693 3408 5765 Spiritus
3433 5699 3676 5754 sanctus,
3702 5689 3830 5748 hac
