4060 6350
268 368 403 424 1201

1119 372 1209 430 AB
1248 368 1418 435 ΟΜΝῙ
1451 370 1821 437 NOVI'I‘ATIS
1858 369 2260 431 SUSPlClONE
2297 369 2687 427 VlNDlCATA.

3394 377 3537 434 1209

268 480 452 548 nobis,
482 481 732 553 capitalis
760 459 987 555 periculi
1013 490 1344 559 conditione,
1376 494 1592 566 legavit.
1627 478 1853 563 Reliqua
1879 498 1935 556 Α
1958 497 2069 554 tur,
2098 486 2295 542 Paulus
2338 486 2663 541 sententiam
2705 483 2917 553 extulit,
2967 502 3091 543 cum
3134 488 3290 557 dixit,
3342 491 3535 566 dignos

266 584 496 647 peccata
528 576 812 633 meliorum
843 595 1065 651 operum
1097 588 1533 657 compensatione
1556 598 1846 644 curantur:

266 668 388 725 haec
414 684 543 725 vero
570 672 674 726 tria
704 674 954 741 crimina,
989 684 1048 732 ut
1074 677 1310 735 basilisci
1351 681 1579 751 alicujus
1617 683 1847 750 afﬂatus,

264 766 327 813 ut
353 761 546 815 veneni
587 762 747 829 calix,
793 773 854 818 ut
894 764 1069 822 letalis
1097 771 1323 837 arundo,
1365 774 1649 828 metuenda
1679 783 1845 829 sunt:

264 867 377 907 non
407 853 551 907 enim
590 855 763 910 vitare
798 857 1052 925 animam,
1085 862 1178 917 sed
1204 864 1530 935 intercipere
1556 874 1843 923 noverunt.

264 941 445 1009 Quare
480 946 745 1002 tenacitas
788 949 1122 1008 humanitate
1170 955 1488 1023 redimetur,
1543 958 1847 1013 convicium

261 1036 637 1092 satisfactione
656 1041 991 1107 pensabitur,
1016 1046 1236 1101 tristitia
1257 1044 1619 1115 jucunditate,
1642 1050 1849 1120 asperi-

260 1135 350 1182 tas
376 1127 618 1195 lenitate,
651 1133 915 1201 gravitate
944 1135 1155 1203 levitas,
1182 1139 1466 1196 honestate
1494 1143 1845 1212 perversitas,

260 1226 315 1272 et
352 1235 707 1291 quacunque,
740 1226 1029 1282 contrariis
1058 1230 1343 1285 emendata
1369 1233 1680 1302 proﬁciunt.
1705 1234 1846 1302 Quid

258 1326 394 1367 vero
418 1312 580 1367 faciet
605 1322 943 1385 contemptor
969 1316 1098 1372 Dei?
1127 1319 1267 1386 Quid
1290 1330 1413 1393 aget
1434 1325 1846 1394 sanguinarius?

261 1405 416 1472 Quod
446 1406 744 1462 remedium
773 1409 948 1480 capiet
980 1411 1309 1470 fornicator?
1348 1418 1590 1488 nunquid
1616 1428 1709 1473 aut
1731 1419 1847 1488 pla-

262 1510 393 1551 care
442 1495 727 1550 Dominum
760 1498 1004 1555 desertor
1030 1502 1199 1572 ipsius
1227 1507 1461 1574 poterit:
1493 1518 1585 1562 aut
1626 1524 1847 1565 conser-

260 1600 396 1641 vare
425 1588 738 1656 sanguinem
768 1604 942 1656 suum,
972 1593 1064 1660 qui
1095 1593 1232 1648 fudit
1256 1596 1517 1663 alienum;
1548 1607 1640 1653 aut
1666 1601 1847 1656 redin-

262 1683 477 1745 tegrare
510 1676 603 1731 Dei
631 1678 910 1747 templum,
941 1681 1032 1750 qui
1064 1682 1195 1738 illud
1233 1684 1548 1743 fornicando
1592 1690 1845 1746 violavit?
1886 1748 1887 1751 η

258 1766 369 1821 ista
410 1775 536 1824 sunt
570 1770 842 1839 capitalia,
888 1765 1106 1840 fratres,
1140 1775 1244 1831 ista
1274 1779 1546 1846 mortalia,
1592 1790 1697 1836 etc.
1736 1781 1842 1837 Ac-

1956 587 2135 634 morte
2163 592 2285 633 esse
2307 576 2398 647 qui
2426 574 2553 630 talia
2581 585 2765 647 agunt.
2789 596 2808 630 ›
2859 576 3062 633 Saltem
3103 584 3531 653 consuetudinis,

1951 688 2115 743 quam
2166 671 2466 742 improbat,
2520 672 2635 741 ipse
2684 672 2836 727 testis
2877 681 2963 727 est
3005 683 3226 731 sanctus
3279 660 3532 735 Basilius.

1949 764 2142 820 Utrum
2164 780 2293 819 vero
2324 780 2443 819 mos
2470 780 2629 832 quem
2660 772 2879 821 sanctus
2907 764 3177 822 Pacianus
3207 775 3438 824 testatur
3464 785 3533 827 ex

1946 856 2235 912 traditione
2280 856 2648 928 apostolorum
2693 857 3057 924 descendisse,
3094 856 3216 929 jure
3243 863 3535 932 reprehen-

1949 950 2155 1006 dendus
2204 950 2296 1016 sit,
2342 950 2424 1006 sic
2450 950 2671 1022 exponit
2698 950 2868 1020 ipsius
2889 948 3059 1007 frater
3083 961 3304 1009 sanctus
3329 952 3535 1028 Grego—

1947 1040 2064 1096 rius
2092 1040 2387 1112 Nyssenus.

2018 1130 2313 1202 Gregorius
2360 1131 2638 1203 Nyssenus
2683 1132 2739 1186 in
2785 1132 3011 1203 epistola
3060 1134 3315 1192 canonica
3341 1135 3535 1194 adLe-

1948 1222 2119 1279 toium
2165 1222 2522 1292 episcopum:
2559 1243 2577 1274 ί
2601 1223 2792 1279 Restat
2836 1224 2903 1278 ad
2942 1224 3059 1279 hzec
3099 1232 3158 1279 ut
3206 1225 3535 1282 irascentem

1948 1313 2144 1367 animce
2169 1321 2380 1382 partem
2418 1314 2832 1370 examinandam
2868 1331 3232 1387 proponamus
3269 1358 3284 1383 ,
3316 1317 3537 1388 quando

1945 1401 2094 1473 lapsa
2141 1419 2172 1458 a
2219 1404 2361 1460 bono
2410 1405 2504 1459 irae
2548 1421 2648 1460 usu
2679 1406 2733 1461 in
2761 1416 3043 1477 peccatum
3085 1408 3359 1464 ceciderit.
3395 1409 3533 1465 Cum

1946 1505 2129 1551 autem
2173 1497 2345 1552 multa
2398 1498 2508 1553 sint
2559 1515 2679 1569 quae
2723 1516 2821 1570 per
2858 1501 2995 1556 iram
3036 1501 3172 1557 ﬁunt
3202 1512 3444 1575 peccata,
3476 1511 3537 1562 et

1944 1589 2123 1644 omnis
2158 1590 2374 1661 generis
2410 1590 2570 1656 mala,
2606 1590 2809 1661 placuit
2842 1592 3091 1648 omnibus
3117 1594 3320 1649 nostris
3348 1593 3535 1649 Patri-

1944 1678 2066 1745 bus,
2106 1680 2159 1733 in
2190 1679 2312 1734 aliis
2345 1680 2563 1750 quidem
2602 1697 2709 1736 non
2758 1682 2982 1737 nimium
3032 1683 3299 1739 subtiliter
3345 1698 3532 1754 agere,

1944 1784 2047 1824 nec
2092 1770 2318 1824 nimium
2354 1770 2408 1824 in
2445 1786 2510 1825 eo
2537 1771 2702 1826 studii
2740 1786 3027 1842 Opemque
3065 1788 3289 1843 ponere,
3324 1782 3385 1828 ut
3413 1788 3534 1829 om-

261 1858 428 1928 είρίιε
457 1859 753 1915 remedium
797 1862 841 1917 si
886 1864 1176 1933 desperare
1217 1870 1492 1939 coepistis;
1533 1873 1578 1926 si
1618 1874 1845 1930 miseros
1877 1866 1922 1926 Β
1946 1856 2035 1911 nia
2066 1872 2185 1927 qua:
2211 1874 2275 1913 ex
2312 1858 2394 1912 ira
2422 1869 2780 1915 nascerentur
2805 1860 2998 1916 delicta
3024 1871 3311 1917 curarent:
3339 1877 3531 1932 quam-

264 1950 719 2021 vosagnoscitis,
751 1951 795 2006 si
820 1952 1038 2009 timetis.
1066 1977 1083 2008 ι
1132 1956 1295 2012 Multa
1318 1971 1443 2014 sunt
1474 1962 1527 2015 in
1558 1963 1657 2018 hoc
1688 1966 1843 2020 testi—

259 2042 447 2097 monio
493 2044 729 2099 maxime
774 2046 1204 2103 consideranda:
1231 2050 1272 2104 Ι.
1306 2052 1571 2109 Paciauus
1606 2055 1847 2114 declarat

262 2150 295 2189 a
320 2150 380 2189 se
413 2136 615 2204 requiri
663 2152 911 2207 quamam
942 2140 1050 2194 sint
1078 2142 1305 2199 crimina
1336 2146 1548 2215 publica
1576 2150 1844 2219 pteniten-

259 2225 337 2279 tia
370 2226 671 2297 plectenda,
706 2245 773 2283 ne
797 2231 918 2300 quis
945 2233 1219 2289 existimet
1246 2252 1303 2292 se
1330 2239 1466 2295 velle
1491 2256 1650 2298 omne
1675 2260 1843 2315 genus

262 2316 560 2372 humanum
608 2319 896 2376 indiscreta
944 2322 1063 2395 lege
1106 2328 1402 2396 paenitendi
1446 2335 1838 2407 constringere.

255 2406 323 2461 ll.
354 2407 493 2462 Dicit
519 2408 701 2466 ﬁdeles
731 2426 880 2467 novae
909 2413 1043 2486 legis
1074 2416 1142 2471 ab
1169 2419 1393 2489 antiqua
1423 2420 1539 2493 lege
1568 2427 1841 2483 servitutis

256 2498 517 2555 liberatos
559 2502 626 2556 ad
664 2519 835 2573 pauca
864 2506 1111 2564 redactos
1139 2524 1258 2566 esse
1284 2520 1340 2567 et
1361 2518 1691 2583 necessaria,
1722 2535 1841 2589 quae

255 2600 312 2647 et
341 2608 560 2648 servare
602 2594 917 2656 facillimum
948 2610 1093 2656 esset
1126 2612 1180 2657 et
1207 2619 1421 2661 cavere.
1472 2608 1555 2662 lll.
1584 2609 1690 2665 Ista
1717 2627 1838 2682 qua:

253 2686 439 2740 caveri
466 2686 678 2751 debent,
707 2688 776 2742 ab
804 2691 1058 2761 apostolis
1097 2702 1281 2750 notata
1321 2712 1443 2754 esse
1486 2700 1572 2755 his
1614 2701 1834 2758 verbis:

256 2775 446 2834 Visum
490 2790 573 2837 est
619 2781 844 2852 Spiritui
868 2796 1057 2843 sancto
1084 2796 1139 2844 et
1166 2792 1345 2860 nobis,
1376 2794 1581 2850 nullum
1609 2796 1840 2867 amplius

255 2870 460 2941 imponi
498 2874 652 2928 vobis
692 2878 903 2944 pondus
936 2888 1298 2952 przeterquam
1330 2884 1445 2940 haec
1469 2900 1483 2940 :
1508 2902 1729 2943 necesse
1756 2897 1838 2944 est

254 2969 315 3015 ut
363 2962 678 3020 abstineatis
722 2981 818 3021 vos
866 2969 934 3023 ab
980 2970 1313 3044 idolothytis,
1362 2985 1418 3029 et
1446 2979 1737 3048 sanguine,
1780 2988 1837 3034 et

253 3049 631 3120 fornicatione,
673 3065 778 3112 etc.
808 3058 896 3113 1V.
936 3058 1063 3117 Haec
1091 3064 1196 3118 tria
1227 3066 1456 3120 crimina
1480 3068 1660 3123 vocari
1689 3070 1836 3140 capi-

253 3142 382 3198 talia
408 3155 462 3200 et
493 3148 758 3214 mortalia,
805 3159 860 3205 et
904 3152 1018 3207 sola
1067 3169 1185 3210 esse
1223 3170 1341 3225 quze
1384 3160 1713 3228 pmnitentim
1733 3176 1834 3230 pu-

1947 1949 2028 2004 vis
2051 1947 2329 2020 Scriptura
2356 1966 2462 2005 non
2491 1951 2664 2006 solum
2690 1952 2886 2008 vulnus
2911 1953 3212 2023 prohibeat,
3247 1957 3339 2011 sed
3362 1956 3530 2010 etiam

1946 2053 2105 2094 omne
2152 2040 2452 2096 convicium
2487 2041 2571 2096 vel
2611 2042 2978 2108 maledictum,
3028 2053 3083 2097 et
3127 2046 3175 2099 si
3208 2046 3337 2113 quid
3378 2045 3531 2099 aliud

1945 2127 2209 2197 ejusmodi
2236 2131 2317 2185 ira
2344 2130 2507 2187 efﬁcit
2532 2149 2547 2186 :
2579 2132 2672 2187 sed
2701 2132 2872 2188 solam
2898 2132 3060 2189 czedis
3083 2136 3388 2190 cautionem
3412 2136 3534 2191 suis

1942 2220 2119 2289 poenis
2150 2221 2586 2287 introduxerunt,
2630 2230 2734 2276 etc.
2774 2221 2956 2277 Altera
2996 2232 3174 2278 autem
3212 2225 3533 2280 idololatria:

1942 2311 2172 2379 species,
2196 2311 2274 2366 sic
2299 2312 2443 2367 enim
2471 2312 2684 2367 divinus
2715 2314 2991 2383 apostolus
3021 2316 3307 2371 avaritiam
3345 2317 3534 2388 appel-
3620 2320 3623 2323 ’

1941 2399 2038 2467 lat,
2088 2403 2271 2457 nescio
2312 2405 2580 2473 quomodo
2621 2405 2823 2475 absque
2868 2406 2975 2461 ulla
3023 2423 3196 2477 ptenaa
3240 2410 3451 2463 medela
3492 2423 3531 2463 a

1940 2488 2193 2547 Patribus
2215 2494 2577 2563 praetermissa
2609 2495 2697 2550 sit.
2729 2495 2890 2566 Atqui
2934 2496 3038 2552 hoc
3074 2497 3276 2552 malum
3306 2497 3527 2568 quidem

1940 2582 2155 2639 videtur
2176 2599 2293 2640 esse
2315 2586 2477 2640 trium
2500 2587 2667 2641 animi
2692 2589 3139 2645 constitutionum
3160 2590 3392 2657 affectio,
3416 2599 3527 2647 etc.

1939 2675 2009 2730 Et
2032 2684 2092 2731 ut
2124 2678 2177 2731 in
2207 2678 2519 2735 universum
2546 2680 2745 2747 dicam,
2777 2682 2863 2737 hic
2896 2681 3116 2738 morbus
3146 2698 3267 2737 cum
3303 2693 3525 2754 aposto-

1939 2767 2044 2824 lica
2071 2770 2313 2826 avaritize
2335 2770 2647 2828 deﬁnitione
2668 2775 2959 2830 consentit.
2981 2775 3207 2832 Divinus
3227 2777 3369 2831 enim
3395 2792 3525 2847 apo-

1938 2863 2109 2919 stolus
2149 2880 2267 2919 eam
2313 2882 2421 2922 non
2468 2866 2641 2924 solum
2683 2868 3065 2938 idololatriam,
3094 2873 3186 2927 sed
3212 2873 3374 2927 etiam
3412 2888 3527 2927 om-

1937 2955 2087 3010 nium
2117 2957 2381 3013 malorum
2411 2959 2647 3015 radicem
2673 2964 3068 3031 pronuntiavit,
3102 2972 3208 3019 etc.
3243 2963 3350 3018 Sed
3370 2965 3436 3019 de
3456 2965 3528 3018 iis

1939 3048 2153 3127 quidem
2173 3091 2187 3116 ,
2232 3052 2489 3120 quoniam
2521 3052 2574 3127 id
2600 3068 2629 3107 a
2660 3053 2911 3109 Patribus
2952 3058 3377 3126 praetermissum
3416 3070 3524 3123 est,

1939 3140 2191 3198 sufficere
2219 3145 2473 3201 existimo
2510 3146 2722 3217 publica
2758 3150 3018 3205 doctrinm
3041 3152 3270 3219 ratione,
3300 3168 3361 3206 ea
3390 3169 3526 3224 quo-

251 3232 409 3291 blicze
456 3239 693 3295 remedio
737 3241 995 3311 indigent.
1032 3245 1095 3299 ν.
1131 3221 1355 3317 Reliqua
1384 3221 1615 3319 peccata
1645 3221 1833 3308 melio-
1858 3221 1906 3287 ο
1935 3233 2094 3289 Ῑηοάο
2138 3234 2254 3289 ﬁeri
2306 3245 2481 3306 Ροίθεί
2514 3254 2730 3304 “mare,
2776 3240 2942 3295 νοίυῑί
2990 3244 3252 3311 (Ιυοδάθῐη
3302 3221 3525 3298 ωοέδοε

255 3339 381 3379 rum
443 3342 666 3397 operum
721 3335 1162 3401 compensatione
1218 3339 1421 3393 curari.
1497 3340 1612 3395 Non
1666 3342 1835 3411 igitur

256 3424 413 3469 recte
440 3415 491 3470 Ι.
523 3416 756 3475 Morinus
798 3424 1091 3492 concludit,
1138 3426 1364 3482 crimina
1405 3428 1471 3484 de
1510 3431 1704 3500 quibus
1748 3432 1835 3487 in-

255 3504 426 3577 telligi
468 3524 572 3564 non
614 3522 839 3579 possunt
881 3516 1089 3585 antiqui
1118 3532 1353 3573 canones
1386 3520 1738 3590 poenitentiae,
1766 3522 1834 3579 ab

252 3597 495 3668 antiquis
516 3599 766 3659 Patribus
785 3621 1008 3676 prorsus
1030 3608 1275 3677 neglecta
1304 3610 1491 3668 fuisse.

325 3736 555 3796 Basilius
596 3742 652 3796 in
696 3744 922 3814 epistola
968 3749 1226 3803 canonica
1275 3750 1343 3805 ad
1378 3749 1830 3820 Amphilochium,

251 3842 377 3882 can.
410 3830 517 3886 30:
550 3850 570 3884 ‹
590 3832 668 3889 De
706 3835 791 3891 his
831 3838 924 3906 qui
954 3839 1172 3909 rapiunt
1197 3855 1461 3896 canonem
1489 3842 1709 3912 quidem
1734 3857 1834 3897 an-

254 3918 465 3988 tiquum
485 3937 592 3978 non
615 3924 898 3992 habemus,
929 3929 1023 3984 sed
1046 3931 1319 3999 propriam
1355 3933 1684 3988 sententiam
1712 3948 1837 4003 pro—

253 4008 504 4080 ferimus,
535 4024 596 4071 ut
624 4016 726 4087 ipsi
760 4026 816 4073 et
839 4019 933 4088 qui
962 4034 1085 4075 cum
1120 4022 1200 4075 eis
1230 4022 1445 4093 rapiunt
1474 4024 1650 4079 tribus
1677 4024 1835 4081 annis

253 4103 367 4158 sint
391 4115 546 4161 extra
574 4110 868 4165 orationes.
897 4132 915 4163 ι
959 4112 1097 4167 Cum
1128 4122 1346 4169 sanctus
1385 4113 1616 4171 Basilius
1658 4116 1836 4172 decla-

252 4202 341 4251 ret
371 4209 429 4249 se
453 4197 687 4267 primum
714 4214 832 4256 esse
857 4202 949 4271 qui
973 4204 1341 4272 paenitentiam
1367 4204 1636 4275 publicam
1665 4215 1838 4276 rapto-

252 4282 406 4341 ribus
448 4287 724 4355 indixerit,
771 4292 1015 4362 nunquid
1045 4293 1248 4349 idcirco
1280 4292 1471 4350 Patres
1496 4294 1703 4365 antiqui
1731 4295 1839 4350 cri-

252 4391 381 4432 men
424 4387 609 4449 raptus
642 4397 866 4451 prorsus
913 4383 1266 4455 neglexerunt
1310 4394 1366 4441 et
1412 4385 1615 4441 nullam
1659 4387 1726 4441 de
1772 4401 1838 4443 eo

252 4484 444 4527 curam
493 4484 794 4543 gesserunt.
826 4475 933 4531 Sed
963 4476 1086 4532 vide
1123 4477 1373 4549 Origenis
1413 4478 1692 4534 homiliam
1716 4480 1751 4535 3
1780 4478 1837 4533 in

250 4555 481 4616 Levitici
526 4578 646 4635 cap.
690 4582 766 4633 vi,
809 4568 901 4623 ubi
942 4569 1138 4625 asserit
1180 4584 1370 4625 omnes
1418 4579 1685 4640 raptores,

250 4651 566 4721 mulierum,
612 4657 725 4712 sive
755 4658 986 4715 aliarum
1014 4676 1216 4728 rerum,
1262 4677 1371 4717 non
1407 4676 1567 4732 posse
1607 4679 1834 4735 regnum

250 4743 351 4802 Dei
380 4749 675 4816 possidere,
702 4751 806 4806 nisi
835 4753 900 4808 de
930 4753 997 4809 iis
1021 4754 1233 4824 egerint
1256 4754 1649 4826 ptenitentiam.

324 4883 557 4943 Basilius
594 4889 650 4943 in
675 4893 941 4962 prooemio
963 4894 1027 4949 ad
1050 4894 1246 4950 librum
1277 4895 1588 4952 Ethicorum
1614 4914 1627 4951 :
1662 4914 1682 4948 ι
1704 4895 1833 4952 Sine

250 4975 417 5031 dubio
454 4980 688 5048 pessima
729 4998 827 5039 nos
868 4986 1079 5056 decepit
1126 4989 1493 5054 consuetudo;
1528 4988 1643 5044 sine
1669 4988 1829 5043 dubio

251 5081 575 5137 magnorum
600 5071 655 5125 in
684 5073 840 5130 nobis
866 5075 1132 5131 malorum
1155 5092 1317 5133 causa
1348 5079 1559 5133 exstitit
1580 5092 1831 5148 perversa

248 5154 530 5213 hominum
558 5163 799 5229 traditio,
832 5181 950 5236 qua:
974 5166 1222 5223 videlicet
1261 5185 1326 5224 ex
1362 5170 1601 5241 peccatis
1634 5170 1832 5238 partim

249 5245 558 5317 declinarit,
599 5256 795 5323 partim
834 5258 981 5312 nullo
1016 5258 1324 5315 discrimine
1368 5260 1607 5316 adhibito
1648 5276 1829 5316 susce-

248 5338 431 5408 perit:
458 5352 659 5399 etcum
688 5345 808 5402 aliis
836 5349 1186 5405 vehementer
1213 5365 1271 5406 se
1300 5350 1578 5407 assimulet
1602 5365 1831 5406 succen-

247 5443 396 5497 sere,
429 5433 597 5489 veluti
647 5438 960 5507 homicidio,
1011 5442 1274 5497 adulterio
1299 5452 1354 5498 et
1378 5442 1587 5497 caeteris
1616 5441 1830 5513 generis

247 5519 518 5592 ejusdem,
551 5526 654 5583 alia
678 5546 745 5583 ne
768 5530 997 5601 simplici
1024 5532 1242 5601 quidem
1271 5533 1637 5602 increpatione
1670 5532 1831 5603 digna

238 5613 472 5685 judicet,
504 5620 666 5675 veluti
690 5622 1048 5690 iracundiam,
1079 5623 1403 5691 convicium,
1435 5624 1829 5689 temulentiam,

250 5713 564 5778 avaritiam,
608 5724 663 5769 et
693 5716 738 5771 si
768 5732 874 5787 qua
901 5725 1025 5771 sunt
1050 5716 1134 5771 his
1160 5715 1377 5780 similia,
1410 5716 1670 5771 adversus
1713 5731 1833 5785 qua:

249 5806 437 5863 omnia
466 5807 593 5864 alibi
620 5810 785 5867 etiam
824 5810 889 5880 is,
921 5826 989 5866 ex
1014 5808 1165 5880 cujus
1189 5824 1283 5866 ore
1308 5806 1557 5866 Christus
1583 5805 1856 5889 loqueba-_

1936 3341 2002 3379 ex
2057 3325 2355 3394 repletione
2397 3336 2567 3391 ortos,
2610 3326 2950 3399 inexplebilis
2991 3334 3230 3388 avaritiae
3284 3333 3525 3389 affectio-

1936 3430 2057 3479 nes,
2106 3417 2350 3473 oratione
2394 3430 2705 3489 purgantes.
2746 3420 2930 3476 Solum
2978 3432 3158 3478 autem
3204 3423 3429 3490 furtum,
3468 3432 3525 3481 et

1935 3508 2303 3578 sepulcrorum
2334 3510 2699 3579 eil‘ossionem,
2722 3523 2777 3568 et
2803 3515 3145 3586 sacrilegium
3175 3518 3306 3572 vitia
3331 3519 3522 3575 existi-

1935 3611 2167 3667 mamus,
2199 3602 2339 3670 quod
2371 3602 2450 3657 sic
2476 3619 2506 3657 a
2534 3602 2757 3658 Patrum
2784 3606 3194 3675 consequentia,
3226 3607 3342 3661 haec
3367 3607 3524 3665 nobis

1936 3689 2157 3743 traditio
2185 3688 2327 3745 facta
2352 3692 2440 3746 sit.
2475 3692 2637 3763 Atqui
2666 3695 2807 3764 apud
2832 3694 3072 3751 divinam
3100 3695 3437 3767 Scripturam
3463 3706 3523 3755 et

1936 3780 2096 3837 fenus
2121 3790 2177 3836 et
2201 3798 2367 3837 usura
2414 3794 2538 3838 sunt
2576 3784 2870 3855 prohibita,
2902 3798 2957 3842 et
2984 3802 3083 3858 per
3110 3789 3396 3858 quamdam
3424 3803 3523 3860 po-

1938 3874 2184 3941 tentiam,
2238 3876 2303 3930 ad
2352 3892 2505 3931 suam
2550 3878 2947 3946 possessionem
2996 3878 3171 3934 aliena
3214 3881 3520 3947 traducere,

1938 3968 2148 4022 etiamsi
2178 3969 2278 4023 sub
2306 3977 2617 4024 contractus
2645 3978 2739 4025 aut
2762 3973 3143 4028 transactionis
3192 3975 3372 4043 specie
3419 3976 3523 4030 hoc

1938 4047 2167 4115 fortasse
2212 4059 2412 4115 factum
2460 4062 2550 4117 sit.
2598 4062 2863 4130 Quoniam
2907 4081 3037 4137 ergo
3082 4083 3180 4122 nos
3212 4068 3429 4137 quidem
3453 4067 3523 4123 ad

1939 4164 2204 4205 canonum
2255 4160 2577 4221 potestatem
2623 4157 3017 4225 assequendam
3065 4157 3171 4212 fide
3216 4159 3361 4228 digni
3410 4173 3521 4212 non

1939 4256 2147 4308 sumus,
2184 4242 2238 4296 in
2267 4242 2332 4298 iis
2358 4258 2476 4313 quae
2501 4259 2568 4298 ex
2598 4246 2846 4302 confesso
2871 4248 3141 4317 prohibita
3175 4256 3320 4312 sunt,
3353 4262 3521 4303 cano-

1939 4333 2118 4388 nicam
2162 4336 2487 4389 sententiam
2522 4336 2680 4391 dictis
2705 4337 2820 4407 jam
2852 4337 3185 4408 adjiciemus.
3212 4358 3229 4390 ι
3285 4337 3517 4394 Sanctus

1940 4422 2230 4496 Gregorius
2255 4426 2529 4498 Nyssenus
2556 4444 2661 4483 non
2697 4430 2965 4498 vituperat
2994 4429 3248 4485 Ecclesiae
3271 4446 3478 4486 morem
3497 4472 3515 4497 ,

1941 4514 2007 4569 de
2032 4515 2206 4571 tribus
2236 4525 2445 4572 tantum
2478 4519 2797 4574 criminibus
2822 4535 2852 4573 a
2878 4528 3063 4576 sancto
3086 4518 3320 4576 Paciano
3354 4536 3518 4593 supra

1720 4572 1836 4629 είνθ
1863 4580 1918 4646 D
1940 4607 2141 4662 notatis
2178 4608 2389 4679 publice
2434 4610 2729 4680 pamitendi
2762 4628 2773 4662 :
2818 4611 2926 4665 imo
2963 4611 3239 4666 existimat
3262 4572 3516 4670 sufficere

1940 4706 2135 4754 caetera
2178 4708 2424 4769 peccata,
2473 4715 2591 4769 quae
2637 4699 2761 4755 licet
2803 4718 2835 4757 a
2878 4717 3043 4773 regno
3070 4702 3167 4757 Dei
3205 4704 3516 4771 excludant,

1938 4790 2060 4846 aliis
2104 4792 2354 4846 remediis
2392 4805 2604 4856 curare,
2635 4799 2690 4845 et
2711 4791 2877 4846 veluti
2914 4793 3173 4862 quosdam
3202 4794 3420 4849 morbos
3446 4808 3518 4851 ex

1933 4880 2229 4951 repletione
2281 4891 2431 4937 ortos
2456 4923 2470 4949 ,
2526 4882 2863 4952 inexplebilis
2914 4884 3155 4939 avaritiae
3203 4883 3517 4943 aii'ectiones

1933 4987 2183 5043 purgare.
2214 4971 2290 5027 Ne
2314 4973 2437 5043 quis
2474 4990 2605 5029 vero
2634 4974 2817 5031 forsan
2857 4984 3155 5045 opponeret
3189 4976 3514 5032 sententiam

1932 5063 2105 5117 sancti
2128 5061 2312 5119 Basilii
2336 5073 2391 5119 et
2413 5064 2659 5137 Gregorii
2688 5065 3033 5131 Nazianzeni,
3066 5067 3159 5136 qui
3189 5068 3241 5122 in
3269 5068 3515 5122 oratione

1929 5153 1998 5209 59
2023 5154 2101 5208 sic
2146 5154 2422 5225 loquitur:
2460 5156 2637 5225 «Quid
2680 5165 2859 5211 autem
2899 5156 3093 5212 Novati
3131 5158 3511 5213 crudelitatem

1928 5261 2025 5316 pro
2054 5244 2171 5316 lege
2201 5246 2453 5314 habeam,
2500 5248 2594 5319 qui
2633 5248 2916 5302 avaritiam
2961 5248 3200 5318 quidem,
3255 5249 3359 5304 hoc
3404 5255 3510 5313 est,

1929 5338 2158 5393 alterum
2188 5339 2504 5395 idololatria:
2525 5355 2716 5411 genus,
2746 5339 2891 5395 nullo
2914 5339 3177 5411 supplicio
3194 5338 3509 5407 vindicavit,

1932 5440 2175 5502 stuprum
2226 5442 2406 5488 autem
2458 5435 2533 5489 ita
2572 5450 2712 5490 saeve
2763 5435 3061 5504 acerbeque
3113 5432 3511 5500 condemnavit,

1938 5524 2086 5594 quasi
2116 5524 2257 5577 nuda
2290 5524 2401 5593 ipse
2439 5527 2618 5581 carnis
2661 5535 2716 5580 et
2755 5528 2999 5597 corporis
3031 5536 3183 5598 parte
3210 5531 3509 5582 constaret.

1934 5612 2110 5667 Veluti
2152 5614 2485 5685 objectioues
2530 5619 2887 5688 praveniens,
2935 5619 3050 5673 haec
3085 5620 3158 5672 ita
3203 5632 3263 5671 se
3306 5616 3511 5673 sentire

1936 5700 2155 5769 fatetur,
2207 5707 2481 5775 quoniam,
2525 5708 2715 5782 inquit,
2766 5726 2865 5765 nos
2902 5708 3119 5780 quidem
3146 5706 3212 5762 ad
3240 5720 3517 5783 canonqu

1936 5805 2259 5868 potestatem
2286 5802 2675 5873 assequendam
2704 5803 2809 5862 lide
2836 5803 2980 5876 digni
3005 5817 3111 5857 non
3138 5816 3343 5858 sumus.
3376 5821 3397 5856 ι
3524 5794 3539 5813 ‘
