4060 6350
590 388 734 449 12Όῦ

1172 378 1519 443 THEODORI
1556 380 1876 439 ARCHIEP.
1918 376 2265 438 CANTUAB.
2312 376 2657 437 DOCTRINA
2702 379 2792 437 DE
2829 374 3286 437 PCENITENTIA

3730 379 3876 440 ιεθι

656 498 979 560 Ambrosius
1019 494 1112 556 lib.
1144 516 1181 556 ιι
1212 499 1276 555 de
1300 497 1647 564 Poenitentia,
1689 513 1809 568 cap.
1846 498 1911 553 lO
1940 514 1953 552 :
1990 518 2007 549 ι
2031 495 2167 552 Nam
2193 494 2247 558 Α
2272 493 2523 562 voluerit,
2552 508 2912 569 magnamque
2954 498 3254 553 ostenderit
3281 493 3691 569 paenitentiam,
3724 515 3878 562 asse-

544 604 549 611 '
585 595 631 652 si
661 610 791 651 vere
819 594 1041 667 agerent
1075 589 1470 662 paenitentiam,
1510 589 1814 645 iterandam
1838 597 2024 660 postea
2057 605 2165 647 non

583 694 861 758 putarent,
895 680 1021 756 quia
1045 683 1185 737 sicut
1213 694 1378 735 unum
1415 680 1702 751 baptisma,
1731 679 1807 733 ita
1845 694 1951 734 una
1991 680 2165 749 pomi-

582 781 772 849 tentia,
826 782 944 850 qum
985 786 1162 833 tamen
1202 774 1413 849 publice
1460 774 1658 846 agitur.
1699 771 1832 829 Nam
1860 772 2165 844 quotidiani

578 878 681 929 nos
720 866 877 928 debet
922 869 1189 941 poenitere
1241 869 1469 942 peccati.
1525 864 1630 924 Sed
1677 868 1795 924 btec
1843 868 2162 924 delictorum

578 963 910 1034 graviorum,
956 958 1044 1016 illa
1081 958 1367 1017 leviorum.
1394 979 1413 1012 ι
1460 957 1716 1027 Quasnam
1765 968 1895 1015 vero
1934 952 2043 1015 sint
2077 958 2166 1016 de-

575 1052 702 1109 licta
731 1052 957 1118 leviora,
1003 1051 1086 1108 sic
1122 1051 1363 1108 declarat
1403 1051 1456 1105 in
1502 1051 1880 1106 exhortatione
1907 1050 1974 1105 ad
2001 1066 2166 1123 agen-

574 1141 700 1197 dam
734 1141 1109 1213 pmnitentiam
1139 1161 1151 1197 :
1184 1161 1202 1194 ι
1221 1140 1360 1211 Quid
1401 1150 1483 1198 est
1514 1142 1651 1197 bene
1675 1142 1858 1198 vivere
1895 1152 2017 1213 post
2044 1159 2163 1213 pte-

574 1230 903 1288 nitentiam?
930 1232 1064 1288 doce
1089 1248 1208 1289 nos.
1235 1231 1367 1288 Dico
1394 1232 1568 1299 vobis,
1597 1231 1866 1289 abstinere
1895 1236 1962 1288 ab
1986 1232 2163 1289 ebrie-

569 1326 705 1391 tate,
744 1339 774 1379 a
798 1320 1259 1395 concupiscentia,
1288 1340 1318 1379 a
1357 1323 1523 1393 furto,
1556 1339 1587 1380 a
1629 1325 1773 1380 malo
1819 1326 2053 1397 eloquio,
2095 1326 2164 1382 ab

569 1410 693 1488 ipso
744 1416 1102 1474 immoderato
1137 1418 1270 1485 risu,
1303 1435 1333 1474 a
1359 1419 1526 1475 verbo
1570 1420 1766 1484 otioso,
1812 1418 1953 1499 unde
1984 1420 2163 1475 reddi-

568 1509 679 1565 turi
708 1514 834 1567 sunt
866 1508 1114 1568 homines
1139 1511 1406 1567 rationem
1433 1512 1487 1567 in
1524 1512 1610 1568 die
1632 1510 1841 1583 judicii.
1875 1510 2015 1567 Ecce
2040 1528 2162 1584 qua:

567 1594 707 1656 levia
744 1596 876 1667 dixi,
919 1606 979 1658 tit
1017 1611 1253 1659 tacerem
1302 1603 1486 1676 gravia
1520 1614 1577 1659 et
1619 1604 1897 1676 pestifera.
1922 1625 1941 1658 ι
1975 1604 2163 1677 Itaque

566 1690 804 1754 Sanctus
850 1692 1171 1755 Ambrosius
1208 1696 1441 1756 afﬁrmat
1488 1716 1698 1756 morem
1727 1716 1835 1755 non
1864 1698 2031 1756 fuisse
2059 1701 2162 1757 Ec-

567 1788 751 1847 clesia:
778 1788 845 1848 de
878 1793 1130 1849 omnibus
1168 1793 1409 1865 peccatis
1447 1792 1702 1865 publicis.
1744 1794 1950 1851 scilicet
1982 1793 2160 1851 ebrie-

2268 592 2466 655 quetur
2515 586 2657 643 haud
2712 586 2875 644 dubie
2925 604 3035 643 non
3061 589 3340 659 vulgarem
3385 590 3871 649 consolationem:

2266 678 2359 748 qui
2392 687 2575 734 autem
2605 679 2899 736 simultatis
2922 689 3083 737 tenax
3114 688 3218 748 est,
3262 680 3487 753 singulis
3521 683 3728 740 diebus
3750 701 3875 755 pec-

2266 779 2447 824 catum
2478 768 2627 836 facit,
2658 786 2758 826 nec
2790 784 3029 843 unquam
3052 770 3181 827 illud
3209 772 3458 828 absolvit.
3486 772 3597 830 Illic
3628 773 3696 829 in
3718 775 3873 832 adul-

2264 860 2426 927 terio,
2460 872 2669 926 contra,
2706 861 2868 918 simul
2921 879 3044 919 cum
3075 860 3280 936 ﬂagitio
3308 862 3583 935 expletum
3612 876 3716 923 est
3744 883 3872 939 pec.

2265 962 2447 1010 catum
2478 968 2490 1008 :
2523 954 2613 1010 hic
2657 954 2901 1026 quotidie
2952 956 3098 1012 idem
3126 955 3305 1013 scelus
3351 964 3593 1013 tentatur
3620 974 3639 1013 :
3703 975 3867 1030 quam

2262 1040 2430 1117 igitur
2455 1044 2672 1101 veniam
2710 1044 3072 1117 sperabimus,
3104 1047 3199 1117 qui
3228 1063 3329 1103 nos
3355 1047 3449 1102 tali
3484 1047 3692 1106 bellua:
3726 1049 3865 1109 ultro

2265 1134 2563 1194 dedimus?
2604 1160 2622 1193 ι
2657 1139 2725 1195 Ει
2752 1140 2806 1195 in
2857 1140 3048 1197 eadem
3094 1139 3317 1197 homilia
3364 1143 3432 1199 de
3481 1141 3861 1213 iuramentis:

2270 1247 2291 1281 ι
2329 1226 2700 1303 Quadraginta
2756 1232 2873 1288 dies
2905 1229 3022 1301 jam
3078 1234 3487 1304 praeterierunt,
3542 1235 3591 1293 si
3650 1234 3863 1295 Pascha

2263 1336 2479 1395 quoque
2509 1340 2724 1382 sacrum
2746 1328 3092 1397 przeterierit,
3114 1327 3246 1383 nulli
3270 1329 3387 1401 jam
3414 1330 3612 1388 deinde
3644 1334 3860 1391 veniam

2264 1414 2427 1482 dabo,
2459 1432 2565 1471 non
2595 1418 3043 1485 admonitionem,
3087 1420 3182 1476 sed
3210 1419 3319 1475 vim
3375 1420 3594 1492 imperii
3625 1431 3692 1479 et
3716 1440 3860 1480 seve-

2263 1504 2484 1561 ritatem
2535 1520 2644 1561 non
2692 1509 3146 1563 contemnendam
3197 1509 3488 1565 adhibebo.
3544 1511 3673 1568 Non
3718 1512 3857 1570 enim

2262 1595 2379 1653 btec
2423 1596 2599 1654 valida
2647 1606 2734 1655 est
2777 1599 3187 1655 consuetudinis
3240 1601 3565 1658 excusatio:
3598 1619 3708 1660 cur
3756 1621 3858 1662 non

2260 1692 2551 1766 prmtendit
2590 1692 2679 1750 fur
2729 1692 3200 1761 consuetudinem,
3248 1704 3302 1750 et
3326 1711 3358 1751 a
3402 1697 3680 1767 supplicio
3720 1697 3855 1755 libe-

2262 1787 2464 1843 ratur?
2496 1787 2607 1844 Cur
2635 1804 2745 1844 non
2800 1788 2945 1844 idem
2996 1787 3127 1844 facit
3174 1785 3449 1844 homicida
3488 1799 3546 1846 et
3593 1790 3855 1847 adulteri

566 1882 720 1951 tatis,
749 1880 881 1941 furti
907 1893 962 1941 et
985 1880 1128 1953 aliis,
1167 1854 1382 1957 publica
1415 1854 1733 1958 p-(gnitend'i,
1768 1886 1900 1955 Qum
1927 1894 2155 1958 peccata
2185 1854 2238 1918 Β
2260 1874 2379 1933 Jam
2411 1878 2577 1951 igitur
2602 1878 2866 1936 denuntio
2913 1887 2969 1937 et
2994 1888 3270 1952 protestor
3289 1876 3339 1936 εἰ
3394 1881 3717 1940 conveniam
3742 1881 3856 1939 sin-

561 1989 671 2030 non
696 1966 835 2031 levia
858 1982 915 2032 et
942 1976 1154 2032 minora
1183 1986 1587 2049 nuncupantur,
1616 1977 1723 2033 nisi
1747 1993 1871 2033 cum
1900 1977 2157 2034 maximis

559 2072 621 2122 et
642 2065 984 2140 gravioribus
1023 2062 1236 2125 delictis
1261 2077 1600 2141 comparata,
1638 2077 1697 2126 ut
1723 2069 1841 2140 jam
1867 2085 1936 2126 ex
1964 2078 2156 2128 sancto

557 2154 833 2231 Cypriano
857 2159 1358 2217 animadvertimus.

624 2238 867 2306 Ioannes
898 2247 1322 2323 Chrysostomus
1359 2268 1467 2311 non
1522 2253 1698 2310 solum
1746 2252 1977 2310 crimina
2022 2269 2155 2326 gra-

553 2340 800 2412 vissima,
849 2346 1138 2414 adulteria,
1189 2347 1483 2406 homicidia
1506 2358 1562 2405 et
1587 2349 1691 2405 alia
1742 2348 1981 2419 ejusdem
2028 2363 2094 2420 ge
2118 2374 2150 2391 -

554 2435 727 2502 neris,
782 2437 876 2494 sed
930 2438 1190 2495 invidiam
1235 2448 1292 2495 et
1332 2440 1691 2507 iracundiam,
1735 2447 1793 2496 et
1819 2439 2039 2511 quidem
2054 2438 2148 2510 ju-

553 2538 864 2586 ramentum
922 2532 1138 2603 publica
1218 2534 1546 2604 paenitentia
1617 2532 1951 2605 puniendum
2024 2546 2150 2589 esse

554 2622 784 2679 censuit.
847 2622 921 2679 At
968 2625 1180 2696 privata
1224 2627 1552 2684 auctoritate
1588 2640 1697 2681 non
1742 2624 2004 2681 canonica
2042 2622 2150 2680 hoc

551 2726 585 2785 _a
631 2728 689 2769 se
742 2715 978 2785 primum
1033 2725 1298 2774 statutum
1352 2734 1478 2776 esse
1535 2718 1652 2789 ipse
1691 2719 1748 2775 in
1795 2717 2019 2773 homilia
2075 2715 2149 2772 42

549 2803 621 2859 ad
650 2819 770 2876 cap.
804 2805 1044 2863 Matthazi
1075 2824 1155 2864 xu
1190 2809 1258 2864 de
1313 2808 1516 2865 invidia
1546 2817 1734 2880 aperte
1781 2809 2025 2865 declarat
2058 2807 2147 2864 his

546 2894 735 2951 verbis
765 2913 780 2951 :
825 2914 844 2947 ι
879 2897 1159 2965 Quomodo
1211 2899 1375 2972 igitur
1401 2915 1471 2956 ne
1524 2916 1736 2958 veneno
1766 2916 1866 2957 suo
1895 2916 1999 2957 nos
2021 2898 2146 2956 inﬁ-

552 2984 685 3050 ciat,
717 2986 1027 3048 faciemus?
1059 2990 1118 3048 Si
1145 2991 1400 3049 dabimus
1423 3008 1667 3065 operam,
1698 3002 1760 3049 ut
1788 2993 2144 3064 quemadmo—

550 3083 680 3138 dum
708 3082 1026 3142 fomicatori
1057 3085 1211 3143 nefas
1251 3087 1319 3143 ad
1347 3087 1636 3145 ecclesiam
1686 3086 1918 3159 ingredi,
1959 3088 2039 3144 sic
2060 3087 2142 3143 in-

546 3174 674 3256 vido
708 3190 960 3248 quoque:
995 3177 1105 3232 imo
1137 3192 1271 3234 vero
1312 3177 1481 3235 multo
1509 3180 1683 3253 magis
1730 3179 1944 3235 invidus
1974 3195 2140 3251 quam

547 3232 851 3347 fornicator
878 3283 909 3323 a
954 3276 1099 3325 cmtu
1159 3269 1399 3326 ﬁdelium
1447 3232 1891 3328 exteriuinandus
1942 3232 2045 3327 est.
2080 3232 2214 3326 Sic

549 3357 696 3441 enim
722 3375 866 3415 nunc
894 3375 1015 3415 cum
1050 3360 1105 3416 id
1136 3359 1338 3416 malum
1369 3360 1682 3419 indifferens
1702 3376 1843 3431 pene
1867 3359 2138 3431 videatur,

542 3438 875 3511 a'nonnunis
902 3452 1178 3525 spernitur
1204 3472 1217 3509 :
1250 3454 1497 3525 profecto
1528 3454 1573 3510 si
1604 3454 1865 3510 atrocitas
1889 3454 2141 3526 maligni-

543 3540 676 3598 tatis
726 3545 845 3615 ejus
891 3543 1145 3601 omnibus
1181 3545 1443 3616 patuerit,
1498 3545 1656 3602 facile
1705 3546 1773 3601 ab
1810 3560 1876 3601 ea
1930 3544 2139 3601 resilie-

542 3648 684 3689 mus.
716 3632 1105 3706 Lacrymarum
1150 3635 1318 3709 igitur
1370 3636 1550 3693 fontes
1583 3637 1637 3692 in
1668 3636 1885 3693 fletibus
1913 3651 2138 3693 manare

542 3720 804 3780 deberent
834 3741 900 3782 ex
952 3727 1144 3784 oculis.
1182 3729 1326 3784 Deus
1369 3729 1630 3795 orandus,
1690 3730 2138 3800 perdiscendum-

540 3832 647 3888 que
696 3818 794 3874 tibi
822 3828 924 3887 est,
964 3820 1339 3892 turpissimum
1368 3820 1630 3893 ﬂagitium
1675 3838 1797 3879 esse
1826 3823 2131 3879 invidiam:

2260 1970 2415 2041 gulos
2438 1978 2494 2025 et
2515 1972 2748 2043 capiam.
2786 1970 2922 2027 Nam
2950 1970 3096 2028 haud
3120 1968 3287 2028 dubie
3330 1972 3543 2045 capiam
3574 1993 3588 2029 :
3622 1974 3773 2046 quod
3798 1972 3853 2031 si

2258 2062 2660 2135 deprehendam
2687 2064 2897 2136 aliquos
2932 2062 3048 2120 haec
3073 2058 3203 2119 vitia
3230 2080 3341 2120 non
3375 2067 3694 2133 con-exisse,
3717 2081 3847 2138 pas-

2255 2162 2385 2211 tiam
2416 2154 2693 2227 irrogabo,
2725 2154 2936 2211 edicam
2962 2162 3023 2210 ut
3067 2152 3203 2211 foris
3227 2164 3374 2210 extra
3395 2171 3543 2211 sacra
3565 2154 3832 2228 mysteria

2257 2246 2577 2303 consistant.
2624 2267 2643 2301 ι
2689 2244 2956 2303 Similiter
3004 2262 3104 2318 pro
3164 2246 3482 2318 spectaculis
3508 2242 3559 2303 1.
3591 2247 3842 2320 Chryso-

2254 2350 2462 2399 stomus
2491 2360 2600 2400 non
2626 2342 2857 2416 amplius
2914 2342 3210 2415 pharmaca
3258 2342 3419 2407 levia,
3472 2340 3568 2397 sed
3605 2341 3849 2414 stypticl

2253 2445 2309 2494 et
2341 2438 2616 2495 mordacia
2643 2437 2979 2511 ptrnitentite
3002 2436 3233 2510 publica:
3278 2437 3585 2495 adhibenda
3613 2454 3738 2494 esse
3756 2436 3846 2507 jo-

2252 2529 2399 2586 dicat
2426 2528 2673 2600 pluribus
2723 2531 2779 2587 in
2818 2529 2971 2597 locis,
3020 2547 3086 2587 ac
3106 2531 3413 2604 praesertim
3460 2532 3517 2587 in
3560 2531 3849 2587 humilia?

2252 2620 2320 2677 ad
2344 2631 2507 2694 caput
2526 2619 2724 2679 Cenes.
2748 2640 2790 2691 ι,
2815 2622 2904 2679 bis
2930 2623 3115 2679 verbis
3142 2640 3156 2677 :
3186 2641 3206 2674 ‹
3242 2620 3431 2693 Neque
3456 2622 3609 2678 enim
3635 2636 3849 2693 semper

2250 2712 2470 2784 expedit
2508 2712 2802 2786 pharmaca
2834 2713 2973 2770 levia
3022 2714 3323 2770 adhibere:
3364 2714 3461 2770 sed
3506 2714 3733 2784 quando
3774 2710 3854 2768 ul-

2248 2822 2349 2862 cus
2374 2805 2643 2861 curationi
2694 2805 2920 2873 resistit,
2951 2814 3171 2878 Oportet
3217 2806 3452 2879 styptica
3478 2813 3539 2862 et
3564 2804 3848 2861 mordacis

2251 2898 2540 2956 admovere
2565 2914 2675 2971 quo
2711 2898 2901 2957 morbo
2948 2907 3269 2954 occurratur
3299 2897 3462 2954 citius
3491 2916 3506 2952 :
3537 2898 3728 2953 sciant
3758 2895 3850 2968 igi-

2248 2996 2339 3044 tur
2384 3005 2573 3045 omnes
2620 2988 2707 3045 his
2762 2988 3083 3045 criminibus
3132 2987 3380 3055 obnoxii,
3420 2987 3463 3043 si
3516 2996 3650 3059 post
3707 2987 3846 3044 hanc

2246 3089 2497 3136 nostram
2558 3080 2981 3136 admonitionem
3017 3078 3075 3134 in
3122 3072 3187 3135 ea
3242 3079 3574 3153 negligentia
3634 3093 3846 3135 manse-

2246 3172 2379 3239 rint,
2410 3187 2519 3228 non
2543 3171 2867 3229 toleraturos
2896 3188 3018 3239 nos,
3067 3170 3164 3228 sed
3190 3170 3400 3243 legibus
3452 3169 3845 3228 ecclesiasticis

2245 3281 2466 3333 usuros,
2518 3274 2574 3323 et
2628 3280 2822 3338 magna
2878 3266 3199 3323 austeritate
3248 3267 3532 3332 docturos,
3584 3282 3659 3322 ne
3709 3265 3835 3321 talia

2243 3355 2474 3431 posthac
2495 3357 2792 3430 negligant,
2820 3372 2953 3414 neve
2994 3364 3145 3413 tanto
3188 3364 3505 3428 contemptu
3539 3357 3728 3412 divina
3748 3370 3840 3411 an-

2243 3448 2397 3505 diant
2421 3445 2655 3520 eloquia.
2696 3470 2715 3502 ι
2751 3448 2886 3505 Cum
2912 3446 3079 3521 igitur
3104 3441 3155 3503 J.
3183 3446 3613 3521 Chrysostomus
3637 3462 3701 3504 se
3723 3462 3844 3521 pro-

2242 3540 2466 3598 fiteatur
2518 3543 2712 3599 horum
2763 3544 3107 3600 decretorum
3164 3544 3404 3617 primum
3430 3552 3747 3611 auctorem,
3778 3545 3847 3602 de

2240 3650 2350 3706 quo
2372 3634 2556 3704 plures
2580 3624 3069 3705 conquerebantur,
3127 3632 3532 3694 satis‘ostendit
3559 3638 3688 3695 hac
3731 3648 3846 3695 sta-

2241 3727 2413 3782 tuisse
2436 3725 2649 3797 privata
2670 3740 2779 3783 non
2806 3728 3068 3785 canonica
3103 3730 3475 3785 auctoritate:
3508 3742 3575 3784 ac
3602 3728 3846 3801 proinde

2238 3834 2346 3877 non
2400 3820 2456 3875 in
2488 3832 2641 3877 more
2690 3819 2947 3877 Ecclesia:
2983 3821 3152 3879 fuisse
3194 3822 3454 3894 positum,
3514 3828 3577 3877 ut
3640 3821 3845 3878 saltem

542 3907 623 3964 sic
673 3910 821 3966 enim
874 3911 1102 3971 allectus
1146 3914 1398 3972 celeriter
1456 3924 1714 3987 tanquam
1767 3933 1795 3972 a
1824 3917 2134 3988 periculoso
2237 3920 2368 3968 tunc
2400 3912 2660 3982 temporis
2697 3912 2818 3968 haec
2850 3913 3079 3969 crimina
3131 3913 3349 3985 publica
3398 3912 3637 3985 publica:
3659 3914 3842 3987 peni-

542 4001 738 4058 morbo
761 4002 957 4075 fugies,
990 4022 1056 4062 ac
1083 4009 1459 4078 pmnitentiam
1490 4025 1635 4081 ages.
1696 4010 1801 4066 Sed
1829 4011 1953 4081 quis
1982 4012 2135 4082 igno—
2237 4005 2423 4062 tentia:
2450 4004 2683 4060 obnoxia
2714 4004 2937 4061 fuerint.

542 4097 647 4158 rat,
681 4090 918 4164 inquies,
944 4094 1138 4151 vitium
1168 4112 1289 4154 esse
1315 4098 1616 4153 invidiam?
1644 4099 1861 4172 Ignorat
1888 4101 2131 4172 quidem,
2237 4142 2241 4155 .
2307 4097 2671 4170 Hieronymus
2697 4098 2752 4153 in
2786 4098 2928 4156 libro
2948 4114 3010 4155 ιιι
3042 4099 3097 4155 in
3125 4100 3298 4171 Epist.
3325 4099 3394 4156 ad
3423 4096 3673 4169 Galatas,
3701 4116 3830 4173 cap.

540 4192 603 4240 ut
639 4185 795 4254 dicis,
834 4202 1041 4245 nemo:
1081 4205 1191 4245 non
1239 4197 1422 4246 tamen
1478 4192 1637 4247 sicuti
1687 4192 2129 4261 fornicationem,
2233 4205 2309 4246 v:
2348 4208 2367 4242 ι
2410 4190 2552 4262 Ergo
2574 4190 2629 4244 in
2680 4190 2859 4246 anima
2899 4190 2953 4247 in
2999 4207 3106 4264 qua
3152 4199 3437 4264 peccatum
3490 4192 3833 4265 regnaverit.

538 4285 637 4335 aut
660 4278 984 4337 adulterium
1015 4281 1434 4339 abominandam
1482 4284 1706 4341 ducunt.
1736 4284 1891 4354 Quod
1922 4295 1982 4341 ut
2010 4302 2130 4342 cre—
2239 4296 2350 4339 non
2375 4290 2557 4355 potest
2584 4281 2678 4338 Dei
2727 4298 2957 4355 regnare
2980 4300 3226 4357 regnum.
3275 4285 3408 4352 Qua;-
3433 4286 3572 4340 enim
3608 4287 3841 4357 partici-

539 4367 656 4449 das,
718 4386 920 4441 quaeso,
962 4373 1051 4429 dic
1096 4374 1230 4431 mihi
1262 4394 1273 4429 :
1307 4377 1524 4449 quando
1584 4378 1895 4449 quisquiam
1940 4393 2131 4435 amare
2232 4376 2377 4445 patio
2402 4374 2634 4445 justitim
2661 4383 2707 4429 et
2737 4374 3007 4446 iniquitati
3034 4376 3059 4430 .’
3086 4375 3216 4445 Qum
3241 4377 3668 4432 communicatio
3695 4375 3843 4434 lacis

537 4448 704 4529 flevit,
734 4466 991 4535 quoniam
1021 4467 1077 4522 in
1134 4448 1392 4524 invidiam
1428 4448 1617 4540 lapsus
1652 4448 1848 4525 esset?
1898 4470 2128 4537 Quando
2233 4469 2302 4522 ad
2333 4466 2619 4523 tenebras?
2650 4469 2751 4537 Qui
2804 4486 3100 4527 consensus
3152 4468 3371 4527 Christo
3420 4476 3476 4526 et
3513 4468 3683 4525 Belial
3712 4472 3741 4525 τ
3768 4470 3840 4527 Et

538 4558 710 4615 Deum
738 4560 936 4632 aliquis
989 4563 1286 4633 propitium
1343 4581 1461 4622 esse
1485 4566 1589 4621 sibi
1636 4564 1834 4628 oravit,
1866 4565 2127 4633 quoniam
2157 4598 2211 4633 ﬁ
2233 4567 2485 4631 putamus
2521 4576 2621 4616 nos
2664 4575 2889 4633 regnum
2920 4562 3018 4618 Dei
3061 4564 3342 4633 conSequi,
3379 4564 3424 4618 si
3459 4578 3490 4619 ιι
3518 4562 3842 4620 fornicatio-

538 4652 743 4710 invidia
770 4665 1064 4727 peccasset.
1106 4657 1275 4715 Nemo
1310 4669 1461 4716 certe
1507 4675 1765 4729 unquam.
1802 4658 1908 4713 Sed
1936 4675 2129 4729 quam-
2154 4652 2208 4668 “’
2237 4664 2327 4716 ne,
2384 4652 2706 4717 idololatria,
2748 4660 2801 4708 et
2822 4653 3101 4709 veneficiis
3154 4654 3426 4710 immunes
3456 4656 3648 4709 simus.
3682 4654 3839 4712 Ecce

535 4746 621 4801 vis
646 4747 899 4803 omnibus
914 4748 1241 4807 invidentior
1269 4751 1580 4807 hominibus
1606 4752 1695 4815 sit,
1724 4748 1927 4818 iejunio
1946 4759 2124 4807 tamen
2234 4744 2555 4825 ἱιιίῐηὶοῑῑὶξιὲ,
2587 4745 2883 4811 contentio,
2922 4746 3023 4812 ira.
3076 4745 3213 4812 rixa.
3267 4746 3554 4811 ἀίεδεῐιείον
3584 4747 3839 4804 ebrietas

537 4836 742 4907 aliquo,
772 4846 865 4894 aut
889 4854 1060 4909 parvo
1095 4849 1322 4912 argento
1350 4841 1679 4911 pauperibus
1724 4842 1853 4897 dato
1878 4841 2126 4899 effecisse
2231 4851 2447 4908 quoque
2476 4845 2532 4892 el
2560 4845 2754 4892 caetera
2784 4852 2907 4907 quae
2927 4852 3094 4908 parva
3120 4837 3479 4904 arbitramur,
3524 4836 3839 4893 excludunt

534 4928 726 4993 credit,
758 4939 819 4985 ut
852 4931 987 4985 nihil
1012 4932 1136 4987 mali
1188 4932 1528 4989 commisisse
1578 4934 1849 4998 videatur,
1881 4951 2003 4991 cum
2034 4944 2122 4990 ta-
2228 4945 2331 4985 nos
2362 4946 2393 4983 a
2427 4944 2593 5000 regno
2622 4927 2739 4983 Dei.
2768 4928 2879 4983 Nec
2908 4928 3078 4985 refert
3129 4944 3239 4983 uno
3273 4929 3399 5001 quis
3420 4944 3453 4983 a
3481 4927 3839 4984 beatitudine

534 5032 662 5071 men
688 5019 928 5075 omnium
973 5023 1208 5091 pessima
1255 5029 1419 5090 atque
1460 5021 1841 5078 scelestissima
1870 5025 2123 5094 passione
2228 5023 2568 5088 excludatur,
2599 5038 2669 5077 an
2693 5022 2937 5093 pluribus
2966 5042 2979 5078 :
3012 5038 3134 5079 cum
3156 5022 3339 5078 omnia
3369 5021 3839 5080 similitatede-

532 5119 782 5192 vexetur.
824 5132 843 5164 ι
876 5112 1022 5169 Idem
1051 5114 1108 5173 S.
1162 5116 1584 5186 Chrysostomus
1640 5117 1707 5171 de
1756 5117 2036 5172 iracundia
2070 5126 2125 5174 et
2229 5118 2378 5173 dant.
2422 5137 2440 5169 ι
2484 5115 2552 5170 Et
2582 5117 2637 5171 in
2667 5117 2784 5172 haec
2807 5116 2973 5172 verba
3008 5115 3260 5187 Epistula:
3309 5115 3655 5187 posterioris,
3697 5130 3837 5188 ap.

532 5200 859 5272 iuramentis
882 5211 1115 5261 testatur
1144 5208 1196 5262 in
1229 5206 1450 5262 homilia
1482 5208 1547 5261 de
1598 5207 1873 5262 simultate
1900 5224 1995 5263 seu
2017 5209 2118 5264 ira.
2226 5222 2326 5263 xm
2353 5222 2368 5261 :
2397 5204 2575 5261 Timeo
2603 5208 2739 5261 enim
2771 5223 2835 5262 ne
2862 5206 2997 5278 forte
3017 5223 3139 5261 cum
3165 5221 3350 5261 venero
3375 5222 3483 5261 non
3502 5204 3837 5278 quiescet.

540 5312 559 5345 ι
594 5292 665 5350 Ut
700 5294 868 5362 enim,
898 5296 1092 5367 inquit,
1136 5297 1493 5353 fornicantem
1543 5298 2122 5371 blasphemantemque
2223 5299 2486 5357 inveniam
2540 5316 2649 5367 vos,
2676 5308 2725 5354 et
2767 5316 2861 5370 ego
2909 5299 3152 5354 inveniar
3189 5316 3222 5353 α
3255 5298 3399 5354 vobis
3457 5297 3671 5370 qualem
3719 5313 3835 5354 m

532 5385 864 5457 impossibile
899 5398 985 5445 est
1036 5404 1208 5445 sacra:
1261 5403 1465 5444 mensae
1512 5390 1832 5459 participem
1868 5389 2007 5457 fieri,
2043 5391 2118 5446 ita
2222 5392 2403 5459 vultis,
2437 5409 2501 5447 ne
2528 5392 2665 5463 forte
2700 5394 3077 5459 contentiones,
3136 5391 3526 5458 aemulationes,
3556 5391 3835 5447 animosi-

532 5493 748 5550 quoque
772 5481 866 5552 qui
892 5480 1204 5536 inimicitias
1229 5480 1392 5549 fovet,
1422 5490 1515 5536 aut
1543 5483 1596 5538 in
1620 5482 1701 5539 ira
1727 5483 1975 5552 pertinax
2011 5493 2114 5550 est,
2219 5496 2374 5551 tates,
2407 5487 2777 5554 dissensiones,
2820 5487 3190 5553 detractiones,
3217 5487 3632 5551 susurrationes,
3655 5487 3835 5557 inﬁc-

532 5586 638 5628 non
668 5580 849 5644 potest
878 5572 985 5628 frui
1039 5581 1224 5630 sancta
1259 5575 1659 5632 communione.
1719 5574 1904 5647 Neque
1932 5575 1985 5631 id
2016 5576 2119 5630 im—
2219 5579 2411 5639 tiones.
2459 5579 2742 5634 seditiones
2790 5580 2895 5633 sint
2931 5581 3068 5633 inter
3104 5594 3212 5634 vos.
3263 5598 3283 5631 ι
3331 5578 3564 5649 Propter
3609 5580 3737 5635 hac
3764 5596 3833 5637 se

529 5664 765 5721 merito:
795 5665 892 5737 qui
921 5663 1065 5720 enim
1112 5666 1494 5723 meretricatus
1519 5676 1621 5731 est,
1668 5675 1764 5724 aut
1786 5667 2114 5724 adulterium
2220 5668 2436 5725 dicebat
2473 5670 2818 5726 severissime
2872 5670 3168 5726 vindicare.
3219 5669 3361 5738 Quid
3391 5669 3616 5733 faceret,
3638 5669 3689 5726 si
3724 5686 3831 5726 no-

529 5756 827 5822 commisit,
856 5755 1019 5812 simul
1043 5764 1104 5812 ut
1130 5756 1368 5813 animum
1401 5759 1658 5829 explevit,
1688 5759 1853 5814 tinem
1887 5768 2137 5833 peccato-
2217 5762 2348 5818 stris
2381 5763 2715 5832 temporibus
2749 5761 3056 5827 adveniret,
3079 5761 3295 5832 quibus,
3331 5761 3400 5816 ad
3442 5763 3828 5831 comparatio-

531 5843 821 5916 imposuit;
847 5847 993 5917 quod
1038 5847 1085 5905 si
1120 5849 1441 5922 resipiscens
1495 5866 1554 5909 se
1600 5868 1630 5908 a
1658 5850 1813 5925 lapsu
1870 5851 2114 5911 excitare
2213 5869 2339 5911 nem
2393 5853 2622 5912 aliorum
2674 5855 2984 5920 criminum,
3023 5854 3126 5910 ista
3157 5869 3226 5909 ne
3264 5859 3529 5925 putantur
3578 5854 3815 5927 quidem

2158 6085 2189 6095 ρ
