4060 6350
255 254 395 313 1205

1098 254 1189 312 ΑΒ
1227 254 1398 312 οΜΝι
1433 253 1801 312 NOVITATIS
1839 253 2242 316 SESPICIONE
2285 255 2670 313 VINDICA-TA.

3377 255 3519 314 1206

249 386 374 428 esse
399 376 642 441 peccata.
682 388 702 426 θ
744 368 876 425 Haec
930 368 1066 425 falsa
1109 372 1390 440 persuasio
1440 371 1627 441 procul
1668 370 1832 426 dubio
1855 371 1910 433 Δ
1935 372 2156 426 minime
2186 372 2539 450 largiebatur,
2587 377 2871 426 contentus
2893 369 3004 425 suis
3058 371 3294 441 propriis
3331 372 3518 438 rebus,

252 469 378 518 nata
407 469 546 527 erat,
574 475 642 516 ex
671 475 736 516 eo
763 461 909 531 quod
946 462 1051 516 ista
1076 469 1298 531 peccata
1311 476 1444 531 quae
1473 461 1598 517 licet
1644 461 1830 517 exclu—

251 557 384 611 dant
406 572 439 611 a
463 565 631 627 regno
659 553 780 620 Dei,
808 565 916 610 non
943 563 1120 610 tamen
1142 555 1353 625 publica
1382 561 1438 608 et
1471 555 1638 609 ardua
1662 555 1830 624 potni-

247 648 442 715 tentia,
499 648 597 703 sed
658 646 782 702 aliis
828 645 1084 704 remediis
1137 646 1409 702 facillimis
1461 647 1642 702 curari
1688 646 1831 701 sole-

249 749 393 796 rent.
619 726 622 728 ’
1255 799 1258 801 _

298 827 674 903 ‘Augustinus,
707 831 849 887 libro
875 831 942 886 de
975 831 1105 886 Fide
1129 839 1184 886 et
1231 829 1520 901 Operibus,
1570 845 1689 900 cap.
1723 829 1828 885 19:

255 939 286 977 ι·
311 925 416 992 Qui
470 928 649 979 autem
687 924 979 994 opinantur
1021 932 1076 978 et
1128 933 1322 980 caetera
1368 921 1724 1008 eieemosynis
1753 920 1833 975 fa-

248 1017 350 1072 cile
383 1014 748 1086 compensari,
782 1014 885 1068 tria
930 1022 1108 1070 tamen
1151 1029 1274 1070 esse
1319 1028 1428 1069 non
1458 1013 1706 1068 dubitant
1739 1027 1834 1067 ex-

203 1130 218 1146 ν
250 1108 740 1164 c‘ommunicatione
768 1108 1058 1176 punienda,
1096 1107 1270 1162 donec
1297 1106 1618 1177 paenitentia
1651 1106 1831 1160 humi-

250 1200 388 1256 liore
417 1208 699 1262 sanentur,
728 1199 1143 1268 impudicitiam,
1190 1198 1571 1262 idololatriam,
1606 1197 1834 1253 homici-

250 1291 418 1346 dium.
456 1289 642 1360 Neque
665 1291 810 1344 enim
854 1301 998 1344 nunc
1025 1305 1161 1360 opus
1181 1297 1263 1344 est
1290 1304 1534 1360 quaerere
1560 1289 1736 1359 qualis
1763 1290 1836 1345 sit

249 1398 438 1439 eorum
469 1382 574 1438 ista
597 1382 888 1446 sententia,
919 1389 975 1436 et
1002 1391 1182 1437 utrum
1205 1382 1522 1453 corrigenda
1550 1397 1617 1435 an
1641 1396 1835 1452 appro-

248 1474 448 1538 banda,
506 1489 578 1529 ne
626 1487 762 1544 opus
807 1481 1118 1543 susceptum
1172 1472 1454 1527 mittamus
1491 1472 1562 1530 in-
1588 1473 1830 1543 longum,

252 1571 356 1622 etc.
400 1585 419 1619 ι
453 1559 570 1620 Etsi
605 1573 826 1620 sanctus
855 1565 1186 1637 Augustinus
1215 1565 1344 1620 alibi
1378 1565 1630 1619 videatur
1653 1565 1834 1621 dicere

248 1659 432 1714 Omnia
458 1658 683 1712 crimina
730 1659 907 1726 pmnis
954 1658 1180 1728 publica;
1214 1658 1546 1728 poenitentiae
1598 1657 1829 1713 obnoxia

1935 461 2005 516 sit
2036 463 2216 533 largus
2245 470 2300 517 et
2326 463 2600 518 beneficus
2629 477 2642 514 :
2675 458 2728 516 id
2755 469 2856 528 est,
2911 461 3085 517 aliena
3125 479 3230 517 non
3261 463 3519 534 concupi—

1933 564 2071 621 seat,
2096 572 2204 611 non
2250 558 2448 627 rapiat,
2483 571 2590 610 non
2638 555 2938 622 fraudetur,
2988 565 3040 611 et
3094 558 3414 626 ianantum
3439 558 3520 612 vi-

1934 663 2022 704 res
2054 649 2106 704 ei
2134 656 2445 720 suppetunt,
2497 651 2760 719 porrigat.
2799 647 2902 714 Qui
2928 643 3213 719 iurabatur
3253 647 3372 721 jam
3414 667 3518 704 non

1933 739 2162 809 furetur,
2219 740 2314 795 sed
2347 740 2512 810 magis
2564 739 2762 794 laboret
2817 741 3080 810 operando
3136 741 3376 796 manibus
3409 743 3518 795 suis

1931 834 2070 904 quod
2100 835 2288 888 bonum
2312 842 2408 900 est,
2437 844 2492 887 ut
2522 834 2706 888 habeat
2734 834 2870 888 unde
2911 833 3105 887 tribuat
3161 831 3516 888 riecesSitatem

1933 925 2170 994 patienti.
2240 925 2342 993 Qui
2392 934 2507 980 erat
2561 933 2909 990 comessator,
2952 925 3002 979 id
3043 933 3146 991 est,
3202 925 3371 996 glutto
3422 934 3518 980 aut

1934 1018 2202 1085 ebriosus,
2225 1019 2297 1074 sit
2323 1035 2518 1088 parcus
2549 1027 2605 1074 et
2632 1019 2865 1074 sobrius.
2897 1017 2997 1085 Qui
3017 1028 3375 1073 consueverat
3393 1035 3520 1087 pro—

1933 1120 2056 1182 pter
2085 1113 2376 1167 humanam
2399 1112 2597 1167 famam
2623 1113 2911 1167 indiscrete
2949 1127 3036 1165 res
3068 1126 3193 1165 suas
3223 1111 3275 1164 in
3316 1111 3437 1164 cibo
3463 1119 3513 1165 et

1932 1215 2065 1276 potu
2118 1203 2384 1274 superflue
2435 1203 2730 1270 effundere,
2778 1203 2951 1258 discat
3005 1201 3399 1257 rationabiliter
3425 1217 3518 1255 cas

1936 1298 2250 1368 dispensare
2274 1315 2288 1365 ;
2319 1298 2577 1367 quoniam
2603 1298 2744 1353 sicut
2765 1297 3096 1352 abominatio
3141 1305 3223 1352 est
3247 1295 3387 1366 apud
3413 1295 3518 1349 Do-

1935 1389 2144 1445 minum
2198 1389 2449 1454 avaritia,
2480 1389 2532 1445 id
2578 1397 2662 1444 est
2694 1391 2976 1454 tenacitas,
3006 1388 3079 1442 ita
3124 1396 3407 1457 peccatum
3434 1394 3518 1440 est

1939 1483 2236 1538 indiscreta
2280 1481 2471 1536 effusio
2501 1499 2514 1535 :
2550 1497 2651 1536 nec
2698 1488 2917 1536 tenaces
2959 1480 3106 1534 enim
3133 1495 3232 1534 nos
3257 1493 3377 1532 esse
3403 1476 3517 1531 vult

1938 1575 2100 1640 Deus,
2128 1588 2228 1630 nec
2253 1572 2526 1644 prodigos,
2555 1573 2608 1627 id
2637 1581 2722 1627 est
2767 1571 2985 1628 eil‘usos.
3019 1569 3119 1638 Qui
3146 1577 3263 1624 erat
3287 1568 3515 1623 mendax

1939 1677 2034 1723 aut
2066 1667 2338 1731 falsarius,
2369 1667 2607 1736 corrigat
2635 1664 2835 1720 malum
2880 1678 3058 1727 suum,
3109 1669 3163 1716 et
3193 1668 3370 1714 cesset
3399 1672 3517 1712 esse

248 1765 386 1817 esse,
418 1749 511 1806 sed
541 1749 820 1819 Γθίῐυίδίῐίε
841 1749 1027 1804 multis
1073 1749 1488 1814 cmmlionihusi
1518 1765 1654 1820 (luas
1692 1749 1833 1804 infra
1863 1731 1912 1791 Β
1938 1760 2115 1831 qualis
2140 1758 2260 1825 fuit,
2302 1759 2481 1828 sitque
2504 1731 2715 1811 amator
2737 1755 2983 1810 veritatis
3007 1762 3060 1807 et
3091 1749 3450 1806 rectitudinis.
3490 1767 3509 1800 ι

248 1843 546 1900 referemus
573 1862 586 1896 :
619 1857 765 1898 nunc
800 1853 980 1897 tamen
1013 1850 1242 1898 testatur
1271 1843 1452 1912 plures
1479 1857 1598 1897 esse
1651 1843 1706 1896 in
1731 1842 1833 1898 Ec-

247 1935 410 1991 clesia
452 1936 564 2006 qui,
597 1935 713 1990 sine
734 1935 897 1989 dubio
953 1934 1147 1989 iisdem
1198 1935 1502 1989 rationibus
1546 1933 1678 1988 moti
1711 1933 1836 2002 qui-

249 2025 351 2084 bus
381 2027 738 2082 movebantur
794 2025 1003 2095 antiqui
1053 2025 1268 2089 Patres,
1321 2032 1378 2079 et
1407 2025 1552 2079 inter
1601 2032 1833 2080 caeteros

249 2128 469 2174 sanctus
493 2117 764 2172 Pacianus
786 2124 841 2171 et
871 2116 1166 2187 Gregorius
1211 2115 1505 2187 Nyssenus,
1553 2116 1835 2169 existima-

246 2209 384 2264 bant
412 2209 530 2264 haec
557 2208 665 2262 tria
694 2207 943 2272 crimina,
997 2206 1413 2276 impudicitiam,
1444 2205 1828 2269 idololatriam,

247 2301 619 2365 homicidium,
676 2299 790 2355 sola
836 2311 954 2354 esse
995 2313 1115 2369 quae
1151 2297 1456 2352 humilioris
1497 2296 1832 2367 pteuitentize

245 2390 501 2446 remediis
531 2391 852 2462 indigerent,
875 2402 998 2445 cum
1027 2397 1222 2444 uetera
1251 2388 1606 2460 eleemosynis
1635 2396 1692 2442 et
1711 2387 1832 2442 aliis

245 2478 511 2550 ejusmodi
533 2479 689 2536 facile
710 2477 1050 2549 compensati
1072 2487 1312 2549 possent.

313 2572 611 2638 Postremo,
669 2581 728 2627 ut
779 2572 996 2626 traditio
1032 2569 1254 2625 Patrum
1306 2569 1604 2624 deducatur
1657 2581 1832 2636 usque

243 2665 310 2720 ad
345 2663 710 2732 Theodorum,
747 2664 1022 2736 egregium
1051 2663 1210 2734 Eligii
1238 2662 1476 2732 episcopi
1509 2661 1834 2716 Noviomeu-

243 2757 321 2812 sis
371 2757 738 2812 testimonium
787 2755 1060 2825 proferam
1086 2771 1154 2811 ex
1182 2755 1401 2811 homilia
1434 2755 1499 2808 16
1533 2772 1547 2807 :
1588 2773 1607 2805 ε
1644 2753 1831 2816 Poeni-

244 2849 408 2903 tentia
460 2859 642 2904 autem
697 2848 787 2902 illa
815 2857 898 2902 est
927 2861 1076 2914 vera,
1105 2857 1166 2902 ut
1191 2849 1304 2918 jam
1334 2847 1566 2917 amplius
1614 2861 1724 2901 non
1755 2844 1834 2898 fa-

243 2943 354 2996 ciat
373 2943 533 2997 homo
563 2941 702 2996 mala
731 2955 851 3010 quae
881 2941 1069 3010 gessit,
1100 2939 1193 2994 sed
1224 2941 1289 2994 de
1342 2938 1631 3009 praeteritis
1659 2936 1834 3006 pruni-

242 3039 353 3086 teat
375 3039 428 3086 et
452 3031 518 3087 de
545 3030 740 3086 futuris
765 3039 976 3098 caveat,
1007 3046 1107 3086 nec
1143 3031 1210 3085 ad
1263 3031 1378 3099 ipsa
1409 3030 1605 3083 iterum
1637 3041 1824 3082 rever-

240 3128 407 3176 tatur.
439 3121 507 3177 Et
542 3122 683 3190 ideo,
717 3124 1045 3189 charissimi,
1071 3120 1226 3190 juxta
1273 3121 1573 3176 Psalmista
1600 3134 1831 3184 vocem;

243 3211 580 3268 declinemus
609 3229 638 3266 a
667 3212 811 3267 malo
863 3221 918 3267 et
952 3212 1217 3267 faciamus
1246 3212 1447 3266 bonum
1474 3227 1487 3264 :
1517 3218 1574 3265 et
1605 3217 1665 3263 ut
1690 3210 1834 3264 scire

240 3303 466 3376 possitis
511 3303 775 3373 quomodo
808 3303 862 3360 id
909 3304 1026 3359 fieri
1060 3311 1324 3374 oporteat,
1378 3302 1560 3356 audite
1589 3316 1710 3371 quas
1744 3300 1830 3355 di-

243 3395 387 3452 cturi
415 3410 598 3452 sumus
628 3397 906 3453 attentius.
941 3397 1261 3467 Quicunque
1315 3396 1582 3465 superbus
1608 3394 1712 3448 fuit
1739 3401 1834 3446 aut

238 3491 442 3558 elatus,
473 3491 734 3562 reprimat
788 3492 1097 3562 superbiam
1128 3503 1305 3554 suam,
1329 3497 1383 3544 et
1411 3488 1482 3544 sit
1532 3485 1753 3543 humilis
1777 3493 1834 3540 et

238 3583 468 3655 simplex
498 3600 513 3650 ;
553 3585 680 3655 quia
709 3583 849 3639 Deus
891 3583 1127 3654 superbis
1165 3581 1379 3646 resistit,
1418 3577 1702 3633 humilibus
1729 3593 1828 3631 au-

235 3683 342 3730 tem
369 3675 460 3730 dat
494 3679 738 3747 gratiam.
777 3677 880 3743 Qui
928 3683 1049 3731 erat
1074 3673 1388 3738 iracundus,
1423 3672 1529 3738 vel,
1562 3671 1708 3742 quod
1747 3679 1831 3725 est

236 3767 502 3832 deterius,
533 3767 857 3824 furibundus
885 3775 941 3822 et
969 3766 1172 3832 minax,
1204 3772 1490 3836 protervus
1510 3771 1672 3832 atque
1701 3775 1830 3817 cru-

236 3855 394 3923 delis,
427 3865 736 3929 compescat
786 3857 1051 3913 saevitiam
1079 3871 1232 3912 suam
1289 3863 1342 3909 et
1371 3855 1566 3909 mentis
1596 3853 1831 3908 crudeli-

239 3955 430 4015 tatem,
465 3956 519 4004 et
545 3948 617 4004 sit
643 3949 876 4018 patiens,
915 3947 1064 4002 mitis
1090 3955 1252 4016 atque
1294 3945 1435 4016 pius,
1466 3944 1721 4013 quoniam
1747 3944 1829 3998 ira

234 4045 344 4099 viri
371 4039 643 4112 justitiam
673 4041 769 4097 Dei
822 4055 931 4098 non
958 4047 1216 4110 operatur
1244 4056 1258 4102 ;
1291 4047 1345 4094 et
1388 4038 1590 4106 absque
1622 4036 1831 4107 patien-

235 4139 313 4193 tia
348 4145 403 4192 et
430 4136 629 4206 pietate
651 4145 876 4206 regnum
896 4133 993 4190 Dei
1013 4133 1273 4202 consequi
1303 4144 1464 4186 nemo
1490 4139 1690 4201 potest.
1722 4130 1829 4197 Qui

232 4227 344 4281 fuit
370 4235 648 4298 grassator
700 4226 845 4281 idem
901 4223 1164 4290 carnifex,
1221 4223 1354 4289 sive,
1401 4223 1541 4292 quod
1569 4229 1653 4277 est
1681 4222 1829 4278 dete-

233 4325 376 4390 rius,
404 4323 700 4388 homicida,
732 4331 1026 4377 conversus
1056 4326 1180 4390 agat
1211 4318 1426 4389 dignam
1452 4317 1828 4386 pmnitentiam

229 4426 291 4496 et
319 4415 388 4471 sit
415 4424 727 4471 mansuetus
757 4423 812 4469 et
840 4414 961 4485 pius
990 4431 1002 4466 :
1042 4412 1297 4481 quoniam
1341 4411 1482 4464 sicut
1518 4409 1824 4476 homicidas,
1854 4443 1910 4506 .

230 4507 343 4564 nisi
375 4506 594 4579 dignam
650 4505 861 4577 egerint
910 4503 1304 4577 pmnitentiam,
1361 4503 1526 4554 vitam
1565 4508 1823 4556 aeternam

229 4589 507 4672 consequi
529 4616 636 4655 non
669 4605 916 4670 possunt,
957 4599 1033 4652 ita
1064 4611 1164 4651 nec
1189 4601 1547 4666 grassatores,
1585 4594 1676 4662 qui
1707 4593 1826 4649 sine

224 4696 440 4769 pietate
495 4695 819 4750 miserorum
875 4691 1119 4747 membra
1150 4689 1413 4745 dilaniant
1456 4689 1570 4742 sive
1600 4687 1823 4742 detrun-

227 4796 386 4846 cant.
426 4785 530 4854 Qui
585 4791 707 4841 erat
755 4785 972 4840 invidus
1004 4782 1116 4838 sive
1177 4780 1418 4846 odiosus,
1475 4793 1825 4836 conversusa

224 4869 443 4936 malitia
473 4893 592 4945 sua,
643 4877 715 4932 sit
757 4867 1024 4947 benignus
1071 4880 1230 4943 atque
1280 4871 1612 4938 misericors,
1650 4871 1824 4926 discat

223 4971 461 5040 diligere
487 4967 711 5022 fratrem
739 4971 894 5024 suum
923 4975 1084 5035 quem
1105 4965 1257 5035 prius
1277 4963 1403 5019 odio
1433 4963 1688 5018 habebat.
1718 4962 1819 5029 Qui

226 5061 341 5116 fuit
365 5061 662 5117 fornicator
686 5061 779 5114 aut
816 5055 1024 5113 adulter
1057 5071 1152 5110 seu
1183 5056 1448 5120 incestus,
1481 5053 1816 5118 immundus,

225 5169 536 5213 conversus
586 5159 712 5225 agat
738 5147 1136 5223 paenitentiam,
1191 5155 1245 5201 et
1274 5147 1526 5214 deinceps
1561 5145 1706 5199 vivat
1736 5158 1823 5198 so-

221 5246 353 5301 brie
405 5253 568 5315 atque
593 5241 957 5308 continenter,
988 5247 1091 5295 etc.
1126 5237 1228 5305 Qui
1250 5244 1365 5292 erat
1395 5250 1603 5301 scurra,
1632 5234 1688 5289 id
1715 5241 1819 5300 est,

225 5338 478 5395 minator
508 5335 689 5408 turpia
717 5341 934 5390 sectans
959 5341 1014 5387 et
1041 5329 1318 5386 immunda
1373 5329 1618 5397 loquens,
1649 5327 1823 5381 corri-

225 5437 331 5506 gat
364 5428 738 5499 semetipsum,
765 5429 820 5481 et
847 5425 1060 5480 desinat
1097 5437 1217 5477 esse
1264 5421 1407 5490 quod
1461 5418 1562 5474 fuit
1597 5437 1608 5472 :
1649 5418 1825 5472 discat

221 5517 438 5584 bonum
462 5521 632 5594 loqui,
666 5519 758 5591 qui
782 5518 931 5589 prius
959 5529 1095 5571 vana
1122 5521 1177 5570 et
1210 5513 1388 5583 turpia
1415 5509 1684 5580 loquendo
1710 5516 1820 5565 tam

223 5633 298 5675 se
322 5631 488 5686 quam
527 5613 803 5669 auditores
830 5626 956 5666 suos
981 5606 1304 5663 maculabat.
1340 5605 1443 5671 Qui
1479 5612 1598 5659 erat
1623 5616 1822 5657 avarus

224 5720 333 5770 aut
360 5719 546 5776 tenax,
599 5697 654 5763 id
705 5713 810 5771 est,
837 5703 930 5775 qui
969 5701 1143 5758 aliena
1196 5698 1465 5768 cupiebat,
1512 5707 1574 5753 ct-
1601 5698 1691 5768 qui
1725 5711 1820 5750 sua

1936 1853 2033 1909 Sic
2058 1851 2304 1921 exceptis
2335 1850 2652 1903 criminibus
2698 1847 2968 1910 adulterii,
3001 1842 3298 1908 homicidii,
3322 1849 3377 1897 et
3397 1839 3518 1894 aliis

1934 1944 2130 2015 quibus
2178 1944 2339 2013 digna
2394 1943 2652 2011 competit
2701 1940 3041 2010 pmnitentia,
3091 1937 3264 2006 qualis
3313 1945 3439 1989 tunc
3460 1933 3518 1987 in

1933 2036 2180 2093 Ecclesia
2208 2035 2426 2104 publice
2473 2033 2758 2103 agebatur,
2799 2037 3032 2086 testatur
3067 2035 3288 2084 sanctus
3315 2024 3521 2094 Eligius

1935 2141 2131 2185 caetera
2153 2138 2399 2199 peccata,
2432 2128 2596 2184 veluti
2622 2125 2909 2196 superbiae,
2959 2121 3252 2178 iracundia:
3282 2126 3335 2173 et
3372 2115 3513 2172 sevi-

1935 2224 2046 2288 tiae,
2083 2237 2203 2292 qua:
2264 2221 2807 2287 excluduntaregno
2853 2215 2990 2280 Dei;
3043 2213 3255 2268 invidiae
3304 2219 3357 2264 et
3385 2207 3518 2272 odii,

1935 2314 2104 2368 animi
2151 2314 2326 2383 turpia
2360 2320 2415 2366 et
2445 2311 2725 2365 immunda
2775 2307 3055 2370 sectantis,
3113 2303 3348 2357 auaritia:
3401 2315 3519 2371 qua:

1937 2417 2012 2462 est
2059 2405 2324 2460 idolorum
2382 2403 2622 2467 semitas,
2684 2401 2983 2464 ebrietatis,
3033 2393 3431 2468 prodigalitatis
3466 2399 3522 2474 et

1936 2497 2229 2561 mendacii,
2265 2496 2386 2552 aliis
2419 2494 2671 2550 remediis
2701 2492 2859 2550 facile
2883 2491 3081 2548 curari.

1952 2645 1959 2650 -
2009 2613 2148 2667 llinc
2181 2619 2396 2667 constat
2435 2627 2542 2666 non
2577 2626 2676 2682 pro
2706 2609 2958 2665 omnibus
2984 2604 3301 2662 criminibus
3341 2599 3518 2670 publi-

1937 2705 2017 2762 cis
2043 2705 2312 2777 publicam
2335 2704 2708 2775 poenitentiam
2741 2701 2908 2755 fuisse
2943 2696 3272 2767 impositam.
3301 2691 3360 2746 Si
3381 2704 3514 2760 ergo

1938 2803 2316 2866 argumentum
2339 2793 2388 2849 J.
2441 2794 2634 2849 Morini
2679 2793 2746 2848 de
2788 2789 3106 2846 criminibus
3157 2783 3389 2855 publicis
3435 2780 3522 2840 nis

1938 2887 2105 2940 mium
2140 2887 2350 2956 probat,
2383 2883 2552 2938 multo
2583 2883 2754 2952 magis
2782 2882 2850 2937 de
2888 2878 3205 2933 criminibus
3247 2871 3472 2928 occultis
3501 2889 3513 2924 :

1939 2991 2173 3047 cumque
2210 2981 2589 3046 argumentum
2640 2973 2784 3042 quod
2816 2971 2978 3024 nimis
3021 2968 3232 3039 probat,
3263 2963 3416 3032 juxta
3439 2960 3518 3015 le-

1861 3086 1911 3151 c
1941 3085 2034 3140 ges
2066 3067 2362 3124 dialectitm
2392 3065 2523 3120 nihil
2553 3065 2783 3134 probet;
2821 3061 3056 3116 fateatur
3079 3057 3310 3151 quisque
3333 3065 3524 3151 neces-

1941 3175 2002 3215 se
2038 3166 2121 3213 est
2153 3157 2448 3212 secundum
2488 3161 2886 3225 argumentum,
2936 3165 3042 3220 quo
3076 3147 3124 3202 J.
3152 3145 3390 3201 Morinus
3417 3141 3523 3196 uti-

1938 3249 2026 3305 tur
2061 3249 2128 3303 ad
2183 3243 2666 3303 demonstrandum
2719 3244 2994 3311 antiquam
3053 3238 3308 3294 Ecclesia}
3355 3234 3524 3289 fuisse

1935 3339 2154 3410 praxim
2187 3335 2252 3391 de
2278 3335 2599 3391 criminibus
2652 3331 2882 3389 occultis
2939 3328 3151 3401 publice
3199 3320 3519 3397 prenitendi,

1937 3429 2137 3488 nullius
2165 3443 2286 3486 esse
2311 3427 2591 3484 momenti.

2533 3583 2760 3643 CAPUT
2793 3582 2902 3638 Vll.

1937 3719 1980 3786 Τ
1981 3731 2171 3787 ertium
2225 3735 2589 3800 argumentum
2616 3725 2694 3800 J.A
2716 3723 2913 3800 Morini
2952 3719 3208 3800 refelfitttr
3235 3733 3254 3772 .'
3284 3727 3335 3774 et
3361 3730 3518 3790 expo-

2311 3802 2457 3854 nitur
2476 3797 2754 3867 Augustini
2783 3796 3157 3850 testimonium.

2011 3954 2030 3987 ‹
2074 3935 2340 3998 Tertium,
2395 3931 2571 4000 inquit
2627 3927 2676 3983 J.
2737 3921 2997 3993 Morinus,
3038 3925 3083 3981 si
3123 3922 3357 3981 crimina
3393 3919 3516 3992 quis

1933 4036 2126 4099 Sponte
2167 4024 2522 4088 enuntiasset,
2550 4021 2746 4077 minori
2781 4030 3023 4092 tempore
3050 4020 3104 4074 in
3133 4014 3515 4077 substratione,

1935 4117 2230 4183 auditione,
2253 4123 2386 4181 etc.,
2425 4109 2908 4176 commoraturum,
2958 4125 3119 4180 quam
3159 4108 3201 4162 si
3232 4112 3517 4161 accusatus

1932 4215 1988 4261 et
2015 4206 2299 4262 convictus
2364 4212 2525 4260 esset.
2566 4203 2818 4273 Plerique
2873 4203 3016 4257 enim
3067 4213 3302 4280 canones
3327 4204 3379 4251 et
3413 4193 3516 4252 Pa-

1933 4305 2077 4351 trum
2126 4297 2385 4368 pleraque
2411 4297 2554 4352 dicta
2588 4295 2729 4352 hanc
2760 4293 2933 4367 legem
2971 4294 3080 4348 rcis
3111 4290 3398 4346 criminum
3436 4287 3517 4342 di-

1933 4377 2104 4456 ctant,
2134 4387 2289 4459 cujus
2338 4390 2419 4445 rei
2449 4388 2759 4444 testimonia
2813 4385 2980 4441 multa
3031 4383 3213 4454 legere
3238 4388 3394 4451 potes
3415 4377 3512 4433 lib.

1932 4499 1995 4550 ll,
2025 4499 2075 4537 c.
2102 4484 2154 4538 εἰ.
2197 4481 2256 4537 Si
2291 4481 2522 4538 crimina
2571 4495 2739 4550 ponas
2788 4475 3002 4547 publica
3054 4489 3152 4544 pro
3177 4463 3359 4542 specie
3383 4470 3516 4524 ista-

1932 4592 2053 4632 rum
2084 4576 2261 4648 legum
2289 4574 2646 4646 explananda,
2673 4571 2792 4641 quze
2827 4569 2967 4624 ratio
2997 4565 3123 4638 fingi
3150 4571 3330 4636 potest
3353 4562 3510 4616 istius

1931 4668 2387 4740 temperamenti?
2425 4666 2480 4720 Si
2516 4665 2722 4720 crimen
2748 4661 3022 4732 publicum
3056 4666 3158 4722 est,
3191 4656 3304 4727 jam
3330 4652 3516 4709 convi-

1929 4761 2038 4815 ctio
2067 4773 2163 4830 per
2189 4774 2246 4814 se
2269 4757 2412 4811 facta
2447 4762 2531 4810 est
2557 4772 2569 4807 :
2609 4754 2724 4825 ipsa
2767 4752 2914 4817 facti,
2945 4757 3004 4805 ut
3031 4745 3102 4803 ita
3133 4749 3327 4810 dicam,
3356 4752 3512 4799 noto-

1932 4854 2097 4907 rietas
2140 4848 2469 4906 convictioni
2515 4843 2846 4916 aequivaluit.
2901 4843 3118 4896 Delatus
3165 4835 3511 4907 tergiversari

1931 4958 2038 4998 non
2060 4950 2257 5011 potest.
2290 4939 2404 4994 lmo
2433 4953 2499 4992 ne
2526 4931 2767 4993 delatore
2793 4933 3011 5005 quidem
3054 4945 3188 5002 Opus
3211 4929 3373 4983 habet
3399 4928 3514 4994 epi-

1929 5046 2142 5100 scopus,
2175 5046 2298 5086 cum
2327 5037 2560 5102 ponatur
2593 5027 2797 5083 crimen
2829 5023 3100 5097 publicum
3129 5029 3184 5077 et
3218 5020 3510 5081 uotorium,

1927 5121 2025 5178 sed
2049 5124 2336 5187 monitore,
2365 5136 2430 5175 ac
2455 5135 2524 5174 ne
2546 5118 2815 5174 monitore
2842 5111 3080 5185 quidem,
3135 5123 3257 5167 cum
3294 5123 3358 5164 eo
3386 5122 3512 5161 casu

1927 5215 2214 5285 episcopus
2244 5213 2359 5269 sola
2383 5211 2626 5268 muneris
2654 5205 2945 5280 peragendi
2970 5202 3299 5259 c0ns‘cientia
3329 5199 3512 5254 stimu-

1923 5307 2070 5363 latus
2105 5306 2378 5376 publicum
2429 5311 2790 5374 peccatorem,
2816 5309 2870 5355 et
2899 5295 3306 5368 resipiSCcntem
3334 5287 3510 5363 poeni-

1925 5399 2094 5455 tentia
2122 5397 2392 5468 castigare
2414 5395 2605 5467 possit.
2644 5413 2662 5446 ›

1997 5509 2303 5581 Responsio.
2335 5536 2408 5547 -
2443 5504 2701 5572 Quamvis
2733 5502 2956 5572 faterer
3000 5497 3202 5554 crimen
3248 5505 3368 5547 esse
3416 5504 3486 5546 oc

1925 5601 2152 5665 cultum,
2180 5598 2312 5667 quid
2349 5597 2475 5652 inde
2515 5592 2873 5657 concluditur,
2922 5590 2966 5644 si
2992 5594 3178 5659 postea
3211 5588 3507 5651 spontanea

1925 5689 2332 5749 denuntiatione
2371 5701 2555 5743 coram
2591 5675 2856 5754 iudicibus
2901 5677 3154 5735 Ecclesia:
3189 5674 3282 5729 flat
3326 5669 3509 5744 publi-
