  <div class='ocr_page' id='page_1' title='image "/cluster/home/n/w/nwhite01/storage/ocr_20150623/99/hvd.32044015466790/652.png"; bbox 0 0 4060 6350; ppageno 0'>
   <div class='ocr_carea' id='block_1_1' title="bbox 203 342 348 400">
    <p class='ocr_par' dir='ltr' id='par_1_1' title="bbox 203 342 348 400">
     <span class='ocr_line' id='line_1_1' title="bbox 203 342 348 400; baseline 0.021 -3"><span class='ocrx_word' id='word_1_1' title='bbox 203 342 348 400; x_wconf 67' lang='grc'><strong>1209</strong></span> 
     </span>
    </p>
   </div>
   <div class='ocr_carea' id='block_1_2' title="bbox 1043 333 2618 405">
    <p class='ocr_par' dir='ltr' id='par_1_2' title="bbox 1043 333 2618 405">
     <span class='ocr_line' id='line_1_2' title="bbox 1043 333 2618 405; baseline 0.006 -10"><span class='ocrx_word' id='word_1_2' title='bbox 1043 340 1132 395; x_wconf 86' lang='grc' dir='ltr'>ΑΒ</span> <span class='ocrx_word' id='word_1_3' title='bbox 1167 335 1336 397; x_wconf 85' lang='lat' dir='ltr'><strong>OMNI</strong></span> <span class='ocrx_word' id='word_1_4' title='bbox 1371 333 1745 398; x_wconf 76' lang='lat' dir='ltr'><strong>NOVITATIS</strong></span> <span class='ocrx_word' id='word_1_5' title='bbox 1786 341 2191 402; x_wconf 84' lang='lat' dir='ltr'><strong>SUSPICIONE</strong></span> <span class='ocrx_word' id='word_1_6' title='bbox 2231 341 2618 405; x_wconf 73' lang='lat' dir='ltr'><strong>VINDICATA.</strong></span> 
     </span>
    </p>
   </div>
   <div class='ocr_carea' id='block_1_3' title="bbox 3326 315 3471 421">
    <p class='ocr_par' dir='ltr' id='par_1_3' title="bbox 3326 315 3471 421">
     <span class='ocr_line' id='line_1_3' title="bbox 3326 315 3471 421; baseline -0.021 -9"><span class='ocrx_word' id='word_1_7' title='bbox 3326 315 3471 421; x_wconf 69' lang='lat' dir='ltr'><strong>tam</strong></span> 
     </span>
    </p>
   </div>
   <div class='ocr_carea' id='block_1_4' title="bbox 201 447 3473 536">
    <p class='ocr_par' dir='ltr' id='par_1_4' title="bbox 201 447 3473 536">
     <span class='ocr_line' id='line_1_4' title="bbox 201 447 3473 536; baseline 0.006 -23"><span class='ocrx_word' id='word_1_8' title='bbox 201 465 450 518; x_wconf 77' lang='lat' dir='ltr'><strong>conatur.</strong></span> <span class='ocrx_word' id='word_1_9' title='bbox 493 471 512 505; x_wconf 70' lang='grc' dir='ltr'>ι</span> <span class='ocrx_word' id='word_1_10' title='bbox 560 448 782 508; x_wconf 84' lang='lat' dir='ltr'><strong>Resistit</strong></span> <span class='ocrx_word' id='word_1_11' title='bbox 825 447 956 509; x_wconf 86' lang='lat' dir='ltr'><strong>mihi</strong></span> <span class='ocrx_word' id='word_1_12' title='bbox 1003 454 1146 511; x_wconf 88' lang='lat' dir='ltr'><strong>ﬁlius</strong></span> <span class='ocrx_word' id='word_1_13' title='bbox 1189 457 1528 526; x_wconf 60' lang='lat' dir='ltr'><strong>pestilentiae,</strong></span> <span class='ocrx_word' id='word_1_14' title='bbox 1568 466 1624 512; x_wconf 93' lang='lat' dir='ltr'><strong>et</strong></span> <span class='ocrx_word' id='word_1_15' title='bbox 1661 472 1785 511; x_wconf 88' lang='lat' dir='ltr'><strong>eru-</strong></span> <span class='ocrx_word' id='word_1_16' title='bbox 1811 458 1865 518; x_wconf 76' lang='grc' dir='ltr'>Α</span> <span class='ocrx_word' id='word_1_17' title='bbox 1889 457 2206 518; x_wconf 88' lang='lat' dir='ltr'><strong>Theodorus</strong></span> <span class='ocrx_word' id='word_1_18' title='bbox 2233 463 2400 518; x_wconf 90' lang='lat' dir='ltr'><strong>refert</strong></span> <span class='ocrx_word' id='word_1_19' title='bbox 2427 467 2482 520; x_wconf 92' lang='lat' dir='ltr'><strong>in</strong></span> <span class='ocrx_word' id='word_1_20' title='bbox 2511 481 2610 521; x_wconf 89' lang='lat' dir='ltr'><strong>sua</strong></span> <span class='ocrx_word' id='word_1_21' title='bbox 2636 465 2914 536; x_wconf 80' lang='lat' dir='ltr'><strong>provincia</strong></span> <span class='ocrx_word' id='word_1_22' title='bbox 2937 483 3044 524; x_wconf 91' lang='lat' dir='ltr'><strong>non</strong></span> <span class='ocrx_word' id='word_1_23' title='bbox 3077 484 3197 528; x_wconf 89' lang='lat' dir='ltr'><strong>esse</strong></span> <span class='ocrx_word' id='word_1_24' title='bbox 3229 476 3473 531; x_wconf 84' lang='lat' dir='ltr'><strong>reconci-</strong></span> 
     </span>
    </p>
   </div>
   <div class='ocr_carea' id='block_1_5' title="bbox 208 546 1788 618">
    <p class='ocr_par' dir='ltr' id='par_1_5' title="bbox 208 546 1788 618">
     <span class='ocr_line' id='line_1_5' title="bbox 208 546 1788 618; baseline -0.002 -12"><span class='ocrx_word' id='word_1_25' title='bbox 208 570 231 606; x_wconf 75' lang='grc' dir='ltr'>ι</span> <span class='ocrx_word' id='word_1_26' title='bbox 275 549 451 607; x_wconf 90' lang='lat' dir='ltr'><strong>bescit</strong></span> <span class='ocrx_word' id='word_1_27' title='bbox 496 561 634 618; x_wconf 89' lang='lat' dir='ltr'><strong>genu</strong></span> <span class='ocrx_word' id='word_1_28' title='bbox 677 546 839 618; x_wconf 89' lang='lat' dir='ltr'><strong>ﬁgere</strong></span> <span class='ocrx_word' id='word_1_29' title='bbox 886 547 985 602; x_wconf 89' lang='lat' dir='ltr'><strong>sub</strong></span> <span class='ocrx_word' id='word_1_30' title='bbox 1030 547 1404 604; x_wconf 81' lang='lat' dir='ltr'><strong>benedictione</strong></span> <span class='ocrx_word' id='word_1_31' title='bbox 1462 550 1588 603; x_wconf 88' lang='lat' dir='ltr'><strong>Dei?</strong></span> <span class='ocrx_word' id='word_1_32' title='bbox 1635 549 1788 614; x_wconf 84' lang='lat' dir='ltr'><strong>Quod</strong></span> 
     </span>
    </p>
   </div>
   <div class='ocr_carea' id='block_1_6' title="bbox 210 641 1785 710">
    <p class='ocr_par' dir='ltr' id='par_1_6' title="bbox 210 641 1785 710">
     <span class='ocr_line' id='line_1_6' title="bbox 210 641 1785 710; baseline -0.001 -15"><span class='ocrx_word' id='word_1_33' title='bbox 210 663 230 695; x_wconf 74' lang='grc' dir='ltr'><strong><em>ι</em></strong></span> <span class='ocrx_word' id='word_1_34' title='bbox 275 658 384 698; x_wconf 91' lang='lat' dir='ltr'><strong>non</strong></span> <span class='ocrx_word' id='word_1_35' title='bbox 419 641 694 696; x_wconf 79' lang='lat' dir='ltr'><strong>erubescit</strong></span> <span class='ocrx_word' id='word_1_36' title='bbox 727 641 1052 710; x_wconf 83' lang='lat' dir='ltr'><strong>imperator,</strong></span> <span class='ocrx_word' id='word_1_37' title='bbox 1096 642 1365 696; x_wconf 87' lang='lat' dir='ltr'><strong>erubescit</strong></span> <span class='ocrx_word' id='word_1_38' title='bbox 1403 657 1502 696; x_wconf 90' lang='lat' dir='ltr'><strong>nec</strong></span> <span class='ocrx_word' id='word_1_39' title='bbox 1549 651 1785 707; x_wconf 90' lang='lat' dir='ltr'><strong>senator,</strong></span> 
     </span>
    </p>
   </div>
   <div class='ocr_carea' id='block_1_7' title="bbox 210 733 1791 804">
    <p class='ocr_par' dir='ltr' id='par_1_7' title="bbox 210 733 1791 804">
     <span class='ocr_line' id='line_1_7' title="bbox 210 733 1791 804; baseline -0.001 -15"><span class='ocrx_word' id='word_1_40' title='bbox 210 756 230 789; x_wconf 84' lang='grc'><strong><em>‹</em></strong></span> <span class='ocrx_word' id='word_1_41' title='bbox 278 736 372 791; x_wconf 90' lang='lat' dir='ltr'><strong>sed</strong></span> <span class='ocrx_word' id='word_1_42' title='bbox 415 743 623 789; x_wconf 89' lang='lat' dir='ltr'><strong>tantum</strong></span> <span class='ocrx_word' id='word_1_43' title='bbox 667 734 910 799; x_wconf 88' lang='lat' dir='ltr'><strong>curialis,</strong></span> <span class='ocrx_word' id='word_1_44' title='bbox 953 741 1058 789; x_wconf 90' lang='lat' dir='ltr'><strong>etc.</strong></span> <span class='ocrx_word' id='word_1_45' title='bbox 1100 733 1388 804; x_wconf 83' lang='lat' dir='ltr'><strong>Propterea</strong></span> <span class='ocrx_word' id='word_1_46' title='bbox 1431 733 1574 788; x_wconf 89' lang='lat' dir='ltr'><strong>Deus</strong></span> <span class='ocrx_word' id='word_1_47' title='bbox 1623 733 1791 787; x_wconf 86' lang='lat' dir='ltr'><strong>voluit</strong></span> 
     </span>
    </p>
   </div>
   <div class='ocr_carea' id='block_1_8' title="bbox 209 827 1788 898">
    <p class='ocr_par' dir='ltr' id='par_1_8' title="bbox 209 827 1788 898">
     <span class='ocr_line' id='line_1_8' title="bbox 209 827 1788 898; baseline 0 -19"><span class='ocrx_word' id='word_1_48' title='bbox 209 847 231 879; x_wconf 83' lang='grc'><strong><em>‹</em></strong></span> <span class='ocrx_word' id='word_1_49' title='bbox 277 835 338 883; x_wconf 90' lang='lat' dir='ltr'><strong>ut</strong></span> <span class='ocrx_word' id='word_1_50' title='bbox 366 827 705 882; x_wconf 88' lang='lat' dir='ltr'><strong>Theodosius</strong></span> <span class='ocrx_word' id='word_1_51' title='bbox 740 828 1033 896; x_wconf 82' lang='lat' dir='ltr'><strong>imperator</strong></span> <span class='ocrx_word' id='word_1_52' title='bbox 1069 836 1252 898; x_wconf 82' lang='lat' dir='ltr'><strong>ageret</strong></span> <span class='ocrx_word' id='word_1_53' title='bbox 1285 827 1657 898; x_wconf 66' lang='lat' dir='ltr'><strong>paenitentiam</strong></span> <span class='ocrx_word' id='word_1_54' title='bbox 1687 841 1788 896; x_wconf 92' lang='lat' dir='ltr'><strong>pu-</strong></span> 
     </span>
    </p>
   </div>
   <div class='ocr_carea' id='block_1_9' title="bbox 210 918 1791 990">
    <p class='ocr_par' dir='ltr' id='par_1_9' title="bbox 210 918 1791 990">
     <span class='ocr_line' id='line_1_9' title="bbox 210 918 1791 990; baseline 0.001 -21"><span class='ocrx_word' id='word_1_55' title='bbox 210 938 231 969; x_wconf 83' lang='grc'><strong>‹</strong></span> <span class='ocrx_word' id='word_1_56' title='bbox 279 920 476 974; x_wconf 90' lang='lat' dir='ltr'><strong>blicam</strong></span> <span class='ocrx_word' id='word_1_57' title='bbox 500 920 553 973; x_wconf 90' lang='lat' dir='ltr'><strong>in</strong></span> <span class='ocrx_word' id='word_1_58' title='bbox 577 927 865 988; x_wconf 87' lang='lat' dir='ltr'><strong>conspectu</strong></span> <span class='ocrx_word' id='word_1_59' title='bbox 885 918 1081 990; x_wconf 90' lang='lat' dir='ltr'><strong>populi,</strong></span> <span class='ocrx_word' id='word_1_60' title='bbox 1108 919 1338 973; x_wconf 79' lang='lat' dir='ltr'><strong>maxime</strong></span> <span class='ocrx_word' id='word_1_61' title='bbox 1367 919 1490 988; x_wconf 88' lang='lat' dir='ltr'><strong>quia</strong></span> <span class='ocrx_word' id='word_1_62' title='bbox 1512 927 1791 986; x_wconf 90' lang='lat' dir='ltr'><strong>peccatum</strong></span> 
     </span>
    </p>
   </div>
   <div class='ocr_carea' id='block_1_10' title="bbox 210 1009 1792 1079">
    <p class='ocr_par' dir='ltr' id='par_1_10' title="bbox 210 1009 1792 1079">
     <span class='ocr_line' id='line_1_10' title="bbox 210 1009 1792 1079; baseline 0 -17"><span class='ocrx_word' id='word_1_63' title='bbox 210 1029 231 1062; x_wconf 73' lang='grc' dir='ltr'>ι</span> <span class='ocrx_word' id='word_1_64' title='bbox 278 1009 396 1078; x_wconf 85' lang='lat' dir='ltr'><strong>ejus</strong></span> <span class='ocrx_word' id='word_1_65' title='bbox 424 1010 587 1063; x_wconf 89' lang='lat' dir='ltr'><strong>celari</strong></span> <span class='ocrx_word' id='word_1_66' title='bbox 624 1025 730 1064; x_wconf 92' lang='lat' dir='ltr'><strong>non</strong></span> <span class='ocrx_word' id='word_1_67' title='bbox 769 1010 963 1078; x_wconf 92' lang='lat' dir='ltr'><strong>potuit,</strong></span> <span class='ocrx_word' id='word_1_68' title='bbox 1006 1018 1060 1064; x_wconf 92' lang='lat' dir='ltr'><strong>et</strong></span> <span class='ocrx_word' id='word_1_69' title='bbox 1093 1010 1364 1065; x_wconf 88' lang='lat' dir='ltr'><strong>erubescit</strong></span> <span class='ocrx_word' id='word_1_70' title='bbox 1403 1016 1620 1064; x_wconf 88' lang='lat' dir='ltr'><strong>senator</strong></span> <span class='ocrx_word' id='word_1_71' title='bbox 1649 1009 1792 1079; x_wconf 79' lang='lat' dir='ltr'><strong>quod</strong></span> 
     </span>
    </p>
   </div>
   <div class='ocr_carea' id='block_1_11' title="bbox 211 1083 1794 1170">
    <p class='ocr_par' dir='ltr' id='par_1_11' title="bbox 211 1083 1794 1170">
     <span class='ocr_line' id='line_1_11' title="bbox 211 1083 1794 1170; baseline -0.001 -15"><span class='ocrx_word' id='word_1_72' title='bbox 211 1121 232 1155; x_wconf 69' lang='grc' dir='ltr'>ί</span> <span class='ocrx_word' id='word_1_73' title='bbox 277 1119 385 1156; x_wconf 92' lang='lat' dir='ltr'><strong>non</strong></span> <span class='ocrx_word' id='word_1_74' title='bbox 410 1101 680 1156; x_wconf 88' lang='lat' dir='ltr'><strong>erubescit</strong></span> <span class='ocrx_word' id='word_1_75' title='bbox 705 1101 1015 1170; x_wconf 90' lang='lat' dir='ltr'><strong>imperator,</strong></span> <span class='ocrx_word' id='word_1_76' title='bbox 1047 1083 1152 1156; x_wconf 80' lang='lat' dir='ltr'><strong>etc.</strong></span> <span class='ocrx_word' id='word_1_77' title='bbox 1191 1121 1207 1153; x_wconf 76' lang='grc' dir='ltr'><strong><em>ι</em></strong></span> <span class='ocrx_word' id='word_1_78' title='bbox 1242 1101 1354 1155; x_wconf 83' lang='lat' dir='ltr'><strong>Hoc</strong></span> <span class='ocrx_word' id='word_1_79' title='bbox 1380 1110 1461 1155; x_wconf 91' lang='lat' dir='ltr'><strong>est</strong></span> <span class='ocrx_word' id='word_1_80' title='bbox 1490 1099 1632 1169; x_wconf 89' lang='lat' dir='ltr'><strong>quod</strong></span> <span class='ocrx_word' id='word_1_81' title='bbox 1656 1115 1794 1169; x_wconf 65' lang='lat' dir='ltr'><strong>prte-</strong></span> 
     </span>
    </p>
   </div>
   <div class='ocr_carea' id='block_1_12' title="bbox 205 1193 1791 1264">
    <p class='ocr_par' dir='ltr' id='par_1_12' title="bbox 205 1193 1791 1264">
     <span class='ocr_line' id='line_1_12' title="bbox 205 1193 1791 1264; baseline -0.002 -15"><span class='ocrx_word' id='word_1_82' title='bbox 205 1195 398 1249; x_wconf 86' lang='lat' dir='ltr'><strong>sertim</strong></span> <span class='ocrx_word' id='word_1_83' title='bbox 444 1193 832 1248; x_wconf 87' lang='lat' dir='ltr'><strong>erubescebant</strong></span> <span class='ocrx_word' id='word_1_84' title='bbox 878 1209 1051 1264; x_wconf 89' lang='lat' dir='ltr'><strong>genua</strong></span> <span class='ocrx_word' id='word_1_85' title='bbox 1093 1193 1256 1263; x_wconf 88' lang='lat' dir='ltr'><strong>ﬁgere</strong></span> <span class='ocrx_word' id='word_1_86' title='bbox 1295 1194 1348 1248; x_wconf 93' lang='lat' dir='ltr'><strong>in</strong></span> <span class='ocrx_word' id='word_1_87' title='bbox 1397 1193 1624 1248; x_wconf 84' lang='lat' dir='ltr'><strong>ecclesia</strong></span> <span class='ocrx_word' id='word_1_88' title='bbox 1667 1207 1791 1247; x_wconf 91' lang='lat' dir='ltr'><strong>cum</strong></span> 
     </span>
    </p>
   </div>
   <div class='ocr_carea' id='block_1_13' title="bbox 203 1283 1792 1356">
    <p class='ocr_par' dir='ltr' id='par_1_13' title="bbox 203 1283 1792 1356">
     <span class='ocr_line' id='line_1_13' title="bbox 203 1283 1792 1356; baseline 0.001 -18"><span class='ocrx_word' id='word_1_89' title='bbox 203 1284 615 1356; x_wconf 67' lang='lat' dir='ltr'><strong>pmnitentibus,</strong></span> <span class='ocrx_word' id='word_1_90' title='bbox 646 1291 700 1339; x_wconf 90' lang='lat' dir='ltr'><strong>et</strong></span> <span class='ocrx_word' id='word_1_91' title='bbox 740 1292 902 1353; x_wconf 88' lang='lat' dir='ltr'><strong>caput</strong></span> <span class='ocrx_word' id='word_1_92' title='bbox 937 1283 1180 1338; x_wconf 87' lang='lat' dir='ltr'><strong>manibus</strong></span> <span class='ocrx_word' id='word_1_93' title='bbox 1227 1292 1282 1338; x_wconf 90' lang='lat' dir='ltr'><strong>et</strong></span> <span class='ocrx_word' id='word_1_94' title='bbox 1328 1283 1792 1339; x_wconf 87' lang='lat' dir='ltr'><strong>benedictionibus</strong></span> 
     </span>
    </p>
   </div>
   <div class='ocr_carea' id='block_1_14' title="bbox 211 1377 1794 1446">
    <p class='ocr_par' dir='ltr' id='par_1_14' title="bbox 211 1377 1794 1446">
     <span class='ocr_line' id='line_1_14' title="bbox 211 1377 1794 1446; baseline 0 -14"><span class='ocrx_word' id='word_1_95' title='bbox 211 1377 553 1432; x_wconf 88' lang='lat' dir='ltr'><strong>sacerdotum</strong></span> <span class='ocrx_word' id='word_1_96' title='bbox 581 1391 898 1446; x_wconf 86' lang='lat' dir='ltr'><strong>supponere,</strong></span> <span class='ocrx_word' id='word_1_97' title='bbox 931 1392 996 1430; x_wconf 92' lang='lat' dir='ltr'><strong>ac</strong></span> <span class='ocrx_word' id='word_1_98' title='bbox 1031 1387 1419 1446; x_wconf 86' lang='lat' dir='ltr'><strong>consequenter</strong></span> <span class='ocrx_word' id='word_1_99' title='bbox 1445 1377 1512 1431; x_wconf 91' lang='lat' dir='ltr'><strong>ab</strong></span> <span class='ocrx_word' id='word_1_100' title='bbox 1538 1377 1794 1432; x_wconf 79' lang='lat' dir='ltr'><strong>Ecclesiae</strong></span> 
     </span>
    </p>
   </div>
   <div class='ocr_carea' id='block_1_15' title="bbox 211 1469 1794 1540">
    <p class='ocr_par' dir='ltr' id='par_1_15' title="bbox 211 1469 1794 1540">
     <span class='ocr_line' id='line_1_15' title="bbox 211 1469 1794 1540; baseline -0.001 -15"><span class='ocrx_word' id='word_1_101' title='bbox 211 1471 481 1525; x_wconf 87' lang='lat' dir='ltr'><strong>sacriﬁcio</strong></span> <span class='ocrx_word' id='word_1_102' title='bbox 507 1478 560 1524; x_wconf 91' lang='lat' dir='ltr'><strong>et</strong></span> <span class='ocrx_word' id='word_1_103' title='bbox 586 1469 820 1525; x_wconf 90' lang='lat' dir='ltr'><strong>ﬁdelium</strong></span> <span class='ocrx_word' id='word_1_104' title='bbox 847 1478 990 1524; x_wconf 89' lang='lat' dir='ltr'><strong>coetu</strong></span> <span class='ocrx_word' id='word_1_105' title='bbox 1011 1470 1223 1540; x_wconf 80' lang='lat' dir='ltr'><strong>expelli.</strong></span> <span class='ocrx_word' id='word_1_106' title='bbox 1254 1470 1324 1525; x_wconf 88' lang='lat' dir='ltr'><strong>Ut</strong></span> <span class='ocrx_word' id='word_1_107' title='bbox 1351 1480 1531 1525; x_wconf 90' lang='lat' dir='ltr'><strong>autem</strong></span> <span class='ocrx_word' id='word_1_108' title='bbox 1552 1471 1652 1525; x_wconf 89' lang='lat' dir='ltr'><strong>ista</strong></span> <span class='ocrx_word' id='word_1_109' title='bbox 1679 1485 1794 1525; x_wconf 92' lang='lat' dir='ltr'><strong>mo-</strong></span> 
     </span>
    </p>
   </div>
   <div class='ocr_carea' id='block_1_16' title="bbox 215 1561 1793 1632">
    <p class='ocr_par' dir='ltr' id='par_1_16' title="bbox 215 1561 1793 1632">
     <span class='ocr_line' id='line_1_16' title="bbox 215 1561 1793 1632; baseline 0.001 -16"><span class='ocrx_word' id='word_1_110' title='bbox 215 1561 366 1616; x_wconf 89' lang='lat' dir='ltr'><strong>deste</strong></span> <span class='ocrx_word' id='word_1_111' title='bbox 407 1570 462 1617; x_wconf 92' lang='lat' dir='ltr'><strong>et</strong></span> <span class='ocrx_word' id='word_1_112' title='bbox 487 1561 762 1616; x_wconf 87' lang='lat' dir='ltr'><strong>humiliter</strong></span> <span class='ocrx_word' id='word_1_113' title='bbox 797 1561 1090 1632; x_wconf 80' lang='lat' dir='ltr'><strong>perferant,</strong></span> <span class='ocrx_word' id='word_1_114' title='bbox 1120 1561 1404 1616; x_wconf 85' lang='lat' dir='ltr'><strong>Theodosii</strong></span> <span class='ocrx_word' id='word_1_115' title='bbox 1452 1562 1793 1632; x_wconf 89' lang='lat' dir='ltr'><strong>imperatoris</strong></span> 
     </span>
    </p>
   </div>
   <div class='ocr_carea' id='block_1_17' title="bbox 211 1652 1793 1726">
    <p class='ocr_par' dir='ltr' id='par_1_17' title="bbox 211 1652 1793 1726">
     <span class='ocr_line' id='line_1_17' title="bbox 211 1652 1793 1726; baseline 0.002 -19"><span class='ocrx_word' id='word_1_116' title='bbox 211 1652 460 1723; x_wconf 79' lang='lat' dir='ltr'><strong>exemplo</strong></span> <span class='ocrx_word' id='word_1_117' title='bbox 503 1654 769 1708; x_wconf 86' lang='lat' dir='ltr'><strong>hortatur.</strong></span> <span class='ocrx_word' id='word_1_118' title='bbox 817 1654 970 1721; x_wconf 86' lang='lat' dir='ltr'><strong>Quod</strong></span> <span class='ocrx_word' id='word_1_119' title='bbox 1012 1665 1165 1709; x_wconf 89' lang='lat' dir='ltr'><strong>notat</strong></span> <span class='ocrx_word' id='word_1_120' title='bbox 1205 1665 1421 1710; x_wconf 86' lang='lat' dir='ltr'><strong>sanctus</strong></span> <span class='ocrx_word' id='word_1_121' title='bbox 1462 1655 1793 1726; x_wconf 79' lang='lat' dir='ltr'><strong>Augustinus</strong></span> 
     </span>
    </p>
   </div>
   <div class='ocr_carea' id='block_1_18' title="bbox 211 1743 1792 1817">
    <p class='ocr_par' dir='ltr' id='par_1_18' title="bbox 211 1743 1792 1817">
     <span class='ocr_line' id='line_1_18' title="bbox 211 1743 1792 1817; baseline 0.003 -20"><span class='ocrx_word' id='word_1_122' title='bbox 211 1743 570 1799; x_wconf 88' lang='lat' dir='ltr'><strong>Theodosium</strong></span> <span class='ocrx_word' id='word_1_123' title='bbox 601 1746 972 1814; x_wconf 65' lang='lat' dir='ltr'><strong>paenitentiam</strong></span> <span class='ocrx_word' id='word_1_124' title='bbox 1002 1746 1271 1816; x_wconf 86' lang='lat' dir='ltr'><strong>publicam</strong></span> <span class='ocrx_word' id='word_1_125' title='bbox 1317 1747 1508 1817; x_wconf 84' lang='lat' dir='ltr'><strong>egisse,</strong></span> <span class='ocrx_word' id='word_1_126' title='bbox 1559 1746 1792 1802; x_wconf 78' lang='lat' dir='ltr'><strong>maxime</strong></span> 
     </span>
    </p>
   </div>
   <div class='ocr_carea' id='block_1_19' title="bbox 210 1816 1868 1908">
    <p class='ocr_par' dir='ltr' id='par_1_19' title="bbox 210 1816 1868 1908">
     <span class='ocr_line' id='line_1_19' title="bbox 210 1816 1868 1908; baseline 0.005 -20"><span class='ocrx_word' id='word_1_127' title='bbox 210 1836 337 1904; x_wconf 86' lang='lat' dir='ltr'><strong>quia</strong></span> <span class='ocrx_word' id='word_1_128' title='bbox 367 1846 644 1906; x_wconf 89' lang='lat' dir='ltr'><strong>peccatum</strong></span> <span class='ocrx_word' id='word_1_129' title='bbox 669 1836 788 1906; x_wconf 83' lang='lat' dir='ltr'><strong>ejus</strong></span> <span class='ocrx_word' id='word_1_130' title='bbox 832 1839 996 1893; x_wconf 89' lang='lat' dir='ltr'><strong>celari</strong></span> <span class='ocrx_word' id='word_1_131' title='bbox 1042 1855 1146 1892; x_wconf 91' lang='lat' dir='ltr'><strong>non</strong></span> <span class='ocrx_word' id='word_1_132' title='bbox 1178 1839 1369 1908; x_wconf 92' lang='lat' dir='ltr'><strong>potuit,</strong></span> <span class='ocrx_word' id='word_1_133' title='bbox 1417 1839 1659 1893; x_wconf 89' lang='lat' dir='ltr'><strong>criminis</strong></span> <span class='ocrx_word' id='word_1_134' title='bbox 1699 1854 1790 1895; x_wconf 92' lang='lat' dir='ltr'><strong>oc—</strong></span> <span class='ocrx_word' id='word_1_135' title='bbox 1823 1816 1868 1876; x_wconf 72' lang='grc' dir='ltr'><strong><em>Β</em></strong></span> 
     </span>
    </p>
   </div>
   <div class='ocr_carea' id='block_1_20' title="bbox 209 1926 1787 1998">
    <p class='ocr_par' dir='ltr' id='par_1_20' title="bbox 209 1926 1787 1998">
     <span class='ocr_line' id='line_1_20' title="bbox 209 1926 1787 1998; baseline 0.003 -19"><span class='ocrx_word' id='word_1_136' title='bbox 209 1926 339 1980; x_wconf 91' lang='lat' dir='ltr'><strong>culti</strong></span> <span class='ocrx_word' id='word_1_137' title='bbox 386 1930 758 1996; x_wconf 63' lang='lat' dir='ltr'><strong>pnanitentiam</strong></span> <span class='ocrx_word' id='word_1_138' title='bbox 799 1930 1069 1998; x_wconf 87' lang='lat' dir='ltr'><strong>publicam</strong></span> <span class='ocrx_word' id='word_1_139' title='bbox 1114 1945 1250 1983; x_wconf 86' lang='lat' dir='ltr'><strong>novo</strong></span> <span class='ocrx_word' id='word_1_140' title='bbox 1293 1930 1435 1984; x_wconf 90' lang='lat' dir='ltr'><strong>dicto</strong></span> <span class='ocrx_word' id='word_1_141' title='bbox 1483 1932 1787 1983; x_wconf 89' lang='lat' dir='ltr'><strong>conlirmat.</strong></span> 
     </span>
    </p>
   </div>
   <div class='ocr_carea' id='block_1_21' title="bbox 209 2014 1792 2076">
    <p class='ocr_par' dir='ltr' id='par_1_21' title="bbox 209 2014 1792 2076">
     <span class='ocr_line' id='line_1_21' title="bbox 209 2014 1792 2076; baseline 0.003 -6"><span class='ocrx_word' id='word_1_142' title='bbox 209 2014 529 2074; x_wconf 80' lang='lat' dir='ltr'><strong>Necessario</strong></span> <span class='ocrx_word' id='word_1_143' title='bbox 559 2021 701 2074; x_wconf 90' lang='lat' dir='ltr'><strong>enim</strong></span> <span class='ocrx_word' id='word_1_144' title='bbox 741 2021 867 2075; x_wconf 91' lang='lat' dir='ltr'><strong>hinc</strong></span> <span class='ocrx_word' id='word_1_145' title='bbox 891 2020 1121 2075; x_wconf 84' lang='lat' dir='ltr'><strong>infertur</strong></span> <span class='ocrx_word' id='word_1_146' title='bbox 1162 2021 1404 2075; x_wconf 88' lang='lat' dir='ltr'><strong>criminis</strong></span> <span class='ocrx_word' id='word_1_147' title='bbox 1439 2030 1493 2075; x_wconf 90' lang='lat' dir='ltr'><strong>et</strong></span> <span class='ocrx_word' id='word_1_148' title='bbox 1517 2021 1710 2076; x_wconf 87' lang='lat' dir='ltr'><strong>occulti</strong></span> <span class='ocrx_word' id='word_1_149' title='bbox 1737 2029 1792 2076; x_wconf 89' lang='lat' dir='ltr'><strong>et</strong></span> 
     </span>
    </p>
   </div>
   <div class='ocr_carea' id='block_1_22' title="bbox 206 2108 1792 2183">
    <p class='ocr_par' dir='ltr' id='par_1_22' title="bbox 206 2108 1792 2183">
     <span class='ocr_line' id='line_1_22' title="bbox 206 2108 1792 2183; baseline 0.004 -23"><span class='ocrx_word' id='word_1_150' title='bbox 206 2108 408 2177; x_wconf 89' lang='lat' dir='ltr'><strong>publici</strong></span> <span class='ocrx_word' id='word_1_151' title='bbox 435 2110 805 2179; x_wconf 66' lang='lat' dir='ltr'><strong>paenitentiam</strong></span> <span class='ocrx_word' id='word_1_152' title='bbox 851 2113 934 2182; x_wconf 84' lang='lat' dir='ltr'><strong>agi</strong></span> <span class='ocrx_word' id='word_1_153' title='bbox 980 2112 1273 2182; x_wconf 89' lang='lat' dir='ltr'><strong>publicam,</strong></span> <span class='ocrx_word' id='word_1_154' title='bbox 1319 2113 1413 2167; x_wconf 88' lang='lat' dir='ltr'><strong>sed</strong></span> <span class='ocrx_word' id='word_1_155' title='bbox 1439 2111 1662 2183; x_wconf 84' lang='lat' dir='ltr'><strong>publici,</strong></span> <span class='ocrx_word' id='word_1_156' title='bbox 1699 2119 1792 2166; x_wconf 87' lang='lat' dir='ltr'><strong>aut</strong></span> 
     </span>
    </p>
   </div>
   <div class='ocr_carea' id='block_1_23' title="bbox 207 2200 1139 2273">
    <p class='ocr_par' dir='ltr' id='par_1_23' title="bbox 207 2200 1139 2273">
     <span class='ocr_line' id='line_1_23' title="bbox 207 2200 1139 2273; baseline 0.003 -20"><span class='ocrx_word' id='word_1_157' title='bbox 207 2200 301 2270; x_wconf 88' lang='lat' dir='ltr'><strong>qui</strong></span> <span class='ocrx_word' id='word_1_158' title='bbox 327 2201 491 2255; x_wconf 89' lang='lat' dir='ltr'><strong>celari</strong></span> <span class='ocrx_word' id='word_1_159' title='bbox 518 2217 624 2257; x_wconf 93' lang='lat' dir='ltr'><strong>non</strong></span> <span class='ocrx_word' id='word_1_160' title='bbox 655 2211 831 2273; x_wconf 90' lang='lat' dir='ltr'><strong>potest</strong></span> <span class='ocrx_word' id='word_1_161' title='bbox 853 2205 1139 2259; x_wconf 62' lang='lat' dir='ltr'><strong>maxime.»</strong></span> 
     </span>
    </p>
   </div>
   <div class='ocr_carea' id='block_1_24' title="bbox 283 2312 1788 2392">
    <p class='ocr_par' dir='ltr' id='par_1_24' title="bbox 283 2312 1788 2392">
     <span class='ocr_line' id='line_1_24' title="bbox 283 2312 1788 2392; baseline 0.007 -26"><span class='ocrx_word' id='word_1_162' title='bbox 283 2312 586 2384; x_wconf 71' lang='lat' dir='ltr'><strong>Responsio.</strong></span> <span class='ocrx_word' id='word_1_163' title='bbox 634 2345 705 2357; x_wconf 85' lang='lat'><strong>——</strong></span> <span class='ocrx_word' id='word_1_164' title='bbox 756 2319 890 2386; x_wconf 86' lang='lat' dir='ltr'><strong>Quis</strong></span> <span class='ocrx_word' id='word_1_165' title='bbox 930 2328 1082 2390; x_wconf 92' lang='lat' dir='ltr'><strong>putet</strong></span> <span class='ocrx_word' id='word_1_166' title='bbox 1133 2329 1378 2378; x_wconf 89' lang='lat' dir='ltr'><strong>sanctum</strong></span> <span class='ocrx_word' id='word_1_167' title='bbox 1429 2321 1788 2392; x_wconf 81' lang='lat' dir='ltr'><strong>Augustinum</strong></span> 
     </span>
    </p>
   </div>
   <div class='ocr_carea' id='block_1_25' title="bbox 206 2402 1790 2482">
    <p class='ocr_par' dir='ltr' id='par_1_25' title="bbox 206 2402 1790 2482">
     <span class='ocr_line' id='line_1_25' title="bbox 206 2402 1790 2482; baseline 0.006 -25"><span class='ocrx_word' id='word_1_168' title='bbox 206 2402 501 2461; x_wconf 68' lang='lat' dir='ltr'><strong>dialecticae</strong></span> <span class='ocrx_word' id='word_1_169' title='bbox 537 2409 790 2478; x_wconf 90' lang='lat' dir='ltr'><strong>peritum,</strong></span> <span class='ocrx_word' id='word_1_170' title='bbox 821 2411 1092 2467; x_wconf 91' lang='lat' dir='ltr'><strong>adulteros</strong></span> <span class='ocrx_word' id='word_1_171' title='bbox 1135 2413 1406 2482; x_wconf 87' lang='lat' dir='ltr'><strong>quoslibet</strong></span> <span class='ocrx_word' id='word_1_172' title='bbox 1443 2413 1684 2468; x_wconf 87' lang='lat' dir='ltr'><strong>occultos</strong></span> <span class='ocrx_word' id='word_1_173' title='bbox 1722 2411 1790 2466; x_wconf 90' lang='lat' dir='ltr'><strong>ad</strong></span> 
     </span>
    </p>
   </div>
   <div class='ocr_carea' id='block_1_26' title="bbox 207 2496 1790 2570">
    <p class='ocr_par' dir='ltr' id='par_1_26' title="bbox 207 2496 1790 2570">
     <span class='ocr_line' id='line_1_26' title="bbox 207 2496 1790 2570; baseline 0.006 -22"><span class='ocrx_word' id='word_1_174' title='bbox 207 2496 468 2566; x_wconf 80' lang='lat' dir='ltr'><strong>agendam</strong></span> <span class='ocrx_word' id='word_1_175' title='bbox 495 2499 763 2566; x_wconf 90' lang='lat' dir='ltr'><strong>publicam</strong></span> <span class='ocrx_word' id='word_1_176' title='bbox 793 2503 1164 2570; x_wconf 74' lang='lat' dir='ltr'><strong>pmnitentiam</strong></span> <span class='ocrx_word' id='word_1_177' title='bbox 1205 2505 1503 2569; x_wconf 78' lang='lat' dir='ltr'><strong>exhortari,</strong></span> <span class='ocrx_word' id='word_1_178' title='bbox 1550 2505 1653 2558; x_wconf 91' lang='lat' dir='ltr'><strong>hoc</strong></span> <span class='ocrx_word' id='word_1_179' title='bbox 1685 2503 1790 2558; x_wconf 88' lang='lat' dir='ltr'><strong>sci-</strong></span> 
     </span>
    </p>
   </div>
   <div class='ocr_carea' id='block_1_27' title="bbox 206 2581 1790 2664">
    <p class='ocr_par' dir='ltr' id='par_1_27' title="bbox 206 2581 1790 2664">
     <span class='ocr_line' id='line_1_27' title="bbox 206 2581 1790 2664; baseline 0.008 -28"><span class='ocrx_word' id='word_1_180' title='bbox 206 2581 333 2639; x_wconf 88' lang='lat' dir='ltr'><strong>licet</strong></span> <span class='ocrx_word' id='word_1_181' title='bbox 359 2599 676 2656; x_wconf 85' lang='lat' dir='ltr'><strong>argumento</strong></span> <span class='ocrx_word' id='word_1_182' title='bbox 703 2608 715 2642; x_wconf 88' lang='lat'><strong>:</strong></span> <span class='ocrx_word' id='word_1_183' title='bbox 749 2591 890 2646; x_wconf 89' lang='lat' dir='ltr'><strong>Deus</strong></span> <span class='ocrx_word' id='word_1_184' title='bbox 913 2592 1078 2647; x_wconf 86' lang='lat' dir='ltr'><strong>voluit</strong></span> <span class='ocrx_word' id='word_1_185' title='bbox 1104 2603 1164 2648; x_wconf 92' lang='lat' dir='ltr'><strong>ut</strong></span> <span class='ocrx_word' id='word_1_186' title='bbox 1194 2594 1528 2649; x_wconf 87' lang='lat' dir='ltr'><strong>Theodosius</strong></span> <span class='ocrx_word' id='word_1_187' title='bbox 1557 2595 1790 2664; x_wconf 89' lang='lat' dir='ltr'><strong>impera-</strong></span> 
     </span>
    </p>
   </div>
   <div class='ocr_carea' id='block_1_28' title="bbox 207 2682 1789 2754">
    <p class='ocr_par' dir='ltr' id='par_1_28' title="bbox 207 2682 1789 2754">
     <span class='ocr_line' id='line_1_28' title="bbox 207 2682 1789 2754; baseline 0.005 -24"><span class='ocrx_word' id='word_1_188' title='bbox 207 2682 296 2730; x_wconf 87' lang='lat' dir='ltr'><strong>tor</strong></span> <span class='ocrx_word' id='word_1_189' title='bbox 321 2687 506 2747; x_wconf 80' lang='lat' dir='ltr'><strong>ageret</strong></span> <span class='ocrx_word' id='word_1_190' title='bbox 548 2682 920 2750; x_wconf 67' lang='lat' dir='ltr'><strong>pwnitentiam</strong></span> <span class='ocrx_word' id='word_1_191' title='bbox 963 2685 1233 2752; x_wconf 89' lang='lat' dir='ltr'><strong>publicam</strong></span> <span class='ocrx_word' id='word_1_192' title='bbox 1277 2686 1330 2739; x_wconf 93' lang='lat' dir='ltr'><strong>in</strong></span> <span class='ocrx_word' id='word_1_193' title='bbox 1373 2685 1664 2754; x_wconf 81' lang='lat' dir='ltr'><strong>conspectu</strong></span> <span class='ocrx_word' id='word_1_194' title='bbox 1695 2699 1789 2753; x_wconf 90' lang='lat' dir='ltr'><strong>po-</strong></span> 
     </span>
    </p>
   </div>
   <div class='ocr_carea' id='block_1_29' title="bbox 204 2766 1782 2847">
    <p class='ocr_par' dir='ltr' id='par_1_29' title="bbox 204 2766 1782 2847">
     <span class='ocr_line' id='line_1_29' title="bbox 204 2766 1782 2847; baseline 0.004 -25"><span class='ocrx_word' id='word_1_195' title='bbox 204 2766 338 2836; x_wconf 86' lang='lat' dir='ltr'><strong>puli,</strong></span> <span class='ocrx_word' id='word_1_196' title='bbox 364 2770 600 2824; x_wconf 79' lang='lat' dir='ltr'><strong>maxime</strong></span> <span class='ocrx_word' id='word_1_197' title='bbox 643 2774 768 2842; x_wconf 91' lang='lat' dir='ltr'><strong>quia</strong></span> <span class='ocrx_word' id='word_1_198' title='bbox 795 2784 1076 2843; x_wconf 89' lang='lat' dir='ltr'><strong>peccatum</strong></span> <span class='ocrx_word' id='word_1_199' title='bbox 1105 2776 1220 2845; x_wconf 82' lang='lat' dir='ltr'><strong>ejus</strong></span> <span class='ocrx_word' id='word_1_200' title='bbox 1249 2778 1414 2832; x_wconf 88' lang='lat' dir='ltr'><strong>celari</strong></span> <span class='ocrx_word' id='word_1_201' title='bbox 1444 2793 1551 2832; x_wconf 91' lang='lat' dir='ltr'><strong>non</strong></span> <span class='ocrx_word' id='word_1_202' title='bbox 1579 2775 1782 2847; x_wconf 90' lang='lat' dir='ltr'><strong>potuit;</strong></span> 
     </span>
    </p>
   </div>
   <div class='ocr_carea' id='block_1_30' title="bbox 206 2858 1782 2936">
    <p class='ocr_par' dir='ltr' id='par_1_30' title="bbox 206 2858 1782 2936">
     <span class='ocr_line' id='line_1_30' title="bbox 206 2858 1782 2936; baseline 0.005 -25"><span class='ocrx_word' id='word_1_203' title='bbox 206 2871 335 2929; x_wconf 89' lang='lat' dir='ltr'><strong>ergo</strong></span> <span class='ocrx_word' id='word_1_204' title='bbox 357 2858 498 2914; x_wconf 93' lang='lat' dir='ltr'><strong>Deus</strong></span> <span class='ocrx_word' id='word_1_205' title='bbox 522 2861 636 2915; x_wconf 86' lang='lat' dir='ltr'><strong>vult</strong></span> <span class='ocrx_word' id='word_1_206' title='bbox 675 2872 732 2917; x_wconf 91' lang='lat' dir='ltr'><strong>ut</strong></span> <span class='ocrx_word' id='word_1_207' title='bbox 763 2880 878 2929; x_wconf 85' lang='lat' dir='ltr'><strong>vos,</strong></span> <span class='ocrx_word' id='word_1_208' title='bbox 905 2882 1131 2934; x_wconf 89' lang='lat' dir='ltr'><strong>quorum</strong></span> <span class='ocrx_word' id='word_1_209' title='bbox 1154 2877 1373 2936; x_wconf 87' lang='lat' dir='ltr'><strong>peccata</strong></span> <span class='ocrx_word' id='word_1_210' title='bbox 1404 2876 1525 2920; x_wconf 90' lang='lat' dir='ltr'><strong>sunt</strong></span> <span class='ocrx_word' id='word_1_211' title='bbox 1553 2867 1782 2929; x_wconf 91' lang='lat' dir='ltr'><strong>occulta,</strong></span> 
     </span>
    </p>
   </div>
   <div class='ocr_carea' id='block_1_31' title="bbox 207 2947 1785 3027">
    <p class='ocr_par' dir='ltr' id='par_1_31' title="bbox 207 2947 1785 3027">
     <span class='ocr_line' id='line_1_31' title="bbox 207 2947 1785 3027; baseline 0.005 -27"><span class='ocrx_word' id='word_1_212' title='bbox 207 2947 378 3017; x_wconf 83' lang='lat' dir='ltr'><strong>agatis</strong></span> <span class='ocrx_word' id='word_1_213' title='bbox 425 2952 797 3018; x_wconf 69' lang='lat' dir='ltr'><strong>pmnitentiam</strong></span> <span class='ocrx_word' id='word_1_214' title='bbox 860 2956 1162 3024; x_wconf 86' lang='lat' dir='ltr'><strong>publicam?</strong></span> <span class='ocrx_word' id='word_1_215' title='bbox 1228 2957 1478 3027; x_wconf 73' lang='lat' dir='ltr'><strong>Nunquid</strong></span> <span class='ocrx_word' id='word_1_216' title='bbox 1535 2961 1785 3026; x_wconf 88' lang='lat' dir='ltr'><strong>prompta</strong></span> 
     </span>
    </p>
   </div>
   <div class='ocr_carea' id='block_1_32' title="bbox 208 3043 1787 3117">
    <p class='ocr_par' dir='ltr' id='par_1_32' title="bbox 208 3043 1787 3117">
     <span class='ocr_line' id='line_1_32' title="bbox 208 3043 1787 3117; baseline 0.003 -24"><span class='ocrx_word' id='word_1_217' title='bbox 208 3045 354 3093; x_wconf 86' lang='lat' dir='ltr'><strong>esset</strong></span> <span class='ocrx_word' id='word_1_218' title='bbox 379 3043 688 3098; x_wconf 76' lang='lat' dir='ltr'><strong>excusatio?</strong></span> <span class='ocrx_word' id='word_1_219' title='bbox 715 3043 826 3097; x_wconf 91' lang='lat' dir='ltr'><strong>lmo</strong></span> <span class='ocrx_word' id='word_1_220' title='bbox 848 3045 989 3100; x_wconf 90' lang='lat' dir='ltr'><strong>Dens</strong></span> <span class='ocrx_word' id='word_1_221' title='bbox 1019 3064 1123 3101; x_wconf 93' lang='lat' dir='ltr'><strong>non</strong></span> <span class='ocrx_word' id='word_1_222' title='bbox 1149 3047 1261 3101; x_wconf 89' lang='lat' dir='ltr'><strong>vult</strong></span> <span class='ocrx_word' id='word_1_223' title='bbox 1288 3057 1347 3101; x_wconf 91' lang='lat' dir='ltr'><strong>ut</strong></span> <span class='ocrx_word' id='word_1_224' title='bbox 1372 3062 1594 3117; x_wconf 87' lang='lat' dir='ltr'><strong>agamus</strong></span> <span class='ocrx_word' id='word_1_225' title='bbox 1615 3045 1787 3115; x_wconf 64' lang='lat' dir='ltr'><strong>paeni-</strong></span> 
     </span>
    </p>
   </div>
   <div class='ocr_carea' id='block_1_33' title="bbox 209 3128 1783 3207">
    <p class='ocr_par' dir='ltr' id='par_1_33' title="bbox 209 3128 1783 3207">
     <span class='ocr_line' id='line_1_33' title="bbox 209 3128 1783 3207; baseline 0.005 -27"><span class='ocrx_word' id='word_1_226' title='bbox 209 3128 433 3183; x_wconf 86' lang='lat' dir='ltr'><strong>tentiam</strong></span> <span class='ocrx_word' id='word_1_227' title='bbox 469 3131 759 3200; x_wconf 89' lang='lat' dir='ltr'><strong>publicam,</strong></span> <span class='ocrx_word' id='word_1_228' title='bbox 790 3137 1024 3190; x_wconf 80' lang='lat' dir='ltr'><strong>maxime</strong></span> <span class='ocrx_word' id='word_1_229' title='bbox 1060 3149 1179 3191; x_wconf 87' lang='lat' dir='ltr'><strong>cum</strong></span> <span class='ocrx_word' id='word_1_230' title='bbox 1219 3149 1500 3207; x_wconf 90' lang='lat' dir='ltr'><strong>peccatum</strong></span> <span class='ocrx_word' id='word_1_231' title='bbox 1541 3145 1783 3192; x_wconf 90' lang='lat' dir='ltr'><strong>nostrum</strong></span> 
     </span>
    </p>
   </div>
   <div class='ocr_carea' id='block_1_34' title="bbox 207 3215 1786 3296">
    <p class='ocr_par' dir='ltr' id='par_1_34' title="bbox 207 3215 1786 3296">
     <span class='ocr_line' id='line_1_34' title="bbox 207 3215 1786 3296; baseline 0.005 -26"><span class='ocrx_word' id='word_1_232' title='bbox 207 3215 372 3271; x_wconf 88' lang='lat' dir='ltr'><strong>celari</strong></span> <span class='ocrx_word' id='word_1_233' title='bbox 401 3221 654 3288; x_wconf 86' lang='lat' dir='ltr'><strong>potuerit.</strong></span> <span class='ocrx_word' id='word_1_234' title='bbox 690 3221 756 3278; x_wconf 90' lang='lat' dir='ltr'><strong>Ut</strong></span> <span class='ocrx_word' id='word_1_235' title='bbox 781 3223 945 3294; x_wconf 87' lang='lat' dir='ltr'><strong>igitur</strong></span> <span class='ocrx_word' id='word_1_236' title='bbox 971 3227 1278 3281; x_wconf 80' lang='lat' dir='ltr'><strong>exhortatio</strong></span> <span class='ocrx_word' id='word_1_237' title='bbox 1301 3227 1472 3281; x_wconf 84' lang='lat' dir='ltr'><strong>sancti</strong></span> <span class='ocrx_word' id='word_1_238' title='bbox 1501 3225 1786 3296; x_wconf 86' lang='lat' dir='ltr'><strong>Augustini</strong></span> 
     </span>
    </p>
   </div>
   <div class='ocr_carea' id='block_1_35' title="bbox 209 3307 1798 3386">
    <p class='ocr_par' dir='ltr' id='par_1_35' title="bbox 209 3307 1798 3386">
     <span class='ocr_line' id='line_1_35' title="bbox 209 3307 1798 3386; baseline 0.006 -26"><span class='ocrx_word' id='word_1_239' title='bbox 209 3307 609 3378; x_wconf 87' lang='lat' dir='ltr'><strong>quodammodo</strong></span> <span class='ocrx_word' id='word_1_240' title='bbox 629 3313 825 3380; x_wconf 86' lang='lat' dir='ltr'><strong>valeat,</strong></span> <span class='ocrx_word' id='word_1_241' title='bbox 855 3315 1030 3370; x_wconf 90' lang='lat' dir='ltr'><strong>dicere</strong></span> <span class='ocrx_word' id='word_1_242' title='bbox 1060 3317 1314 3372; x_wconf 86' lang='lat' dir='ltr'><strong>debemus</strong></span> <span class='ocrx_word' id='word_1_243' title='bbox 1341 3326 1562 3386; x_wconf 83' lang='lat' dir='ltr'><strong>peccata</strong></span> <span class='ocrx_word' id='word_1_244' title='bbox 1599 3314 1798 3371; x_wconf 87' lang='lat' dir='ltr'><strong>eorum</strong></span> 
     </span>
    </p>
   </div>
   <div class='ocr_carea' id='block_1_36' title="bbox 213 3399 1784 3479">
    <p class='ocr_par' dir='ltr' id='par_1_36' title="bbox 213 3399 1784 3479">
     <span class='ocr_line' id='line_1_36' title="bbox 213 3399 1784 3479; baseline 0.008 -30"><span class='ocrx_word' id='word_1_245' title='bbox 213 3409 355 3466; x_wconf 86' lang='lat' dir='ltr'><strong>quos</strong></span> <span class='ocrx_word' id='word_1_246' title='bbox 383 3399 450 3452; x_wconf 89' lang='lat' dir='ltr'><strong>ad</strong></span> <span class='ocrx_word' id='word_1_247' title='bbox 495 3402 756 3468; x_wconf 88' lang='lat' dir='ltr'><strong>publicam</strong></span> <span class='ocrx_word' id='word_1_248' title='bbox 801 3406 1177 3476; x_wconf 81' lang='lat' dir='ltr'><strong>paenitentiam</strong></span> <span class='ocrx_word' id='word_1_249' title='bbox 1215 3409 1476 3479; x_wconf 85' lang='lat' dir='ltr'><strong>agendam</strong></span> <span class='ocrx_word' id='word_1_250' title='bbox 1519 3407 1784 3473; x_wconf 88' lang='lat' dir='ltr'><strong>hortatur,</strong></span> 
     </span>
    </p>
   </div>
   <div class='ocr_carea' id='block_1_37' title="bbox 214 3490 637 3560">
    <p class='ocr_par' dir='ltr' id='par_1_37' title="bbox 214 3490 637 3560">
     <span class='ocr_line' id='line_1_37' title="bbox 214 3490 637 3560; baseline 0.017 -16"><span class='ocrx_word' id='word_1_251' title='bbox 214 3490 432 3560; x_wconf 87' lang='lat' dir='ltr'><strong>publica</strong></span> <span class='ocrx_word' id='word_1_252' title='bbox 457 3494 637 3551; x_wconf 89' lang='lat' dir='ltr'><strong>fuisse.</strong></span> 
     </span>
    </p>
   </div>
   <div class='ocr_carea' id='block_1_38' title="bbox 283 3581 1788 3658">
    <p class='ocr_par' dir='ltr' id='par_1_38' title="bbox 283 3581 1788 3658">
     <span class='ocr_line' id='line_1_38' title="bbox 283 3581 1788 3658; baseline 0.009 -22"><span class='ocrx_word' id='word_1_253' title='bbox 283 3581 457 3639; x_wconf 90' lang='lat' dir='ltr'><strong>Porro</strong></span> <span class='ocrx_word' id='word_1_254' title='bbox 484 3587 599 3642; x_wconf 68' lang='lat' dir='ltr'><strong>haec</strong></span> <span class='ocrx_word' id='word_1_255' title='bbox 632 3591 819 3658; x_wconf 89' lang='lat' dir='ltr'><strong>verba,</strong></span> <span class='ocrx_word' id='word_1_256' title='bbox 865 3594 1101 3648; x_wconf 86' lang='lat' dir='ltr'><strong>maxime</strong></span> <span class='ocrx_word' id='word_1_257' title='bbox 1144 3610 1268 3650; x_wconf 91' lang='lat' dir='ltr'><strong>cum</strong></span> <span class='ocrx_word' id='word_1_258' title='bbox 1312 3611 1418 3651; x_wconf 91' lang='lat' dir='ltr'><strong>non</strong></span> <span class='ocrx_word' id='word_1_259' title='bbox 1459 3611 1598 3652; x_wconf 91' lang='lat' dir='ltr'><strong>novo</strong></span> <span class='ocrx_word' id='word_1_260' title='bbox 1647 3595 1788 3650; x_wconf 92' lang='lat' dir='ltr'><strong>dicto</strong></span> 
     </span>
    </p>
   </div>
   <div class='ocr_carea' id='block_1_39' title="bbox 205 3674 1789 3759">
    <p class='ocr_par' dir='ltr' id='par_1_39' title="bbox 205 3674 1789 3759">
     <span class='ocr_line' id='line_1_39' title="bbox 205 3674 1789 3759; baseline 0.008 -29"><span class='ocrx_word' id='word_1_261' title='bbox 205 3674 532 3733; x_wconf 88' lang='lat' dir='ltr'><strong>conﬁrmant</strong></span> <span class='ocrx_word' id='word_1_262' title='bbox 562 3683 834 3751; x_wconf 90' lang='lat' dir='ltr'><strong>publicam</strong></span> <span class='ocrx_word' id='word_1_263' title='bbox 871 3687 1244 3757; x_wconf 77' lang='lat' dir='ltr'><strong>paenitentiam</strong></span> <span class='ocrx_word' id='word_1_264' title='bbox 1290 3688 1548 3759; x_wconf 86' lang='lat' dir='ltr'><strong>agendam</strong></span> <span class='ocrx_word' id='word_1_265' title='bbox 1578 3703 1698 3744; x_wconf 88' lang='lat' dir='ltr'><strong>esse</strong></span> <span class='ocrx_word' id='word_1_266' title='bbox 1723 3688 1789 3742; x_wconf 90' lang='lat' dir='ltr'><strong>de</strong></span> 
     </span>
    </p>
   </div>
   <div class='ocr_carea' id='block_1_40' title="bbox 208 3769 1789 3849">
    <p class='ocr_par' dir='ltr' id='par_1_40' title="bbox 208 3769 1789 3849">
     <span class='ocr_line' id='line_1_40' title="bbox 208 3769 1789 3849; baseline 0.009 -30"><span class='ocrx_word' id='word_1_267' title='bbox 208 3769 451 3835; x_wconf 87' lang='lat' dir='ltr'><strong>peccatis</strong></span> <span class='ocrx_word' id='word_1_268' title='bbox 492 3773 737 3840; x_wconf 88' lang='lat' dir='ltr'><strong>occultis,</strong></span> <span class='ocrx_word' id='word_1_269' title='bbox 786 3777 879 3830; x_wconf 91' lang='lat' dir='ltr'><strong>sed</strong></span> <span class='ocrx_word' id='word_1_270' title='bbox 928 3785 1134 3832; x_wconf 90' lang='lat' dir='ltr'><strong>tantum</strong></span> <span class='ocrx_word' id='word_1_271' title='bbox 1179 3779 1418 3833; x_wconf 87' lang='lat' dir='ltr'><strong>indicant</strong></span> <span class='ocrx_word' id='word_1_272' title='bbox 1463 3779 1579 3832; x_wconf 88' lang='lat' dir='ltr'><strong>ﬁeri</strong></span> <span class='ocrx_word' id='word_1_273' title='bbox 1632 3795 1789 3849; x_wconf 89' lang='lat' dir='ltr'><strong>posse</strong></span> 
     </span>
    </p>
   </div>
   <div class='ocr_carea' id='block_1_41' title="bbox 208 3866 1791 3940">
    <p class='ocr_par' dir='ltr' id='par_1_41' title="bbox 208 3866 1791 3940">
     <span class='ocr_line' id='line_1_41' title="bbox 208 3866 1791 3940; baseline 0.008 -26"><span class='ocrx_word' id='word_1_274' title='bbox 208 3870 430 3931; x_wconf 91' lang='lat' dir='ltr'><strong>propter</strong></span> <span class='ocrx_word' id='word_1_275' title='bbox 455 3866 714 3934; x_wconf 87' lang='lat' dir='ltr'><strong>quasdam</strong></span> <span class='ocrx_word' id='word_1_276' title='bbox 749 3867 881 3923; x_wconf 89' lang='lat' dir='ltr'><strong>alias</strong></span> <span class='ocrx_word' id='word_1_277' title='bbox 912 3871 1166 3935; x_wconf 85' lang='lat' dir='ltr'><strong>rationes,</strong></span> <span class='ocrx_word' id='word_1_278' title='bbox 1195 3886 1329 3940; x_wconf 91' lang='lat' dir='ltr'><strong>quas</strong></span> <span class='ocrx_word' id='word_1_279' title='bbox 1354 3886 1514 3940; x_wconf 92' lang='lat' dir='ltr'><strong>supra</strong></span> <span class='ocrx_word' id='word_1_280' title='bbox 1543 3873 1791 3940; x_wconf 79' lang='lat' dir='ltr'><strong>exposuit</strong></span> 
     </span>
    </p>
   </div>
   <div class='ocr_carea' id='block_1_42' title="bbox 205 3951 1782 4032">
    <p class='ocr_par' dir='ltr' id='par_1_42' title="bbox 205 3951 1782 4032">
     <span class='ocr_line' id='line_1_42' title="bbox 205 3951 1782 4032; baseline 0.007 -24"><span class='ocrx_word' id='word_1_281' title='bbox 205 3951 493 4024; x_wconf 89' lang='lat' dir='ltr'><strong>Origenes;</strong></span> <span class='ocrx_word' id='word_1_282' title='bbox 519 3965 573 4012; x_wconf 91' lang='lat' dir='ltr'><strong>et</strong></span> <span class='ocrx_word' id='word_1_283' title='bbox 595 3960 883 4014; x_wconf 80' lang='lat' dir='ltr'><strong>maximam</strong></span> <span class='ocrx_word' id='word_1_284' title='bbox 905 3962 1132 4030; x_wconf 83' lang='lat' dir='ltr'><strong>publicae</strong></span> <span class='ocrx_word' id='word_1_285' title='bbox 1154 3964 1483 4032; x_wconf 67' lang='lat' dir='ltr'><strong>poenitentia:</strong></span> <span class='ocrx_word' id='word_1_286' title='bbox 1503 3965 1782 4031; x_wconf 89' lang='lat' dir='ltr'><strong>rationem,</strong></span> 
     </span>
    </p>
   </div>
   <div class='ocr_carea' id='block_1_43' title="bbox 205 4045 1786 4121">
    <p class='ocr_par' dir='ltr' id='par_1_43' title="bbox 205 4045 1786 4121">
     <span class='ocr_line' id='line_1_43' title="bbox 205 4045 1786 4121; baseline 0.007 -23"><span class='ocrx_word' id='word_1_287' title='bbox 205 4051 260 4098; x_wconf 89' lang='lat' dir='ltr'><strong>et</strong></span> <span class='ocrx_word' id='word_1_288' title='bbox 289 4045 458 4100; x_wconf 92' lang='lat' dir='ltr'><strong>solam</strong></span> <span class='ocrx_word' id='word_1_289' title='bbox 484 4063 602 4118; x_wconf 70' lang='lat' dir='ltr'><strong>quae</strong></span> <span class='ocrx_word' id='word_1_290' title='bbox 630 4049 792 4106; x_wconf 82' lang='lat' dir='ltr'><strong>fuerit</strong></span> <span class='ocrx_word' id='word_1_291' title='bbox 821 4068 850 4106; x_wconf 93' lang='lat' dir='ltr'><strong>a</strong></span> <span class='ocrx_word' id='word_1_292' title='bbox 875 4051 1126 4108; x_wconf 89' lang='lat' dir='ltr'><strong>Patribus</strong></span> <span class='ocrx_word' id='word_1_293' title='bbox 1161 4055 1387 4121; x_wconf 87' lang='lat' dir='ltr'><strong>sancita,</strong></span> <span class='ocrx_word' id='word_1_294' title='bbox 1421 4069 1540 4109; x_wconf 91' lang='lat' dir='ltr'><strong>esse</strong></span> <span class='ocrx_word' id='word_1_295' title='bbox 1582 4054 1786 4109; x_wconf 88' lang='lat' dir='ltr'><strong>crimen</strong></span> 
     </span>
    </p>
   </div>
   <div class='ocr_carea' id='block_1_44' title="bbox 203 4137 499 4207">
    <p class='ocr_par' dir='ltr' id='par_1_44' title="bbox 203 4137 499 4207">
     <span class='ocr_line' id='line_1_44' title="bbox 203 4137 499 4207; baseline 0.014 -17"><span class='ocrx_word' id='word_1_296' title='bbox 203 4137 499 4207; x_wconf 91' lang='lat' dir='ltr'><strong>publicum.</strong></span> 
     </span>
    </p>
   </div>
   <div class='ocr_carea' id='block_1_45' title="bbox 273 4228 1788 4312">
    <p class='ocr_par' dir='ltr' id='par_1_45' title="bbox 273 4228 1788 4312">
     <span class='ocr_line' id='line_1_45' title="bbox 273 4228 1788 4312; baseline 0.009 -28"><span class='ocrx_word' id='word_1_297' title='bbox 273 4228 322 4284; x_wconf 74' lang='grc' dir='ltr'><strong>Ι.</strong></span> <span class='ocrx_word' id='word_1_298' title='bbox 353 4232 590 4292; x_wconf 84' lang='lat' dir='ltr'><strong>Morinus</strong></span> <span class='ocrx_word' id='word_1_299' title='bbox 634 4238 888 4294; x_wconf 90' lang='lat' dir='ltr'><strong>nonnulla</strong></span> <span class='ocrx_word' id='word_1_300' title='bbox 924 4241 1029 4294; x_wconf 91' lang='lat' dir='ltr'><strong>alia</strong></span> <span class='ocrx_word' id='word_1_301' title='bbox 1061 4240 1281 4295; x_wconf 90' lang='lat' dir='ltr'><strong>Patrum</strong></span> <span class='ocrx_word' id='word_1_302' title='bbox 1324 4241 1628 4297; x_wconf 90' lang='lat' dir='ltr'><strong>testimonia</strong></span> <span class='ocrx_word' id='word_1_303' title='bbox 1663 4256 1788 4312; x_wconf 91' lang='lat' dir='ltr'><strong>pro-</strong></span> 
     </span>
    </p>
   </div>
   <div class='ocr_carea' id='block_1_46' title="bbox 197 4325 1787 4404">
    <p class='ocr_par' dir='ltr' id='par_1_46' title="bbox 197 4325 1787 4404">
     <span class='ocr_line' id='line_1_46' title="bbox 197 4325 1787 4404; baseline 0.004 -23"><span class='ocrx_word' id='word_1_304' title='bbox 197 4325 378 4396; x_wconf 87' lang='lat' dir='ltr'><strong>ponit,</strong></span> <span class='ocrx_word' id='word_1_305' title='bbox 422 4327 632 4396; x_wconf 89' lang='lat' dir='ltr'><strong>quibus,</strong></span> <span class='ocrx_word' id='word_1_306' title='bbox 674 4346 744 4385; x_wconf 90' lang='lat' dir='ltr'><strong>ne</strong></span> <span class='ocrx_word' id='word_1_307' title='bbox 771 4333 957 4388; x_wconf 89' lang='lat' dir='ltr'><strong>eadem</strong></span> <span class='ocrx_word' id='word_1_308' title='bbox 1001 4334 1195 4403; x_wconf 69' lang='lat' dir='ltr'><strong>saepius</strong></span> <span class='ocrx_word' id='word_1_309' title='bbox 1231 4341 1558 4404; x_wconf 88' lang='lat' dir='ltr'><strong>repetantur,</strong></span> <span class='ocrx_word' id='word_1_310' title='bbox 1592 4333 1787 4388; x_wconf 74' lang='lat' dir='ltr'><strong>sufﬁcit</strong></span> 
     </span>
    </p>
   </div>
   <div class='ocr_carea' id='block_1_47' title="bbox 203 4420 1788 4496">
    <p class='ocr_par' dir='ltr' id='par_1_47' title="bbox 203 4420 1788 4496">
     <span class='ocr_line' id='line_1_47' title="bbox 203 4420 1788 4496; baseline 0.003 -22"><span class='ocrx_word' id='word_1_311' title='bbox 203 4420 567 4493; x_wconf 86' lang='lat' dir='ltr'><strong>respondere:</strong></span> <span class='ocrx_word' id='word_1_312' title='bbox 598 4421 640 4476; x_wconf 87' lang='lat' dir='ltr'><strong>l.</strong></span> <span class='ocrx_word' id='word_1_313' title='bbox 681 4421 895 4478; x_wconf 86' lang='lat' dir='ltr'><strong>Nullum</strong></span> <span class='ocrx_word' id='word_1_314' title='bbox 944 4426 1308 4480; x_wconf 90' lang='lat' dir='ltr'><strong>testimonium</strong></span> <span class='ocrx_word' id='word_1_315' title='bbox 1353 4426 1603 4496; x_wconf 81' lang='lat' dir='ltr'><strong>proferri,</strong></span> <span class='ocrx_word' id='word_1_316' title='bbox 1644 4425 1788 4494; x_wconf 91' lang='lat' dir='ltr'><strong>quod</strong></span> 
     </span>
    </p>
   </div>
   <div class='ocr_carea' id='block_1_48' title="bbox 201 4514 1862 4594">
    <p class='ocr_par' dir='ltr' id='par_1_48' title="bbox 201 4514 1862 4594">
     <span class='ocr_line' id='line_1_48' title="bbox 201 4514 1862 4594; baseline 0.006 -30"><span class='ocrx_word' id='word_1_317' title='bbox 201 4520 391 4581; x_wconf 89' lang='lat' dir='ltr'><strong>aperte</strong></span> <span class='ocrx_word' id='word_1_318' title='bbox 417 4514 608 4582; x_wconf 91' lang='lat' dir='ltr'><strong>probet</strong></span> <span class='ocrx_word' id='word_1_319' title='bbox 639 4530 739 4585; x_wconf 92' lang='lat' dir='ltr'><strong>pro</strong></span> <span class='ocrx_word' id='word_1_320' title='bbox 760 4518 995 4586; x_wconf 90' lang='lat' dir='ltr'><strong>peccatis</strong></span> <span class='ocrx_word' id='word_1_321' title='bbox 1039 4519 1262 4573; x_wconf 92' lang='lat' dir='ltr'><strong>occultis</strong></span> <span class='ocrx_word' id='word_1_322' title='bbox 1288 4521 1583 4574; x_wconf 90' lang='lat' dir='ltr'><strong>secundum</strong></span> <span class='ocrx_word' id='word_1_323' title='bbox 1624 4534 1786 4574; x_wconf 90' lang='lat' dir='ltr'><strong>cano-</strong></span> <span class='ocrx_word' id='word_1_324' title='bbox 1811 4534 1862 4594; x_wconf 77' lang='grc' dir='ltr'><strong>ι)</strong></span> 
     </span>
    </p>
   </div>
   <div class='ocr_carea' id='block_1_49' title="bbox 200 4604 1786 4680">
    <p class='ocr_par' dir='ltr' id='par_1_49' title="bbox 200 4604 1786 4680">
     <span class='ocr_line' id='line_1_49' title="bbox 200 4604 1786 4680; baseline 0.006 -26"><span class='ocrx_word' id='word_1_325' title='bbox 200 4616 303 4656; x_wconf 87' lang='lat' dir='ltr'><strong>nes</strong></span> <span class='ocrx_word' id='word_1_326' title='bbox 332 4604 600 4672; x_wconf 91' lang='lat' dir='ltr'><strong>publicam</strong></span> <span class='ocrx_word' id='word_1_327' title='bbox 645 4608 1018 4675; x_wconf 82' lang='lat' dir='ltr'><strong>paenitentiam</strong></span> <span class='ocrx_word' id='word_1_328' title='bbox 1065 4610 1324 4680; x_wconf 89' lang='lat' dir='ltr'><strong>agendam</strong></span> <span class='ocrx_word' id='word_1_329' title='bbox 1369 4626 1506 4664; x_wconf 88' lang='lat' dir='ltr'><strong>esse.</strong></span> <span class='ocrx_word' id='word_1_330' title='bbox 1550 4609 1614 4664; x_wconf 90' lang='lat' dir='ltr'><strong>ll.</strong></span> <span class='ocrx_word' id='word_1_331' title='bbox 1657 4608 1786 4676; x_wconf 67' lang='lat' dir='ltr'><strong>Qua:</strong></span> 
     </span>
    </p>
   </div>
   <div class='ocr_carea' id='block_1_50' title="bbox 199 4690 1786 4770">
    <p class='ocr_par' dir='ltr' id='par_1_50' title="bbox 199 4690 1786 4770">
     <span class='ocr_line' id='line_1_50' title="bbox 199 4690 1786 4770; baseline 0.006 -25"><span class='ocrx_word' id='word_1_332' title='bbox 199 4690 396 4748; x_wconf 80' lang='lat' dir='ltr'><strong>Patres</strong></span> <span class='ocrx_word' id='word_1_333' title='bbox 423 4695 608 4750; x_wconf 90' lang='lat' dir='ltr'><strong>dicunt</strong></span> <span class='ocrx_word' id='word_1_334' title='bbox 643 4696 708 4750; x_wconf 91' lang='lat' dir='ltr'><strong>de</strong></span> <span class='ocrx_word' id='word_1_335' title='bbox 736 4699 971 4766; x_wconf 86' lang='lat' dir='ltr'><strong>peccatis</strong></span> <span class='ocrx_word' id='word_1_336' title='bbox 999 4700 1314 4769; x_wconf 89' lang='lat' dir='ltr'><strong>capitalibus</strong></span> <span class='ocrx_word' id='word_1_337' title='bbox 1332 4700 1647 4770; x_wconf 73' lang='lat' dir='ltr'><strong>pmnitcntia</strong></span> <span class='ocrx_word' id='word_1_338' title='bbox 1689 4715 1786 4770; x_wconf 90' lang='lat' dir='ltr'><strong>pu-</strong></span> 
     </span>
    </p>
   </div>
   <div class='ocr_carea' id='block_1_51' title="bbox 200 4781 1788 4860">
    <p class='ocr_par' dir='ltr' id='par_1_51' title="bbox 200 4781 1788 4860">
     <span class='ocr_line' id='line_1_51' title="bbox 200 4781 1788 4860; baseline 0.005 -23"><span class='ocrx_word' id='word_1_339' title='bbox 200 4781 343 4837; x_wconf 89' lang='lat' dir='ltr'><strong>blica</strong></span> <span class='ocrx_word' id='word_1_340' title='bbox 365 4784 645 4850; x_wconf 88' lang='lat' dir='ltr'><strong>diluendis,</strong></span> <span class='ocrx_word' id='word_1_341' title='bbox 679 4789 892 4842; x_wconf 89' lang='lat' dir='ltr'><strong>nonnisi</strong></span> <span class='ocrx_word' id='word_1_342' title='bbox 917 4788 982 4843; x_wconf 90' lang='lat' dir='ltr'><strong>de</strong></span> <span class='ocrx_word' id='word_1_343' title='bbox 1010 4791 1327 4846; x_wconf 90' lang='lat' dir='ltr'><strong>criminibus</strong></span> <span class='ocrx_word' id='word_1_344' title='bbox 1369 4791 1596 4860; x_wconf 90' lang='lat' dir='ltr'><strong>publicis</strong></span> <span class='ocrx_word' id='word_1_345' title='bbox 1629 4791 1788 4846; x_wconf 83' lang='lat' dir='ltr'><strong>intel-</strong></span> 
     </span>
    </p>
   </div>
   <div class='ocr_carea' id='block_1_52' title="bbox 199 4870 1786 4943">
    <p class='ocr_par' dir='ltr' id='par_1_52' title="bbox 199 4870 1786 4943">
     <span class='ocr_line' id='line_1_52' title="bbox 199 4870 1786 4943; baseline 0.008 -19"><span class='ocrx_word' id='word_1_346' title='bbox 199 4870 299 4943; x_wconf 86' lang='lat' dir='ltr'><strong>ligi</strong></span> <span class='ocrx_word' id='word_1_347' title='bbox 338 4890 518 4943; x_wconf 89' lang='lat' dir='ltr'><strong>posse,</strong></span> <span class='ocrx_word' id='word_1_348' title='bbox 567 4892 688 4932; x_wconf 89' lang='lat' dir='ltr'><strong>cum</strong></span> <span class='ocrx_word' id='word_1_349' title='bbox 719 4879 909 4934; x_wconf 89' lang='lat' dir='ltr'><strong>Patres</strong></span> <span class='ocrx_word' id='word_1_350' title='bbox 949 4880 1074 4936; x_wconf 89' lang='lat' dir='ltr'><strong>alibi</strong></span> <span class='ocrx_word' id='word_1_351' title='bbox 1115 4881 1548 4938; x_wconf 87' lang='lat' dir='ltr'><strong>manifestissime</strong></span> <span class='ocrx_word' id='word_1_352' title='bbox 1597 4882 1786 4937; x_wconf 86' lang='lat' dir='ltr'><strong>distin-</strong></span> 
     </span>
    </p>
   </div>
   <div class='ocr_carea' id='block_1_53' title="bbox 200 4966 1786 5042">
    <p class='ocr_par' dir='ltr' id='par_1_53' title="bbox 200 4966 1786 5042">
     <span class='ocr_line' id='line_1_53' title="bbox 200 4966 1786 5042; baseline 0.007 -27"><span class='ocrx_word' id='word_1_353' title='bbox 200 4973 374 5033; x_wconf 85' lang='lat' dir='ltr'><strong>guant</strong></span> <span class='ocrx_word' id='word_1_354' title='bbox 420 4966 562 5022; x_wconf 91' lang='lat' dir='ltr'><strong>inter</strong></span> <span class='ocrx_word' id='word_1_355' title='bbox 609 4969 835 5023; x_wconf 91' lang='lat' dir='ltr'><strong>crimina</strong></span> <span class='ocrx_word' id='word_1_356' title='bbox 890 4971 1102 5039; x_wconf 91' lang='lat' dir='ltr'><strong>publica</strong></span> <span class='ocrx_word' id='word_1_357' title='bbox 1151 4980 1205 5025; x_wconf 90' lang='lat' dir='ltr'><strong>et</strong></span> <span class='ocrx_word' id='word_1_358' title='bbox 1249 4972 1479 5036; x_wconf 90' lang='lat' dir='ltr'><strong>occulta,</strong></span> <span class='ocrx_word' id='word_1_359' title='bbox 1521 4979 1574 5026; x_wconf 89' lang='lat' dir='ltr'><strong>et</strong></span> <span class='ocrx_word' id='word_1_360' title='bbox 1611 4973 1786 5042; x_wconf 86' lang='lat' dir='ltr'><strong>poeni-</strong></span> 
     </span>
    </p>
   </div>
   <div class='ocr_carea' id='block_1_54' title="bbox 197 5056 1780 5132">
    <p class='ocr_par' dir='ltr' id='par_1_54' title="bbox 197 5056 1780 5132">
     <span class='ocr_line' id='line_1_54' title="bbox 197 5056 1780 5132; baseline 0.005 -23"><span class='ocrx_word' id='word_1_361' title='bbox 197 5056 432 5112; x_wconf 81' lang='lat' dir='ltr'><strong>tentiam</strong></span> <span class='ocrx_word' id='word_1_362' title='bbox 463 5075 582 5128; x_wconf 71' lang='lat' dir='ltr'><strong>qua:</strong></span> <span class='ocrx_word' id='word_1_363' title='bbox 633 5061 876 5131; x_wconf 88' lang='lat' dir='ltr'><strong>utrisque</strong></span> <span class='ocrx_word' id='word_1_364' title='bbox 922 5063 1197 5131; x_wconf 89' lang='lat' dir='ltr'><strong>competit,</strong></span> <span class='ocrx_word' id='word_1_365' title='bbox 1242 5063 1465 5119; x_wconf 89' lang='lat' dir='ltr'><strong>occultis</strong></span> <span class='ocrx_word' id='word_1_366' title='bbox 1493 5063 1780 5132; x_wconf 90' lang='lat' dir='ltr'><strong>occultam,</strong></span> 
     </span>
    </p>
   </div>
   <div class='ocr_carea' id='block_1_55' title="bbox 199 5147 758 5221">
    <p class='ocr_par' dir='ltr' id='par_1_55' title="bbox 199 5147 758 5221">
     <span class='ocr_line' id='line_1_55' title="bbox 199 5147 758 5221; baseline 0.011 -20"><span class='ocrx_word' id='word_1_367' title='bbox 199 5147 436 5217; x_wconf 89' lang='lat' dir='ltr'><strong>publicis</strong></span> <span class='ocrx_word' id='word_1_368' title='bbox 471 5151 758 5221; x_wconf 89' lang='lat' dir='ltr'><strong>publicam.</strong></span> 
     </span>
    </p>
   </div>
   <div class='ocr_carea' id='block_1_56' title="bbox 795 5266 1192 5325">
    <p class='ocr_par' dir='ltr' id='par_1_56' title="bbox 795 5266 1192 5325">
     <span class='ocr_line' id='line_1_56' title="bbox 795 5266 1192 5325; baseline 0.005 -3"><span class='ocrx_word' id='word_1_369' title='bbox 795 5266 1023 5324; x_wconf 84' lang='lat' dir='ltr'><strong>CAPUT</strong></span> <span class='ocrx_word' id='word_1_370' title='bbox 1061 5269 1192 5325; x_wconf 71' lang='lat' dir='ltr'><strong>VIII.</strong></span> 
     </span>
    </p>
   </div>
   <div class='ocr_carea' id='block_1_57' title="bbox 196 5347 1782 5435">
    <p class='ocr_par' dir='ltr' id='par_1_57' title="bbox 196 5347 1782 5435">
     <span class='ocr_line' id='line_1_57' title="bbox 196 5347 1782 5435; baseline 0.009 -30"><span class='ocrx_word' id='word_1_371' title='bbox 196 5347 554 5435; x_wconf 60' lang='lat' dir='ltr'><strong>Explicantur</strong></span> <span class='ocrx_word' id='word_1_372' title='bbox 569 5357 813 5435; x_wconf 61' lang='lat' dir='ltr'><strong>quaedam</strong></span> <span class='ocrx_word' id='word_1_373' title='bbox 835 5361 985 5435; x_wconf 52' lang='lat' dir='ltr'><strong>verba</strong></span> <span class='ocrx_word' id='word_1_374' title='bbox 1003 5361 1380 5418; x_wconf 70' lang='lat' dir='ltr'><strong>Pwnitentialis</strong></span> <span class='ocrx_word' id='word_1_375' title='bbox 1401 5377 1418 5414; x_wconf 94' lang='lat'><em>:</em></span> <span class='ocrx_word' id='word_1_376' title='bbox 1440 5373 1592 5435; x_wconf 81' lang='lat' dir='ltr'><strong>atque</strong></span> <span class='ocrx_word' id='word_1_377' title='bbox 1613 5373 1782 5419; x_wconf 87' lang='lat' dir='ltr'><strong>osten-</strong></span> 
     </span>
    </p>
   </div>
   <div class='ocr_carea' id='block_1_58' title="bbox 273 5420 1778 5504">
    <p class='ocr_par' dir='ltr' id='par_1_58' title="bbox 273 5420 1778 5504">
     <span class='ocr_line' id='line_1_58' title="bbox 273 5420 1778 5504; baseline 0.011 -31"><span class='ocrx_word' id='word_1_378' title='bbox 273 5420 1095 5504; x_wconf 41' lang='lat' dir='ltr'><strong>ditur.pmiiiienliainpublicnm,</strong></span> <span class='ocrx_word' id='word_1_379' title='bbox 1119 5436 1324 5504; x_wconf 81' lang='lat' dir='ltr'><strong>qualem</strong></span> <span class='ocrx_word' id='word_1_380' title='bbox 1347 5420 1518 5489; x_wconf 47' lang='lat' dir='ltr'><strong>Joan:</strong></span> <span class='ocrx_word' id='word_1_381' title='bbox 1539 5433 1778 5490; x_wconf 74' lang='lat' dir='ltr'><strong>Marinus</strong></span> 
     </span>
    </p>
   </div>
   <div class='ocr_carea' id='block_1_59' title="bbox 272 5489 1778 5575">
    <p class='ocr_par' dir='ltr' id='par_1_59' title="bbox 272 5489 1778 5575">
     <span class='ocr_line' id='line_1_59' title="bbox 272 5489 1778 5575; baseline 0.011 -32"><span class='ocrx_word' id='word_1_382' title='bbox 272 5489 543 5560; x_wconf 75' lang='lat' dir='ltr'><strong>describit;</strong></span> <span class='ocrx_word' id='word_1_383' title='bbox 567 5513 660 5575; x_wconf 62' lang='lat' dir='ltr'><strong>pro</strong></span> <span class='ocrx_word' id='word_1_384' title='bbox 683 5489 904 5575; x_wconf 70' lang='lat' dir='ltr'><strong>publicis</strong></span> <span class='ocrx_word' id='word_1_385' title='bbox 946 5489 1247 5557; x_wconf 72' lang='lat' dir='ltr'><strong>criminibus</strong></span> <span class='ocrx_word' id='word_1_386' title='bbox 1277 5506 1433 5559; x_wconf 80' lang='lat' dir='ltr'><strong>etiam</strong></span> <span class='ocrx_word' id='word_1_387' title='bbox 1461 5489 1778 5575; x_wconf 77' lang='lat' dir='ltr'><strong>gravissimis</strong></span> 
     </span>
    </p>
   </div>
   <div class='ocr_carea' id='block_1_60' title="bbox 273 5566 1779 5647">
    <p class='ocr_par' dir='ltr' id='par_1_60' title="bbox 273 5566 1779 5647">
     <span class='ocr_line' id='line_1_60' title="bbox 273 5566 1779 5647; baseline 0.012 -33"><span class='ocrx_word' id='word_1_388' title='bbox 273 5578 382 5647; x_wconf 67' lang='grc' dir='ltr'><strong>ηρη</strong></span> <span class='ocrx_word' id='word_1_389' title='bbox 427 5566 814 5647; x_wconf 30' lang='lat' dir='ltr'><strong>esseut-beatum</strong></span> <span class='ocrx_word' id='word_1_390' title='bbox 866 5575 1245 5647; x_wconf 69' lang='lat' dir='ltr'><strong>necessariam,-</strong></span> <span class='ocrx_word' id='word_1_391' title='bbox 1294 5586 1342 5627; x_wconf 82' lang='lat' dir='ltr'><strong>et</strong></span> <span class='ocrx_word' id='word_1_392' title='bbox 1382 5566 1544 5646; x_wconf 59' lang='lat' dir='ltr'><strong>quare</strong></span> <span class='ocrx_word' id='word_1_393' title='bbox 1591 5574 1779 5632; x_wconf 79' lang='lat' dir='ltr'><strong>Patres</strong></span> 
     </span>
    </p>
   </div>
   <div class='ocr_carea' id='block_1_61' title="bbox 268 5631 1533 5708">
    <p class='ocr_par' dir='ltr' id='par_1_61' title="bbox 268 5631 1533 5708">
     <span class='ocr_line' id='line_1_61' title="bbox 268 5631 1533 5708; baseline 0.014 -26"><span class='ocrx_word' id='word_1_394' title='bbox 268 5631 451 5697; x_wconf 85' lang='lat' dir='ltr'><strong>plures</strong></span> <span class='ocrx_word' id='word_1_395' title='bbox 475 5637 704 5690; x_wconf 57' lang='lat' dir='ltr'><strong>publicos</strong></span> <span class='ocrx_word' id='word_1_396' title='bbox 728 5652 1022 5708; x_wconf 83' lang='lat' dir='ltr'><strong>peccatores</strong></span> <span class='ocrx_word' id='word_1_397' title='bbox 1053 5644 1116 5697; x_wconf 88' lang='lat' dir='ltr'><strong>ab</strong></span> <span class='ocrx_word' id='word_1_398' title='bbox 1144 5661 1204 5697; x_wconf 88' lang='lat' dir='ltr'><strong>ea</strong></span> <span class='ocrx_word' id='word_1_399' title='bbox 1229 5631 1533 5700; x_wconf 74' lang='lat' dir='ltr'><strong>exemerint.</strong></span> 
     </span>
    </p>
   </div>
   <div class='ocr_carea' id='block_1_62' title="bbox 271 5741 1781 5831">
    <p class='ocr_par' dir='ltr' id='par_1_62' title="bbox 271 5741 1781 5831">
     <span class='ocr_line' id='line_1_62' title="bbox 271 5741 1781 5831; baseline 0.013 -33"><span class='ocrx_word' id='word_1_400' title='bbox 271 5741 484 5816; x_wconf 79' lang='lat' dir='ltr'><strong>Aliquis</strong></span> <span class='ocrx_word' id='word_1_401' title='bbox 528 5747 713 5809; x_wconf 77' lang='lat' dir='ltr'><strong>forsan</strong></span> <span class='ocrx_word' id='word_1_402' title='bbox 765 5753 981 5825; x_wconf 85' lang='lat' dir='ltr'><strong>objiciet</strong></span> <span class='ocrx_word' id='word_1_403' title='bbox 1023 5756 1186 5813; x_wconf 86' lang='lat' dir='ltr'><strong>verba</strong></span> <span class='ocrx_word' id='word_1_404' title='bbox 1223 5756 1641 5831; x_wconf 83' lang='lat' dir='ltr'><strong>Poenitentialis,</strong></span> <span class='ocrx_word' id='word_1_405' title='bbox 1687 5761 1781 5820; x_wconf 88' lang='lat' dir='ltr'><strong>ubi</strong></span> 
     </span>
    </p>
   </div>
   <div class='ocr_carea' id='block_1_63' title="bbox 1890 548 3474 628">
    <p class='ocr_par' dir='ltr' id='par_1_63' title="bbox 1890 548 3474 628">
     <span class='ocr_line' id='line_1_63' title="bbox 1890 548 3474 628; baseline 0.011 -26"><span class='ocrx_word' id='word_1_406' title='bbox 1890 548 2186 619; x_wconf 88' lang='lat' dir='ltr'><strong>liationem,</strong></span> <span class='ocrx_word' id='word_1_407' title='bbox 2218 556 2344 623; x_wconf 88' lang='lat' dir='ltr'><strong>quia</strong></span> <span class='ocrx_word' id='word_1_408' title='bbox 2375 571 2481 611; x_wconf 93' lang='lat' dir='ltr'><strong>non</strong></span> <span class='ocrx_word' id='word_1_409' title='bbox 2511 565 2594 611; x_wconf 91' lang='lat' dir='ltr'><strong>est</strong></span> <span class='ocrx_word' id='word_1_410' title='bbox 2620 557 2829 626; x_wconf 88' lang='lat' dir='ltr'><strong>publica</strong></span> <span class='ocrx_word' id='word_1_411' title='bbox 2867 561 3215 628; x_wconf 85' lang='lat' dir='ltr'><strong>poenitentia;</strong></span> <span class='ocrx_word' id='word_1_412' title='bbox 3249 571 3474 620; x_wconf 90' lang='lat' dir='ltr'><strong>conten-</strong></span> 
     </span>
    </p>
   </div>
   <div class='ocr_carea' id='block_1_64' title="bbox 1890 643 3471 724">
    <p class='ocr_par' dir='ltr' id='par_1_64' title="bbox 1890 643 3471 724">
     <span class='ocr_line' id='line_1_64' title="bbox 1890 643 3471 724; baseline 0.01 -26"><span class='ocrx_word' id='word_1_413' title='bbox 1890 643 2083 711; x_wconf 89' lang='lat' dir='ltr'><strong>detque</strong></span> <span class='ocrx_word' id='word_1_414' title='bbox 2111 645 2452 702; x_wconf 89' lang='lat' dir='ltr'><strong>Theodorum</strong></span> <span class='ocrx_word' id='word_1_415' title='bbox 2483 663 2590 702; x_wconf 91' lang='lat' dir='ltr'><strong>non</strong></span> <span class='ocrx_word' id='word_1_416' title='bbox 2624 649 2794 703; x_wconf 90' lang='lat' dir='ltr'><strong>solum</strong></span> <span class='ocrx_word' id='word_1_417' title='bbox 2834 664 2934 718; x_wconf 88' lang='lat' dir='ltr'><strong>pro</strong></span> <span class='ocrx_word' id='word_1_418' title='bbox 2963 654 3200 721; x_wconf 82' lang='lat' dir='ltr'><strong>peccatis</strong></span> <span class='ocrx_word' id='word_1_419' title='bbox 3225 655 3471 724; x_wconf 80' lang='lat' dir='ltr'><strong>occultis,</strong></span> 
     </span>
    </p>
   </div>
   <div class='ocr_carea' id='block_1_65' title="bbox 1890 735 3474 816">
    <p class='ocr_par' dir='ltr' id='par_1_65' title="bbox 1890 735 3474 816">
     <span class='ocr_line' id='line_1_65' title="bbox 1890 735 3474 816; baseline 0.008 -28"><span class='ocrx_word' id='word_1_420' title='bbox 1890 735 1984 788; x_wconf 86' lang='lat' dir='ltr'><strong>sed</strong></span> <span class='ocrx_word' id='word_1_421' title='bbox 2021 735 2184 816; x_wconf 83' lang='lat' dir='ltr'><strong>etiam</strong></span> <span class='ocrx_word' id='word_1_422' title='bbox 2226 752 2324 806; x_wconf 93' lang='lat' dir='ltr'><strong>pro</strong></span> <span class='ocrx_word' id='word_1_423' title='bbox 2366 737 2594 807; x_wconf 90' lang='lat' dir='ltr'><strong>publicis</strong></span> <span class='ocrx_word' id='word_1_424' title='bbox 2631 739 3006 807; x_wconf 72' lang='lat' dir='ltr'><strong>paenitentiam</strong></span> <span class='ocrx_word' id='word_1_425' title='bbox 3050 743 3316 812; x_wconf 89' lang='lat' dir='ltr'><strong>publicam</strong></span> <span class='ocrx_word' id='word_1_426' title='bbox 3356 761 3474 800; x_wconf 88' lang='lat' dir='ltr'><strong>mu-</strong></span> 
     </span>
    </p>
   </div>
   <div class='ocr_carea' id='block_1_66' title="bbox 1891 828 3476 905">
    <p class='ocr_par' dir='ltr' id='par_1_66' title="bbox 1891 828 3476 905">
     <span class='ocr_line' id='line_1_66' title="bbox 1891 828 3476 905; baseline 0.009 -27"><span class='ocrx_word' id='word_1_427' title='bbox 1891 833 2055 881; x_wconf 89' lang='lat' dir='ltr'><strong>tasse.</strong></span> <span class='ocrx_word' id='word_1_428' title='bbox 2089 828 2286 882; x_wconf 82' lang='lat' dir='ltr'><strong>Verum</strong></span> <span class='ocrx_word' id='word_1_429' title='bbox 2314 830 2847 886; x_wconf 87' lang='lat' dir='ltr'><strong>animadvertendum</strong></span> <span class='ocrx_word' id='word_1_430' title='bbox 2889 835 3094 898; x_wconf 81' lang='lat' dir='ltr'><strong>est,&#39;id</strong></span> <span class='ocrx_word' id='word_1_431' title='bbox 3139 837 3284 905; x_wconf 91' lang='lat' dir='ltr'><strong>quod</strong></span> <span class='ocrx_word' id='word_1_432' title='bbox 3329 837 3476 893; x_wconf 89' lang='lat' dir='ltr'><strong>nullo</strong></span> 
     </span>
    </p>
   </div>
   <div class='ocr_carea' id='block_1_67' title="bbox 1890 919 3476 990">
    <p class='ocr_par' dir='ltr' id='par_1_67' title="bbox 1890 919 3476 990">
     <span class='ocr_line' id='line_1_67' title="bbox 1890 919 3476 990; baseline 0.006 -16"><span class='ocrx_word' id='word_1_433' title='bbox 1890 936 2130 990; x_wconf 89' lang='lat' dir='ltr'><strong>unquam</strong></span> <span class='ocrx_word' id='word_1_434' title='bbox 2151 919 2407 975; x_wconf 69' lang='lat' dir='ltr'><strong>Ecclesia:</strong></span> <span class='ocrx_word' id='word_1_435' title='bbox 2436 923 2654 977; x_wconf 88' lang='lat' dir='ltr'><strong>decreto</strong></span> <span class='ocrx_word' id='word_1_436' title='bbox 2676 921 2776 977; x_wconf 90' lang='lat' dir='ltr'><strong>fuit</strong></span> <span class='ocrx_word' id='word_1_437' title='bbox 2796 924 3114 990; x_wconf 89' lang='lat' dir='ltr'><strong>stabilitum,</strong></span> <span class='ocrx_word' id='word_1_438' title='bbox 3138 942 3169 979; x_wconf 87' lang='lat' dir='ltr'><strong>a</strong></span> <span class='ocrx_word' id='word_1_439' title='bbox 3194 927 3476 983; x_wconf 88' lang='lat' dir='ltr'><strong>Theodoro</strong></span> 
     </span>
    </p>
   </div>
   <div class='ocr_carea' id='block_1_68' title="bbox 1892 1016 3478 1088">
    <p class='ocr_par' dir='ltr' id='par_1_68' title="bbox 1892 1016 3478 1088">
     <span class='ocr_line' id='line_1_68' title="bbox 1892 1016 3478 1088; baseline 0.001 -17"><span class='ocrx_word' id='word_1_440' title='bbox 1892 1031 1997 1071; x_wconf 90' lang='lat' dir='ltr'><strong>non</strong></span> <span class='ocrx_word' id='word_1_441' title='bbox 2021 1016 2262 1085; x_wconf 89' lang='lat' dir='ltr'><strong>potuisse</strong></span> <span class='ocrx_word' id='word_1_442' title='bbox 2285 1016 2480 1070; x_wconf 90' lang='lat' dir='ltr'><strong>mutari</strong></span> <span class='ocrx_word' id='word_1_443' title='bbox 2505 1026 2692 1072; x_wconf 88' lang='lat' dir='ltr'><strong>contra</strong></span> <span class='ocrx_word' id='word_1_444' title='bbox 2719 1033 2973 1083; x_wconf 88' lang='lat' dir='ltr'><strong>canones,</strong></span> <span class='ocrx_word' id='word_1_445' title='bbox 3017 1017 3223 1073; x_wconf 84' lang='lat' dir='ltr'><strong>scilicet</strong></span> <span class='ocrx_word' id='word_1_446' title='bbox 3251 1034 3348 1088; x_wconf 92' lang='lat' dir='ltr'><strong>pro</strong></span> <span class='ocrx_word' id='word_1_447' title='bbox 3370 1020 3478 1074; x_wconf 89' lang='lat' dir='ltr'><strong>cri-</strong></span> 
     </span>
    </p>
   </div>
   <div class='ocr_carea' id='block_1_69' title="bbox 1893 1108 3475 1182">
    <p class='ocr_par' dir='ltr' id='par_1_69' title="bbox 1893 1108 3475 1182">
     <span class='ocr_line' id='line_1_69' title="bbox 1893 1108 3475 1182; baseline 0.001 -18"><span class='ocrx_word' id='word_1_448' title='bbox 1893 1109 2128 1164; x_wconf 86' lang='lat' dir='ltr'><strong>minibus</strong></span> <span class='ocrx_word' id='word_1_449' title='bbox 2155 1108 2382 1164; x_wconf 90' lang='lat' dir='ltr'><strong>occultis</strong></span> <span class='ocrx_word' id='word_1_450' title='bbox 2411 1109 2679 1180; x_wconf 88' lang='lat' dir='ltr'><strong>publicam</strong></span> <span class='ocrx_word' id='word_1_451' title='bbox 2710 1111 3103 1180; x_wconf 69' lang='lat' dir='ltr'><strong>pmnitentiam.</strong></span> <span class='ocrx_word' id='word_1_452' title='bbox 3145 1111 3221 1165; x_wconf 92' lang='lat' dir='ltr'><strong>De</strong></span> <span class='ocrx_word' id='word_1_453' title='bbox 3246 1111 3475 1182; x_wconf 88' lang='lat' dir='ltr'><strong>publicis</strong></span> 
     </span>
    </p>
   </div>
   <div class='ocr_carea' id='block_1_70' title="bbox 1893 1202 3475 1273">
    <p class='ocr_par' dir='ltr' id='par_1_70' title="bbox 1893 1202 3475 1273">
     <span class='ocr_line' id='line_1_70' title="bbox 1893 1202 3475 1273; baseline 0.002 -16"><span class='ocrx_word' id='word_1_454' title='bbox 1893 1218 2022 1258; x_wconf 90' lang='lat' dir='ltr'><strong>vero</strong></span> <span class='ocrx_word' id='word_1_455' title='bbox 2075 1202 2392 1258; x_wconf 89' lang='lat' dir='ltr'><strong>criminibus</strong></span> <span class='ocrx_word' id='word_1_456' title='bbox 2445 1203 2790 1258; x_wconf 89' lang='lat' dir='ltr'><strong>considerare</strong></span> <span class='ocrx_word' id='word_1_457' title='bbox 2838 1213 3074 1273; x_wconf 88' lang='lat' dir='ltr'><strong>oportet,</strong></span> <span class='ocrx_word' id='word_1_458' title='bbox 3133 1203 3475 1259; x_wconf 89' lang='lat' dir='ltr'><strong>Theodorum</strong></span> 
     </span>
    </p>
   </div>
   <div class='ocr_carea' id='block_1_71' title="bbox 1894 1291 3475 1367">
    <p class='ocr_par' dir='ltr' id='par_1_71' title="bbox 1894 1291 3475 1367">
     <span class='ocr_line' id='line_1_71' title="bbox 1894 1291 3475 1367; baseline -0.004 -13"><span class='ocrx_word' id='word_1_459' title='bbox 1894 1297 2231 1367; x_wconf 89' lang='lat' dir='ltr'><strong>disciplinam</strong></span> <span class='ocrx_word' id='word_1_460' title='bbox 2275 1299 2439 1352; x_wconf 88' lang='lat' dir='ltr'><strong>totius</strong></span> <span class='ocrx_word' id='word_1_461' title='bbox 2486 1291 2782 1362; x_wconf 84' lang='lat' dir='ltr'><strong>Ecclesiae,</strong></span> <span class='ocrx_word' id='word_1_462' title='bbox 2829 1305 2938 1351; x_wconf 89' lang='lat' dir='ltr'><strong>tam</strong></span> <span class='ocrx_word' id='word_1_463' title='bbox 2985 1295 3272 1351; x_wconf 88' lang='lat' dir='ltr'><strong>Orientalis</strong></span> <span class='ocrx_word' id='word_1_464' title='bbox 3313 1310 3475 1365; x_wconf 89' lang='lat' dir='ltr'><strong>quam</strong></span> 
     </span>
    </p>
   </div>
   <div class='ocr_carea' id='block_1_72' title="bbox 1895 1388 3506 1459">
    <p class='ocr_par' dir='ltr' id='par_1_72' title="bbox 1895 1388 3506 1459">
     <span class='ocr_line' id='line_1_72' title="bbox 1895 1388 3506 1459; baseline -0.004 -13"><span class='ocrx_word' id='word_1_465' title='bbox 1895 1389 2275 1452; x_wconf 88' lang='lat' dir='ltr'><strong>Occidentalis,</strong></span> <span class='ocrx_word' id='word_1_466' title='bbox 2327 1403 2659 1459; x_wconf 89' lang='lat' dir='ltr'><strong>proponere;</strong></span> <span class='ocrx_word' id='word_1_467' title='bbox 2706 1397 2762 1442; x_wconf 90' lang='lat' dir='ltr'><strong>et</strong></span> <span class='ocrx_word' id='word_1_468' title='bbox 2807 1403 3012 1443; x_wconf 89' lang='lat' dir='ltr'><strong>morem</strong></span> <span class='ocrx_word' id='word_1_469' title='bbox 3062 1403 3224 1457; x_wconf 86' lang='lat' dir='ltr'><strong>quem</strong></span> <span class='ocrx_word' id='word_1_470' title='bbox 3272 1388 3326 1440; x_wconf 90' lang='lat' dir='ltr'><strong>in</strong></span> <span class='ocrx_word' id='word_1_471' title='bbox 3377 1402 3506 1442; x_wconf 55' lang='lat' dir='ltr'><strong>sua-</strong></span> 
     </span>
    </p>
   </div>
   <div class='ocr_carea' id='block_1_73' title="bbox 1893 1477 3477 1552">
    <p class='ocr_par' dir='ltr' id='par_1_73' title="bbox 1893 1477 3477 1552">
     <span class='ocr_line' id='line_1_73' title="bbox 1893 1477 3477 1552; baseline -0.003 -16"><span class='ocrx_word' id='word_1_472' title='bbox 1893 1481 2171 1552; x_wconf 88' lang='lat' dir='ltr'><strong>provincia</strong></span> <span class='ocrx_word' id='word_1_473' title='bbox 2192 1480 2497 1535; x_wconf 90' lang='lat' dir='ltr'><strong>institutum</strong></span> <span class='ocrx_word' id='word_1_474' title='bbox 2527 1488 2820 1550; x_wconf 89' lang='lat' dir='ltr'><strong>repererat,</strong></span> <span class='ocrx_word' id='word_1_475' title='bbox 2855 1485 3092 1548; x_wconf 87' lang='lat' dir='ltr'><strong>spectata</strong></span> <span class='ocrx_word' id='word_1_476' title='bbox 3120 1477 3477 1547; x_wconf 89' lang='lat' dir='ltr'><strong>plurimorum</strong></span> 
     </span>
    </p>
   </div>
   <div class='ocr_carea' id='block_1_74' title="bbox 1895 1569 3476 1642">
    <p class='ocr_par' dir='ltr' id='par_1_74' title="bbox 1895 1569 3476 1642">
     <span class='ocr_line' id='line_1_74' title="bbox 1895 1569 3476 1642; baseline -0.003 -12"><span class='ocrx_word' id='word_1_477' title='bbox 1895 1575 2230 1639; x_wconf 88' lang='lat' dir='ltr'><strong>inﬁrmitate,</strong></span> <span class='ocrx_word' id='word_1_478' title='bbox 2281 1573 2534 1628; x_wconf 89' lang='lat' dir='ltr'><strong>maluisse</strong></span> <span class='ocrx_word' id='word_1_479' title='bbox 2576 1573 2806 1628; x_wconf 90' lang='lat' dir='ltr'><strong>tolerare</strong></span> <span class='ocrx_word' id='word_1_480' title='bbox 2853 1588 3013 1642; x_wconf 91' lang='lat' dir='ltr'><strong>quam</strong></span> <span class='ocrx_word' id='word_1_481' title='bbox 3055 1587 3179 1626; x_wconf 91' lang='lat' dir='ltr'><strong>cum</strong></span> <span class='ocrx_word' id='word_1_482' title='bbox 3224 1569 3476 1628; x_wconf 86' lang='lat' dir='ltr'><strong>seandalo</strong></span> 
     </span>
    </p>
   </div>
   <div class='ocr_carea' id='block_1_75' title="bbox 1895 1660 3478 1734">
    <p class='ocr_par' dir='ltr' id='par_1_75' title="bbox 1895 1660 3478 1734">
     <span class='ocr_line' id='line_1_75' title="bbox 1895 1660 3478 1734; baseline -0.005 -13"><span class='ocrx_word' id='word_1_483' title='bbox 1895 1667 2126 1722; x_wconf 89' lang='lat' dir='ltr'><strong>aliorum</strong></span> <span class='ocrx_word' id='word_1_484' title='bbox 2155 1664 2368 1720; x_wconf 81' lang='lat' dir='ltr'><strong>auferre</strong></span> <span class='ocrx_word' id='word_1_485' title='bbox 2404 1665 2614 1734; x_wconf 88' lang='lat' dir='ltr'><strong>privata</strong></span> <span class='ocrx_word' id='word_1_486' title='bbox 2646 1663 2986 1718; x_wconf 84' lang='lat' dir='ltr'><strong>auctoritate.</strong></span> <span class='ocrx_word' id='word_1_487' title='bbox 3028 1660 3387 1730; x_wconf 86' lang='lat' dir='ltr'><strong>Quapropter,</strong></span> <span class='ocrx_word' id='word_1_488' title='bbox 3409 1672 3478 1714; x_wconf 91' lang='lat' dir='ltr'><strong>ne</strong></span> 
     </span>
    </p>
   </div>
   <div class='ocr_carea' id='block_1_76' title="bbox 1895 1750 3478 1828">
    <p class='ocr_par' dir='ltr' id='par_1_76' title="bbox 1895 1750 3478 1828">
     <span class='ocr_line' id='line_1_76' title="bbox 1895 1750 3478 1828; baseline -0.004 -16"><span class='ocrx_word' id='word_1_489' title='bbox 1895 1758 2018 1828; x_wconf 90' lang='lat' dir='ltr'><strong>quis</strong></span> <span class='ocrx_word' id='word_1_490' title='bbox 2045 1755 2332 1812; x_wconf 83' lang='lat' dir='ltr'><strong>severioris</strong></span> <span class='ocrx_word' id='word_1_491' title='bbox 2363 1754 2654 1824; x_wconf 57' lang='lat' dir='ltr'><strong>disciplina</strong></span> <span class='ocrx_word' id='word_1_492' title='bbox 2690 1764 2898 1808; x_wconf 89' lang='lat' dir='ltr'><strong>amator</strong></span> <span class='ocrx_word' id='word_1_493' title='bbox 2929 1751 3198 1822; x_wconf 82' lang='lat' dir='ltr'><strong>vituperet</strong></span> <span class='ocrx_word' id='word_1_494' title='bbox 3227 1750 3478 1806; x_wconf 91' lang='lat' dir='ltr'><strong>Theodo-</strong></span> 
     </span>
    </p>
   </div>
   <div class='ocr_carea' id='block_1_77' title="bbox 1897 1844 3478 1920">
    <p class='ocr_par' dir='ltr' id='par_1_77' title="bbox 1897 1844 3478 1920">
     <span class='ocr_line' id='line_1_77' title="bbox 1897 1844 3478 1920; baseline -0.006 -14"><span class='ocrx_word' id='word_1_495' title='bbox 1897 1868 2037 1918; x_wconf 89' lang='lat' dir='ltr'><strong>rum,</strong></span> <span class='ocrx_word' id='word_1_496' title='bbox 2067 1866 2227 1920; x_wconf 91' lang='lat' dir='ltr'><strong>quem</strong></span> <span class='ocrx_word' id='word_1_497' title='bbox 2264 1850 2449 1904; x_wconf 89' lang='lat' dir='ltr'><strong>Patres</strong></span> <span class='ocrx_word' id='word_1_498' title='bbox 2477 1848 2530 1902; x_wconf 92' lang='lat' dir='ltr'><strong>in</strong></span> <span class='ocrx_word' id='word_1_499' title='bbox 2557 1847 2774 1918; x_wconf 89' lang='lat' dir='ltr'><strong>synodis</strong></span> <span class='ocrx_word' id='word_1_500' title='bbox 2815 1846 2962 1915; x_wconf 92' lang='lat' dir='ltr'><strong>pium</strong></span> <span class='ocrx_word' id='word_1_501' title='bbox 2990 1859 3142 1914; x_wconf 68' lang='lat' dir='ltr'><strong>teque</strong></span> <span class='ocrx_word' id='word_1_502' title='bbox 3171 1859 3235 1899; x_wconf 89' lang='lat' dir='ltr'><strong>ac</strong></span> <span class='ocrx_word' id='word_1_503' title='bbox 3261 1844 3478 1898; x_wconf 90' lang='lat' dir='ltr'><strong>doctum</strong></span> 
     </span>
    </p>
   </div>
   <div class='ocr_carea' id='block_1_78' title="bbox 1893 1924 3478 2009">
    <p class='ocr_par' dir='ltr' id='par_1_78' title="bbox 1893 1924 3478 2009">
     <span class='ocr_line' id='line_1_78' title="bbox 1893 1924 3478 2009; baseline -0.005 -13"><span class='ocrx_word' id='word_1_504' title='bbox 1893 1924 2212 2005; x_wconf 90' lang='lat' dir='ltr'><strong>laudarunt;</strong></span> <span class='ocrx_word' id='word_1_505' title='bbox 2263 1948 2473 2009; x_wconf 89' lang='lat' dir='ltr'><strong>oportet</strong></span> <span class='ocrx_word' id='word_1_506' title='bbox 2516 1939 2801 1993; x_wconf 92' lang='lat' dir='ltr'><strong>ostendere</strong></span> <span class='ocrx_word' id='word_1_507' title='bbox 2836 1955 2849 1989; x_wconf 89' lang='lat'>:</span> <span class='ocrx_word' id='word_1_508' title='bbox 2882 1935 2924 1989; x_wconf 91' lang='grc' dir='ltr'><strong>Ι.</strong></span> <span class='ocrx_word' id='word_1_509' title='bbox 2976 1935 3347 2004; x_wconf 80' lang='lat' dir='ltr'><strong>paenitentiam</strong></span> <span class='ocrx_word' id='word_1_510' title='bbox 3381 1947 3478 2003; x_wconf 88' lang='lat' dir='ltr'><strong>pu-</strong></span> 
     </span>
    </p>
   </div>
   <div class='ocr_carea' id='block_1_79' title="bbox 1892 2023 3481 2103">
    <p class='ocr_par' dir='ltr' id='par_1_79' title="bbox 1892 2023 3481 2103">
     <span class='ocr_line' id='line_1_79' title="bbox 1892 2023 3481 2103; baseline -0.009 -11"><span class='ocrx_word' id='word_1_511' title='bbox 1892 2037 2110 2100; x_wconf 90' lang='lat' dir='ltr'><strong>blicam,</strong></span> <span class='ocrx_word' id='word_1_512' title='bbox 2153 2034 2364 2103; x_wconf 88' lang='lat' dir='ltr'><strong>qualem</strong></span> <span class='ocrx_word' id='word_1_513' title='bbox 2394 2032 2486 2087; x_wconf 88' lang='lat' dir='ltr'><strong>lib.</strong></span> <span class='ocrx_word' id='word_1_514' title='bbox 2531 2047 2584 2084; x_wconf 83' lang='lat' dir='ltr'><strong>IV</strong></span> <span class='ocrx_word' id='word_1_515' title='bbox 2625 2030 2689 2083; x_wconf 87' lang='lat' dir='ltr'><strong>de</strong></span> <span class='ocrx_word' id='word_1_516' title='bbox 2716 2028 2894 2092; x_wconf 77' lang='lat' dir='ltr'><strong>Pcen.,</strong></span> <span class='ocrx_word' id='word_1_517' title='bbox 2928 2042 3046 2096; x_wconf 90' lang='lat' dir='ltr'><strong>cap.</strong></span> <span class='ocrx_word' id='word_1_518' title='bbox 3075 2027 3130 2091; x_wconf 91' lang='lat'><strong>7,</strong></span> <span class='ocrx_word' id='word_1_519' title='bbox 3156 2024 3206 2079; x_wconf 84' lang='lat' dir='ltr'><strong>J.</strong></span> <span class='ocrx_word' id='word_1_520' title='bbox 3239 2023 3481 2078; x_wconf 83' lang='lat' dir='ltr'><strong>Morinus</strong></span> 
     </span>
    </p>
   </div>
   <div class='ocr_carea' id='block_1_80' title="bbox 1893 2113 3480 2192">
    <p class='ocr_par' dir='ltr' id='par_1_80' title="bbox 1893 2113 3480 2192">
     <span class='ocr_line' id='line_1_80' title="bbox 1893 2113 3480 2192; baseline -0.008 -12"><span class='ocrx_word' id='word_1_521' title='bbox 1893 2124 2171 2188; x_wconf 87' lang='lat' dir='ltr'><strong>describit,</strong></span> <span class='ocrx_word' id='word_1_522' title='bbox 2197 2131 2248 2178; x_wconf 91' lang='lat' dir='ltr'><strong>et</strong></span> <span class='ocrx_word' id='word_1_523' title='bbox 2277 2137 2436 2192; x_wconf 90' lang='lat' dir='ltr'><strong>quam</strong></span> <span class='ocrx_word' id='word_1_524' title='bbox 2465 2120 2647 2191; x_wconf 90' lang='lat' dir='ltr'><strong>plures</strong></span> <span class='ocrx_word' id='word_1_525' title='bbox 2689 2119 2872 2174; x_wconf 91' lang='lat' dir='ltr'><strong>dicunt</strong></span> <span class='ocrx_word' id='word_1_526' title='bbox 2903 2117 2968 2171; x_wconf 90' lang='lat' dir='ltr'><strong>ab</strong></span> <span class='ocrx_word' id='word_1_527' title='bbox 3000 2114 3336 2170; x_wconf 90' lang='lat' dir='ltr'><strong>incunabulis</strong></span> <span class='ocrx_word' id='word_1_528' title='bbox 3377 2113 3480 2168; x_wconf 89' lang='lat' dir='ltr'><strong>Ec-</strong></span> 
     </span>
    </p>
   </div>
   <div class='ocr_carea' id='block_1_81' title="bbox 1892 2208 3483 2269">
    <p class='ocr_par' dir='ltr' id='par_1_81' title="bbox 1892 2208 3483 2269">
     <span class='ocr_line' id='line_1_81' title="bbox 1892 2208 3483 2269; baseline -0.008 0"><span class='ocrx_word' id='word_1_529' title='bbox 1892 2214 2071 2269; x_wconf 68' lang='lat' dir='ltr'><strong>clesiae</strong></span> <span class='ocrx_word' id='word_1_530' title='bbox 2097 2213 2461 2268; x_wconf 86' lang='lat' dir='ltr'><strong>&#39;constitutam</strong></span> <span class='ocrx_word' id='word_1_531' title='bbox 2498 2224 2616 2265; x_wconf 88' lang='lat' dir='ltr'><strong>esse</strong></span> <span class='ocrx_word' id='word_1_532' title='bbox 2659 2210 2714 2262; x_wconf 93' lang='lat' dir='ltr'><strong>in</strong></span> <span class='ocrx_word' id='word_1_533' title='bbox 2758 2208 3134 2262; x_wconf 79' lang='lat' dir='ltr'><strong>aﬂlictionibus</strong></span> <span class='ocrx_word' id='word_1_534' title='bbox 3163 2213 3218 2259; x_wconf 91' lang='lat' dir='ltr'><strong>et</strong></span> <span class='ocrx_word' id='word_1_535' title='bbox 3242 2217 3483 2258; x_wconf 67' lang='lat' dir='ltr'><strong>macera-</strong></span> 
     </span>
    </p>
   </div>
   <div class='ocr_carea' id='block_1_82' title="bbox 1892 2294 3479 2373">
    <p class='ocr_par' dir='ltr' id='par_1_82' title="bbox 1892 2294 3479 2373">
     <span class='ocr_line' id='line_1_82' title="bbox 1892 2294 3479 2373; baseline -0.008 -14"><span class='ocrx_word' id='word_1_536' title='bbox 1892 2304 2128 2359; x_wconf 90' lang='lat' dir='ltr'><strong>tionibus</strong></span> <span class='ocrx_word' id='word_1_537' title='bbox 2169 2301 2411 2372; x_wconf 90' lang='lat' dir='ltr'><strong>corporis</strong></span> <span class='ocrx_word' id='word_1_538' title='bbox 2449 2298 2754 2354; x_wconf 84' lang='lat' dir='ltr'><strong>manifestis</strong></span> <span class='ocrx_word' id='word_1_539' title='bbox 2803 2313 2866 2351; x_wconf 89' lang='lat' dir='ltr'><strong>ac</strong></span> <span class='ocrx_word' id='word_1_540' title='bbox 2895 2294 3185 2373; x_wconf 89' lang='lat' dir='ltr'><strong>diuturnis,</strong></span> <span class='ocrx_word' id='word_1_541' title='bbox 3225 2308 3331 2348; x_wconf 91' lang='lat' dir='ltr'><strong>non</strong></span> <span class='ocrx_word' id='word_1_542' title='bbox 3359 2306 3479 2348; x_wconf 86' lang='lat' dir='ltr'><strong>esse</strong></span> 
     </span>
    </p>
   </div>
   <div class='ocr_carea' id='block_1_83' title="bbox 1890 2381 3479 2462">
    <p class='ocr_par' dir='ltr' id='par_1_83' title="bbox 1890 2381 3479 2462">
     <span class='ocr_line' id='line_1_83' title="bbox 1890 2381 3479 2462; baseline -0.009 -13"><span class='ocrx_word' id='word_1_543' title='bbox 1890 2395 2109 2450; x_wconf 91' lang='lat' dir='ltr'><strong>omnino</strong></span> <span class='ocrx_word' id='word_1_544' title='bbox 2159 2391 2520 2448; x_wconf 87' lang='lat' dir='ltr'><strong>necessariam</strong></span> <span class='ocrx_word' id='word_1_545' title='bbox 2585 2390 2653 2445; x_wconf 92' lang='lat' dir='ltr'><strong>ad</strong></span> <span class='ocrx_word' id='word_1_546' title='bbox 2689 2387 3080 2462; x_wconf 85' lang='lat' dir='ltr'><strong>remissionem</strong></span> <span class='ocrx_word' id='word_1_547' title='bbox 3139 2381 3479 2456; x_wconf 91' lang='lat' dir='ltr'><strong>publicorum</strong></span> 
     </span>
    </p>
   </div>
   <div class='ocr_carea' id='block_1_84' title="bbox 1891 2477 3485 2554">
    <p class='ocr_par' dir='ltr' id='par_1_84' title="bbox 1891 2477 3485 2554">
     <span class='ocr_line' id='line_1_84' title="bbox 1891 2477 3485 2554; baseline -0.008 -13"><span class='ocrx_word' id='word_1_548' title='bbox 1891 2487 2179 2543; x_wconf 91' lang='lat' dir='ltr'><strong>criminum</strong></span> <span class='ocrx_word' id='word_1_549' title='bbox 2217 2485 2382 2539; x_wconf 87' lang='lat' dir='ltr'><strong>etiam</strong></span> <span class='ocrx_word' id='word_1_550' title='bbox 2421 2481 2884 2554; x_wconf 84' lang='lat' dir='ltr'><strong>gravissimorum.</strong></span> <span class='ocrx_word' id='word_1_551' title='bbox 2925 2479 2988 2532; x_wconf 91' lang='lat' dir='ltr'><strong>ll.</strong></span> <span class='ocrx_word' id='word_1_552' title='bbox 3017 2477 3350 2544; x_wconf 80' lang='lat' dir='ltr'><strong>Quibusnam</strong></span> <span class='ocrx_word' id='word_1_553' title='bbox 3390 2488 3485 2529; x_wconf 82' lang='lat' dir='ltr'><strong>ra-</strong></span> 
     </span>
    </p>
   </div>
   <div class='ocr_carea' id='block_1_85' title="bbox 1890 2569 3477 2639">
    <p class='ocr_par' dir='ltr' id='par_1_85' title="bbox 1890 2569 3477 2639">
     <span class='ocr_line' id='line_1_85' title="bbox 1890 2569 3477 2639; baseline -0.006 -9"><span class='ocrx_word' id='word_1_554' title='bbox 1890 2577 2126 2632; x_wconf 90' lang='lat' dir='ltr'><strong>tionibus</strong></span> <span class='ocrx_word' id='word_1_555' title='bbox 2167 2575 2297 2629; x_wconf 90' lang='lat' dir='ltr'><strong>moti</strong></span> <span class='ocrx_word' id='word_1_556' title='bbox 2328 2580 2453 2629; x_wconf 90' lang='lat' dir='ltr'><strong>sunt</strong></span> <span class='ocrx_word' id='word_1_557' title='bbox 2487 2572 2690 2634; x_wconf 89' lang='lat' dir='ltr'><strong>Patres,</strong></span> <span class='ocrx_word' id='word_1_558' title='bbox 2718 2579 2778 2625; x_wconf 93' lang='lat' dir='ltr'><strong>ut</strong></span> <span class='ocrx_word' id='word_1_559' title='bbox 2815 2569 3010 2624; x_wconf 90' lang='lat' dir='ltr'><strong>multos</strong></span> <span class='ocrx_word' id='word_1_560' title='bbox 3037 2575 3350 2639; x_wconf 87' lang='lat' dir='ltr'><strong>peccatores</strong></span> <span class='ocrx_word' id='word_1_561' title='bbox 3375 2579 3477 2636; x_wconf 87' lang='lat' dir='ltr'><strong>pu-</strong></span> 
     </span>
    </p>
   </div>
   <div class='ocr_carea' id='block_1_86' title="bbox 1890 2658 2951 2733">
    <p class='ocr_par' dir='ltr' id='par_1_86' title="bbox 1890 2658 2951 2733">
     <span class='ocr_line' id='line_1_86' title="bbox 1890 2658 2951 2733; baseline -0.008 -12"><span class='ocrx_word' id='word_1_562' title='bbox 1890 2666 2060 2721; x_wconf 93' lang='lat' dir='ltr'><strong>blicos</strong></span> <span class='ocrx_word' id='word_1_563' title='bbox 2091 2666 2158 2720; x_wconf 91' lang='lat' dir='ltr'><strong>ab</strong></span> <span class='ocrx_word' id='word_1_564' title='bbox 2184 2665 2268 2719; x_wconf 89' lang='lat' dir='ltr'><strong>illa</strong></span> <span class='ocrx_word' id='word_1_565' title='bbox 2293 2663 2609 2733; x_wconf 75' lang='lat' dir='ltr'><strong>ptenitentia</strong></span> <span class='ocrx_word' id='word_1_566' title='bbox 2634 2658 2951 2715; x_wconf 88' lang='lat' dir='ltr'><strong>eximerent.</strong></span> 
     </span>
    </p>
   </div>
   <div class='ocr_carea' id='block_1_87' title="bbox 1960 2746 3475 2821">
    <p class='ocr_par' dir='ltr' id='par_1_87' title="bbox 1960 2746 3475 2821">
     <span class='ocr_line' id='line_1_87' title="bbox 1960 2746 3475 2821; baseline -0.006 -13"><span class='ocrx_word' id='word_1_567' title='bbox 1960 2754 2201 2810; x_wconf 80' lang='lat' dir='ltr'><strong>Justinus</strong></span> <span class='ocrx_word' id='word_1_568' title='bbox 2230 2754 2283 2807; x_wconf 92' lang='lat' dir='ltr'><strong>in</strong></span> <span class='ocrx_word' id='word_1_569' title='bbox 2312 2752 2588 2821; x_wconf 86' lang='lat' dir='ltr'><strong>Apologia,</strong></span> <span class='ocrx_word' id='word_1_570' title='bbox 2626 2749 2779 2818; x_wconf 87' lang='lat' dir='ltr'><strong>juxta</strong></span> <span class='ocrx_word' id='word_1_571' title='bbox 2802 2748 3088 2803; x_wconf 89' lang='lat' dir='ltr'><strong>Eusebium</strong></span> <span class='ocrx_word' id='word_1_572' title='bbox 3128 2746 3324 2818; x_wconf 88' lang='lat' dir='ltr'><strong>prima,</strong></span> <span class='ocrx_word' id='word_1_573' title='bbox 3353 2760 3475 2816; x_wconf 67' lang='lat' dir='ltr'><strong>qua:</strong></span> 
     </span>
    </p>
   </div>
   <div class='ocr_carea' id='block_1_88' title="bbox 1890 2836 3477 2898">
    <p class='ocr_par' dir='ltr' id='par_1_88' title="bbox 1890 2836 3477 2898">
     <span class='ocr_line' id='line_1_88' title="bbox 1890 2836 3477 2898; baseline -0.005 0"><span class='ocrx_word' id='word_1_574' title='bbox 1890 2845 2094 2898; x_wconf 90' lang='lat' dir='ltr'><strong>idcirco</strong></span> <span class='ocrx_word' id='word_1_575' title='bbox 2139 2842 2276 2896; x_wconf 91' lang='lat' dir='ltr'><strong>male</strong></span> <span class='ocrx_word' id='word_1_576' title='bbox 2323 2840 2637 2895; x_wconf 87' lang='lat' dir='ltr'><strong>inscribitur</strong></span> <span class='ocrx_word' id='word_1_577' title='bbox 2687 2839 2918 2894; x_wconf 83' lang='lat' dir='ltr'><strong>secunda</strong></span> <span class='ocrx_word' id='word_1_578' title='bbox 2968 2839 3022 2891; x_wconf 92' lang='lat' dir='ltr'><strong>in</strong></span> <span class='ocrx_word' id='word_1_579' title='bbox 3065 2836 3259 2892; x_wconf 86' lang='lat' dir='ltr'><strong>editis:</strong></span> <span class='ocrx_word' id='word_1_580' title='bbox 3294 2855 3312 2887; x_wconf 74' lang='grc' dir='ltr'><strong><em>ι</em></strong></span> <span class='ocrx_word' id='word_1_581' title='bbox 3340 2836 3477 2890; x_wconf 83' lang='lat' dir='ltr'><strong>Pro-</strong></span> 
     </span>
    </p>
   </div>
   <div class='ocr_carea' id='block_1_89' title="bbox 1887 2923 3477 3006">
    <p class='ocr_par' dir='ltr' id='par_1_89' title="bbox 1887 2923 3477 3006">
     <span class='ocr_line' id='line_1_89' title="bbox 1887 2923 3477 3006; baseline -0.008 -15"><span class='ocrx_word' id='word_1_582' title='bbox 1887 2937 2049 3006; x_wconf 90' lang='lat' dir='ltr'><strong>pheta</strong></span> <span class='ocrx_word' id='word_1_583' title='bbox 2075 2950 2106 2989; x_wconf 91' lang='lat' dir='ltr'><strong>a</strong></span> <span class='ocrx_word' id='word_1_584' title='bbox 2133 2948 2362 3004; x_wconf 90' lang='lat' dir='ltr'><strong>persona</strong></span> <span class='ocrx_word' id='word_1_585' title='bbox 2390 2932 2566 2986; x_wconf 88' lang='lat' dir='ltr'><strong>Patris</strong></span> <span class='ocrx_word' id='word_1_586' title='bbox 2596 2930 2726 2986; x_wconf 90' lang='lat' dir='ltr'><strong>dicit</strong></span> <span class='ocrx_word' id='word_1_587' title='bbox 2761 2949 2774 2983; x_wconf 89' lang='lat'><strong>:</strong></span> <span class='ocrx_word' id='word_1_588' title='bbox 2824 2930 2892 2982; x_wconf 88' lang='lat' dir='ltr'><strong>Et</strong></span> <span class='ocrx_word' id='word_1_589' title='bbox 2937 2929 3078 2983; x_wconf 90' lang='lat' dir='ltr'><strong>diem</strong></span> <span class='ocrx_word' id='word_1_590' title='bbox 3108 2942 3361 2996; x_wconf 84' lang='lat' dir='ltr'><strong>magnum</strong></span> <span class='ocrx_word' id='word_1_591' title='bbox 3394 2923 3477 2993; x_wconf 85' lang='lat' dir='ltr'><strong>je-</strong></span> 
     </span>
    </p>
   </div>
   <div class='ocr_carea' id='block_1_90' title="bbox 1805 3016 3476 3094">
    <p class='ocr_par' dir='ltr' id='par_1_90' title="bbox 1805 3016 3476 3094">
     <span class='ocr_line' id='line_1_90' title="bbox 1805 3016 3476 3094; baseline -0.005 -14"><span class='ocrx_word' id='word_1_592' title='bbox 1805 3029 1808 3032; x_wconf 71' lang='grc'><em>”</em></span> <span class='ocrx_word' id='word_1_593' title='bbox 1879 3025 2041 3094; x_wconf 88' lang='lat' dir='ltr'><strong>junii,</strong></span> <span class='ocrx_word' id='word_1_594' title='bbox 2083 3033 2138 3078; x_wconf 90' lang='lat' dir='ltr'><strong>et</strong></span> <span class='ocrx_word' id='word_1_595' title='bbox 2176 3025 2345 3078; x_wconf 90' lang='lat' dir='ltr'><strong>otium</strong></span> <span class='ocrx_word' id='word_1_596' title='bbox 2386 3038 2492 3076; x_wconf 91' lang='lat' dir='ltr'><strong>non</strong></span> <span class='ocrx_word' id='word_1_597' title='bbox 2523 3021 2819 3083; x_wconf 90' lang='lat' dir='ltr'><strong>sustinebo,</strong></span> <span class='ocrx_word' id='word_1_598' title='bbox 2856 3032 3030 3088; x_wconf 91' lang='lat' dir='ltr'><strong>neque</strong></span> <span class='ocrx_word' id='word_1_599' title='bbox 3068 3033 3188 3072; x_wconf 93' lang='lat' dir='ltr'><strong>cum</strong></span> <span class='ocrx_word' id='word_1_600' title='bbox 3216 3016 3476 3072; x_wconf 89' lang='lat' dir='ltr'><strong>veneritis</strong></span> 
     </span>
    </p>
   </div>
   <div class='ocr_carea' id='block_1_91' title="bbox 1888 3107 3474 3185">
    <p class='ocr_par' dir='ltr' id='par_1_91' title="bbox 1888 3107 3474 3185">
     <span class='ocr_line' id='line_1_91' title="bbox 1888 3107 3474 3185; baseline -0.008 -14"><span class='ocrx_word' id='word_1_601' title='bbox 1888 3125 1948 3172; x_wconf 93' lang='lat' dir='ltr'><strong>ut</strong></span> <span class='ocrx_word' id='word_1_602' title='bbox 1967 3113 2270 3185; x_wconf 89' lang='lat' dir='ltr'><strong>appareatis</strong></span> <span class='ocrx_word' id='word_1_603' title='bbox 2299 3113 2451 3175; x_wconf 90' lang='lat' dir='ltr'><strong>mihi,</strong></span> <span class='ocrx_word' id='word_1_604' title='bbox 2481 3111 2765 3166; x_wconf 81' lang='lat' dir='ltr'><strong>exaudiam</strong></span> <span class='ocrx_word' id='word_1_605' title='bbox 2791 3123 2905 3162; x_wconf 89' lang='lat' dir='ltr'><strong>vos.</strong></span> <span class='ocrx_word' id='word_1_606' title='bbox 2935 3107 3112 3162; x_wconf 65' lang='lat' dir='ltr'><strong>Plena:</strong></span> <span class='ocrx_word' id='word_1_607' title='bbox 3137 3114 3262 3160; x_wconf 88' lang='lat' dir='ltr'><strong>sunt</strong></span> <span class='ocrx_word' id='word_1_608' title='bbox 3281 3120 3474 3159; x_wconf 92' lang='lat' dir='ltr'><strong>manus</strong></span> 
     </span>
    </p>
   </div>
   <div class='ocr_carea' id='block_1_92' title="bbox 1811 3185 3480 3273">
    <p class='ocr_par' dir='ltr' id='par_1_92' title="bbox 1811 3185 3480 3273">
     <span class='ocr_line' id='line_1_92' title="bbox 1811 3185 3480 3273; baseline -0.007 -10"><span class='ocrx_word' id='word_1_609' title='bbox 1811 3185 1858 3246; x_wconf 62' lang='grc' dir='ltr'><strong>(ἶ</strong></span> <span class='ocrx_word' id='word_1_610' title='bbox 1890 3217 2083 3264; x_wconf 66' lang='lat' dir='ltr'><strong>vestra:</strong></span> <span class='ocrx_word' id='word_1_611' title='bbox 2113 3205 2392 3273; x_wconf 85' lang='lat' dir='ltr'><strong>sanguine.</strong></span> <span class='ocrx_word' id='word_1_612' title='bbox 2424 3204 2490 3257; x_wconf 89' lang='lat' dir='ltr'><strong>Et</strong></span> <span class='ocrx_word' id='word_1_613' title='bbox 2519 3218 2641 3257; x_wconf 90' lang='lat' dir='ltr'><strong>cum</strong></span> <span class='ocrx_word' id='word_1_614' title='bbox 2671 3200 2876 3255; x_wconf 73' lang='lat' dir='ltr'><strong>offertis</strong></span> <span class='ocrx_word' id='word_1_615' title='bbox 2905 3199 3135 3253; x_wconf 87' lang='lat' dir='ltr'><strong>similam</strong></span> <span class='ocrx_word' id='word_1_616' title='bbox 3174 3206 3267 3251; x_wconf 92' lang='lat' dir='ltr'><strong>aut</strong></span> <span class='ocrx_word' id='word_1_617' title='bbox 3296 3197 3480 3252; x_wconf 87' lang='lat' dir='ltr'><strong>incen-</strong></span> 
     </span>
    </p>
   </div>
   <div class='ocr_carea' id='block_1_93' title="bbox 1889 3293 3476 3364">
    <p class='ocr_par' dir='ltr' id='par_1_93' title="bbox 1889 3293 3476 3364">
     <span class='ocr_line' id='line_1_93' title="bbox 1889 3293 3476 3364; baseline -0.008 -9"><span class='ocrx_word' id='word_1_618' title='bbox 1889 3317 2030 3364; x_wconf 91' lang='lat' dir='ltr'><strong>sum,</strong></span> <span class='ocrx_word' id='word_1_619' title='bbox 2059 3297 2386 3352; x_wconf 88' lang='lat' dir='ltr'><strong>abominatio</strong></span> <span class='ocrx_word' id='word_1_620' title='bbox 2415 3295 2543 3349; x_wconf 90' lang='lat' dir='ltr'><strong>mihi</strong></span> <span class='ocrx_word' id='word_1_621' title='bbox 2579 3302 2680 3348; x_wconf 90' lang='lat' dir='ltr'><strong>est.</strong></span> <span class='ocrx_word' id='word_1_622' title='bbox 2710 3293 2936 3362; x_wconf 85' lang='lat' dir='ltr'><strong>Adipem</strong></span> <span class='ocrx_word' id='word_1_623' title='bbox 2966 3307 3226 3362; x_wconf 88' lang='lat' dir='ltr'><strong>agnorum</strong></span> <span class='ocrx_word' id='word_1_624' title='bbox 3262 3299 3316 3345; x_wconf 89' lang='lat' dir='ltr'><strong>et</strong></span> <span class='ocrx_word' id='word_1_625' title='bbox 3355 3305 3476 3345; x_wconf 83' lang='lat' dir='ltr'><strong>san-</strong></span> 
     </span>
    </p>
   </div>
   <div class='ocr_carea' id='block_1_94' title="bbox 1889 3379 3476 3463">
    <p class='ocr_par' dir='ltr' id='par_1_94' title="bbox 1889 3379 3476 3463">
     <span class='ocr_line' id='line_1_94' title="bbox 1889 3379 3476 3463; baseline -0.008 -18"><span class='ocrx_word' id='word_1_626' title='bbox 1889 3392 2105 3463; x_wconf 90' lang='lat' dir='ltr'><strong>guinem</strong></span> <span class='ocrx_word' id='word_1_627' title='bbox 2131 3389 2406 3442; x_wconf 90' lang='lat' dir='ltr'><strong>hircorum</strong></span> <span class='ocrx_word' id='word_1_628' title='bbox 2435 3383 2579 3438; x_wconf 90' lang='lat' dir='ltr'><strong>nolo.</strong></span> <span class='ocrx_word' id='word_1_629' title='bbox 2614 3383 2745 3449; x_wconf 87' lang='lat' dir='ltr'><strong>Quis</strong></span> <span class='ocrx_word' id='word_1_630' title='bbox 2778 3382 2922 3434; x_wconf 88' lang='lat' dir='ltr'><strong>enim</strong></span> <span class='ocrx_word' id='word_1_631' title='bbox 2959 3379 3239 3449; x_wconf 88' lang='lat' dir='ltr'><strong>requisivit</strong></span> <span class='ocrx_word' id='word_1_632' title='bbox 3267 3379 3380 3433; x_wconf 54' lang='lat' dir='ltr'><strong>haec</strong></span> <span class='ocrx_word' id='word_1_633' title='bbox 3406 3391 3476 3434; x_wconf 82' lang='lat' dir='ltr'><strong>ex</strong></span> 
     </span>
    </p>
   </div>
   <div class='ocr_carea' id='block_1_95' title="bbox 1887 3467 3477 3538">
    <p class='ocr_par' dir='ltr' id='par_1_95' title="bbox 1887 3467 3477 3538">
     <span class='ocr_line' id='line_1_95' title="bbox 1887 3467 3477 3538; baseline -0.008 -3"><span class='ocrx_word' id='word_1_634' title='bbox 1887 3479 2138 3535; x_wconf 87' lang='lat' dir='ltr'><strong>manibus</strong></span> <span class='ocrx_word' id='word_1_635' title='bbox 2181 3475 2410 3531; x_wconf 88' lang='lat' dir='ltr'><strong>vestris?</strong></span> <span class='ocrx_word' id='word_1_636' title='bbox 2439 3472 2637 3527; x_wconf 81' lang='lat' dir='ltr'><strong>Verum</strong></span> <span class='ocrx_word' id='word_1_637' title='bbox 2679 3472 2910 3526; x_wconf 89' lang='lat' dir='ltr'><strong>dissolve</strong></span> <span class='ocrx_word' id='word_1_638' title='bbox 2939 3483 3154 3524; x_wconf 92' lang='lat' dir='ltr'><strong>omnem</strong></span> <span class='ocrx_word' id='word_1_639' title='bbox 3183 3467 3477 3538; x_wconf 89' lang='lat' dir='ltr'><strong>colligatio-</strong></span> 
     </span>
    </p>
   </div>
   <div class='ocr_carea' id='block_1_96' title="bbox 1888 3559 3472 3638">
    <p class='ocr_par' dir='ltr' id='par_1_96' title="bbox 1888 3559 3472 3638">
     <span class='ocr_line' id='line_1_96' title="bbox 1888 3559 3472 3638; baseline -0.008 -12"><span class='ocrx_word' id='word_1_640' title='bbox 1888 3587 2013 3626; x_wconf 91' lang='lat' dir='ltr'><strong>nem</strong></span> <span class='ocrx_word' id='word_1_641' title='bbox 2063 3567 2393 3638; x_wconf 88' lang='lat' dir='ltr'><strong>iniquitatis;</strong></span> <span class='ocrx_word' id='word_1_642' title='bbox 2453 3565 2728 3632; x_wconf 90' lang='lat' dir='ltr'><strong>disrumpe</strong></span> <span class='ocrx_word' id='word_1_643' title='bbox 2783 3560 3064 3616; x_wconf 88' lang='lat' dir='ltr'><strong>fasciculos</strong></span> <span class='ocrx_word' id='word_1_644' title='bbox 3114 3559 3472 3613; x_wconf 88' lang='lat' dir='ltr'><strong>violentorum</strong></span> 
     </span>
    </p>
   </div>
   <div class='ocr_carea' id='block_1_97' title="bbox 1888 3649 3474 3728">
    <p class='ocr_par' dir='ltr' id='par_1_97' title="bbox 1888 3649 3474 3728">
     <span class='ocr_line' id='line_1_97' title="bbox 1888 3649 3474 3728; baseline -0.011 -10"><span class='ocrx_word' id='word_1_645' title='bbox 1888 3668 2294 3724; x_wconf 87' lang='lat' dir='ltr'><strong>contractuum;</strong></span> <span class='ocrx_word' id='word_1_646' title='bbox 2320 3673 2513 3728; x_wconf 89' lang='lat' dir='ltr'><strong>vagum</strong></span> <span class='ocrx_word' id='word_1_647' title='bbox 2537 3663 2590 3710; x_wconf 92' lang='lat' dir='ltr'><strong>et</strong></span> <span class='ocrx_word' id='word_1_648' title='bbox 2611 3654 2811 3709; x_wconf 89' lang='lat' dir='ltr'><strong>nudum</strong></span> <span class='ocrx_word' id='word_1_649' title='bbox 2836 3662 2984 3723; x_wconf 89' lang='lat' dir='ltr'><strong>tege,</strong></span> <span class='ocrx_word' id='word_1_650' title='bbox 3010 3649 3195 3720; x_wconf 83' lang='lat' dir='ltr'><strong>frange</strong></span> <span class='ocrx_word' id='word_1_651' title='bbox 3214 3649 3474 3704; x_wconf 90' lang='lat' dir='ltr'><strong>esurienti</strong></span> 
     </span>
    </p>
   </div>
   <div class='ocr_carea' id='block_1_98' title="bbox 1886 3745 3474 3828">
    <p class='ocr_par' dir='ltr' id='par_1_98' title="bbox 1886 3745 3474 3828">
     <span class='ocr_line' id='line_1_98' title="bbox 1886 3745 3474 3828; baseline -0.01 -18"><span class='ocrx_word' id='word_1_652' title='bbox 1886 3771 2081 3828; x_wconf 88' lang='lat' dir='ltr'><strong>panem</strong></span> <span class='ocrx_word' id='word_1_653' title='bbox 2119 3764 2288 3808; x_wconf 92' lang='lat' dir='ltr'><strong>tuum.</strong></span> <span class='ocrx_word' id='word_1_654' title='bbox 2336 3751 2405 3806; x_wconf 91' lang='lat' dir='ltr'><strong>Et</strong></span> <span class='ocrx_word' id='word_1_655' title='bbox 2447 3748 2625 3819; x_wconf 91' lang='lat' dir='ltr'><strong>qualia</strong></span> <span class='ocrx_word' id='word_1_656' title='bbox 2653 3747 2868 3817; x_wconf 90' lang='lat' dir='ltr'><strong>quidem</strong></span> <span class='ocrx_word' id='word_1_657' title='bbox 2896 3745 3005 3800; x_wconf 90' lang='lat' dir='ltr'><strong>sint</strong></span> <span class='ocrx_word' id='word_1_658' title='bbox 3037 3760 3156 3813; x_wconf 77' lang='lat' dir='ltr'><strong>qua:</strong></span> <span class='ocrx_word' id='word_1_659' title='bbox 3197 3757 3296 3812; x_wconf 89' lang='lat' dir='ltr'><strong>per</strong></span> <span class='ocrx_word' id='word_1_660' title='bbox 3320 3748 3474 3795; x_wconf 89' lang='lat' dir='ltr'><strong>vates</strong></span> 
     </span>
    </p>
   </div>
   <div class='ocr_carea' id='block_1_99' title="bbox 1888 3832 3475 3913">
    <p class='ocr_par' dir='ltr' id='par_1_99' title="bbox 1888 3832 3475 3913">
     <span class='ocr_line' id='line_1_99' title="bbox 1888 3832 3475 3913; baseline -0.01 -10"><span class='ocrx_word' id='word_1_661' title='bbox 1888 3863 2013 3903; x_wconf 90' lang='lat' dir='ltr'><strong>suos</strong></span> <span class='ocrx_word' id='word_1_662' title='bbox 2053 3863 2083 3900; x_wconf 91' lang='lat' dir='ltr'><strong>a</strong></span> <span class='ocrx_word' id='word_1_663' title='bbox 2132 3846 2241 3901; x_wconf 92' lang='lat' dir='ltr'><strong>Deo</strong></span> <span class='ocrx_word' id='word_1_664' title='bbox 2278 3850 2544 3913; x_wconf 67' lang='lat' dir='ltr'><strong>praecepta</strong></span> <span class='ocrx_word' id='word_1_665' title='bbox 2590 3840 2714 3904; x_wconf 89' lang='lat' dir='ltr'><strong>sint,</strong></span> <span class='ocrx_word' id='word_1_666' title='bbox 2757 3839 2841 3892; x_wconf 93' lang='lat' dir='ltr'><strong>his</strong></span> <span class='ocrx_word' id='word_1_667' title='bbox 2881 3835 3140 3905; x_wconf 86' lang='lat' dir='ltr'><strong>exemplis</strong></span> <span class='ocrx_word' id='word_1_668' title='bbox 3176 3832 3475 3903; x_wconf 83' lang='lat' dir='ltr'><strong>intelligere</strong></span> 
     </span>
    </p>
   </div>
   <div class='ocr_carea' id='block_1_100' title="bbox 1887 3923 3468 4010">
    <p class='ocr_par' dir='ltr' id='par_1_100' title="bbox 1887 3923 3468 4010">
     <span class='ocr_line' id='line_1_100' title="bbox 1887 3923 3468 4010; baseline -0.01 -17"><span class='ocrx_word' id='word_1_669' title='bbox 1887 3938 2132 4009; x_wconf 89' lang='lat' dir='ltr'><strong>potestis.</strong></span> <span class='ocrx_word' id='word_1_670' title='bbox 2186 3957 2202 3986; x_wconf 75' lang='grc' dir='ltr'>ι</span> <span class='ocrx_word' id='word_1_671' title='bbox 2249 3967 2320 3977; x_wconf 91' lang='grc'><strong><em>-</em></strong></span> <span class='ocrx_word' id='word_1_672' title='bbox 2363 3934 2435 4010; x_wconf 83' lang='grc' dir='ltr'><strong>1η¹</strong></span> <span class='ocrx_word' id='word_1_673' title='bbox 2481 3931 2690 4002; x_wconf 85' lang='lat' dir='ltr'><strong>dialogo</strong></span> <span class='ocrx_word' id='word_1_674' title='bbox 2733 3945 2856 3984; x_wconf 90' lang='lat' dir='ltr'><strong>cum</strong></span> <span class='ocrx_word' id='word_1_675' title='bbox 2911 3927 3196 3997; x_wconf 87' lang='lat' dir='ltr'><strong>Tryphone</strong></span> <span class='ocrx_word' id='word_1_676' title='bbox 3239 3923 3468 3979; x_wconf 60' lang='lat' dir='ltr'><strong>Iudaeo:</strong></span> 
     </span>
    </p>
   </div>
   <div class='ocr_carea' id='block_1_101' title="bbox 1894 4015 3475 4095">
    <p class='ocr_par' dir='ltr' id='par_1_101' title="bbox 1894 4015 3475 4095">
     <span class='ocr_line' id='line_1_101' title="bbox 1894 4015 3475 4095; baseline -0.009 -14"><span class='ocrx_word' id='word_1_677' title='bbox 1894 4048 1911 4081; x_wconf 79' lang='grc' dir='ltr'>ι</span> <span class='ocrx_word' id='word_1_678' title='bbox 1949 4027 2088 4095; x_wconf 92' lang='lat' dir='ltr'><strong>Quid</strong></span> <span class='ocrx_word' id='word_1_679' title='bbox 2119 4027 2249 4082; x_wconf 90' lang='lat' dir='ltr'><strong>mihi</strong></span> <span class='ocrx_word' id='word_1_680' title='bbox 2277 4023 2556 4095; x_wconf 87' lang='lat' dir='ltr'><strong>jejunatis,</strong></span> <span class='ocrx_word' id='word_1_681' title='bbox 2581 4030 2643 4075; x_wconf 89' lang='lat' dir='ltr'><strong>ut</strong></span> <span class='ocrx_word' id='word_1_682' title='bbox 2670 4020 2829 4075; x_wconf 89' lang='lat' dir='ltr'><strong>hodie</strong></span> <span class='ocrx_word' id='word_1_683' title='bbox 2872 4018 3122 4073; x_wconf 87' lang='lat' dir='ltr'><strong>audiatur</strong></span> <span class='ocrx_word' id='word_1_684' title='bbox 3148 4016 3202 4071; x_wconf 90' lang='lat' dir='ltr'><strong>in</strong></span> <span class='ocrx_word' id='word_1_685' title='bbox 3237 4015 3475 4070; x_wconf 87' lang='lat' dir='ltr'><strong>clamore</strong></span> 
     </span>
    </p>
   </div>
   <div class='ocr_carea' id='block_1_102' title="bbox 1886 4104 3474 4184">
    <p class='ocr_par' dir='ltr' id='par_1_102' title="bbox 1886 4104 3474 4184">
     <span class='ocr_line' id='line_1_102' title="bbox 1886 4104 3474 4184; baseline -0.01 -10"><span class='ocrx_word' id='word_1_686' title='bbox 1886 4135 1990 4174; x_wconf 86' lang='lat' dir='ltr'><strong>vox</strong></span> <span class='ocrx_word' id='word_1_687' title='bbox 2035 4117 2248 4174; x_wconf 86' lang='lat' dir='ltr'><strong>vestra?</strong></span> <span class='ocrx_word' id='word_1_688' title='bbox 2295 4113 2562 4184; x_wconf 87' lang='lat' dir='ltr'><strong>Jejunium</strong></span> <span class='ocrx_word' id='word_1_689' title='bbox 2603 4113 2706 4167; x_wconf 90' lang='lat' dir='ltr'><strong>hoc</strong></span> <span class='ocrx_word' id='word_1_690' title='bbox 2733 4125 2832 4181; x_wconf 89' lang='lat' dir='ltr'><strong>ego</strong></span> <span class='ocrx_word' id='word_1_691' title='bbox 2866 4125 2973 4164; x_wconf 91' lang='lat' dir='ltr'><strong>non</strong></span> <span class='ocrx_word' id='word_1_692' title='bbox 3004 4108 3161 4178; x_wconf 89' lang='lat' dir='ltr'><strong>elegi,</strong></span> <span class='ocrx_word' id='word_1_693' title='bbox 3203 4113 3263 4160; x_wconf 90' lang='lat' dir='ltr'><strong>ut</strong></span> <span class='ocrx_word' id='word_1_694' title='bbox 3301 4105 3355 4159; x_wconf 93' lang='lat' dir='ltr'><strong>in</strong></span> <span class='ocrx_word' id='word_1_695' title='bbox 3385 4104 3474 4159; x_wconf 88' lang='lat' dir='ltr'><strong>die</strong></span> 
     </span>
    </p>
   </div>
   <div class='ocr_carea' id='block_1_103' title="bbox 1886 4197 3469 4270">
    <p class='ocr_par' dir='ltr' id='par_1_103' title="bbox 1886 4197 3469 4270">
     <span class='ocr_line' id='line_1_103' title="bbox 1886 4197 3469 4270; baseline -0.012 -5"><span class='ocrx_word' id='word_1_696' title='bbox 1886 4208 2133 4265; x_wconf 88' lang='lat' dir='ltr'><strong>humiliet</strong></span> <span class='ocrx_word' id='word_1_697' title='bbox 2156 4207 2240 4261; x_wconf 91' lang='lat' dir='ltr'><strong>vir</strong></span> <span class='ocrx_word' id='word_1_698' title='bbox 2270 4205 2502 4260; x_wconf 89' lang='lat' dir='ltr'><strong>animam</strong></span> <span class='ocrx_word' id='word_1_699' title='bbox 2525 4218 2696 4260; x_wconf 88' lang='lat' dir='ltr'><strong>suam.</strong></span> <span class='ocrx_word' id='word_1_700' title='bbox 2722 4201 2897 4270; x_wconf 89' lang='lat' dir='ltr'><strong>Atque</strong></span> <span class='ocrx_word' id='word_1_701' title='bbox 2924 4200 2970 4255; x_wconf 91' lang='lat' dir='ltr'><strong>si</strong></span> <span class='ocrx_word' id='word_1_702' title='bbox 2995 4197 3179 4252; x_wconf 85' lang='lat' dir='ltr'><strong>flectas</strong></span> <span class='ocrx_word' id='word_1_703' title='bbox 3209 4205 3469 4264; x_wconf 86' lang='lat' dir='ltr'><strong>tanquam</strong></span> 
     </span>
    </p>
   </div>
   <div class='ocr_carea' id='block_1_104' title="bbox 1888 4283 3471 4359">
    <p class='ocr_par' dir='ltr' id='par_1_104' title="bbox 1888 4283 3471 4359">
     <span class='ocr_line' id='line_1_104' title="bbox 1888 4283 3471 4359; baseline -0.011 -4"><span class='ocrx_word' id='word_1_704' title='bbox 1888 4298 2146 4355; x_wconf 90' lang='lat' dir='ltr'><strong>circulum</strong></span> <span class='ocrx_word' id='word_1_705' title='bbox 2173 4296 2371 4351; x_wconf 91' lang='lat' dir='ltr'><strong>collum</strong></span> <span class='ocrx_word' id='word_1_706' title='bbox 2402 4310 2580 4359; x_wconf 91' lang='lat' dir='ltr'><strong>suum,</strong></span> <span class='ocrx_word' id='word_1_707' title='bbox 2623 4300 2680 4348; x_wconf 90' lang='lat' dir='ltr'><strong>et</strong></span> <span class='ocrx_word' id='word_1_708' title='bbox 2705 4305 2920 4346; x_wconf 88' lang='lat' dir='ltr'><strong>saccum</strong></span> <span class='ocrx_word' id='word_1_709' title='bbox 2960 4289 3304 4354; x_wconf 89' lang='lat' dir='ltr'><strong>cineremque</strong></span> <span class='ocrx_word' id='word_1_710' title='bbox 3343 4283 3471 4338; x_wconf 89' lang='lat' dir='ltr'><strong>sub-</strong></span> 
     </span>
    </p>
   </div>
   <div class='ocr_carea' id='block_1_105' title="bbox 1887 4375 3468 4456">
    <p class='ocr_par' dir='ltr' id='par_1_105' title="bbox 1887 4375 3468 4456">
     <span class='ocr_line' id='line_1_105' title="bbox 1887 4375 3468 4456; baseline -0.009 -11"><span class='ocrx_word' id='word_1_711' title='bbox 1887 4398 2121 4454; x_wconf 89' lang='lat' dir='ltr'><strong>sternas,</strong></span> <span class='ocrx_word' id='word_1_712' title='bbox 2165 4403 2234 4442; x_wconf 89' lang='lat' dir='ltr'><strong>ne</strong></span> <span class='ocrx_word' id='word_1_713' title='bbox 2278 4388 2325 4442; x_wconf 90' lang='lat' dir='ltr'><strong>si</strong></span> <span class='ocrx_word' id='word_1_714' title='bbox 2373 4387 2590 4456; x_wconf 91' lang='lat' dir='ltr'><strong>quidem</strong></span> <span class='ocrx_word' id='word_1_715' title='bbox 2639 4381 2901 4437; x_wconf 89' lang='lat' dir='ltr'><strong>vocabitis</strong></span> <span class='ocrx_word' id='word_1_716' title='bbox 2940 4379 3204 4448; x_wconf 91' lang='lat' dir='ltr'><strong>jejunium</strong></span> <span class='ocrx_word' id='word_1_717' title='bbox 3233 4382 3291 4431; x_wconf 91' lang='lat' dir='ltr'><strong>et</strong></span> <span class='ocrx_word' id='word_1_718' title='bbox 3323 4375 3468 4430; x_wconf 87' lang='lat' dir='ltr'><strong>diem</strong></span> 
     </span>
    </p>
   </div>
   <div class='ocr_carea' id='block_1_106' title="bbox 1889 4468 3471 4554">
    <p class='ocr_par' dir='ltr' id='par_1_106' title="bbox 1889 4468 3471 4554">
     <span class='ocr_line' id='line_1_106' title="bbox 1889 4468 3471 4554; baseline -0.011 -16"><span class='ocrx_word' id='word_1_719' title='bbox 1889 4491 2171 4554; x_wconf 90' lang='lat' dir='ltr'><strong>acceptum</strong></span> <span class='ocrx_word' id='word_1_720' title='bbox 2223 4480 2472 4535; x_wconf 91' lang='lat' dir='ltr'><strong>Domino.</strong></span> <span class='ocrx_word' id='word_1_721' title='bbox 2513 4478 2630 4534; x_wconf 86' lang='lat' dir='ltr'><strong>Non</strong></span> <span class='ocrx_word' id='word_1_722' title='bbox 2677 4476 2831 4531; x_wconf 87' lang='lat' dir='ltr'><strong>istius</strong></span> <span class='ocrx_word' id='word_1_723' title='bbox 2868 4471 3012 4527; x_wconf 91' lang='lat' dir='ltr'><strong>modi</strong></span> <span class='ocrx_word' id='word_1_724' title='bbox 3056 4468 3322 4540; x_wconf 90' lang='lat' dir='ltr'><strong>jejunium</strong></span> <span class='ocrx_word' id='word_1_725' title='bbox 3367 4481 3471 4539; x_wconf 87' lang='lat' dir='ltr'><strong>ego</strong></span> 
     </span>
    </p>
   </div>
   <div class='ocr_carea' id='block_1_107' title="bbox 1887 4556 3466 4644">
    <p class='ocr_par' dir='ltr' id='par_1_107' title="bbox 1887 4556 3466 4644">
     <span class='ocr_line' id='line_1_107' title="bbox 1887 4556 3466 4644; baseline -0.011 -17"><span class='ocrx_word' id='word_1_726' title='bbox 1887 4573 2039 4644; x_wconf 87' lang='lat' dir='ltr'><strong>elegi,</strong></span> <span class='ocrx_word' id='word_1_727' title='bbox 2081 4571 2209 4626; x_wconf 89' lang='lat' dir='ltr'><strong>dicit</strong></span> <span class='ocrx_word' id='word_1_728' title='bbox 2246 4570 2506 4625; x_wconf 90' lang='lat' dir='ltr'><strong>Dominus</strong></span> <span class='ocrx_word' id='word_1_729' title='bbox 2547 4586 2559 4622; x_wconf 92' lang='lat'>:</span> <span class='ocrx_word' id='word_1_730' title='bbox 2603 4565 2695 4621; x_wconf 89' lang='lat' dir='ltr'><strong>sed</strong></span> <span class='ocrx_word' id='word_1_731' title='bbox 2738 4563 2883 4618; x_wconf 90' lang='lat' dir='ltr'><strong>solve</strong></span> <span class='ocrx_word' id='word_1_732' title='bbox 2923 4575 3137 4616; x_wconf 91' lang='lat' dir='ltr'><strong>omnem</strong></span> <span class='ocrx_word' id='word_1_733' title='bbox 3171 4556 3466 4629; x_wconf 88' lang='lat' dir='ltr'><strong>colligatio-</strong></span> 
     </span>
    </p>
   </div>
   <div class='ocr_carea' id='block_1_108' title="bbox 1889 4651 3471 4734">
    <p class='ocr_par' dir='ltr' id='par_1_108' title="bbox 1889 4651 3471 4734">
     <span class='ocr_line' id='line_1_108' title="bbox 1889 4651 3471 4734; baseline -0.01 -15"><span class='ocrx_word' id='word_1_734' title='bbox 1889 4679 2013 4720; x_wconf 90' lang='lat' dir='ltr'><strong>nem</strong></span> <span class='ocrx_word' id='word_1_735' title='bbox 2039 4662 2360 4734; x_wconf 90' lang='lat' dir='ltr'><strong>iniquitatis,</strong></span> <span class='ocrx_word' id='word_1_736' title='bbox 2395 4661 2540 4716; x_wconf 88' lang='lat' dir='ltr'><strong>solve</strong></span> <span class='ocrx_word' id='word_1_737' title='bbox 2572 4655 2929 4726; x_wconf 89' lang='lat' dir='ltr'><strong>obligationes</strong></span> <span class='ocrx_word' id='word_1_738' title='bbox 2953 4651 3309 4707; x_wconf 90' lang='lat' dir='ltr'><strong>violentorum</strong></span> <span class='ocrx_word' id='word_1_739' title='bbox 3339 4663 3471 4704; x_wconf 89' lang='lat' dir='ltr'><strong>con-</strong></span> 
     </span>
    </p>
   </div>
   <div class='ocr_carea' id='block_1_109' title="bbox 1890 4745 3468 4820">
    <p class='ocr_par' dir='ltr' id='par_1_109' title="bbox 1890 4745 3468 4820">
     <span class='ocr_line' id='line_1_109' title="bbox 1890 4745 3468 4820; baseline -0.008 -10"><span class='ocrx_word' id='word_1_740' title='bbox 1890 4763 2182 4820; x_wconf 88' lang='lat' dir='ltr'><strong>tractuum,</strong></span> <span class='ocrx_word' id='word_1_741' title='bbox 2219 4753 2402 4808; x_wconf 89' lang='lat' dir='ltr'><strong>emitte</strong></span> <span class='ocrx_word' id='word_1_742' title='bbox 2425 4749 2730 4804; x_wconf 71' lang='lat' dir='ltr'><strong>contractos</strong></span> <span class='ocrx_word' id='word_1_743' title='bbox 2757 4748 2811 4800; x_wconf 93' lang='lat' dir='ltr'><strong>in</strong></span> <span class='ocrx_word' id='word_1_744' title='bbox 2840 4745 3156 4800; x_wconf 91' lang='lat' dir='ltr'><strong>remissione</strong></span> <span class='ocrx_word' id='word_1_745' title='bbox 3178 4752 3232 4798; x_wconf 91' lang='lat' dir='ltr'><strong>et</strong></span> <span class='ocrx_word' id='word_1_746' title='bbox 3250 4754 3468 4798; x_wconf 87' lang='lat' dir='ltr'><strong>omnem</strong></span> 
     </span>
    </p>
   </div>
   <div class='ocr_carea' id='block_1_110' title="bbox 1889 4833 3469 4918">
    <p class='ocr_par' dir='ltr' id='par_1_110' title="bbox 1889 4833 3469 4918">
     <span class='ocr_line' id='line_1_110' title="bbox 1889 4833 3469 4918; baseline -0.01 -17"><span class='ocrx_word' id='word_1_747' title='bbox 1889 4847 2251 4918; x_wconf 88' lang='lat' dir='ltr'><strong>syngrapham</strong></span> <span class='ocrx_word' id='word_1_748' title='bbox 2277 4843 2514 4910; x_wconf 89' lang='lat' dir='ltr'><strong>iniquam</strong></span> <span class='ocrx_word' id='word_1_749' title='bbox 2553 4840 2828 4908; x_wconf 89' lang='lat' dir='ltr'><strong>discerpe;</strong></span> <span class='ocrx_word' id='word_1_750' title='bbox 2866 4837 3054 4908; x_wconf 88' lang='lat' dir='ltr'><strong>frange</strong></span> <span class='ocrx_word' id='word_1_751' title='bbox 3080 4833 3342 4891; x_wconf 89' lang='lat' dir='ltr'><strong>esurienti</strong></span> <span class='ocrx_word' id='word_1_752' title='bbox 3369 4845 3469 4903; x_wconf 89' lang='lat' dir='ltr'><strong>pa-</strong></span> 
     </span>
    </p>
   </div>
   <div class='ocr_carea' id='block_1_111' title="bbox 1887 4929 3464 5004">
    <p class='ocr_par' dir='ltr' id='par_1_111' title="bbox 1887 4929 3464 5004">
     <span class='ocr_line' id='line_1_111' title="bbox 1887 4929 3464 5004; baseline -0.007 -11"><span class='ocrx_word' id='word_1_753' title='bbox 1887 4953 2011 4993; x_wconf 90' lang='lat' dir='ltr'><strong>nem</strong></span> <span class='ocrx_word' id='word_1_754' title='bbox 2047 4945 2218 5002; x_wconf 91' lang='lat' dir='ltr'><strong>tuum,</strong></span> <span class='ocrx_word' id='word_1_755' title='bbox 2247 4943 2303 4988; x_wconf 89' lang='lat' dir='ltr'><strong>et</strong></span> <span class='ocrx_word' id='word_1_756' title='bbox 2327 4948 2524 5004; x_wconf 88' lang='lat' dir='ltr'><strong>egenos</strong></span> <span class='ocrx_word' id='word_1_757' title='bbox 2563 4947 2726 5002; x_wconf 89' lang='lat' dir='ltr'><strong>vagos</strong></span> <span class='ocrx_word' id='word_1_758' title='bbox 2765 4932 2926 4986; x_wconf 92' lang='lat' dir='ltr'><strong>induc</strong></span> <span class='ocrx_word' id='word_1_759' title='bbox 2956 4931 3010 4984; x_wconf 89' lang='lat' dir='ltr'><strong>in</strong></span> <span class='ocrx_word' id='word_1_760' title='bbox 3036 4929 3252 4984; x_wconf 87' lang='lat' dir='ltr'><strong>domum</strong></span> <span class='ocrx_word' id='word_1_761' title='bbox 3293 4935 3464 4982; x_wconf 88' lang='lat' dir='ltr'><strong>tuam.</strong></span> 
     </span>
    </p>
   </div>
   <div class='ocr_carea' id='block_1_112' title="bbox 1890 5021 3468 5096">
    <p class='ocr_par' dir='ltr' id='par_1_112' title="bbox 1890 5021 3468 5096">
     <span class='ocr_line' id='line_1_112' title="bbox 1890 5021 3468 5096; baseline -0.004 -13"><span class='ocrx_word' id='word_1_762' title='bbox 1890 5027 2024 5084; x_wconf 89' lang='lat' dir='ltr'><strong>Cum</strong></span> <span class='ocrx_word' id='word_1_763' title='bbox 2061 5026 2262 5081; x_wconf 90' lang='lat' dir='ltr'><strong>videris</strong></span> <span class='ocrx_word' id='word_1_764' title='bbox 2289 5026 2509 5091; x_wconf 89' lang='lat' dir='ltr'><strong>nudum,</strong></span> <span class='ocrx_word' id='word_1_765' title='bbox 2537 5025 2686 5096; x_wconf 91' lang='lat' dir='ltr'><strong>operi</strong></span> <span class='ocrx_word' id='word_1_766' title='bbox 2723 5040 2844 5080; x_wconf 90' lang='lat' dir='ltr'><strong>eum</strong></span> <span class='ocrx_word' id='word_1_767' title='bbox 2871 5042 2884 5078; x_wconf 92' lang='lat'>:</span> <span class='ocrx_word' id='word_1_768' title='bbox 2914 5032 2969 5080; x_wconf 90' lang='lat' dir='ltr'><strong>et</strong></span> <span class='ocrx_word' id='word_1_769' title='bbox 2995 5040 3026 5080; x_wconf 90' lang='lat' dir='ltr'><strong>e</strong></span> <span class='ocrx_word' id='word_1_770' title='bbox 3049 5021 3352 5079; x_wconf 86' lang='lat' dir='ltr'><strong>vernaculis</strong></span> <span class='ocrx_word' id='word_1_771' title='bbox 3379 5036 3468 5077; x_wconf 88' lang='lat' dir='ltr'><strong>se-</strong></span> 
     </span>
    </p>
   </div>
   <div class='ocr_carea' id='block_1_113' title="bbox 1888 5119 3467 5191">
    <p class='ocr_par' dir='ltr' id='par_1_113' title="bbox 1888 5119 3467 5191">
     <span class='ocr_line' id='line_1_113' title="bbox 1888 5119 3467 5191; baseline -0.002 -17"><span class='ocrx_word' id='word_1_772' title='bbox 1888 5120 2053 5174; x_wconf 89' lang='lat' dir='ltr'><strong>minis</strong></span> <span class='ocrx_word' id='word_1_773' title='bbox 2083 5119 2178 5185; x_wconf 91' lang='lat' dir='ltr'><strong>tui,</strong></span> <span class='ocrx_word' id='word_1_774' title='bbox 2213 5134 2280 5174; x_wconf 91' lang='lat' dir='ltr'><strong>ne</strong></span> <span class='ocrx_word' id='word_1_775' title='bbox 2307 5134 2634 5189; x_wconf 88' lang='lat' dir='ltr'><strong>quemquam</strong></span> <span class='ocrx_word' id='word_1_776' title='bbox 2677 5121 3004 5191; x_wconf 79' lang='lat' dir='ltr'><strong>deSpexeris.</strong></span> <span class='ocrx_word' id='word_1_777' title='bbox 3047 5120 3197 5175; x_wconf 92' lang='lat' dir='ltr'><strong>Tunc</strong></span> <span class='ocrx_word' id='word_1_778' title='bbox 3223 5124 3467 5190; x_wconf 84' lang='lat' dir='ltr'><strong>erumpet</strong></span> 
     </span>
    </p>
   </div>
   <div class='ocr_carea' id='block_1_114' title="bbox 1887 5208 3466 5280">
    <p class='ocr_par' dir='ltr' id='par_1_114' title="bbox 1887 5208 3466 5280">
     <span class='ocr_line' id='line_1_114' title="bbox 1887 5208 3466 5280; baseline -0.001 -14"><span class='ocrx_word' id='word_1_779' title='bbox 1887 5211 2212 5266; x_wconf 87' lang='lat' dir='ltr'><strong>matutinum</strong></span> <span class='ocrx_word' id='word_1_780' title='bbox 2241 5209 2420 5264; x_wconf 90' lang='lat' dir='ltr'><strong>lumen</strong></span> <span class='ocrx_word' id='word_1_781' title='bbox 2452 5217 2636 5276; x_wconf 90' lang='lat' dir='ltr'><strong>tuum;</strong></span> <span class='ocrx_word' id='word_1_782' title='bbox 2669 5219 2722 5265; x_wconf 91' lang='lat' dir='ltr'><strong>et</strong></span> <span class='ocrx_word' id='word_1_783' title='bbox 2751 5211 3010 5266; x_wconf 90' lang='lat' dir='ltr'><strong>sanitates</strong></span> <span class='ocrx_word' id='word_1_784' title='bbox 3047 5211 3347 5280; x_wconf 90' lang='lat' dir='ltr'><strong>peccatoris</strong></span> <span class='ocrx_word' id='word_1_785' title='bbox 3389 5208 3466 5264; x_wconf 42' lang='lat' dir='ltr'><strong>cii</strong></span> 
     </span>
    </p>
   </div>
   <div class='ocr_carea' id='block_1_115' title="bbox 1887 5293 3468 5371">
    <p class='ocr_par' dir='ltr' id='par_1_115' title="bbox 1887 5293 3468 5371">
     <span class='ocr_line' id='line_1_115' title="bbox 1887 5293 3468 5371; baseline -0.001 -15"><span class='ocrx_word' id='word_1_786' title='bbox 1887 5301 1996 5356; x_wconf 89' lang='lat' dir='ltr'><strong>tius</strong></span> <span class='ocrx_word' id='word_1_787' title='bbox 2036 5302 2278 5356; x_wconf 87' lang='lat' dir='ltr'><strong>orientur</strong></span> <span class='ocrx_word' id='word_1_788' title='bbox 2308 5319 2320 5354; x_wconf 93' lang='lat'>:</span> <span class='ocrx_word' id='word_1_789' title='bbox 2352 5311 2406 5355; x_wconf 90' lang='lat' dir='ltr'><strong>et</strong></span> <span class='ocrx_word' id='word_1_790' title='bbox 2427 5303 2638 5371; x_wconf 69' lang='lat' dir='ltr'><strong>praeibit</strong></span> <span class='ocrx_word' id='word_1_791' title='bbox 2662 5311 2784 5356; x_wconf 90' lang='lat' dir='ltr'><strong>ante</strong></span> <span class='ocrx_word' id='word_1_792' title='bbox 2811 5293 2865 5355; x_wconf 83' lang='lat' dir='ltr'><strong>te</strong></span> <span class='ocrx_word' id='word_1_793' title='bbox 2885 5299 3095 5370; x_wconf 89' lang='lat' dir='ltr'><strong>justitia</strong></span> <span class='ocrx_word' id='word_1_794' title='bbox 3123 5310 3232 5368; x_wconf 88' lang='lat' dir='ltr'><strong>tua,</strong></span> <span class='ocrx_word' id='word_1_795' title='bbox 3271 5309 3325 5356; x_wconf 91' lang='lat' dir='ltr'><strong>et</strong></span> <span class='ocrx_word' id='word_1_796' title='bbox 3349 5299 3468 5370; x_wconf 89' lang='lat' dir='ltr'><strong>glo-</strong></span> 
     </span>
    </p>
   </div>
   <div class='ocr_carea' id='block_1_116' title="bbox 1887 5391 3466 5463">
    <p class='ocr_par' dir='ltr' id='par_1_116' title="bbox 1887 5391 3466 5463">
     <span class='ocr_line' id='line_1_116' title="bbox 1887 5391 3466 5463; baseline 0 -16"><span class='ocrx_word' id='word_1_797' title='bbox 1887 5393 1969 5447; x_wconf 89' lang='lat' dir='ltr'><strong>ria</strong></span> <span class='ocrx_word' id='word_1_798' title='bbox 2019 5391 2116 5446; x_wconf 90' lang='lat' dir='ltr'><strong>Dei</strong></span> <span class='ocrx_word' id='word_1_799' title='bbox 2165 5392 2550 5463; x_wconf 85' lang='lat' dir='ltr'><strong>complectetur</strong></span> <span class='ocrx_word' id='word_1_800' title='bbox 2599 5402 2670 5449; x_wconf 89' lang='lat' dir='ltr'><strong>te.</strong></span> <span class='ocrx_word' id='word_1_801' title='bbox 2717 5393 2864 5447; x_wconf 89' lang='lat' dir='ltr'><strong>Tunc</strong></span> <span class='ocrx_word' id='word_1_802' title='bbox 2900 5392 3177 5458; x_wconf 89' lang='lat' dir='ltr'><strong>clamabis,</strong></span> <span class='ocrx_word' id='word_1_803' title='bbox 3224 5400 3276 5445; x_wconf 89' lang='lat' dir='ltr'><strong>et</strong></span> <span class='ocrx_word' id='word_1_804' title='bbox 3321 5392 3466 5447; x_wconf 70' lang='lat' dir='ltr'><strong>Deus</strong></span> 
     </span>
    </p>
   </div>
   <div class='ocr_carea' id='block_1_117' title="bbox 1886 5483 3460 5556">
    <p class='ocr_par' dir='ltr' id='par_1_117' title="bbox 1886 5483 3460 5556">
     <span class='ocr_line' id='line_1_117' title="bbox 1886 5483 3460 5556; baseline -0.003 -15"><span class='ocrx_word' id='word_1_805' title='bbox 1886 5485 2138 5541; x_wconf 84' lang='lat' dir='ltr'><strong>exaudiet</strong></span> <span class='ocrx_word' id='word_1_806' title='bbox 2163 5493 2213 5540; x_wconf 91' lang='lat' dir='ltr'><strong>te</strong></span> <span class='ocrx_word' id='word_1_807' title='bbox 2243 5504 2254 5539; x_wconf 92' lang='lat'>:</span> <span class='ocrx_word' id='word_1_808' title='bbox 2289 5486 2462 5542; x_wconf 90' lang='lat' dir='ltr'><strong>adhuc</strong></span> <span class='ocrx_word' id='word_1_809' title='bbox 2493 5495 2543 5540; x_wconf 90' lang='lat' dir='ltr'><strong>te</strong></span> <span class='ocrx_word' id='word_1_810' title='bbox 2570 5487 2836 5556; x_wconf 88' lang='lat' dir='ltr'><strong>loquente,</strong></span> <span class='ocrx_word' id='word_1_811' title='bbox 2870 5485 3048 5541; x_wconf 91' lang='lat' dir='ltr'><strong>dicet:</strong></span> <span class='ocrx_word' id='word_1_812' title='bbox 3080 5487 3217 5539; x_wconf 89' lang='lat' dir='ltr'><strong>Ecce</strong></span> <span class='ocrx_word' id='word_1_813' title='bbox 3247 5483 3460 5538; x_wconf 86' lang='lat' dir='ltr'><strong>adsum.</strong></span> 
     </span>
    </p>
   </div>
   <div class='ocr_carea' id='block_1_118' title="bbox 1889 5573 3460 5647">
    <p class='ocr_par' dir='ltr' id='par_1_118' title="bbox 1889 5573 3460 5647">
     <span class='ocr_line' id='line_1_118' title="bbox 1889 5573 3460 5647; baseline -0.003 -15"><span class='ocrx_word' id='word_1_814' title='bbox 1889 5575 1946 5632; x_wconf 92' lang='lat' dir='ltr'><strong>Si</strong></span> <span class='ocrx_word' id='word_1_815' title='bbox 1972 5577 2260 5632; x_wconf 88' lang='lat' dir='ltr'><strong>abstuleris</strong></span> <span class='ocrx_word' id='word_1_816' title='bbox 2285 5593 2315 5631; x_wconf 88' lang='lat' dir='ltr'><strong>a</strong></span> <span class='ocrx_word' id='word_1_817' title='bbox 2342 5587 2394 5632; x_wconf 89' lang='lat' dir='ltr'><strong>te</strong></span> <span class='ocrx_word' id='word_1_818' title='bbox 2418 5577 2832 5647; x_wconf 85' lang='lat' dir='ltr'><strong>colligationem,</strong></span> <span class='ocrx_word' id='word_1_819' title='bbox 2867 5585 2922 5631; x_wconf 90' lang='lat' dir='ltr'><strong>et</strong></span> <span class='ocrx_word' id='word_1_820' title='bbox 2950 5591 3204 5630; x_wconf 89' lang='lat' dir='ltr'><strong>manuum</strong></span> <span class='ocrx_word' id='word_1_821' title='bbox 3234 5573 3460 5644; x_wconf 84' lang='lat' dir='ltr'><strong>compli-</strong></span> 
     </span>
    </p>
   </div>
   <div class='ocr_carea' id='block_1_119' title="bbox 1888 5665 3462 5737">
    <p class='ocr_par' dir='ltr' id='par_1_119' title="bbox 1888 5665 3462 5737">
     <span class='ocr_line' id='line_1_119' title="bbox 1888 5665 3462 5737; baseline -0.001 -16"><span class='ocrx_word' id='word_1_822' title='bbox 1888 5667 2175 5734; x_wconf 89' lang='lat' dir='ltr'><strong>cationem,</strong></span> <span class='ocrx_word' id='word_1_823' title='bbox 2207 5675 2259 5722; x_wconf 92' lang='lat' dir='ltr'><strong>et</strong></span> <span class='ocrx_word' id='word_1_824' title='bbox 2287 5667 2855 5737; x_wconf 26' lang='lat' dir='ltr'><strong>verbumsmurmuris,</strong></span> <span class='ocrx_word' id='word_1_825' title='bbox 2881 5675 2937 5722; x_wconf 94' lang='lat' dir='ltr'><strong>et</strong></span> <span class='ocrx_word' id='word_1_826' title='bbox 2965 5666 3175 5722; x_wconf 87' lang='lat' dir='ltr'><strong>dederis</strong></span> <span class='ocrx_word' id='word_1_827' title='bbox 3204 5665 3462 5720; x_wconf 84' lang='lat' dir='ltr'><strong>esurienti</strong></span> 
     </span>
    </p>
   </div>
   <div class='ocr_carea' id='block_1_120' title="bbox 1888 5757 3464 5832">
    <p class='ocr_par' dir='ltr' id='par_1_120' title="bbox 1888 5757 3464 5832">
     <span class='ocr_line' id='line_1_120' title="bbox 1888 5757 3464 5832; baseline -0.004 -16"><span class='ocrx_word' id='word_1_828' title='bbox 1888 5773 2080 5832; x_wconf 86' lang='lat' dir='ltr'><strong>panem</strong></span> <span class='ocrx_word' id='word_1_829' title='bbox 2106 5767 2258 5817; x_wconf 90' lang='lat' dir='ltr'><strong>tuum</strong></span> <span class='ocrx_word' id='word_1_830' title='bbox 2282 5773 2349 5818; x_wconf 81' lang='lat' dir='ltr'><strong>ex</strong></span> <span class='ocrx_word' id='word_1_831' title='bbox 2373 5758 2577 5831; x_wconf 88' lang='lat' dir='ltr'><strong>animo,</strong></span> <span class='ocrx_word' id='word_1_832' title='bbox 2626 5767 2680 5820; x_wconf 88' lang='lat' dir='ltr'><strong>et</strong></span> <span class='ocrx_word' id='word_1_833' title='bbox 2727 5761 2962 5819; x_wconf 82' lang='lat' dir='ltr'><strong>animam</strong></span> <span class='ocrx_word' id='word_1_834' title='bbox 2996 5757 3333 5818; x_wconf 83' lang='lat' dir='ltr'><strong>humiliatam</strong></span> <span class='ocrx_word' id='word_1_835' title='bbox 3360 5758 3464 5817; x_wconf 76' lang='lat' dir='ltr'><strong>im.</strong></span> 
     </span>
    </p>
   </div>
  </div>
