4060 6350
492 236 499 243 ⁸
555 272 691 331 tau

1118 271 1470 329 THEODORI
1505 270 1841 366 ΑΒΟΙΙΙΕΡἱ
1863 267 2217 327 CANTUAR.
2258 263 2612 324 DOCTRINA
2646 265 2741 321 DE
2772 263 3231 323 PtENITENTlA

3696 267 3850 324 1219.

554 385 789 460 pleveris
820 406 832 439 ε
868 395 994 441 tunc
1024 387 1303 441 exorietur
1330 388 1384 441 in
1412 386 1648 441 tenebris
1673 384 1856 441 lumen
1893 393 2064 450 tuum,
2088 390 2143 439 et
2168 386 2227 447 Α
2248 395 2371 435 cum
2412 380 2583 435 fratre
2622 394 2740 435 suo.
2785 379 3017 435 Viduam
3055 389 3114 435 et
3147 378 3410 450 pupillum
3430 419 3445 444 ,
3486 381 3846 453 peregrinum

556 479 794 535 tenebrae
822 485 927 533 tua:
948 487 1009 533 ut
1031 479 1302 533 meridies.
1339 498 1357 530 ι
1391 476 1619 533 Sanctus
1638 475 1884 533 Justinus
1904 474 2145 547 loquitur

556 571 624 625 de
647 570 964 641 paenitentia
984 586 1102 640 quae
1128 568 1194 623 ad
1220 568 1593 625 remissionem
1621 569 2063 642 gravissimorum
2091 576 2149 624 et

556 662 894 734 publicorum
927 662 1212 718 criminum
1242 662 1681 732 penituS‘suillcit
1717 681 1729 717 :
1768 672 2007 719 attamen
2037 648 2145 718 non

557 753 650 808 illa
672 763 757 810 est
787 753 1101 827 paenitentia
1125 752 1339 823 qualem
1380 753 1429 810 J.
1481 750 1719 809 Morinus
1759 752 2040 820 describit,
2092 760 2147 809 et

556 862 718 916 quam
742 846 923 917 plures
949 846 1051 900 viri
1082 844 1229 901 docti
1270 845 1525 902 dixerunt
1552 846 1619 901 ab
1651 842 1988 901 incunabulis
2039 842 2145 899 Ec-

557 935 737 992 clesiae
788 935 1135 991 constitutam
1195 950 1315 991 esse
1366 934 1422 989 in
1478 926 1856 991 aillictionibus
1900 932 2146 1005 corporis

557 1026 857 1083 manifestis
884 1044 947 1082 ac
968 1024 1256 1082 diuturnis.
1281 1020 1466 1096 Itaque
1490 1036 1708 1081 sanctus
1734 1020 1978 1081 Justinus
2004 1025 2146 1082 hanc

553 1119 933 1190 paenitentiam
972 1114 1040 1173 ad
1069 1117 1442 1173 remissionem
1481 1116 1922 1188 gravissimorum
1970 1122 2023 1170 et
2048 1131 2148 1185 pu-

555 1207 825 1265 blicorum
855 1210 1147 1266 criminum
1183 1224 1291 1265 non
1330 1208 1574 1265 absolute
1614 1207 1978 1264 necessariam
2023 1221 2144 1262 esse

551 1296 834 1379 iudicavit.

628 1394 963 1471 Theophilus
1012 1396 1382 1454 Antiochenus
1433 1394 1499 1451 ad
1536 1388 1869 1461 Autolicum,
1919 1394 2014 1450 lib.
2049 1412 2139 1452 m:

561 1511 581 1545 ι
615 1491 883 1549 Caeterum
919 1488 1086 1545 Isaias
1113 1488 1377 1560 propheta
1415 1488 1774 1543 communiter
1799 1490 2011 1552 omnes,
2044 1484 2147 1542 im-

554 1582 748 1656 primis
775 1582 955 1638 tamen
986 1568 1224 1647 Judzcos,
1250 1574 1556 1650 compellat,
1585 1586 1645 1632 ut
1671 1578 1737 1634 ad
1766 1578 2145 1650 paenitentiam

556 1672 844 1731 convolent
864 1715 881 1740 ,
914 1673 1138 1729 dicens:
1169 1668 1403 1737 'Qurrrite
1432 1668 1751 1737 Dominum,
1797 1670 2012 1742 quando
2056 1670 2145 1728 ille

2243 478 2299 527 ‘et
2327 484 2617 542 pauperem
2655 469 2821 525 nolite
2862 469 3184 526 calumniari
3224 489 3237 525 :
3276 485 3452 541 neque
3482 471 3749 542 cogitetis
3793 472 3849 528 in

2243 566 2408 622 corde
2433 572 2618 619 vestro
2638 562 3013 635 unusquisque
3037 563 3238 618 malum
3263 561 3447 618 fratris
3482 563 3587 619 sui.
3631 584 3653 617 ι
3705 563 3853 619 San-

2243 656 2365 714 ctus
2392 654 2726 727 Theophilus
2767 656 3016 728 pluribus
3050 654 3461 726 Scripturarum
3506 656 3852 714 testimoniis

2244 742 2299 802 et
2336 732 2667 816 praecipuis,
2719 760 2906 801 veram
2954 744 3218 801 describit
3264 744 3682 817 paenitentiam,
3729 762 3853 817 qua

2244 836 2312 891 ad
2341 836 2715 891 remissionem
2737 834 3079 907 publicorum
3107 836 3161 890 et
3177 834 3620 906 gravissimorum
3653 838 3851 892 crimi-

2245 942 2375 981 num
2404 927 2628 983 omnino
2662 924 2897 982 sullicit:
2929 938 3162 996 cumque
3203 934 3329 981 non
3352 942 3416 982 ea
3459 928 3531 982 sit
3568 928 3853 997 paeniten-

2246 1018 2322 1073 tia
2364 1033 2525 1089 quam
2567 1018 2753 1089 plures
2788 1017 3043 1072 dixerunt
3081 1017 3151 1073 ab
3197 1018 3538 1074 incunabulis
3581 1018 3852 1075 Ecclesia:

2245 1111 2595 1167 constitutam
2630 1125 2753 1165 esse
2783 1109 2837 1164 in
2874 1106 3256 1166 afﬂictionibus
3290 1116 3347 1165 et
3384 1110 3848 1167 macerationibus

2245 1204 2487 1274 corporis
2536 1203 2841 1258 manifestis
2894 1217 2957 1257 ac
2999 1196 3305 1267 diuturnis,
3336 1210 3549 1258 certum
3590 1213 3687 1259 est
3732 1220 3851 1258 san-

2245 1303 2392 1351 ctum
2422 1292 2816 1366 Theophilum,
2869 1292 2936 1349 ad
2979 1295 3355 1352 remissionem
3399 1295 3758 1366 publicorum
3801 1296 3850 1352 et

2246 1387 2693 1460 gravissimorum
2740 1385 3031 1442 criminum
3060 1402 3172 1443 non
3199 1387 3446 1444 absolute
3477 1391 3848 1446 necessariam

2242 1480 2517 1553 judicasse
2544 1480 2687 1538 hanc
2716 1480 3113 1552 paenitentiam.

2318 1574 2577 1640 irenaeus,
2604 1574 2698 1630 lib.
2726 1591 2779 1629 tv
2807 1574 3068 1629 adversus
3097 1573 3356 1641 haereses,
3396 1589 3519 1645 cap.
3544 1570 3615 1630 32
3643 1594 3659 1629 :
3691 1595 3712 1629 ι
3745 1574 3847 1632 Sed

2252 1665 2519 1721 miserans
2556 1681 2744 1721 eorum
2783 1664 3038 1731 caicitati,
3070 1671 3127 1721 et
3165 1679 3356 1721 verum
3395 1664 3731 1724 sacrificium
3768 1668 3846 1723 in-

549 1766 782 1822 inveniri
809 1773 976 1837 potest
1000 1776 1019 1818 :
1041 1764 1278 1819 invocate
1307 1780 1447 1829 eum,
1485 1762 1703 1834 quando
1735 1758 1822 1818 ille
1850 1781 2011 1835 prope
2047 1771 2145 1818 est.
2180 1754 2229 1817 Β
2253 1757 2509 1827 sinuans,
2552 1758 2696 1829 quod
2740 1756 3033 1813 offerentes
3078 1758 3519 1829 propitiabuntur
3557 1760 3751 1827 Deum,
3784 1767 3843 1814 ut

555 1854 896 1928 Derelinquat
925 1854 1118 1928 impius
1144 1852 1281 1909 viam
1310 1871 1482 1919 suam,
1514 1862 1562 1908 et
1593 1854 1672 1908 vir
1700 1854 1910 1925 iniquus
1941 1854 2144 1924 cogita—

554 1949 723 2004 tiones
752 1966 899 2015 suas,
930 1957 977 2003 et
1007 1956 1296 2002 revertatur
1320 1946 1389 2001 ad
1410 1944 1715 2011 Dominum,
1744 1954 1791 1999 et
1818 1946 2147 2001 miserebitur

555 2039 704 2111 ejus,
737 2050 785 2095 et
821 2040 890 2094 ad
936 2034 1100 2094 Deum
1137 2047 1411 2104 nostrum,
1462 2037 1717 2107 quoniam
1765 2037 2059 2093 abundabit
2089 2046 2149 2094 ut

557 2120 820 2188 remittat.
852 2130 1002 2186 Alius
1027 2136 1291 2201 prmterea
1320 2130 1606 2199 propheta,
1633 2124 1905 2196 Ezechiel,
1934 2130 2141 2199 inquit:

557 2221 712 2291 Quod
748 2222 795 2277 si
824 2218 1022 2290 impius
1058 2235 1282 2276 aversus
1325 2214 1489 2273 fuerit
1528 2218 1595 2273 ab
1623 2217 1876 2274 omnibus
1904 2220 2147 2289 peccatis

556 2315 670 2370 suis
699 2328 818 2384 quae
861 2308 1010 2377 fecit,
1060 2320 1116 2366 et
1158 2310 1478 2367 custodierit
1520 2306 1703 2366 omnia
1748 2317 1953 2366 statuta
2001 2327 2142 2379 mea,

557 2407 853 2477 feceritque
886 2404 1155 2477 judicium
1203 2414 1259 2460 et
1291 2402 1593 2475 justitiam,
1641 2405 1871 2460 vivendo
1901 2405 2048 2459 vivet
2091 2414 2147 2461 et

558 2513 671 2552 non
712 2490 996 2554 morietur.
1060 2495 1262 2553 Omnes
1310 2496 1625 2567 iniquitates
1672 2496 1789 2568 ejus
1833 2514 1971 2568 quas
2019 2497 2149 2553 fecit

557 2603 663 2648 non
705 2580 923 2643 venient
960 2587 1015 2642 in
1057 2586 1491 2644 recordationem
1530 2580 1668 2658 ejus,
1711 2588 1805 2644 sed
1847 2589 1901 2643 in
1935 2588 2147 2661 justitia

553 2694 652 2738 sua
690 2697 859 2753 quam
890 2679 1053 2748 fecit,
1082 2681 1250 2736 vivet.
1296 2680 1551 2751 Nunquid
1596 2683 1847 2740 desidero
1888 2692 1983 2738 aut
2025 2683 2148 2740 volo

553 2779 784 2828 mortem
821 2770 996 2843 impii,
1036 2770 1169 2828 dicit
1203 2773 1464 2830 Dominus
1499 2774 1678 2830 Deus?
1719 2791 1786 2829 an
1826 2791 1935 2830 non
1975 2776 2149 2847 magis

561 2869 623 2916 ut
655 2868 938 2916 conveth
972 2876 1032 2917 se
1070 2877 1102 2916 a
1127 2863 1234 2919 viis
1276 2864 1389 2919 suis
1427 2871 1482 2919 et
1515 2865 1697 2919 vivat?
1735 2864 1906 2920 Isaias
1951 2865 2149 2921 iterum

555 2950 732 3020 inquit
784 2950 1167 3020 pcenitentiam
1221 2953 1548 3009 inculcans:
1602 2954 1998 3011 Convertimini
2054 2955 2149 3026 qui

558 3042 883 3110 profundum
928 3043 1214 3121 consilium
1257 3047 1405 3105 initis
1449 3055 1506 3102 et
1551 3048 1821 3118 iniquum,
1871 3057 1934 3103 ut
1973 3049 2150 3104 salve-

2252 1850 2321 1904 ab
2353 1865 2418 1905 eo
2458 1848 2626 1905 vitam
2671 1847 2994 1919 percipiant.
3043 1844 3511 1916 Quemadmodum
3559 1850 3690 1907 alibi
3732 1850 3840 1906 ait:

2252 1937 2591 1996 Sacriﬁcium
2616 1938 2728 1996 Deo
2761 1954 2857 1995 cor
2891 1927 3353 2006 contribulatum;
3398 1940 3530 1996 odor
3551 1940 3842 1997 suavitatis

2252 2038 2364 2093 Deo
2399 2050 2494 2089 cor
2528 2031 2836 2089 clariﬁcans
2864 2045 2991 2087 eum
3028 2030 3120 2100 qui
3149 2031 3450 2102 plasmavit,
3487 2042 3586 2090 etc.
3634 2028 3706 2088 Et
3726 2033 3839 2088 lac

2250 2129 2468 2186 charias
2515 2134 2696 2180 autem
2747 2124 2804 2179 in
2850 2120 3132 2179 duodecim
3182 2123 3463 2194 prophetis,
3509 2123 3831 2196 significans

2250 2222 2330 2276 eis
2362 2217 2698 2272 voluntatem
2727 2213 2846 2280 Dei,
2873 2214 2949 2268 ait
2978 2233 2991 2268 :
3032 2212 3159 2269 Haec
3200 2213 3335 2269 dicit
3357 2204 3599 2270 Dominus
3640 2216 3829 2270 omni-

2248 2320 2462 2384 potens.
2484 2306 2752 2363 Judicium
2769 2298 2975 2375 justum
2997 2305 3263 2375 iudicate,
3280 2307 3531 2377 pietatem
3552 2313 3607 2361 et
3621 2306 3846 2361 miseri-

2250 2398 2494 2456 cordiam
2534 2396 2700 2451 facite
2742 2396 3116 2466 unusquisque
3158 2395 3227 2450 ad
3261 2394 3482 2451 fratrem
3525 2410 3708 2451 suum.
3754 2394 3848 2451 Vi-

2249 2491 2412 2546 duam
2437 2498 2493 2544 et
2519 2489 2823 2558 orphanum
2849 2497 2903 2543 et
2924 2487 3259 2559 proselytum
3281 2495 3338 2542 et
3358 2498 3652 2557 pauperem
3678 2487 3850 2544 nolite

2250 2579 2582 2651 opprimere,
2619 2584 2675 2633 et
2707 2578 3078 2648 unusquisque
3113 2577 3375 2633 malitiam
3406 2577 3595 2634 fratris
3621 2594 3711 2634 sui
3739 2594 3846 2634 non

2252 2670 2513 2742 recogitet
2560 2669 2614 2724 in
2661 2669 2827 2725 corde
2874 2682 2996 2734 suo,
3052 2676 3111 2724 et
3148 2667 3483 2737 jurationem
3531 2669 3737 2724 falsam
3782 2682 3850 2724 ne

2252 2762 2573 2819 dilexeritis.
2605 2761 2875 2830 Quoniam
2908 2762 3025 2817 haec
3067 2762 3251 2818 omnia
3279 2762 3389 2826 odi,
3424 2762 3561 2819 dicit
3587 2762 3853 2819 Dominus

2252 2854 2615 2925 omnipotens.
2660 2854 2727 2909 Et
2771 2852 2945 2908 David
3000 2861 3180 2909 autem
3232 2853 3531 2910 similiter:
3564 2854 3708 2922 Quis
3751 2863 3849 2920 est,

2253 2947 2457 3017 inquit,
2508 2946 2672 3003 homo
2711 2947 2803 3018 qui
2836 2945 2953 3001 vult
2993 2946 3190 3013 vitam,
3229 2954 3285 3002 et
3328 2954 3479 3002 amat
3518 2946 3713 3002 videre
3743 2949 3853 3003 dies

2252 3038 2458 3094 bonos?
2495 3036 2699 3094 Cohibe
2744 3036 2983 3110 linguam
3031 3044 3180 3092 tuam
3226 3052 3258 3092 a
3287 3037 3450 3104 malo,
3488 3044 3545 3094 et
3578 3036 3729 3095 labia
3764 3046 3849 3093 tua

555 3133 710 3189 mini.
744 3131 1008 3191 Similiter
1028 3132 1294 3192 Jeremias
1317 3152 1334 3191 :
1355 3137 1744 3195 Convertimini
1770 3140 1838 3194 ad
1860 3139 2144 3196 Dominum

2252 3144 2321 3185 ne
2357 3129 2644 3200 loquantur
2669 3129 2870 3185 dolum.
2913 3122 3132 3185 Declina
3163 3145 3193 3186 a
3222 3131 3366 3187 malo
3396 3136 3450 3186 et
3484 3130 3575 3186 fac
3615 3133 3847 3197 bonum;

556 3227 727 3281 Deum
759 3233 1023 3292 vestrum,
1051 3229 1506 3297 quemadmodum
1536 3231 1875 3289 vindemians
1901 3234 1981 3289 ad
2020 3251 2145 3290 car-

557 3316 773 3383 tallum,
819 3325 876 3374 et
923 3319 1359 3377 misericordiam
1407 3324 1838 3395 wnsequemini.
1906 3325 2148 3383 Plurima

558 3418 685 3465 sunt
729 3416 789 3464 et
831 3424 1120 3467 numerum
1172 3411 1289 3467 fere
1334 3429 1552 3470 omnem
1598 3416 1889 3484 excedunt,
1933 3434 2053 3489 qua:
2092 3419 2151 3474 in

559 3494 844 3569 Scriptura
882 3515 1041 3558 sacra
1083 3503 1150 3558 de
1173 3505 1495 3575 paenitentia
1539 3508 1748 3577 agenda
1792 3512 2148 3581 comprehen-

558 3589 783 3658 duntur,
824 3600 936 3651 etc.
1001 3594 1297 3667 Utriusque
1340 3597 1675 3654 Testamenti
1724 3601 1996 3668 ministri,
2039 3618 2149 3659 uno

559 3683 859 3755 eodemque
896 3680 1104 3756 Spiritu
1145 3688 1395 3761 inspirati
1442 3690 1611 3747 locuti
1654 3702 1802 3749 sunt.
1858 3694 2029 3752 Isaias
2068 3696 2149 3753 sic

559 3773 758 3831 clamat
792 3790 810 3831 :
841 3774 1068 3834 Auferte
1114 3780 1383 3836 malitiam
1427 3791 1721 3841 conatuum
1764 3795 2071 3843 vestrorum
2116 3803 2149 3843 a

555 3880 850 3941 conspectu
886 3873 1170 3930 oculorum
1210 3890 1481 3944 meorum,
1520 3887 1732 3935 cessate
1796 3880 2147 3949 malefacere,

559 3961 751 4019 discite
791 3963 1115 4021 benefacere
1142 4006 1160 4035 ,
1199 3969 1429 4037 quaerite
1466 3970 1771 4041 judicium,
1813 3971 2018 4028 salvete
2051 3988 2149 4044 op-

560 4056 827 4123 pressum,
865 4056 1010 4128 agite
1052 4058 1107 4113 in
1134 4058 1340 4128 judicio
1383 4077 1605 4118 causam
1641 4063 1830 4135 pupilli
1867 4074 1924 4121 et
1949 4066 2143 4122 viduae.

558 4143 705 4201 idem
735 4143 863 4203 alibi
890 4145 1053 4204 dicit:
1082 4148 1337 4217 Dissolve,
1355 4153 1551 4224 impias
1577 4150 1977 4226 colligationes,
1999 4158 2148 4215 solve

561 4232 845 4294 fasciculos
880 4253 1161 4307 onerosos,
1217 4242 1430 4300 dimitte
1478 4246 1785 4307 confractos
1829 4248 2054 4318 liberos,
2091 4260 2149 4308 et

559 4335 622 4389 ut
642 4326 969 4399 dirumpatis
994 4348 1156 4389 omne
1186 4349 1342 4392 onus.
1373 4336 1626 4411 Nunquid
1654 4350 1713 4397 ut
1733 4343 1991 4413 partiaris
2017 4359 2145 4401 esu-

562 4418 719 4475 rienti
747 4436 944 4492 panem
975 4433 1149 4491 tuum,
1176 4437 1231 4483 et
1258 4445 1527 4502 pauperes
1555 4450 1722 4506 vagos
1749 4436 2062 4496 introducas
2087 4441 2142 4497 in

561 4508 817 4568 domum?
851 4514 909 4569 Si
944 4516 1145 4574 videris
1183 4522 1410 4588 nudum,
1440 4526 1655 4593 operies
1683 4541 1831 4592 eum,
1862 4538 1918 4584 et
1955 4547 1986 4585 a
2016 4548 2142 4602 pro-

560 4603 762 4675 pinquo
781 4614 877 4664 tuo
902 4617 958 4666 te
982 4626 1090 4666 non
1119 4612 1439 4671 abscondes.
1469 4616 1621 4673 Tunc
1647 4618 1958 4687 proferetur
1983 4628 2139 4695 quasi

560 4709 757 4753 aurora
803 4697 899 4753 lux
944 4707 1073 4766 tua,
1119 4710 1177 4758 et
1218 4704 1427 4759 sanitas
1472 4712 1561 4766 tua
1605 4705 1865 4765 velociter
1909 4724 2135 4781 crescet,

559 4795 613 4842 et
640 4789 740 4846 ibit
769 4799 897 4848 ante
925 4800 979 4849 te
1001 4793 1214 4864 justitia
1244 4808 1355 4851 tua.
1400 4797 1498 4853 liis
1526 4799 1846 4871 astipulatur
1873 4801 2138 4865 Jeremias'

560 4878 743 4938 dicens
772 4898 788 4937 :
818 4882 974 4941 State
1004 4884 1161 4955 juxta
1189 4888 1328 4955 vias,
1359 4895 1416 4943 et
1445 4888 1865 4963 circumspicite,
1897 4896 2137 4955 interro-

560 4980 683 5043 gate
716 4975 784 5030 de
826 4977 1037 5033 semitis
1066 4979 1325 5050 antiquis,
1360 4989 1417 5036 et
1444 4996 1563 5051 quae
1605 4984 1693 5039 via
1734 4987 1927 5044 πιοῦσι·
1954 4988 2142 5060 fuerit,

560 5075 618 5117 in
637 5076 702 5117 ea
729 5065 1038 5123 ambulate:
1064 5076 1125 5125 ut
1149 5070 1439 5127 inveniatis
1465 5074 1705 5142 requiem
1730 5092 1832 5147 pro
1856 5081 2141 5140 animabus

563 5153 756 5208 vestris
784 5172 799 5208 :
822 5153 1089 5223 judicium
1107 5160 1317 5231 justum
1340 5162 1613 5233 judicate;
1655 5167 1783 5237 quia
1812 5168 1870 5223 in
1891 5170 1979 5228 his
2005 5187 2137 5230 con-

559 5244 704 5301 sistit
746 5244 999 5306 voluntas
1043 5251 1259 5309 Domini
1301 5253 1400 5312 Dei
1442 5259 1631 5314 vestri.
1680 5259 1819 5318 Huic
1867 5267 2141 5323 consentit

558 5338 766 5406 Moses,
822 5341 917 5410 qui
955 5343 1073 5400 ait:
1112 5345 1390 5404 Custodite
1419 5348 1719 5420 judicium,
1760 5362 1816 5410 et
1851 5360 2139 5428 appropin-

558 5438 721 5500 quate
765 5431 834 5486 ad
875 5431 1163 5490 Dominum
1206 5437 1375 5494 Deum
1423 5449 1699 5508 vestrum,
1750 5446 1843 5515 qui
1898 5448 2138 5507 ﬁrmavit

558 5523 757 5581 ct‘elum
800 5534 859 5582 et
898 5528 1140 5585 condidit
1186 5538 1407 5588 terram.
1460 5535 1546 5590 Ab
1599 5536 1686 5594 his
1730 5555 1839 5597 non
1886 5543 2135 5601 dissentit

559 5612 871 5684 Zacharias,
919 5619 1125 5676 dicens.
1173 5619 1421 5678 Judicate
1459 5624 1723 5692 judicium
1769 5633 2029 5697 veritatis,
2081 5646 2137 5693 et

560 5701 718 5765 facite
767 5709 1023 5780 pietatem
1078 5720 1241 5784 atque
1289 5714 1719 5775 misericordiam
1764 5730 2131 5799 unusquisque

2250 3222 2467 3291 inquire
2507 3234 2718 3292 pacem,
2762 3228 2818 3276 et
2859 3234 3087 3291 sequere
3127 3236 3271 3277 eam.
3312 3241 3332 3275 ι
3365 3221 3506 3278 Aliis
3536 3218 3845 3293 Scriptura-

2249 3324 2371 3369 rum
2421 3314 2747 3370 testimoniis
2799 3321 3020 3370 sauctus
3073 3310 3311 3370 lrenaaus
3359 3314 3629 3371 describit
3670 3314 3842 3386 perfe-

2248 3412 2392 3461 ctam
2433 3419 2532 3475 pro
2570 3404 2893 3461 criminibus
2928 3406 3043 3461 sive
3077 3404 3309 3477 publicis
3349 3407 3464 3462 sive
3503 3406 3850 3480 gravissimis

2248 3496 2658 3566 paenitentiam,
2701 3512 2821 3566 qua:
2858 3506 3039 3552 tamen
3076 3513 3184 3553 non
3221 3498 3473 3555 consistit
3510 3500 3564 3554 io
3601 3499 3851 3557 afflictio-

2248 3585 2409 3643 nibus
2438 3595 2493 3642 et
2530 3583 2991 3643 macerationihus
3019 3589 3265 3661 corporis
3291 3588 3599 3646 manifestis
3628 3605 3695 3647 ac
3732 3590 3855 3649 diu-

2252 3680 2448 3735 turnis.

2320 3792 2572 3849 Clemens
2597 3793 2994 3852 Alexandrinus
3033 3795 3090 3851 in
3132 3796 3277 3853 libro
3312 3813 3476 3868 quem
3522 3800 3854 3874 inscripsit:

2251 3880 2508 3952 Quisnam
2536 3886 2681 3942 dives
2716 3886 2940 3944 salutem
2970 3890 3215 3962 consequi
3242 3891 3429 3962 possit,
3458 3895 3856 3963 paenitentiam

2240 3978 2454 4050 juvenis
2473 4021 2487 4045 ,
2540 3980 2635 4052 qui
2662 3980 2909 4039 instituto
2936 3981 3209 4040 latronum
3238 3984 3486 4057 collegio,
3518 3988 3639 4059 ipse
3658 4005 3858 4059 prom-

2246 4079 2342 4141 pto
2388 4070 2569 4126 animo
2616 4074 2725 4128 dux
2763 4091 2949 4131 eorum
2989 4074 3236 4145 effectus,
3281 4079 3559 4147 violentia,
3602 4084 3861 4141 aedibus

2246 4171 2410 4235 atque
2440 4164 2729 4221 atrocitate
2758 4175 2986 4224 cunctos
3013 4169 3325 4240 superabat,
3361 4171 3439 4227 sic
3476 4172 3645 4229 refert
3672 4192 3690 4227 :
3735 4196 3757 4228 ι
3792 4177 3858 4232 Et

2246 4257 2599 4313 accedentem
2660 4274 2876 4327 senem,
2934 4256 2992 4317 id
3042 4269 3127 4317 est
3174 4256 3438 4319 Joannem
3496 4267 3859 4335 apostolum,

2246 4351 2581 4422 complexus,
2629 4353 2835 4425 gemitu
2884 4369 2949 4409 ac
2990 4353 3243 4412 lamentis
3286 4365 3550 4427 quantum
3599 4362 3865 4418 maxime

2243 4452 2485 4515 poterat,
2524 4446 2740 4501 veniam
2781 4448 3037 4519 rogabat,
3081 4456 3138 4506 et
3178 4449 3434 4523 lacrymis
3466 4453 3623 4524 quasi
3660 4455 3862 4512 altero

2244 4540 2479 4609 quodam
2505 4540 2778 4611 baptismo
2801 4543 3147 4615 expiabatur,
3178 4544 3349 4601 solam
3376 4544 3626 4602 dextram
3652 4551 3863 4608 occul-

2241 4641 2387 4689 tans.
2429 4634 2567 4690 Tum
2609 4636 2886 4707 apostolus
2929 4638 3201 4710 spondens
3244 4655 3311 4697 ac
3350 4639 3603 4710 dejerans
3635 4658 3707 4699 se
3754 4662 3860 4702 ve-

2241 4727 2389 4782 niam
2429 4728 2531 4799 ipsi
2566 4744 2597 4784 a
2626 4730 2918 4787 Servatore
2955 4733 3350 4804 impetravisse,
3378 4751 3652 4808 oransque
3684 4754 3764 4797 ac
3799 4742 3861 4797 in

2241 4832 2415 4888 genua
2437 4821 2775 4890 provolutus,
2797 4831 2854 4880 et
2880 4823 3130 4880 dextram
3160 4826 3337 4898 ipsam
3350 4826 3593 4899 juvenis,
3623 4841 3693 4887 ut
3717 4844 3861 4904 pote

2239 4911 2563 4980 poenitentia
2602 4924 2952 4987 expurgan
2992 4917 3333 4987 deosculans,
3362 4922 3539 4993 ipsum
3576 4925 3633 4980 in
3658 4929 3863 4985 eccle-

2241 4999 2381 5057 siam
2432 5003 2665 5059 reduxit.
2737 5005 2947 5063 Exinde
2988 5010 3189 5079 partim
3234 5012 3443 5069 crebris
3490 5017 3860 5078 orationibus

2242 5087 2413 5145 Deum
2455 5092 2773 5164 deprecans,
2814 5098 3019 5168 partim
3057 5100 3391 5160 continuatis
3434 5120 3542 5162 uua
3586 5122 3723 5165 cum
3756 5110 3863 5183 jn-

2241 5197 2378 5239 vene
2418 5186 2581 5242 simul
2621 5188 2932 5259 decertans,
2975 5194 3231 5251 omnibus
3273 5186 3506 5269 denique
3535 5201 3854 5264 verborum

2239 5274 2511 5333 illecebris
2548 5281 2789 5339 animum
2833 5283 2951 5355 ejus
2995 5286 3331 5356 demulcens,
3379 5307 3487 5347 non
3526 5296 3853 5364 priusabs~

2241 5367 2408 5422 cessit
2444 5385 2605 5439 quam
2643 5372 2791 5429 illum
2830 5374 3087 5433 Ecclesia:
3126 5380 3489 5453 restituisset,
3542 5402 3853 5459 magnum-

2242 5473 2346 5528 que
2386 5460 2612 5518 sincerae
2645 5465 2981 5533 paenitentiae
3019 5470 3355 5542 exemplum,
3401 5483 3457 5530 et
3492 5477 3713 5537 iterata
3757 5498 3851 5538 re-

2240 5556 2604 5625 generationis
2643 5558 2833 5630 ingens
2864 5560 3269 5632 documentum,
3304 5576 3359 5620 et
3393 5569 3710 5639 conspicua:
3756 5592 3849 5631 ne-

2238 5648 2594 5703 surrectionis
2638 5656 2900 5719 tropznum
2951 5652 3203 5710 omnibus
3249 5659 3592 5715 ostendisset.
3652 5683 3675 5716 ι
3757 5665 3844 5722 En

2238 5755 2493 5812 magnum
2525 5741 2859 5812 paenitentia:
2895 5745 3222 5820 exetnplum,
3255 5750 3407 5821 quod
3436 5750 3687 5810 declarat
3726 5760 3841 5815 cri-
