4060 6350
632 379 769 442 1915

1197 381 1542 441 THEODORI
1579 379 1898 440 ARCHIEP.
1941 372 2294 436 CANTUAR.
2334 369 2679 433 DOCTRINA
2715 375 2804 432 DE
2843 373 3292 434 PCENITENTIA

3733 377 3891 434 λιῖίϐ

626 505 768 575 quod
795 503 1063 576 benignus
1087 512 1172 560 est
1197 504 1474 568 Dominus,
1504 500 1936 572 quandoquidem
1964 507 2019 552 et
2045 496 2194 552 Nini—
2219 498 2273 558 Α
2296 509 2403 549 non
2428 503 2536 549 tam
2562 495 2822 564 temporis
2842 494 3198 566 longitudine,
3229 509 3394 568 quam
3419 495 3598 553 cordis
3624 511 3894 569 compono

623 596 750 652 vita
781 595 943 650 tridui
974 595 1149 666 spatio
1180 602 1388 647 tantam
1414 592 1550 646 iram
1577 591 1672 648 Dei
1703 606 1734 644 a
1763 606 1822 646 se
1851 588 2193 660 depulerunt,

621 703 725 745 nec
747 689 960 754 obstitit
978 687 1081 741 illis
1106 685 1362 754 temporis
1389 684 1655 754 angustia,
1696 681 1790 736 sed
1820 681 1985 736 animi
2016 694 2196 749 prom-

619 779 851 850 ptitudo,
877 777 1203 847 amplectens
1214 775 1430 831 Domini
1455 775 1862 843 benignitatem,
1882 780 2052 827 totum
2073 787 2196 842 per-

621 883 780 940 agere
818 867 1000 921 valuit.
1045 867 1113 920 Et
1155 866 1414 921 meretrix
1464 864 1552 918 illa
1598 864 1747 919 brevi
1789 863 2046 932 temporis
2075 877 2193 916 mo-

620 969 802 1017 mento
842 975 965 1014 cum
997 959 1064 1015 ad
1092 959 1367 1014 Christum
1392 957 1742 1021 accessisset,
1792 957 1971 1010 omnia
1996 956 2193 1026 probra

618 1051 793 1107 diluit.
833 1050 969 1118 Quia
991 1058 1046 1106 et
1072 1051 1526 1107 calumniantibus
1541 1049 1738 1104 Judmis
1759 1049 1899 1118 quod
1927 1047 2071 1102 illam
2099 1047 2193 1101 ad-

618 1143 888 1209 misisset,
922 1153 1236 1212 tantamque
1277 1144 1600 1213 praebuisset
1633 1141 1882 1196 fiduciam
1903 1181 1917 1206 ,
1945 1140 2192 1195 Christus

615 1233 721 1288 illis
762 1235 978 1305 quidem
1025 1234 1295 1289 silentium
1343 1234 1615 1303 imposuit,
1662 1231 1804 1286 hanc
1857 1246 1984 1285 vero
2032 1230 2189 1284 malis

613 1323 866 1379 omnibus
915 1323 1242 1389 liberatam,
1282 1323 1741 1391 comprobatoque
1785 1321 1928 1375 illius
1983 1320 2187 1386 studio,

617 1415 692 1471 ita
723 1417 940 1471 domum
977 1417 1202 1471 remisit.
1245 1415 1380 1483 Quid
1411 1417 1480 1470 ita
1514 1416 1766 1470 tandem?
1793 1415 2048 1486 quoniam
2076 1415 2186 1470 fer-

609 1508 759 1562 venti
793 1508 992 1572 animo,
1021 1516 1075 1561 et
1103 1506 1347 1576 ﬂagranti
1382 1506 1577 1570 corde,
1611 1505 1930 1574 ardentique
1956 1505 2188 1559 accessit

611 1599 740 1663 ﬁde,
766 1607 1088 1667 sanctosque
1117 1597 1234 1652 illos
1278 1613 1308 1652 a
1338 1612 1522 1652 sacros
1554 1596 1732 1666 attigit
1767 1597 1964 1666 pedes,
1995 1596 2188 1651 solutis

608 1689 838 1759 capillis,
871 1689 1108 1743 fontibus
1129 1688 1493 1759 lacrymarum
1521 1703 1589 1742 ex
1611 1686 1784 1742 oculis
1812 1686 2051 1752 emissis,
2079 1702 2184 1741 un-

609 1789 809 1852 guento
843 1778 1083 1850 profuso.
1098 1799 1116 1831 ι

677 1913 1022 1968 Bacchiarius
1054 1913 1105 1966 in
1137 1911 1358 1981 epistola
1391 1912 1458 1965 ad
1485 1909 1800 1965 Januarium
1827 1911 1890 1965 de
1914 1910 2181 1978 recipien-

604 2002 687 2059 dis
715 2000 881 2073 lapsis
906 2021 918 2056 :
954 2023 972 2052 ‹
1001 2001 1242 2069 Qualiter
1269 2016 1398 2068 rogo
1416 2041 1430 2063 ,
1473 2001 1539 2054 de
1565 2000 1933 2055 misericordia
1964 2000 2180 2055 Domini

605 2107 893 2162 possumus
937 2092 1256 2161 desperare,
1297 2091 1389 2160 qui
1434 2092 1599 2146 etiam
1637 2091 1973 2148 Pharaonem
1999 2090 2180 2162 arguit

607 2195 775 2250 quare
801 2195 1141 2251 nequaquam
1168 2181 1430 2250 poenitere
1460 2183 1708 2252 dignatus
1734 2185 1836 2249 sit,
1867 2194 1971 2238 etc.
2028 2182 2180 2238 Salo-

599 2287 728 2326 mon
782 2272 870 2326 ille
905 2272 1203 2336 mirabilis,
1250 2272 1342 2340 qui
1374 2273 1572 2326 meruit
1605 2273 1866 2327 assistrici
1910 2274 2025 2339 Dei,
2079 2274 2180 2329 hoc

597 2370 683 2416 est
708 2362 1018 2430 sapientiae,
1047 2361 1316 2432 copulari,
1357 2361 1408 2415 in
1439 2361 1860 2433 alienigenarum
1894 2363 2178 2418 mulierum

605 2453 836 2508 incurrit
869 2454 1178 2523 amplexus,
1227 2462 1282 2508 et
1323 2454 1538 2508 vinculo
1565 2453 1802 2510 libidinis
1832 2455 2176 2525 illaqueatus,

600 2542 765 2596 etiam
796 2542 1064 2613 sacrilegii
1095 2558 1280 2597 errore
1319 2555 1376 2597 se
1404 2543 1630 2612 polluit,
1665 2544 1790 2613 quia
1830 2543 2176 2598 simulacrum

596 2635 835 2693 Chamos
864 2637 1153 2692 Moabitico
1175 2636 1315 2692 idolo
1337 2637 1625 2691 fabricavit
1648 2651 1662 2690 :
1689 2638 1782 2692 sed
1813 2638 1905 2706 qui
1933 2652 2031 2708 per
2057 2651 2178 2707 pro-

593 2729 814 2800 phetam
844 2727 1059 2797 culpam
1089 2728 1290 2782 erroris
1327 2728 1566 2797 agnovit,
1602 2728 1842 2796 nunquid
1867 2727 2177 2782 misericor-

594 2817 698 2876 diae
745 2818 981 2872 caelestis
1025 2818 1257 2872 extorris
1299 2820 1413 2872 est?
1455 2818 1534 2871 Ac
1560 2817 1789 2872 forsitan
1819 2818 1992 2883 dicas,
2035 2816 2175 2872 Nus-

592 2921 759 2976 quam
785 2923 908 2962 eum
936 2907 992 2961 in
1018 2922 1227 2962 canone
1249 2906 1368 2977 lego
1389 2907 1737 2977 ptenituisse,
1765 2923 1940 2976 neque
1965 2906 2174 2962 miseri-

599 2997 842 3052 cordiam
869 3006 1242 3052 consecutum.
1265 2997 1420 3052 ‘Audi
1449 3012 1608 3067 ergo,
1638 2997 1830 3063 frater,
1857 2999 2172 3067 pmnitentia

599 3090 736 3160 ejus,
767 3107 885 3160 qua:
924 3108 1029 3146 non
1075 3091 1389 3146 inscribitur
1417 3093 1647 3162 publicis
1680 3092 1917 3162 legibus,
1945 3093 2172 3148 fortasse

594 3182 716 3237 ideo
743 3183 1128 3253 acceptabilior
1150 3183 1444 3281 judicatu-r,
1475 3184 1733 3281 quia—non
1760 3185 1827 3239 ad
1861 3184 2168 3281 faciem
2195 3217 2241 3281 ε

590 3273 725 3343 puli,
754 3274 847 3329 sed
886 3275 939 3328 in
981 3283 1192 3330 secreto
1219 3275 1565 3330 conscientia:
1595 3274 1706 3330 Deo
1732 3283 1869 3330 teste
1895 3278 2162 3346 ptenituit.

589 3364 815 3420 Veniam
845 3372 1026 3420 autem
1057 3381 1124 3420 ex
1161 3366 1264 3420 hoc
1291 3375 1640 3421 consecutum
1681 3383 1799 3422 esse
1826 3370 2166 3439 agnoscimus

587 3453 713 3523 quia
739 3469 863 3507 cum
894 3453 1100 3510 solutus
1133 3453 1324 3510 fuisset
1353 3471 1385 3510 a
1419 3473 1676 3526 corpore,
1724 3459 1992 3528 sepultum
2016 3459 2166 3516 illum

587 3542 732 3598 inter
755 3558 940 3613 regum
968 3545 1334 3600 lsraelitarum
1369 3561 1594 3617 corpora
1625 3547 1906 3618 Scriptura
1929 3565 2166 3606 commc-

587 3641 796 3698 morat;
827 3635 970 3703 quod
995 3641 1175 3690 tamen
1199 3634 1327 3689 alibi
1361 3636 1739 3706 peccatoribus
1767 3639 1982 3710 regibus
2002 3639 2166 3696 abne-

586 3731 767 3794 gatum
783 3740 900 3779 esse
916 3727 1314 3797 cognoscimus,
1333 3727 1424 3796 qui
1447 3714 1619 3796 usque
1641 3727 1695 3780 in
1719 3729 1880 3782 finem
1904 3730 2027 3784 vita:
2053 3745 2164 3786 sua:

586 3811 640 3866 in
660 3815 922 3885 propositi
951 3818 1308 3886 perversitate
1332 3826 1682 3873 manserunt:
1712 3827 1767 3874 et
1791 3821 1911 3876 ideo
1929 3822 2054 3891 quia
2083 3822 2164 3877 in-

585 3911 674 3959 ter
687 3921 841 3975 reges
858 3908 1035 3977 justos
1058 3910 1257 3964 meruit
1278 3911 1516 3980 sepeliri,
1533 3929 1640 3967 non
1653 3913 1754 3967 fuit
1775 3913 1984 3971 alienus
2011 3931 2044 3971 a
2066 3931 2160 3972 vc-

583 3998 672 4052 nia
695 4013 708 4050 :
733 3999 945 4054 veniam
967 4011 1146 4058 autem
1171 4004 1342 4074 ipsam
1365 4005 1485 4060 sine
1505 4007 1826 4076 paenitentia
1852 4024 1962 4065 non
1985 4009 2161 4081 potuit

583 4090 902 4158 promereri.
933 4110 953 4144 ι

653 4223 986 4295 Augustinus
1046 4225 1102 4280 in
1153 4225 1376 4282 homilia
1423 4228 1608 4283 ultima
1653 4245 1720 4286 ex
1771 4247 1827 4298 ι,
1876 4247 1996 4302 cap.
2045 4233 2154 4288 ll:

588 4332 608 4366 ι
634 4313 804 4370 Nemo
848 4317 1163 4384 arbitretur,
1196 4317 1411 4388 fratres,
1443 4332 1728 4392 propterea
1772 4340 1830 4380 se
1871 4327 2156 4383 consilium

581 4404 872 4463 salutifera:
936 4409 1095 4479 hujus
1161 4412 1357 4468 debere
1404 4416 1740 4484 pmnitentiae
1789 4429 2152 4490 contemnere,

579 4499 706 4568 quia
732 4501 930 4557 multos
958 4503 1101 4559 forte
1140 4505 1373 4560 advertit
1405 4517 1460 4561 et
1507 4509 1657 4562 novit
1685 4509 1753 4563 ad
1786 4524 1940 4566 sacra
1967 4513 2154 4570 altaris

578 4590 858 4658 accedere,
887 4609 1118 4663 quorum
1162 4597 1292 4651 talia
1326 4597 1554 4651 crimina
1583 4612 1690 4651 non
1718 4599 1947 4668 ignorat.
2000 4603 2150 4661 Multi
2178 4574 2229 4635 D

577 4680 720 4735 enim
772 4684 1118 4755 corriguntur
1160 4694 1221 4739 ut
1250 4685 1461 4740 Petrus.
1494 4706 1512 4737 ›
1558 4686 1738 4752 Quare
1767 4705 2001 4748 canones
2035 4695 2151 4764 epi-

576 4775 752 4842 scopis
776 4777 1098 4845 permittunt
1122 4777 1454 4845 pmnitcntize
1498 4793 1687 4847 poenas
1725 4794 1792 4835 eo
1832 4779 2061 4839 leviores
2089 4800 2152 4839 ac

577 4862 816 4918 minores
855 4865 1081 4919 reddere
1099 4905 1114 4930 ,
1158 4881 1264 4934 quo
1287 4866 1459 4936 magis
1483 4869 1661 4924 cordis
1691 4873 2034 4941 compunctio
2057 4890 2153 4928 au-

576 4958 732 5020 getur
759 4969 774 5006 :
806 4961 968 5024 atque
1008 4953 1197 5008 Patres
1219 4955 1411 5010 docent
1438 4972 1544 5011 non
1575 4967 1682 5012 tam
1707 4961 2151 5019 considerandam

576 5056 695 5096 esse
737 5059 1047 5099 mensuram
1083 5047 1340 5112 temporis
1368 5061 1527 5115 quam
1554 5049 1774 5106 doloris.
1815 5050 2150 5123 Augustinus

574 5131 627 5184 in
654 5131 968 5189 Enchiridio
996 5135 1063 5188 ad
1091 5134 1456 5201 Laurentium,
1503 5154 1624 5208 cap.
1656 5139 1724 5194 65
1751 5159 1763 5194 :
1808 5160 1825 5192 ι
1853 5143 1910 5196 In
1937 5147 2150 5201 actione

573 5232 755 5278 autem
797 5227 1156 5294 pcenitentiae,
1188 5229 1276 5282 ubi
1308 5229 1413 5284 tale
1446 5231 1651 5286 crimen
1674 5235 2021 5291 commissum
2045 5249 2146 5306 est,

571 5327 630 5371 ut
675 5317 719 5371 is
751 5317 843 5388 qui
887 5320 1156 5375 commisit
1199 5337 1229 5375 a
1256 5319 1457 5377 Christi
1478 5325 1638 5380 etiam
1679 5341 1903 5397 corpore
1933 5345 2149 5400 separe-

571 5419 690 5476 tur,
739 5426 845 5465 non
889 5419 998 5465 tam
1045 5413 1434 5469 consideranda
1477 5425 1560 5470 est
1595 5434 1845 5474 mensura
1883 5423 2142 5492 temporis

569 5518 728 5570 quam
777 5503 996 5559 doloris.
1055 5505 1160 5560 Cor
1189 5507 1333 5560 enim
1379 5509 1669 5566 contritum
1713 5522 1768 5568 et
1803 5515 2142 5571 humiliatum

568 5592 710 5647 Deus
738 5610 844 5650 non
872 5598 1100 5666 spernit.
1131 5617 1150 5651 ι
1192 5599 1304 5654 Leo
1329 5600 1373 5668 ι,
1417 5603 1468 5656 in
1499 5620 1584 5674 ep.
1629 5607 1696 5661 ad
1747 5607 1986 5663 Nicetain
2030 5611 2142 5680 epi-

567 5697 793 5754 scopum
813 5687 1235 5759 Aquileiensem,
1255 5709 1372 5765 cap.
1397 5693 1430 5749 5
1451 5713 1463 5748 :
1505 5715 1522 5746 ι
1551 5695 1944 5756 Consultationi
1967 5703 2144 5758 chari-

566 5777 698 5860 tatis
718 5785 822 5834 tua:
844 5776 949 5836 hoc
973 5780 1140 5838 etiam
1165 5787 1598 5857 respondendum
1627 5805 1748 5849 esse
1776 5793 2136 5865 credidimus;

2298 587 2474 640 ctione
2497 588 2770 656 pensanda
2801 597 2904 643 est.
2936 609 2955 642 ι

2368 679 2595 748 Vigilius
2618 696 2754 750 papa
2775 681 2818 746 l,
2850 681 2903 736 in
2927 698 3011 754 ep.
3037 683 3103 738 ad
3123 682 3428 740 Caesarium
3453 682 3841 739 Arelatensem
3872 703 3887 739 :

2300 785 2319 818 ι
2349 767 2455 822 Sed
2486 769 2634 838 quia,
2659 771 2798 824 sicut
2828 772 3150 828 charitatem
3183 781 3332 828 tuam
3363 773 3500 828 bene
3518 787 3688 829 nosse
3715 773 3890 830 confi-

2295 859 2494 925 dimus,
2537 861 2729 916 modus
2761 861 3096 931 pmnitentiae
3117 864 3467 933 praesentium
3486 865 3670 936 potius
3703 879 3888 920 sacer-

2293 951 2477 1004 dotum
2504 951 2824 1022 inspectioni
2852 956 3231 1023 committitur,
3250 956 3479 1026 utjuxta
3501 959 3882 1030 compunctio.

2291 1041 2377 1096 nis
2420 1043 2673 1098 meritum
2720 1046 2894 1100 venia:
2939 1063 3154 1118 quoque
3201 1049 3378 1118 possit
3405 1049 3672 1120 indulgeri
3706 1065 3885 1106 reme-

2289 1129 2438 1186 dium
2465 1174 2479 1199 ,
2517 1142 2621 1189 tua:
2663 1135 2767 1190 hoc
2805 1138 2986 1207 potius
3026 1139 3370 1194 aestimationi
3403 1141 3682 1196 credimus
3726 1141 3882 1198 relin-

2289 1225 2582 1292 quendum.
2615 1244 2633 1278 ι
2684 1225 2836 1282 Unde
2894 1226 3206 1285 Gennadius
3243 1238 3472 1285 testatur
3525 1231 3580 1285 in
3617 1231 3770 1288 libro
3816 1233 3878 1289 de

2287 1312 2672 1370 ecclesiasticis
2707 1316 3076 1387 Dogmatibus,
3108 1336 3226 1390 cap.
3255 1319 3347 1387 55,
3377 1337 3407 1374 a
3432 1321 3758 1391 paenitentia
3782 1339 3876 1394 pu-

2287 1402 2424 1458 blica
2455 1419 2678 1474 prorsus
2722 1407 2992 1463 immunes
3020 1425 3142 1464 esse
3170 1411 3475 1480 quicunque
3502 1427 3632 1467 vere
3668 1428 3736 1468 ac
3759 1427 3873 1483 per-

2287 1491 2443 1548 fecta:
2468 1485 2798 1564 poenitentiae
2830 1498 2980 1568 signa
3019 1501 3323 1555 certissima
3360 1500 3581 1556 dabant.
3623 1521 3648 1554 ‹
3681 1502 3791 1556 Sed
3823 1511 3873 1557 et

2286 1595 2513 1652 secreta,
2547 1589 2754 1659 inquit,
2794 1591 3163 1648 satisfactione
3199 1593 3330 1649 solvi
3362 1594 3609 1649 mortalia
3639 1595 3872 1650 crimina

2286 1693 2393 1732 non
2424 1694 2713 1748 negamus,
2762 1681 2857 1736 sed
2885 1692 3094 1738 mutato
3120 1684 3272 1754 prius
3305 1685 3550 1742 saeculari
3576 1688 3870 1752 babitu,et

2287 1769 2535 1826 confesso
2565 1772 2838 1843 religionis
2871 1776 3048 1831 studio
3083 1792 3182 1846 per
3212 1777 3335 1832 vitae
3368 1781 3784 1845 correctionem,
3815 1789 3870 1836 et

2209 1847 2257 1908 Β
2278 1857 2393 1931 jugi
2423 1862 2530 1918 imo
2551 1873 2809 1935 perpetuo
2835 1867 2980 1922 luctu
3007 1869 3304 1923 miserante
3339 1869 3469 1934 Deo,
3500 1872 3574 1926 ita
3599 1873 3868 1926 duntaxat

2283 1961 2343 2008 ut
2367 1957 2636 2010 contraria
2667 1972 2764 2026 pro
2789 1958 2857 2013 iis
2885 1975 3004 2028 quae
3030 1961 3290 2029 paenitet,
3324 1972 3475 2034 agat,
3513 1972 3568 2018 et
3601 1964 3870 2019 Euchari-

2281 2045 2717 2104 stiamomnibus
2754 2049 3052 2106 Dominicis
3078 2051 3268 2108 diebus
3292 2053 3506 2124 supplex
3541 2062 3593 2110 et
3618 2053 3870 2109 submis-

2282 2151 2548 2206 sususque
2569 2138 2636 2194 ad
2657 2150 2885 2195 mortem
2908 2143 3188 2212 percipiat.
3216 2163 3236 2196 ›
3257 2144 3478 2214 Denique
3491 2145 3680 2200 Patres
3707 2159 3858 2199 una-

2279 2227 2410 2282 nimi
2434 2243 2699 2284 consensu
2731 2231 3010 2286 declarant
3029 2233 3163 2288 nihil
3188 2233 3332 2288 aliud
3355 2250 3499 2304 quam
3522 2237 3861 2291 charitatem

2280 2334 2313 2374 a
2353 2322 2729 2389 peccatoribus
2769 2325 3046 2394 requirere
3069 2326 3238 2380 Deum
3279 2342 3311 2381 a
3339 2342 3443 2397 quo
3465 2328 3679 2382 nonnisi
3710 2329 3870 2399 cupi-

2280 2411 2449 2466 ditate
2478 2425 2849 2483 recesserunt;
2899 2419 3004 2472 hoc
3041 2434 3162 2474 esse
3202 2420 3259 2474 in
3295 2435 3402 2490 quo
3447 2422 3700 2476 consistit
3747 2430 3867 2478 tota

2278 2501 2364 2557 lex
2393 2514 2448 2559 et
2471 2508 2747 2576 pr0phetae
2775 2528 2787 2562 :
2829 2524 2893 2564 ac
2921 2518 3203 2580 propterea
3223 2511 3413 2582 jugum
3437 2528 3556 2569 esse
3579 2529 3786 2580 suave,
3815 2522 3872 2570 et

2219 2617 2228 2628 -
2275 2610 2416 2651 onus
2436 2597 2584 2663 leve,
2633 2601 2696 2653 ad
2724 2602 2866 2670 quod
2904 2601 3154 2660 Christus
3185 2621 3376 2661 omnes
3404 2615 3562 2662 vocat
3589 2607 3689 2676 qui
3716 2605 3867 2662 labo-

2278 2695 2402 2741 rant
2414 2695 2468 2742 et
2481 2689 2768 2744 criminum
2797 2691 3033 2761 pondere
3054 2696 3265 2750 onerati
3281 2702 3426 2750 sunt.
3446 2696 3740 2751 lnnumera
3752 2695 3867 2751 fere

2277 2778 2342 2832 de
2386 2779 2489 2835 hac
2535 2796 2594 2836 re
2636 2781 2856 2838 Patrum
2888 2785 3197 2840 testimonia
3232 2785 3475 2855 proferre
3500 2800 3749 2856 possem,
3770 2785 3867 2842 sed

2275 2868 2516 2924 omnium
2561 2871 2734 2926 instar
2768 2873 2874 2928 erit
2919 2874 3155 2929 Salviani
3203 2875 3598 2941 testimonium,
3646 2876 3744 2945 qui
3787 2875 3865 2932 sic

2275 2958 2516 3028 loquitur
2542 2959 2597 3015 in
2628 2961 2867 3032 libro'vn
2910 2964 2976 3020 de
3004 2980 3132 3021 vero
3157 2965 3370 3021 Judicio
3413 2976 3467 3021 et
3513 2965 3860 3021 Providentia

2273 3048 2368 3104 Dei
2395 3069 2409 3104 :
2443 3069 2461 3101 ‹
2491 3051 2799 3108 Praesertim
2825 3070 2949 3109 cum
2978 3071 3008 3109 a
3036 3056 3192 3111 nobis
3215 3057 3361 3110 Deus
3381 3055 3516 3111 nihil
3543 3069 3857 3120 onerosum,

2274 3141 2407 3195 nihil
2427 3157 2588 3210 grave
2618 3144 2819 3215 exigat,
2845 3154 2950 3200 etc.
2989 3145 3128 3212 Quid
3159 3162 3392 3216 namque
3426 3147 3540 3202 ait?
3582 3146 3771 3201 Venite
3793 3147 3858 3199 ad

2272 3247 2353 3284 me
2383 3248 2580 3299 omnes,
2611 3235 2701 3304 qui
2743 3233 2995 3290 laboratis
3033 3245 3080 3291 et
3128 3239 3331 3292 onerati
3355 3239 3478 3292 estis
3500 3278 3516 3303 ,
3547 3249 3598 3293 et
3627 3255 3714 3308 ego
3737 3238 3856 3306 reﬁ-

2268 3323 2405 3378 ciam
2440 3341 2543 3379 vos.
2588 3325 2776 3379 Tollite
2793 3326 2982 3397 jugum
3011 3344 3184 3382 meum
3211 3346 3368 3400 super
3387 3346 3478 3383 vos
3497 3369 3513 3394 ,
3541 3339 3593 3383 et
3620 3330 3797 3382 discite
3817 3345 3851 3383 α

2267 3429 2346 3467 me
2373 3415 2496 3484 quia
2520 3416 2661 3469 mitis
2682 3433 2798 3470 sum
2834 3426 2882 3470 et
2909 3417 3125 3473 humilis
3147 3419 3317 3496 _corde
3335 3459 3350 3484 ,
3393 3429 3443 3473 et
3475 3421 3751 3474 inacidatis
3777 3435 3857 3474 re-

2265 3507 2434 3576 quiem
2462 3509 2738 3563 animabus
2781 3511 2982 3564 vestris.
3043 3510 3243 3583 Iugum
3273 3512 3411 3567 enim
3458 3529 3637 3566 meum
3674 3529 3856 3578 suave,

2263 3607 2311 3654 et
2337 3615 2469 3655 onus
2498 3617 2670 3656 meum
2708 3602 2834 3657 leve.
2894 3603 3012 3658 Non
3034 3619 3162 3675 ergo
3191 3620 3292 3660 nos
3331 3605 3400 3660 ad
3424 3604 3671 3660 laborem
3697 3613 3862 3660 vocat

2263 3686 2554 3756 Dominus,
2586 3691 2678 3746 sed
2708 3693 2776 3746 ad
2805 3693 3174 3749 refectionem.
3214 3693 3352 3761 Quid
3378 3709 3615 3764 namque
3642 3712 3673 3749 a
3695 3696 3862 3750 nobis

2263 3780 2452 3850 exigit,
2493 3781 2622 3850 quid
2649 3783 2896 3852 przestari
2927 3784 3029 3838 sibi
3063 3799 3094 3838 a
3122 3785 3280 3839 nobis
3312 3784 3494 3856 jubet,
3540 3785 3648 3839 nisi
3678 3785 3861 3840 solam

2263 3873 2636 3929 tantummodo
2650 3873 2831 3940 ﬁdem,
2863 3877 3190 3942 castitatem,
3221 3876 3606 3942 humilitatem,
3639 3878 3864 3932 sobrie-

2261 3970 2426 4019 tatem
2437 4005 2451 4029 ,
2468 3965 2919 4034 misericordiam,
2937 3969 3283 4024 sanctitatem
3299 3969 3451 4038 iiquae
3465 3969 3654 4038 utique
3664 3970 3860 4024 omnia

2259 4069 2366 4109 non
2395 4066 2626 4111 onerant
2651 4072 2749 4112 nos
2775 4097 2790 4123 ,
2839 4059 2934 4114 sed
2963 4070 3161 4115 ornant
3195 4079 3208 4114 :
3241 4075 3340 4116 nec
3368 4060 3538 4115 solum
3567 4061 3673 4115 hoc
3692 4103 3712 4127 ,
3762 4061 3861 4118 sed

2259 4147 2393 4202 adeo
2414 4149 2580 4203 vitam
2606 4158 2931 4220 praesentem
2971 4161 3199 4220 ornant,
3246 4162 3306 4209 ut
3333 4151 3569 4208 futuram
3598 4154 3731 4224 plus
3768 4170 3860 4212 or-

2257 4255 2389 4296 nare
2415 4243 2681 4312 possint.»

2327 4331 2444 4387 Non
2467 4333 2641 4388 solum
2667 4335 2761 4404 qui
2793 4336 3249 4392 convertebantur
3273 4345 3332 4391 ut
3359 4336 3552 4392 Petrus
3572 4378 3589 4404 ,
3622 4353 3742 4393 non
3776 4339 3862 4395 eis

2256 4424 2634 4495 imponebatur
2654 4429 2970 4498 paenitentia
2993 4429 3229 4499 publica,
3254 4429 3348 4485 sed
3365 4431 3526 4484 etiam
3545 4429 3743 4485 multis
3759 4432 3864 4502 qui

2255 4525 2316 4571 ut
2341 4515 2540 4582 Judas,
2591 4527 2684 4573 aut
2721 4527 2782 4574 ut
2826 4531 2953 4590 pote
3003 4521 3166 4577 nimis
3201 4521 3401 4577 infirmi
3447 4523 3859 4580 tolerabantur.

2255 4607 2348 4663 llla
2376 4618 2459 4664 est
2497 4610 2731 4665 secunda
2757 4612 2896 4667 ratio
2919 4629 3081 4683 quam
3106 4613 3442 4685 Augustinus
3470 4613 3638 4669 refert
3660 4616 3726 4669 in
3755 4617 3864 4672 ho-

2255 4701 2403 4756 milia
2430 4717 2494 4756 ex
2526 4719 2580 4767 ι,
2605 4718 2723 4774 cap.
2760 4705 2820 4758 11
2847 4724 2858 4758 ;
2896 4724 2914 4757 ‹
2944 4705 3094 4774 Multi
3117 4707 3259 4761 enim
3289 4706 3633 4778 corriguntur
3651 4715 3727 4762 ut
3753 4709 3863 4764 Pe-

2256 4798 2390 4856 trus,
2425 4794 2577 4848 multi
2605 4795 2904 4851 tolerantur
2929 4804 2986 4852 ut
3007 4795 3192 4853 Judas.
3222 4819 3241 4850 ι
3284 4798 3543 4853 Eamdem
3567 4799 3861 4857 rationem

2255 4881 2383 4936 alibi
2431 4883 2663 4954 explicat
2691 4895 2909 4942 sanctus
2948 4887 3282 4958 Augustinus
3317 4888 3371 4942 in
3403 4887 3491 4942 lib.
3524 4887 3595 4941 de
3620 4887 3774 4944 Fide
3800 4899 3862 4945 et

2253 4971 2544 5041 Operibus,
2573 4991 2692 5046 cap.
2722 4976 2756 5030 5
2783 4994 2795 5030 :
2845 4997 2862 5027 ι
2893 4977 3192 5048 Utrumque
3217 4977 3517 5034 faciendum
3542 4989 3659 5043 est,
3704 4981 3864 5036 sicut

2251 5073 2306 5118 et
2347 5065 2678 5123 infirmitatis
2717 5069 3003 5126 diversitas
3034 5075 3317 5134 admonet,
3344 5088 3530 5128 eorum
3560 5089 3710 5143 quos
3737 5074 3860 5130 nti-

2252 5172 2357 5226 que
2387 5174 2495 5214 non
2536 5161 2841 5230 perdendos
2867 5203 2881 5228 ,
2929 5164 3024 5219 sed
3065 5165 3414 5234 corrigendos
3453 5165 3863 5239 curandosque

2250 5252 2584 5319 suscepimus
2611 5293 2624 5316 ,
2669 5261 2724 5307 et
2751 5252 2888 5309 alius
2913 5255 3012 5321 sic,
3045 5254 3183 5310 alius
3219 5265 3401 5311 autem
3449 5257 3527 5312 sic
3555 5259 3858 5314 sanandus

2247 5350 2367 5396 est:
2410 5343 2481 5396 ita
2520 5345 2686 5399 etiam
2726 5353 2809 5400 est
2853 5347 2991 5402 ratio
3038 5347 3411 5403 dissimulandi
3461 5357 3517 5403 et
3562 5348 3858 5406 tolerandi

2249 5430 2419 5485 malos
2444 5433 2496 5485 in
2527 5434 2768 5489 Ecclesia
2797 5453 2808 5488 :
2841 5445 2897 5492 et
2931 5446 3015 5492 est
3043 5454 3230 5493 rursus
3265 5439 3403 5493 ratio
3437 5440 3753 5509 castigandi
3793 5447 3858 5495 et

2252 5525 2576 5594 corripiendi
2605 5567 2617 5590 ,
2669 5543 2776 5580 non
2815 5527 3134 5584 admittendi
3173 5531 3313 5586 vela
3338 5533 3730 5588 communione
3761 5548 3858 5588 re-

2251 5617 2518 5670 movendi.
2561 5618 2757 5673 Errant
2784 5628 2962 5675 autem
2995 5621 3242 5678 homines
3273 5638 3378 5677 non
3404 5633 3693 5677 servantes
3726 5639 3857 5680 mo-

2248 5708 2397 5773 dum,
2431 5721 2628 5764 etcum
2658 5711 2710 5764 in
2742 5727 2904 5766 unam
2932 5722 3140 5782 partem
3176 5713 3486 5785 procliviter
3526 5715 3609 5768 ire
3649 5730 3857 5786 cmpe—

2249 5801 2376 5871 rint,
2433 5817 2541 5859 non
2581 5803 2880 5875 respiciunt
2932 5804 3129 5865 divinae
3175 5809 3514 5866 auctoritatis
3543 5809 3656 5867 alia
3684 5811 3855 5870 testi.
