4060 6350
190 386 323 441 1217

1042 392 1132 449 ΑΒ
1168 392 1336 451 ΟΜΝῘ
1373 392 1739 455 NOVITATIS
1778 400 2177 463 SUSPICIONE
2216 406 2601 466 VlNDlCATA.

3282 424 3421 483 1218

184 500 604 572 monia,'quibus
626 504 835 597 possint
861 505 929 561 ab
958 505 1046 561 illa
1077 508 1375 563 intentione
1402 513 1662 577 revocari,
1696 522 1752 569 et
1780 518 1825 577 Α
1853 521 2134 587 pecuniam
2162 522 2348 579 tollere
2376 566 2390 590 ,
2453 542 2559 581 non
2617 527 2877 583 dubitavit
2921 540 3143 602 accepta
3196 532 3425 606 pecunia

184 590 239 649 in
263 606 324 647 ea
351 607 471 661 quae
492 608 557 647 ex
587 590 832 664 utrisque
862 605 1160 668 temperata
1188 609 1272 655 est
1298 600 1525 657 veritate
1549 619 1613 659 ac
1642 622 1758 662 mo-

183 679 457 737 deratione
482 682 799 739 consistere.

182 838 185 839 ν
247 770 580 842 Augustinus
609 773 663 827 in
692 773 920 843 epistola
949 775 1018 832 48
1041 775 1327 834 Vincentio
1354 788 1543 837 contra
1579 783 1756 839 Dona-

181 866 293 916 tum
309 869 362 915 et
385 860 577 930 Rogat.
596 861 663 916 de
688 864 1021 934 corrigendis
1044 867 1312 924 haereticis
1338 886 1352 923 :
1378 889 1394 920 ι
1415 870 1642 941 Propter
1660 875 1757 930 bo-

180 968 277 1008 nos
298 954 423 1007 mali
449 953 707 1009 tolerandi
740 962 900 1009 sunt:
930 956 1071 1012 sicut
1093 958 1457 1015 toleraverunt
1478 964 1753 1033 prophetae

179 1054 363 1103 contra
388 1061 524 1117 quos
560 1054 711 1101 tanta
739 1047 1023 1115 dicebant,
1074 1066 1177 1105 nec
1202 1056 1637 1111 communionem
1665 1071 1753 1113 sa-

178 1144 576 1192 cramentorum
618 1136 759 1193 illius
786 1140 970 1210 populi
1008 1139 1390 1211 relinquebant
1424 1162 1436 1197 :
1468 1145 1609 1201 sicut
1637 1147 1751 1218 ipse

176 1226 432 1281 Dominus
457 1236 741 1282 nocentem
768 1226 961 1284 Judam
986 1246 1159 1300 usque
1199 1233 1266 1287 ad
1292 1235 1612 1307 condignum
1635 1239 1751 1310 ejus

174 1320 372 1375 exitum
404 1320 690 1387 toleravit,
724 1329 781 1377 et
819 1336 943 1377 eum
970 1338 1183 1379 sacram
1208 1340 1417 1382 caenam
1448 1345 1569 1385 cum
1596 1332 1751 1389 inno-

175 1409 420 1464 centibus
466 1412 870 1467 communicare
914 1414 1161 1482 permisit
1202 1435 1214 1470 :
1261 1419 1401 1474 sicut
1451 1422 1750 1480 tolerarunt

173 1499 397 1569 apostoli
427 1514 521 1555 eos
548 1501 640 1571 qui
686 1517 785 1571 per
827 1503 1117 1570 invidiam,
1166 1509 1308 1577 quod
1346 1511 1515 1579 ipsius
1545 1515 1745 1572 diaboli

171 1588 356 1642 vitium
387 1598 489 1653 est,
537 1590 814 1646 Christum
854 1596 1282 1653 annuntiabant:
1317 1601 1457 1657 sicut
1498 1605 1748 1663 toleravit

170 1676 467 1748 Cyprianus
490 1679 820 1750 collegarum
862 1686 1181 1752 avaritiam,
1225 1704 1406 1759 quam,
1448 1697 1744 1754 secundum

169 1771 504 1842 Apostolurn,
536 1774 735 1843 apellat
757 1776 1136 1833 idololatriam.
1151 1799 1169 1831 ι

1858 608 2035 676 ipsum
2088 612 2372 669 Dominum
2421 618 2674 673 vendere.
2715 620 3001 677 Videamus
3045 625 3176 694 quid
3219 629 3287 683 ad
3319 631 3425 687 ista

1859 696 2115 757 Dominus
2160 706 2507 773 respondeat,
2552 709 2731 763 videte
2779 709 3000 778 fratres,
3048 730 3156 769 non
3200 716 3275 772 illi
3323 719 3420 786 ait,

1856 789 2084 861 Propter
2103 794 2244 850 furta
2268 805 2360 851 tua
2389 800 2524 855 dicis
2564 801 2687 855 ista.
2721 801 2915 858 Furem
2944 815 3188 874 noverat,
3218 818 3271 865 et
3297 827 3425 880 pro-

1856 881 1983 937 dere
2012 884 2247 952 nolebat,
2281 889 2372 943 sed
2399 890 2576 958 potius
2616 892 2909 960 tolerabat,
2965 904 3019 949 et
3053 898 3120 951 ad
3146 900 3425 968 perferen-

1854 971 1951 1028 dos
1977 974 2147 1031 malos
2166 977 2221 1032 in
2250 977 2493 1035 Ecclesia
2521 983 2676 1038 nobis
2701 985 3003 1056 exemplum
3027 988 3301 1058 patientiae
3321 993 3417 1050 de-

1850 1066 2205 1121 monstrabat.
2228 1088 2248 1120 ι

1918 1152 2269 1225 Augustinus,
2297 1157 2390 1215 lib.
2424 1176 2486 1218 ιιι
2508 1172 2700 1220 contra
2728 1167 3010 1237 epistolam
3052 1172 3415 1241 Parmeniani,

1851 1258 1969 1314 cap.
1997 1246 2031 1298 2
2061 1266 2072 1300 :
2110 1265 2127 1297 ‹
2165 1247 2297 1303 Cum
2331 1266 2462 1306 vero
2490 1251 2633 1309 idem
2653 1260 2875 1313 morbus
2897 1263 3158 1329 plurimos
3182 1279 3416 1335 occupa-

1848 1337 2009 1402 verit,
2042 1338 2175 1392 nihil
2203 1341 2346 1397 aliud
2378 1342 2533 1401 bonis
2555 1354 2726 1402 restat
2739 1364 2901 1418 quam
2924 1352 3074 1407 dolor
3100 1362 3155 1409 et
3171 1356 3415 1425 gemitus,

1847 1436 1908 1482 ut
1934 1444 2032 1498 per
2061 1430 2189 1486 illud
2211 1434 2421 1503 signum
2443 1438 2585 1505 quod
2608 1438 2881 1495 Ezechieli
2923 1451 3111 1498 sancto
3144 1445 3415 1501 revelatur

1846 1517 1997 1573 illaesi
2014 1523 2244 1578 evadere
2268 1525 2336 1579 ab
2358 1525 2570 1581 illorum
2590 1532 2893 1587 vastatione
2915 1543 3242 1589 mereantur.
3266 1537 3417 1593 Ideo-

1846 1621 1950 1677 que
2000 1609 2143 1664 idem
2174 1610 2462 1681 Apostolus
2488 1632 2608 1671 cum
2650 1618 2765 1690 jam
2814 1620 3012 1677 multos
3043 1625 3414 1693 comperisset,

1844 1704 1899 1752 et
1940 1698 2215 1755 immunda
2243 1702 2452 1758 luxuria
2499 1713 2553 1760 et
2592 1705 3040 1766 fornicationibus
3084 1713 3413 1782 inquinatos,

1844 1788 1911 1842 ad
1947 1790 2162 1845 eosdem
2190 1791 2499 1852 Corinthios
2526 1797 2582 1853 in
2610 1800 2847 1856 secunda
2875 1802 3115 1873 Epistola
3144 1806 3408 1872 scribens,

233 1882 593 1955 Augustinus,
646 1885 697 1939 in
735 1886 827 1941 ιη),
866 1905 926 1943 ιη
970 1898 1159 1946 contra
1202 1893 1485 1963 epismlam
1516 1896 1739 1955 parme_
1768 1876 1817 1937 Β
1844 1894 1949 1933 non
1977 1880 2159 1935 itidem
2185 1885 2431 1954 praecipit
2452 1895 2512 1941 ut
2535 1904 2658 1943 cum
2686 1891 2879 1947 talibus
2908 1910 3007 1950 nec
3028 1896 3206 1951 cibum
3232 1912 3413 1951 sume-

167 1972 330 2038 niani,
363 1989 482 2044 cap.
508 1974 543 2028 4
575 1991 588 2028 :
629 1994 647 2025 ι
678 1977 828 2032 Dixit
848 1978 1017 2034 Isaias
1043 2020 1057 2044 ,
1096 1980 1370 2049 Recedite,
1426 1988 1561 2041 exite
1619 1988 1741 2045 inde

166 2070 222 2117 et
246 2062 576 2119 immundum
618 2065 776 2120 nolite
829 2076 1057 2138 tangere.
1114 2068 1221 2125 Sed
1255 2087 1354 2127 cur
1389 2072 1504 2144 ipse
1546 2075 1601 2131 in
1648 2077 1740 2134 illo

165 2151 356 2221 populo
402 2154 800 2210 immunditiam
839 2173 1001 2227 quam
1051 2161 1288 2230 graviter
1335 2166 1629 2235 arguebat,
1683 2168 1739 2223 in

163 2258 268 2297 una
289 2258 410 2299 cum
421 2245 499 2299 eis
518 2248 936 2319 congregatione
959 2252 1233 2321 tangebat,
1254 2262 1357 2308 etc.
1383 2254 1528 2310 Dixit
1547 2256 1735 2325 David,

162 2332 283 2388 Non
316 2335 429 2389 sedi
460 2352 581 2391 cum
620 2339 849 2394 concilio
870 2342 1149 2407 vanitatis,
1181 2352 1234 2398 et
1261 2360 1382 2400 cum
1413 2346 1736 2406 facinorosis

160 2438 271 2477 non
300 2424 529 2481 iutroibo
559 2444 570 2479 :
600 2428 724 2483 odio
767 2430 935 2484 habui
984 2433 1190 2488 curiam
1243 2437 1729 2506 ncquissimorum,

160 2522 361 2568 etcum
404 2515 472 2570 iis
500 2531 609 2572 non
648 2519 867 2575 sedebo.
902 2520 1107 2593 Legant
1135 2525 1324 2594 quales
1353 2527 1408 2580 in
1438 2544 1497 2583 se
1529 2537 1736 2599 tempo-

160 2602 309 2658 ribus
335 2604 447 2659 suis
479 2605 534 2659 in
559 2606 650 2662 illo
673 2609 868 2679 populo
903 2611 1170 2679 toleravit,
1201 2616 1292 2685 qui
1324 2618 1597 2673 unctionis
1618 2636 1736 2692 my-

158 2693 297 2749 stico
334 2706 676 2751 sacramento
701 2706 906 2755 tantum
935 2702 1198 2758 honorem
1226 2704 1435 2769 detulit,
1462 2716 1523 2761 ut
1548 2710 1602 2765 id
1630 2726 1732 2768 nec

160 2782 217 2838 in
253 2785 673 2842 sceleratissimo
701 2788 861 2845 Saule
917 2800 1325 2861 contemneret,
1370 2797 1480 2852 imo
1524 2806 1733 2857 tantum

158 2886 526 2945 veneraretur,
578 2888 638 2934 ut
675 2883 907 2951 amplius
951 2887 1173 2941 omnino
1214 2902 1322 2942 non
1354 2899 1579 2959 posset,
1623 2899 1729 2949 etc.

154 2967 237 3022 An
263 2969 363 3024 hoc
399 2970 596 3026 dicturi
634 2982 761 3028 sunt
782 2977 927 3045 quod
960 2978 1068 3033 illis
1112 2981 1446 3050 temporibus
1479 2984 1733 3039 recedere

148 3059 314 3129 justis
347 3078 378 3117 a
401 3062 546 3118 malo
570 3066 769 3134 populo
795 3082 903 3122 non
927 3069 1145 3136 licebat,
1176 3054 1293 3127 istis
1323 3088 1453 3127 vero
1483 3076 1735 3144 tempori-

156 3152 262 3207 bus
287 3153 444 3209 licet?
487 3156 627 3223 Quid
659 3158 764 3213 dici
790 3163 1100 3230 perversius
1138 3173 1342 3234 potest,
1373 3166 1465 3221 illo
1490 3175 1732 3238 tempore

149 3256 265 3314 non
304 3245 549 3313 potuisse
591 3246 761 3303 bonos
790 3264 821 3303 a
852 3251 1009 3307 malis
1052 3258 1407 3325 corporaliter
1458 3264 1723 3330 separari,

149 3332 370 3398 quando
412 3333 582 3389 multa
630 3348 969 3395 sacramenta
1028 3346 1384 3413 corporaliter
1445 3352 1725 3408 observari

147 3418 481 3475 videbantur
508 3439 523 3475 :
553 3438 695 3480 nunc
719 3435 901 3482 autem
924 3433 1287 3503 necessariam
1326 3451 1445 3492 esse
1468 3453 1724 3509 corpora-

144 3508 260 3563 lem
317 3514 737 3583 separationem,
773 3522 988 3589 quando
1030 3523 1145 3593 jam
1182 3525 1271 3581 illa
1301 3508 1616 3598 spiritaliter
1640 3535 1733 3589 ob-

146 3605 480 3660 servantur?
518 3605 611 3663 Vae
654 3610 813 3666 caecis
863 3613 1184 3673 ducentibus
1211 3627 1268 3674 et
1312 3622 1471 3677 caecis
1500 3638 1734 3694 sequen-

150 3691 317 3749 tibus.
348 3713 367 3745 ›

220 3784 558 3855 Augustinus
588 3789 643 3844 in
672 3790 1036 3862 Expositionis
1058 3797 1338 3871 Evangelii
1374 3800 1599 3859 Joannis
1621 3811 1731 3860 tra-

142 3886 298 3933 ctatu
318 3897 350 3935 ι
382 3899 396 3936 :
451 3899 470 3934 ι
500 3881 639 3950 Quid
687 3899 817 3955 ergo
844 3888 1016 3944 voluit
1047 3890 1309 3948 Dominus
1362 3903 1547 3951 noster
1572 3895 1730 3952 Jesus

142 3966 417 4036 Christus,
448 3970 649 4029 fratres
669 3976 800 4043 mei,
830 3978 1120 4035 admonere
1147 3982 1468 4051 Ecclesiam,
1517 3989 1732 4058 quando

140 4072 309 4112 unum
332 4061 604 4129 perditum
628 4064 773 4122 inter
802 4068 1085 4124 duodecim
1107 4072 1307 4127 habere
1335 4075 1520 4141 voluit,
1547 4078 1647 4131 nisi
1672 4087 1735 4132 ut

138 4148 317 4202 malos
346 4150 659 4221 toleremus,
684 4170 750 4211 ne
773 4173 970 4227 corpus
993 4158 1195 4215 Christi
1225 4163 1566 4220 dividamus?
1591 4166 1731 4222 Ecce

140 4237 290 4293 inter
311 4251 532 4299 sanctos
577 4254 661 4300 est
698 4245 885 4315 Judas,
915 4264 1043 4306 ecce
1068 4250 1156 4307 fur
1206 4259 1289 4307 est
1315 4252 1482 4310 Judas
1505 4296 1520 4320 ,
1574 4264 1629 4311 et
1661 4272 1730 4311 ne

136 4336 495 4398 contemnas,
544 4334 633 4391 fur
658 4339 975 4411 sacrilegus,
1028 4358 1135 4398 non
1186 4345 1576 4416 qualiscunque
1617 4348 1725 4403 fur.

137 4418 260 4473 Fur
282 4420 605 4493 loculorum,
634 4430 726 4485 sed
766 4431 1169 4489 Dominicorum
1199 4451 1213 4489 :
1254 4416 1554 4494 loculoruni
1579 4482 1593 4505 ,
1632 4442 1725 4496 sed

134 4525 448 4568 sacrorum.
506 4515 563 4571 Si
615 4520 843 4576 crimina
872 4522 1258 4581 discernuntur
1283 4528 1338 4582 in
1368 4528 1484 4583 foro
1518 4532 1723 4601 qualis-

133 4614 361 4670 cunque
396 4601 529 4660 furti
564 4614 619 4661 et
660 4610 946 4679 peculatus
969 4613 1271 4684 (peculatus
1323 4619 1469 4672 enim
1526 4621 1723 4677 dicitur

125 4688 351 4746 furtum
378 4694 443 4749 de
471 4711 529 4751 re
554 4699 788 4767 publica,
818 4710 873 4756 et
926 4718 1034 4759 non
1088 4706 1166 4760 sic
1204 4706 1482 4776 judicatur
1514 4709 1721 4767 furtum

130 4780 223 4835 rei
252 4781 479 4850 privatae
504 4790 773 4856 quomodo
799 4791 1071 4864 publicae),
1103 4805 1306 4864 quanto
1347 4799 1723 4858 vehementius

118 4869 460 4939 iudicandus
482 4886 568 4933 est
591 4878 678 4934 fur
705 4883 1033 4955 sacrilegus,
1076 4887 1169 4956 qui
1208 4902 1372 4942 ausus
1402 4888 1569 4945 fuerit
1614 4908 1721 4947 non

124 4963 497 5036 undecunque
518 4969 727 5037 tollere,
760 4973 854 5027 sed
877 4974 945 5029 de
985 4975 1226 5032 Ecclesia
1252 4978 1473 5033 tollere?
1499 4981 1601 5048 Qui
1626 4983 1725 5037 ali-

120 5052 271 5120 quid
298 5055 365 5109 de
390 5057 634 5114 Ecclesia
662 5060 892 5130 furatur,
924 5064 1075 5121 Iudae
1116 5071 1326 5139 perdito
1352 5084 1717 5143 comparatur.

117 5140 288 5197 Talis
310 5153 428 5200 erat
464 5148 568 5203 iste
593 5148 777 5218 Judas,
808 5161 864 5208 et
886 5162 1068 5212 tamen
1102 5174 1223 5213 cum
1254 5163 1459 5217 sanctis
1474 5140 1722 5233 discipu-

114 5235 197 5289 lis
219 5239 475 5296 undecim
501 5243 739 5301 intrabat
762 5241 831 5303 et‘
845 5251 1049 5318 exibat,
1084 5254 1153 5308 ad
1178 5255 1351 5325 ipsam
1375 5256 1717 5312 Dominicam

114 5342 355 5385 coenam
396 5336 604 5403 pariter
656 5342 909 5408 accessit,
941 5348 1251 5402 conversari
1277 5364 1398 5403 cum
1422 5348 1501 5403 eis
1526 5350 1721 5419 potuit,

111 5434 228 5473 eos
252 5420 542 5492 inquinare
576 5446 683 5485 non
709 5434 902 5503 potuit.
946 5436 1023 5493 De
1048 5455 1156 5494 uno
1179 5456 1324 5509 pane
1353 5448 1409 5496 et
1433 5441 1629 5498 Petrus
1667 5452 1725 5498 et

111 5508 305 5603 {udas
333 5520 559 5589 accepit,
601 5531 657 5576 et
683 5532 861 5580 tamen
882 5544 1000 5597 qua:
1019 5547 1143 5599 pars
1165 5508 1311 5598 fideli
1333 5551 1451 5588 cum
1475 5535 1677 5603 inﬁdeli
1700 5536 1724 5589 ?

109 5600 335 5659 Petrus
363 5608 507 5662 enim
538 5614 750 5682 accepit
779 5615 847 5670 ad
876 5618 1075 5683 vitam,
1111 5620 1279 5675 Judas
1332 5624 1399 5677 ad
1448 5600 1677 5680 mortem
1704 5668 1718 5691 ,

109 5703 237 5751 etc.
272 5698 456 5766 Quare
476 5702 650 5760 furem
678 5708 913 5775 admisit,
944 5711 1049 5766 nisi
1072 5721 1132 5765 ut
1160 5712 1287 5781 ejus
1305 5714 1550 5772 Ecclesia
1573 5717 1747 5787 fures.

106 5788 412 5857 patienter
434 5792 665 5851 toleret?
693 5795 800 5854 Sed
824 5794 913 5856 ille
938 5803 1031 5874 qui
1060 5812 1415 5862 consueverat
1446 5807 1510 5863 de
1532 5807 1721 5866 loculis

1745 4564 1803 4627 D

1842 1982 1982 2028 rent.
2029 1974 2180 2030 Multi
2205 1978 2348 2033 enim
2375 1990 2563 2048 erant,
2614 1999 2713 2038 nec
2742 1985 2845 2040 dici
2872 1987 2939 2041 de
2968 1988 3053 2042 his
3094 1996 3326 2057 poterat,
3355 1988 3415 2044 Si

1842 2067 1963 2137 quis
1993 2066 2161 2122 frater
2187 2071 2496 2127 nominatur
2519 2072 2835 2141 fornicator,
2859 2086 2951 2132 aut
2970 2079 3127 2133 idolis
3148 2081 3409 2145 serviens,

1840 2166 1935 2211 aut
1956 2174 2174 2225 avarus,
2202 2169 2295 2215 aut
2312 2161 2513 2232 aliquid
2542 2164 2647 2219 tale
2673 2180 2797 2220 cum
2823 2164 3085 2235 ejusmodi
3110 2183 3209 2223 nec
3234 2169 3414 2223 cibum

1839 2250 2057 2319 quidem
2087 2252 2245 2305 simul
2276 2268 2522 2319 sumere;
2551 2257 2646 2309 sed
2675 2257 2750 2310 ait
2793 2275 2806 2309 :
2841 2257 2925 2312 Ne
2954 2260 3143 2312 iterum
3184 2276 3300 2313 cum
3329 2276 3414 2313 ve-

1840 2359 1964 2397 nero
1990 2344 2058 2397 ad
2084 2362 2169 2399 vos
2186 2386 2201 2410 ,
2232 2345 2467 2400 humiliet
2513 2364 2594 2401 me
2619 2349 2759 2403 Deus
2780 2388 2795 2414 ,
2822 2358 2869 2402 et
2897 2348 3099 2419 lugeam
3130 2350 3319 2405 multos
3347 2366 3411 2404 ex

1836 2433 1903 2487 iis
1924 2435 2013 2505 qui
2058 2446 2177 2489 ante
2203 2448 2543 2506 peccaverunt
2564 2480 2578 2503 ,
2609 2449 2657 2493 et
2687 2456 2791 2493 non
2816 2449 3027 2511 egerunt
3054 2441 3410 2510 paenitentiam

1836 2542 1991 2596 super
2031 2527 2363 2582 immunditia
2408 2538 2455 2582 et
2501 2528 2718 2585 luxuria
2769 2538 2819 2585 et
2854 2531 3199 2601 fornicatione
3251 2546 3409 2600 quam

1836 2623 2099 2685 gesserunt
2141 2629 2158 2666 :
2197 2632 2295 2687 per
2322 2616 2527 2673 luctum
2575 2633 2731 2673 suum
2769 2618 2947 2690 potius
2992 2633 3085 2672 eos
3111 2617 3293 2671 divino
3320 2615 3410 2670 lla-

1836 2704 1975 2775 gello
2012 2707 2338 2762 coercendos
2360 2707 2589 2771 minans,
2618 2723 2781 2779 quam
2806 2724 2905 2780 per
2934 2707 3077 2762 illam
3113 2707 3411 2776 correptio-

1834 2809 1980 2857 nem,
2012 2800 2072 2847 ut
2091 2796 2272 2849 caeteri
2296 2795 2364 2849 ab
2387 2812 2573 2851 eorum
2598 2797 2976 2867 conjunctione
3003 2812 3060 2850 se
3073 2796 3403 2850 contineant.

1835 2881 2243 2954 Consequenter
2269 2886 2413 2939 enim
2443 2887 2606 2951 dicit,
2649 2887 2787 2941 Ecce
2811 2888 2963 2940 tertio
2989 2887 3085 2940 hoc
3107 2888 3313 2940 veniam
3335 2885 3405 2940 ad

1832 2989 1952 3038 vos,
2002 2982 2063 3028 ut
2102 2976 2159 3027 in
2185 2992 2271 3029 ore
2318 2976 2545 3030 duorum
2591 2976 2667 3031 vel
2695 2979 2855 3030 trium
2892 2978 3098 3031 testium
3126 2986 3225 3031 stet
3256 2993 3405 3031 omne

1843 3063 2074 3116 verbum.
2113 3061 2352 3119 Praedixi
2373 3076 2421 3119 et
2452 3067 2679 3136 prwdico
2715 3067 2855 3121 sicut
2883 3083 3109 3137 prwsens
3141 3066 3407 3131 secundo,

1835 3164 1882 3208 et
1912 3173 2048 3210 nunc
2075 3157 2259 3212 absens
2309 3159 2373 3212 iis
2424 3160 2514 3228 qui
2557 3168 2677 3213 ante
2704 3169 3075 3229 peccaverunt,
3123 3167 3173 3213 et
3205 3159 3409 3213 caeteris

1758 3216 1806 3281 C
1836 3246 2076 3299 omnibus
2108 3264 2125 3301 :
2156 3248 2278 3318 quia
2307 3250 2352 3302 si
2375 3265 2558 3302 venero
2586 3250 2773 3302 iterum
2794 3290 2807 3310 ,
2867 3266 2969 3301 non
2996 3266 3209 3318 parcam
3233 3289 3247 3313 ,
3281 3249 3409 3318 quia

1831 3337 2202 3406 probationem
2224 3339 2457 3407 quaeritis
2474 3339 2586 3407 ejus
2603 3337 2692 3407 qui
2707 3339 2761 3390 in
2774 3354 2854 3391 me
2874 3336 3368 3407 loquiturChristus.
3382 3358 3400 3389 ι

1831 3456 1902 3466 -
1927 3424 2059 3496 Cap.
2102 3425 2135 3479 4
2164 3425 2405 3496 ejusdem
2453 3427 2573 3482 libri
2611 3445 2625 3482 :
2669 3446 2688 3479 ‹
2719 3428 3000 3483 Postremo
3040 3429 3084 3481 si
3130 3430 3404 3498 propheta:

1829 3524 2078 3586 posteros
2102 3524 2427 3571 monuerunt
2456 3526 2515 3571 ut
2550 3532 2610 3573 se
2637 3527 2759 3573 ante
2788 3528 2999 3591 tempus
3018 3518 3219 3577 ultima:
3238 3520 3409 3578 venti-

1832 3608 2049 3664 lationis
2082 3626 2112 3663 a
2150 3610 2317 3681 paleis
2343 3611 2699 3681 corporaliter
2725 3622 3061 3684 separarent,
3109 3622 3164 3669 et
3196 3614 3287 3669 tali
3319 3630 3402 3671 se-

1831 3701 2114 3769 paratione
2138 3710 2395 3756 caverent
2417 3710 2636 3770 tangere
2659 3704 3014 3771 immundum,
3042 3714 3097 3760 et
3122 3720 3244 3760 cum
3273 3706 3408 3761 faci-

1834 3793 2050 3849 norosis
2094 3809 2202 3849 non
2228 3795 2531 3861 introirent,
2565 3813 2666 3852 cur
2694 3798 2797 3854 hoc
2826 3814 2931 3855 non
2960 3798 3090 3855 fecit
3129 3799 3408 3870 apostolus

1834 3884 2075 3940 Paulus?
2102 3886 2185 3941 An
2214 3887 2367 3957 palea
2388 3905 2495 3945 non
2516 3898 2673 3945 erant
2691 3892 2783 3961 qui
2810 3907 2918 3948 non
2940 3908 3008 3948 ex
3027 3893 3278 3957 veritate,
3311 3893 3406 3949 sed

1833 3992 1901 4030 ex
1931 3978 2126 4032 invidia
2149 3978 2423 4034 Christum
2450 3982 2882 4037 annuntiabunt?
2901 3983 2983 4037 An
3014 3984 3274 4039 immundi
3298 4001 3407 4041 non

1834 4076 1989 4122 erant
2016 4069 2107 4138 qui
2139 4087 2244 4123 non
2288 4080 2435 4125 caste
2464 4072 2812 4143 Evangelium
2865 4074 3267 4144 prtedicabant?
3296 4075 3407 4131 Hos

1833 4158 1886 4211 in
1936 4159 2039 4213 illis
2089 4161 2419 4230 temporibus
2466 4163 2707 4218 Ecclesia
2744 4164 2909 4220 fuisse
2959 4173 3211 4230 testatur,
3256 4164 3408 4232 cujus

1832 4250 2336 4306 excellentissimam
2400 4256 2720 4310 charitatem
2787 4256 3352 4310 omnia'tolerantem
3386 4295 3402 4318 ,

1832 4341 1998 4396 etiam
2045 4343 2376 4411 posteriores
2429 4345 2623 4400 imitati
2678 4356 2823 4401 sunt.
2857 4367 2875 4399 ›
2909 4378 2979 4387 -—
3007 4345 3136 4416 Cap.
3192 4346 3227 4399 2
3266 4346 3409 4414 ejus-

1831 4438 1952 4492 dem
1981 4438 2101 4492 libri
2129 4458 2140 4492 :
2178 4459 2196 4490 ι
2224 4440 2554 4511 Aperiantur
2572 4444 2712 4498 oculi
2746 4444 2941 4507 cordis,
2974 4459 3043 4497 nc
3080 4442 3279 4499 frustra
3312 4461 3407 4515 pa—

1830 4544 1982 4591 teant
2021 4537 2160 4591 oculi
2189 4540 2452 4609 corporis,
2510 4550 2565 4595 et
2590 4541 2773 4611 legant
2809 4539 3220 4610 prmdicatorem
3269 4540 3406 4595 libe-

1824 4642 1944 4680 rum
1991 4628 2234 4683 veritatis
2275 4628 2330 4684 in
2376 4630 2562 4685 eadem
2614 4632 2730 4701 ipsa
2761 4632 2935 4703 prima
2990 4633 3057 4688 ad
3095 4632 3405 4689 Corinthios

1824 4718 2065 4788 Epistola
2117 4722 2441 4777 scribentem
2470 4741 2483 4776 :
2510 4723 2717 4778 'Nolite
2760 4740 2982 4781 errare:
3034 4744 3195 4798 neque
3237 4728 3406 4797 forni-

1825 4813 1977 4877 carii,
2028 4829 2191 4884 neque
2224 4813 2380 4867 idolis
2427 4816 2725 4881 servientes,
2768 4836 2932 4889 neque
2962 4818 3214 4885 adulteri,
3239 4836 3402 4891 neque

1826 4900 2034 4967 molles,
2070 4919 2230 4972 neque
2258 4904 2612 4959 masculorum
2638 4909 3022 4975 concubitores,
3050 4928 3211 4981 neque
3238 4910 3402 4980 fures,

1827 5008 1988 5060 neque
2027 4994 2205 5055 avari,
2248 5009 2410 5063 neque
2453 4995 2676 5061 ebriosi,
2728 5015 2890 5069 neque
2920 4998 3163 5053 maledici
3189 5040 3203 5065 ,
3245 5018 3407 5071 neque

1826 5097 2063 5151 rapaces,
2102 5099 2315 5153 regnum
2343 5084 2441 5138 Dei
2470 5088 2825 5156 possidebunt.
2859 5090 3139 5157 Quomodo
3159 5107 3285 5163 ergo
3305 5091 3407 5164 Cy-

1824 5174 2047 5243 prianus
2076 5183 2130 5230 et
2159 5176 2259 5231 alia
2289 5178 2559 5235 frumenta
2593 5181 2874 5238 Dominica
2906 5183 2959 5237 in
2990 5183 3079 5238 illa
3106 5192 3235 5239 tunc
3286 5184 3407 5238 uni-

1824 5266 1952 5320 tatis
1972 5266 2215 5321 Ecclesia
2251 5285 2373 5324 cum
2402 5272 2582 5327 avaris
2611 5281 2665 5326 et
2693 5275 2999 5343 rapacibus,
3049 5291 3173 5329 cum
3204 5276 3289 5329 his
3312 5275 3405 5345 qui

1825 5370 2053 5427 regnum
2078 5357 2174 5412 Dei
2203 5375 2311 5415 non
2354 5362 2725 5429 possidebunt,
2753 5381 2859 5421 non
2890 5366 3043 5421 laicis
3073 5368 3157 5421 vel
3184 5366 3406 5435 quibus-

1825 5462 2036 5517 cunque
2060 5450 2293 5517 clericis,
2340 5455 2434 5509 sed
2455 5461 2509 5509 et
2532 5455 2661 5524 ipsis
2681 5458 2949 5527 episcopis
2971 5474 3166 5528 panem
3190 5456 3405 5510 Domini

1824 5541 2245 5607 manducabant,
2273 5552 2328 5597 et
2376 5545 2601 5600 calicem
2663 5548 2877 5603 Domini
2928 5550 3223 5611 bibebant,
3282 5560 3404 5598 cum

1824 5629 1967 5685 idem
2007 5629 2296 5700 Apostolus
2344 5637 2623 5704 praecipiat
2667 5654 2773 5692 non
2818 5630 2904 5693 "eis
2951 5634 3316 5699 commisceri,
3349 5641 3406 5688 et

1823 5718 2022 5774 clamet
2044 5735 2165 5774 cum
2196 5722 2459 5792 ejusmodi
2486 5741 2588 5780 nec
2631 5727 2811 5781 cibum
2860 5742 3070 5782 sumere
3092 5726 3117 5778 ?
3161 5724 3245 5779 An
3276 5724 3404 5795 quia

1821 5826 1930 5867 non
1956 5820 2209 5883 poterant
2232 5814 2303 5869 ab
2341 5814 2422 5870 eis
2447 5819 2806 5888 corporaliter
2825 5818 3085 5893 separari,
3117 5831 3185 5875 ne
3210 5815 3411 5873 similis
