4060 6350
627 286 766 344 1219

1193 282 1542 341 THEODORI
1576 283 1893 340 ARCIIIEP.
1937 282 2286 361 CANTUAB.
2327 284 2669 341 DOCTRINA
2710 289 2798 344 DE
2837 246 3289 347 PiENITENTIA

3743 299 3871 365 1220

625 411 709 461 ter
734 398 1074 458 eradicarent
1099 407 1156 455 et
1203 400 1461 485 triticum,
1492 396 1789 453 suﬂiciebat
1833 398 1914 452 eis
1940 414 1970 452 a
2004 397 2203 452 talibus
2231 399 2281 458 Α
2307 398 2469 467 quod,
2503 407 2562 453 ut
2599 400 2795 464 dicitis,
2837 402 3136 457 necessitas
3178 404 3461 473 imperavit
3483 406 3539 461 in
3592 421 3732 479 pace
3769 408 3871 478 jam

624 493 791 553 corde
838 492 1078 564 scjungi,
1132 493 1242 547 vita
1295 490 1643 559 moribusque
1672 490 1954 559 distingui,
1985 498 2205 561 propter

623 586 1120 656 compensationem
1166 581 1530 637 custodiendae
1606 582 1757 652 pacis
1817 590 1873 637 et
1930 583 2158 638 unitatis
2185 625 2200 650 ,

522 715 533 718 ο
624 686 849 751 propter
885 676 1109 731 salutem
1142 673 1483 728 inﬁrmorum
1514 682 1568 728 et
1599 683 1854 743 tanquam
1887 672 2201 728 laetentium

625 770 1042 833 frumentorum,
1070 780 1140 821 ne
1158 764 1403 821 membra
1426 765 1669 834 corporis
1689 763 1891 819 Christi
1916 778 2015 835 per
2036 764 2205 818 sacri-

624 860 742 931 lega
773 860 1062 916 schismata
1082 858 1394 927 laniarent?
1429 878 1448 911 ι
1493 856 1561 912 Et
1582 856 1719 912 infra
1744 899 1758 921 ,
1801 873 1922 931 cap.
1950 857 1984 911 ιι
2017 873 2031 910 :
2069 875 2089 910 ι
2119 855 2203 911 An

627 948 1001 1014 immunditia,
1059 962 1128 1001 an
1178 946 1344 1001 etiam
1391 946 1663 1001 avaritia?
1700 946 1872 1014 Quam
1899 946 2203 1019 Cyprianus

624 1042 785 1098 corde
806 1055 912 1096 non
940 1040 1136 1114 tetigit,
1165 1048 1220 1098 et
1245 1049 1424 1096 tamen
1451 1041 1593 1096 inter
1622 1056 1817 1096 avaros
1845 1041 2201 1113 pacatissimo

620 1132 775 1187 vixit.
805 1129 926 1189 Non
952 1134 1097 1188 enim
1149 1133 1521 1209 obsurdueratg
1554 1133 1814 1188 adversus
1844 1134 2012 1187 verba
2050 1132 2202 1187 Psal-

623 1238 835 1278 morum
862 1231 924 1278 ut
946 1225 1158 1279 sederet
1184 1223 1240 1278 in
1272 1223 1650 1278 conventiculo
1684 1223 1965 1289 vanitatis,
1998 1231 2202 1280 etcum

623 1315 946 1371 facinorosis
973 1317 1221 1372 introiret
1248 1330 1264 1370 :
1292 1316 1417 1371 odio
1441 1333 1551 1372 non
1573 1316 1800 1372 haberet
1815 1317 2023 1372 curiam
2051 1317 2203 1372 mali.

627 1422 877 1478 gnorum,
928 1413 1132 1461 etcum
1187 1406 1367 1477 impiis
1395 1423 1500 1462 non
1529 1408 1761 1462 sederet.
1842 1405 2036 1461 Annon
2085 1415 2202 1462 erat

626 1497 1056 1553 conventiculum
1104 1497 1354 1552 vanitatis
1403 1497 1458 1552 in
1487 1497 1567 1553 eis
1608 1498 1720 1567 qui,
1751 1497 2114 1554 esurientibus
2144 1499 2199 1553 in

627 1589 869 1646 Ecclesia
922 1589 1202 1655 fratribus,
1236 1590 1541 1660 largissime
1568 1598 1791 1662 argento
1819 1590 1992 1645 nitere
2017 1591 2199 1662 cupie-

2308 488 2578 544 Ecclesias
2624 491 2945 546 constitutas
2987 507 3094 547 non
3146 508 3306 562 posse
3347 486 3715 566 praesumere;
3769 502 3871 571 sed,

2303 590 2365 637 ut
2392 597 2535 652 siepe
2568 582 2786 647 accidit,
2814 585 3024 653 quoties
3053 599 3085 638 a
3118 586 3329 655 populis
3357 597 3449 643 aut
3491 588 3646 647 turba
3686 605 3875 662 μεως

2305 680 2413 737 tur,
2458 674 2584 743 quia
2614 675 2666 728 in
2701 689 2889 730 omnes
2941 683 3165 747 propter
3194 677 3595 737 multitudinem
3644 699 3765 741 non
3789 703 3875 758 po-

2304 768 2412 818 test
2439 763 2721 829 vindicari,
2754 763 2983 820 inultum
3016 766 3153 822 solet
3176 768 3429 835 transire,
3471 771 3653 840 priora
3703 774 3876 832 dimit-

2304 857 2464 911 tenda
2490 854 2586 911 Dei
2614 856 2842 927 judicio,
2882 864 2937 912 et
2963 856 3031 913 de
3082 858 3293 930 reliquo
3338 864 3574 919 maxima
3613 865 3874 924 sollicitu-

2304 950 2428 1007 dine
2452 951 2888 1037 praecavendum.
2930 970 2948 1004 ι
2983 951 3052 1007 Et
3085 953 3141 1008 in
3167 955 3393 1025 epistola
3437 959 3505 1013 ad
3532 962 3875 1032 synodumiu

2303 1039 2561 1096 Toletana
2615 1042 2831 1096 civitate
2870 1042 3243 1111 constltutam,
3295 1059 3414 1116 cap.
3445 1047 3468 1101 1
3502 1066 3516 1103 :
3556 1066 3576 1100 ‹
3627 1049 3866 1118 Quorum

2301 1133 2502 1193 factum
2551 1136 2627 1191 ita
2683 1116 3156 1207 reprehendimus,
3208 1145 3271 1197 ut
3315 1150 3538 1213 propter
3586 1116 3872 1207 numerum

2302 1228 2768 1299 corrigendorum,
2802 1243 2865 1282 ea
2918 1243 3037 1298 qum
3089 1243 3305 1298 quoquo
3334 1233 3493 1288 modo
3538 1233 3689 1291 facta
3734 1246 3865 1302 sunt,

2300 1334 2410 1402 non
2441 1319 2495 1402 in
2517 1318 2742 1374 dubium
2766 1334 3043 1387 vocemus,
3068 1304 3163 1375 sed
3196 1319 3294 1378 Dei
3329 1326 3512 1399 potius
3542 1327 3870 1386 dimittamus

2295 1386 2519 1489 judicio.
2554 1429 2573 1462 ι

2373 1500 2659 1558 Salvianus
2702 1509 2925 1574 propter
2966 1503 3209 1561 eamdem
3255 1505 3521 1562 rationem
3568 1507 3871 1566 innumeros

2298 1589 2413 1648 fere
2444 1590 2715 1663 improbos
2743 1593 2797 1646 in
2826 1584 3066 1649 Ecclesia
3110 1594 3369 1650 toleratos
3392 1595 3560 1653 fuisse
3586 1599 3755 1654 refert
3785 1600 3867 1657 lib.

623 1679 799 1736 bant?
852 1679 1047 1736 Annon
1090 1689 1245 1739 erant
1271 1679 1557 1736 faciuorosi
1585 1681 1677 1751 qui
1708 1679 1899 1736 fundos
1940 1681 2199 1736 insidiose
2229 1743 2257 1758 ὲ
2299 1696 2362 1736 ιιι
2389 1681 2456 1736 de
2476 1696 2606 1737 vero
2646 1680 2858 1738 iudicio
2904 1691 2958 1739 et
2999 1683 3343 1741 Providentia
3392 1687 3528 1743 Dei:
3562 1708 3584 1740 ι
3637 1688 3868 1758 Quorum

623 1771 882 1829 fratribus
924 1774 1238 1846 rapiebant?
1291 1772 1374 1828 An
1431 1772 1745 1845 nequissimi
1776 1781 1833 1828 et
1884 1773 2035 1844 impii
2088 1789 2196 1828 non
2228 1755 2273 1815 Β
2300 1772 2444 1828 enim
2464 1786 2731 1844 quemque
2777 1775 3017 1831 invenies
3062 1776 3115 1831 in
3155 1775 3396 1834 Ecclesia
3424 1796 3533 1836 non
3566 1755 3873 1840 aut'ebﬁo-

623 1876 798 1934 erant,
823 1869 914 1941 qui
952 1868 1132 1923 usuris
1180 1868 1661 1941 multiplicautibus
1688 1869 1846 1924 fenus
1895 1871 2198 1941 augebant?

622 1958 713 2014 llle
739 1975 870 2015 vero
901 1958 1119 2015 lavabat
1165 1976 1357 2014 manus
1405 1970 1531 2014 suas
1561 1976 1684 2015 cum
1713 1960 2114 2026 innocentibus,
2145 1968 2201 2016 et

625 2051 994 2106 circumdabat
1041 2050 1211 2107 altare
1266 2050 1497 2105 Domini.
1539 2052 1662 2107 ideo
1691 2052 1888 2123 quippe
1935 2051 2197 2106 tolerabat

623 2150 901 2206 nocentes,
921 2157 987 2223 ne
1005 2140 1279 2197 desereret
1298 2141 1633 2205 innocentes,
1651 2157 1772 2195 cum
1793 2142 1990 2212 quibus
2005 2156 2198 2197 manus

623 2218 861 2299 lavabat,
892 2218 1017 2304 quia
1058 2233 1313 2305 diligebat
1340 2233 1575 2305 speciem
1598 2235 1789 2291 domus
1815 2233 2051 2300 Domini,
2080 2249 2199 2304 qua:

624 2322 833 2396 species
855 2322 907 2377 iu
939 2323 1084 2391 vasis
1107 2322 1514 2378 honorabilibus
1546 2322 1667 2378 fuit.
1700 2344 1719 2376 ι

696 2435 792 2493 His
822 2437 1075 2495 omnibus
1108 2436 1369 2507 exemplis
1406 2445 1586 2493 motus
1615 2446 1837 2496 sanctus
1866 2438 2201 2512 Augustinus

624 2535 810 2589 censet
836 2528 1075 2584 ebriosos
1098 2536 1155 2584 et
1180 2536 1597 2593 comessatores,
1625 2544 1855 2600 quorum
1885 2538 2037 2585 tanta
2084 2538 2203 2585 erat

623 2615 912 2674 multitudo
934 2655 949 2681 ,
988 2616 1167 2687 potius
1193 2614 1501 2672 tolerandos
1519 2632 1640 2673 esse
1666 2633 1829 2693 quam
1860 2617 1928 2675 ab
1958 2616 2202 2674 Ecclesia

623 2711 887 2769 arcendos
912 2722 969 2767 et
990 2725 1185 2781 aspera
1214 2711 1536 2781 paenitentia
1562 2710 1896 2783 plectendos.
1925 2709 2019 2768 Sic
2048 2711 2195 2779 enim

622 2804 863 2875 loquitur
890 2804 946 2858 in
972 2802 1198 2873 epistola
1226 2801 1293 2857 64
1334 2821 1354 2867 ⁸ε
1390 2820 1409 2853 ‹
1446 2801 1582 2857 Cum
1606 2802 1752 2863 enim
1776 2801 2067 2872 Apostolus
2092 2802 2200 2857 tria

622 2896 865 2954 breviter
888 2910 1087 2966 genera
1126 2895 1382 2951 vitiorum
1405 2893 1724 2951 detestanda
1760 2903 1817 2951 et
1840 2896 2065 2951 vitanda
2091 2909 2201 2953 uno

624 2987 681 3043 in
707 2988 829 3043 loco
854 2986 1130 3055 posuerit,
1160 2986 1226 3042 de
1253 2986 1449 3055 quibus
1491 2985 1965 3047 innumerabilium
2013 3000 2202 3055 pecca-

625 3084 806 3131 torum
840 3075 1083 3146 exsurgit
1129 3090 1301 3147 seges,
1332 3090 1501 3131 unum
1536 3076 1750 3140 borum,
1787 3074 1932 3146 quod
1960 3075 2197 3135 secundo

2300 1870 2555 1927 sum,aut
2601 1864 2926 1932 helluonem,
2952 1875 3047 1921 aut
3100 1867 3426 1936 adulterum,
3455 1878 3546 1926 aut
3587 1871 3873 1931 formato-

2300 1970 2438 2023 rem,
2469 1964 2563 2010 aut
2584 1965 2874 2027 raptorem,
2902 1966 2993 2012 aut
3022 1974 3342 2029 ganeonem,
3365 1964 3754 2031 autlatronem,
3782 1976 3875 2022 aut

2300 2046 2661 2104 homicidam?
2685 2049 2751 2103 Et
2798 2050 2941 2119 quod
2965 2051 3218 2107 omnibus
3247 2050 3397 2123 peius
3438 2063 3535 2120 est,
3558 2070 3728 2127 prope
3754 2057 3873 2113 inec

2301 2147 2494 2195 cuneta
2520 2140 2638 2195 sine
2666 2138 2772 2195 fine
2794 2181 2808 2205 ,
2864 2148 2971 2196 etc.
3021 2141 3079 2195 in
3107 2141 3251 2198 hanc
3291 2143 3421 2198 enim
3446 2146 3865 2215 probrositatem

2301 2248 2511 2290 momm
2540 2249 2709 2305 prope
2730 2235 2908 2290 omnis
2934 2233 3189 2290 Ecclesia:
3240 2236 3388 2308 plebs
3407 2238 3614 2293 redacta
3636 2250 3751 2302 est,
3798 2246 3874 2294 ut

2300 2326 2358 2383 in
2386 2332 2580 2381 cuncto
2606 2323 2801 2396 populo
2812 2323 3125 2381 Christiano
3146 2340 3317 2397 genus
3337 2326 3721 2398 quodammodo
3747 2342 3881 2384 san-

2301 2417 2507 2474 ctitatis
2542 2417 2633 2481 sit,
2662 2418 2841 2473 minus
2895 2432 3016 2474 esse
3045 2418 3322 2484 vitiosum,
3345 2427 3449 2473 etc.
3476 2418 3537 2474 In
3559 2420 3760 2491 templa
3777 2432 3881 2476 au-

2301 2519 2433 2577 tem,
2460 2510 2546 2567 vel
2574 2511 2754 2587 potius
2782 2512 2835 2566 in
2865 2511 3057 2567 altaria
3084 2519 3249 2582 atque
3270 2512 3326 2567 in
3355 2513 3594 2569 sacraria
3623 2514 3884 2585 Dei,pas-

2303 2606 2406 2661 sim
2436 2618 2623 2660 omnes
2653 2605 2854 2662 sordidi
2878 2621 2941 2661 ae
2961 2604 3212 2677 ﬂagitiosi
3252 2606 3368 2661 sine
3403 2605 3511 2661 ulla
3553 2607 3768 2678 penitus
3792 2622 3883 2663 rer

2302 2697 2546 2751 verentia
2590 2696 2731 2752 sacri
2773 2696 2994 2752 honoris
3024 2697 3360 2769 irrumpunt,
3411 2706 3519 2753 etc.
3561 2697 3801 2767 Denique
3836 2696 3884 2753 si

2300 2787 2419 2841 vult
2444 2787 2713 2858 quispiam
2742 2786 2882 2842 scire
2911 2786 3039 2858 quid
3065 2786 3120 2841 in
3146 2784 3348 2857 templo
3377 2786 3682 2859 huiusmodi
3711 2786 3884 2843 homi—

2301 2892 2401 2933 nes
2430 2877 2788 2948 cogitaverint
2814 2918 2829 2943 ,
2879 2878 3058 2932 videat
3103 2877 3232 2948 quid
3272 2888 3549 2947 sequatur.
3609 2877 3882 2949 Siquidem

2302 2967 2688 3022 consummatis
2711 2966 3041 3023 solemnibus
3067 2969 3257 3034 sacris,
3290 2970 3477 3024 statim
3510 2969 3580 3025 ad
3599 2978 3879 3025 consuetu-

2303 3057 2511 3113 dinaria
2536 3057 2779 3112 omnium
2827 3058 3003 3114 studia
3037 3059 3393 3124 discurrunt,
3440 3052 3532 3115 alii
3575 3061 3779 3117 scilicet
3823 3069 3882 3115 ut

1330 3126 2198 3233 Q'égcgs‘igmﬁgjiélggalii,
2221 3126 2270 3193 Ω
2300 3138 2567 3213 furentur,
2599 3148 2687 3202 alii
2716 3156 2777 3203 ut
2812 3147 3166 3215 inebrientur,
3191 3149 3284 3204 alii
3319 3158 3379 3204 ut
3402 3148 3763 3218 fornicentur,
3793 3151 3882 3206 ὦ

621 3271 803 3318 autem
834 3261 1057 3332 reliqua,
1088 3261 1144 3316 id
1167 3260 1500 3331 estprimum
1525 3268 1580 3317 et
1605 3260 1872 3325 ultimum,
1899 3260 2199 3318 tolerabilia

624 3352 877 3409 videntur
906 3350 1249 3417 hominibus;
1276 3359 1440 3421 atque
1465 3351 1539 3405 ita
1558 3351 1821 3420 paulatim
1846 3351 1965 3407 fieri
1994 3360 2196 3422 potest,

624 3452 809 3501 utnec
827 3444 956 3499 vitia
977 3444 1091 3514 jam
1112 3448 1387 3514 putentur.
1413 3441 1503 3497 Ait
1529 3442 1674 3495 enim
1718 3442 1826 3497 Vas
1869 3442 2149 3501 electionis
2180 3461 2194 3497 :

622 3554 727 3595 non
751 3535 806 3590 in
832 3533 1343 3590 commutationibus
1365 3542 1412 3588 et
1441 3532 1777 3588 ebrietatibus
1797 3572 1812 3598 ,
1845 3548 1948 3586 non
1974 3534 2030 3587 in
2056 3534 2200 3588 cubi-

620 3625 756 3681 libus
793 3635 841 3687 et
869 3624 1236 3694 impudicitiia,
1263 3640 1365 3677 non
1411 3623 1465 3677 in
1495 3623 1824 3678 contentione
1853 3631 1901 3676 et
1929 3623 2074 3689 dolo,
2104 3624 2199 3679 sed

622 3715 833 3773 induite
867 3730 963 3770 vos
985 3714 1269 3769 Dominum
1295 3710 1478 3769 Iesum
1502 3710 1798 3778 Christum,
1835 3721 1881 3766 et
1905 3712 2077 3766 carnis
2106 3727 2198 3765 cu-

624 3823 739 3862 ram
774 3824 838 3863 ηε
883 3807 1112 3878 feceritis
1138 3807 1221 3876 ,in
1276 3805 1755 3876 concupiscentiis.
1816 3804 2021 3860 Horum
2067 3818 2197 3875 ergo

623 3900 810 3965 trium,
839 3898 1035 3954 cubilia
1068 3906 1123 3954 et
1150 3897 1497 3971 impudicitiae
1520 3936 1537 3963 ,
1577 3905 1689 3951 tam
1711 3910 1963 3966 magnum
1990 3895 2197 3950 crimen

624 3996 905 4058 putantur,
932 3994 992 4040 ut
1024 4002 1183 4042 nemo
1226 3986 1419 4056 dignus
1466 4001 1576 4043 non
1621 3985 1782 4041 modo
1828 3984 2197 4041 ecclesiastico

622 4076 947 4143 ministerio,
983 4076 1077 4133 sed
1104 4076 1220 4147 ipsa
1242 4076 1410 4131 etiam
1456 4083 1919 4131 sacramentorum
1955 4089 2195 4130 commu—

623 4168 783 4225 nione
809 4169 1087 4236 videatur,
1118 4170 1212 4240 qui
1251 4183 1310 4225 se
1335 4168 1441 4223 isto
1466 4175 1689 4239 peccato
1725 4167 2096 4223 maculaverit.
2127 4168 2197 4222 Et

622 4269 771 4317 recte
812 4262 1051 4319 omnino.
1117 4260 1225 4317 Sed
1270 4275 1439 4331 quare
1483 4258 1692 4316 solum?
1760 4258 2195 4317 Comessationes

620 4354 767 4412 enim
812 4363 868 4411 et
909 4355 1199 4410 ebrietates
1241 4353 1316 4408 ita
1342 4354 1625 4409 concessae
1654 4360 1709 4407 et
1729 4351 1888 4407 licita:
1915 4358 2188 4421 putantur,

620 4448 766 4507 utin
790 4448 1053 4511 honorem
1080 4448 1245 4517 etiam
1268 4447 1707 4509 beatissimorum
1737 4453 2056 4515 martyrum,
2086 4458 2192 4498 non

619 4538 795 4599 solum
830 4554 926 4611 per
944 4540 1057 4597 dies
1081 4528 1368 4604 solemnes,
1395 4537 1539 4605 quod
1562 4537 1733 4605 ipsum
1755 4535 2049 4607 lugendum
2072 4535 2194 4606 quis

619 4643 729 4686 non
764 4629 941 4684 videat
970 4629 1063 4698 qui
1108 4630 1223 4687 haec
1246 4642 1355 4681 non
1385 4627 1566 4681 carnis
1598 4625 1771 4680 oculis
1809 4625 2028 4695 inspicit
2051 4666 2065 4690 ,
2100 4627 2196 4682 sed

619 4720 785 4777 etiam
809 4719 1047 4789 quotidie
1094 4719 1466 4781 celebrentur,
1518 4724 1624 4772 etc.
1658 4737 1677 4769 ι
1717 4717 1784 4772 Et
1833 4718 1990 4788 paulo
2019 4727 2142 4788 post
2178 4737 2190 4774 :

612 4797 645 4862 ἰ
676 4811 797 4868 Νοιι
825 4826 953 4880 ergo
978 4825 1166 4880 aspere
1191 4851 1205 4876 ,
1237 4818 1497 4880 quantum
1525 4809 1804 4876 existimo,
1836 4825 1943 4864 non
1965 4809 2192 4865 duriter.

620 4918 730 4957 non
751 4903 912 4959 modo
942 4902 1230 4973 imperioso
1274 4901 1377 4956 ista
1416 4901 1674 4956 tolluntur
1695 4942 1710 4968 ,
1752 4901 1924 4972 magis
1951 4900 2196 4957 docendo

621 4993 1058 5064 quamjubendo,
1101 4996 1271 5064 magis
1293 4993 1559 5048 monendo
1581 5007 1741 5063 quam
1768 4993 2044 5047 minando.
2100 4991 2193 5046 Sic

621 5082 769 5136 enim
819 5081 1084 5153 agendum
1133 5092 1215 5137 est
1251 5099 1373 5137 eum
1409 5082 1750 5137 multitudine
1803 5083 2188 5153 peccantium:

622 5171 884 5227 severitas
939 5178 1116 5224 autem
1164 5172 1464 5227 exercenda
1516 5180 1599 5227 est
1638 5171 1691 5225 in
1721 5178 1945 5241 peccata
1991 5185 2191 5241 pauco-

621 5278 765 5321 rum.
799 5282 818 5316 ι
848 5261 1000 5318 Hanc
1046 5271 1206 5319 tanta:
1247 5264 1589 5337 indulgentia:
1642 5262 1927 5327 rationem,
1972 5278 2080 5333 qua
2098 5262 2193 5318 hic

621 5364 676 5411 et
704 5355 832 5411 alibi
868 5354 1176 5431 frequenter
1214 5358 1385 5411 utitur
1444 5365 1499 5413 et
1526 5354 1827 5426 praesertim
1874 5353 1930 5407 in
1955 5352 2092 5409 libro
2126 5370 2189 5409 ιιι

620 5455 811 5503 contra
846 5448 1123 5519 epistolam
1176 5448 1541 5511 Parmeniani,
1598 5447 1713 5515 ipse
1750 5446 2082 5518 Augustinus
2110 5445 2192 5525 di-

622 5555 779 5597 scere
798 5551 1049 5611 potuerat
1069 5545 1136 5598 ab
1157 5542 1470 5598 lnuocentio
1496 5541 1537 5608 Ι,
1571 5542 1661 5611 qui
1688 5540 1759 5595 ita
1790 5542 1842 5595 iu
1871 5541 2094 5612 epistola
2122 5540 2191 5595 ad

2299 3247 2360 3294 ut
2388 3239 2776 3294 latrocinentnr
2799 3258 2813 3293 :
2839 3248 2899 3295 ut
2925 3240 3207 3296 evidenter
3224 3251 3482 3313 appareat
3510 3243 3618 3300 hoc
3640 3258 3738 3299 eos
3766 3258 3882 3300 om

2297 3330 2606 3395 meditatos,
2636 3329 2762 3384 dum
2788 3329 2928 3384 intra
2953 3330 3213 3401 templum
3239 3340 3399 3398 sunt,
3426 3332 3573 3403 quod
3601 3344 3883 3404 postquam

2300 3420 2503 3492 egressi
2525 3418 2725 3475 fuerint
2749 3430 3136 3491 exsequuntur.
3150 3440 3170 3474 ο

2369 3513 2652 3570 Postremo
2678 3511 2877 3569 Juliaui
2910 3514 3170 3581 Pomerii,
3218 3523 3278 3571 et
3327 3513 3602 3573 Anastasii
3658 3513 3885 3572 Simila

2300 3606 2610 3663 testimonia
2631 3605 2926 3675 proferam,
2971 3621 3202 3676 quorum
3231 3607 3440 3678 primus
3460 3621 3582 3662 cum
3608 3606 3684 3662 sit
3736 3607 3884 3662 Lati-

2299 3715 2421 3764 nus,
2454 3699 2592 3754 alter
2618 3714 2749 3754 vero
2775 3697 3016 3764 Graecus,
3039 3700 3321 3771 utriusque
3368 3699 3618 3775 Ecclesiae
3648 3700 3889 3771 discipli-

2298 3808 2424 3846 nam
2466 3790 2741 3857 referunt;
2770 3798 2825 3846 et
2852 3799 3054 3860 quanta
3082 3791 3246 3869 fuerit
3273 3776 3400 3863 erga
3442 3801 3766 3861 peccatores
3790 3806 3891 3862 pu-

2295 3881 2468 3939 blicos
2501 3880 2753 3936 Ecclesiie
2777 3879 3106 3953 indulgentia
3132 3890 3354 3954 propter
3387 3869 3793 3957 multitudinem
3831 3892 3891 3938 et

2298 3970 2667 4027 infirmitatem
2691 3973 3029 4043 peccantium
3058 3982 3344 4030 testantur.
3374 3960 3467 4029 Sic
3485 3989 3617 4031 vero
3636 3970 3885 4029 Julianus

2295 4063 2578 4120 Pomerius
2598 4065 2653 4119 in
2673 4064 2768 4121 lib.
2811 4080 2851 4120 ιι
2899 4064 2967 4119 de
2996 4065 3117 4121 Vita
3143 4065 3557 4136 contemplativa
3580 4107 3596 4132 ,
3646 4080 3762 4138 cap.
3788 4064 3829 4120 5
3863 4083 3882 4119 :

2305 4173 2323 4207 ι
2352 4155 2486 4210 Item
2512 4155 2617 4211 alio
2642 4155 2760 4213 loco
2787 4141 2927 4209 idem
2952 4156 3221 4226 apostolus
3238 4155 3392 4212 dicit:
3424 4155 3533 4211 Vos
3555 4157 3649 4227 qui
3676 4154 3888 4211 ﬁrmio-

2299 4263 2387 4303 res
2416 4249 2567 4314 estis,
2601 4247 3000 4302 imbecillitates
3047 4247 3401 4303 infirmion
3436 4251 3721 4304 sustinete.
3756 4249 3897 4307 Sus-

2299 4343 2433 4397 tinet
2456 4355 2585 4413 ergo
2624 4340 3001 4410 aequanimiter
3026 4347 3088 4395 ut
3132 4339 3397 4405 infirmos,
3426 4354 3562 4411 quos
3587 4342 3895 4399 emendare

2298 4453 2405 4491 non
2444 4436 2681 4508 potuerit
2713 4435 3025 4506 castigatos.
3070 4433 3304 4490 Proinde
3331 4434 3453 4507 quia
3480 4450 3581 4489 nec
3633 4434 3897 4507 objugari

2299 4544 2484 4583 omnes
2506 4528 2735 4599 expedit,
2764 4542 2863 4582 nec
2902 4541 3092 4581 omnes
3135 4510 3328 4603 blande
3380 4525 3602 4603 tractari
3626 4566 3644 4591 ,
3710 4529 3899 4581 sciunt

2300 4620 2470 4675 sancti
2494 4618 2803 4674 sacerdotes
2823 4626 2984 4688 atque
3000 4600 3311 4693 discernunt
3330 4600 3464 4689 quos
3489 4617 3736 4672 debeant
3757 4630 3899 4675 tem-

2296 4719 2485 4784 perata
2511 4709 2798 4765 severitate
2824 4710 3121 4781 corripere,
3154 4717 3209 4763 et
3257 4724 3393 4779 quos
3417 4708 3751 4763 sacerdotali
3780 4724 3897 4763 ma-

2297 4802 2649 4872 gnanimitate
2676 4808 2897 4870 portare
2924 4820 2937 4855 :
2967 4808 3023 4855 et
3050 4798 3171 4855 ideo
3196 4800 3436 4857 omnium
3481 4814 3622 4870 quos
3650 4815 3761 4870 per
3800 4798 3897 4855 Dei

2298 4895 2528 4966 gratiam
2541 4900 2754 4958 curant,
2771 4907 2878 4946 non
2892 4890 3158 4946 voluntati
3173 4889 3267 4944 sed
3282 4889 3500 4945 utilitati
3518 4890 3893 4961 prospiciunt.
3954 4898 3971 4966 ξ

2295 4988 2537 5058 Denique
2561 4988 2694 5042 alios
2719 4987 2980 5050 honorari
2999 4985 3317 5042 deformiter
3337 4984 3669 5050 ambientes,
3694 4985 3896 5054 quibus

2294 5096 2401 5136 non
2427 5077 2680 5148 expedire
2724 5084 3014 5143 noverunt,
3039 5090 3146 5130 non
3172 5074 3304 5128 vitio
3357 5072 3583 5141 alicujus
3626 5072 3893 5137 invidiae,

2294 5168 2390 5225 sed
2417 5168 2538 5222 altae
2563 5165 2862 5238 prudentia:
2891 5163 3115 5219 consilio
3161 5162 3626 5233 praetermittunt;
3664 5172 3727 5219 et
3764 5164 3897 5218 alios

2290 5260 2460 5315 latere
2482 5258 2761 5329 cupientes
2780 5255 3071 5320 honorant,
3094 5264 3155 5309 ut
3180 5254 3260 5310 eis
3309 5253 3513 5307 aditum
3547 5253 3623 5306 ad
3657 5253 3913 5325 majores»

2288 5352 2564 5431 profectus
2584 5349 2847 5421 aperiant.
2880 5347 2987 5402 Eos
3014 5362 3150 5421 quos
3176 5347 3406 5419 probant
3453 5344 3899 5419 inerepationem

2290 5461 2449 5516 posse
2498 5442 2631 5515 pati,
2656 5440 2953 5513 castigant;
3007 5448 3062 5494 et
3094 5438 3437 5510 impatientes
3482 5433 3901 5507 obiurgationis

2292 5546 2351 5590 ut
2373 5533 2655 5606 languidos
2678 5533 2901 5603 palpant
2926 5550 2937 5586 :
2966 5547 3076 5586 non
3106 5532 3185 5586 eis
3234 5528 3500 5585 adulando
3546 5530 3721 5599 quod
3774 5528 3907 5584 tales

2293 5635 2436 5690 sunt,
2460 5627 2555 5680 sed
2589 5624 2995 5680 inﬁrmitatibus
3025 5623 3212 5679 talium
3244 5620 3656 5693 compatiendo,
3688 5621 3748 5679 si
3772 5620 3909 5677 forte

2293 5721 2449 5776 aliter
2473 5717 2656 5775 sanari
2698 5733 2805 5773 non
2837 5726 3079 5790 possunt.
3112 5737 3132 5771 ι
4008 5732 4015 5799 χ

3970 5872 4015 6190 1

622 5632 901 5703 episcopos
928 5634 1273 5693 Macedoniae,
1306 5649 1425 5701 cap.
1457 5632 1488 5687 6
1515 5650 1527 5685 :
1580 5650 1597 5683 ι
1651 5631 1935 5689 Pervideat
1963 5650 2089 5705 ergo
2113 5631 2193 5687 di-

620 5720 779 5781 lectio
804 5732 985 5783 vestra
1029 5724 1293 5779 hactenus
1336 5723 1459 5778 talia
1512 5724 1791 5791 transisse,
1820 5734 1873 5780 et
1930 5724 2193 5782 advertite
