4060 6350
226 342 362 411 1221

1092 327 1183 382 ΑΒ
1221 324 1393 383 OMNl
1429 324 1800 381 NOVITATIS
1839 321 2246 380 SUSPlCIONE
2279 320 2668 377 VINDICATA.

3358 325 3503 383 1222

292 455 614 513 Anastasius
638 449 871 515 Sinaita,
901 447 969 504 ad
1021 445 1185 502 ﬁnem
1210 444 1473 500 orationis
1506 444 1573 499 de
1624 449 1810 498 sancta
1841 443 1894 506 Α
1916 457 2155 507 cusasse,
2185 450 2519 512 caaterosque
2547 441 2829 512 episcopos
2848 442 3092 498 unanimi
3112 458 3378 502 consensu
3402 446 3507 502 ista

224 548 429 621 Synaxi
455 565 469 602 :
501 566 519 598 ι
559 546 711 610 Esto,
742 543 938 597 fratem
968 548 1118 595 tuum
1142 547 1484 609 peccatorem
1515 535 1816 603 esse,unde

222 648 451 707 caeteras
481 636 598 707 ejus
636 633 878 689 actiones
911 637 1220 699 compertas
1254 627 1456 682 habes?
1478 626 1615 681 Nam
1658 624 1817 681 multi

222 729 418 787 crebro
448 725 790 796 reperiuntur
818 721 909 791 qui
950 718 1129 791 palam
1178 724 1505 787 peccarunt;
1556 715 1649 770 sed
1674 714 1815 769 clam

222 832 281 876 et
305 816 517 875 occulte
572 827 824 883 magnam
875 808 1254 881 paenitentiam
1307 813 1555 878 egerunt.
1605 804 1675 859 Et
1720 818 1819 859 nos

223 911 445 987 quidem
475 905 723 962 novimus
751 900 965 972 quando
984 906 1252 971 peccant,
1309 906 1364 952 at
1396 912 1527 953 vero
1549 895 1816 987 paeniten-

224 1003 359 1058 tiam
382 1008 438 1055 et
456 996 865 1056 conversionem
891 992 1106 1047 illorum
1150 990 1482 1063 ignoramus,
1507 996 1562 1043 et
1588 1004 1619 1043 a
1664 986 1821 1042 nobis

225 1094 448 1166 quidem
482 1089 797 1162 iudicantur
822 1090 1177 1155 peccatores,
1225 1081 1367 1153 apud
1416 1079 1585 1135 Deum
1637 1087 1821 1134 autem

221 1184 509 1260 iustificati
536 1189 681 1238 sunt.
719 1201 737 1234 ι

296 1302 416 1358 Non
446 1300 611 1373 igitur
638 1294 884 1355 absolute
909 1289 1219 1349 necessaria
1267 1297 1351 1345 est
1380 1285 1698 1359 poenitentia
1724 1299 1825 1356 pu-

224 1393 391 1456 blica,
408 1405 442 1445 a
471 1403 578 1459 qua
606 1394 687 1441 tot
710 1384 955 1457 publicos
983 1388 1299 1455 peccatores
1329 1377 1570 1434 Ecclesia
1596 1373 1822 1440 exemit,

225 1490 448 1555 propter
476 1478 671 1537 multas
691 1475 872 1532 varias
905 1473 1179 1539 rationes,
1229 1485 1349 1542 qua:
1390 1469 1435 1524 si
1465 1468 1519 1523 in
1571 1466 1826 1523 Patribus

226 1574 436 1633 laudari
467 1572 729 1636 debeant,
758 1567 950 1625 saltem
973 1567 1029 1621 in
1058 1564 1342 1623 Theodoro
1363 1560 1687 1633 reprehendi
1708 1574 1819 1617 non

222 1681 477 1745 possunt,
501 1669 655 1739 cujus
682 1667 945 1727 sanctitas
971 1672 1027 1722 et
1082 1662 1329 1727 doctrina
1354 1677 1387 1718 a
1417 1658 1637 1732 synodis
1665 1657 1827 1714 toties

226 1764 522 1837 [il-abdicata
554 1770 657 1819 est.

852 1886 1082 1947 CAPUT
1119 1886 1214 1944 IX.

228 2029 476 2096 Defensio
503 2025 937 2096 Redemptionum
961 2018 1383 2096 ptenitentiarltm
1411 2032 1553 2096 quas
1588 2013 1822 2096 {annuas

363 2083 543 2154 orinus
569 2083 876 2167 vituperata.
900 2083 973 2167 ac:
989 2091 1184 2145 idcirco
1208 2106 1241 2144 (ι
1273 2083 1631 2143 Ρωηὶἰεηιὶαιὶ
1659 2084 1821 2139 Theo-

300 2171 419 2225 dori
441 2178 489 2225 et
518 2162 758 2222 Romano
784 2162 1079 2234 abjudicat.

303 2302 533 2361 Joannes
561 2300 826 2369 Morinus,
853 2298 947 2355 lib.
972 2314 1007 2355 χ
1027 2295 1094 2353 de
1118 2294 1603 2351 Administratione
1640 2307 1825 2349 sacra-

226 2394 424 2460 menti,
456 2408 573 2463 cap.
600 2393 663 2448 17
694 2414 708 2446 ;
742 2409 762 2443 α
797 2390 924 2459 Tria
952 2388 1109 2446 nobis
1131 2395 1421 2457 supersunt
1445 2385 1513 2442 de
1538 2384 1623 2441 his
1644 2385 1824 2456 ι)ωηί-

225 2487 522 2555 tentiarum
550 2480 1032 2555 Redemptionibus
1088 2479 1508 2541 demonstranda
1531 2518 1545 2543 ,
1595 2492 1715 2547 qua:
1745 2492 1827 2533 se-

223 2575 461 2661 paratim
487 2575 759 2651 explicare
785 2574 965 2629 visum
987 2580 1091 2628 est.
1126 2570 1353 2640 Quando
1379 2570 1434 2627 in
1456 2569 1698 2627 Ecclesia
1714 2582 1823 2625 etn-

220 2668 306 2747 pit
368 2666 514 2727 istud
567 2665 952 2743 redemptionis
996 2678 1200 2736 genus;
1264 2663 1480 2734 quando
1533 2663 1733 2718 desiit:
1770 2670 1826 2718 et

225 2773 335 2831 qua
349 2775 411 2815 ra
419 2759 562 2817 tione
574 2756 961 2815 imminuendis
981 2754 1221 2825 antiquis
1231 2754 1572 2825 ptenitentiis
1585 2753 1823 2811 occasio-

224 2865 354 2919 nem
378 2850 545 2913 dedit.
571 2850 833 2915 Primum,
868 2863 940 2905 ex
971 2848 1132 2907 dictis
1159 2848 1336 2919 capite
1368 2846 1709 2918 praecedente
1737 2844 1823 2900 fa-

226 2942 331 3017 cile
354 2942 655 3013 colligitur:
682 2940 890 2997 nullum
926 2940 1075 3001 enim
1102 2938 1475 3001 testimonium
1502 2938 1824 3011 octingentis

227 3043 286 3105 et
308 3034 512 3111 aliquot
540 3034 700 3097 annis
741 3032 1019 3111 antiquius
1061 3030 1420 3105 protulimus,
1480 3031 1604 3088 ideo
1652 3030 1825 3086 multo

228 3137 475 3209 tempore
499 3144 607 3193 non
628 3135 807 3203 potest
842 3127 986 3195 hanc
1017 3128 1262 3200 epochen
1302 3126 1643 3185 antecedere.
1691 3126 1822 3183 Nul—
1847 3156 1894 3225 ο

224 3221 343 3289 lum
368 3229 516 3281 certe
535 3220 776 3279 occurrit
806 3235 1044 3289 unquam
1077 3220 1304 3293 hujusce
1338 3220 1417 3275 rei
1446 3219 1818 3279 testimonium

227 3312 336 3381 nisi
362 3321 488 3387 post
512 3328 709 3377 annum
734 3311 940 3369 Christi
965 3309 1537 3382 septingentesimum;
1587 3323 1820 3378 raraque

228 3411 364 3469 sunt
383 3402 685 3472 hujusmodi
707 3403 1014 3459 testimonia
1033 3401 1206 3457 donec
1239 3400 1473 3473 attingas
1503 3414 1705 3459 annum
1732 3412 1820 3451 sa-

225 3491 362 3557 lutis
384 3494 870 3567 nongentesimum.
899 3493 1041 3567 Lege
1087 3491 1267 3549 Caroli
1295 3491 1493 3563 Magni,
1525 3488 1817 3555 Ludovici,

224 3582 413 3641 Caroli
440 3584 587 3643 Calvi
616 3586 954 3659 capitularia,
981 3585 1148 3657 leges,
1184 3583 1413 3643 concilia
1443 3583 1511 3640 iis
1549 3581 1819 3654 regnanti-

224 3673 334 3737 bus
358 3676 650 3744 celebrata,
690 3692 958 3749 nusquam
1008 3676 1439 3747 redemptionum
1487 3674 1820 3746 ptenitentire

223 3768 455 3839 mentio.
499 3767 890 3838 Antiquissima
918 3774 1003 3824 est
1038 3766 1211 3825 ISaaci
1258 3764 1629 3837 Lingonensis,
1658 3778 1819 3834 quam

224 3873 298 3917 ex
318 3859 704 3931 capitularibus
724 3859 929 3917 dicitse
949 3858 1311 3928 excerpsissc,
1328 3857 1423 3913 sed
1436 3872 1600 3922 uiuae,
1624 3864 1687 3911 ut
1705 3856 1819 3926 api-

224 3963 354 4015 nor,
381 3965 555 4005 canon
578 3950 669 4007 ille
696 3950 753 4017 in
778 3950 844 4005 iis
863 3965 976 4006 non
1020 3956 1219 4009 exstat.
1254 3946 1524 4017 Quidquid
1558 3946 1666 4012 sit,
1711 3947 1818 4001 cir-

224 4041 617 4106 cumstantiam
646 4040 974 4112 peculiarem
1002 4040 1263 4104 continet,
1291 4054 1413 4109 qua:
1438 4044 1584 4092 recta
1610 4036 1823 4091 redem-

220 4131 473 4207 ptionem
501 4131 569 4187 de
596 4147 703 4202 qua
725 4132 936 4204 agimus
962 4147 1071 4187 non
1111 4139 1339 4202 spectat.
1376 4128 1677 4187 Concilium
1702 4126 1823 4183 Tri—

222 4225 487 4299 bnriense
533 4226 752 4298 proprie
781 4226 849 4280 ad
884 4240 1000 4282 rem
1042 4224 1209 4290 facit,
1253 4224 1348 4279 sed
1381 4238 1524 4277 anno
1550 4221 1655 4278 895
1680 4221 1822 4276 cele-

222 4318 449 4399 bratum
473 4326 576 4372 est.
606 4317 737 4386 Quae
760 4317 1087 4375 antecedunt
1135 4314 1365 4373 concilia
1396 4315 1496 4370 sub
1551 4311 1822 4369 Carolinis

218 4406 651 4480 inperatoribus
678 4416 734 4464 et
763 4408 980 4480 regibus
1019 4407 1246 4463 istorum
1277 4421 1384 4461 non
1430 4405 1816 4460 meminerunt.

1912 526 2207 603 probasse?
2234 532 2367 588 Cum
2394 533 2558 604 igitur
2576 547 2745 603 prava
2784 532 2889 590 ista
2931 531 3321 591 consuetudine
3358 535 3509 592 inva-

1914 623 2172 689 lesccnte,
2228 626 2395 696 aliqui
2437 626 2729 696 scriptores
2754 623 3021 695 ejusmodi
3075 626 3508 697 redemptionum

1915 715 2064 787 leges
2089 717 2359 772 Theodori
2396 716 2867 773 Pcenitentialibus
2912 717 3290 783 inseruissent,
3321 727 3508 790 postea

1917 806 2246 877 exemplaria
2276 807 2345 861 ab
2376 807 2446 863 iis
2474 808 2774 877 descripta,
2806 815 2860 862 et
2887 808 3127 878 undique
3160 809 3511 865 disseminata

1915 896 2103 953 multis
2129 898 2520 969 imposuerunt,
2552 906 2610 953 ut
2648 899 2918 955 Theodori
2960 899 3247 955 crederent
3270 916 3390 956 esse
3416 900 3511 972 qui

1919 989 2090 1059 ipsius
2118 988 2334 1060 scriptis
2368 989 2567 1045 infarta
2596 999 2807 1047 tantum
2834 999 3009 1047 erant.
3040 990 3188 1048 Idem
3224 991 3512 1049 dicendum

1918 1082 2133 1137 videtur
2158 1083 2224 1138 de
2246 1082 2491 1138 Romano
2543 1074 2926 1140 Ptenitentiali.
2959 1085 3129 1153 Quem
3174 1084 3512 1157 Halitgarius

1923 1185 2047 1232 ante
2074 1178 2413 1249 octingentos
2440 1194 2612 1235 annos
2650 1178 2855 1245 edidit,
2886 1188 2940 1235 et
2970 1180 3124 1237 libris
3167 1178 3281 1235 suis
3314 1180 3382 1235 dc
3405 1177 3513 1234 Re-

1922 1270 2115 1343 mediis
2134 1279 2481 1344 peccatorum
2505 1272 2695 1327 ultimo
2719 1268 2836 1329 loco
2866 1271 3087 1328 addidit.
3123 1292 3141 1326 ι

1996 1381 2303 1454 Responsio.
2341 1413 2412 1424 —
2437 1382 2759 1454 Priusquam
2807 1382 3045 1445 rationes
3080 1380 3131 1437 ι.
3176 1380 3373 1439 Morini
3418 1396 3510 1437 ex-

1924 1474 2242 1545 pendamus,
2269 1474 2566 1544 intelligere
2601 1482 2817 1545 oportet
2862 1490 3115 1547 quaenam
3161 1474 3271 1533 sint
3302 1473 3513 1529 redem-

1927 1565 2141 1639 ptiones
2172 1566 2615 1637 puenitentiarum
2642 1582 2763 1639 qua:
2795 1566 3104 1625 referuntur
3157 1567 3225 1624 ab
3283 1565 3513 1622 auctori-

1927 1657 2029 1712 bus
2054 1674 2119 1715 ex
2144 1658 2502 1730 ptenitentiali
2526 1658 2798 1717 Theodori
2820 1668 2875 1717 et
2896 1659 3165 1725 Romano.
3188 1658 3247 1717 Si
3269 1659 3394 1729 quis
3423 1665 3508 1713 at-

1930 1758 2078 1809 tente
2126 1750 2417 1823 perlegerit
2464 1768 2580 1819 eas,
2623 1768 2760 1825 quas
2806 1752 3090 1811 retulimus
3143 1753 3243 1810 sub
3293 1750 3513 1809 nomine

1850 1804 1903 1868 Β
1928 1804 2199 1902 Theoddri
2229 1804 2309 1902 εξ
2315 1847 2501 1902 codice
2521 1804 2711 1905 ms.‘et
2735 1862 2853 1917 quae
2877 1847 3128 1919 leguntur
3155 1845 3209 1907 in
3238 1844 3515 1903 Ptnniten-

1927 1939 2043 1997 tiali
2078 1939 2344 2002 Romano.
2372 1940 2506 1995 nihil
2537 1939 2685 1995 aliud
2709 1956 2829 1997 esse
2854 1947 3113 2010 agnoscet
3132 1978 3147 2004 ,
3184 1952 3348 2009 quam
3367 1949 3515 1997 com-

1926 2029 2254 2099 mutationes
2282 2027 2563 2097 cujusdam
2592 2029 2806 2100 generis
2860 2028 3192 2099 ptnnitentia:
3219 2028 3277 2083 in
3323 2025 3511 2085 aliud:

1924 2127 1980 2179 et
2018 2118 2238 2190 quidem
2280 2127 2503 2190 propter
2549 2119 2891 2177 necessitatis
2940 2134 3146 2177 casum.
3197 2117 3367 2175 Porro
3399 2116 3518 2173 hac

1923 2211 2244 2283 poenitentia
2279 2224 2496 2281 semper
2533 2210 2702 2271 valuit
2741 2212 2883 2281 apud
2910 2211 3221 2276 Dominum,
3258 2209 3351 2280 qui
3380 2223 3518 2265 nun-

1924 2315 2086 2371 quam
2126 2301 2178 2356 id
2205 2300 2349 2371 quod
2389 2302 2506 2357 fieri
2542 2318 2650 2357 non
2696 2309 2875 2373 potest
2916 2302 3102 2374 jussit.
3132 2301 3325 2361 Mirum
3354 2300 3520 2372 igitur

1925 2395 2067 2465 quod
2087 2393 2136 2450 J.
2169 2394 2409 2451 Morinus
2457 2392 2691 2449 afﬁrmet
2727 2394 2931 2450 nullum
2972 2408 3264 2453 occurrere
3291 2390 3519 2459 hujusce

1925 2488 2002 2543 rei
2036 2487 2399 2543 testimonium
2419 2528 2433 2555 ,
2463 2488 2567 2543 nisi
2591 2494 2713 2557 post
2740 2503 2939 2557 annum
2972 2486 3175 2547 Christi
3203 2484 3518 2556 septingen-

1924 2580 2214 2641 tesimum:
2250 2597 2481 2651 raraque
2515 2597 2633 2637 esse
2674 2579 2937 2651 ejusmodi
2987 2579 3298 2639 testimonia
3343 2590 3516 2651 usque

1924 2670 1989 2726 ad
2014 2688 2212 2726 annum
2240 2672 2431 2728 salutis
2478 2673 2948 2744 nongentcsimum
2974 2691 2986 2726 :
3018 2678 3073 2729 et
3101 2670 3365 2744 synodum
3389 2668 3509 2726 Clo-

1923 2756 2189 2819 velhoviai
2210 2764 2329 2820 illas
2362 2765 2757 2837 redemptiones
2788 2766 3075 2823 damnasse
3101 2784 3113 2819 :
3142 2780 3206 2823 ac
3230 2769 3517 2835 propterea

1922 2871 2029 2910 non
2060 2872 2215 2926 posse
2237 2856 2306 2911 ad
2336 2856 2713 2912 Poenitentiale
2739 2857 3006 2912 Theodori
3033 2857 3329 2927 pertinere.
3366 2852 3513 2911 Con-

1924 2955 2032 3001 stat
2049 2948 2194 3002 enim
2225 2964 2255 3002 a
2295 2949 2501 3019 synodo
2541 2948 2901 3004 Clovelhoviaz
2950 2956 3163 3013 tantum
3203 2947 3519 3002 damnatum

1922 3034 2090 3092 fuisse
2142 3038 2368 3093 abusum
2397 3038 2849 3109 rcdemptionum,
2882 3024 3087 3094 scilicet
3110 3037 3326 3108 quando
3348 3048 3414 3091 eo
3448 3033 3519 3089 Ε-

1923 3128 2135 3183 centius
2183 3136 2426 3199 peccant,
2462 3144 2570 3198 quo
2607 3128 2841 3199 majores
2868 3129 3238 3200 eleemosynas
3280 3118 3520 3199 largiun-

1922 3230 2031 3276 tur.
2056 3220 2191 3273 Nam
2211 3219 2404 3275 Patres
2427 3221 2505 3274 sic
2527 3220 2822 3289 loquuntur
2855 3236 2977 3275 can.
3019 3219 3089 3274 26
3112 3237 3125 3273 :
3162 3238 3180 3270 ι
3218 3218 3285 3272 Et
3312 3232 3421 3274 non
3441 3215 3514 3272 ad

1919 3312 2024 3366 hoc
2062 3311 2178 3365 sine
2204 3310 2367 3365 dubio
2395 3310 2605 3374 dandae,
2629 3319 2688 3364 ut
2710 3308 2963 3379 quaalibet
3007 3309 3091 3364 vel
3138 3308 3364 3362 minima
3409 3306 3517 3363 sal-

1919 3410 2030 3457 tem
2063 3408 2306 3471 peccata,
2338 3416 2403 3457 eo
2432 3400 2681 3456 licentius
2711 3400 2963 3470 cuiquam
2994 3414 3157 3470 agerc
3188 3398 3368 3463 liceat,
3403 3411 3514 3467 quo

1921 3492 2007 3547 vel
2030 3493 2165 3562 ipse,
2231 3491 2314 3546 vel
2338 3491 2475 3547 alius
2521 3492 2751 3561 quilibet
2799 3506 2987 3565 proco
3040 3490 3412 3561 eleemosynas
3439 3486 3517 3541 fa-

1919 3586 2046 3640 ciat.
2085 3606 2103 3638 ι
2131 3584 2261 3652 Qua:
2310 3600 2533 3656 prorsus
2572 3584 2746 3639 aliena
2800 3593 2926 3640 sunt
2973 3599 3005 3638 a
3030 3581 3516 3655 ’rcdemptionibus

1914 3677 2379 3747 pmnitcntiarum,
2407 3692 2527 3746 quae
2570 3675 2809 3732 citantur
2837 3691 2904 3731 ex
2925 3673 3290 3731 Poenitentiali
3336 3672 3514 3729 Theo-

1920 3768 2117 3823 doriet
2146 3766 2407 3823 Romano.
2455 3768 2669 3823 Etenim
2716 3784 2823 3824 non
2850 3768 2904 3825 in
2959 3768 3065 3823 illis
3110 3765 3514 3836 redemptiones

1917 3861 2360 3933 pmnitentiarum
2412 3861 2861 3917 commendantur
2889 3861 2957 3916 ad
3003 3858 3257 3914 licentius
3280 3870 3515 3929 peccan-

1922 3940 2070 4019 dum,
2102 3955 2195 4009 sed
2220 3956 2285 4010 ad
2310 3954 2607 4012 faciliorem
2635 3965 2983 4026 peccatorum
3010 3954 3388 4021 remissionem
3417 3953 3517 4010 ob!

1923 4046 2201 4101 tincndam
2227 4060 2240 4099 :
2270 4061 2377 4100 non
2402 4047 2468 4101 ad
2501 4047 2786 4102 mutandas
2815 4049 3018 4119 absque
3056 4046 3167 4102 ulla
3192 4045 3515 4109 necessitate

1921 4137 2255 4207 poenitentiae
2280 4151 2474 4207 pmnas
2497 4138 2618 4209 jure
2661 4140 2921 4195 canonico
2966 4139 3227 4202 indictas;
3266 4136 3357 4195 sed
3387 4146 3509 4189 tan-

1923 4236 2037 4283 tum
2060 4237 2281 4300 propter
2303 4231 2644 4287 necessitatis
2670 4247 2877 4297 casum,
2902 4246 3031 4287 cum
3069 4218 3389 4301 poenitentia
3419 4226 3521 4281 ali-
3588 4248 3595 4251 ·

1922 4325 2007 4372 ter
2028 4317 2212 4388 peragi
2241 4334 2347 4374 non
2377 4329 2584 4390 potest;
2638 4329 2693 4376 et
2736 4322 3031 4377 secundum
3085 4334 3322 4376 canones
3349 4359 3364 4384 ,
3423 4318 3517 4388 qui

1922 4411 2251 4481 permittunt
2296 4412 2549 4486 episcopo
2598 4430 2691 4469 eas
2755 4428 2953 4485 angere
3010 4420 3105 4468 aut
3152 4412 3516 4480 imminuere,
3566 4486 3579 4497 .

218 4499 410 4569 Objici
439 4509 621 4573 potest
662 4501 1054 4565 Burchardum,
1081 4499 1318 4565 lvonem,
1358 4508 1415 4554 et
1444 4497 1821 4557 Pteuitentiale
1852 4518 1900 4580 ι)
1924 4510 2086 4571 prout
2112 4518 2353 4573 praesens
2382 4520 2566 4559 rerum
2599 4513 2773 4559 status
2792 4503 3036 4575 exegerit

211 4593 557 4657 abAntonio
599 4594 902 4667 Augustino
951 4594 1153 4650 dictum
1206 4592 1512 4649 Romanum
1562 4590 1819 4647 nonnulla

128 4736 149 4745 -
209 4685 466 4757 capitula
510 4685 722 4742 existis
747 4685 1176 4755 redemptionum
1201 4682 1658 4756 poenitentialium
1712 4681 1825 4737 for—

208 4777 396 4839 mulis
419 4777 566 4835 velut
600 4794 665 4834 ex
697 4777 981 4834 Theodoro
1009 4776 1389 4837 Cantuariensi
1417 4774 1825 4845 archiepiscopo

207 4865 460 4941 reisue,
487 4879 592 4931 etc.
621 4890 642 4923 ι
677 4870 871 4927 Postea
917 4869 1087 4931 refert
1128 4869 1437 4925 testimonia
1468 4869 1659 4939 synodi
1710 4868 1827 4925 Clo-

205 4959 493 5021 Yelhovim
515 4962 569 5021 in
587 4967 693 5021 art.
722 4961 758 5015 '5
782 4968 837 5016 et
858 4959 913 5027 4,
938 4976 1006 5015 ex
1039 4961 1238 5031 quibus
1264 4960 1343 5015 sic
1374 4967 1820 5031 argumentatur:

218 5070 247 5105 ι
286 5048 386 5107 His
411 5051 771 5108 consideratis
792 5052 885 5109 vix
925 5051 1120 5106 adduci
1160 5066 1407 5122 possum,
1436 5058 1496 5105 ut
1517 5050 1825 5106 existimem

208 5140 578 5213 Iheodorum
607 5141 1056 5207 Cantuariensem
1089 5143 1248 5203 istius
1301 5141 1687 5223 redemptionis
1712 5156 1825 5212 poe-

204 5230 531 5295 nite'utialis
558 5249 682 5291 esse
706 5235 1165 5299 auctorem.;Nam
1191 5235 1317 5291 huic
1339 5233 1568 5290 concilio
1592 5241 1824 5303 praeerat

204 5321 528 5381 Cusbertus
549 5323 821 5383 Theodori
872 5341 979 5383 uno
1019 5326 1340 5382 intermedio
1395 5339 1695 5390 successor,
1728 5340 1824 5379 an-

204 5427 473 5483 numque
503 5417 1013 5490 quinquagesimum
1041 5418 1276 5488 primum
1326 5424 1421 5473 aut
1442 5416 1673 5472 alterum
1703 5421 1825 5485 post

205 5505 507 5571 Theodori
527 5510 736 5565 obitum
749 5510 1125 5567 celebrabatur
1152 5509 1240 5567 illa
1271 5509 1526 5580 synodus.
1552 5506 1683 5576 Quis
1705 5522 1824 5563 cre-

204 5601 330 5671 dat
354 5599 625 5658 Theodori
654 5618 1027 5661 successorem
1079 5602 1366 5659 Theodoro
1386 5602 1504 5657 viro
1526 5616 1623 5672 per
1650 5610 1821 5659 totum

204 5688 423 5759 abem
447 5692 817 5752 Christianum
863 5694 1221 5755 celeberrimo
1246 5734 1262 5761 ,
1311 5700 1421 5751 tam
1449 5692 1607 5750 facile
1669 5694 1823 5750 dero-

202 5799 413 5859 gasse.
437 5784 581 5847 illius
600 5787 1019 5849 constitutiones
1047 5785 1329 5843 vellicasse
1350 5826 1365 5854 ,
1418 5786 1678 5843 novitatis
1732 5801 1822 5844 ac-

1996 4593 2197 4648 Verum
2240 4596 2619 4666 quoquomodo
2640 4610 2726 4649 res
2753 4593 3069 4665 accipiatur,
3095 4593 3210 4650 sive
3244 4607 3345 4664 pro
3376 4590 3518 4649 bono

1925 4692 2019 4739 aut
2044 4686 2187 4739 malo
2210 4701 2330 4752 usu,
2359 4685 2407 4741 J.
2428 4685 2664 4741 Morinus
2692 4701 2799 4740 non
2824 4700 3010 4740 veram
3034 4684 3213 4756 attigit
3234 4682 3515 4755 epocltem.

1926 4774 1985 4831 Si
2010 4777 2340 4848 intelligatur
2361 4775 2535 4831 malus
2559 4792 2711 4842 usus,
2735 4774 2896 4847 longo
2918 4784 3045 4830 ante
3075 4785 3315 4845 tempore
3330 4770 3519 4827 Patres

1925 4871 2133 4940 antiqui
2180 4884 2304 4924 eum
2354 4871 2762 4941 redarguerant.
2802 4869 3149 4934 Lactantius,
3211 4866 3305 4922 lib.
3341 4880 3395 4920 v1
3451 4858 3519 4920 de

1920 4978 2055 5017 vero
2079 4962 2260 5027 Cultu,
2283 4977 2401 5033 cap.
2436 4962 2501 5017 15
2527 4981 2539 5016 :
2576 4980 2594 5013 ι
2624 4962 2847 5030 Quoties
2870 4962 3035 5032 igitur
3057 4959 3284 5032 rogaris,
3311 4957 3517 5014 tentari

1924 5062 1979 5110 te
2003 5072 2033 5109 a
2055 5056 2165 5109 Deo
2191 5054 2374 5119 crede,
2401 5070 2469 5108 an
2495 5055 2570 5111 sis
2608 5055 2801 5123 dignus
2848 5052 3114 5110 exaudiri.
3145 5050 3518 5120 Circumspice

1922 5144 2314 5199 conscientiam
2338 5151 2506 5209 tuam,
2535 5151 2590 5199 et
2629 5151 2892 5215 quantum
2944 5147 3120 5211 potes,
3153 5138 3374 5196 medere
3402 5134 3518 5192 vul-

1922 5235 2175 5302 neribus;
2202 5249 2300 5290 nec
2327 5242 2508 5289 tamen
2539 5235 2663 5305 quia
2684 5240 2908 5304 peccata
2932 5232 3219 5303 largitione
3235 5230 3512 5292 tolluntur,
3540 5226 3551 5233 “

1924 5328 2041 5384 dari
2072 5329 2171 5382 tibi
2208 5327 2483 5383 licentiam
2533 5326 2793 5397 peccandi
2814 5333 2990 5395 putes.
3023 5323 3324 5379 Abolentur
3346 5318 3513 5382 enim,

1920 5420 1971 5475 si
1992 5419 2103 5474 Deo
2130 5420 2383 5489 largiare,
2406 5417 2532 5488 quia
2573 5432 2919 5488 peccaveras.
2949 5415 3088 5471 Nam
3110 5417 3157 5472 si
3187 5410 3382 5469 ﬁducia
3407 5409 3514 5464 lar-

1922 5509 2103 5581 giendi
2144 5523 2364 5578 pecces,
2403 5524 2510 5563 non
2532 5507 2840 5563 abolentur.
2883 5528 2902 5561 ι

1991 5603 2342 5675 Augustinus,
2380 5601 2472 5657 lib.
2497 5617 2588 5657 ιιι
2631 5601 2698 5656 de
2741 5601 2974 5658 Civitate
3011 5599 3105 5653 Dei
3136 5596 3202 5649 ad
3245 5589 3514 5650 Marcelli-

1921 5710 2073 5760 num,
2105 5708 2224 5764 cap.
2250 5690 2358 5746 27:
2395 5711 2413 5744 ε
2452 5692 2522 5749 Ut
2550 5702 2732 5748 autem
2773 5690 3087 5763 quotidiana
3136 5686 3240 5742 sibi
3290 5684 3513 5755 opinen-

1923 5795 2030 5855 tur,
2058 5802 2176 5856 quae
2215 5783 2394 5841 facere
2418 5786 2643 5841 omnino
2687 5800 2792 5843 non
2817 5788 3069 5847 cessant,
3118 5777 3513 5849 qualiacunque
