4060 6350
603 395 744 453 1225

1162 392 1510 452 THEODORI
1552 390 1871 449 ARCIIIEP.
1913 386 2173 446 CANTUA

2301 385 2646 443 DOCTRINA
2679 384 2769 442 DE
2805 383 3256 443 ΡαεΝιΤΕΝΤιΑ

3725 394 3867 450 1224

600 517 657 565 et
686 517 1099 580 quantacunque
1135 506 1379 576 sint,per
1405 504 1775 575 elcemosynas
1795 504 1993 558 dimitti
2019 516 2177 571 posse
2208 501 2253 556 Λ
2281 497 2355 552 cit
2404 498 2547 553 enim
2597 497 2865 553 Salvator.
2908 498 3275 554 Verumtamen
3309 499 3431 556 date
3458 501 3868 575 elemosynam,

600 609 847 669 peccata,
869 597 1164 653 orationem
1209 609 1369 663 quam
1414 594 1597 648 docuit
1627 593 1740 663 ipse
1770 592 2057 657 Dominus,
2121 597 2176 644 et

603 689 1026 760 suﬂ'ragatrieem
1055 685 1155 740 sibi
1181 683 1439 738 adhibere
1463 692 1725 738 conantur
1745 692 1798 737 et
1836 691 2050 746 testem,
2066 690 2171 739 etc.

603 778 1004 849 Qualiacunque
1027 789 1155 845 ergo
1185 773 1271 829 vel
1319 782 1737 844 quantacunque
1801 776 1932 839 sint,
1962 774 2176 831 etiamsi

603 869 842 941 quotidie
865 874 1266 938 perpetrantur,
1296 882 1399 921 nec
1442 866 1509 921 ab
1546 866 1626 921 eis
1667 868 1775 921 vita
1823 866 2062 921 discedat
2119 866 2175 921 in

603 960 795 1016 melius
824 966 1173 1023 commutata,
1203 971 1299 1026 per
1339 956 1733 1028 eleemosynam
1760 958 1915 1011 venia
1951 971 2059 1011 non
2087 970 2178 1012 ne-

602 1060 725 1122 gata
750 1050 950 1105 remitti
1000 1049 1102 1104 sibi
1136 1063 1295 1119 posse
1328 1057 1675 1118 praesumunt.
1713 1047 1821 1104 Sed
1848 1051 2004 1115 bene,
2033 1049 2177 1119 quod

601 1142 692 1197 isti
744 1140 931 1208 dignas
977 1156 1076 1211 pro
1130 1140 1368 1210 peccatis
1417 1148 1758 1195 commonent
1808 1139 2177 1211 eleemosynas

599 1247 720 1289 esse
747 1231 1038 1297 faciendas,
1093 1230 1348 1300 quoniam
1395 1230 1441 1284 si
1484 1229 1724 1284 dicerent
1780 1229 2178 1301 qualescunque

598 1323 964 1395 eleemosynas
994 1336 1090 1391 pro
1112 1321 1347 1391 peccatis
1369 1328 1425 1374 et
1468 1318 1816 1389 quotidianis,
1845 1328 1901 1374 et
1944 1321 2175 1392 magnis,

598 1422 650 1470 et
681 1422 1095 1485 quantacunque
1131 1412 1394 1467 scelerum
1435 1411 1824 1466 consuetudine
1874 1411 2177 1466 misericor-

598 1507 744 1562 diam
780 1521 937 1577 posse
974 1504 1265 1575 impetrare
1297 1503 1553 1568 divinam,
1576 1511 1636 1557 ut
1666 1518 1727 1558 ea
1761 1503 2069 1573 quotidiana
2092 1517 2177 1558 re-

598 1596 784 1651 missio
805 1602 1140 1666 sequeretur,
1166 1593 1409 1650 viderent
1436 1608 1550 1648 rem
1593 1608 1652 1648 se
1682 1594 1862 1649 dicere
1886 1593 2175 1648 absurdam

564 1692 759 1755 'atque
810 1684 1109 1739 ridiculam.
1159 1682 1251 1737 Sic
1293 1684 1435 1737 enim
1464 1691 1786 1753 cogerentur
1842 1681 1998 1736 fateri
2058 1681 2177 1737 fieri

508 1829 514 1835 .
564 1772 569 1777 ’
597 1790 775 1847 posse,
791 1784 849 1830 ut
873 1773 1310 1845 Opulentissimus
1336 1774 1499 1828 homo
1513 1774 1698 1827 decem
1713 1771 2005 1828 nummulis
2031 1772 2178 1827 diur-

596 1838 683 1921 nis
703 1838 769 1920 in
794 1838 1164 1936 eleeinosynas
1194 1865 1451 1934 impensis
1479 1864 1790 1930 homicidia,
1808 1872 1866 1918 et
1888 1864 2174 1930 adulteria,
2208 1838 2256 1899 Β

598 1965 657 2012 et
681 1955 887 2011 nefaria
908 1970 1136 2026 quasque
1163 1954 1304 2010 facta
1332 1956 1640 2024 redimeret,
1671 1964 1777 2010 etc.
1820 1955 2047 2024 Propter
2076 1956 2179 2010 hoc

597 2061 728 2117 ergo
755 2045 1106 2116 eleemosynte
1127 2044 1384 2099 faciendae
1408 2054 1549 2108 sunt,
1574 2053 1636 2099 ut
1658 2060 1781 2100 cum
1802 2045 1871 2100 de
1892 2046 2179 2115 praeteritis

526 2202 533 2209 ν
596 2137 835 2209 peccatis
858 2137 1229 2206 deprecamur,
1260 2136 1631 2202 exandiamur,
1663 2151 1771 2190 non
1793 2144 1851 2189 ut
1878 2136 1931 2189 in
1959 2136 2039 2191 eis
2062 2151 2179 2206 per-

602 2238 937 2296 severantes,
954 2229 1224 2285 licentiam
1239 2215 1608 2285 malefaciendi
1620 2244 1720 2284 nos
1729 2243 1826 2299 per
1834 2227 2178 2299 eleemoynas

608 2335 928 2394 comparare
960 2323 1266 2379 credamus.
1303 2341 1322 2373 ι

671 2435 935 2493 Caesarius
970 2437 1324 2503 Arelatensis,
1367 2437 1423 2491 in
1456 2436 1677 2491 homilia
1701 2437 1786 2490 17.
1812 2456 1830 2488 ι
1863 2437 2177 2509 Eleemosy-

600 2544 700 2585 nas
751 2518 924 2585 dando
958 2529 1189 2584 alienam
1226 2544 1445 2583 carnem
1491 2528 1781 2599 pascimus,
1841 2537 1897 2583 et
1948 2529 2175 2583 crimina

598 2618 982 2674 committendo
1024 2628 1272 2674 nostram
1310 2618 1543 2672 animam
1579 2617 1910 2689 jugulamus.
1934 2620 2003 2674 Et
2032 2620 2169 2685 ideo,

598 2709 737 2766 sicut
774 2708 1084 2780 frequenter
1112 2710 1390 2775 admonui,
1416 2711 1493 2765 sic
1522 2726 1620 2780 pro
1663 2710 1959 2780 majoribus
1983 2727 2175 2781 pecca-

560 2810 563 2813 ‘
596 2799 671 2856 tis
690 2800 1060 2875 eleemosynas
1086 2802 1293 2869 demus,
1324 2810 1386 2856 ut
1406 2817 1682 2872 nunquam
1706 2803 1774 2857 ad
1803 2804 1920 2875 ipsa
1945 2803 2174 2859 crimina

564 2888 569 2891 ’
598 2891 901 2948 redeamus.
941 2913 959 2946 ι

670 3005 876 3077 Eligius
932 3005 1302 3062 Noviomensis
1326 3047 1341 3072 ,
1380 3007 1438 3062 in
1478 3007 1698 3062 homilia
1732 3008 1765 3063 8
1798 3025 1811 3061 :
1851 3026 1871 3059 ι
1907 3008 2002 3064 Ille
2043 3024 2174 3065 vero

603 3097 698 3166 qui
724 3112 887 3167 supra
921 3097 1066 3152 dicta
1110 3096 1252 3150 mala
1278 3098 1334 3151 in
1369 3096 1530 3151 corde
1572 3106 1769 3163 servat,
1798 3106 1852 3153 et
1898 3098 2069 3153 credit
2115 3111 2175 3154 se

602 3186 770 3243 multa
818 3187 1171 3258 eleemosynis
1220 3197 1444 3257 peccata
1490 3204 1588 3243 sua
1628 3204 1787 3258 posse
1845 3189 2110 3245 redimere
2151 3207 2163 3244 :
2197 3193 2242 3257 C

563 3266 575 3349 ς
600 3277 879 3332 audiamus
908 3277 973 3332 de
1018 3293 1083 3333 eo
1125 3277 1412 3332 Dominum
1441 3278 1494 3332 in
1523 3279 1814 3351 Evangelio
1855 3280 2121 3337 dicentem
2151 3299 2165 3335 :

565 3364 660 3439 .Si
707 3368 863 3436 olfers
909 3384 1099 3422 munus
1143 3376 1291 3421 tuum
1343 3368 1412 3421 ad
1455 3367 1640 3432 altare,
1690 3379 1739 3423 et
1768 3370 1838 3425 ibi
1867 3372 2169 3426 recordatus

597 3456 762 3527 fueris
806 3458 931 3529 quia
961 3457 1127 3526 frater
1170 3467 1291 3511 tuus
1343 3457 1493 3512 habet
1526 3458 1725 3530 aliquid
1773 3460 2047 3514 adversum
2099 3471 2167 3528 te,

597 3547 827 3619 relinque
877 3548 948 3601 ibi
988 3564 1177 3602 munus
1221 3557 1368 3601 tuum
1406 3558 1527 3603 ante
1556 3549 1745 3615 altare,
1792 3559 1840 3603 et
1870 3552 1998 3607 vade
2023 3552 2169 3623 prius

564 3626 922 3693 \reconciliari
965 3638 1121 3708 fratri
1149 3648 1259 3703 tuo,
1291 3648 1337 3691 et
1368 3646 1491 3693 tunc
1525 3640 1729 3694 veniens
1760 3642 1944 3711 o/feres
1979 3658 2169 3698 munus

596 3736 765 3783 tuum.
803 3746 822 3779 ι
870 3725 1151 3781 Sententia
1196 3727 1301 3781 ista
1331 3728 1610 3782 evidenter
1652 3731 1888 3784 ostendit
1914 3732 2055 3801 quod
2084 3747 2158 3786 sa-

591 3817 855 3873 crificium
893 3816 1088 3873 offerre
1114 3816 1199 3871 vel
1222 3812 1593 3889 eleemosynas
1616 3817 1795 3875 facere
1816 3820 1951 3875 nihil
1975 3821 2169 3892 prode-

590 3908 665 3963 rit
693 3907 794 3962 nisi
814 3907 966 3977 prius
986 3907 1354 3963 reconciliatio
1372 3910 1714 3978 przccesserit
1740 3910 1962 3966 inimici.
1985 3912 2170 3983 Itaque

590 3994 781 4051 Patres
804 3999 897 4067 qui
934 4006 1178 4069 tempora
1207 4014 1239 4053 a
1265 3998 1314 4053 J.
1343 4000 1551 4056 Marino
1569 4002 1833 4073 praefinita
1867 4020 2166 4075 prreeesse-

590 4094 739 4153 runt,
782 4088 1008 4143 abusum
1055 4090 1484 4159 redemptionum
1548 4093 1989 4162 poenitentiarum
2015 4095 2169 4152 dam—

594 4185 835 4235 narunt.

570 4326 571 4331 η
661 4290 812 4348 Nunc
839 4306 970 4348 vero
994 4293 1039 4348 si
1069 4293 1465 4366 redemptiones
1494 4296 1954 4367 pmnitentiarum,
1976 4301 2167 4371 quales

590 4386 844 4457 leguntur
893 4388 993 4443 sub
1037 4388 1254 4443 nomine
1289 4389 1558 4468 Theodori
1598 4399 1654 4445 et
1702 4392 1757 4445 in
1804 4390 2167 4449 Pmnitentiali

588 4476 853 4544 Romano,
891 4478 1226 4549 accipiantur
1252 4481 1393 4539 sicut
1421 4482 1595 4551 accipi
1647 4482 1843 4539 debent
1887 4500 1985 4554 pro
2012 4500 2164 4540 com-

564 4570 975 4639 ,mutationibus
1026 4572 1383 4641 quorumdam
1421 4572 1862 4642 poenitentiarum
1906 4589 2165 4643 generum

588 4662 643 4718 in
674 4663 919 4734 quaedam
961 4663 1067 4717 alia
1116 4663 1378 4727 faciliora,
1432 4678 1626 4732 nempe
1658 4665 1957 4733 perfectam
1985 4669 2165 4725 cordis

563 4754 1020 4823 conversionem,
1086 4752 1480 4823 eleemosyuas,
1543 4755 1863 4822 orationem,
1930 4765 2058 4824 etc.,
2111 4768 2167 4815 et

590 4844 807 4912 quidem
829 4850 1047 4914 propter
1072 4844 1410 4898 necessitatis
1432 4859 1617 4899 casum
1646 4863 1661 4902 :
1685 4847 1801 4903 haec
1824 4849 2166 4919 paenitentia-

588 4946 710 4987 rum
736 4949 933 5005 genera
953 4934 1331 5003 antiquissima
1351 4947 1493 5000 esse,
1520 4942 1575 4990 et
1602 4952 1729 4992 vera
1756 4954 1875 5007 qua:
1896 4940 1953 4995 in
1982 4939 2166 5011 Scrip-

587 5022 731 5077 turis
759 5025 959 5079 sanctis
998 5025 1197 5093 ubique
1226 5023 1588 5092 celebrantur,
1615 5036 1777 5097 atque
1796 5031 2023 5100 proinde
2044 5048 2164 5090 esse

571 5111 863 5183 rprtecipua
901 5122 957 5168 et
1002 5115 1404 5185 praestantiora,
1447 5118 1645 5185 quibus
1681 5128 1901 5188 peccata
1951 5121 2165 5181 facilius

594 5201 974 5269 remittantur,
1019 5204 1099 5260 sic
1143 5204 1585 5262 manifestissime
1632 5208 1909 5265 declarant
1955 5212 2161 5284 antiqui

588 5290 804 5350 Patres.
1514 5298 1517 5301 ’

663 5405 927 5478 Origenes
956 5406 1011 5461 in
1057 5405 1277 5464 homilia
1312 5410 1347 5464 2
1390 5394 1552 5483 super
1579 5412 1875 5470 Leviticum
1904 5434 1917 5470 :
1955 5434 1976 5467 ι
2024 5415 2162 5474 Audi

592 5511 735 5552 nunc
774 5505 989 5567 quantae
1028 5498 1138 5554 sint
1169 5502 1515 5560 remissiones
1538 5513 1885 5576 peccatorum
1904 5508 1958 5563 in
1988 5508 2163 5565 Evan-

572 5587 766 5659 ageliis.
812 5587 909 5643 Est
934 5590 1038 5646 ista
1065 5592 1263 5662 prima,
1289 5609 1399 5665 qua
1426 5596 1768 5667 baptizamur
1801 5600 1857 5655 in
1882 5602 2163 5657 remissio-

592 5693 717 5734 nem
743 5688 1110 5749 peccatorum.
1150 5682 1398 5743 Secunda
1426 5690 1673 5746 remis’sio
1712 5700 1796 5747 est
1836 5692 1891 5747 in
1914 5694 2166 5765 passione

597 5769 860 5840 martyrii.
891 5771 1071 5832 Tertia
1112 5781 1196 5833 est
1221 5791 1341 5851 quae
1366 5794 1465 5850 pro
1499 5781 1842 5857 eleemosyna
1869 5783 2046 5840 datur.
2074 5783 2166 5841 Di-

2286 598 2333 643 ει
2370 606 2486 643 ecce
2528 590 2704 642 omnia
2745 589 2943 643 munda
2987 599 3108 644 sunt
3154 589 3315 644 vobis.
3366 590 3570 657 Quarta
3603 595 3772 651 nobis
3815 595 3873 653 ﬁt

2285 678 2533 732 remissio
2566 687 2910 747 peccatorum
2938 694 3037 748 per
3088 682 3192 735 hoc
3218 680 3361 749 quod
3401 691 3458 737 et
3492 698 3591 739 nos
3637 687 3872 744 remitti-

2286 785 2406 826 mus
2432 779 2651 842 peccata
2683 770 2942 826 fratribus
2983 772 3206 826 nostris.
3255 770 3348 828 Sic
3386 774 3533 829 enim
3570 775 3711 832 dicit
3756 778 3871 849 ipse

2285 862 2545 917 Dominus
2562 871 2615 917 et
2635 862 2884 917 Salvator
2907 870 3096 918 noster
3117 863 3246 933 quia
3262 863 3308 918 si
3335 863 3651 921 dimiseritis
3677 865 3867 922 fratri-

2284 952 2387 1008 bus
2418 952 2615 1007 vestris
2643 966 2711 1005 ex
2742 938 2907 1007 corde
2946 958 3167 1021 peccata
3204 951 3465 1020 ipsorum,
3491 960 3549 1007 et
3596 955 3765 1010 vobis
3784 969 3867 1011 re-

2286 1043 2464 1099 mittet
2521 1041 2685 1097 Pater
2726 1049 2908 1117 vester
2936 1050 3161 1111 peccata
3216 1050 3418 1098 vestra.
3451 1043 3605 1111 Quod
3664 1046 3716 1100 si
3762 1062 3865 1102 non

2286 1135 2605 1190 remiseritis
2629 1134 2889 1189 fratribus
2912 1134 3110 1189 vestris
3134 1149 3203 1188 ex
3228 1131 3417 1200 corde,
3459 1150 3557 1191 nec
3580 1137 3750 1193 vobis
3778 1151 3866 1194 re-

2283 1227 2465 1281 mittet
2485 1226 2648 1281 Pater
2670 1235 2849 1280 vester
2887 1244 2899 1278 :
2929 1233 2985 1280 et
3003 1225 3144 1280 sicut
3181 1225 3237 1280 in
3273 1227 3520 1282 oratione
3548 1243 3655 1283 nos
3686 1229 3863 1285 dicere

2284 1316 2464 1371 docuit
2491 1333 2505 1369 :
2530 1315 2763 1371 Remitte
2790 1316 2934 1370 nobis
2977 1315 3151 1369 debita
3176 1326 3377 1383 nostra,
3402 1319 3540 1372 sicut
3568 1328 3619 1374 et
3647 1337 3748 1374 nos
3788 1337 3862 1376 re-

2283 1406 2535 1460 mittimus
2563 1404 2880 1460 debitoribus
2912 1406 3122 1460 nostris.
3153 1405 3350 1472 Quinta
3396 1405 3754 1478 peccatorum
3780 1423 3861 1465 re-

2284 1499 2467 1553 missio
2478 1506 2582 1564 est,
2597 1514 2717 1553 cum
2734 1498 3064 1553 converterit
3075 1499 3196 1567 quis
3219 1507 3568 1568 peccatorum
3592 1503 3669 1557 ab
3681 1516 3862 1557 errore

2283 1590 2383 1645 vite
2410 1607 2537 1646 sum.
2586 1591 2665 1644 Ita
2692 1590 2837 1644 cnim
2873 1590 3004 1645 dicit
3048 1589 3331 1661 Scriptura
3373 1592 3577 1660 divina,
3622 1595 3861 1666 quiaqui

2284 1682 2509 1736 converti
2537 1682 2716 1751 fecerit
2756 1690 3076 1751 peccatorem
3102 1682 3167 1735 ab
3195 1699 3371 1736 errore
3399 1684 3496 1737 vita
3521 1701 3656 1751 suc,
3692 1686 3861 1741 salvat

2284 1775 2516 1828 animam
2542 1774 2656 1844 ejus
2701 1791 2733 1827 a
2770 1782 2955 1839 morte,
2981 1781 3029 1827 et
3056 1775 3299 1844 cooperit
3329 1774 3723 1832 multitudinem
3750 1795 3863 1847 pec-

2282 1877 2538 1921 catorum.
2571 1865 2734 1920 Sexta
2754 1880 2968 1937 quoque
2989 1864 3051 1920 fit
3069 1865 3321 1920 remissio
3346 1881 3445 1936 per
3471 1868 3857 1925 abundantiam

2281 1958 2581 2023 cliaritatis,
2624 1958 2766 2012 sicut
2791 1966 2847 2014 et
2872 1959 2985 2028 ipse
3028 1956 3290 2014 Dominus
3331 1959 3479 2015 dicit.
3517 1960 3690 2017 Amen
3735 1964 3858 2018 dico

2280 2052 2393 2117 tibi,
2447 2052 2781 2105 remittuntur
2812 2051 2861 2105 ei
2905 2060 3117 2110 peccata
3153 2049 3347 2117 multa,
3382 2054 3622 2121 quoniam
3661 2053 3860 2108 dilexit

2278 2142 2523 2209 multum;
2542 2152 2599 2198 et
2621 2142 2894 2213 apostolus
2914 2143 3065 2209 dicit,
3088 2144 3347 2213 quoniam
3361 2144 3579 2198 cluat-itas
3605 2146 3850 2215 cooperit

2277 2232 2665 2288 multitudinem
2691 2243 3043 2305 peccatorum.
3070 2234 3167 2289 Est
3191 2234 3433 2289 adhucet
3454 2235 3677 2303 septima
3707 2234 3853 2290 licet.

2277 2325 2409 2379 dura
2436 2331 2491 2379 et
2518 2323 2809 2391 laboriosa,
2834 2340 2933 2396 per
2955 2325 3335 2395 paenitentiam
3373 2325 3613 2382 remissio
3651 2341 3858 2397 pecca-

2280 2422 2475 2480 torum,
2536 2431 2659 2471 cum
2702 2415 2846 2470 lavat
2886 2424 3152 2486 peccator
3206 2417 3262 2471 in
3314 2417 3563 2487 lacrymis
3624 2425 3859 2491 stratum

2276 2523 2453 2561 suum.
2488 2528 2506 2561 ι
2534 2505 2641 2562 Sed
2665 2507 2766 2562 ista
2794 2508 2975 2562 omnia
3004 2507 3205 2578 requiri
3236 2508 3420 2564 forsan
3448 2508 3580 2563 dicit
3615 2507 3855 2577 aliquis:

2278 2609 2335 2654 at
2361 2600 2453 2671 qui
2502 2602 2605 2655 hoc
2631 2600 2838 2668 objicit,
2863 2600 3045 2654 audiat
3074 2598 3339 2656 Joannem
3384 2599 3854 2671 Chrysostomum.

2344 2692 2579 2748 Joannes
2607 2691 3025 2764 Chrysostomus
3069 2693 3124 2747 in
3168 2691 3390 2748 homilia
3413 2693 3507 2762 qui
3538 2692 3861 2747 inscribitur

2275 2799 2437 2848 nona,
2474 2786 2539 2839 de
2569 2783 2889 2853 poenitentia
2918 2798 2934 2836 :
2968 2802 2987 2834 ι
3018 2782 3285 2850 Quidnam
3313 2783 3367 2837 id
3413 2784 3534 2838 est?
3583 2782 3657 2837 de
3681 2782 3858 2853 paeni-

2275 2875 2445 2930 tentia
2464 2891 2766 2931 sermonem
2788 2876 3119 2930 instituimus
3144 2891 3209 2931 ac
3233 2876 3487 2940 diximus,
3507 2874 3657 2945 quod
3680 2874 3861 2929 multa

2273 2965 2545 3035 variaeque
2584 2973 2709 3020 sunt
2736 2950 3075 3035 pmniteutiae
3102 2966 3220 3029 viae,
3261 2965 3460 3034 quibus
3484 2964 3671 3020 facilis
3707 2966 3859 3021 nobis

2277 3054 2424 3109 salus
2458 3056 2571 3109 ﬁat.
2596 3055 2731 3110 Nam
2763 3057 2808 3111 si
2848 3073 3012 3111 unam
3036 3055 3194 3111 nobis
3214 3056 3451 3111 dedisset
3470 3056 3858 3127 repulissemus

2275 3158 2397 3200 eam
2424 3146 2631 3216 utique,
2662 3147 2904 3203 dicentes
2946 3163 2961 3201 :
3002 3146 3286 3217 nequimus
3315 3149 3455 3203 hanc
3488 3149 3729 3220 ingredi,
3759 3148 3858 3203 sal-

2272 3235 2389 3289 vari
2436 3236 2739 3304 nequimus.
2776 3235 2931 3293 Nune
2970 3238 3147 3307 ipsum
3188 3238 3331 3294 hanc
3371 3247 3525 3294 tuam
3569 3249 3857 3310 amputans

2270 3325 2653 3395 objectionem,
2682 3344 2790 3385 non
2836 3345 2999 3385 unam
3044 3330 3167 3395 tibi,
3197 3346 3372 3400 neque
3409 3332 3728 3396 secundam,
3760 3348 3855 3388 ne-

2270 3434 2377 3490 que
2398 3420 2638 3484 tertiam,
2668 3419 2763 3476 sed
2797 3420 2978 3489 plures
3007 3437 3073 3476 ac
3099 3421 3344 3477 diversas
3378 3422 3546 3487 dedit,
3581 3438 3697 3492 quo
3720 3421 3857 3477 mul-

2270 3510 2501 3565 titudine
2534 3510 2630 3565 tibi
2657 3510 2725 3565 ad
2752 3510 2948 3567 ctelum
2987 3509 3161 3568 facilis
3191 3527 3448 3568 ascensus
3469 3512 3584 3566 ﬁat.
3608 3512 3683 3567 Et
3707 3513 3857 3569 dice-

2270 3602 2465 3657 bamus
2486 3600 2700 3656 facilem
2726 3616 2847 3657 esse
2869 3598 3271 3673 paenitentiam,
3292 3618 3466 3673 neque
3485 3618 3629 3658 onus
3658 3604 3715 3658 in
3746 3619 3815 3659 ea
3840 3622 3856 3656 :

2269 3700 2525 3763 peccator
2563 3705 2645 3758 es,
2676 3691 2975 3771 Ecclesiam
3015 3693 3331 3764 ingredere;
3365 3694 3451 3750 dic
3502 3694 3761 3762 Peccavi,
3810 3703 3866 3752 et

2270 3783 2476 3837 solvisti
2503 3791 2807 3853 peccatum.
2828 3783 3191 3840 Produximus
3216 3795 3530 3855 peccantem
3572 3786 3780 3854 David,
3810 3793 3865 3843 et

2271 3873 2572 3928 solventem
2626 3883 2928 3944 peccatum.
2950 3916 2955 3920 .
2978 3875 3116 3932 Hinc
3171 3878 3462 3934 secundam
3521 3878 3863 3947 subiecimus

2273 3964 2443 4030 viam,
2488 3979 2650 4034 super
2689 3973 2975 4034 peccatum
3022 3963 3154 4021 ﬂere
3191 3975 3247 4023 et
3279 3967 3554 4023 diximus:
3585 3968 3858 4035 Quisnam

2274 4052 2364 4107 hic
2403 4052 2559 4108 labor
2588 4068 2603 4107 :
2629 4069 2737 4109 non
2766 4055 3052 4125 pecuniam
3078 4071 3215 4127 opus
3247 4055 3541 4123 effundere,
3577 4072 3691 4112 non
3741 4059 3862 4114 lon-

2270 4158 2366 4214 gas
2388 4143 2467 4198 ire
2488 4146 2626 4210 vias,
2663 4160 2765 4200 nec
2788 4146 2895 4200 tale
2920 4145 3051 4216 quid
3075 4146 3276 4212 dicere,
3298 4148 3392 4203 sed
3412 4156 3699 4219 peccatum
3726 4148 3864 4205 ﬂere

2271 4237 2549 4298 duntaxat.
2603 4237 2720 4293 Hoc
2772 4240 2838 4294 de
2883 4239 3162 4310 Scriptura
3225 4240 3550 4305 induximus,
3603 4242 3757 4311 quod
3809 4242 3865 4297 in

2268 4328 2458 4384 Achab
2503 4330 2646 4385 Deus
2694 4331 2978 4386 consilium
3026 4334 3278 4399 mutarit;
3312 4348 3377 4389 eo
3426 4332 3569 4403 quod
3616 4331 3865 4400 ﬂeverit,

2270 4421 2413 4489 quod
2463 4429 2690 4479 moestus
2736 4421 2919 4487 fuerit,
2962 4433 3245 4494 peceatum
3295 4424 3395 4493 ipsi
3423 4423 3648 4489 dimisit,
3684 4433 3869 4496 atque

2194 4552 2245 4614 Β
2271 4514 2375 4570 hoc
2402 4513 2518 4583 ipse
2558 4514 2770 4614 dicebat
2801 4513 2967 4569 Heliae
2993 4533 3006 4568 :
3035 4515 3228 4570 Vidisti
3256 4523 3315 4569 ut
3353 4515 3636 4614 incesserit
3658 4514 3868 4572 Achab

2269 4619 2451 4658 coram
2480 4617 2565 4657 me
2586 4601 2738 4667 ﬂens,
2767 4611 2824 4658 et
2856 4604 3243 4659 eontristatus:
3275 4619 3381 4659 non
3415 4604 3609 4659 faciam
3650 4619 3871 4661 secun-

2255 4695 2396 4749 dum
2423 4694 2559 4748 iram
2597 4709 2794 4749 meam.
2828 4694 2966 4750 Hinc
2992 4696 3206 4750 tertiam
3244 4684 3489 4751 dedimus
3515 4696 3870 4766 poenitentia

2268 4785 2432 4851 viam,
2462 4801 2526 4841 ac
2569 4786 2635 4841 de
2672 4787 2952 4857 Scriptura
2978 4786 3310 4844 Pharisaeum
3360 4789 3613 4845 duximus
3647 4790 3709 4844 in
3739 4807 3869 4847 me-

2205 4927 2208 4932 .
2267 4875 2442 4941 dium,
2477 4878 2637 4933 simul
2661 4887 2715 4933 et
2730 4879 3077 4950 publicanum
3102 4898 3113 4933 :
3137 4881 3280 4951 quod
3300 4880 3609 4959 Pharisaeus
3629 4882 3869 4950 quidem

2268 4971 2500 5039 superbe
2526 4971 2719 5036 elatus,
2749 4988 2780 5027 a
2808 4971 3020 5040 justitia
3040 4972 3272 5039 excidit;
3319 4972 3638 5045 publicanus
3666 4972 3872 5028 humi-

2264 5057 2404 5115 libus
2449 5064 2812 5129 consentiens,
2852 5063 3089 5119 fructum
3113 5064 3339 5133 justitia:
3377 5063 3636 5134 suscepit,
3668 5077 3870 5134 neque

2263 5150 2372 5207 ullo
2398 5154 2498 5208 sub
2524 5154 2706 5210 labore
2744 5171 2966 5225 pressus
2984 5156 3313 5225 justiﬁcatus
3338 5166 3454 5224 est;
3476 5158 3645 5212 verba
3674 5158 3868 5224 dedit,

2265 5257 2353 5297 res
2374 5244 2601 5314 accepit.
2624 5245 2738 5316 Age
2760 5261 2891 5317 ergo
2918 5255 3155 5316 coeptum
3183 5263 3495 5319 sequamur,
3515 5257 3569 5305 et
3594 5259 3868 5319 quartam

2261 5334 2599 5405 proferamus
2631 5338 2791 5392 viam.
2844 5338 2912 5392 Et
2945 5354 3195 5409 quaenam
3230 5355 3294 5395 ea
3329 5342 3447 5396 est?
3479 5341 3867 5413 eleemosyna,

2262 5427 2450 5499 regina
2498 5428 2589 5484 illa
2614 5430 2896 5495 virtutum,
2924 5430 3172 5486 homines
3199 5431 3482 5487 celerrime
3510 5432 3763 5502 ipsormn
3804 5432 3867 5486 in

2263 5519 2526 5575 caelorum
2566 5535 2695 5575 axes
2736 5520 2974 5587 adducit,
3029 5522 3277 5577 advocati
3321 5524 3509 5594 optimi
3556 5524 3679 5577 loco
3730 5520 3868 5580 fun—

2264 5626 2414 5681 gens.
2447 5631 2464 5663 ι
2496 5610 2565 5664 Et
2594 5611 2755 5681 paulo
2800 5612 2942 5667 infra
2969 5629 2982 5666 :
3021 5630 3041 5664 ‹
3073 5612 3367 5683 Propterea
3396 5622 3451 5669 et
3500 5606 3866 5669 multas-vias

2263 5702 2395 5756 alias
2437 5702 2769 5771 poenitentiae
2798 5702 3042 5758 diversas
3075 5702 3246 5769 dedit,
3287 5719 3394 5774 quo
3422 5688 3577 5757 nobis
3622 5715 3863 5757 omnem

2264 5791 2482 5850 desidite
2520 5793 2863 5850 occasionem
2903 5801 3163 5867 amputet.
3190 5793 3325 5852 Nam
3351 5793 3396 5850 si
3422 5806 3585 5848 unam
3612 5792 3859 5850 habete-
