4060 6350
212 372 354 433 1225

1065 372 1155 431 AB
1189 371 1362 432 ΟΜΝῙ
1394 367 1762 431 NOVITATIS
1801 364 2206 426 SUSPICIONE
2241 362 2628 422 VINDICATA.

3338 361 3477 420 i226

205 510 332 552 mus
351 490 545 554 solam,
569 490 673 546 hac
689 488 891 547 vadere
913 488 1279 560 nequiremus,
1314 502 1627 545 mucronem
1642 487 1791 542 hunc
1816 487 1865 544 Δ
1890 498 2071 540 omnia
2091 490 2312 554 peccata
2335 494 2477 537 mea.
2503 477 2888 549 Praecipueque
2911 492 3011 548 per
3046 476 3479 534 emendationem

206 583 459 641 diabolus
510 594 724 655 semper
773 579 929 652 fugit.
983 582 1249 647 Peccasti,
1287 579 1571 636 ecclesiam
1614 578 1796 647 ingre-

205 677 366 741 dere,
405 682 569 744 atque
613 681 767 727 tuum
790 672 911 729 dele
950 681 1251 744 peccatum.
1283 672 1504 740 Quoties
1532 670 1797 728 cecideris

207 771 265 827 in
288 766 429 833 foro,
457 765 619 822 toties
657 765 940 836 exsurgis:
966 765 1046 821 sic
1071 765 1286 837 quoties
1311 765 1644 837 peccaveris,
1670 779 1797 834 pec-

207 862 319 921 cati
374 860 659 933 pmniteat,
710 874 886 929 neque
932 859 1202 930 desperes.
1270 858 1508 914 Tametsi
1561 855 1798 911 secundo

206 952 545 1029 peccaveris,
595 951 833 1008 secundo
878 950 1162 1022 poeniteat,
1214 966 1393 1023 neque
1441 949 1622 1004 animo
1669 962 1799 1002 con-

210 1052 493 1114 sternatus
514 1059 545 1099 a
572 1058 670 1116 spe
709 1042 1067 1113 repositorum
1095 1043 1360 1098 bonorum
1388 1041 1571 1097 cadas.
1598 1039 1801 1106 Quam-

208 1139 298 1195 vis
326 1138 383 1194 in
420 1145 663 1194 extrema
698 1135 896 1189 canitie
939 1135 1269 1206 peccaveris,
1294 1132 1599 1204 ingredere,
1626 1128 1801 1200 pumi-

213 1230 445 1287 tentiam
484 1243 584 1300 age
629 1245 643 1281 :
678 1227 960 1283 medicina:
995 1226 1149 1282 locus
1180 1234 1267 1281 est
1319 1224 1408 1281 hic
1454 1238 1563 1278 non
1586 1220 1800 1293 judicii,

215 1337 328 1383 non
364 1336 554 1393 ptenas
595 1318 837 1391 exigens,
888 1318 984 1374 sed
1029 1325 1376 1390 peccatorum
1426 1314 1803 1371 remissionem

218 1400 483 1472 tribuens.
517 1413 629 1469 Deo
673 1412 849 1467 solum
895 1411 983 1467 dic
1023 1419 1305 1482 peccatum
1342 1416 1515 1464 tuum.
1542 1406 1720 1462 Habes
1749 1412 1807 1460 et

133 1526 137 1529 λ
217 1506 382 1564 aliam
411 1504 789 1576 paenitentiam
831 1502 977 1560 haud
1010 1501 1301 1568 difﬁcilem,
1344 1501 1439 1557 sed
1466 1498 1686 1576 omnino
1714 1512 1804 1553 ac-

129 1581 152 1627 "
219 1570 807 1663 cornmddatissimam;
878 1594 1130 1667 qualem?
1195 1594 1372 1650 hanc:
1449 1570 1585 1648 delle
1643 1605 1809 1661 super

134 1748 137 1753 c
220 1698 505 1765 peccatum
570 1697 745 1757 tuum,
808 1687 971 1761 idque
1022 1702 1092 1745 ex
1140 1686 1315 1744 sacris
1370 1687 1598 1743 docetur
1629 1683 1809 1739 Evan-

221 1781 397 1854 geliis.
444 1799 463 1835 ι

294 1914 527 1971 Sanctus
572 1912 928 1986 Augustinus,
980 1912 1074 1970 lib.
1106 1929 1146 1970 ιι
1211 1921 1403 1970 contra
1455 1909 1811 1968 Cresconium

224 2006 663 2082 grammaticum,
694 2021 815 2077 cap.
848 2006 916 2061 12
945 2023 957 2059 :
997 2025 1016 2059 ‹
1048 2006 1377 2062 Mundantur
1420 2012 1475 2061 et
1521 2004 1688 2061 verbo
1718 2018 1813 2059 ve-

225 2101 405 2158 ritatis
433 2101 502 2157 ab
531 2100 623 2156 illo
650 2099 744 2172 qui
773 2100 865 2163 ait,
897 2098 1018 2156 Jam
1044 2115 1143 2157 vos
1180 2100 1369 2155 mundi
1397 2097 1551 2163 estis,
1588 2104 1813 2169 pr0pter

225 2194 452 2250 verbum
480 2191 625 2264 quod
656 2192 871 2247 locutus
901 2207 1021 2247 sum
1048 2192 1225 2248 vobis.
1261 2189 1591 2245 Mundautur
1618 2197 1675 2245 et
1721 2204 1812 2243 sa-

224 2287 437 2345 criﬁcio
482 2285 701 2341 contriti
744 2284 925 2341 cordis
951 2286 1019 2340 ab
1063 2284 1155 2340 illo
1201 2284 1268 2340 de
1297 2299 1405 2354 quo
1433 2283 1636 2340 dictum
1678 2290 1808 2337 est:

227 2380 565 2449 Sacriﬁcium
588 2378 698 2433 Deo
724 2378 941 2449 spiritus
970 2375 1352 2431 contribulatus
1371 2417 1387 2442 ,
1413 2392 1504 2431 cor
1530 2374 1813 2430 contritum

224 2482 275 2529 et
287 2472 621 2528 humiliatum
633 2470 776 2526 Deus
791 2487 895 2525 non
920 2469 1145 2542 spernit.
1163 2469 1488 2525 Mundantur
1504 2477 1559 2525 et
1583 2469 1816 2525 eleemo-

225 2564 379 2637 synis
391 2566 459 2622 ab
477 2563 567 2620 illo
594 2563 687 2635 qui
715 2562 829 2618 ait:
854 2559 985 2616 Date
1010 2561 1411 2633 eleemosgnam,
1438 2570 1486 2615 et
1500 2577 1614 2616 ecce
1639 2561 1815 2615 omnia

225 2655 426 2712 munda
455 2664 577 2710 sunt
607 2653 771 2709 vobis.
821 2652 1149 2709 Mundantur
1187 2654 1322 2726 ipsa,
1369 2669 1490 2724 quae
1517 2652 1816 2723 superemi-

226 2758 323 2809 net
365 2746 638 2814 omnibus,
693 2747 963 2805 cbaritate
999 2749 1066 2803 ab
1115 2747 1209 2804 illo
1249 2748 1342 2818 qui
1384 2763 1481 2818 per
1509 2746 1815 2818 apostolum

228 2842 453 2898 Petrum
483 2841 621 2897 dixit
648 2858 661 2894 :
693 2839 940 2895 Charitas
964 2840 1193 2911 cooperit
1214 2838 1605 2894 multitudinem
1632 2854 1818 2909 pecca-

230 2942 438 3000 torum;
469 2949 591 3005 quze
618 2947 725 2987 una
772 2932 818 2987 si
846 2931 1010 2997 adsit,
1047 2931 1230 2986 omnia
1260 2930 1352 2985 illa
1385 2939 1532 2988 recte
1564 2930 1701 2985 ﬁunt
1719 2936 1743 2997 ;‘
1770 2928 1820 2984 si

231 3034 414 3083 autem
451 3026 594 3082 desit
619 3024 732 3093 illa,
764 3024 945 3080 omnia
972 3021 1178 3079 frustra
1206 3022 1362 3077 ﬁunt.
1400 3040 1420 3075 ι

304 3189 618 3255 Cassianus,
662 3185 714 3242 J.
763 3184 1135 3257 Chrysostomi
1177 3183 1495 3252 discipulus,
1551 3182 1606 3237 in
1654 3179 1820 3236 colla-
1844 3227 1895 3293 ο

231 3284 384 3340 tione
408 3299 499 3348 xx,
546 3296 666 3353 cap.
700 3281 734 3338 8
767 3298 780 3335 :
818 3298 837 3332 ι
868 3280 997 3335 Post
1042 3276 1186 3333 illam
1234 3290 1468 3346 namque
1503 3274 1816 3344 generalem

230 3373 495 3447 baptismi
526 3362 775 3445 gratiam,
806 3378 861 3426 et
904 3369 1033 3425 illud
1079 3366 1531 3439 pretiosissimum
1567 3364 1816 3436 martyrii

236 3468 464 3533 donum,
490 3466 631 3538 quod
656 3463 930 3537 sanguinis
957 3461 1232 3518 ablutione
1272 3458 1631 3529 conquiritur,
1661 3453 1819 3512 multi

233 3569 366 3621 sunt
388 3558 719 3631 ptenitentize
764 3555 995 3620 fructus,
1041 3568 1140 3625 per
1180 3566 1316 3625 quos
1344 3552 1410 3606 ad
1451 3548 1820 3622 expiationem

234 3654 527 3713 criminum
553 3651 889 3725 pervenitur.
936 3648 1054 3704 Non
1083 3647 1230 3702 enim
1259 3644 1491 3717 simplici
1522 3643 1615 3699 illo
1650 3640 1822 3712 paeni-

235 3748 422 3804 tentiae
455 3724 673 3801 nomine
717 3744 864 3799 salus
892 3750 1097 3797 aeterna
1147 3724 1565 3809 repromittitur,
1606 3734 1673 3789 de
1715 3747 1823 3803 quo

234 3840 431 3895 beatus
490 3834 765 3909 apostolus
826 3833 1036 3895 Petrus,
1085 3828 1450 3894 Ptenitemini,
1524 3825 1722 3897 inquit,
1773 3833 1828 3879 et

238 3928 617 3988 convertimini
670 3935 728 3983 ut
766 3925 1048 3981 deleantur
1072 3931 1293 3993 peccata
1322 3928 1522 3975 vestra.
1572 3917 1638 3972 Et
1662 3916 1827 3971 Joan-

238 4038 339 4079 nes
367 4022 630 4093 Baptista,
661 4019 748 4075 vel
774 4018 889 4090 ipse
918 4014 1179 4070 Dominus
1208 4031 1221 4066 :
1261 4010 1635 4067 Paenitentiam
1665 4007 1825 4078 agite,

238 4114 675 4188 appropinquabit
700 4112 839 4167 enim
866 4124 1081 4181 regnum
1107 4104 1373 4161 calorum.
1405 4100 1511 4157 Sed
1533 4098 1700 4155 etiam
1731 4111 1829 4168 per

239 4208 529 4265 charitatis
555 4206 807 4262 affectum
832 4210 1178 4274 peccatorum
1210 4196 1380 4252 moles
1405 4193 1672 4250 obruitur.
1692 4188 1829 4244 Cha-

240 4302 376 4356 ritas
404 4302 541 4356 enim
576 4300 742 4370 operit
767 4296 1159 4351 multitudinem
1181 4302 1534 4365 peccatorum.
1564 4287 1831 4344 Similiter

241 4394 412 4449 etiam
444 4409 541 4465 per
587 4393 1055 4462 eleemosynarum
1103 4386 1336 4442 fructum
1385 4381 1705 4438 vulneribus
1734 4393 1832 4433 no-

241 4486 377 4543 stris
404 4484 613 4541 medela
655 4488 986 4556 prsestalur:
1019 4478 1147 4550 quia
1185 4476 1328 4531 sicut
1356 4488 1497 4546 aqua
1538 4468 1834 4542 exstinguit

1900 591 2142 631 morum:
2172 573 2409 643 Auferte,
2432 571 2623 642 inquit,
2649 569 2850 624 malum
2888 568 3261 641 cogitationum
3283 577 3479 624 vestra-

1898 682 2018 721 rum
2060 666 2125 720 ab
2152 664 2315 719 oculis
2344 664 2496 728 meis,
2535 661 2781 735 quiescite
2809 677 2962 733 agere
2985 676 3250 731 perverse,
3300 660 3483 715 discite

1901 755 2227 825 benefacere,
2258 754 2475 825 quwrite
2489 752 2777 824 judicium,
2806 751 3071 806 subvenite
3100 767 3366 823 Oppressi),
3385 750 3479 821 juo

1900 850 2073 906 dicate
2115 849 2340 923 pupillo,
2372 848 2637 920 defendite
2664 847 2896 912 viduam,
2922 855 2970 900 et
2998 845 3164 900 venite
3208 853 3257 901 et
3280 842 3487 916 arguite

1900 962 2005 1019 me,
2049 945 2175 1000 dicit
2222 944 2502 1000 Dominus.
2551 942 2620 997 Et
2667 943 2713 997 si
2741 942 2936 1012 fuerint
2965 948 3177 1011 peccata
3221 948 3391 994 vestra
3427 946 3487 992 ut

1902 1038 2195 1104 coccinum,
2227 1037 2361 1093 velut
2390 1039 2481 1093 nia:
2510 1035 2926 1101 dealbabuntur;
2958 1042 3005 1088 et
3032 1034 3077 1088 si
3104 1030 3297 1103 fuerint
3327 1029 3490 1084 rubra

1902 1132 2054 1203 quasi
2084 1130 2415 1194 vermiculus,
2468 1128 2607 1185 velut
2651 1127 2774 1183 lana
2821 1126 2941 1183 alba
2984 1134 3159 1181 erunt.
3213 1122 3491 1179 Interdum

1904 1225 2069 1277 etiam
2098 1222 2487 1278 intercessione
2515 1227 2828 1275 sanctorum
2856 1218 3179 1289 impetratur
3198 1214 3355 1269 venia
3400 1210 3494 1266 de-

1904 1316 2180 1373 lictorum.
2213 1317 2316 1384 Qui
2343 1317 2489 1374 enim
2520 1317 2619 1371 scit
2648 1316 2869 1387 fratrem
2890 1330 3043 1370 suum
3070 1326 3284 1385 peccare
3312 1325 3494 1381 pecca-

1907 1417 2018 1464 tum
2064 1426 2168 1465 non
2208 1409 2279 1464 ad
2319 1418 2558 1473 mortem,
2604 1418 2743 1479 petat
2786 1415 2841 1464 et
2881 1407 3030 1463 dabit
3055 1405 3105 1461 ei
3146 1404 3315 1488 vitam
3352 1402 3495 1458 Deus

1907 1502 2145 1574 peccanti
2169 1518 2274 1557 non
2298 1501 2367 1555 ad
2397 1512 2636 1557 mortem.
2667 1500 2734 1556 Et
2761 1500 2958 1557 iterum
2986 1517 2999 1553 :
3038 1498 3354 1569 Inﬁrmatur
3379 1495 3496 1567 quis

1909 1612 1975 1651 ea:
2002 1595 2161 1659 vobis,
2196 1595 2413 1650 inducat
2440 1593 2765 1665 presbyteros
2793 1592 3043 1648 Ecclesiae
3072 1601 3119 1646 et
3159 1597 3307 1646 orent
3341 1601 3499 1659 super

1910 1706 2052 1755 eum,
2083 1698 2331 1760 augentes
2360 1706 2477 1744 eum
2505 1688 2618 1744 oleo
2646 1688 2700 1743 in
2736 1688 2944 1744 nomine
2967 1685 3203 1750 Domini,
3234 1693 3281 1738 et
3330 1679 3498 1736 oratio

1911 1781 2039 1852 ﬁdei
2064 1780 2285 1837 salvabit
2308 1782 2601 1852 inﬁrmum,
2628 1792 2677 1838 et
2706 1781 2970 1838 alleviabit
2997 1797 3115 1837 eum
3136 1777 3425 1834 Dominus:
3450 1780 3500 1829 et

1836 1858 1890 1922 Β
1912 1873 1959 1928 si
1980 1875 2035 1929 in
2065 1875 2290 1947 peccatis
2315 1874 2405 1940 sit,
2445 1876 2748 1931 dimittetur
2789 1875 2855 1930 ei.
2885 1873 3286 1943 Nonnunquam
3337 1867 3503 1923 etiam

1914 1969 2302 2025 misericordiae
2332 1984 2398 2024 ac
2425 1968 2548 2024 ﬁdei
2576 1970 2772 2025 merito
2802 1968 2952 2024 labes
2980 1966 3304 2037 excoquitur
3343 1963 3503 2020 vitio-

1918 2077 2061 2126 rum,
2098 2059 2395 2116 secundum
2438 2058 2569 2114 illud
2613 2078 2627 2113 :
2661 2058 2769 2115 Per
2816 2057 3230 2114 misericordiam
3276 2066 3322 2110 et
3348 2054 3509 2125 ﬁdem

1914 2163 2211 2230 purgantur
2233 2162 2465 2224 peccata.
2512 2152 2619 2208 Per
2644 2151 3055 2208 conversionem
3084 2149 3405 2220 plerumque
3454 2153 3511 2201 et

1917 2245 2149 2304 salutem
2171 2257 2372 2299 'eorum
2397 2244 2487 2314 qui
2514 2243 2717 2299 nostris
2754 2242 2979 2299 monitis
3027 2255 3092 2297 ac
3120 2238 3510 2311 praedicatione

1917 2337 2214 2394 salvantur.
2238 2335 2504 2404 Quoniam
2524 2334 2615 2406 qui
2637 2334 2865 2390 converti
2894 2332 3073 2403 fecerit
3093 2340 3420 2403 peccatorem
3439 2328 3506 2383 ab

1918 2447 2095 2486 errore
2122 2430 2219 2485 vite
2246 2445 2378 2495 suta,
2406 2427 2576 2483 salvat
2599 2428 2833 2483 animam
2857 2426 2973 2498 ejus
2999 2443 3033 2479 a
3059 2434 3226 2480 morte
3251 2435 3298 2481 et
3333 2423 3515 2498 operit

1920 2521 2307 2607 multitudinem
2355 2529 2710 2593 peccatorum.
2741 2518 2849 2576 Per
2893 2518 3282 2589 indulgentiam
3314 2518 3497 2574 nihilo-

1918 2617 2101 2674 minus
2147 2624 2205 2672 et
2240 2615 2615 2672 remissionem
2675 2622 2941 2681 nostram,
2998 2614 3065 2669 ad
3118 2613 3509 2685 indulgentiam

1920 2716 2229 2763 nostrorum
2272 2707 2573 2764 facinorum
2613 2706 2930 2777 pervenitur
2976 2721 2992 2760 :
3031 2705 3093 2763 Si
3121 2707 3259 2762 enim
3309 2706 3516 2762 dimise—

1921 2798 2035 2854 ritis
2064 2799 2361 2855 hominibus
2375 2810 2589 2871 peccata
2616 2816 2823 2866 eorum,
2854 2798 3075 2854 dimittet
3097 2808 3146 2854 et
3176 2798 3320 2855 vobis
3350 2797 3518 2854 Pater

1922 2899 2088 2945 vester
2118 2891 2337 2947 caelestis
2380 2891 2574 2948 delicta
2621 2900 2810 2947 vestra.
2861 2892 3071 2948 Videtis
3111 2908 3241 2965 ergo
3282 2902 3518 2963 quantos

1923 2985 2313 3042 misericordia:
2332 2987 2511 3043 aditus
2534 2986 2852 3057 patefecerit
2875 2985 3162 3042 clementia
3188 2986 3514 3051 Salvatoris,

1923 3087 1987 3133 ut
2028 3096 2189 3136 nemo
2220 3080 2449 3136 salutem
2496 3081 2744 3151 cupiens,
2798 3080 3176 3151 desperatione
3205 3079 3519 3151 frangatur,

1926 3186 2051 3226 cum
2077 3171 2261 3227 videat
2288 3186 2348 3228 se
2378 3172 2547 3228 tantis
2577 3171 2647 3227 ad
2690 3171 2859 3227 vitam
2887 3170 3144 3227 remediis
3179 3170 3422 3226 invitari.
3458 3168 3520 3226 Si

1923 3264 2068 3318 enim
2104 3278 2204 3332 pro
2256 3263 2574 3318 inﬁrmitate
2623 3263 2805 3317 carnis
2856 3259 3145 3318 afﬂictione
3188 3260 3524 3333 jejuniorum

1921 3355 2139 3411 abolere
2188 3362 2244 3409 te
2291 3361 2516 3424 peccata
2569 3368 2676 3406 non
2708 3366 2868 3424 posse
2906 3352 3172 3417 causaris,
3226 3367 3326 3408 nec
3364 3361 3523 3422 potes

1923 3448 2147 3504 dicere:
2203 3443 2389 3501 Genua
2434 3460 2551 3499 mea
2606 3444 2879 3514 inﬁrmata
2932 3454 3055 3500 sunt
3110 3461 3143 3497 a
3178 3444 3421 3516 jejunio,
3473 3454 3523 3501 et

1922 3558 2049 3595 caro
2100 3539 2555 3594 mea'immutata
2601 3544 2677 3591 est
2736 3545 2949 3607 propter
2996 3534 3201 3601 oleum;
3265 3536 3390 3607 quia
3439 3534 3518 3590 ci-

1925 3649 2101 3689 nerem
2120 3641 2373 3704 tanquam
2405 3646 2594 3702 panem
2632 3627 3037 3693 manducabam,
3072 3637 3120 3682 et
3141 3638 3322 3700 potum
3346 3643 3520 3681 meum

1926 3741 2045 3781 cum
2075 3725 2203 3795 ﬂetu
2233 3721 2510 3777 miscebam
2530 3762 2545 3781 ,
2580 3720 3048 3791 eleemosynarum
3079 3735 3142 3774 ea
3173 3719 3380 3801 redime
3415 3716 3523 3772 lar-

1928 3817 2119 3889 gitate.
2148 3813 2415 3888 ludigenti
2442 3814 2487 3869 si
2520 3829 2627 3869 non
2660 3813 2829 3869 babes
2860 3812 3004 3882 quod
3035 3810 3321 3880 impartias
3354 3808 3372 3880 (
3398 3810 3527 3865 licet

1928 3911 2138 3965 nullum
2168 3910 2235 3964 ab
2264 3910 2369 3964 hoc
2391 3923 2555 3979 opere
2592 3907 2890 3963 necessitas
2919 3906 3115 3977 inopia:
3143 3922 3210 3962 ac
3237 3912 3529 3978 pauperta-

1930 4005 2002 4059 tis
2035 4001 2307 4066 excludat,
2357 4001 2574 4073 quando
2620 4000 2838 4071 quidem
2889 4008 2947 4055 et
2993 3999 3139 4055 illius
3189 4000 3366 4055 vidua:
3420 3998 3529 4053 duo

1932 4103 2142 4150 tantum
2172 4109 2282 4149 aera
2326 4092 2636 4165 ingentibus
2688 4091 2918 4149 divitum
2971 4092 3288 4148 muneribus
3334 4088 3530 4161 prmfe-

1932 4196 2147 4253 runtur,
2194 4194 2250 4241 et
2296 4200 2399 4256 pro
2438 4184 2607 4241 calice
2652 4199 2805 4255 aqua:
2855 4182 3065 4256 frigidae
3116 4183 3421 4239 mercedem
3468 4197 3530 4237 se

1933 4279 2270 4334 redditurum
2304 4278 2564 4333 Dominus
2590 4276 2965 4349 repromittit),
2994 4284 3144 4331 certe
3181 4274 3387 4345 absque
3420 4272 3529 4328 illis

1934 4385 2148 4426 morum
2182 4370 2386 4440 potet'is
2414 4370 2797 4426 emendatione
2822 4367 3064 4438 purgari.
3092 4366 3247 4434 Quod
3272 4367 3318 4422 si
3350 4363 3532 4437 perfe-

1935 4462 2175 4517 ctionem
2230 4460 2494 4516 virtutum
2546 4461 2909 4516 exstinctione
2972 4459 3230 4513 vitiorum
3286 4456 3532 4512 omnium

242 4579 428 4649 ignem
453 4618 466 4641 ,
530 4579 605 4632 ita
656 4549 1000 4645 eleemosyna
1039 4549 1346 4639 exstinguit
1396 4573 1699 4638 peccatum.
1752 4559 1829 4614 lta
1860 4594 1909 4654 υ
1936 4571 2045 4609 non
2082 4562 2238 4626 potes
2267 4554 2517 4626 adipisci,
2540 4552 2963 4609 sollicitudinem
2991 4552 3137 4623 piam
3169 4565 3298 4621 erga
3322 4549 3534 4606 'utilita-

241 4671 413 4725 etiam
474 4684 572 4740 per
640 4668 1006 4738 lacrymarum
1058 4660 1425 4733 profusionem
1490 4653 1832 4725 conquiritur

245 4762 453 4819 ablutio
479 4769 855 4831 peccatorum;
888 4756 1093 4813 Lavabo
1115 4756 1259 4811 enim
1283 4769 1375 4824 per
1399 4749 1635 4822 singulas
1664 4757 1835 4803 noctes

248 4854 446 4909 lectum
487 4869 681 4909 meum.
728 4852 979 4919 lacrymis
1009 4850 1137 4900 meis
1162 4857 1388 4900 stratum
1415 4860 1589 4901 meum
1629 4844 1832 4913 rigabo.

244 4948 495 5018 Denique
522 4944 798 5016 subiungit
819 4942 1112 4999 ostendens
1134 4953 1227 4996 eas
1271 4953 1377 4994 non
1406 4937 1642 4992 inaniter
1667 4935 1837 4991 fuisse

246 5038 527 5113 profusas,
558 5035 842 5101 Discedite,
867 5034 1141 5105 inquiens,
1161 5049 1192 5085 a
1220 5046 1302 5085 me
1326 5046 1503 5084 omnes
1533 5028 1622 5101 qui
1648 5043 1837 5098 opera-

246 5131 383 5186 mini
413 5130 763 5202 iniquitatem,
803 5126 1052 5199 quoniam
1078 5122 1346 5179 exaudivit
1379 5120 1634 5175 Dominus
1668 5134 1840 5173 vocem

224 5250 227 5253 ν
258 5228 410 5281 οιειιιδ
433 5226 534 5281 mei
559 5242 576 5288 ;
610 5239 711 5280 nec
740 5237 847 5278 non
881 5237 979 5292 per
1004 5219 1290 5275 criminum
1329 5214 1723 5272 confessionem
1749 5227 1841 5267 eo-

250 5334 379 5375 rum
415 5317 639 5373 abolitio
695 5313 1010 5371 conceditur
1056 5328 1067 5364 :
1101 5309 1225 5364 Dixi
1273 5308 1439 5370 enim,
1473 5304 1569 5369 ait,
1600 5318 1844 5373 pronun-

247 5409 406 5467 tiabo
431 5409 706 5463 adversum
734 5422 817 5459 me
844 5401 1162 5475 injustitiam
1189 5416 1358 5454 meam
1408 5396 1654 5461 Domino,
1694 5405 1742 5449 et
1785 5403 1843 5447 tu

248 5500 504 5557 remisisti
532 5500 849 5570 impietatem
876 5494 1071 5565 peccati
1117 5491 1239 5546 mei.
1285 5491 1349 5545 Et
1390 5490 1626 5545 iterum:
1668 5485 1840 5541 Narra

248 5601 316 5646 tu
354 5590 673 5662 iniquitates
701 5599 821 5644 tuas
847 5585 1055 5658 primus
1087 5592 1146 5637 ut
1170 5579 1508 5651 justiliceris.
1557 5577 1661 5634 Per
1700 5576 1837 5633 allli-

254 5678 495 5735 ctionem
526 5694 742 5753 quoque
762 5676 945 5736 cordis
968 5686 1023 5731 et
1042 5673 1308 5745 corporis,
1338 5673 1701 5729 admissorum
1726 5686 1844 5727 sce-

254 5772 436 5828 lerum
465 5770 715 5826 remissio
741 5772 992 5830 similiter
1021 5769 1319 5827 obtinetur.
1366 5765 1521 5833 Nam,
1563 5764 1692 5822 Vide
1712 5807 1728 5833 ,
1760 5766 1843 5822 in-

256 5866 403 5938 quit,
432 5862 785 5921 humilitatem
813 5877 985 5917 meam
1011 5873 1061 5916 et
1090 5860 1324 5919 laborem
1344 5876 1540 5935 meum,
1569 5869 1619 5920 et
1642 5859 1845 5919 dimitte

660 5958 943 6025 PATROL.
986 5957 1221 6024 XCIX.

1940 4656 2051 4703 tem
2103 4646 2294 4703 aliena:
2342 4646 2533 4702 salutis
2569 4643 2837 4714 impende.
2871 4642 2928 4697 Si
2960 4652 3142 4698 autem
3173 4649 3226 4697 te
3277 4641 3533 4696 idoneum

1940 4740 2072 4795 huic
2099 4737 2405 4794 ministerio
2446 4753 2552 4793 non
2582 4752 2703 4792 esse
2730 4736 3105 4807 conquereris,
3144 4735 3362 4806 operire
3406 4748 3534 4805 pec-

1942 4842 2065 4888 cata
2110 4831 2318 4904 poteris
2351 4830 2637 4887 charitatis
2678 4828 2893 4885 all'ectu.
2938 4828 2995 4884 lu
3022 4816 3126 4886 not:
3149 4841 3367 4898 quoque
3392 4828 3437 4883 si
3480 4836 3534 4883 te

1944 4925 2192 4997 fragilem
2230 4924 2421 4980 fecerit
2459 4923 2713 4994 quaelibet
2758 4923 2957 4977 mentis
2988 4921 3239 4994 ignavia,
3279 4922 3531 4977 oratione

1942 5017 2135 5073 saltem
2171 5024 2333 5087 atque
2362 5016 2752 5071 intercessione
2778 5023 3089 5071 sanctorum
3135 5015 3373 5071 remedia
3415 5015 3533 5071 vul-

1944 5111 2169 5165 neribus
2198 5110 2313 5165 suis
2341 5108 2666 5167 humilitatis
2703 5107 2902 5164 affectu
2932 5107 3237 5164 submissus
3282 5106 3532 5179 implora.

1920 5276 1923 5277 ν
1946 5206 2232 5263 Postremo
2257 5207 2380 5278 quis
2403 5206 2604 5278 estqui
2634 5220 2741 5261 non
2776 5205 2950 5277 possit
2971 5204 3290 5275 suppliciter
3312 5204 3493 5261 dicere
3516 5244 3531 5270 ,

1953 5298 2233 5354 Peccatum
2280 5315 2454 5353 meum
2499 5299 2761 5370 cognitum
2814 5298 2908 5351 tibi
2954 5297 3076 5368 feci,
3125 5308 3172 5351 et
3219 5296 3536 5368 injustitiam

1946 5408 2116 5447 meam
2146 5409 2251 5447 non
2279 5392 2499 5464 cperui?
2534 5390 2601 5447 Ut
2630 5405 2727 5461 per
2759 5392 2899 5445 hanc
2929 5390 3327 5446 confessionem
3373 5388 3537 5442 etiam

1942 5485 2071 5542 illud
2123 5485 2457 5541 confidenter
2488 5481 2817 5553 subjungere
2870 5491 3165 5549 mereatur,
3207 5489 3263 5536 et
3304 5490 3362 5535 tu
3389 5481 3543 5535 remi-

1945 5577 2058 5633 sisti
2103 5574 2423 5648 impietatem
2451 5574 2623 5630 cordis
2670 5575 2793 5627 mei.
2825 5572 2978 5641 Quod
3021 5574 3067 5629 si
3096 5572 3423 5628 verecundia
3454 5587 3539 5627 re-

1959 5670 2212 5727 trahente
2243 5666 2484 5724 revelare
2512 5680 2697 5722 coram
2748 5666 3060 5722 hominibus
3105 5664 3406 5732 erubescis,
3460 5664 3542 5721 illi

1945 5781 2107 5841 quem
2133 5764 2304 5821 latere
2333 5778 2440 5819 non
2473 5770 2704 5833 possunt
2729 5760 2976 5819 conﬁteri
3004 5776 3067 5816 ea
3107 5758 3225 5833 jugi
3264 5758 3539 5829 supplica-

1946 5861 2093 5925 tione
2120 5875 2228 5921 non
2252 5846 2489 5924 desinas,
2519 5873 2585 5915 ac
2612 5857 2814 5929 dicere,
2846 5853 3187 5925 Iniquitatem
3237 5867 3404 5910 nieam
3446 5867 3541 5924 ego

3106 5948 3185 6011 39

1841 6048 1904 6068 ὐπ’
1912 6046 1937 6067 ὗ
