4060 6350
590 421 724 478 1227

584 551 858 608 cognosco,
890 543 938 588 et
979 540 1243 605 peccatum
1273 543 1444 583 meum
1487 533 1670 580 contra
1699 538 1781 577 me
1817 515 1894 576 esl
1930 536 1954 574 s

584 607 678 683 tibi
698 625 799 682 soli
821 623 1048 697 peccavi,
1070 631 1116 675 et
1136 619 1332 674 malum
1356 633 1534 672 coram
1559 615 1608 670 te
1631 611 1755 686 feci,
1778 611 1871 684 qui
1892 618 1947 667 et
1965 607 2169 680 absque

586 720 730 776 illius
758 714 1095 774 verecundia:
1120 699 1483 782 publicatione
1503 721 1717 772 curare,
1747 705 1804 760 et
1824 703 1943 759 sine
1966 701 2168 770 impro-

583 807 737 884 perio
787 815 1008 881 peccata
1037 805 1239 860 donare
1265 801 1564 859 consuevit.
1615 793 1746 854 Post
1773 795 1920 853 istud
1952 797 2170 866 quoque

585 913 701 959 tam
746 906 1052 973 promptum
1082 904 1401 964 certumque
1428 889 1749 956 subsidium,
1783 885 1928 942 aliud
1954 897 2170 958 quoque

590 995 767 1050 adhuc
792 989 1010 1045 facilius
1036 987 1229 1058 largita
1279 993 1362 1041 est
1385 984 1540 1040 nobis
1567 980 1747 1037 divina
1776 978 2044 1049 dignatio,
2086 977 2169 1046 lp-

584 1099 809 1155 samque
839 1082 1065 1138 remedii
1091 1094 1248 1152 opem
1275 1088 1463 1135 nostro
1503 1073 1778 1132 commisit
1809 1071 2064 1137 arbitrio,
2107 1074 2169 1124 ut

585 1176 975 1249 indulgentiam
1003 1181 1315 1256 nwtrorum
1336 1167 1601 1226 scelerum
1625 1181 1724 1237 pro
1756 1174 1943 1219 nostro
1964 1171 2170 1233 priesu-

583 1286 798 1331 mamus
821 1269 1034 1335 affectu,
1066 1255 1308 1324 dicentes
1328 1259 1377 1319 ei
1403 1282 1416 1318 :
1449 1259 1664 1316 Dimitte
1692 1257 1837 1313 nobis
1872 1255 2045 1310 debita
2074 1267 2169 1308 no-

582 1375 713 1430 stra,
745 1365 879 1420 sicut
905 1372 952 1418 et
979 1379 1072 1417 nos
1100 1355 1412 1415 dimittimus
1442 1343 1759 1409 debitoribus
1789 1352 2001 1404 nostris.
2034 1363 2052 1399 ι

654 1457 923 1515 Cresarius
944 1453 1280 1510 Arelatensis
1305 1451 1359 1505 in
1385 1446 1607 1504 bomilia
1631 1446 1664 1501 9
1689 1459 1703 1500 :
1739 1462 1758 1495 ‹
1792 1431 2164 1503 Considerate,

583 1556 788 1630 fratres
807 1549 1134 1616 charissimi,
1160 1557 1216 1603 et
1241 1545 1417 1603 videte
1441 1543 1567 1614 quia
1593 1539 1735 1596 nulla
1763 1531 2041 1593 excusatio
2070 1541 2170 1588 no-

583 1649 669 1704 bis
689 1654 868 1719 potest
895 1657 1194 1708 remanere,
1224 1656 1321 1712 per
1350 1650 1511 1709 quam
1541 1634 1786 1691 dicamus
1812 1635 2034 1702 peccata
2066 1641 2166 1682 no-

585 1748 700 1796 stra
740 1753 848 1794 non
892 1735 1132 1808 potuisse
1181 1729 1466 1787 redimere.
1516 1727 1678 1782 Potes
1728 1721 1956 1778 forsitan
1987 1719 2170 1774 dicere

585 1826 730 1903 quod
760 1843 922 1885 carne

583 1921 792 1996 ﬂigere,
819 1937 849 1976 a
875 1919 1002 1975 vino
1029 1914 1114 1974 vel
1139 1932 1167 1970 a
1207 1912 1461 1971 carnibus
1506 1927 1612 1966 non
1647 1907 1830 1963 valeas
1857 1905 2164 1961 abstinere:

585 2017 829 2087 nunquid
853 2023 1010 2085 potes
1042 2011 1258 2075 dicere,
1304 2007 1446 2078 quod
1489 2021 1554 2061 ea
1595 2019 1718 2074 qua:
1763 2001 1897 2068 tibi,
1943 1996 2172 2068 amplius

587 2124 751 2181 quam
779 2122 914 2177 opus
943 2111 1082 2168 erat,
1105 2099 1248 2156 Deus
1275 2095 1441 2161 dedit,
1472 2113 1577 2153 non
1604 2091 1780 2166 possis
1806 2108 1905 2165 pro
1931 2087 2174 2163 peccatis

586 2203 696 2258 tuis
722 2198 1048 2271 pauperibus
1068 2193 1325 2266 erogare?
1345 2191 1443 2248 Est
1470 2190 1645 2246 adhuc
1669 2187 1814 2243 aliud
1841 2201 2010 2259 genus
2032 2184 2176 2240 elec-

585 2307 934 2366 mosyuarum
954 2331 970 2357 ,
999 2289 1065 2344 de
1093 2304 1200 2359 quo
1227 2299 1515 2358 possumus
1543 2282 1660 2339 sine
1688 2279 1797 2336 ullo
1825 2277 2009 2334 labore
2049 2289 2174 2347 pec-

587 2395 711 2443 cata
742 2384 1008 2440 redimere
1031 2388 1239 2436 nostra.
1266 2373 1324 2433 Si
1347 2370 1494 2432 enim
1528 2374 1724 2445 aliquis
1749 2371 1823 2426 ita
1851 2372 1923 2426 sit
1944 2384 2171 2440 pauper,

588 2486 648 2533 ut
687 2492 789 2532 nec
823 2490 1014 2532 aurum
1042 2473 1272 2539 habeat,
1317 2486 1417 2526 nec
1463 2467 1792 2524 frumentum
1813 2507 1827 2532 ,
1860 2479 1962 2520 nec
1988 2462 2174 2518 vinum

589 2572 674 2628 vel
716 2570 923 2635 oleum,
968 2567 1110 2623 unde
1139 2559 1474 2636 corporalem
1521 2559 1918 2632 eleemosynam
1968 2553 2172 2609 faciat:

586 2666 712 2737 quia
750 2679 858 2720 non
886 2669 1066 2733 potest
1095 2657 1211 2715 ﬁeri
1238 2666 1295 2712 ut
1315 2657 1383 2711 ab
1409 2653 1680 2726 aliquibus
1714 2647 2024 2708 hominibus
2067 2657 2176 2702 non

584 2761 823 2832 patiatur
847 2754 1120 2828 iniuriam,
1145 2760 1258 2807 toto
1279 2751 1444 2806 corde
1467 2747 1718 2803 omnibus
1741 2742 1976 2800 inimicis
2002 2742 2178 2799 indul-

589 2859 732 2923 geat,
762 2858 817 2905 et
858 2846 1062 2903 nullum
1091 2843 1372 2918 peccatum
1401 2845 1699 2905 remaneat,
1727 2837 1871 2910 quod
1899 2837 2017 2908 ejus
2043 2852 2176 2892 con—

587 2941 869 2996 scientiam
895 2935 1161 2999 mordeat,
1191 2943 1246 2988 et
1277 2929 1501 2986 Securus
1529 2930 1583 2985 in
1614 2929 1861 2984 oratione
1897 2927 2178 2983 Dominica

589 3033 765 3089 dicat:
801 3027 1014 3084 Dimitte
1044 3027 1190 3082 nobis
1223 3023 1399 3080 debita
1436 3029 1614 3078 nostra
1644 3022 1779 3077 sicut
1803 3028 1853 3076 et
1880 3038 1972 3076 nos
1999 3020 2180 3076 dimit-

587 3124 744 3178 timus
790 3117 1109 3175 debitoribus
1157 3117 1368 3171 nostris.
1416 3107 1486 3170 Et
1512 3107 1822 3184 implebitur
1858 3112 1914 3168 in
1947 3126 2013 3168 eo
2047 3109 2180 3166 illud

586 3211 730 3285 quod
757 3200 1002 3268 Christus
1043 3209 1095 3262 in
1127 3201 1416 3279 Evangelio
1449 3204 1768 3277 promittere
1791 3195 2042 3277 dignatus
2070 3209 2176 3268 est,

587 3301 772 3361 dicens
799 3320 812 3355 :
855 3295 912 3357 Si
952 3299 1258 3354 dimisentis
1289 3295 1582 3352 hominibus
1618 3303 1834 3366 peccata
1858 3309 2062 3360 eorum,
2093 3293 2176 3347 di-

586 3399 751 3451 mittet
791 3391 933 3450 vobis
971 3391 1132 3447 Pater
1161 3397 1329 3445 vester
1371 3387 1590 3443 cmlestis
1622 3396 1834 3459 peccata
1877 3391 2070 3442 uestra.
2108 3385 2178 3441 Et

588 3483 758 3541 illud:
799 3481 934 3539 Date
971 3491 1020 3538 et
1051 3479 1265 3535 dabitur
1307 3479 1480 3545 vobis,
1527 3477 1770 3530 dimittite
1803 3481 1852 3530 et
1883 3473 2179 3531 dimittetur

587 3576 746 3647 vobis,
776 3586 882 3632 etc.
926 3573 1067 3631 Ecce
1095 3572 1280 3628 dixisti
1321 3577 1374 3628 te
1409 3586 1508 3626 nec
1537 3565 1878 3624 abundanter
1903 3567 2176 3622 frumenta

585 3669 860 3742 colligere,
879 3661 1020 3723 unde
1044 3667 1245 3721 victum
1266 3673 1359 3718 aut
1377 3661 1631 3719 vestitum
1652 3662 1827 3733 possis
1847 3657 2176 3731 pauperibus

585 3761 738 3830 dare,
767 3775 868 3817 nec
893 3755 1148 3831 iniuriam
1185 3757 1473 3822 sustinere,
1513 3771 1674 3825 quam
1711 3749 1946 3807 inimicis
1974 3747 2175 3807 debeas

586 3847 904 3926 indulgere:
953 3855 1011 3907 et
1055 3850 1178 3906 ideo
1223 3849 1437 3904 dubitas
1480 3845 1622 3917 quod
1652 3861 1758 3901 non
1801 3843 2003 3900 habeas
2031 3845 2176 3900 unde

584 3945 763 4017 possis
784 3953 1004 4016 peccata
1025 3950 1120 4000 tua
1150 3937 1436 3998 redimere.
1483 3937 1682 4008 Accipe
1706 3949 1837 4009 ergo
1861 3943 1916 3991 et
1943 3935 2174 3992 fideliter

588 4043 716 4093 tene
733 4025 1053 4108 praclarum
1075 4049 1139 4090 ac
1159 4031 1487 4105 praecipuum
1515 4028 1734 4084 tertium
1752 4041 1922 4100 genus
1942 4027 2174 4082 eleemo-

589 4142 869 4202 synarum.
885 4125 968 4182 Sit
990 4125 1116 4181 vita:
1135 4126 1275 4180 bona
1297 4121 1547 4177 voluntas
1569 4137 1582 4174 :
1606 4131 1796 4175 omnes
1818 4117 2063 4173 homines
2091 4118 2172 4173 di-

589 4220 696 4296 lige
739 4219 880 4278 sicut
921 4219 1190 4290 teipsum:
1236 4230 1337 4288 pro
1381 4211 1633 4270 omnibus
1672 4223 1806 4267 ora:
1847 4219 1902 4266 et
1940 4212 2042 4265 hoc
2069 4209 2173 4265 illis

592 4309 836 4371 desidera
856 4309 1000 4384 quod
1020 4315 1074 4366 et
1095 4305 1213 4376 tibi,
1227 4315 1284 4363 et
1301 4303 1566 4363 clamatur
1585 4303 1682 4359 tibi
1707 4301 1775 4358 ab
1799 4301 2003 4374 angelis
2022 4319 2034 4354 :
2052 4299 2174 4356 Pax

589 4404 886 4460 hominibus
930 4403 1077 4459 bonoe
1123 4399 1422 4457 voluntatis.
1469 4397 1536 4453 Et
1565 4395 1692 4468 quia
1737 4396 1880 4451 bona
1922 4394 2172 4450 voluntas

592 4491 709 4569 ipsa
735 4503 820 4553 est
853 4495 1108 4560 Charitas,
1139 4494 1185 4550 si
1216 4493 1363 4548 illam
1387 4490 1590 4547 habere
1628 4489 1885 4555 volueris,
1916 4487 2171 4559 impletur

589 4583 648 4644 in
669 4595 720 4642 te
745 4586 886 4659 quod
906 4585 1164 4656 scriptum
1190 4590 1301 4639 est:
1325 4579 1572 4637 Charitas
1593 4580 1758 4652 operit
1781 4576 2171 4633 multitudinem

587 4689 937 4750 peccatorum.
971 4675 1215 4747 Agnosco
1239 4687 1368 4744 ergo
1391 4673 1516 4742 quia
1544 4669 1754 4727 sublata
1777 4673 1860 4727 cst
1883 4671 2061 4726 omnis
2079 4678 2175 4726 ex-

591 4771 798 4829 cusatio
823 4777 1169 4841 peccatorum
1203 4764 1290 4820 vel
1334 4764 1690 4820 contradictio
1735 4769 1845 4817 tua.
1877 4759 1996 4817 Non
2026 4762 2173 4816 enim

588 4861 793 4936 poteris
819 4861 999 4914 dicere
1027 4858 1168 4921 Quod
1202 4857 1397 4910 bonam
1442 4855 1773 4910 voluntatem
1817 4846 2022 4908 habere
2063 4865 2174 4906 non

588 4951 800 5023 possis,
826 4951 950 5020 quia
972 4953 1150 5018 potest
1186 4946 1304 5001 fleri
1332 4946 1475 5016 quod
1524 4961 1631 5001 non
1671 4945 1843 5000 velis:
1893 4953 2172 5012 nunquam

593 5051 772 5098 tamen
801 5043 1028 5112 probare
1054 5039 1258 5111 poteris
1287 5041 1429 5110 quod
1458 5053 1564 5094 non
1601 5039 1798 5108 possis.
1835 5035 1905 5093 Et
1933 5037 2054 5092 ideo
2080 5037 2174 5093 be-

589 5130 784 5187 neficia
810 5139 864 5188 et
894 5139 1001 5186 tam
1031 5131 1290 5203 prmclara
1319 5129 1714 5186 medicamenta
1744 5129 1956 5184 Domini
1975 5139 2029 5184 et
2053 5127 2175 5185 Sal-

590 5223 796 5278 vatoris
823 5223 990 5279 nostri
1019 5239 1126 5278 non
1149 5223 1500 5296 negligenter,
1527 5221 1620 5277 sed
1647 5220 1879 5278 fideliter
1902 5223 2170 5293 accipere,

589 5326 647 5373 et
673 5314 940 5372 custodire
961 5333 1082 5372 cum
1115 5316 1284 5388 ipsius
1309 5315 1577 5386 adjutorio
1603 5315 1943 5371 laboremus:
1976 5323 2036 5369 ut
2064 5331 2172 5371 non

590 5407 765 5464 solum
792 5405 1177 5479 indulgentiam
1203 5418 1548 5480 peccatorum
1576 5407 1824 5477 accipere
1842 5448 1856 5472 ,
1886 5405 1983 5462 sed
2005 5407 2171 5462 etiam

592 5501 661 5558 ad
686 5507 890 5558 aeterna
917 5513 1223 5558 mereamur
1245 5501 1466 5572 praemia
1495 5499 1801 5572 pervenire.
1835 5517 1854 5551 ι
1896 5527 1969 5538 -
1987 5496 2046 5554 ln
2075 5499 2173 5554 ho-

591 5591 738 5648 milia
766 5591 871 5650 58:
921 5611 941 5647 ς
987 5592 1170 5647 Prima
1216 5592 1466 5648 remissio
1508 5599 1593 5647 est
1637 5596 2016 5661 peccatorum,
2065 5601 2174 5659 qua

589 5682 931 5759 baptizamur
953 5685 1013 5741 in
1036 5697 1195 5756 aqua,
1235 5680 1529 5738 semiudum
1569 5680 1702 5736 illud
1732 5681 1876 5751 quod
1909 5681 2173 5752 scriptum

593 5783 713 5832 est:
758 5777 879 5833 Nisi
900 5779 1019 5848 quis
1048 5782 1263 5832 renatus
1297 5773 1453 5844 fuerit
1481 5787 1547 5830 ea:
1571 5789 1710 5845 aqua
1737 5782 1787 5827 et
1816 5771 2040 5843 Spiritu,
2067 5788 2172 5829 non

595 5877 757 5926 natast
779 5868 964 5926 videro
983 5879 1200 5935 ream
1222 5865 1344 5925 Dei.
1375 5863 1627 5926 Socunda
1654 5865 1906 5925 remissio
1929 5871 2016 5924 est
2033 5866 2170 5926 otia-

1156 401 1503 475 THEOD'ORl
1540 399 1861 467 ARCHIEP.
1894 391 2173 464 CANTUA

2288 379 2633 458 DOCTRINA
2673 379 2762 448 oe
2795 369 3243 447 Possumus

1957 522 2162 590 emper,
2190 515 2245 578 Α
2267 499 2446 568 ritatis
2485 505 2738 568 aﬂ‘ectds,
2769 512 2830 558 ut
2863 502 2948 557 est
2975 499 3106 556 illud
3130 513 3146 552 :
3175 495 3533 550 mutuatur
3558 493 3607 546 ei
3637 502 3857 563 peccata

3718 370 3853 434 ηας

2270 601 2457 668 multa,
2489 611 2610 672 quia
2635 593 2816 652 diteztit
2844 592 3088 650 multum.
3126 590 3310 646 Ter-tta
3333 587 3584 644 remissio
3613 594 3705 642 est
3724 585 3860 642 elea-

2271 699 2613 766 mosynarum
2660 687 2906 753 fructus,
2962 685 3258 742 secundum
3317 681 3423 737 hoc
3447 697 3466 736 :
3517 679 3684 736 Sicut
3730 689 3862 750 aqua

2270 781 2566 856 exstinguit
2610 782 2809 854 ignem,
2851 779 2923 834 ita
2948 778 3292 847 eleemosyna
3321 774 3624 845 crstinum
3668 779 3862 844 paucae

2271 889 2405 936 tum.
2437 877 2642 947 Quarta
2670 865 2932 941 remissio,
2953 872 3195 946 profusio
3219 871 3606 943 lacrymurum,
3629 869 3860 925 Domino

2270 971 2483 1027 dicente
2509 987 2522 1024 :
2563 969 2698 1037 Quia
2726 965 2875 1023 flevit
2902 967 2955 1022 in
2978 969 3270 1037 conspectu
3302 969 3443 1030 meo,
3476 967 3534 1018 et
3562 961 3863 1018 ambulavit

2271 1073 2455 1119 coram
2477 1067 2563 1117 me
2584 1060 2774 1126 tristis,
2797 1071 2904 1114 non
2931 1057 3180 1113 inducam
3204 1052 3404 1111 malum
3425 1054 3482 1110 in
3507 1055 3710 1110 diebus
3731 1053 3858 1124 eius.

2269 1152 2467 1220 Quinta
2509 1150 2757 1207 remissio
2789 1153 2874 1205 est
2897 1149 3185 1205 eriminum
3227 1145 3526 1213 confessio,
3574 1142 3861 1203 Psalmista‘

2270 1245 2560 1299 attestante
2586 1251 2598 1296 ε
2638 1235 2788 1307 Dixi,
2813 1239 3096 1310 conﬁtebor
3121 1239 3396 1294 adversum
3426 1253 3509 1293 me
3541 1233 3861 1308 iniustitiam

2271 1347 2441 1389 meam
2466 1324 2710 1398 Domino,
2741 1341 2790 1387 et
2815 1335 2870 1386 tu
2898 1331 3145 1387 remisisti
3171 1330 3490 1402 impietatem
3508 1330 3723 1400 peccati
3748 1331 3857 1384 mei.

2273 1427 2438 1484 Sexta
2460 1425 2708 1484 remissio
2717 1431 2800 1482 est
2819 1423 3038 1482 afﬂictio
3055 1424 3234 1482 cordis
3251 1432 3306 1480 et
3319 1424 3592 1496 corporis,
3605 1419 3862 1495 Apostoio

2269 1515 2623 1574 consolante:
2650 1509 2781 1572 Dedi
2807 1513 3111 1588 hujustnodi
3139 1513 3412 1570 hominem
3444 1512 3675 1570 Satanae
3701 1514 3760 1569 ia
3789 1516 3863 1569 ta-

2272 1609 2484 1664 teritum
2512 1609 2708 1675 carnis,
2740 1613 2798 1663 ut
2827 1609 3043 1680 spiritus
3084 1606 3257 1663 salsus
3299 1606 3396 1662 fiat
3424 1607 3482 1662 in
3521 1606 3613 1661 dte
3651 1605 3861 1661 Domini

2273 1701 2437 1758 nostri
2463 1697 2593 1757 Jestt
2615 1699 2829 1757 Christi.
2859 1697 3100 1772 Septima
3139 1699 3394 1757 remissio
3426 1701 3514 1755 est
3555 1699 3862 1757 emendatio

926 1843 978 1882 ω
1005 1835 1152 1880 mam
1174 1821 1393 1894 ieiuniis
1420 1835 1483 1874 ac
1511 1815 1710 1890 vigiliis
1747 1830 1856 1870 ηοη
1882 1811 2057 1884 possis
2083 1807 2168 1863 af.
2199 1871 2247 1894 ‘
2273 1812 2507 1863 morum,
2534 1797 2637 1852 hoc
2664 1804 2747 1852 est
2780 1795 3179 1852 abrenuntiatio
3204 1795 3459 1849 vitiorum
3487 1836 3502 1861 ,
3529 1794 3859 1866 evangelista

2199 1871 2250 1944 Β
2277 1898 2542 1948 testante:
2576 1889 2704 1946 lam
2730 1906 2891 1946 sanus
2916 1889 3088 1959 factus
3112 1903 3201 1942 es:
3226 1886 3334 1944 noli
3358 1886 3504 1942 ultra
3532 1905 3774 1958 peccare,
3802 1905 3860 1942 ne

2271 1985 2397 2057 quid
2425 1983 2520 2038 tibi
2558 1981 2789 2037 deterius
2818 1979 3106 2051 contingat.
3139 1974 3343 2032 Octava
3384 1977 3632 2033 remissio
3671 1986 3756 2034 est
3784 1979 3860 2032 in-

2275 2077 2534 2136 teroessio
2562 2082 2892 2141 sanctorum,
2922 2081 2983 2127 ut
3006 2079 3088 2127 est
3113 2069 3244 2125 illud
3270 2089 3284 2124 :
3319 2068 3377 2125 Si
3394 2071 3510 2142 quis
3531 2071 3856 2142 inﬁrmatur,

2274 2170 2489 2225 inducat
2515 2166 2838 2238 presbyteros
2867 2162 3116 2219 Ecclesia:
3145 2172 3194 2218 et
3219 2171 3360 2217 orent
3380 2179 3468 2232 pro
3493 2179 3576 2217 eo.
3608 2163 3678 2216 Et
3706 2162 3849 2216 utul-

2274 2271 2386 2318 tum
2410 2259 2544 2315 valet
2570 2258 2711 2330 apud
2751 2257 3037 2312 Dominum
3065 2253 3242 2310 oratio
3266 2254 3400 2324 justi
3433 2249 3668 2308 assidua.
3697 2253 3856 2307 Eous.

2275 2355 2526 2414 remissio
2567 2361 2653 2409 est
2694 2349 3067 2408 misericordia
3095 2348 3220 2405 fidei
3259 2349 3535 2414 meritum,
3565 2346 3867 2402 secundum

2275 2447 2401 2512 hoc,
2431 2444 2584 2500 Beati
2611 2441 2992 2508 misericordes,
3032 2441 3283 2513 quoniam
3311 2439 3411 2508 ipsi
3445 2438 3868 2494 misericordiam

2275 2547 2674 2609 consequentur.
2695 2536 2911 2592 Decima
2933 2533 3202 2599 remissio,
3221 2533 3369 2594 salus
3391 2532 3657 2598 aliorum,
3671 2530 3870 2589 Jacobo

2277 2628 2522 2700 apostolo
2548 2626 2883 2682 afﬁrmante:
2927 2625 3030 2694 Qui
3053 2626 3279 2681 converti
3321 2623 3504 2697 fecerit
3547 2635 3869 2695 peccatoretu

2277 2721 2344 2778 ab
2373 2737 2550 2776 errore
2587 2721 2682 2776 uia:
2705 2737 2835 2786 suto,
2867 2719 3089 2776 saloabit
3113 2718 3347 2774 animam
3386 2718 3504 2790 ejus
3541 2735 3578 2772 α
3608 2728 3797 2786 morte,
3825 2726 3873 2773 et

2279 2808 2553 2878 cooperiet
2597 2806 2987 2862 multitudinem
3031 2816 3384 2878 peccatorum.
3439 2803 3758 2862 Undecima
3797 2821 3877 2861 rev

2279 2901 2469 2958 missio
2501 2909 2587 2958 est
2628 2901 2958 2973 indulgentia
2994 2908 3050 2956 et
3079 2909 3264 2954 nostra
3307 2898 3602 2965 remissio,
3638 2899 3878 2955 V’eritate

2278 2995 2656 3064 permittente:
2675 2995 2955 3062 Dimittite,
2978 3003 3027 3049 et
3051 2993 3342 3048 dimittetur
3357 2992 3526 3049 vobis.
3545 2992 3876 3049 Duodecim:

2281 3092 2530 3148 remissio
2558 3100 2642 3148 est
2670 3093 2851 3163 passio
2882 3090 3147 3162 martyrii,
3171 3105 3265 3160 spe
3304 3090 3462 3145 unica
3493 3089 3702 3144 salutis
3731 3098 3783 3145 et
3805 3091 3877 3144 iu-

2279 3177 2587 3256 dulgentias,
2627 3194 2683 3240 et
2721 3184 2917 3240 latroni
2947 3190 3170 3238 cruento
3199 3182 3569 3252 respondente
3618 3181 3874 3246 Domino,

2202 3255 2252 3326 Ο
2281 3276 2469 3342 Amen,
2497 3275 2616 3330 dico
2647 3275 2761 3340 tibi,
2789 3275 2945 3329 hodie
2972 3289 3174 3329 mecum
3201 3275 3306 3329 eris
3326 3275 3383 3328 in
3407 3275 3703 3346 paradiso.
3741 3295 3760 3329 t

2349 3367 2556 3440 Ellgius
2575 3367 2949 3424 Noviomensis
2976 3367 3027 3422 in
3053 3366 3274 3422 humilia
3291 3365 3335 3424 ,4
3361 3383 3376 3420 :
3411 3384 3430 3418 ι
3470 3365 3534 3422 Si
3561 3368 3720 3422 enim
3745 3368 3873 3424 inter

2277 3470 2376 3518 vos
2403 3461 2570 3532 aliqui
2592 3469 2751 3527 sunt,
2786 3462 2930 3533 quod
2959 3460 3121 3525 absit,
3161 3460 3252 3530 qui
3283 3474 3340 3516 se
3367 3459 3475 3514 huc
3502 3475 3690 3532 usque
3714 3461 3875 3532 peni-

2277 3556 2504 3612 tentiam
2521 3567 2681 3626 agere
2701 3555 3073 3610 simulaverint
3092 3554 3270 3624 potius
3289 3565 3454 3624 quam
3487 3569 3629 3610 vere
3651 3555 3872 3626 egerit,

2277 3662 2455 3720 neque
2499 3647 2620 3704 istis
2663 3649 2730 3704 de
2764 3647 2861 3704 Dei
2906 3647 3276 3703 misericordia
3317 3646 3732 3716 desperandum
3762 3661 3873 3702 esse

2275 3740 2541 3808 dicimus,
2589 3741 2636 3796 si
2679 3740 2838 3796 hodie
2882 3739 3045 3794 etiam
3077 3740 3145 3795 ad
3174 3739 3351 3809 ipsum
3396 3738 3604 3794 saltem
3654 3754 3726 3794 ex
3769 3749 3875 3795 toto

2276 3833 2440 3890 corde
2464 3841 2870 3898 convertantur,
2903 3832 3042 3903 apud
3064 3845 3222 3902 quem
3244 3830 3422 3886 nullas
3447 3833 3666 3902 patitur
3695 3847 3874 3889 moras

2274 3939 2404 3982 vera
2430 3925 2711 3981 conversio
2729 3965 2743 3991 ,
2773 3925 2986 3981 dicente
3020 3922 3224 3995 Spiritu
3253 3922 3348 3978 Dei
3376 3938 3478 3993 per
3503 3925 3868 3994 propheta:

2273 4018 2409 4076 Cum
2430 4033 2725 4076 comersus
2743 4017 3093 4090 ingemueris,
3115 4026 3245 4073 tunc
3265 4015 3447 4074 calvus
3466 4017 3625 4073 eris:
3649 4028 3710 4074 et
3730 4018 3866 4082 alibi,

2274 4109 2373 4166 Dic
2397 4115 2453 4164 tu
2477 4109 2792 4180 iniquitates
2814 4117 2938 4164 tuas
2960 4109 3128 4180 prior,
3151 4117 3211 4162 ut
3226 4105 3586 4175 justifieeris:
3613 4109 3868 4180 itemque,

2275 4204 2401 4274 quia
2451 4205 2591 4274 apud
2636 4203 2922 4258 Dominum
2964 4202 3337 4258 misericordia
3381 4201 3534 4272 ejus,
3568 4209 3632 4259 et
3657 4205 3872 4275 copiosa

2272 4295 2415 4366 apud
2433 4308 2560 4350 eum
2580 4295 2894 4366 redemptio.
2920 4293 3160 4363 Denique
3184 4291 3460 4362 multiplex
3491 4293 3874 4350 misericordia

2273 4385 2409 4456 ejus,
2440 4385 2511 4443 ad
2537 4387 2905 4458 espiationem
2933 4386 3251 4451 criminum,
3288 4383 3627 4455 multiplices
3663 4386 3876 4443 fructus

2273 4479 2428 4534 nobis
2450 4479 2782 4549 paenitentia:
2803 4477 3058 4534 contulit:
3091 4492 3198 4532 non
3218 4477 3365 4532 enim
3389 4484 3610 4532 tantum
3639 4479 3877 4550 simplici

2277 4569 2368 4627 illo
2403 4572 2736 4642 ptenitentite
2777 4571 2999 4627 nomine
3040 4569 3185 4627 salus
3211 4578 3414 4626 aeterna
3443 4573 3872 4640 repromittitur,

2197 4621 2256 4690 Ι)
2277 4621 3005 4734 ἆέιιὶῐζιᾷὀξίὸῖιιε”ιῐὲῖὲῖιὲ
3028 4621 3424 4717 {igneas
3444 4621 3876 4731 ὶέῖίιὶῗὲῗςῖἑῖ

2278 4755 2554 4811 vertimini
2568 4762 2626 4810 ut
2644 4755 2927 4810 deleantur
2936 4760 3156 4824 peccata
3170 4761 3373 4809 vestra.
3385 4750 3713 4809 EtJoannes
3739 4753 3877 4824 Bap-

2278 4849 2434 4906 tista:
2461 4846 2829 4903 Pornitentiam
2850 4849 3007 4915 agite,
3025 4846 3458 4915 appropinquabit
3478 4846 3620 4900 enim
3651 4863 3876 4919 mgnum

2277 4940 2543 4996 calorum.
2599 4936 2707 4993 Sed
2750 4939 2914 4994 etiam
2961 4936 3021 4992 lit
3068 4937 3331 4993 absolutio
3371 4949 3732 5009 peccatorum
3775 4958 3876 5012 per

2278 5032 2556 5089 charitatis
2577 5031 2848 5096 affectum,
2873 5045 2971 5101 per
2989 5029 3454 5102 eleemosyna‘rum
3484 5031 3754 5098 fructum,
3776 5052 3877 5107 per

2273 5125 2641 5197 profusionem
2690 5125 3076 5196 lacrymarum,
3106 5140 3205 5196 per
3236 5124 3634 5182 confessionem
3678 5131 3871 5185 crimi—

2274 5232 2424 5281 num,
2448 5232 2546 5287 per
2565 5217 2747 5273 cordis
2766 5226 2821 5272 et
2840 5217 3085 5288 corporis
3104 5215 3467 5282 alllictionem,
3483 5221 3874 5291 praeipneque

2272 5326 2373 5382 per
2396 5325 2607 5366 morum
2629 5310 3060 5366 emendationem
3087 5327 3101 5364 :
3132 5310 3402 5365 interdum
3428 5309 3596 5365 etiam
3618 5327 3727 5382 per
3746 5328 3874 5366 san-

2271 5411 2483 5457 ctorum
2508 5402 2975 5468 intercessionem,
3001 5415 3102 5472 per
3129 5401 3517 5473 indulgentiam
3553 5417 3777 5473 quoque
3807 5418 3870 5458 ac

2276 5493 2650 5550 remissionem
2677 5500 2920 5548 nostram
2957 5507 3061 5562 qua
3090 5491 3445 5562 peccantibus
3473 5492 3528 5546 in
3557 5507 3664 5548 nos
3687 5493 3872 5548 dimico

2278 5587 2472 5643 timus:
2505 5586 2702 5658 quibus
2728 5587 2982 5642 omnibus
3007 5586 3182 5641 modis
3214 5584 3420 5642 aboleri
3455 5598 3617 5657 posse
3643 5596 3870 5656 peccatu

2274 5678 2457 5735 divina
2497 5677 2658 5736 testis
2693 5686 2788 5735 est
2820 5675 3119 5748 Scriptura.
3165 5674 3303 5734 Cum
3342 5691 3474 5748 ergo
3515 5671 3870 5741 indutam“

2277 5770 2454 5826 aditus
2487 5771 2644 5826 nobis
2668 5770 2936 5826 salutares
2982 5770 3077 5826 Dei
3118 5770 3289 5827 nostri
3306 5764 3548 5837 poteritis
3573 5761 3869 5822 nemora.

2275 5858 3869 5942 patofooatit,guisnisormisssieordialotaahu
