4060 6350
216 394 352 461 42:29

1051 400 1140 465 Ae
1178 400 1348 469 ὒΜΝΙ
1385 394 1752 469 sovmrts
1793 391 2194 470 susmcmse
2232 402 2620 470 “Nolana.

3330 407 3472 483 i§3b

210 483 543 563 desiderans,
586 499 961 568 desperatione
989 502 1167 572 aliqua
1196 502 1497 575 frangatur,
1544 521 1665 559 cum
1716 504 1783 559 ad
1809 504 2089 565 Aritusve
2136 504 2491 560 confessionis
2536 506 2776 571 edendae,
2820 506 3259 580 pmnitentizeque
3305 515 3479 587 impo-

207 592 418 647 veniam
444 590 606 645 etiam
644 590 1030 660 multiplicibus
1058 590 1311 650 remediis
1338 588 1633 651 invitetur?
1665 617 1683 649 ι

276 682 695 751 Redemptiones
724 683 889 754 igitur
913 686 1353 753 poenitentiarum
1387 688 1573 755 quales
1603 689 1787 759 legun-

205 782 297 831 tur
316 775 416 831 sub
441 774 656 829 nomine
680 773 947 830 Tbeodori
970 784 1025 830 et
1046 776 1101 831 in
1128 777 1489 834 Pmnitentiaii
1518 780 1785 847 Romano,

204 868 423 939 optimae
460 875 588 935 sunt
630 876 686 922 et
721 864 1127 939 antiquissimus,
1180 887 1314 940 quas
1340 872 1399 926 ut
1434 872 1558 943 pote
1597 873 1788 929 Patres

204 962 413 1032 antiqui
462 962 517 1015 in
557 959 853 1031 Scripturis
886 965 1086 1018 sanctis
1132 964 1330 1035 ubique
1375 982 1493 1020 esse
1530 966 1789 1036 probatas

202 1054 511 1111 ostendunt.
545 1053 725 1122 Quare
754 1071 785 1108 a
822 1070 953 1110 vero
978 1056 1205 1110 multum
1245 1059 1518 1111 aberravit
1544 1057 1594 1113 J.
1627 1058 1789 1113 Mori-

201 1164 309 1203 nus
338 1148 428 1217 qui
454 1161 548 1201 eas
574 1146 861 1217 vituperat,
890 1155 946 1201 et
972 1142 1252 1203 contendit
1279 1142 1346 1204 de
1374 1143 1439 1204 iis
1465 1144 1670 1203 nullum
1705 1162 1784 1205 te-

201 1240 519 1294 stimonium
543 1239 867 1309 octingentis
892 1249 947 1295 et
968 1240 1173 1311 aliquot
1194 1241 1349 1297 annis
1372 1240 1644 1312 antiquius
1664 1246 1787 1313 pro-

199 1332 335 1387 i‘erri
379 1346 555 1402 posse.
590 1331 705 1385 Etsi
737 1346 867 1403 ergo
908 1332 1302 1403 redemptiones
1345 1335 1785 1403 pmnitentiarum

201 1426 306 1481 sub
340 1425 558 1480 nomine
584 1424 852 1479 Theodori
877 1425 1214 1481 solummodo
1244 1427 1545 1494 retulerim,
1571 1444 1675 1482 non
1702 1428 1782 1482 af-

198 1516 470 1571 ﬁrmando
504 1516 571 1570 ad
601 1516 770 1587 ipsius
798 1516 1175 1573 Poenitentiaie
1202 1515 1511 1587 pertinere:
1545 1524 1784 1575 attamen

201 1608 445 1662 rationes
470 1607 666 1675 quibus
691 1605 739 1661 εἰ.
775 1606 1013 1662 Morinos
1048 1608 1116 1662 ad
1152 1608 1205 1663 id
1242 1611 1545 1681 negandum
1576 1611 1785 1675 utitur;

197 1697 400 1753 nullius
423 1711 543 1752 esse
570 1695 828 1768 ponderis
856 1698 1053 1753 merito
1077 1698 1295 1770 quidem
1330 1715 1395 1755 ac
1414 1697 1540 1769 jure
1564 1699 1783 1756 conclu-

198 1791 331 1847 dere
358 1806 597 1862 possum.

833 1900 1062 1959 CAPUT
1097 1903 1165 1959 X.

195 2015 624 2079 Demonstratur,
653 2014 915 2070 aloanne
960 2016 1169 2071 Marino
1213 2034 1317 2072 non
1352 2030 1519 2073 certas
1560 2021 1785 2075 rationes

267 2098 314 2162 et
358 2103 503 2142 veras
549 2102 739 2142 causas
784 2084 1167 2143 Pwnitentialis
1225 2088 1482 2143 Theodori
1525 2090 1786 2162 expositas

270 2160 457 2230 fuisse.

268 2288 425 2346 Nunc
458 2302 819 2362 proponamus
842 2306 1089 2363 quamam
1120 2293 1226 2349 sint
1267 2295 1505 2350 rationes
1534 2303 1587 2350 et
1609 2311 1787 2353 causae

190 2396 227 2438 a
254 2378 306 2436 J.
337 2377 542 2437 Morino
571 2378 747 2438 allatae
772 2380 847 2439 de
883 2380 1245 2441 Pmniteutiali
1295 2382 1561 2442 Theodori
1610 2386 1786 2445 archi-

190 2474 433 2545 episcopi
465 2474 869 2532 Cautuariensis
921 2496 939 2527 ι
974 2478 1188 2541 Verum,
1216 2478 1388 2548 inquit
1416 2481 1466 2534 in
1491 2482 1786 2551 appendice‘

190 2564 293 2619 lib.
327 2566 395 2620 de
424 2564 766 2633 Pmnitentia,
804 2568 858 2622 in
905 2566 1125 2625 Oriente
1162 2578 1216 2625 et
1253 2570 1544 2628 Occidente
1582 2583 1787 2644 tempo-

189 2656 348 2714 ribus
376 2656 664 2725 adnotatis,
696 2669 898 2715 mutata
927 2660 1228 2733 disciplina,
1262 2672 1349 2721 res
1387 2664 1547 2722 aliter
1587 2682 1644 2723 se
1687 2668 1784 2724 ha-

95 2744 101 2749 ’
187 2748 333 2808 buit.
363 2748 498 2807 Tum
545 2750 691 2809 enim
737 2755 1025 2811 criminum
1067 2772 1514 2830 quorumcunque
1547 2759 1785 2816 occulto-

187 2857 317 2897 rum
347 2843 665 2913 pmnitentia
704 2854 913 2903 secreto
960 2847 1213 2917 imposita
1257 2860 1360 2915 est,
1392 2858 1448 2906 et
1476 2866 1540 2907 ea
1572 2862 1783 2908 secreto

184 2942 432 3006 peracta,
460 2944 673 2993 secreto
700 2952 913 3009 quoque
944 2942 1309 2998 reconciliatio
1338 2943 1481 3000 facta
1516 2954 1616 3001 est.
1658 2944 1781 3003 ideo

182 3026 355 3083 etiam
384 3030 716 3098 poenitentiae
744 3030 902 3088 istius
922 3032 1199 3091 canonica:
1229 3034 1520 3107 impositio.
1547 3046 1602 3093 et
1621 3053 1782 3095 cano-

179 3117 315 3173 nica
338 3128 461 3189 post
484 3129 759 3190 peractam
794 3123 939 3180 illam
967 3127 1345 3195 paenitentiam
1376 3129 1641 3185 absolutio
1666 3132 1783 3201 qui-

1827 621 1836 628 -
1891 588 2102 660 nendm,
2124 602 2179 650 et
2200 590 2652 652 reconciliationis
2679 600 2997 667 praestandae
3022 616 3128 655 non
3152 603 3476 663 edisserunt.

1888 684 1975 740 IV.
2006 676 2415 742 Admonitiones
2441 696 2496 742 et
2546 688 2950 745 exhortationes
2987 692 3368 751 confitentibus
3398 696 3476 752 fa-

1888 774 2132 840 ciendas,
2166 791 2461 847 eorumque
2489 778 2556 833 de
2598 779 2890 836 virtutibus
2916 789 2971 837 et
2994 783 3141 838 vitiis
3162 785 3481 862 instructio:

1889 872 2014 919 nem
2040 880 2147 920 non
2173 868 2471 923 continent.
2509 866 2573 922 Υ.
2611 860 2751 926 Sunt
2781 868 2948 927 multa
2975 876 3201 931 crimina
3224 860 3479 949 specialia

1888 958 2083 1028 quibus
2104 974 2342 1014 canones
2367 962 2745 1031 pmnitentiam
2783 979 2890 1019 non
2914 965 3214 1036 imponunt,
3244 986 3477 1039 quorum
3522 1014 3525 1017 ›

1888 1058 2066 1103 tamen
2092 1051 2464 1121 pmnitentiam
2497 1054 2675 1108 visum
2717 1063 2802 1110 est
2833 1056 3015 1112 multis
3062 1060 3329 1131 episcopis
3371 1079 3480 1120 non

1820 1145 1829 1155 ‘
1887 1152 2007 1194 esse
2034 1136 2363 1211 simplicium
2388 1140 2826 1215 presbyterorum
2876 1148 3101 1223 arbitrio
3135 1142 3492 1223 committen-i
3522 1192 3526 1197 ι

1886 1230 2032 1285 dam.
2058 1232 2245 1301 itaque
2263 1240 2549 1304 postquam
2570 1234 2857 1290 crituinum
2880 1218 3121 1293 omnium
3140 1241 3474 1298 occultorum

1884 1336 2045 1391 poena
2094 1324 2425 1393 quibuslibet
2470 1328 2805 1399 presbyteris
2844 1344 3100 1386 concessa
3149 1342 3249 1396 est,
3308 1334 3479 1390 libelli

1886 1415 2287 1485 pmnitentiales
2314 1428 2512 1490 praeter
2534 1436 2769 1477 canones
2794 1424 2994 1478 conditi
3026 1434 3175 1493 sunt,
3199 1428 3253 1481 in
3283 1430 3480 1498 quibus

1888 1498 2005 1563 hac
2037 1510 2221 1564 omnia
2251 1508 2507 1567 distincte
2555 1514 2609 1568 in
2663 1515 2987 1586 simplicium
3030 1518 3479 1591 presbyterorum

1885 1603 2115 1671 gratiam
2145 1613 2200 1659 et
2221 1607 2585 1662 necessariam
2616 1610 3028 1666 instructionem
3055 1618 3471 1682 enarrabantur,

1884 1701 1945 1747 ut
1976 1695 2415 1763 poenitentiarum
2448 1700 2893 1769 imponendarum
2918 1701 3092 1759 otIicio
3116 1706 3329 1777 defungi
3356 1722 3477 1776 pos-

1885 1794 2025 1839 sent.
2055 1786 2227 1841 Antea
2276 1797 2457 1844 autem
2492 1789 2545 1844 id
2576 1801 2683 1846 non
2715 1800 2834 1847 erat
2883 1788 2955 1848 ita
2994 1798 3383 1863 necessarium,
3413 1814 3479 1853 eo

1810 1869 1861 1930 Β
1887 1878 2031 1946 quod
2059 1878 2293 1947 plurium
2339 1880 2567 1935 istorum
2608 1884 2893 1939 criminum
2931 1886 3267 1955 paenitentiae
3294 1898 3479 1944 essent

1884 1968 2137 2038 publicae,
2164 1979 2221 2026 et
2264 1972 2330 2026 ab
2368 1974 2636 2043 episcopis
2684 1976 3062 2046 primariisque
3108 1980 3481 2037 sacerdotibus

1887 2058 2177 2130 impositae,
2208 2063 2299 2131 qui
2331 2058 2488 2119 facile
2512 2076 2766 2136 poterant
2792 2084 2913 2138 quae
2933 2066 3229 2127 canonibus
3256 2068 3482 2130 deerant

1886 2153 2153 2221 supplere.
2197 2153 2429 2210 istorum
2478 2158 2781 2214 libellorum
2810 2162 3262 2231 pmnitentialium
3288 2164 3342 2219 in
3373 2164 3478 2222 Oc-

1884 2241 2100 2298 cidente
2152 2254 2258 2300 tres
2303 2244 2524 2302 fuerunt
2560 2249 2917 2306 celeberrimi.
2974 2252 3225 2310 Omnium
3270 2256 3481 2327 primus

1886 2334 2263 2417 est‘Tbeodori
2293 2339 2700 2397 Cautuariensis
2728 2343 3139 2417 archiepiscopi.
3164 2365 3185 2401 ι

1957 2412 2389 2473 Fundamentum
2440 2422 2836 2491 praecipuarum
2886 2412 3158 2481 rationum
3194 2424 3246 2483 J.
3277 2426 3471 2486 Morini

1884 2508 2180 2577 propositio
2209 2518 2293 2564 est
2339 2512 2492 2582 cujus
2539 2511 2829 2570 falsitatem
2881 2532 3041 2587 supra
3091 2528 3203 2575 tota
3250 2520 3473 2576 Patrum

1886 2597 2178 2655 traditione
2201 2614 2371 2672 usque
2400 2602 2467 2657 ad
2497 2602 2835 2660 Theodorum
2865 2604 3093 2663 deducta
3138 2608 3481 2667 demonstra-
3516 2636 3521 2640 -

1884 2688 2080 2745 vimus.
2135 2688 2506 2750 Fundamento
2560 2695 2724 2766 igitur
2770 2694 2885 2767 jam
2922 2714 3134 2767 everso,
3191 2703 3477 2775 praecipuas

1883 2795 2100 2852 quoque
2150 2785 2393 2840 rationes
2445 2797 2723 2842 corruunt.
2777 2790 3045 2856 Quocirca
3095 2806 3202 2847 non
3265 2803 3478 2849 constat

1883 2879 2091 2927 mutata
2135 2874 2416 2945 disciplina
2457 2879 2952 2935 reconciliationem
2986 2890 3041 2937 et
3074 2883 3471 2942 absolutionem

1883 2964 2215 3034 quibuslibet
2244 2970 2573 3041 presbyteris
2619 2987 2740 3027 esse
2791 2974 3155 3043 permissam;
3188 2977 3296 3032 imo
3339 2990 3470 3033 cou-

1883 3060 2114 3115 trarium
2139 3062 2338 3134 legitur
2364 3063 2419 3118 in
2448 3064 2814 3123 Poenitentiali
2842 3067 2928 3122 his
2952 3070 3165 3125 verbis:
3196 3088 3215 3121 ι
3262 3064 3473 3125 Recon-

1884 3150 2089 3206 ciliatio
2116 3154 2495 3224 paenitentiam
2527 3156 2581 3211 in
2622 3156 2788 3213 Coma
2817 3158 3028 3214 Domini
3059 3169 3269 3215 tantum
3299 3171 3385 3217 est
3406 3162 3475 3219 ab

179 3210 401 3283 busque
449 3214 777 3288 presbyteris
827 3219 1086 3288 permissa
1135 3220 1253 3275 fuit.
1304 3221 1386 3277 Ab
1432 3234 1499 3279 eo
1536 3231 1776 3296 tempore

179 3300 482 3326 unum..-
630 3324 668 3326 _,
809 3325 814 3326 ,
1081 3312 1125 3326 η.
1386 3315 1399 3326 .
1539 3317 1570 3326 ..

1882 3247 2134 3317 episcopo
2169 3257 2225 3304 et
2249 3257 2620 3308 consummata
2642 3254 2981 3325 poenitentia.
3010 3253 3066 3309 Si
3104 3266 3234 3310 vero
3264 3253 3473 3326 episco-

166 3300 488 3374 judicatum
514 3314 597 3363 est
621 3324 855 3367 canones
880 3328 985 3368 non
1011 3312 1276 3382 suﬂicere,
1307 3315 1399 3372 sed
1427 3314 1636 3374 libellos
1658 3335 1779 3375 esse

174 3395 597 3464 componendas
643 3396 697 3453 in
731 3401 928 3470 quibus
975 3403 1269 3475 unicuique
1314 3416 1540 3475 peccato
1584 3424 1777 3466 conve-

170 3484 351 3539 niens
377 3497 521 3541 esset
563 3490 835 3561 assignate
879 3495 1239 3563 pmnitentia:
1288 3498 1343 3552 in
1370 3500 1668 3555 canonibus
1709 3503 1777 3557 ad

169 3574 335 3630 hunc
362 3574 524 3630 tinem
569 3580 737 3633 multa
767 3597 1073 3652 superesse,
1103 3587 1271 3641 multa
1310 3588 1519 3645 deesse.
1574 3590 1777 3660 Supero

167 3673 314 3721 sunt
344 3680 598 3735 canones,
650 3670 867 3740 plurimi
913 3674 1137 3741 scilicet,
1193 3678 1286 3748 qui
1332 3680 1397 3735 de
1443 3682 1777 3750 pmnitcntiis

165 3755 505 3812 criminibus
533 3756 872 3830 imponendis
917 3766 1079 3820 verba
1128 3778 1233 3822 non
1280 3766 1503 3834 faciunt,
1548 3786 1775 3842 quorum

163 3862 446 3904 numerus
470 3848 634 3906 alium
660 3850 816 3924 longe
857 3862 1094 3928 superat.
1125 3859 1232 3917 Sed
1261 3858 1315 3917 in
1346 3863 1412 3919 iis
1442 3862 1596 3937 longe
1623 3867 1776 3936 plura

163 3941 400 3996 desunt.
436 3942 478 3998 i.
527 3942 775 4003 Canones
822 3960 963 4021 saepe
991 3951 1058 4008 de
1100 3967 1207 4009 uno
1238 3956 1292 4009 et
1321 3952 1507 4012 eodem
1550 3959 1776 4033 crimine

162 4034 549 4095 diversimode
590 4038 851 4103 definiunt
899 4062 911 4099 :
955 4046 1245 4104 diversitas
1278 4060 1457 4106 autem
1496 4052 1599 4107 ista
1649 4052 1776 4109 sim-

157 4129 357 4199 plices
387 4132 733 4205 presbyteros
775 4138 842 4192 ad
892 4155 1027 4211 quos
1074 4143 1283 4211 privata
1328 4143 1415 4199 illa
1447 4146 1778 4217 pCBnitentitc

157 4219 463 4291 impositio
506 4224 758 4293 pertinet,
808 4227 964 4284 facile
1006 4234 1303 4301 perturbat.
1335 4234 1535 4292 Deinde
1574 4237 1778 4295 incom-

154 4313 411 4367 modum
436 4323 602 4372 estet
646 4319 786 4375 bono
825 4324 1071 4393 regimini
1121 4328 1407 4384 adversum
1449 4329 1675 4385 crimina
1721 4331 1776 4388 in

150 4403 381 4458 eadem
413 4407 689 4474 provincia
717 4409 944 4468 diversis
973 4412 1144 4469 modis
1170 4420 1368 4487 puniri,
1398 4420 1482 4475 his
1513 4420 1655 4477 hunc
1679 4438 1773 4478 ca-

150 4510 387 4551 nonem
414 4500 789 4570 sequentibus,
819 4504 937 4561 istis
962 4507 1144 4562 alium.
1177 4506 1239 4564 li.
1266 4509 1660 4584 Nonnunquam
1687 4530 1775 4570 ca-

1877 3352 1948 3409 po
1974 3338 2185 3395 ditIicile
2214 3343 2304 3407 sit,
2340 3343 2659 3415 presbytero
2686 3354 2884 3417 potest,
2914 3347 3259 3403 necessitatis
3277 3363 3462 3415 causa,

1875 3430 2119 3501 praebere
2143 3441 2466 3502 potestatem
2490 3442 2549 3489 ut
2592 3436 2830 3508 impleat.
2864 3456 2884 3489 ι
2917 3438 3087 3506 Quam
3118 3438 3456 3509 disciplinam

1877 3530 2080 3577 etcum
2106 3525 2429 3595 praecedenti
2459 3534 2512 3581 et
2534 3529 2879 3597 subsequenti
2901 3530 3122 3585 omnino
3147 3528 3461 3596 convenire,

1877 3618 2195 3673 certissimis
2220 3620 2543 3675 testimoniis
2571 3622 2624 3675 in
2656 3623 2799 3678 notis
2842 3623 3254 3679 dcclaravimus.
3295 3624 3455 3678 Deni-

1878 3723 1983 3777 que
2009 3708 2296 3763 diversitas
2323 3710 2639 3780 disciplinae,
2671 3729 2775 3782 qua
2813 3712 2863 3768 J.
2912 3713 3149 3769 Morinus
3190 3714 3468 3768 existima-

1876 3800 1953 3854 vit
2000 3801 2272 3871 simplices
2320 3803 2664 3875 presbyteros
2718 3820 2876 3874 posse
2920 3805 3081 3861 facile
3132 3806 3464 3875 perturbari,

1877 3907 1983 3947 non
2013 3907 2076 3947 ea
2104 3903 2186 3948 est
2212 3894 2348 3948 ratio
2371 3908 2490 3964 qua:
2516 3892 2857 3950 Theodorum
2887 3897 3055 3952 movit
3083 3898 3151 3952 ad
3188 3897 3460 3953 Pmuiten-

1875 3983 2003 4038 tiale
2029 3999 2185 4039 suum
2230 3985 2695 4056 componendum;
2728 4000 2850 4042 cum
2880 3998 2911 4043 e
2929 3996 3116 4044 contra
3145 3989 3348 4043 variam
3384 3996 3463 4045 to-

1877 4075 1985 4130 tius
2011 4074 2263 4131 Ecclesia:
2296 4085 2404 4131 tam
2437 4074 2729 4136 Orientalis
2757 4092 2919 4149 quam
2948 4078 3311 4136 Occidentalis
3337 4094 3464 4150 pro-

1915 4175 2066 4221 onat.

1915 4182 2066 4221 onaL

1876 4182 1912 4237 Ρ
1949 4248 2078 4315 Qum
2098 4249 2278 4303 omnia
2300 4250 2555 4306 adversus
2572 4249 2620 4305 Ι.
2648 4251 2934 4318 Morinum,
2960 4253 3110 4322 cujus
3134 4252 3234 4306 etsi
3256 4250 3462 4307 variam

1878 4338 2335 4409 multiplicemque
2381 4341 2738 4397 eruditionem
2777 4356 2882 4396 non
2922 4342 3126 4413 possim
3152 4355 3258 4396 non
3288 4342 3464 4412 δυερί-

1877 4446 2022 4495 cere,
2057 4432 2291 4487 notanda
2344 4439 2523 4488 tamen
2561 4433 2797 4505 jndicavi
2830 4434 2944 4489 solo
2990 4433 3232 4488 veritatis
3277 4447 3461 4489 amore

1878 4522 2158 4594 impulsus,
2206 4530 2260 4580 et
2304 4526 2479 4581 studio
2521 4522 2703 4596 glorise
2754 4524 3023 4581 Theodori
3070 4524 3461 4595 archiepiscopi

147 4602 361 4644 nones
412 4589 746 4662 simplicibus
800 4600 1132 4672 presbyteris
1184 4602 1399 4661 obscuri
1451 4616 1595 4674 sunt,
1658 4609 1777 4666 ideo
1800 4588 1855 4649 Ῑ)
1878 4588 2310 4682 Cantuariensis,
2341 4632 2372 4671 a
2395 4588 2810 4690 quo,'quantum
2835 4617 3010 4688 potui,
3036 4631 3253 4673 omnem
3280 4617 3459 4672 amovi

146 4679 411 4736 dar-lori
447 4688 797 4755 expressione
839 4692 1096 4766 indigent.
1146 4696 1233 4753 lli.
1276 4712 1511 4758 canones
1555 4703 1773 4761 modum

1878 4712 2131 4770 novitatis
2164 4715 2543 4785 suspicionem.
