4060 6350
246 326 389 385 ηὸτι

1235 323 1551 382 ASCARICI
1588 323 1679 380 ET
1718 321 2068 381 TUSAREDI
2106 319 2485 377 EPISTOLIE.

3357 316 3494 375 1234

241 450 379 512 pora
408 446 627 504 essent,
661 451 834 507 neque
858 439 1090 508 propriis
1112 454 1175 491 ea
1202 437 1410 494 vidisse
1436 438 1609 494 oculis
1630 439 1677 494 si
1706 437 1816 494 sint
1841 440 1897 501 Α
1989 433 2084 490 His
2116 433 2346 490 exemtis
2374 432 2565 489 salutis
2595 428 2778 485 ofﬁcio
2804 428 2961 484 mitto
3000 436 3053 484 et
3081 428 3497 486 meminatlones

242 533 299 592 in
325 530 441 588 suis
467 538 561 586 aut
590 544 698 585 non
736 530 845 584 sint
873 529 1153 600 sepulcris,
1187 529 1280 585 sed
1307 531 1589 600 antiquum
1624 530 1817 586 solum-

243 626 409 682 modo
437 624 503 681 de
535 631 753 695 patrum
794 625 962 677 vitam
988 621 1073 678 vel
1103 621 1305 677 obitum
1341 624 1552 693 genesis
1580 622 1818 693 proferat

244 718 492 776 storiam.
524 747 597 757 —
625 715 875 771 Nonnulli
916 731 1043 770 vero
1081 716 1387 787 ignorantes
1416 719 1557 785 quod
1604 717 1819 771 intersit

243 812 393 866 inter
414 824 610 878 corpus
641 817 695 863 et
726 809 957 863 animam
983 817 1202 878 propter
1228 825 1453 879 corpora
1481 809 1693 863 animus
1717 807 1818 861 mi-

242 903 351 958 seri
381 902 669 957 adstruunt
695 901 985 956 suscitatus
1009 902 1077 955 ob
1104 900 1232 955 illud
1247 901 1390 970 quod
1424 899 1677 954 scribitur
1708 898 1813 953 Do-

243 997 451 1052 minum
497 994 851 1049 momordisse
901 993 1167 1048 infernum
1211 1003 1264 1047 et
1300 994 1570 1064 justorum
1610 1000 1819 1047 tantum

243 1089 454 1143 animas
477 1087 684 1142 eruisse
709 1128 723 1151 ,
758 1102 864 1141 non
894 1093 1253 1156 peccatorum.
1287 1085 1388 1139 Alii
1419 1094 1544 1139 sunt
1570 1084 1664 1154 qui
1691 1096 1818 1137 vera

243 1180 608 1237 resurrexisse
631 1179 858 1234 credunt
892 1194 1117 1249 corpora
1138 1220 1154 1243 ,
1188 1186 1243 1232 et
1268 1191 1330 1231 ea
1355 1178 1617 1232 hactenus
1639 1176 1821 1232 vibere

246 1271 538 1327 adﬁrmant
564 1271 655 1324 sed
686 1270 737 1324 in
763 1269 927 1325 coelis
960 1269 1045 1324 illa
1077 1285 1196 1324 esse
1222 1269 1549 1330 abominaut,
1584 1268 1713 1324 illud
1739 1284 1821 1323 sa-

245 1363 612 1419 cratissimum
648 1362 945 1417 obicientes
972 1359 1249 1416 oraculum
1288 1360 1653 1430 evangelicum
1685 1378 1697 1413 :
1728 1374 1822 1414 ne-

240 1469 330 1509 mo
358 1453 600 1508 ascendit
626 1451 679 1506 in
714 1452 921 1507 coelum
956 1453 1059 1506 nisi
1105 1452 1196 1521 qui
1238 1452 1512 1507 descendit
1552 1452 1617 1506 de
1647 1450 1818 1515 coelo,

242 1541 386 1597 ﬁlius
427 1543 660 1598 hominis
693 1552 746 1598 et
784 1544 981 1598 nullius
1018 1544 1251 1598 hominis
1279 1560 1398 1598 e~se
1439 1541 1625 1598 dicunt
1662 1557 1821 1613 posse

242 1637 296 1689 in
326 1634 490 1690 coelis
510 1650 750 1700 carnem,
781 1636 883 1690 nisi
909 1635 1053 1690 illam
1082 1652 1244 1706 quam
1280 1646 1526 1707 paratam
1554 1637 1816 1693 Dominus

243 1724 493 1798 dignatus
539 1736 620 1781 est
666 1727 888 1783 induere
924 1729 1114 1783 salut).
1164 1728 1361 1783 Volunt
1400 1738 1453 1783 et
1482 1730 1569 1784 isti
1608 1731 1823 1786 adicere

1918 537 2229 584 sanctorum
2257 528 2452 583 vestris
2500 525 2670 581 sacris
2713 523 2933 579 auribus
2969 520 3148 593 pando
3170 562 3185 588 ,
3212 530 3267 578 et
3302 531 3363 579 ut
3391 538 3493 595 pro

1917 634 2004 674 me
2033 632 2191 674 orare
2210 617 2442 689 dignetis
2474 630 2634 687 rogo,
2665 622 2719 669 et
2746 622 2803 668 ut
2826 628 2941 668 mea
2970 611 3255 666 abluantur
3283 610 3496 680 piacula

1917 720 1972 765 et
1996 710 2193 765 liberer
2218 710 2286 764 ab
2327 708 2631 763 inﬁdelibus
2674 707 2763 776 qui
2785 705 2981 761 suntin
3012 702 3230 759 Iudaea.
3272 703 3376 758 Per
3402 720 3497 761 vos

1918 802 2038 857 illos
2068 804 2291 857 domnos
2319 808 2374 855 et
2413 815 2726 855 communes
2770 798 3111 855 dulcissimos
3146 796 3287 852 ﬁlios
3325 796 3497 865 sospi-

1919 903 1975 950 tu
1983 910 2071 949 rae
2108 909 2340 965 exposco

2407 1144 2707 1187 TUSAREDUS
2740 1145 3012 1188 ASCARICO.

1994 1266 2277 1323 Recensita
2322 1265 2623 1321 litterarum
2673 1275 2976 1321 vestrarum
3031 1268 3170 1324 serie
3202 1268 3499 1339 jucundum

1920 1359 2181 1415 Dominus
2209 1358 2439 1413 reddidit
2478 1357 2717 1411 animum
2765 1373 2963 1424 meum,
3006 1357 3074 1413 ob
3111 1360 3253 1429 quod
3286 1368 3501 1416 vestrae

1922 1452 2052 1507 mihi
2079 1463 2307 1523 patuere
2333 1451 2523 1507 salutis
2545 1452 2760 1507 indicia.
2791 1450 2924 1505 Nam
2953 1452 2997 1506 si
3029 1452 3158 1506 mihi
3190 1451 3370 1522 plures
3390 1468 3506 1507 ma-

1924 1556 2079 1601 neret
2122 1543 2302 1612 lingua
2345 1542 2644 1612 loquellus,
2698 1557 2802 1597 non
2851 1558 3064 1613 possem
3109 1543 3322 1599 edicere
3367 1557 3507 1612 quae

1923 1652 2100 1693 meum
2127 1654 2222 1693 cor
2248 1636 2617 1692 inlustraberit
2652 1637 2902 1707 gaudium
2923 1678 2938 1702 ,
2970 1652 3145 1707 quove
3182 1636 3509 1692 exaltaverit

1926 1731 1980 1784 in
2004 1729 2175 1799 jubilo
2216 1737 2275 1783 ut
2297 1729 2464 1783 etiam
2487 1738 2685 1783 metum
2718 1728 3010 1799 longinquo
3037 1738 3280 1796 tempore
3309 1727 3508 1783 redivi-

244 1816 391 1871 illam
429 1815 542 1885 jam
588 1817 714 1871 dicti
758 1818 898 1873 beati
933 1819 1143 1874 Ysidori
1182 1820 1527 1885 sententiam,
1576 1822 1719 1890 quod
1746 1821 1820 1875 sit
1856 1800 1898 1858 Β
1925 1823 2053 1877 bum
2094 1821 2347 1890 gaudium
2379 1820 2580 1874 amoris
2609 1819 2799 1883 vestri,
2828 1818 3083 1874 lacrimas
3109 1819 3274 1873 fluere
3313 1818 3504 1873 fecerit

243 1918 364 1979 post
393 1910 840 1965 resurrectionem
884 1912 1085 1966 sanctis
1130 1912 1182 1966 in
1212 1926 1429 1966 carnem
1458 1911 1722 1966 habitatio
1764 1914 1818 1967 in

242 1999 405 2055 coelis
430 2000 714 2069 promissa,
746 2010 799 2054 et
824 2001 925 2055 hoc
960 2002 1229 2070 pertinere
1258 2010 1544 2057 noscentes
1576 2003 1641 2057 ad
1673 2002 1817 2057 illam

244 2105 381 2160 quae
407 2090 647 2146 omnium
692 2091 795 2145 erit
848 2091 1125 2146 hominum
1183 2093 1510 2147 resurrectio
1557 2092 1724 2147 semel
1763 2092 1820 2147 in

243 2179 443 2238 Christi
488 2182 728 2238 secundo
758 2174 989 2237 adventu
1019 2183 1161 2239 facta
1184 2225 1198 2249 ,
1249 2192 1305 2240 et
1345 2200 1450 2238 non
1482 2184 1550 2239 ad
1580 2184 1724 2238 illam
1755 2184 1822 2238 de

244 2289 352 2345 qua
380 2271 643 2329 Jhoannes
673 2275 726 2329 in
750 2274 1110 2347 Apocalypsin
1148 2276 1277 2331 dicit
1308 2295 1319 2330 ε
1351 2277 1486 2332 haec
1526 2286 1609 2331 est
1641 2293 1822 2332 resur-

244 2364 416 2422 rectio
439 2366 631 2435 prima.
670 2364 979 2420 Obtendunt
1008 2374 1223 2437 praeter
1255 2382 1318 2421 ea
1357 2367 1605 2421 homines
1633 2375 1687 2421 et
1716 2366 1821 2422 alia

242 2456 395 2528 plura
425 2455 777 2512 deliramenta
822 2458 1085 2513 nentricia
1113 2474 1250 2528 quae
1274 2459 1453 2529 potius
1496 2459 1653 2513 nobis
1692 2458 1823 2512 insi-

246 2549 475 2605 dendum
506 2564 667 2619 quam
692 2549 801 2602 sint
829 2564 926 2619 per
950 2549 1191 2605 ordinem
1218 2550 1546 2619 replicanda.
1581 2548 1692 2604 Nec
1718 2550 1822 2605 hoc

246 2639 408 2695 silere
447 2639 671 2694 debeam
699 2639 841 2709 quod
883 2640 948 2695 de
985 2638 1217 2708 gloriosa
1264 2649 1319 2695 et
1363 2654 1575 2710 semper
1614 2640 1823 2711 virgine

250 2732 521 2802 genetrice
546 2731 755 2785 Domini
787 2732 955 2786 nostri
982 2730 1106 2787 Jesu
1138 2733 1336 2788 Christi
1362 2731 1529 2787 Maria
1550 2734 1825 2788 enerviter

246 2820 557 2879 fluxidicere
590 2838 693 2877 non
737 2823 1063 2878 erubescunt
1088 2839 1187 2878 nec
1216 2833 1492 2889 metuunt,
1524 2824 1664 2893 quod
1688 2824 1823 2878 mihi

248 2915 455 2970 edicere
477 2916 673 2987 pudet,
721 2923 829 2970 tam
859 2932 1199 2972 communem
1238 2918 1487 2972 interisse
1512 2917 1567 2972 in
1592 2932 1821 2987 conspe-

252 3012 340 3060 ctu
366 3004 641 3060 hominum
671 3014 898 3061 mortem
925 3015 979 3061 et
1002 3007 1053 3061 in
1075 3007 1320 3078 sepulcro
1346 3008 1607 3063 hactenus
1629 3021 1825 3077 corpus

250 3093 362 3163 ejus
392 3096 575 3151 multis
624 3098 796 3152 visum
845 3100 1150 3155 hominibus
1182 3100 1555 3170 requiescere,
1600 3108 1655 3154 et
1700 3099 1825 3170 quia

252 3202 337 3243 me
364 3189 535 3259 igneis
554 3205 743 3244 omnes
781 3190 1037 3259 perfodiri
1064 3192 1302 3260 quotidie
1343 3207 1450 3246 non
1501 3199 1714 3246 cessant
1734 3176 1825 3259 ja-
1854 3167 1901 3231 ο

251 3277 384 3332 culis
422 3287 478 3332 et
504 3295 599 3334 nec
630 3280 899 3345 minimis;
946 3282 1164 3351 quidam
1195 3282 1340 3336 enim
1376 3282 1468 3352 qui
1509 3283 1641 3336 milii
1669 3297 1825 3351 opem

252 3368 396 3425 ferre
424 3372 539 3426 vult
564 3384 652 3427 aut
677 3384 851 3445 potest
874 3377 943 3430 ob
968 3376 1068 3432 hoc
1097 3391 1293 3447 sugero
1309 3386 1365 3433 et
1390 3386 1645 3447 tanquam
1670 3390 1826 3447 prae-

254 3475 377 3516 sens
403 3463 592 3519 humili
619 3481 780 3535 prece
805 3468 1035 3538 deposco
1072 3478 1128 3523 et
1159 3484 1257 3538 per
1284 3468 1431 3523 illam
1454 3484 1594 3539 quae
1622 3484 1823 3539 exupe-

255 3563 337 3609 rat
366 3572 581 3611 omnem
618 3574 833 3614 sensum
872 3576 1058 3631 pacem
1100 3560 1310 3615 Domini
1344 3559 1470 3616 Jesu
1500 3559 1701 3615 Christi
1732 3560 1828 3614 ob-

253 3654 440 3712 testor,
468 3657 528 3703 ut
554 3650 812 3721 quidquid
845 3652 907 3707 de
932 3652 1035 3707 hac
1063 3668 1121 3707 re
1147 3661 1326 3707 vestra
1362 3652 1638 3707 beatitudo
1665 3652 1830 3706 sentit

254 3747 345 3794 aut
372 3739 567 3811 legisse
594 3745 795 3797 recofet
815 3744 1052 3799 scribere
1079 3746 1339 3801 ordinelis
1367 3756 1421 3801 et
1442 3746 1572 3801 mihi
1602 3746 1692 3800 diu
1721 3760 1828 3800 non

256 3830 514 3889 diﬁ'eratis
538 3836 789 3905 dirigere.
807 3836 883 3890 Ita
914 3852 1136 3908 regnum
1164 3837 1487 3907 possideatis
1512 3835 1828 3891 indetermi-

255 3924 503 3980 nabilem.
539 3926 603 3980 Et
640 3927 797 3985 talem
838 3930 1182 3985 conscribere
1211 3938 1299 3984 tua
1330 3930 1589 3985 sanctitas
1616 3929 1831 3985 ordinet

255 4016 533 4086 epistolam
557 4022 881 4077 testimoniis
911 4022 1200 4078 multorum
1227 4024 1579 4093 adprobatam
1605 4037 1743 4093 quae
1775 4028 1831 4075 et

256 4126 340 4166 me
371 4113 677 4181 instruunt,
710 4126 765 4172 et
804 4126 987 4186 aperta
1018 4117 1194 4172 fronte
1234 4118 1600 4174 contentiosos
1649 4116 1832 4171 redar-

257 4217 459 4278 guunt,
509 4207 634 4277 quia
673 4210 718 4263 si
768 4209 898 4263 mihi
952 4209 1102 4263 ocius
1135 4218 1313 4264 vestra
1362 4225 1468 4265 non
1521 4207 1833 4264 subvenerit

256 4304 455 4369 cautio,
491 4312 622 4372 puto
662 4314 747 4355 me
778 4298 1017 4354 funditus
1052 4315 1239 4355 eorum
1291 4299 1479 4356 fucisci
1540 4298 1828 4353 morsibus.

256 4394 491 4459 Imitare,
528 4393 739 4448 imitare
772 4391 995 4445 Domine
1016 4391 1341 4460 patriarcam
1369 4390 1603 4444 Abraam
1629 4396 1683 4443 et
1709 4403 1831 4443 cum

260 4498 341 4544 ter
364 4489 508 4543 senis
533 4496 720 4556 terque
760 4486 1005 4539 centenis
1032 4483 1246 4537 famulis
1277 4483 1482 4538 famoso
1511 4482 1685 4535 victor
1710 4496 1833 4551 pre-

258 4580 330 4635 lio
351 4580 533 4643 vince,
565 4585 885 4647 captumque
915 4576 1137 4629 fratrem
1164 4591 1193 4627 a
1229 4573 1478 4628 Sodomis
1508 4588 1654 4637 erue,
1684 4581 1743 4625 ut
1778 4572 1833 4624 in

256 4686 352 4727 vos
402 4670 689 4742 impleatur
739 4668 1042 4723 Salomonis
1088 4665 1323 4721 veridica
1377 4663 1467 4717 illa
1517 4661 1830 4717 sententia:

256 4764 425 4819 frater
444 4764 536 4832 qui
566 4762 850 4830 adjubatur
871 4776 901 4813 a
930 4759 1099 4813 fratre
1134 4758 1285 4827 quasi
1313 4756 1502 4810 civitas
1523 4754 1697 4809 ﬁrma.
1730 4754 1839 4808 Du-

256 4853 379 4925 plex
399 4853 597 4909 etenim
619 4852 703 4907 vel
733 4851 927 4921 triplex
949 4849 1220 4904 funiculus
1242 4847 1460 4902 difficile
1486 4847 1752 4917 rumpitur
1778 4853 1837 4901 et

262 4949 366 5004 duo
386 4947 431 5004 si
455 4946 654 5002 fuerint
678 4962 785 5001 uno
808 4946 907 5000 sub
933 4944 1039 4998 alio
1064 4943 1411 4998 substituitur
1432 4941 1558 5012 quia
1585 4948 1641 4995 et
1669 4947 1839 4995 testu-

259 5040 327 5095 do
355 5040 721 5111 adglomerata
763 5036 1087 5092 certantium
1130 5035 1306 5089 luctus
1346 5032 1503 5088 facile
1533 5032 1711 5087 evadit
1755 5045 1839 5085 sa-

260 5132 538 5202 gittarum.
573 5129 699 5185 Scio
724 5128 947 5193 etenim,
979 5127 1091 5182 scio
1128 5140 1225 5180 vos
1259 5123 1573 5193 saepissime
1604 5121 1839 5190 undique

260 5237 528 5292 occupare
554 5222 801 5293 angustia
824 5261 839 5286 ,
873 5221 968 5274 sed
996 5219 1039 5272 si
1077 5218 1271 5287 aliquis
1299 5216 1539 5285 inpedire
1568 5213 1839 5269 voluerint

263 5311 606 5369 difﬁcultates
644 5327 738 5367 eas
766 5312 946 5366 vincat
972 5308 1061 5363 illa
1088 5308 1287 5363 caritas
1306 5320 1444 5376 quae
1465 5303 1636 5357 vincit
1658 5303 1839 5357 omnia

262 5418 317 5464 et
346 5424 485 5479 quae
506 5425 613 5465 non
644 5424 781 5479 quae
811 5416 937 5463 sunt
965 5422 1084 5470 sua,
1123 5404 1217 5459 sed
1243 5416 1381 5475 quae
1406 5400 1617 5471 quaerit
1644 5399 1838 5454 aliena.

261 5498 382 5567 Eia,
410 5501 518 5567 eia,
538 5500 610 5555 mi
637 5500 872 5563 domine,
907 5498 1012 5563 eia,
1042 5496 1279 5551 scribere
1308 5508 1415 5548 non
1439 5490 1655 5547 differas
1676 5499 1730 5546 et
1758 5505 1844 5546 me

263 5608 296 5647 a
340 5602 419 5648 tot
459 5592 768 5647 latrantium
800 5590 992 5647 turmis
1016 5598 1070 5643 et
1098 5587 1336 5657 undique
1365 5584 1635 5640 morsibus
1657 5583 1724 5638 ad
1755 5597 1841 5639 re-

1925 1923 1981 1969 et
2010 1926 2257 1968 mocrore
2279 1920 2560 1965 veternum
2596 1910 2943 1965 relebaberit.
2986 1909 3107 1965 Mox
3134 1926 3261 1965 vero
3288 1918 3348 1964 ut
3382 1924 3509 1981 per-

1925 2003 2064 2058 lecta
2126 2010 2209 2058 est
2256 2002 2370 2072 ipsa
2415 2001 2605 2055 relatio
2632 2002 2783 2069 quasi
2824 2015 2854 2053 e
2894 1999 3175 2069 poliandro
3220 2000 3513 2056 suscitatus

1928 2097 2111 2153 statim
2138 2094 2413 2151 Jhoannes
2439 2094 2744 2149 anxietates
2771 2094 3073 2149 forinsecus
3098 2102 3151 2148 et
3172 2095 3513 2151 extrinsecus

1926 2188 2177 2243 manibus
2199 2185 2379 2241 cordis
2404 2185 2625 2239 dextera
2650 2184 2913 2253 laebaque
2942 2184 3183 2240 abiciens
3206 2185 3273 2239 ad
3303 2194 3512 2240 turrem

1927 2278 2096 2334 David
2120 2293 2277 2349 quem
2302 2276 2574 2332 canticum
2598 2276 2934 2330 canticorum
2964 2276 3109 2331 canit
3135 2274 3387 2331 videlicet
3409 2275 3515 2331 for-

1928 2368 2211 2423 titudinem
2262 2366 2699 2437 Scripturarum,
2732 2366 2786 2420 in
2826 2381 2931 2436 qua
2970 2365 3116 2420 mille
3142 2365 3335 2436 clippei
3377 2380 3510 2437 pene

1928 2460 2057 2515 dent
2080 2469 2135 2514 et
2161 2459 2338 2514 omnis
2372 2466 2647 2514 armatura
2685 2458 2904 2513 fortium
2946 2459 3159 2514 concito
3189 2474 3377 2530 gressu
3408 2473 3507 2515 cu-

1928 2550 2106 2615 curri,
2166 2558 2223 2605 ut
2268 2567 2334 2605 ex
2384 2566 2448 2605 ea
2493 2550 2579 2606 vel
2623 2566 2791 2605 unum
2834 2550 3101 2622 clippeum
3139 2549 3515 2621 frumeumque

1928 2642 2175 2699 tollerem
2198 2684 2212 2709 ,
2244 2657 2342 2712 per
2386 2643 2529 2714 quod
2568 2652 2713 2699 tutus
2752 2659 2784 2699 a
2827 2645 2925 2700 bos
2970 2643 3173 2716 [Forte,
3209 2642 3422 2717 ambos]
3467 2653 3517 2699 te

1930 2734 2144 2790 dulcem
2180 2734 2403 2790 fratrem
2432 2751 2463 2790 a
2491 2734 2741 2791 Sodomis
2762 2737 3027 2808 eriperem
3053 2746 3108 2791 et
3137 2751 3269 2792 suae
3289 2749 3515 2807 prospe-

1929 2824 2080 2879 ritati
2101 2826 2462 2881 restituerem.
2488 2826 2625 2881 Hinc
2644 2825 2778 2881 mihi
2804 2842 2965 2897 supra
2993 2826 3152 2882 mella
3173 2826 3367 2883 dilecte
3388 2826 3516 2897 quia

1928 2932 2035 2971 non
2081 2932 2268 2972 omnes
2321 2918 2532 2973 codices
2574 2932 2710 2987 quos
2754 2916 2895 2971 volui
2943 2926 3125 2987 presto
3176 2916 3338 2972 habui
3395 2931 3518 2971 cum

1930 3008 2119 3077 grandi
2170 3008 2394 3063 audacia
2446 3009 2642 3063 vestris
2691 3009 3031 3063 orationibus
3061 3008 3262 3064 fretrus
3298 3006 3517 3080 [fretus]

1933 3112 2001 3152 ex
2040 3098 2228 3152 eadem
2262 3106 2412 3152 turre
2444 3113 2610 3153 unum
2639 3098 2905 3169 clippeum
2935 3098 3169 3169 primum
3199 3098 3521 3170 Gregorium

1932 3189 2265 3259 adprehendi
2295 3198 2456 3261 atque
2484 3206 2552 3245 ex
2590 3205 2655 3245 eo
2682 3192 2953 3253 modicum
2985 3192 3293 3246 summatim
3320 3189 3520 3262 carpsi,

1932 3283 2075 3352 quod
2114 3283 2183 3336 ad
2216 3283 2434 3336 illorum
2469 3284 2920 3348 controversiam,
2954 3285 3021 3338 de
3048 3300 3155 3353 quo
3187 3284 3321 3337 satis
3355 3299 3521 3354 oppo-

1930 3384 2113 3439 natur,
2150 3391 2287 3445 quae
2321 3391 2421 3445 per
2448 3390 2619 3445 pauca
2647 3376 2713 3431 de
2734 3391 2840 3446 qua
2864 3376 3135 3446 loquimur
3164 3376 3292 3431 huic
3310 3376 3518 3446 opellae

1930 3466 2197 3536 afﬁgenda
2221 3474 2366 3520 sunt.
2390 3464 2697 3521 Contemtio
2718 3467 2861 3521 enim
2880 3507 2895 3533 ,
2921 3475 2981 3521 ut
3007 3466 3083 3521 ait
3108 3466 3417 3537 Apostolus,
3452 3468 3521 3523 ad

1930 3556 2065 3610 nihil
2106 3556 2238 3612 utile
2283 3566 2402 3623 est,
2457 3557 2558 3613 nisi
2600 3557 2668 3612 ad
2709 3559 3116 3613 subversionem
3163 3560 3516 3615 audientium.

1934 3648 2123 3704 Melius
2158 3649 2244 3703 isti
2273 3650 2364 3719 qui
2412 3648 2708 3719 sapientiae
2755 3650 3136 3705 contradicunt
3164 3649 3438 3717 facerent,
3470 3652 3517 3707 si

1933 3748 2187 3810 saperent
2235 3740 2301 3793 ad
2349 3739 2723 3805 sobrietatem,
2766 3756 2908 3810 quae
2951 3748 3010 3795 ut
3035 3740 3235 3795 scisma
3280 3739 3520 3811 parvulis

1933 3849 2093 3890 sensu
2123 3834 2177 3888 in
2206 3832 2434 3889 ecclesia
2464 3841 2806 3903 generarent.
2844 3832 3207 3904 Praepulchre
3238 3848 3401 3903 agere
3427 3832 3520 3887 de-

1930 3927 2184 3991 buerunt,
2199 3925 2244 3979 si
2267 3940 2387 3979 cum
2410 3922 2667 3993 apostolis
2686 3924 2936 3979 sederent
2951 3924 3005 3978 in
3027 3924 3301 3995 civitatem
3320 3923 3546 4003 quoad:

1932 4032 2104 4086 usque
2153 4017 2508 4071 iuduerentur
2554 4016 2809 4071 virtutem
2857 4031 2923 4071 ex
2970 4015 3100 4082 alto,
3152 4024 3207 4071 et
3250 4031 3417 4087 quum
3460 4015 3519 4071 iu

1933 4108 2097 4162 corde
2128 4122 2225 4162 suo
2265 4107 2661 4163 absconderent
2687 4106 2902 4178 eloquia
2926 4107 3139 4163 Domini
3168 4115 3230 4163 ut
3262 4123 3370 4164 non
3394 4122 3523 4179 pec-

1934 4205 2143 4263 carent,
2175 4213 2274 4252 nec
2304 4198 2406 4252 hoc
2451 4196 2679 4252 dicimus
2715 4205 2776 4251 ut
2817 4212 2924 4251 non
2969 4197 3265 4267 inquirant,
3318 4197 3413 4252 sed
3462 4205 3523 4252 ut

1936 4286 2131 4341 altiora
2163 4288 2421 4359 mysteria
2458 4286 2682 4357 Spiritui
2727 4296 2916 4342 sancto
2952 4286 3347 4357 derelinquant.
3397 4284 3519 4342 Suf-

1934 4382 2231 4451 ﬁceretque
2255 4379 2373 4451 illis
2416 4394 2539 4433 cum
2583 4378 2733 4433 Raab
2772 4378 3058 4433 meretrice
3086 4380 3139 4433 in
3164 4377 3381 4434 Jherico
3426 4392 3525 4449 per

1937 4473 2232 4529 fenestram
2265 4486 2485 4527 coccum
2523 4471 2772 4525 emittere
2798 4511 2812 4535 ,
2844 4468 3092 4525 videlicet
3122 4486 3219 4540 per
3256 4470 3369 4524 oris
3398 4484 3528 4525 con—

1859 4534 2229 4620 Dfessionem
2270 4562 2546 4618 Christum
2576 4560 2891 4616 cruciﬁxum
2941 4561 3163 4616 credere
3204 4570 3260 4617 et
3297 4559 3521 4626 salbari,

1939 4656 2295 4724 audirentque
2325 4654 2551 4707 Paulum
2600 4666 2694 4706 vas
2740 4649 3021 4705 electionis
3063 4650 3368 4705 dicentem:
3401 4648 3523 4704 Non

1940 4766 2028 4805 me
2067 4749 2242 4803 fateor
2269 4747 2388 4816 plus
2419 4746 2557 4799 scire
2587 4758 2749 4813 quam
2775 4741 3050 4798 Christum
3085 4752 3140 4798 et
3170 4744 3315 4797 hunc
3350 4740 3529 4797 cruci-

1942 4844 2141 4907 ﬁxum,
2169 4854 2293 4894 nam
2329 4853 2432 4907 qua
2466 4836 2554 4891 isti
2586 4835 2765 4891 fronte
2794 4836 2862 4891 ad
2891 4836 3152 4905 ampliora
3188 4833 3529 4889 mansionum

1943 4937 2157 4996 itinera,
2188 4930 2437 4986 videlicet
2466 4930 2533 4984 ad
2563 4929 2849 4995 decimam,
2880 4928 2937 4983 in
2959 4944 3064 4999 qua
3092 4941 3291 4981 manna
3318 4924 3526 4992 ﬁuitur,

1944 5029 2282 5093 vicesimum,
2314 5025 2647 5081 tricesimum
2671 5023 2975 5093 ceterisque
3004 5021 3233 5087 duabus,
3265 5035 3365 5092 per
3395 5034 3533 5092 quas

1945 5121 2151 5192 majora
2193 5119 2566 5190 intelliguntur
2592 5122 2929 5171 sacramenta
2950 5155 2964 5180 ,
3004 5112 3119 5182 jam
3148 5113 3307 5185 quasi
3332 5112 3533 5169 doctis-

1946 5213 2071 5270 simi
2093 5226 2339 5287 gressum
2362 5210 2607 5275 tendunt,
2641 5206 2842 5263 scalam
2879 5206 3176 5260 ascendere
3196 5204 3282 5261 vel
3308 5208 3533 5260 descen-

1949 5307 2095 5370 dere,
2133 5304 2280 5359 illum
2308 5303 2587 5371 cupientes
2614 5314 2774 5369 quem
2802 5298 2940 5353 vidit
2965 5296 3156 5363 Jacob,
3177 5296 3270 5366 qui
3296 5294 3528 5349 necdum

1948 5397 2327 5453 tenuissimum
2369 5393 2639 5449 tramitem
2664 5391 2862 5446 callere
2886 5392 3096 5462 primae
3126 5388 3394 5445 secundae
3421 5394 3531 5440 ter-

1948 5488 2055 5542 tiae
2078 5495 2304 5557 quartae
2326 5486 2545 5556 quintae
2570 5492 2753 5539 sextae
2779 5483 3039 5551 septimae
3064 5490 3288 5536 octavae
3325 5490 3529 5532 nonae-

1947 5594 2053 5651 que
2082 5576 2416 5632 culcurrunt.
2447 5575 2663 5646 Egressi
2687 5574 2753 5630 de
2778 5572 2986 5646 Egypto
3012 5570 3275 5627 desudent
3296 5568 3533 5639 primum

265 5690 408 5737 ctam
438 5684 581 5739 viam
610 5698 788 5739 eruas.
825 5682 897 5737 lta
919 5695 1131 5751 semper
1169 5677 1472 5747 adiutorem
1511 5677 1569 5734 in
1596 5675 1847 5733 omnibus
1944 5675 2003 5731 in
2050 5687 2233 5729 eremo
2264 5687 2362 5743 per
2388 5670 2572 5726 multis
2608 5668 2864 5725 anfractis
2891 5677 3052 5743 atque
3097 5663 3385 5736 angustiis,
3422 5675 3526 5732 pu-

264 5774 545 5832 Christum
572 5785 753 5833 vestra
776 5776 977 5834 habeat
1013 5773 1292 5832 sanctitas.

1949 5774 2115 5839 gnent
2141 5781 2266 5823 cum
2310 5764 2529 5835 regibus
2567 5762 2711 5822 Seon
2738 5772 2794 5819 et
2823 5762 2904 5830 0g
2936 5760 2973 5815 i.
3017 5774 3067 5813 e.
3104 5771 3224 5811 cum
3248 5754 3400 5809 vitiis
3430 5766 3527 5825 seu
