4060 6350
557 292 698 352 ιω

1303 293 1639 355 ιυρριεκ.
1675 296 1772 354 AB
1805 294 2179 356 AUCTORES
2209 295 2492 360 ME“!
2528 302 2693 364 am
2727 305 2905 365 ηε.
2943 305 3077 364 VIII.

3673 311 3828 375 “56

555 432 679 475 cum
726 415 938 473 diabolo
957 455 971 481 ,
1014 430 1111 487 per
1142 430 1278 486 quos
1304 417 1498 473 scisma
1521 426 1575 472 et
1604 433 1725 474 eres
1750 430 1778 460 ι
1807 418 1862 474 in
1886 416 2130 474 Ecclesia
2154 421 2206 478 Α
2234 412 2413 480 terant
2437 423 2670 496 ingredi,
2690 425 2819 498 quia
2838 439 2940 484 nec
2969 427 3099 484 dum
3123 426 3217 486 ille
3237 403 3474 488 venerat
3495 431 3589 506 qui
3613 432 3826 492 inferni

553 511 818 576 oriuntur,
852 509 1040 580 sicque
1061 510 1128 565 ad
1157 523 1410 564 mannam
1438 511 1828 566 comedendum
1851 511 2129 566 accedant.

554 605 687 663 Nam
715 615 772 663 et
817 605 1006 662 eadem
1036 621 1228 660 manna
1269 621 1377 660 non
1417 604 1535 676 plus
1576 605 1753 678 colligi
1779 606 2131 678 praecipitur,

553 719 717 774 quam
746 702 887 773 quod
913 700 1215 763 sufﬁceret,
1242 699 1286 754 si
1326 699 1452 770 quid
1480 699 1806 771 superﬂuum
1837 701 2135 769 reponeba-

551 802 644 850 ιω·
686 794 958 847 vermibus
1007 791 1284 846 bulliebat.
1331 790 1633 862 lntelligant
1681 807 1823 862 quae
1864 791 2128 856 dicimus;

553 901 653 940 nos
681 899 812 938 vero
839 897 943 937 non
972 889 1188 951 oportet
1246 881 1458 935 illorum
1511 883 1662 951 sequi
1702 881 1918 936 vesania
1953 881 2044 950 qui
2077 882 2132 935 in

551 975 834 1032 ecclesiam
874 988 972 1043 per
1006 973 1202 1028 scisma
1245 982 1300 1028 et
1335 975 1726 1029 contemtiones
1776 974 2010 1028 inaniter
2054 973 2132 1026 la-

550 1069 742 1125 borant
784 1067 980 1122 sciolos
1006 1083 1064 1121 se
1093 1065 1386 1128 aﬂecturae
1420 1069 1700 1138 cupientes
1723 1068 1818 1123 sed
1857 1067 2132 1123 declinare

549 1169 603 1216 et
651 1159 744 1214 ubi
796 1159 1010 1215 illorum
1061 1160 1579 1229 interrogationibus
1627 1175 1734 1214 non
1781 1159 2038 1215 debemus
2076 1161 2129 1215 in

547 1251 745 1307 astutia
771 1266 946 1321 neque
968 1251 1275 1305 adulterare
1301 1252 1522 1306 verbum
1546 1251 1664 1316 Dei,
1696 1252 1791 1305 sed
1821 1251 1965 1321 loqui
1991 1253 2129 1308 scita

546 1344 603 1401 in
639 1343 1080 1401 manifestatione
1109 1345 1356 1399 veritatis
1376 1385 1391 1408 ,
1432 1345 1640 1399 nescita
1676 1344 1982 1414 relinquere
2007 1344 2132 1416 Spi-

544 1435 675 1491 ritui
698 1444 914 1500 sancto,
951 1443 1009 1490 ut
1040 1433 1197 1503 juxta
1225 1434 1456 1506 Esayam
1497 1449 1667 1504 usque
1697 1444 1915 1490 nostrae
1954 1436 2129 1492 ﬁdelis

543 1528 654 1584 sint
689 1537 750 1582 ut
777 1542 958 1600 regem
986 1535 1227 1583 nostrum
1263 1527 1445 1582 videre
1475 1529 1528 1582 in
1564 1528 1759 1583 decore
1799 1543 2123 1585 mereamur.

616 1619 712 1674 His
741 1617 1002 1690 praefatis
1033 1619 1158 1689 quia
1189 1619 1259 1673 de
1295 1618 1508 1676 illorum
1554 1627 1865 1675 sanctorum
1895 1637 2032 1690 quos
2059 1621 2127 1676 ab

493 1737 500 1742 ο
542 1711 739 1768 inferni
787 1713 1023 1769 claustra
1066 1713 1336 1769 mediator
1364 1711 1457 1766 Dei
1499 1721 1555 1768 et
1596 1715 1834 1788 hominis
1875 1714 2126 1770 Christus

539 1801 697 1860 Iesus
722 1819 914 1860 eruere
958 1804 1210 1876 dignatus
1253 1812 1336 1860 est
1365 1806 1417 1859 in
1443 1811 1622 1861 vestra
1652 1805 1879 1876 epistola
1919 1808 2124 1862 mentio

538 1907 624 1955 est
653 1897 817 1963 facta,
847 1898 1076 1968 ideoque
1104 1912 1172 1952 ex
1210 1898 1479 1968 majorum
1508 1906 1816 1954 nostrorum
1845 1899 2124 1955 codicibus

538 1991 836 2046 sententias
859 2006 995 2060 quas
1031 1991 1336 2059 carpsimus
1359 1989 1485 2044 huic
1521 1990 1769 2061 paginae,
1800 2000 1861 2046 ut
1895 2007 1994 2046 nos
2034 2006 2124 2046 ves

538 2092 649 2138 stra
681 2083 944 2138 sanctitas
982 2081 1161 2137 facere
1201 2082 1411 2148 maluit,
1450 2082 1576 2137 licet
1619 2099 1724 2137 non
1762 2092 1820 2138 ut
1851 2084 1995 2139 volui
2025 2084 2123 2140 sed

536 2185 599 2231 ut
625 2176 774 2248 potui
800 2175 1034 2246 scriptas
1062 2176 1326 2246 protrahi.

607 2270 655 2324 l.
689 2269 841 2338 Quod
872 2278 996 2327 ante
1027 2270 1318 2325 adventrum
1346 2269 1663 2326 mediatoris
1681 2261 1778 2326 Dei
1803 2280 1857 2327 et
1880 2271 2119 2329 hominis

531 2374 720 2415 omnes
748 2367 804 2415 et
831 2361 956 2414 boni
983 2370 1037 2414 et
1059 2360 1185 2415 mali
1223 2360 1289 2414 ad
1327 2360 1524 2415 inferni
1554 2361 1794 2417 claustra
1824 2364 2118 2419 descende-

535 2452 665 2507 rint.
696 2453 750 2507 Ξ.
775 2451 931 2521 Quod
951 2453 1219 2509 bonorum
1243 2455 1458 2510 animae
1478 2456 1726 2528 quamvis
1748 2457 1814 2512 ad
1843 2457 2117 2514 infernum

532 2544 925 2601 descenderent
960 2562 1165 2617 poenas
1204 2562 1309 2602 non
1340 2547 1583 2602 luebunt.
1621 2549 1674 2604 5.
1713 2549 1864 2617 Quod
1910 2549 2114 2606 electo-

529 2651 648 2692 rum
678 2637 891 2694 animus
915 2637 1253 2694 solummodo
1274 2639 1526 2696 dominus
1557 2640 1626 2696 ab
1651 2641 1848 2697 inferni
1877 2641 2114 2698 claustra

526 2728 690 2793 eruit,
736 2743 842 2783 non
889 2729 1264 2800 reproborum.
1304 2729 1357 2784 4.
1400 2730 1552 2798 Quoi
1607 2733 1800 2796 sancti,
1849 2734 1940 2804 qui
1988 2750 2113 2790 cum

525 2815 742 2874 Christo
774 2828 1128 2875 surrexerunt
1155 2819 1410 2892 gloriosa,
1441 2821 1477 2876 i.
1502 2837 1550 2876 e.
1583 2823 1847 2896 spiritalia
1871 2827 2112 2896 percepti

523 2920 652 2968 sunt
689 2928 919 2984 corpora
945 2954 959 2977 ,
1005 2913 1183 2983 qualia
1228 2930 1326 2970 nos
1365 2926 1689 2986 excepturos
1727 2919 1780 2972 in
1813 2917 1994 2973 futura
2028 2935 2113 2974 re-

523 3003 860 3060 surrectione
893 3015 1259 3074 expectamus.
1294 3006 1347 3060 5.
1378 3006 1514 3074 Quia
1551 3009 1847 3079 glorificata
1892 3011 2108 3066 illorum

523 3100 864 3157 sanctorum,
915 3094 982 3150 de
1031 3097 1154 3167 quis
1202 3089 1412 3172 agimus
1460 3109 1809 3155 surrexerunt
1856 3117 2100 3178 corpora.

521 3185 577 3242 6.
610 3187 746 3256 Quia
771 3186 1110 3246 Jherusalem
1147 3193 1238 3248 ubi
1274 3194 1374 3249 visi
1399 3205 1520 3250 sunt
1552 3197 1806 3274 celestem
1837 3199 1984 3254 illum
2017 3202 2108 3256 de-

519 3291 710 3335 vemus
768 3281 1088 3354 intelligere.
1146 3284 1196 3339 7.
1249 3283 1326 3341 De
1374 3289 1562 3342 eadem
1613 3287 1992 3358 Jherusalem,
2046 3300 2108 3347 ut

518 3379 810 3445 utrumque
843 3375 1210 3447 intelligamus
1250 3377 1541 3434 coelestcm
1592 3386 1753 3452 atque
1799 3390 2100 3438 terrenum.

516 3463 550 3520 8
586 3464 738 3533 Quod
784 3483 891 3522 non
935 3484 1124 3524 omnes
1154 3471 1326 3526 sancti
1354 3488 1490 3542 quos
1535 3473 1602 3527 ab
1632 3473 1830 3528 inferni
1863 3474 2101 3532 claustra

515 3557 659 3612 eruit
686 3555 935 3614 Christus
955 3558 1010 3614 in
1042 3575 1205 3616 carne
1236 3571 1672 3628 resurrexerunt,
1706 3564 1798 3618 sed
1828 3575 1883 3618 ut
1910 3581 2104 3622 secun-

517 3651 644 3708 dum
681 3654 756 3708 ait
786 3655 1124 3727 evangelium
1153 3649 1329 3712 multi.
1355 3658 1407 3713 9.
1441 3658 1518 3714 De
1553 3674 1618 3714 eo
1648 3660 1789 3730 quod
1821 3662 1874 3716 in
1899 3677 2102 3734 apoca-

513 3743 673 3814 lipsin
703 3745 900 3801 dicitur
933 3747 1072 3804 haec
1100 3752 1430 3805 resurrectio
1466 3750 1638 3820 prima
1676 3759 1730 3805 et
1758 3760 1962 3807 cetera.
2009 3754 2096 3808 10.

512 3835 590 3892 De
621 3851 686 3893 eo
712 3840 855 3909 quod
886 3840 1222 3911 evangelium
1263 3841 1339 3895 ait
1374 3860 1387 3895 :
1422 3856 1582 3895 nemo
1620 3843 1859 3897 ascendit
1889 3843 1942 3898 in
1977 3860 2100 3900 coe-

514 3927 647 3996 lum,
693 3931 794 3987 nisi
839 3933 929 4001 qui
957 3934 1235 3989 descendit
1279 3935 1343 3988 de
1373 3933 1523 3989 coelo
1554 3933 1694 3989 filius
1719 3934 1974 3992 hominis.
2009 3939 2096 3994 Η.

512 4021 589 4078 De
615 4023 847 4104 gloriosa
873 4023 1039 4090 Maria
1063 4026 1204 4094 quod
1231 4026 1375 4080 nulla
1408 4027 1576 4082 storia
1614 4042 1736 4082 eam
1769 4028 1958 4085 doceat
1980 4046 2099 4102 pas

510 4111 662 4168 sione
686 4121 779 4168 aut
803 4115 1043 4186 qualibet
1074 4124 1250 4170 morte
1281 4117 1520 4172 multari.

583 4206 636 4261 l.
676 4205 827 4273 Quod
857 4209 1290 4264 ante'adventum
1323 4212 1635 4269 mediatoris
1664 4214 1757 4270 Dei
1785 4223 1839 4270 et
1859 4215 2096 4280 hominis

505 4311 694 4379 omnes
709 4309 762 4353 et
777 4300 902 4356 boni
925 4310 979 4356 et
1007 4301 1132 4357 mali
1165 4303 1230 4357 ad
1248 4302 1443 4360 inferni
1463 4305 1697 4362 Citlllsll‘a
1717 4311 2094 4365 descenderint

505 4388 569 4443 F‘.
594 4388 888 4460 Gregorius
940 4393 992 4449 in
1025 4394 1177 4452 libris
1215 4397 1497 4453 moralium
1545 4401 1623 4454 sic
1651 4402 1887 4474 loquitur
1920 4421 1934 4458 :
1963 4402 2092 4458 Om-

2238 513 2472 570 claustra
2515 531 2614 573 sua
2645 517 3000 575 descensione
3023 517 3260 576 solberet
3291 531 3350 578 et
3389 521 3665 590 iustorum
3701 527 3827 581 ani-

2237 621 2355 663 mas
2370 608 2422 663 in
2443 618 2705 680 perpetua
2730 610 2858 667 sede
2876 610 3204 668 conlocaret.
3232 613 3364 669 Item
3389 616 3577 687 ipsein
3604 618 3821 674 eisdem

2236 697 2438 754 dictis:
2468 700 2684 758 Priores
2729 703 2905 758 sancti
2933 704 3002 758 ab
3039 702 3235 758 inferni
3272 705 3406 761 locis
3436 706 3662 762 liberari
3709 725 3820 766 non

2235 799 2549 860 potuerunt,
2574 795 2699 863 quia
2723 810 2821 850 nec
2852 796 2977 850 dum
3006 804 3230 852 venerat
3274 799 3366 868 qui
3393 799 3521 855 illuc
3549 803 3674 858 sine
3702 803 3821 858 cul-

2235 897 2299 953 pa
2331 883 2685 940 descenderet
2711 895 2770 940 ut
2793 901 2889 941 eos
2910 888 3001 957 qui
3030 887 3102 942 ibi
3141 889 3467 945 tenebantur
3493 909 3596 962 pro
3642 894 3822 966 origi-

2234 973 2342 1027 nali
2376 984 2599 1042 peccato
2621 992 2650 1029 a
2676 976 2829 1047 culpa
2855 976 3129 1032 liberaret.

2301 1065 2356 1120 ﬂ.
2389 1065 2541 1133 Quod
2567 1067 2830 1123 bonorum
2861 1070 3073 1124 animae
3099 1071 3349 1140 quamvis
3373 1073 3440 1126 ad
3477 1072 3695 1129 inferna
3725 1077 3820 1131 de-

2233 1160 2538 1214 scenderint
2568 1175 2768 1231 poenas
2796 1177 2900 1216 non
2923 1163 3164 1225 luebunt,
3202 1162 3343 1218 idem
3373 1165 3567 1219 doctor
3593 1166 3653 1220 in
3692 1168 3823 1237 ipsis

2233 1251 2554 1307 tractatibus
2575 1253 2748 1308 dicit:
2779 1254 2917 1308 Ante
2955 1255 3313 1325 redemptoris
3353 1257 3529 1310 nostri
3564 1257 3823 1312 incarna-

2232 1344 2708 1414 tioncmjustorum
2732 1346 2943 1400 animae
2969 1362 3076 1401 non
3103 1346 3172 1400 ita
3202 1347 3269 1401 ad
3295 1347 3568 1402 infernum
3597 1349 3825 1404 descen-

2230 1435 2373 1490 disse
2400 1437 2726 1501 creduntur,
2766 1446 2826 1492 ut
2866 1437 2919 1491 in
2966 1437 3099 1492 locis
3126 1438 3444 1508 poenalibus
3473 1449 3816 1507 tenerentur,

2232 1527 2259 1568 δ
2291 1535 2348 1582 ut
2384 1527 2438 1582 in
2485 1529 2855 1598 superioribus
2886 1528 3018 1598 justi
3056 1531 3462 1600 requiescerent
3504 1541 3564 1586 et
3591 1533 3650 1586 in
3683 1534 3818 1588 infe-

2229 1620 2466 1676 rioribus
2524 1621 2706 1692 injusti
2757 1622 3090 1678 crucientur.
3154 1622 3288 1678 IIem
3341 1625 3493 1695 ipse:
3535 1623 3816 1682 Justorum

2230 1713 2447 1769 animae
2473 1729 2571 1784 per
2615 1713 2931 1771 mediatoris
2968 1715 3256 1771 adventum
3291 1718 3622 1789 quandoque
3661 1728 3816 1775 erant

2156 1787 2197 1846 Β
2227 1804 2296 1859 ab
2324 1803 2517 1859 inferni
2545 1804 2680 1860 locis
2704 1808 2952 1874 quamvis
2997 1793 3101 1862 non
3122 1807 3443 1878 poenalibus
3475 1787 3812 1878 liberandae,

2225 1894 2296 1950 ob
2322 1896 2425 1950 hoc
2447 1895 2505 1950 Β.
2537 1893 2638 1950 Job
2670 1897 2800 1952 dicit
2827 1915 2839 1950 :
2881 1898 3152 1954 constitue
3181 1899 3316 1953 mihi
3344 1908 3579 1972 tempus,
3627 1902 3814 1976 inquo

2223 1989 2529 2043 recorderis
2564 1989 2668 2043 mei
2697 2006 2710 2054 ;
2745 1990 3043 2059 Agustinus
3072 2007 3290 2061 quoque
3334 1993 3410 2047 ait
3439 2011 3453 2046 :
3482 1994 3811 2064 priusquam

2222 2079 2533 2149 redemptor
2557 2089 2742 2135 noster
2766 2090 2941 2134 morte
2969 2097 3067 2136 sua
3091 2083 3312 2152 humani
3336 2085 3542 2152 generis
3561 2099 3802 2153 poenam

2222 2172 2477 2238 solveret,
2510 2186 2604 2228 eos
2632 2173 2727 2243 qui
2757 2173 3009 2228 caelestis
3047 2175 3257 2243 patriae
3285 2175 3391 2229 vias
3418 2177 3603 2230 sectati
3635 2185 3790 2241 sunt,

2219 2272 2343 2334 post
2361 2279 2638 2333 egressum
2664 2265 2846 2320 carnis
2870 2265 3064 2319 inferni
3087 2264 3326 2320 claustra
3353 2273 3670 2330 tenuerunt,
3691 2282 3807 2321 non

2220 2364 2281 2412 ut
2303 2371 2475 2427 poena
2517 2356 2670 2426 quasi
2694 2366 3006 2427 peccatores
3031 2356 3296 2426 plecteret
3322 2398 3338 2423 ,
3365 2357 3457 2411 sed
3493 2367 3555 2410 ut
3583 2371 3685 2412 eos
3709 2371 3809 2427 per

2222 2451 2524 2520 ingressum
2567 2448 2882 2504 mediatoris
2913 2457 3098 2504 reatus
3140 2448 3351 2519 primae
3383 2447 3577 2520 culpae
3627 2445 3810 2503 absol-

2219 2549 2391 2596 veret.

2288 2642 2339 2694 5.
2382 2641 2537 2709 Quod
2562 2640 2857 2696 electorum
2887 2641 3100 2696 animus
3128 2638 3469 2697 solummodo
3501 2639 3574 2695 ab
3603 2637 3794 2694 inferni

2215 2730 2452 2786 claustra
2474 2731 2636 2795 eruit,
2662 2746 2768 2785 non
2793 2729 3164 2800 reproborum,
3191 2738 3413 2784 sanctus
3441 2729 3560 2800 ipse
3601 2726 3802 2802 Grego—

2213 2825 2330 2879 rius
2362 2824 2416 2878 in
2465 2825 2551 2879 his
2573 2823 2732 2878 dictis
2767 2821 3051 2892 moralium
3089 2821 3358 2891 loquitur:
3403 2836 3516 2875 non
3545 2820 3700 2875 enim
3739 2819 3803 2874 ab

2216 2914 2426 2970 inferno
2453 2915 2666 2970 rediens
2702 2914 2965 2970 Dominus
3014 2913 3216 2969 electos
3241 2913 3402 2969 simul
3438 2921 3497 2969 et
3542 2914 3806 2983 reprobos

2215 3011 2403 3077 traxit,
2439 3010 2532 3067 sed
2561 3009 2649 3065 ille
2676 3009 2870 3065 exinde
2896 3009 3076 3066 omnia
3105 3007 3381 3074 substulit,
3407 3023 3552 3078 quae
3581 3007 3694 3062 sibi
3727 3007 3806 3060 in-

2214 3101 2454 3158 haesisse
2481 3101 2791 3172 praescivit.
2825 3102 2928 3156 Per
2955 3101 3148 3156 Oscam
3182 3101 3504 3171 prophetam
3537 3097 3806 3152 Dominus

2213 3192 2346 3248 dicit
2371 3211 2384 3248 :
2408 3207 2503 3249 ero
2533 3208 2680 3248 mors
2708 3201 2822 3257 tua,
2845 3207 2879 3247 o
2909 3207 3078 3256 mors,
3105 3206 3198 3246 ero
3226 3206 3439 3245 morsus
3469 3197 3607 3244 tuus
3639 3188 3804 3243 infer-

2211 3301 2298 3340 ne.
2324 3284 2476 3353 Quod
2499 3286 2641 3339 enim
2671 3285 2968 3340 occidimus
2996 3285 3204 3355 agimus
3225 3293 3284 3338 ut
3310 3284 3528 3354 penitus
3555 3299 3674 3338 non
3702 3282 3796 3346 sit;

2209 3389 2274 3430 ex
2313 3389 2379 3430 eo
2428 3375 2571 3430 enim
2600 3374 2746 3445 quod
2793 3375 3120 3438 mordemus,
3155 3381 3363 3445 partem
3417 3373 3799 3428 abstrabimus

2206 3478 2526 3542 partemque
2567 3470 2941 3541 relinquimus.
2985 3468 3121 3537 Quia
3155 3483 3282 3540 ergo
3331 3467 3385 3522 iu
3431 3467 3636 3522 electis
3690 3467 3801 3520 suis

2207 3560 2452 3617 funditus
2493 3563 2743 3618 dominus
2763 3562 2964 3618 occidit
3008 3569 3258 3627 mortem,
3291 3575 3438 3615 mors
3481 3560 3685 3614 mortis
3705 3574 3799 3612 ex-

2205 3655 2343 3708 stitit
2367 3672 2381 3720 ;
2408 3655 2533 3726 quia
2563 3671 2692 3710 vero
2720 3671 2786 3709 ex
2810 3654 3019 3709 inferno
3047 3663 3257 3725 partem
3284 3652 3507 3707 abstulit
3552 3661 3798 3722 partem-

2203 3763 2309 3820 que
2333 3749 2551 3820 reliquit
2573 3791 2586 3813 ,
2619 3765 2724 3804 non
2768 3750 2965 3805 occidit
3001 3743 3356 3812 funditussed
3387 3743 3696 3800 momordit
3721 3746 3798 3799 in-

2202 3842 2437 3898 fernum.
2471 3844 2610 3914 Ergo
2636 3843 2810 3912 inquit
2831 3858 2977 3897 mors
3007 3850 3097 3897 tua
3126 3856 3159 3895 o
3186 3840 3406 3904 mors,i.
3427 3855 3482 3894 e.
3513 3840 3572 3894 in
3607 3839 3796 3893 electis

2201 3936 2405 3990 meiste
2443 3935 2686 3990 funditus
2707 3935 2936 4006 perimo.
2984 3933 3091 3989 Ero
3116 3948 3329 3988 morsus
3361 3939 3512 3997 tuus,
3548 3928 3788 3990 inferne,

2199 4026 2326 4096 quia
2348 4026 2575 4083 sublatis
2599 4028 2678 4082 cis
2705 4036 2758 4083 te
2781 4042 2848 4082 ex
2877 4035 3031 4098 parte
3060 4024 3338 4095 transﬂgo.

2266 4142 2321 4200 4.
2362 4143 2514 4212 Quod
2537 4145 2710 4202 sancti
2734 4143 2824 4218 qui
2863 4159 2986 4198 cum
3035 4141 3256 4202 Christo
3282 4149 3649 4196 surrexerunt
3677 4139 3792 4218 glo-

2197 4233 2360 4312 riosa,
2381 4233 2416 4288 i.
2443 4249 2493 4290 e.
2527 4234 2790 4305 spiritalia
2809 4235 3048 4308 percepti
3079 4242 3468 4304 suntcorpora,
3487 4230 3676 4302 qualia
3693 4246 3794 4290 nos

2193 4335 2515 4396 excepturos
2540 4326 2593 4380 in
2614 4325 2794 4384 futura
2825 4325 3223 4386 resurrectione
3277 4331 3644 4396 expectamus
3671 4337 3792 4378 om-

2193 4419 2277 4476 nis
2316 4417 2617 4473 catholicus
2656 4433 2762 4473 non
2816 4417 3040 4490 ambigit
3091 4416 3310 4472 credere
3333 4424 3388 4468 et
3426 4414 3784 4486 praedicare.

505 4479 595 4590 nis
625 4482 787 4590 homo
816 4486 1061 4558 quamvis
1092 4489 1728 4590 munrlae-‘probataeque
1755 4494 1899 4550 vitae
1927 4495 2090 4551 fuerit
2117 4523 2170 4586 υ
2193 4508 2328 4590 Nam
2358 4510 2482 4572 dum
2514 4510 2578 4564 de
2623 4509 2736 4590 ipsa
2768 4479 3166 4574 resurrgcuone
3200 4479 3497 4579 ρτεεονῑῖιε
3526 4509 3792 4564 bealissi-

505 4580 633 4670 ante
657 4575 942 4670 adventum
997 4579 1309 4635 mediatoris
1330 4580 1426 4635 Dei
1459 4591 1514 4635 et
1543 4585 1776 4642 hominis
1798 4587 1861 4639 ad
1894 4587 2090 4644 inferni
2119 4575 2159 4591 ⁷
2192 4583 2314 4664 mu's
2347 4609 2590 4662 sanctam
2637 4575 3012 4666 ξοιηωιρηςρῃι
3065 4575 3348 4658 ecclesiam
3391 4601 3480 4662 vel
3510 4614 3614 4670 per
3662 4614 3789 4654 eam

502 4663 739 4722 claustra
793 4669 1120 4726 descendere
1174 4671 1395 4728 dubium
1429 4689 1535 4728 non
1564 4683 1685 4738 est,
1720 4692 1885 4750 quum
1927 4680 2090 4742 homo

500 4761 594 4830 qui
623 4777 722 4834 per
750 4779 808 4819 se
833 4763 1048 4832 cecidit,
1075 4779 1172 4840 per
1201 4781 1260 4820 se
1279 4766 1346 4820 ad
1371 4769 1609 4836 paradisi
1635 4772 1875 4850 requiem
1913 4773 2090 4827 redire

501 4867 610 4907 non
635 4855 828 4926 potuit,
880 4855 985 4911 nisi
1015 4855 1223 4911 veniret
1281 4857 1368 4912 ille
1396 4859 1486 4935 qui
1527 4876 1657 4918 suae
1701 4863 2089 4920 incarnationis

497 4947 758 5016 mysterio
779 4945 1019 5018 ejusdem
1042 4947 1198 5002 nobis
1220 4950 1455 5018 paradisi
1501 4953 1602 5007 iter
1643 4954 1900 5022 aperiret.
1928 4954 2085 5010 Unde

497 5043 647 5090 recte
696 5037 886 5097 beatus
939 5036 1040 5095 Job
1078 5039 1361 5096 Dominum
1410 5043 1643 5110 postulat
1691 5044 1922 5102 dicens:
1960 5049 2083 5116 quis

494 5128 630 5184 mihi
657 5129 863 5186 tribuat
889 5145 949 5188 ut
971 5135 1185 5192 inferno
1215 5145 1467 5208 protegas
1491 5153 1599 5204 me,
1629 5137 1915 5194 Psalmista
1944 5157 2082 5222 quo-

493 5234 600 5288 que
629 5219 704 5274 ait
739 5239 750 5273 :
777 5222 1020 5294 eripuisti
1047 5227 1280 5282 animam
1301 5242 1475 5282 meam
1505 5243 1571 5281 ex
1601 5227 1814 5285 inl‘erno
1846 5219 2075 5288 inferio-

491 5311 636 5365 ri.—
658 5311 792 5376 Item
818 5315 960 5388 ipse:
997 5315 1198 5374 Omnes
1221 5318 1375 5374 electi
1408 5320 1498 5388 qui
1538 5329 1662 5376 ante
1694 5323 2082 5384 adventumre-

489 5402 788 5480 demptoris
816 5407 984 5462 nostri
1009 5419 1270 5464 venerunt
1302 5413 1354 5466 in
1393 5412 1496 5468 hoc
1521 5413 1718 5470 mundo
1747 5421 2075 5486 quantumli-

486 5492 580 5548 bet
607 5496 1235 5572 virtutumjustitiaeque
1264 5504 1507 5570 aberent,
1540 5521 1570 5561 e
1599 5508 1916 5580 corporibus
1942 5512 2072 5566 edu-

486 5585 560 5639 cti
584 5586 637 5641 in
661 5588 784 5644 sinu
837 5592 1090 5648 coelestis
1121 5595 1326 5665 patriae
1373 5599 1558 5655 statim
1607 5601 1754 5656 nullo
1791 5602 1950 5658 modo
1974 5619 2068 5658 oo-

558 5706 585 5772 ξι
612 5693 784 5772 [dest
807 5701 1046 5770 haereses
1074 5719 1168 5762 seu
1194 5721 1426 5772 errores.

2191 4694 2495 4762 universam
2535 4686 2843 4758 institueret
2865 4688 2930 4748 in
2961 4692 3153 4758 omelia
3176 4693 3345 4766 prima
3377 4691 3503 4756 libri
3558 4691 3790 4746 secundi

2188 4787 2262 4840 ita
2309 4785 2505 4846 aiTutur
2533 4805 2544 4839 :
2579 4786 2742 4846 Forte
2782 4803 2811 4840 a
2840 4802 2898 4842 se
2930 4786 3128 4856 aliquis
3154 4786 3298 4841 dicat
3326 4809 3338 4814 ν·
3364 4785 3492 4854 jure
3523 4782 3786 4840 Christus

2188 4878 2426 4936 surrexit
2453 4877 2688 4948 quicum
2723 4878 2865 4934 Deus
2897 4888 3039 4933 esset
3073 4879 3246 4934 teneri
3290 4895 3318 4932 a
3350 4887 3523 4933 morte
3553 4894 3663 4933 non
3691 4893 3787 4950 po-

2186 4971 2289 5024 tuit
2317 4986 2332 5034 ;
2363 4970 2427 5024 ad
2457 4970 2831 5032 instruendam
2866 4987 2995 5041 ergo
3027 4970 3384 5041 ignorantiam
3411 4979 3682 5034 nostram,
3718 4971 3786 5024 ad

2185 5057 2643 5122 corroborandam
2679 5059 3048 5124 infirmitatem
3071 5069 3306 5124 nostram
3330 5077 3460 5115 suae
3485 5077 3782 5116 resurrec-

2185 5150 2347 5216 tionis
2369 5151 2676 5222 exemplum
2725 5149 2970 5207 suilicere
3009 5151 3201 5220 noluit,
3238 5153 3382 5206 solus
3413 5153 3466 5206 in
3514 5153 3610 5208 illo
3638 5162 3786 5208 tem-

2182 5259 2314 5314 pore
2347 5251 2591 5299 mortuus
2621 5251 2784 5302 estet
2813 5253 2993 5300 tamen
3042 5245 3190 5301 solus
3233 5245 3458 5320 minimc
3503 5247 3778 5309 surrexit.

2183 5334 2315 5389 Nam
2349 5337 2608 5408 scriptum
2643 5344 2768 5390 est:
2821 5335 2991 5390 multa
3030 5352 3256 5408 corpora
3290 5345 3603 5392 sanctorum
3629 5377 3643 5398 ,
3683 5338 3782 5408 qui

2182 5427 2516 5482 dormierant
2565 5439 2960 5493 surrexerunt;
3020 5427 3206 5482 ahlata-
3249 5437 3373 5496 sunt
3401 5443 3530 5502 ergo
3585 5431 3780 5483 omnia

2179 5529 2495 5590 argumenta
2519 5520 2798 5590 perﬁdiae.
2844 5519 2920 5574 Ne
2947 5521 3068 5592 quis
3093 5521 3236 5574 enim
3283 5521 3422 5576 dicat
3453 5536 3681 5608 sperare
3709 5522 3777 5576 de

2176 5625 2234 5664 se
2261 5627 2366 5676 non
2391 5612 2554 5676 debet
2580 5613 2763 5677 homo,
2795 5612 2939 5682 quod
2968 5612 3021 5666 in
3049 5628 3213 5668 carne
3234 5629 3331 5676 sua
3365 5615 3575 5682 exibuit
3597 5612 3772 5667 boum

557 5762 588 5804 δ
615 5761 749 5821 Nota
779 5761 1282 5846 margini‘rascripta
1298 5761 1492 5835 addit:
1523 5782 1614 5836 sed
1639 5801 1748 5837 esse
1788 5786 2061 5856 superiora
2090 5785 2285 5856 inferni
2316 5787 2453 5854 lora,
2491 5788 2601 5843 alia
2630 5807 2740 5844 esse
2768 5791 3027 5862 inferiora
3051 5793 3366 5846 credendum
3394 5803 3487 5850 est.
