4060 6350
214 365 348 423 iis?

1234 353 1550 417 ASCABJCI
1583 353 1676 413 ET
1711 351 2058 413 TUIAREDI
2091 349 2482 410 RESTOLE.

3340 356 3480 416 1338‘

211 483 378 546 Deus,
406 485 536 537 eeee
562 488 686 533 eum
709 474 822 532 Deo
843 473 1095 536 bonum
1140 473 1510 536 securi-exisse
1532 470 1789 542 cognobi-
1817 471 1873 530 Α
1892 471 2310 524 resurrexerunt
2332 470 2387 522 et
2411 467 2777 535 sppanterunt
2798 462 2983 522 multis
3002 474 3057 522 et
3083 465 3313 536 ingressi
3347 480 3477 530 sunt

209 585 352 638 mus,
379 576 436 626 et
459 575 596 640 quos
622 581 790 638 puros
825 567 1073 624 homines
1098 581 1208 622 non
1236 566 1570 622 dubitamus.
1602 566 1661 620 Si
1691 565 1794 636 igi-

210 672 302 718 tur
318 659 562 723 membra
586 659 944 728 redemptoris
962 659 1135 714 nostri
1153 672 1366 724 sumus,
1381 671 1791 729 praesumamus

210 757 267 811 in
297 753 455 810 nobis
475 752 621 824 quod
647 760 859 824 gestum
887 760 1102 810 constat
1145 752 1201 806 in
1223 752 1402 823 capite
1427 768 1443 817 ;
1487 752 1534 810 si
1561 750 1791 807 multum

209 865 310 906 nos
338 849 637 920 abiecimus
669 862 889 920 sperare
942 846 1200 903 debemus
1222 847 1278 902 in
1293 835 1464 903 nobis
1497 861 1598 902 nos
1623 847 1794 902 mem-

209 945 310 999 bra
333 944 522 998 ultima
548 931 704 1013 quod.
730 943 797 997 de
838 941 1098 998 membris
1132 943 1250 1012 ejus
1294 940 1667 1012 superioribus
1697 957 1793 996 au-

210 1035 465 1090 divimus.
515 1032 660 1090 Haec
693 1040 818 1090 sunt
862 1033 1006 1090 illius
1047 1034 1375 1089 sanctissimi
1422 1035 1609 1088 verba.
1653 1033 1793 1088 Dum

210 1127 344 1183 dicit
365 1143 463 1183 nos
492 1129 736 1182 membra
763 1125 949 1182 ultima
999 1127 1155 1181 talem
1188 1141 1407 1197 sperare
1436 1127 1794 1182 resurrectio-

209 1237 336 1276 nem
361 1220 575 1290 qualem
602 1219 970 1274 habueruntet
993 1219 1089 1283 illi,
1115 1226 1300 1289 aperte
1322 1233 1420 1273 nos
1443 1217 1794 1288 instruitglo—

207 1313 413 1369 riosam
466 1312 586 1368 illos
615 1312 656 1366 i.
705 1326 755 1367 e.
805 1311 1138 1382 spiritualem
1193 1311 1494 1382 suscepisse
1547 1326 1790 1375 carnem,

211 1405 430 1475 qualem
465 1405 518 1459 in
550 1402 731 1458 futuro
765 1419 863 1459 nos
900 1405 1173 1475 accepturi
1207 1404 1430 1460 erimus.
1485 1402 1602 1458 Non
1645 1405 1793 1458 enim

210 1499 302 1552 illc
329 1499 430 1553 nisi
458 1496 524 1553 de
550 1497 729 1552 futura
761 1497 1085 1569 loquebatur
1109 1497 1528 1552 resurrectione.

283 1587 336 1642 Β.
371 1587 507 1656 Quia
534 1586 833 1658 gloriﬁcata
858 1587 1072 1642 illorum
1115 1594 1428 1644 sanctorum
1456 1627 1472 1653 ,
1510 1587 1576 1643 de
1597 1587 1795 1657 quibus

209 1680 440 1749 agimus,
485 1690 839 1734 surrexerunt
891 1693 1119 1748 corpora
1167 1679 1222 1733 in
1263 1677 1486 1732 oracula
1531 1671 1796 1749 septimae

211 1771 422 1828 sabbati
471 1772 574 1827 hoc
602 1773 852 1827 tubarum
897 1773 1131 1843 paschae
1173 1774 1246 1828 ita
1282 1772 1476 1829 affatus
1506 1783 1591 1830 est
1617 1791 1629 1828 ;
1657 1773 1792 1830 San-

1897 565 2142 615 sanetam
2197 557 2493 618 civitatem.
2548 555 2747 615 lliama
2801 556 3078 628 apostolus
3129 559 3305 617 dicit:
3337 577 3479 632 quae

1894 665 2085 707 verum
2105 665 2323 707 sursum
2341 657 2426 708 est
2445 648 2784 708 Jherusalem
2807 649 2978 710 libera
2999 659 3100 718 ast,
3131 666 3277 721 quas
3303 660 3481 711 mater

1894 741 2137 798 omnium
2165 749 2497 806 nostrorum.
2524 741 2678 800 Unde
2696 751 2752 798 et
2771 741 2875 799 Ose
2910 743 3173 815 propheta
3198 759 3264 802 ex
3284 759 3476 816 perso-

1895 851 1967 891 na
1993 850 2182 896 eorum
2207 835 2338 891 dicit
2367 854 2381 889 :
2411 835 2624 892 sanavit
2649 851 2747 890 nos
2766 843 2891 906 post
2913 836 3158 902 biduum,
3181 836 3271 893 die
3287 853 3478 896 verum

1896 928 2054 982 tertia
2081 928 2414 999 resurgimus
2441 935 2498 983 et
2510 927 2744 986 vibimus
2770 929 2824 983 in
2845 938 3138 1000 conspectu
3161 928 3300 999 ejus.

1969 1019 2020 1074 7.
2054 1021 2130 1076 De
2157 1021 2345 1076 eadem
2370 1018 2710 1076 Jherusalem
2751 1028 2811 1076 ut
2838 1029 3072 1091 utraque
3113 1021 3485 1094 intelligamus

1895 1111 2185 1167 ccelestem
2210 1121 2372 1180 atque
2424 1120 2715 1184 terrenam.
2762 1113 2837 1168 De
2867 1112 2952 1171 his
2981 1122 3202 1172 sanctus
3239 1111 3488 1172 iheronie

1897 1218 2020 1258 mus
2043 1201 2446 1262 bethlemiticae
2493 1202 2756 1260 ecclesiae
2783 1204 2974 1263 doctor
3006 1212 3062 1260 et
3102 1205 3388 1276 presbyter
3424 1205 3479 1260 in

1895 1290 2038 1348 libro
2088 1303 2283 1362 quarto
2324 1293 2783 1354 comentariorum
2837 1294 3141 1364 expositum
3183 1295 3483 1358 secundum

1897 1384 2229 1440 Matthaeum
2266 1387 2343 1441 ita
2382 1395 2474 1458 ayt
2505 1406 2518 1441 :
2554 1385 2811 1442 Sanctam
2835 1388 3134 1452 civitatem,
3163 1387 3218 1445 in
3245 1403 3352 1457 qua
3379 1387 3484 1448 visi

1898 1485 2025 1533 sunt
2063 1488 2414 1550 resurgentes
2439 1489 2532 1538 aut
2560 1478 2861 1540 Jerusalem
2890 1479 3180 1540 caelestem
3211 1479 3482 1552 intelliga-

1897 1587 2042 1636 mus,
2075 1580 2170 1634 aut
2207 1572 2647 1644 hanc‘terrenam
2699 1587 2840 1644 quae
2877 1580 3003 1634 ante
3051 1580 3240 1633 sancta
3282 1571 3481 1638 fuerat,

1899 1678 2040 1733 quae
2060 1663 2130 1724 oh
2176 1663 2232 1723 id
2261 1671 2448 1722 sancta
2476 1663 2864 1734 appellabatur.
2891 1671 3113 1734 propter
3140 1661 3401 1732 templum
3429 1669 3487 1728 et

1900 1765 2148 1813 sanctum
2179 1767 2508 1813 sanctorum.
2539 1756 2690 1824 Quod
2714 1765 2896 1832 autem
2923 1757 3053 1816 dicit
3079 1775 3097 1810 ι
3118 1762 3485 1826 apparuerunt

135 1871 138 1873 λ
210 1874 421 1919 ctorum
457 1879 684 1934 corpora
713 1865 982 1921 viviﬁcata
1021 1874 1355 1936 consurgunt
1391 1883 1404 1920 :
1437 1865 1786 1933 abiiaculum,
1819 1867 1869 1928 Β
1901 1856 2139 1921 multis,»
2171 1855 2476 1912 ostenditur
2503 1848 2610 1928 non
2639 1854 2908 1927 generalis
2947 1854 3113 1911 fuisse
3154 1853 3484 1912 resurrectio
3557 1903 3559 1906 .

211 1958 357 2028 quod
402 1958 675 2029 paulisper
717 1959 963 2028 jacuerat
1012 1963 1182 2032 surgit
1234 1962 1489 2034 gloriosa.
1543 1961 1681 2018 Item
1732 1965 1788 2020 in

211 2049 398 2102 eadem
425 2049 724 2105 ebdomada
762 2061 955 2122 quarta
981 2054 1189 2108 sabbati
1215 2071 1228 2108 ε
1274 2054 1416 2110 sicut
1437 2055 1567 2110 olim
1593 2063 1647 2111 te
1674 2071 1792 2112 mo-

213 2141 390 2196 riente
422 2151 632 2197 mortua
663 2159 891 2216 corpora
917 2153 1292 2210 surrexerunt,
1341 2147 1414 2204 ita
1439 2147 1658 2202 nuncin
1688 2147 1794 2204 hac

121 2245 138 2258 ‘
213 2233 630 2288 resurrectionis
666 2243 791 2290 tuae
835 2235 1166 2301 festivitate;
1199 2237 1392 2307 sepulti
1419 2237 1473 2291 in
1515 2245 1794 2293 aeternam

211 2323 456 2391 requiem
485 2324 884 2393 transferuntur
909 2337 962 2392 et
982 2327 1027 2382 si
1053 2343 1279 2398 corpora
1305 2338 1660 2396 surrexerunt
1685 2345 1794 2400 qua

211 2412 394 2470 fronte
441 2426 501 2472 ut
531 2419 669 2489 aytis
699 2419 908 2474 animas
943 2407 1204 2474 adserunt
1234 2421 1617 2487 resurrexisse,
1667 2422 1794 2476 dum

213 2507 395 2562 anima
427 2511 727 2584 substantia
757 2511 1020 2584 spiritalis
1048 2511 1120 2566 sit
1146 2521 1200 2578 et
1222 2511 1557 2590 ipcqrpqrea.
1601 2511 1709 2590 Aut
1747 2513 1794 2586 si

215 2613 442 2668 corpora
471 2611 526 2657 et
573 2618 680 2658 non
709 2603 1008 2673 gloriﬁcata
1055 2612 1429 2668 surrexerunt,
1466 2604 1699 2674 qualiter
1731 2619 1796 2661 ea

214 2688 462 2745 adstruat
505 2691 701 2747 iterum
736 2703 795 2747 ut
842 2693 1107 2748 Lazarum
1151 2695 1495 2749 moriturum.
1549 2693 1702 2762 Sicut
1729 2695 1797 2751 ad

213 2785 321 2838 hoc
348 2783 400 2838 in
438 2785 628 2839 eadem
661 2786 959 2842 ebdomada
986 2796 1135 2842 sexta
1161 2787 1370 2864 sabbati
1400 2789 1464 2843 de
1489 2789 1664 2860 ipsum
1691 2805 1800 2845 me-

215 2876 374 2932 minit
410 2879 502 2948 qui
524 2879 647 2934 dam
665 2879 778 2948 jam
805 2879 948 2935 dicta
969 2921 983 2946 ,
1014 2880 1248 2952 gloriosa
1275 2877 1545 2936 vibiiicata
1571 2897 1798 2952 corpora

213 2969 529 3041 perenniter
572 2981 946 3044 regnaturum,
974 2985 1164 3042 eorum
1195 2988 1409 3050 quoque
1458 2973 1803 3054 suti‘ragantiq

218 3059 321 3115 bus
343 3063 551 3118 meritis
577 3063 669 3132 qui
705 3079 826 3117 cum
859 3063 1021 3117 unico
1068 3063 1179 3118 tilio
1211 3069 1303 3119 tuo
1342 3063 1444 3119 sibi
1486 3071 1800 3132 meruerunt

216 3166 503 3224 resurgere
524 3154 590 3209 de
626 3153 887 3225 sepulcris
911 3156 1200 3211 concordia
1223 3156 1278 3210 in
1309 3156 1462 3211 nobis
1505 3157 1684 3227 vigeat
1709 3173 1800 3212 ca-

1896 1964 2036 2018 quae
2065 1949 2319 2004 omnibus
2359 1955 2668 2019 appareret,
2700 1947 2795 2002 sed
2831 1947 3081 2018 specialis
3108 1946 3179 2003 ad
3221 1945 3486 2017 plurimos

1895 2049 1958 2096 ut
1984 2042 2020 2096 ii
2064 2040 2310 2096 viderent
2353 2041 2445 2110 qui
2475 2045 2702 2095 cernere
2733 2040 3102 2095 merebantur.
3154 2037 3299 2093 Haec
3348 2044 3482 2093 sunt

1897 2135 2042 2190 dicta
2070 2134 2215 2194 beati
2241 2132 2557 2189 Jberonimi.
2590 2132 2766 2200 Quum
2795 2147 2924 2202 ergo
2947 2133 3000 2187 in
3025 2140 3256 2201 utraque
3283 2127 3476 2187 Jheru-

1898 2227 2069 2282 salem
2100 2241 2200 2281 nos
2219 2225 2520 2296 intelligere
2549 2223 2742 2280 maluit
2773 2224 2988 2281 visuros
3015 2233 3291 2290 terrenam
3315 2229 3480 2289 atque

1899 2319 2212 2385 coelestem,
2237 2334 2338 2374 cur
2364 2319 2452 2374 isti
2493 2319 2853 2374 contemtiose
2898 2317 3187 2372 coelestem
3220 2315 3340 2370 illos
3393 2330 3483 2369 ne-

1901 2417 2030 2484 gent
2063 2411 2399 2466 ascendere?
2434 2409 2783 2480 Nequaquam
2807 2409 2953 2463 enim
2994 2416 3056 2463 ut
3080 2407 3370 2463 coelestem
3401 2406 3482 2460 in-

1874 2496 2268 2576 'teiligeremus
2290 2503 2520 2570 diceret,
2570 2501 2616 2556 si
2668 2501 2723 2568 in
2745 2499 3047 2590 glpriiicnta
3101 2515 3266 2582 carne
3285 2515 3379 2555 eos
3407 2513 3488 2554 re-

1902 2596 2212 2660 suta-exisse
2245 2602 2489 2667 negaret.

1973 2689 2027 2744 8.
2058 2687 2212 2756 Quod
2252 2704 2360 2742 non
2399 2700 2590 2743 omnes
2619 2686 2792 2744 sancti
2821 2701 2958 2758 quos
3009 2687 3076 2741 ab
3113 2683 3313 2741 inferni
3344 2673 3490 2741 clau-

1898 2781 2029 2836 stris
2044 2781 2185 2836 eruit
2203 2780 2452 2836 Christus
2476 2781 2528 2834 in
2554 2795 2717 2846 carne
2743 2785 3180 2843 resurrexerunt,
3205 2777 3299 2834 sed
3325 2775 3480 2832 multi

1899 2880 1961 2932 ιιι
2006 2878 2253 2934 sanctum
2309 2871 2648 2941 evangelium
2689 2879 2796 2942 ayt.
2848 2869 3168 2925 Ambrosius
3231 2882 3491 2938 praecep-

1903 2971 1992 3018 tor
2025 2962 2313 3040 Augustini
2345 2963 2399 3025 in
2423 2964 2672 3022 docmate
2693 2961 2898 3018 Christi
2926 2963 2979 3016 in
3009 2960 3261 3024 homeliis
3281 2975 3496 3015 exame-

1906 3073 2007 3113 ron
2032 3058 2106 3112 ita
2133 3056 2373 3126 loquitur
2400 3071 2414 3108 :
2443 3055 2580 3110 Pars
2610 3054 2876 3125 quaedam
2906 3054 3250 3122 antiquorum
3276 3059 3494 3122 patrum

1906 3167 2032 3206 cum
2063 3149 2281 3206 Christo
2307 3150 2361 3203 in
2393 3164 2557 3204 carne
2584 3147 2822 3219 resurgit
2849 3188 2864 3213 ,
2895 3153 2955 3201 ut
2980 3153 3167 3201 nostra
3190 3143 3496 3200 'resurectio

213 3243 400 3302 ritatis
424 3255 480 3300 et
499 3247 543 3301 si
569 3263 669 3317 pro
696 3247 855 3302 nobis
879 3247 1246 3319 suﬁ'ragantur
1262 3255 1318 3302 et
1350 3264 1381 3302 a
1401 3263 1511 3316 quo
1534 3255 1660 3302 sunt
1680 3263 1798 3303 sus-
1823 3243 1872 3308 α
1903 3245 2108 3310 absque
2123 3239 2479 3310 ambiguitate
2504 3238 2758 3297 veniente
2781 3237 2981 3297 iterum
3010 3235 3106 3296 illo
3124 3235 3356 3299 obantel'
3375 3249 3496 3305 ερε-

219 3339 393 3404 citati,
411 3355 580 3410 quare
591 3355 697 3396 non
712 3339 1279 3410 erubescuntimprobi
1309 3339 1490 3395 dicere
1510 3355 1604 3395 eos
1623 3350 1800 3397 morte

217 3432 459 3486 secunda
495 3433 780 3503 gustasse?
1399 3450 1401 3452 ‘

293 3521 344 3576 6.
385 3521 518 3589 Quia
540 3521 840 3596 Jerusalem
864 3523 957 3606 ubi
1002 3521 1253 3613 visisunt
1280 3521 1364 3613 hi,
1394 3521 1628 3613 quicum
1651 3521 1805 3588 Chri-

216 3622 306 3674 sto
331 3622 752 3676 resumeret-unt
771 3613 1061 3676 caelestem
1090 3612 1234 3672 illam
1261 3612 1519 3676 debemus
1544 3613 1805 3683 intellige-

217 3704 384 3766 reJn
408 3706 596 3766 eadem
642 3707 817 3774 adhuc
837 3705 950 3784 jam
981 3713 1335 3772 memoratam
1364 3706 1722 3780 ebdomadam
1749 3707 1804 3762 in

217 3797 384 3862 tertia
431 3795 643 3860 sabbati
672 3797 813 3861 sicut
839 3797 1091 3868 superius
1135 3798 1248 3854 dixi
1279 3797 1334 3866 in
1361 3798 1583 3865 oracula
1624 3812 1686 3865 ea
1713 3813 1808 3870 ne-

221 3885 345 3944 titio
373 3904 513 3960 quae
537 3905 637 3961 pro
663 3890 910 3945 oratione
938 3889 1209 3952 dominica
1234 3890 1431 3963 dicitur
1465 3891 1544 3946 sic
1568 3890 1803 3972 affatur:

220 3981 294 4042 ad
353 3982 652 4046 terribilem
683 3990 901 4050 tropum
954 3983 1146 4047 altaris
1192 3998 1354 4046 cursu
1403 3985 1614 4047 concito
1653 3973 1810 4054 pater

219 4073 562 4141 omnipotens
582 4080 938 4146 properantes
960 4088 1212 4154 rogamus
1231 4082 1292 4127 ut
1317 4075 1559 4129 omnium
1582 4085 1805 4152 peccata

219 4163 477 4219 labentur
508 4172 561 4220 et
590 4165 648 4220 in
671 4165 1038 4236 indulgentiali
1061 4175 1296 4237 ungento
1317 4182 1438 4234 βδεβ
1455 4167 1809 4234 ﬁcclesiastici

218 4258 468 4328 corporis
492 4259 809 4328 solidentur.
843 4260 960 4330 Quo
989 4261 1259 4331 possimus
1282 4262 1486 4328 nostris
1507 4277 1628 4317 cum
1653 4278 1813 4332 repa—

218 4348 298 4405 tis
333 4348 626 4414 infantibus
658 4351 927 4421 respirare
944 4358 998 4408 et
1022 4367 1145 4412 cum
1181 4352 1410 4410 mortuis
1455 4341 1728 4420 suscitatis
1756 4353 1812 4424 in

219 4436 560 4497 Jherusalem
573 4444 861 4498 coelestem
882 4443 1230 4498 medullatum
1255 4452 1532 4513 portantes
1549 4445 1812 4512 sacrificia

1904 3342 2077 3387 retur.

1975 3428 2030 3483 9.
2054 3427 2131 3481 De
2160 3441 2224 3481 eo
2267 3425 2410 3495 quod
2460 3423 2515 3478 in
2545 3421 2882 3498 apocalipsin
2914 3421 3112 3476 dicitur
3137 3421 3274 3475 haec
3318 3434 3496 3474 resur-

1904 3519 2076 3576 rectio
2109 3517 2284 3590 prima
2329 3525 2384 3572 et
2417 3523 2617 3586 cetera.
2661 3513 3011 3586 Jbempimus
3042 3513 3497 3584 Victorianusque

1907 3611 1982 3666 ita
2007 3617 2175 3682 ayunt
2202 3625 2216 3662 :
2251 3605 2569 3676 Resurectio
2606 3606 2782 3676 prima
2823 3619 2968 3659 nunc
2995 3610 3081 3658 est
3123 3618 3223 3673 per
3248 3601 3409 3658 (idem
3441 3602 3498 3656 in

1907 3703 2088 3766 anima
2111 3717 2236 3768 cum
2266 3715 2370 3772 qua
2413 3698 2726 3768 pervenitur
2760 3697 2826 3762 ad
2854 3695 3184 3768 baptismum
3215 3694 3498 3760 absolutus

1909 3797 1976 3851 ab
2009 3792 2259 3865 originali
2313 3798 2540 3862 peccato
2575 3790 2831 3845 introitus
2879 3788 2935 3843 in
2966 3803 3191 3859 regnum
3223 3788 3338 3843 Dei.
3389 3785 3498 3848 Re—

1909 3903 2075 3959 gnum
2110 3887 2297 3956 utique
2327 3900 2436 3950 non
2463 3882 2638 3956 solum
2667 3880 2798 3960 illud
2827 3879 2970 3951 quod
3019 3879 3138 3935 sine
3168 3878 3273 3947 ﬁne
3297 3893 3492 3960 perpe-

1908 3985 2061 4032 tuum
2092 3975 2294 4032 sanctis
2316 3977 2438 4041 erit,
2471 3976 2563 4030 sed
2585 3982 2639 4035 et
2663 3989 2808 4028 nunc
2835 3972 2889 4027 in
2915 3987 3024 4043 quo
3052 3970 3303 4035 Christus
3331 3971 3388 4036 in
3411 3985 3494 4028 ec-

1910 4067 2074 4122 clesia
2103 4065 2365 4122 catholica
2400 4072 2610 4135 regnat.
2664 4064 2813 4131 Quae
2845 4063 3173 4118 resurrectio
3219 4078 3326 4118 non
3374 4077 3498 4146 per-

1911 4160 2081 4215 mittit
2128 4159 2378 4213 homines
2415 4157 2646 4211 transire
2673 4157 2743 4212 ad
2799 4164 3027 4214 mortem
3078 4154 3392 4210 secundam.
3425 4149 3500 4225 De

1912 4251 2016 4305 hac
2063 4249 2457 4316 resurrectione
2506 4247 2637 4322 dicit
2675 4232 2951 4318 apostolus
2981 4263 2993 4298 :
3019 4245 3064 4299 si
3124 4243 3501 4327 resurresistis

1912 4357 2036 4397 cum
2061 4342 2298 4406 Christo,
2325 4355 2463 4410 quae
2486 4355 2700 4394 sursum
2725 4346 2852 4394 sunt
2875 4336 3144 4408 quaerite.
3197 4327 3202 4333 ’

1986 4431 2072 4487 10.
2125 4432 2204 4486 Ilii
2236 4447 2388 4496 vero,
2446 4431 2538 4502 qui
2574 4427 2954 4505 contradicunt
3006 4426 3290 4492 dicentes:
3339 4441 3501 4482 nemo

219 4530 475 4590 introire.
498 4565 569 4575 _
593 4533 747 4593 Ιιεηι,
771 4536 1118 4606 beatissimus
1144 4536 1471 4612 Ηει-οοίωηδ
1506 4539 1562 4610 in
1585 4538 1809 4612 ρρίειοιει
1838 4610 1865 4612 ῃ
1914 4524 2229 4580 ascenditin
2259 4523 2489 4587 coelum,
2520 4522 2624 4576 nisi
2652 4522 2740 4590 qui
2769 4518 3049 4612 descendit
3082 4519 3327 4612 deicoelo
3352 4518 3499 4596 ﬁlius

221 4625 296 4678 ad
327 4625 640 4681 Eliodorum
672 4643 773 4697 pro
796 4636 969 4682 morte
991 4627 1273 4698 Nepotiani
1303 4607 1646 4700 presbyteri:
1665 4645 1804 4700 quae
1832 4610 1888 4672 Ῐ)
1910 4614 2164 4691 hominis,
2192 4613 2581 4686 legamlibrum
2611 4611 2757 4666 beati
2783 4609 2983 4674 Juliani
3009 4627 3116 4678 110.n
3142 4611 3376 4696 Ροιῐξθτίί
3401 4612 3499 4668 8εά

221 4723 284 4771 ει
303 4715 560 4786 θρίωίὶοη
585 4726 827 4783 vocatur,
877 4720 1020 4794 iure;
1044 4719 1148 4796 qua
1170 4719 1325 4794 βίω-ρ
1347 4719 1428 4782 sic
1445 4734 1607 4794 ρι-δυξ
1625 4728 1709 4798 βῆς
1731 4720 1820 4784 di-
1913 4708 2154 4762 Toletani
2183 4707 2274 4776 qui
2320 4707 2591 4760 vocitatur
2617 4705 2963 4770 anticimena,
2995 4706 3088 4776 qui
3136 4714 3383 4777 patratus
3411 4715 3498 4784 est

224 4818 356 4859 cere
386 4822 399 4858 :
427 4803 591 4860 Multa
627 4822 854 4878 corpora
883 4817 1195 4863 sanctorum
1220 4809 1604 4864 dormientium
1634 4826 1816 4865 resur—
1917 4805 1983 4859 de
2018 4804 2102 4858 his
2129 4803 2291 4857 rebus
2313 4815 2455 4881 quae
2478 4801 2752 4856 contraria
2789 4800 2842 4854 in
2876 4798 3174 4880 Scripturis
3221 4805 3501 4866 resonant,

225 4907 489 4952 rexerunt
508 4906 562 4955 et
577 4908 942 4972 apparuerun;
967 4901 1018 4970 in
1035 4909 1279 4962 sanctum
1296 4897 1633 4976 Jherusalem
1650 4902 1820 4966 coele-
1918 4901 2012 4956 sed
2037 4915 2143 4954 non
2164 4896 2434 4953 contraria
2463 4895 2532 4950 ab
2555 4896 2640 4952 bis
2664 4896 2756 4965 qui
2785 4895 2932 4966 vigili
2957 4909 3119 4960 sensu
3139 4891 3501 4966 Scripturam,

227 4997 391 5057 stem;
423 5001 477 5047 et
496 4999 626 5046 tunc
651 4975 928 5060 impletum
949 4975 1033 5046 est
1058 4991 1188 5045 illud
1209 4977 1478 5063 eulogium
1503 5011 1514 5046 :
1539 5009 1701 5064 surge
1721 4994 1814 5063 qui
1915 4995 1960 5064 si
1975 4990 2541 5062 mundaininquirunt,
2564 4988 2912 5060 intelligenda
2931 4996 3079 5054 sunt,
3093 4986 3505 5058 sicutsuntplu-

229 5083 440 5138 dormis
487 5091 544 5138 et
574 5081 913 5137 inluminabit
957 5089 1009 5136 te
1054 5081 1322 5154 Christus.
1375 5083 1569 5138 Patent
1614 5093 1668 5138 ct
1708 5085 1810 5138 alia
1913 5102 2081 5156 raque
2109 5086 2230 5141 istis
2250 5083 2484 5148 latet;et
2501 5092 2628 5138 tunc
2645 5090 2825 5144 tacere
2862 5082 3116 5153 studeant
3145 5090 3324 5142 etnon
3347 5079 3499 5152 loqui

227 5174 389 5246 plura
420 5175 756 5230 diversorum
793 5175 1072 5230 doctorum
1110 5175 1176 5232 de
1207 5176 1308 5230 hac
1355 5190 1433 5240 re,
1475 5192 1614 5245 quae
1650 5179 1811 5231 modo
1914 5194 2054 5249 quae
2081 5172 2833 5236 nesciunt.—Sianticimena
2857 5173 3011 5227 abest
3031 5171 3501 5250 currautadAgu-

227 5285 343 5324 non
367 5279 494 5324 sunt
542 5268 720 5332 adlata
745 5270 947 5338 nostris
993 5270 1392 5340 conspectibus.
1427 5267 1533 5324 Sed
1563 5284 1625 5323 ea
1672 5285 1809 5350 quae
1926 5272 2130 5328 stinum
2161 5277 2216 5325 et
2239 5269 2416 5338 ipsum
2449 5267 2726 5335 inquirant
2748 5266 2803 5334 in
2824 5264 2963 5330 libro
3004 5262 3361 5337 bomeliarum
3383 5269 3506 5334 cate

231 5362 303 5417 ab
325 5375 583 5432 praesens
610 5363 945 5433 repperimus
972 5401 987 5427 ,
1019 5361 1065 5417 si
1088 5369 1142 5416 et
1176 5377 1347 5436 pauca
1377 5358 1515 5415 aduc
1567 5361 1812 5417 testimo-
1918 5361 2500 5432 Jhoannem,etipsum
2518 5360 2663 5428 hunc
2685 5359 2860 5426 locum
2877 5357 3503 5432 audiauteXploranten).
3564 5357 3569 5432 ς

230 5453 325 5507 nia
354 5453 735 5526 proferamus;
762 5452 954 5507 beatus
997 5435 1225 5518 Ruﬁnus
1267 5451 1550 5523 presbyter
1580 5451 1634 5505 in
1664 5467 1813 5505 com-
1919 5457 2064 5512 Dicit
2089 5456 2235 5511 enim
2270 5468 2380 5508 :ne
2416 5467 2520 5521 qua
2553 5451 2775 5506 territus
2804 5449 2857 5518 in
2888 5442 3000 5506 D'eo
3047 5444 3502 5524 sentiretur,idep
3563 5435 3568 5444 ‘

233 5545 523 5602 mentariis
557 5546 672 5602 suis
692 5545 936 5616 exposito
981 5543 1048 5599 de
1080 5529 1322 5614 symbolo
1374 5543 1450 5599 ita
1479 5545 1618 5602 inter
1656 5543 1808 5614 plura
1863 5579 1872 5588 -
1920 5552 2120 5612 dixisse
2143 5548 2419 5616 Christum
2446 5547 2742 5616 credimus,
2763 5559 2922 5599 nemo
2950 5542 3193 5614 ascendit
3215 5542 3271 5624 in
3294 5540 3506 5608 coelum

233 5636 477 5706 loquitur
509 5656 523 5692 τ
555 5637 728 5705 Quum
751 5637 1000 5704 Christus
1029 5635 1268 5713 surrexit
1289 5643 1632 5698 monumenta
1663 5651 1812 5708 aper-
1920 5644 2024 5699 nisi
2044 5644 2148 5714 qui
2186 5639 2466 5700 descendit
2510 5640 2576 5696 de
2604 5637 2754 5702 coelo
2797 5637 3033 5694 hominis
3061 5633 3308 5698 videlicet
3351 5630 3509 5698 Chri-
3555 5701 3560 5714 ε

236 5739 292 5786 ta
324 5736 470 5795 sunt,
518 5738 575 5804 et
603 5731 769 5785 multa
798 5711 1038 5799 cerpora'
1079 5736 1392 5784 sanctorum
1429 5728 1811 5786 dormientium
1846 5727 1888 5751 "
1920 5742 2037 5790 stus
2060 5711 2192 5788 deus
2211 5739 2267 5788 et
2290 5731 2452 5786 homo
2475 5745 2582 5802 una
2610 5743 2862 5804 persona.
2895 5725 2953 5782 Si
2976 5726 3098 5806 quis
3114 5739 3246 5781 vero
3268 5724 3500 5796 amplius
3552 5711 3560 5720 ³

309 5858 338 5888 ι
363 5845 425 5912 in
445 5846 688 5916 margine
699 5858 861 5902 manu
880 5844 1194 5918 posterioris
1217 5845 1411 5914 aetatis
1425 5845 1664 5901 additum
1682 5852 1799 5900 est:
1838 5843 1952 5920 sine
1968 5845 2128 5902 dubio
2146 5846 2384 5917 ingressu
2405 5853 2644 5900 sanctam
2662 5845 2921 5899 civitatem
2946 5841 3010 5894 de
3031 5856 3157 5898 uua.
