4060 6350
1320 313 1655 375 ιυρριειι.
1692 316 1788 374 ΑΒ
1823 315 2195 375 Λυϐτοιιεε
2226 315 2509 380 ΒΩΕΒΤΙ
2544 323 2710 384 anno
2745 325 2921 386 ηρ.
2960 326 3094 386 VIII.

3690 333 3840 396 £56

571 453 696 495 cum
743 435 956 492 diabolo
974 475 988 501 ,
1031 449 1128 507 per
1159 450 1294 507 quos
1321 437 1514 494 scisma
1537 447 1592 492 et
1620 453 1741 494 eres
1766 450 1794 480 ι
1823 438 1878 494 in
1902 436 2145 494 Ecclesia
2170 441 2222 498 Δ
2249 451 2430 500 terant
2455 444 2686 517 ingredi,
2707 446 2836 518 quia
2854 461 2957 505 nec
2986 447 3116 506 dum
3139 447 3232 508 ille
3511 453 3606 526 qui
3629 453 3838 513 inferni

571 531 836 596 oriuntur,
869 530 1057 600 sicque
1078 530 1144 585 ad
1174 543 1426 584 mannam
1454 531 1844 586 comedendum
1867 531 2145 587 accedant.

571 625 704 683 Nam
732 636 789 683 et
835 625 1023 682 eadem
1053 641 1245 681 manna
1286 641 1392 680 non
1432 624 1550 696 plus
1592 626 1769 698 colligi
1795 627 2148 698 praecipitur,

570 738 734 794 quam
763 722 904 792 quod
930 720 1231 784 sufﬁceret,
1259 719 1303 774 si
1343 719 1468 790 quid
1496 719 1822 791 superﬂuum
1854 721 2151 790 reponeba-

568 822 660 869 tur
703 814 975 867 vermibus
1023 811 1301 865 bulliebat.
1348 810 1649 882 lntelligant
1697 827 1838 882 quae
1880 811 2144 877 dicimus;

570 920 670 960 nos
698 919 828 958 vero
855 917 959 957 non
988 909 1204 971 oportet
1263 901 1474 955 illorum
1527 903 1678 971 sequi
1718 901 1934 956 vesania
1968 902 2060 970 qui
2093 903 2148 955 in

567 995 851 1052 ecclesiam
890 1008 988 1062 per
1022 993 1218 1047 scisma
1261 1002 1315 1048 et
1351 995 1742 1049 contemtiones
1793 995 2026 1049 inaniter
2069 993 2148 1046 la-

566 1089 759 1144 borant
800 1087 996 1142 sciolos
1022 1102 1079 1140 se
1109 1085 1402 1148 allecturae
1437 1088 1716 1158 cupientes
1739 1089 1834 1143 sed
1873 1087 2148 1143 declinare

565 1187 619 1235 et
668 1178 761 1233 ubi
813 1179 1026 1234 illorum
1077 1179 1594 1249 interrogationibus
1643 1195 1750 1234 non
1797 1180 2054 1236 debemus
2092 1181 2144 1236 in

563 1270 761 1326 astutia
786 1285 962 1340 neque
984 1270 1290 1325 adulterare
1317 1271 1538 1326 verbum
1562 1271 1680 1336 Dei,
1712 1272 1807 1326 sed
1837 1272 1980 1341 loqui
2007 1273 2144 1328 scita

562 1363 619 1420 in
655 1363 1096 1420 manilestatione
1124 1365 1407 1428 veritatis,
1447 1365 1655 1420 nescita
1692 1364 1998 1434 relinquere
2022 1365 2147 1437 Spi-

561 1454 691 1510 ritui
714 1464 930 1521 sancto,
967 1463 1025 1509 ut
1056 1453 1212 1523 juxta
1241 1454 1471 1526 Esayam
1512 1469 1683 1524 usque
1713 1464 1932 1510 nostrae
1970 1457 2144 1513 lidelis

560 1547 670 1603 sint
706 1556 766 1602 ut
793 1561 974 1619 regem
1002 1554 1243 1602 nostrum
1278 1547 1460 1602 videre
1491 1548 1544 1602 in
1579 1547 1775 1604 decore
1815 1564 2139 1606 mereamur.

632 1638 727 1693 His
757 1637 1018 1710 praefatis
1049 1639 1173 1709 quia
1205 1638 1274 1693 de
1311 1637 1524 1696 illorum
1569 1647 1881 1696 sanctorum
1911 1657 2049 1711 quos
2075 1643 2143 1697 ab

509 1757 516 1762 ν
557 1731 755 1787 inferni
803 1733 1038 1788 claustra
1082 1733 1350 1789 mediator
1379 1731 1472 1787 Dei
1515 1740 1571 1787 et
1611 1735 1851 1808 hominis
1891 1735 2142 1791 Christus

2253 533 2489 591 claustra
2531 552 2631 593 sua
2661 537 3017 596 descensione
3041 539 3276 597 solberet
3308 551 3366 600 et
3406 541 3682 612 iustorum
3719 548 3839 603 ani-

2253 642 2371 684 mas
2386 628 2438 684 in
2460 639 2722 701 perpetua
2747 631 2875 688 sede
2893 631 3221 689 conlocaret.
3247 633 3381 690 Item
3405 637 3594 708 ipsein
3621 639 3834 696 eisdem

2253 718 2410 775 dictis
2439 738 2454 774 :
2483 721 2700 779 Priores
2746 723 2921 778 sancti
2950 725 3019 779 ab
3055 723 3251 780 inferni
3288 726 3422 782 locis
3453 727 3679 783 liberari
3726 747 3833 788 non

2251 820 2565 880 potuerunt,
2590 816 2715 884 quia
2739 831 2838 871 nec
2868 817 2994 871 dum
3023 825 3246 873 venerat
3290 821 3382 889 qui
3408 821 3537 876 illuc
3566 824 3692 878 sine
3719 824 3834 880 cul-

2250 918 2316 974 pa
2347 904 2700 962 descenderet
2728 916 2786 961 ut
2808 923 2905 962 eos
2927 909 3017 978 qui
3046 909 3118 963 ibi
3157 911 3483 966 tenebantur
3509 930 3613 984 pro
3659 915 3835 987 origi-

2249 993 2358 1047 nali
2393 1005 2615 1063 peccato
2636 1013 2666 1050 a
2691 997 2846 1068 culpa
2871 997 3146 1054 liberaret.

2317 1086 2372 1140 9.
2405 1086 2556 1154 Quod
2584 1088 2846 1144 bonorum
2878 1091 3089 1146 animae
3115 1093 3365 1161 quamvis
3388 1094 3455 1148 ad
3493 1093 3712 1150 inferna
3742 1098 3833 1152 de-

2249 1180 2554 1236 scenderint
2583 1197 2784 1252 poenas
2812 1199 2917 1238 non
2939 1184 3180 1246 luebunt.
3218 1184 3359 1240 idem
3389 1187 3584 1241 doctor
3609 1188 3670 1241 in
3710 1189 3836 1259 ipsis

2249 1272 2570 1328 tractatibus
2591 1274 2764 1329 dicit:
2795 1275 2933 1329 Ante
2972 1276 3329 1346 redemptoris
3369 1278 3544 1331 nostri
3581 1279 3838 1334 incarna-

2248 1365 2724 1435 tioncmjustorum
2748 1367 2960 1422 animae
2986 1383 3092 1422 non
3119 1368 3188 1422 ita
3218 1369 3285 1422 ad
3312 1368 3584 1423 infernum
3613 1371 3840 1425 descen-

2246 1456 2389 1511 disse
2415 1458 2742 1522 creduntur,
2782 1468 2841 1513 ut
2881 1459 2936 1513 in
2982 1459 3115 1513 locis
3141 1459 3459 1530 poenalibus
3487 1469 3831 1526 tenerentur,

2247 1548 2275 1589 δ
2306 1556 2364 1602 ut
2400 1548 2455 1604 in
2501 1551 2871 1619 superioribus
2902 1549 3035 1620 justi
3072 1553 3478 1621 requiescerent
3520 1563 3579 1608 et
3609 1554 3666 1608 iu
3700 1555 3834 1609 inle-

2245 1641 2482 1697 riorihus
2540 1643 2722 1713 injusti
2772 1643 3106 1699 crucientur.
3169 1643 3305 1699 Item
3356 1647 3508 1716 ipse:
3550 1645 3832 1703 Justorum

2246 1735 2462 1790 animae
2489 1750 2587 1806 per
2632 1734 2947 1792 mediatoris
2984 1736 3272 1792 adventum
3307 1739 3637 1810 quandoque
3677 1750 3832 1796 erant

554 1820 713 1880 Iesus
739 1839 929 1880 eruere
974 1823 1226 1896 dignatus
1268 1831 1352 1880 est
1381 1825 1433 1879 in
1458 1831 1638 1880 vestra
1668 1827 1895 1896 epistola
1935 1829 2139 1882 mentio
2171 1808 2213 1867 Β
2243 1825 2312 1880 ab
2340 1824 2532 1880 inferni
2561 1825 2696 1881 locis
2720 1829 2967 1896 quamvis
3012 1815 3116 1884 non
3138 1829 3458 1898 poenalibus
3489 1808 3828 1899 liberandae,

553 1927 638 1975 est
669 1917 832 1983 facta,
863 1917 1091 1988 ideoque
1120 1932 1187 1971 ex
1227 1917 1494 1988 majorum
1524 1926 1832 1974 nostrorum
1861 1920 2139 1975 codicibus

553 2011 851 2066 sententias
874 2025 1010 2079 quas
1047 2011 1351 2078 carpsimus
1374 2009 1501 2064 huic
1537 2010 1786 2080 paginae,
1816 2020 1877 2066 ut
1911 2027 2010 2066 nos
2050 2026 2140 2066 ve-

553 2111 665 2157 stra
697 2103 960 2158 sanctitas
997 2101 1176 2157 facere
1216 2101 1426 2168 maluit,
1465 2102 1591 2156 licet
1635 2119 1739 2158 non
1778 2112 1836 2159 ut
1868 2105 2011 2159 volui
2042 2105 2138 2160 sed

551 2203 613 2251 ut
641 2196 789 2268 potui
816 2195 1050 2265 scriptas
1077 2195 1342 2266 protrahi.

622 2289 671 2343 l.
704 2289 857 2358 Quod
887 2298 1010 2346 ante
1043 2289 1333 2345 adventurm
1362 2289 1679 2346 mediatoris
1695 2280 1793 2346 Dei
1819 2300 1873 2347 et
1896 2291 2135 2349 hominis

545 2394 736 2434 omnes
763 2387 820 2435 et
846 2380 972 2434 boni
999 2390 1052 2434 et
1075 2380 1200 2434 mali
1238 2380 1304 2435 ad
1341 2380 1540 2436 inferni
1570 2381 1810 2437 claustra
1840 2384 2134 2440 descende-

550 2472 680 2526 rint.
711 2472 765 2527 2.
791 2471 946 2540 Quod
966 2473 1234 2529 bonorum
1258 2475 1474 2531 animae
1493 2477 1741 2548 quamvis
1763 2477 1830 2532 ad
1857 2477 2133 2534 infernum

547 2564 941 2620 descenderent
974 2581 1180 2636 poenas
1219 2582 1324 2622 non
1355 2567 1598 2622 luebunt.
1637 2569 1689 2625 5.
1729 2569 1880 2636 Quod
1926 2570 2130 2626 electo-

543 2671 663 2712 rum
693 2657 906 2713 animus
930 2657 1268 2713 solummodo
1289 2659 1542 2715 dominus
1572 2661 1641 2716 ab
1666 2659 1864 2717 inferni
1892 2661 2130 2718 claustra

541 2747 705 2812 eruit,
750 2763 857 2802 non
904 2749 1278 2826 reproborum.
1319 2749 1372 2804 4.
1414 2749 1566 2818 Quoi
1622 2753 1815 2816 sancti,
1865 2754 1955 2825 qui
2003 2770 2129 2810 cum

540 2835 757 2893 Christo
789 2848 1143 2895 surrexerunt
1170 2839 1425 2912 gloriosa,
1456 2841 1492 2896 i.
1517 2857 1565 2897 e.
1599 2843 1862 2916 spiritalia
1886 2847 2127 2916 percepti

537 2939 666 2988 sunt
704 2947 934 3003 corpora
960 2974 974 2997 ,
1021 2933 1198 3003 qualia
1242 2950 1341 2990 nos
1380 2946 1704 3006 excepturos
1741 2939 1796 2992 in
1827 2937 2010 2993 futura
2043 2955 2128 2994 re-

537 3023 875 3079 surrectione
908 3034 1274 3094 expectamus.
1309 3026 1361 3080 5.
1393 3027 1530 3094 Quia
1565 3029 1862 3100 glorificata
1907 3031 2124 3086 illorum

537 3120 879 3175 sanctorum,
929 3114 996 3170 de
1046 3117 1168 3186 quis
1216 3108 1426 3192 agimus
1474 3129 1824 3175 surrexerunt
1871 3137 2116 3196 corpora.

536 3204 591 3261 6.
624 3205 760 3275 Quia
785 3205 1124 3266 Jherusalem
1162 3213 1252 3268 ubi
1288 3213 1388 3268 visi
1414 3225 1535 3270 sunt
1567 3217 1820 3294 celeslem
1853 3209 1999 3274 illum
2031 3223 2122 3276 de-

534 3311 724 3354 vemus
783 3300 1102 3374 intelligere.
1160 3303 1210 3358 7.
1264 3303 1340 3361 De
1388 3309 1576 3362 eadem
1628 3306 2006 3378 Jherusalem,
2062 3321 2123 3368 ut

532 3398 825 3464 utrumque
859 3394 1225 3467 intelligamus
1265 3397 1555 3453 coelestem
1607 3407 1768 3472 atque
1814 3410 2115 3458 terrenum.

531 3482 566 3539 8
600 3483 753 3552 Quod
800 3503 905 3542 non
949 3503 1139 3544 omnes
1168 3491 1341 3545 sancti
1369 3508 1504 3561 quos
1549 3492 1618 3547 ab
1647 3493 1843 3548 inferni
1878 3495 2116 3552 claustra

530 3576 673 3631 eruit
701 3575 949 3633 Christus
970 3578 1023 3633 in
1056 3594 1219 3636 carne
1250 3591 1686 3648 resurrexeruut,
1720 3583 1813 3638 sed
1843 3595 1897 3638 ut
1924 3601 2119 3642 secun-

531 3671 658 3726 dum
695 3673 770 3727 ait
801 3675 1138 3746 evangelium
1167 3667 1343 3731 multi.
1369 3678 1421 3732 9.
1455 3677 1532 3733 De
1568 3694 1633 3734 eo
1663 3681 1804 3750 quod
1835 3682 1889 3736 in
1914 3697 2118 3752 apoca-

528 3762 687 3833 lipsin
717 3764 915 3820 dicitur
947 3765 1085 3823 haec
1114 3771 1444 3824 resurrectio
1481 3770 1654 3840 prima
1691 3779 1744 3825 et
1773 3757 1977 3827 cetera.
2024 3774 2112 3828 l0.

527 3853 604 3911 De
635 3870 700 3911 eo
726 3859 868 3928 quod
900 3859 1236 3931 evangelium
1277 3861 1353 3914 ait
1388 3879 1401 3914 :
1438 3876 1596 3915 nemo
1635 3863 1873 3917 ascendit
1904 3863 1957 3918 in
1992 3880 2116 3920 coe-

528 3947 661 4014 lum,
707 3949 808 4006 nisi
852 3951 943 4020 qui
971 3953 1248 4009 descendit
1293 3954 1358 4008 de.
1387 3953 1538 4009 coelo
1568 3954 1708 4009 ﬁlius
1733 3954 1988 4013 hominis.
2023 3959 2112 4014 ii.

526 4039 603 4096 De
629 4042 861 4122 gloriosa
886 4042 1053 4099 Maria
1077 4046 1219 4114 quod
1245 4046 1390 4100 nulla
1423 4047 1590 4102 storia
1629 4063 1751 4102 eam
1783 4049 1972 4105 doceat
1994 4067 2114 4124 pas-

523 4130 676 4186 sione
699 4141 792 4187 aut
817 4134 1058 4205 qualibet
1087 4144 1264 4191 morte
1295 4137 1534 4192 multari.

597 4225 650 4281 i.
689 4224 841 4293 Quod
871 4229 1305 4284 ante'adventum
1338 4233 1650 4289 mediatoris
1679 4234 1771 4291 Dei
1799 4244 1853 4290 et
1873 4236 2110 4298 hominis

519 4331 707 4398 omnes
723 4320 916 4376 etboni
939 4330 992 4376 et
1020 4322 1146 4378 mali
1179 4324 1244 4377 ad
1262 4322 1458 4380 inferni
1477 4326 1711 4382 claustra
1731 4331 2109 4386 descenderint

518 4407 583 4463 F‘.
607 4409 902 4480 Gregorius
954 4413 1005 4468 in
1037 4414 1190 4472 libris
1229 4416 1511 4472 moralium
1559 4421 1637 4474 sic
1665 4421 1902 4494 loquitur
1935 4441 1948 4478 :
1977 4422 2106 4478 0m-

2241 1915 2312 1971 ob
2337 1917 2440 1971 hoc
2463 1916 2521 1970 Β.
2553 1914 2654 1971 Job
2686 1918 2816 1973 dicit
2842 1935 2855 1971 :
2896 1919 3168 1974 constitue
3197 1920 3332 1974 mihi
3359 1929 3593 1993 tempus,
3642 1924 3699 1978 iu
3723 1940 3829 1998 quo

2239 2010 2545 2064 recorderis
2579 2010 2683 2064 mei
2713 2026 2725 2074 ;
2761 2011 3058 2080 Agustinus
3088 2027 3306 2082 quoque
3350 2013 3424 2068 ait
3453 2032 3467 2067 :
3496 2015 3824 2085 priusquam

2239 2099 2548 2170 redemptor
2573 2109 2758 2156 noster
2782 2110 2956 2156 morte
2984 2118 3082 2156 sua
3106 2104 3327 2172 humani
3349 2106 3555 2172 generis
3573 2121 3814 2174 poenam

2237 2193 2493 2258 solveret,
2525 2207 2620 2248 eos
2647 2194 2742 2264 qui
2772 2193 3024 2249 coelestis
3061 2196 3272 2264 patriae
3301 2196 3406 2250 vias
3432 2198 3616 2252 sectati
3649 2206 3802 2262 sunt,

2235 2292 2358 2355 post
2376 2299 2653 2354 egressum
2679 2285 2860 2340 carnis
2884 2285 3079 2340 inferni
3102 2285 3341 2341 claustra
3368 2294 3685 2352 tenuerunt,
3705 2303 3821 2342 non

2236 2385 2296 2433 ut
2319 2393 2491 2447 poena
2533 2377 2685 2447 quasi
2708 2387 3021 2448 peccatores
3047 2377 3312 2448 plecteret
3337 2419 3352 2443 ,
3380 2378 3472 2432 sed
3508 2388 3570 2432 ut
3599 2392 3700 2433 eos
3724 2391 3823 2449 per

2238 2471 2539 2540 ingressum
2582 2469 2897 2525 mediatoris
2927 2478 3112 2525 reatus
3156 2469 3366 2540 primae
3399 2468 3592 2541 culpae
3643 2467 3826 2525 absol-

2235 2570 2406 2616 νει-ει.

2303 2662 2355 2714 5.
2397 2662 2551 2729 Quod
2577 2660 2871 2717 electorum
2902 2661 3116 2718 animus
3144 2659 3485 2718 solummodo
3517 2661 3589 2716 ab
3619 2659 3814 2716 inferni

2231 2750 2466 2806 claustra
2489 2751 2650 2816 eruit,
2676 2766 2784 2806 non
2807 2749 3180 2821 reproborum,
3206 2759 3428 2805 sanctus
3457 2750 3575 2821 ipse
3617 2747 3823 2822 Grego-

2229 2844 2345 2899 rius
2378 2844 2430 2898 in
2480 2845 2566 2900 his
2589 2843 2746 2899 dictis
2780 2841 3066 2912 moralium
3104 2841 3373 2912 loquitur:
3418 2857 3531 2897 non
3560 2842 3714 2896 enim
3755 2841 3822 2896 ab

2231 2934 2441 2990 inferno
2468 2937 2680 2990 rediens
2717 2935 2980 2990 Dominus
3029 2934 3231 2990 electos
3256 2934 3418 2989 simul
3453 2943 3513 2990 et
3555 2935 3827 3004 reprohos

2231 3031 2418 3097 traxit,
2453 3030 2546 3088 sed
2575 3030 2664 3086 ille
2691 3031 2884 3086 exinde
2911 3030 3090 3086 omnia
3121 3028 3397 3093 substulit,
3422 3043 3567 3099 quae
3597 3027 3709 3083 sibi
3743 3029 3826 3081 in-

2229 3121 2469 3178 haesisse
2496 3122 2806 3192 praescivit.
2839 3123 2942 3177 Per
2969 3122 3163 3177 Oscam
3197 3121 3518 3192 prophetam
3551 3119 3826 3174 Dominus

2228 3213 2360 3268 dicit
2387 3232 2399 3268 :
2423 3227 2518 3269 ero
2549 3229 2694 3268 mors
2721 3221 2837 3278 tua,
2860 3229 2894 3268 ο
2923 3228 3092 3276 mors,
3119 3227 3214 3267 ero
3241 3227 3456 3266 morsus
3484 3219 3622 3265 tuus
3654 3208 3823 3264 infer-

2226 3321 2313 3360 ne.
2339 3305 2490 3373 Quod
2514 3306 2656 3360 enim
2686 3305 2982 3360 occidimus
3010 3306 3219 3376 agimus
3240 3313 3299 3359 ut
3325 3304 3541 3375 penitus
3571 3320 3689 3360 non
3717 3304 3815 3370 sit;

2223 3410 2289 3450 ex
2328 3410 2394 3451 eo
2443 3395 2586 3450 enim
2615 3395 2760 3466 quod
2807 3397 3134 3459 mordemus,
3170 3401 3379 3466 partem
3433 3393 3817 3450 abstrahimus

2221 3499 2540 3562 partemque
2581 3491 2955 3562 relinquimus.
2999 3490 3135 3557 Quia
3170 3505 3297 3561 ergo
3346 3489 3400 3542 iu
3448 3489 3650 3543 electis
3705 3488 3818 3542 suis

2221 3581 2466 3638 funditus
2507 3583 2757 3638 dominus
2777 3583 2978 3638 occidit
3023 3590 3273 3649 mortem,
3306 3596 3454 3636 mors
3495 3581 3702 3635 mortis
3722 3595 3817 3634 ex-

2220 3675 2358 3730 stitit
2382 3693 2396 3740 ;
2422 3675 2547 3748 quia
2577 3691 2706 3730 vero
2735 3691 2801 3730 ex
2824 3675 3033 3730 inferno
3062 3683 3272 3746 partem
3299 3673 3521 3728 abstulit
3570 3682 3816 3743 partem-

2217 3784 2324 3840 que
2347 3770 2600 3840 reliquit,
2633 3786 2738 3824 non
2782 3770 2979 3825 occidit
3015 3761 3371 3832 funditussed
3403 3765 3712 3822 momordit
3737 3767 3814 3820 in-

2217 3862 2451 3918 fernum.
2484 3864 2624 3935 Ergo
2651 3863 2825 3933 inquit
2845 3879 2991 3918 mors
3021 3871 3111 3917 tua
3140 3877 3174 3916 ο
3201 3861 3422 3925 mors,i.
3445 3876 3497 3916 e.
3529 3861 3590 3915 in
3623 3860 3813 3914 electis

2216 3957 2419 4010 meiste
2457 3955 2699 4010 funditus
2722 3955 2950 4026 perimo.
2998 3954 3106 4009 Ero
3131 3969 3344 4009 morsus
3376 3961 3527 4018 tuus,
3566 3949 3804 4012 inferne,

2213 4046 2339 4117 quia
2361 4047 2589 4103 sublatis
2612 4048 2692 4103 eis
2719 4056 2772 4103 te
2795 4062 2862 4102 ex
2891 4055 3045 4119 parte
3074 4045 3354 4117 transligo.

2280 4163 2335 4218 4.
2376 4164 2528 4233 Quod
2551 4165 2724 4221 sancti
2748 4164 2838 4239 qui
2877 4179 3000 4219 cum
3049 4162 3270 4218 Christo
3297 4169 3664 4217 surrexerunt
3693 4160 3807 4242 glo-

2211 4254 2374 4330 riosa,
2396 4253 2430 4310 i.
2456 4269 2506 4310 e.
2541 4255 2804 4325 spiritalia
2823 4255 3063 4328 percepti
3093 4263 3484 4326 suutcorpora,
3502 4250 3692 4323 qualia
3707 4266 3810 4312 nos

2207 4355 2529 4416 excepturos
2553 4347 2606 4402 in
2627 4345 2807 4402 futura
2839 4346 3238 4406 resurrectione
3293 4352 3658 4416 expectamus
3687 4358 3808 4400 οιιι⁸

2206 4440 2290 4496 nis
2329 4437 2630 4494 catholicus
2669 4453 2775 4492 non
2830 4438 3054 4510 auihigit
3106 4437 3326 4492 credere
3350 4446 3403 4490 et
3443 4435 3799 4510 praedicare.

519 4499 609 4564 nis
639 4503 800 4568 homo
829 4506 1075 4578 quamvis
1106 4509 1338 4564 mundae
1375 4510 1742 4584 probataeque
1769 4514 1913 4570 vitae
1939 4515 2104 4571 fuerit

2226 4529 2342 4612 iam
2371 4531 2496 4592 dum
2527 4532 2592 4585 de
2637 4530 2749 4610 ipsa
2782 4532 3180 4594 resurrectione
3214 4528 3511 4600 Gregorius
3543 4529 3809 4584 beatissi—

519 4600 647 4650 ante
670 4595 956 4650 adventurm
1010 4599 1323 4655 mediatoris
1344 4599 1439 4655 Dei
1473 4611 1528 4656 et
1556 4605 1790 4664 hominis
1811 4607 1875 4659 ad
1908 4607 2103 4664 inferni

517 4682 752 4742 claustra
806 4688 1133 4746 descendere
1187 4692 1408 4750 dubium
1441 4709 1548 4748 non
1578 4704 1699 4758 est,
1735 4713 1899 4770 quum
1941 4701 2104 4762 homo

515 4779 607 4848 qui
635 4796 735 4856 per
764 4798 822 4839 se
847 4783 1061 4852 cecidit,
1088 4800 1185 4860 per
1214 4801 1272 4841 se
1292 4787 1358 4841 ad
1384 4789 1622 4856 paradisi
1649 4793 1889 4870 requiem
1928 4793 2102 4848 redire

515 4886 623 4926 non
648 4875 842 4946 potuit,
893 4875 998 4930 nisi
1029 4876 1236 4931 veniret
1293 4877 1381 4932 ille
1409 4880 1499 4954 qui
1540 4896 1671 4937 suae
1716 4883 2103 4940 incarnationis

511 4967 771 5036 mysterio
792 4965 1032 5038 ejusdem
1055 4967 1211 5022 nobis
1233 4970 1468 5038 paradisi
1514 4973 1617 5028 iter
1657 4975 1914 5044 aperiret.
1942 4975 2099 5031 Unde

511 5063 661 5110 recte
709 5057 899 5116 beatus
952 5056 1053 5115 Job
1091 5059 1374 5115 Dominum
1423 5064 1658 5131 postulat
1705 5065 1936 5124 dicens:
1974 5069 2097 5136 quis

507 5149 644 5204 mihi
670 5150 875 5206 tribuat
902 5165 961 5208 ut
983 5154 1198 5212 inferno
1228 5165 1480 5230 protegas
1504 5175 1613 5226 me,
1643 5159 1929 5215 Psalmista
1958 5177 2096 5238 quo-

506 5255 612 5309 que
641 5240 716 5296 ait
751 5261 762 5294 :
789 5243 1032 5316 eripuisti
1059 5248 1294 5302 animam
1313 5265 1489 5303 meam
1517 5266 1584 5304 ex
1614 5249 1828 5306 inferno
1860 5250 2089 5308 inferio-

505 5332 649 5386 ri.-—
671 5333 804 5392 Item
830 5336 973 5408 ipse:
1009 5337 1210 5395 Omnes
1233 5340 1387 5397 electi
1420 5343 1510 5412 qui
1551 5351 1676 5398 ante
1707 5344 2096 5404 adventumre-

503 5423 800 5496 demptoris
827 5429 996 5483 nostri
1021 5441 1282 5487 venerunt
1314 5435 1367 5488 in
1404 5435 1508 5490 hoc
1533 5435 1731 5492 mundo
1759 5441 2089 5507 quantumli-

499 5512 592 5568 bet
620 5516 1248 5592 virtutumjustitiaeque
1277 5526 1520 5591 aberent,
1553 5543 1584 5582 e
1612 5529 1929 5600 corporibus
1955 5533 2086 5586 edu-

499 5605 573 5658 cti
597 5606 650 5661 in
674 5608 797 5666 sinu
849 5613 1103 5669 coelestis
1134 5616 1340 5686 patriae
1387 5620 1572 5676 statim
1621 5621 1768 5676 nullo
1804 5622 1964 5678 modo
1987 5639 2082 5678 oo-

571 5726 598 5792 ξι
625 5713 796 5792 [dest
822 5722 1058 5790 haereses
1087 5740 1181 5782 seu
1207 5741 1440 5792 errores.

2206 4637 2328 4684 mus
2360 4629 2604 4680 sanctam
2651 4637 3026 4686 ronianensem
3079 4620 3364 4690 ecclesiam
3405 4621 3493 4675 vel
3525 4635 3626 4690 per
3679 4635 3806 4674 eam

2203 4714 2509 4788 universam
2548 4705 2857 4772 institueret
2877 4709 2944 4768 in
2975 4713 3167 4770 omelia
3189 4714 3360 4792 prima
3393 4712 3515 4768 libri
3571 4711 3809 4766 secundi

2201 4807 2275 4860 ita
2322 4805 2519 4868 all-stur
2547 4826 2558 4860 :
2592 4807 2755 4866 Forte
2796 4823 2825 4862 a
2853 4823 2911 4862 se
2943 4807 3141 4876 aliquis
3167 4807 3312 4862 dicat
3347 4830 3353 4834 -
3379 4805 3505 4876 jure
3539 4803 3808 4861 Christus

2202 4899 2439 4972 surrexit
2467 4899 2557 4969 qui
2580 4914 2701 4958 cum
2736 4899 2878 4954 Deus
2909 4909 3052 4955 esset
3086 4900 3259 4955 teneri
3303 4915 3333 4952 a
3365 4908 3538 4955 morte
3567 4914 3682 4954 non
3708 4914 3808 4970 po—

2201 4991 2303 5044 tuit
2330 5007 2345 5056 ;
2376 4991 2440 5046 ad
2473 4991 2844 5052 instruendam
2879 5008 3008 5062 ergo
3040 4991 3398 5062 ignorantiam
3425 5001 3700 5056 nostram,
3735 4992 3805 5044 ad

2199 5079 2655 5140 corroborandam
2691 5080 3061 5146 infirmitatem
3083 5090 3320 5146 nostram
3345 5097 3472 5135 suae
3497 5097 3801 5138 resurrec-

2198 5171 2361 5236 tionis
2383 5172 2689 5242 exeluplum
2738 5170 2983 5228 suilicere
3022 5173 3214 5240 noluit,
3251 5173 3396 5228 solus
3427 5174 3478 5227 in
3528 5173 3623 5228 illo
3658 5184 3807 5230 tem-

2196 5279 2328 5334 pore
2360 5273 2604 5320 mortuus
2633 5274 2715 5320 est
2742 5273 2796 5320 et
2826 5275 3005 5320 tamen
3055 5266 3202 5330 solus
3247 5266 3470 5340 minimc
3517 5268 3798 5322 surrexit.

2196 5354 2329 5409 Nam
2363 5358 2621 5428 scriptum
2657 5365 2781 5411 est:
2834 5357 3002 5411 multa
3041 5373 3268 5429 corpora
3303 5367 3618 5412 sanctorum
3650 5399 3666 5420 ,
3704 5360 3803 5429 qui

2195 5447 2528 5502 dormieraut
2578 5460 2972 5514 surrexerunt;
3032 5448 3218 5503 ahlata-
3261 5457 3385 5518 sunt
3413 5464 3545 5521 ergo
3597 5453 3802 5505 omnia

2192 5551 2509 5610 argumenta
2533 5541 2810 5610 perlidiae.
2856 5540 2932 5595 Ne
2959 5542 3080 5612 quis
3105 5542 3248 5595 enim
3295 5542 3436 5597 dicat
3465 5558 3704 5624 sperare
3731 5545 3801 5600 de

2189 5644 2248 5684 se
2277 5647 2380 5698 non
2407 5632 2567 5686 debet
2594 5634 2775 5697 homo,
2807 5633 2950 5703 quod
2980 5633 3034 5687 in
3061 5649 3225 5688 carne
3247 5650 3344 5698 Sua
3376 5635 3589 5701 exibuit
3614 5634 3795 5690 homo

571 5781 600 5822 δ
629 5781 762 5840 Neta
792 5781 1295 5867 marginivascripta
1310 5781 1506 5856 addit:
1536 5803 1627 5857 sed
1652 5821 1762 5858 esse
1802 5807 2074 5876 superiora
2103 5805 2298 5876 inferni
2329 5807 2466 5873 (ora,
2505 5809 2614 5864 alia
2643 5828 2752 5865 esse
2781 5813 3038 5886 inferiora
3063 5813 3377 5867 credendum
3406 5824 3502 5871 est.
