4060 6350
218 370 353 429 ηδτ

1238 364 1555 426 ASCARICI
1588 364 1680 423 ET
1716 362 2063 423 TUSAREDI
2096 360 2486 422 EMSTOLE.

3344 370 3485 429 £338

214 489 382 553 Deus,
411 492 540 543 eeee
567 495 690 540 eum
714 482 826 540 Dee
848 482 1099 543 homines
1146 483 1514 543 resurrexisse
1537 481 1794 552 eognobi-
1821 481 1877 541 Δ
1897 483 2313 535 resurrexemnt
2336 482 2391 534 et
2415 484 2781 547 apparuerunt
2802 475 2987 535 multis
3006 488 3061 535 et
3087 479 3316 549 ingressi
3352 495 3482 542 sunt

214 592 356 644 mus,
383 584 439 631 et
464 582 600 646 duos
627 588 794 646 puros
830 575 1077 633 homines
1103 589 1212 630 non
1240 575 1573 631 dubitamus.
1607 576 1665 630 Si
1695 576 1797 646 igi-

213 679 306 723 tur
322 667 566 729 membra
591 666 948 736 redemptoris
967 667 1138 722 nostri
1156 681 1370 733 sumus,
1386 681 1795 738 praesumamus

213 764 269 818 in
300 761 459 816 nubis
480 759 623 831 quod
652 768 863 830 gestum
891 768 1105 818 constat
1148 760 1203 815 in
1228 761 1406 831 capite
1430 776 1447 826 ;
1491 762 1537 819 si
1566 760 1795 817 multum

212 872 313 912 nos
342 856 640 927 abiecimus
673 870 892 926 sperare
946 854 1204 911 debemus
1227 846 1467 911 in’nobis
1501 872 1601 911 nos
1626 858 1797 912 mem-

210 951 313 1005 bra
337 951 525 1005 ultima
552 948 695 1020 quod
734 951 800 1005 de
841 949 1101 1005 membris
1136 951 1253 1020 eius
1297 950 1671 1020 superioribus
1701 968 1795 1005 au-

213 1042 468 1096 divimus.
518 1040 663 1097 Haec
696 1047 821 1097 sunt
866 1041 1009 1097 illius
1050 1043 1378 1097 sanctissimi
1425 1044 1612 1098 verba.
1656 1043 1795 1098 Dum

212 1134 347 1189 dicit
367 1151 465 1190 nos
496 1136 738 1189 membra
766 1133 952 1189 ultima
1002 1135 1157 1189 talem
1192 1150 1410 1205 sperare
1440 1138 1797 1191 resurrectio-

211 1243 339 1282 nem
364 1228 576 1297 qualem
605 1227 973 1282 habueruntet
996 1226 1092 1291 illi,
1118 1234 1302 1297 aperte
1325 1242 1422 1282 nos
1446 1228 1665 1283 instruit
1682 1227 1797 1298 glo-

211 1320 415 1375 riosam
468 1320 588 1374 illos
619 1319 658 1373 i.
707 1334 757 1374 e.
807 1320 1140 1389 spiritualem
1196 1320 1496 1391 suscepisse
1550 1336 1791 1386 carnem,

214 1412 431 1482 qualem
467 1412 520 1466 in
552 1410 733 1465 futuro
767 1427 865 1466 nos
903 1414 1175 1483 accepturi
1210 1413 1433 1467 erimus.
1488 1412 1604 1467 Non
1647 1414 1794 1467 enim

212 1505 303 1559 ille
332 1506 432 1560 nisi
460 1504 525 1560 de
553 1504 731 1559 futura
763 1506 1087 1576 loquebatur
1110 1506 1530 1561 resurrectione.

283 1594 337 1649 Β.
373 1594 509 1662 Quia
537 1594 835 1665 glorificata
860 1595 1074 1650 illorum
1117 1603 1429 1652 sanctorum
1458 1637 1473 1661 ,
1512 1597 1577 1652 de
1599 1597 1797 1666 quibus

211 1686 441 1755 agimus,
487 1698 841 1742 surrexerunt
893 1701 1121 1755 corpora
1169 1688 1223 1741 in
1265 1687 1486 1741 oracula
1533 1681 1796 1759 septimae

212 1778 423 1833 sabbati
473 1779 575 1833 hoc
604 1780 853 1835 tubarum
899 1782 1132 1850 paschae
1176 1782 1246 1836 ita
1284 1781 1477 1838 aﬂatus
1507 1791 1591 1838 est
1619 1800 1630 1837 ;
1659 1783 1793 1839 San-

1901 576 2146 626 sanctam
2201 570 2497 633 civitatem.
2552 568 2750 627 lllams
2805 569 3083 641 apostolus
3133 573 3263 631 dicit
3295 594 3309 630 :
3341 591 3483 646 quae

1898 676 2088 718 verum
2109 676 2327 718 sursum
2345 668 2429 720 est
2449 660 2787 721 Jberusalem
2811 662 2980 723 libera
3003 672 3104 731 est,
3135 680 3281 735 quae
3308 675 3485 725 mater

1898 753 2141 809 omnium
2169 761 2501 817 nostrorum.
2528 754 2681 811 Unde
2700 764 2754 811 et
2774 753 2878 812 Ose
2913 757 3177 827 propheta
3202 773 3268 815 ex
3288 774 3480 830 perso-

1898 862 1969 902 na
1998 861 2185 902 eorum
2210 847 2341 903 dicit
2370 866 2384 900 :
2414 848 2627 904 sanavit
2653 864 2749 903 nos
2771 856 2894 919 post
2915 849 3161 917 biduum,
3185 850 3274 907 dle
3291 868 3481 911 verum

1899 938 2056 993 tertia
2085 940 2416 1011 resurgimus
2444 948 2500 995 et
2514 940 2747 997 vibimus
2773 941 2827 996 in
2848 952 3141 1013 conspectu
3164 942 3303 1012 ejus.

1972 1030 2023 1084 7.
2057 1032 2133 1086 De
2160 1033 2348 1087 eadem
2373 1030 2713 1088 Jherusalem
2754 1042 2814 1088 ut
2841 1043 3075 1104 utraque
3116 1035 3488 1107 intelligamus

1897 1122 2187 1178 coelestem
2212 1133 2375 1191 atque
2427 1132 2717 1197 terrenam.
2766 1126 2840 1181 De
2869 1125 2954 1183 his
2984 1135 3204 1185 sanctus
3240 1125 3490 1185 iheroni-

1900 1229 2022 1267 mus
2046 1212 2448 1271 bethlemiticae
2495 1214 2758 1271 ecclesiae
2786 1216 2976 1275 doctor
3008 1228 3064 1273 et
3105 1219 3391 1289 presbyter
3426 1219 3482 1274 in

1898 1301 2039 1361 libro
2090 1314 2285 1372 quarto
2327 1306 2785 1365 comentariorum
2839 1307 3143 1377 expositum
3186 1308 3486 1372 secundum

1900 1395 2231 1450 Matthaeum
2269 1398 2344 1452 ita
2385 1407 2475 1469 ayt
2507 1418 2519 1453 :
2556 1397 2813 1454 Sanctam
2837 1401 3135 1465 civitatem,
3164 1401 3219 1459 in
3247 1417 3354 1471 qua
3380 1400 3486 1457 visi

1900 1496 2027 1543 sunt
2065 1500 2415 1560 resurgentes
2441 1502 2534 1549 aut
2562 1490 2862 1551 Jerusalem
2892 1492 3181 1553 coelestem
3212 1494 3483 1565 intelliga-

1900 1597 2044 1647 mus,
2077 1592 2171 1643 aut
2209 1584 2349 1641 hanc
2366 1593 2648 1655 terrenam
2701 1600 2841 1656 quae
2879 1593 3005 1641 ante
3052 1594 3241 1645 Sancta
3283 1586 3482 1652 fuerat,

1900 1689 2041 1743 quae
2062 1673 2131 1733 ob
2178 1674 2233 1733 id
2263 1684 2448 1731 sancta
2477 1675 2865 1746 appellabatur,
2894 1685 3114 1748 propter
3142 1675 3402 1746 templum
3430 1684 3488 1741 et

1902 1775 2149 1823 sanctum
2181 1778 2510 1824 sanctorum.
2540 1768 2691 1836 Quod
2716 1778 2897 1831 autem
2924 1771 3053 1827 dicit
3080 1789 3098 1823 ι
3119 1777 3485 1840 apparuerunt

211 1881 423 1926 ciorum
459 1886 685 1941 corpora
715 1873 983 1928 vivincma
1022 1882 1355 1943 consurgunt
1392 1892 1405 1929 :
1438 1874 1787 1941 abitaculum,
1820 1877 1870 1937 Β
1902 1866 2139 1931 multis,»
2172 1867 2476 1922 ostenditur
2504 1860 2612 1937 hon
2640 1866 2909 1939 generalis
2947 1866 3113 1923 fuisse
3156 1866 3484 1925 resurrectio

212 1965 357 2034 quod
404 1965 675 2035 paulisper
718 1966 963 2036 jacuerat
1013 1972 1183 2040 surgit
1235 1971 1490 2042 gloriosa.
1543 1970 1681 2027 Item
1733 1975 1788 2030 in

212 2055 398 2109 eadem
426 2056 724 2113 ebdomada
763 2068 955 2129 quarta
982 2062 1189 2116 sabbati
1216 2080 1228 2115 :
1274 2063 1415 2118 sicut
1437 2064 1567 2118 olim
1594 2073 1647 2119 te
1676 2081 1793 2121 mo-

215 2147 391 2202 riente
422 2158 632 2204 mortua
663 2166 891 2222 corpora
918 2162 1292 2218 surrexerunt,
1341 2156 1413 2211 ita
1439 2157 1657 2211 nuncin
1689 2157 1794 2213 hac

122 2250 139 2263 ‘
214 2240 629 2295 resurrectionis
667 2250 790 2297 tuae
835 2242 1166 2309 festivitate;
1198 2245 1392 2315 sepulti
1420 2246 1473 2300 in
1514 2255 1794 2303 aeternam

213 2330 455 2397 requiem
484 2331 884 2399 transferuntur
908 2345 960 2389 et
982 2335 1027 2390 si
1052 2350 1279 2405 corpora
1305 2347 1659 2403 surrexerunt
1685 2355 1792 2410 qua

212 2418 393 2477 fronte
441 2433 500 2478 ut
531 2426 668 2495 aytis
698 2427 908 2481 animas
943 2414 1203 2482 adserunt
1234 2430 1616 2495 resurrexisse,
1667 2431 1794 2485 dum

214 2514 394 2569 anima
426 2517 726 2593 substantia
756 2519 1020 2597 spiritalis
1048 2520 1120 2574 sit
1145 2529 1200 2585 et
1222 2519 1557 2599 ipcqrporea.
1600 2521 1709 2597 Aut
1747 2522 1794 2595 si

214 2619 442 2674 corpora
471 2617 525 2663 et
572 2625 679 2664 non
708 2610 1007 2680 gloriﬁcata
1055 2621 1428 2677 surrexerunt,
1466 2614 1698 2684 qualiter
1730 2629 1795 2670 ca

214 2694 461 2751 adstruat
506 2698 700 2753 iterum
735 2709 793 2753 ut
841 2700 1106 2756 Lazarum
1150 2703 1494 2757 moriturum.
1548 2702 1701 2771 Sicut
1728 2704 1795 2760 ad

212 2790 320 2844 hoc
348 2789 400 2843 in
438 2792 626 2845 eadem
660 2794 958 2849 ebdomada
985 2804 1134 2850 sexta
1160 2796 1369 2871 sabbati
1398 2798 1463 2852 de
1487 2798 1662 2868 ipsum
1690 2814 1799 2855 me-

213 2882 373 2938 minit
409 2886 500 2955 qui
523 2886 645 2940 dam
664 2886 775 2956 jam
804 2887 946 2943 dicta
968 2929 981 2953 ,
1012 2888 1245 2959 gloriosa
1274 2886 1543 2944 vibiﬁcata
1569 2906 1797 2961 corpora

211 2976 526 3047 perenniter
571 2988 943 3049 regnaturum,
973 2993 1162 3035 eorum
1194 2996 1407 3057 quoque
1457 2981 1801 3053 suifragantiq

216 3066 319 3122 bus
343 3069 549 3124 meritis
575 3070 666 3139 qui
704 3086 824 3124 cum
857 3069 1019 3125 unico
1066 3070 1177 3125 tilio
1209 3078 1301 3127 tuo
1340 3072 1442 3127 sibi
1484 3081 1798 3139 meruerunt

215 3173 501 3230 resurgere
523 3161 587 3216 de
625 3161 885 3231 sepulcris
910 3165 1197 3218 concordia
1222 3164 1275 3218 in
1306 3164 1460 3221 nobis
1502 3166 1682 3236 vigeat
1708 3183 1797 3222 ca-

1897 1974 2036 2028 quae
2066 1960 2319 2015 omnibus
2360 1968 2668 2031 appareret,
2701 1959 2796 2015 sed
2833 1960 3081 2030 specialis
3109 1960 3179 2016 ad
3222 1960 3487 2030 plurimos

1896 2060 1959 2106 ut
1985 2053 2020 2106 ii
2066 2051 2311 2107 viderent
2354 2052 2445 2121 qui
2476 2056 2702 2107 cernere
2734 2054 3102 2108 merebantur.
3154 2050 3299 2107 Haec
3348 2058 3483 2106 sunt

1897 2145 2042 2201 dicta
2071 2145 2214 2203 beati
2242 2144 2557 2200 Jheronimi.
2591 2144 2767 2212 Quum
2796 2160 2925 2215 ergo
2948 2146 3001 2200 in
3025 2154 3257 2214 utraque
3284 2142 3475 2199 Jberu—

1898 2238 2070 2293 salem
2101 2252 2200 2292 nos
2220 2236 2520 2305 intelligere
2550 2236 2741 2291 maluit
2774 2237 2987 2293 visuros
3018 2246 3291 2297 terrenam
3315 2243 3479 2303 atque

1899 2330 2211 2394 coelestem,
2238 2346 2337 2384 cur
2364 2331 2451 2385 isti
2494 2331 2853 2385 contemtiose
2898 2330 3186 2384 coelestem
3220 2329 3339 2383 illos
3392 2344 3482 2383 ne-

1901 2429 2029 2494 gant
2063 2422 2398 2476 ascendere?
2434 2419 2783 2491 Nequaquam
2807 2422 2951 2475 enim
2994 2429 3055 2476 ut
3080 2420 3369 2476 coelestem
3400 2420 3481 2474 in-

1874 2506 2267 2587 'telligeremus
2290 2514 2519 2580 diceret,
2570 2513 2615 2567 si
2667 2512 2722 2579 in
2745 2511 3047 2599 glorificata
3100 2528 3265 2593 carne
3285 2528 3378 2568 eos
3408 2527 3487 2568 re-

1901 2606 2210 2670 surrexisse
2245 2613 2488 2678 negaret.

1972 2700 2025 2753 8.
2058 2698 2211 2767 Quod
2250 2715 2357 2752 non
2398 2712 2589 2754 omnes
2619 2699 2790 2755 sancti
2820 2713 2957 2769 quos
3008 2699 3075 2754 ab
3111 2696 3313 2754 inferni
3343 2688 3489 2754 clau-

1897 2792 2027 2846 stris
2043 2792 2183 2846 eruit
2202 2791 2451 2847 Christus
2474 2792 2526 2845 in
2552 2807 2715 2857 carne
2742 2798 3179 2855 resurrexerunt,
3204 2790 3298 2847 sed
3324 2789 3478 2846 multi

1897 2890 1959 2939 ut
2005 2890 2251 2943 sanctum
2309 2882 2647 2953 evangelium
2688 2891 2795 2954 ayt.
2846 2882 3166 2938 Ambrosius
3230 2896 3489 2951 praecep-

1902 2980 1990 3027 tor
2023 2973 2312 3047 Augustini
2343 2974 2397 3035 in
2421 2975 2669 3035 docmate
2692 2974 2897 3030 Christi
2924 2975 2977 3029 in
3008 2973 3259 3033 homeliis
3280 2988 3493 3028 exame-

1904 3082 2005 3122 ron
2030 3068 2104 3122 ita
2131 3067 2371 3137 loquitur
2398 3082 2411 3119 :
2442 3066 2577 3121 Pars
2608 3067 2873 3137 quaedam
2904 3067 3248 3135 antiquorum
3274 3074 3491 3135 patrum

1904 3177 2029 3216 cum
2060 3159 2278 3215 Christo
2306 3160 2359 3214 in
2392 3176 2555 3214 carne
2582 3160 2819 3231 resurgit
2847 3201 2862 3225 ,
2892 3167 2953 3214 ut
2979 3167 3165 3214 nostra
3188 3158 3494 3214 'resurectio

211 3250 398 3307 rltatis
422 3262 477 3307 et
497 3254 540 3308 si
568 3269 666 3324 pro
694 3256 853 3309 nobis
877 3255 1244 3327 suﬂragantur
1260 3264 1315 3310 et
1348 3273 1379 3310 a
1400 3272 1509 3325 quo
1532 3264 1658 3311 sunt
1677 3273 1796 3313 sus-
1821 3253 1869 3317 ϐ
1900 3255 2105 3321 absque
2121 3251 2476 3321 ambiguitate
2502 3250 2755 3309 veniente
2780 3250 2977 3309 iterum
3008 3249 3103 3307 illo
3122 3249 3353 3311 abanter
3373 3263 3493 3319 spe-

217 3346 391 3410 eitati,
408 3362 577 3416 quare
588 3363 694 3403 non
710 3348 1276 3418 erubescuntimprobi
1307 3348 1487 3403 dicere
1508 3364 1601 3403 eos
1622 3360 1798 3406 morte

215 3438 455 3493 secunda
492 3441 777 3509 gustasse?

291 3527 342 3581 6.
383 3527 515 3595 Quia
538 3528 836 3601 Jerusalem
862 3532 954 3611 ubi
1000 3530 1101 3585 visi
1125 3538 1249 3586 sunt
1281 3530 1360 3597 bi,
1391 3530 1625 3621 quicum
1648 3530 1801 3597 Chri-

214 3628 303 3679 sto
328 3629 748 3683 assurrexerunt
768 3621 1057 3684 caelestem
1088 3621 1231 3679 illam
1258 3621 1515 3684 debemus
1540 3622 1801 3693 intellige-

214 3710 380 3773 reJn
405 3712 593 3771 eadem
638 3714 814 3777 adhuc
834 3713 947 3791 jam
978 3722 1331 3779 memoratam
1361 3716 1718 3773 ebdomadam
1745 3717 1800 3771 in

214 3802 380 3867 tertia
428 3803 639 3865 sabbati
669 3804 809 3866 sicut
835 3805 1087 3875 superius
1131 3807 1243 3862 dixi
1275 3806 1329 3875 in
1358 3807 1579 3873 oracula
1620 3822 1682 3874 ea
1710 3824 1804 3879 pe-

217 3892 341 3950 titio
370 3911 509 3966 quae
534 3912 633 3967 pro
659 3898 905 3952 oratione
934 3898 1205 3961 dominica
1230 3899 1427 3963 dicitur
1461 3900 1540 3955 sic
1564 3900 1798 3981 affatur:

216 3987 290 4049 ad
350 3988 648 4053 terribilem
679 3998 897 4058 tropum
950 3991 1142 4055 altaris
1187 4007 1350 4055 cursu
1399 3995 1610 4055 concito
1650 4002 1805 4063 pater

215 4080 557 4148 omnipotens
578 4088 933 4153 properantes
954 4097 1208 4161 rogamus
1228 4090 1288 4136 ut
1312 4084 1553 4149 omnium
1579 4094 1801 4157 peccata

216 4169 472 4225 labentur
504 4179 557 4227 et
586 4173 641 4227 in
666 4172 1033 4243 indulgentiali
1057 4184 1291 4245 ungento
1312 4192 1434 4241 esse
1452 4177 1803 4239 ecclesiastici

214 4265 463 4334 corporis
488 4265 804 4331 solidentur.
838 4268 955 4337 Quo
984 4270 1254 4339 possimus
1278 4272 1482 4326 nostris
1502 4286 1623 4326 cum
1649 4288 1807 4341 rena-

213 4355 293 4411 tis
329 4354 621 4421 infantibus
654 4358 921 4428 respirare
939 4366 993 4415 et
1016 4376 1139 4421 cum
1177 4361 1404 4418 mortuis
1450 4363 1723 4429 suscitatis
1751 4364 1806 4433 in

214 4442 554 4503 Jherusalem
568 4451 855 4505 coelestem
876 4452 1224 4507 medullatum
1250 4462 1526 4521 portantes
1544 4455 1807 4510 sacrificia

213 4537 469 4597 introire.
493 4572 563 4581 —
590 4541 725 4597 Item
766 4544 1112 4613 beatissimus
1140 4546 1466 4621 Heronimus
1500 4548 1555 4613 in
1579 4548 1803 4620 epistola

1902 3352 2075 3397 τρῑιπ.

1972 3438 2027 3493 9.
2052 3437 2128 3491 De
2157 3452 2221 3491 eo
2265 3436 2408 3505 quod
2457 3436 2511 3489 in
2542 3433 2879 3509 apocalipsin
2911 3434 3109 3488 dicitur
3134 3434 3271 3488 haec
3315 3448 3493 3488 resur-

1902 3530 2073 3586 rectio
2106 3528 2281 3601 prima
2326 3537 2380 3583 et
2415 3536 2613 3597 cetera.
2659 3525 3008 3597 Jheronimus
3040 3526 3493 3598 Victorianusque

1904 3621 1979 3675 ita
2003 3627 2172 3692 ayunt
2200 3637 2213 3673 :
2247 3617 2566 3673 Resurectio
2602 3618 2778 3688 prima
2821 3632 2965 3671 nunc
2992 3623 3077 3671 est
3121 3631 3220 3686 per
3245 3615 3405 3671 ﬁdem
3438 3616 3494 3669 in

1903 3713 2083 3768 anima
2109 3728 2233 3775 cum
2262 3726 2366 3782 qua
2410 3710 2722 3779 pervenitur
2756 3709 2822 3771 ad
2850 3708 3181 3781 baptismum
3212 3708 3494 3764 absolutus

1906 3808 1972 3861 ab
2005 3803 2256 3875 originali
2310 3810 2535 3873 peccato
2571 3802 2827 3857 introitus
2876 3800 2931 3855 in
2964 3817 3187 3871 regnum
3220 3801 3333 3856 Dei.
3386 3799 3494 3857 Re-

1905 3913 2069 3969 gnum
2107 3898 2293 3966 utique
2324 3911 2432 3961 non
2459 3894 2633 3951 solum
2663 3893 2795 3971 illud
2823 3893 2967 3963 quod
3016 3891 3133 3948 sine
3166 3891 3269 3947 line
3294 3907 3487 3973 perpe-

1904 3996 2057 4042 tuum
2088 3987 2290 4042 sanctis
2312 3988 2434 4051 erit,
2467 3988 2559 4041 sed
2580 3995 2634 4045 et
2659 4001 2803 4041 nunc
2830 3985 2883 4039 in
2912 4000 3020 4055 quo
3048 3983 3299 4049 Christus
3328 3984 3383 4049 in
3407 4000 3491 4041 ec-

1906 4077 2069 4132 clesia
2099 4076 2360 4132 catholica
2396 4084 2605 4146 regnat.
2659 4076 2809 4143 Quae
2840 4076 3168 4131 resurrectio
3215 4091 3321 4132 non
3370 4091 3493 4159 per-

1906 4171 2075 4225 mittit
2124 4170 2373 4224 homines
2410 4170 2641 4223 transire
2669 4169 2737 4225 ad
2794 4176 3024 4227 mortem
3074 4168 3387 4224 secundam.
3420 4166 3496 4220 De

1907 4262 2010 4315 hac
2059 4259 2451 4333 resurrectione
2501 4260 2632 4333 dicit
2671 4258 3059 4331 apostoluszsi
3120 4257 3496 4313 resurrexistis

1907 4368 2030 4407 cum
2056 4353 2293 4417 Christo,
2320 4366 2458 4422 quae
2482 4367 2695 4406 sursum
2721 4360 2847 4406 sunt
2870 4350 3138 4420 quaerite.
3192 4341 3197 4345 ’
3350 4336 3355 4341 ’

1980 4442 2067 4497 10.
2120 4442 2199 4497 Illi
2232 4458 2383 4508 vero,
2441 4443 2533 4513 qui
2569 4440 2948 4515 contradicunt
3001 4440 3285 4496 dicentes:
3335 4455 3496 4496 nemo

1909 4535 2222 4590 ascenditin
2253 4534 2483 4599 coelum,
2515 4534 2618 4588 nisi
2646 4534 2735 4602 qui
2764 4532 3042 4591 descendit
3076 4534 3143 4590 de
3170 4533 3322 4597 coelo
3348 4532 3493 4597 (ilius

216 4632 289 4685 ad
322 4632 634 4688 Eliodorum
666 4651 766 4705 pro
789 4644 963 4690 morte
986 4635 1267 4706 Nepotiani
1297 4620 1617 4709 presbyteri,
1659 4656 1798 4709 quae
1826 4620 1881 4682 Ῑ)
1903 4624 2158 4693 hominis,
2187 4624 2576 4697 legamlibrum
2607 4624 2751 4678 beati
2778 4621 2977 4679 Jllliani
3004 4641 3109 4689 non
3136 4625 3370 4709 Ροιῐξθΐίί
3396 4626 3493 4681 8θά

216 4730 278 4778 ει
298 4723 553 4793 epimﬁon
578 4734 821 4790 vocatur,
871 4728 1012 4799 inm.
1038 4727 1142 4801 alia
1164 4727 1318 4799 plum
1342 4728 1421 4787 sic
1440 4743 1600 4799 ριιευξ
1620 4738 1703 4807 ps";
1727 4730 1813 4783 (ιί-
1907 4719 2147 4772 Toletani
2177 4719 2268 4787 qui
2316 4719 2585 4772 vocitatur
2612 4719 2957 4783 anticimena,
2990 4719 3082 4789 qui
3131 4729 3377 4791 patratus
3405 4729 3491 4796 est

218 4825 349 4866 cere
379 4829 392 4865 :
421 4811 583 4867 Multa
620 4830 848 4885 corpora
876 4826 1188 4871 sanctorum
1213 4818 1598 4873 dormientium
1628 4836 1809 4874 resur-

220 4914 481 4959 rexerunt
501 4914 554 4962 et
570 4917 934 4987 apparuerunt
960 4909 1011 4979 in
1028 4918 1272 4969 sanctum
1289 4906 1626 4981 Jherqsalem
1644 4912 1813 4973 coele-

223 5005 383 5065 stem;
415 5008 469 5055 et
489 5008 618 5054 tunc
644 5000 920 5068 impletum
942 5008 1026 5054 cst
1052 4999 1181 5054 illud
1202 5000 1472 5072 eulogium
1496 5020 1507 5055 :
1533 5019 1693 5073 surge
1714 5005 1807 5073 qui

225 5090 432 5145 dormis
480 5099 535 5145 et
565 5089 905 5145 inluminabit
949 5098 1001 5145 te
1047 5091 1314 5147 Christus.
1368 5092 1562 5147 Patent
1607 5103 1660 5147 et
1701 5095 1803 5148 alia

221 5181 381 5251 plura
412 5182 747 5237 diversorum
785 5184 1063 5239 doctorum
1102 5184 1168 5240 de
1200 5185 1300 5239 hac
1347 5200 1425 5250 re,
1468 5201 1606 5255 quae
1642 5191 1803 5241 modo

222 5292 334 5331 non
359 5286 486 5333 sunt
534 5276 711 5335 adlata
737 5278 938 5345 nostris
985 5280 1383 5349 conspectibus.
1420 5277 1523 5333 Sed
1557 5294 1617 5333 ea
1665 5294 1802 5359 quae

225 5368 296 5423 ab
319 5383 575 5439 praesens
602 5371 936 5441 repperimus
964 5410 978 5435 ,
1011 5370 1055 5426 si
1079 5379 1133 5425 et
1168 5386 1338 5440 pauca
1369 5368 1507 5425 aduc
1560 5372 1805 5427 testimo-

224 5460 317 5513 nia
347 5460 725 5532 proferamus;
754 5460 945 5515 beatus
989 5459 1216 5525 Ruﬁnus
1258 5461 1542 5533 presbyter
1573 5462 1626 5515 in
1656 5478 1805 5516 com-

224 5552 515 5607 mentariis
549 5554 662 5610 suis
683 5553 928 5623 exposito
972 5552 1039 5607 de
1071 5552 1313 5623 symbolo
1366 5553 1440 5609 ita
1470 5554 1609 5613 inter
1649 5554 1800 5623 plura

224 5643 469 5711 loquitur
501 5663 515 5698 :
546 5644 719 5711 Quum
742 5645 990 5709 Christus
1020 5644 1258 5700 surrexit
1280 5653 1623 5701 monumenta
1655 5662 1804 5718 aper-

225 5744 283 5791 ta
315 5742 461 5800 sunt,
510 5744 566 5789 et
594 5738 759 5791 multa
789 5752 1020 5806 corpora
1069 5745 1383 5792 sanctorum
1420 5738 1803 5795 dormientium
1840 5738 1879 5762 "

1910 4816 1975 4869 de
2012 4815 2096 4868 his
2122 4815 2285 4868 rebus
2308 4827 2448 4891 quae
2472 4814 2745 4867 contraria
2782 4813 2836 4867 in
2870 4812 3167 4891 Scripturis
3214 4820 3494 4879 resonant,

1911 4912 2007 4966 sed
2030 4926 2136 4964 non
2158 4908 2427 4964 contraria
2458 4907 2525 4962 ab
2549 4909 2634 4963 his
2657 4909 2749 4977 qui
2779 4908 2925 4979 vigili
2951 4924 3113 4963 sensu
3133 4904 3495 4978 Scripturam,

1908 5006 1953 5075 si
1969 5002 2534 5074 mundaminquirunt,
2557 5000 2905 5073 intelligenda
2925 5010 3072 5067 sunt,
3086 5002 3227 5056 sicut
3241 5000 3497 5071 sumplu-

1907 5113 2074 5167 raque
2102 5097 2223 5152 istis
2244 5095 2375 5151 latet
2392 5103 2478 5159 ;et
2494 5104 2621 5150 tunc
2638 5102 2817 5155 tacere
2856 5095 3110 5163 studeant
3138 5103 3316 5157 etnon
3341 5093 3491 5165 loqui

1907 5205 2047 5259 quae
2074 5184 2481 5247 nesciunt.—Si
2499 5186 2827 5240 anticimena
2850 5186 3003 5240 abest
3024 5194 3249 5239 currant
3268 5186 3335 5239 ad
3349 5186 3494 5263 Agu—

1919 5284 2122 5339 stinum
2155 5289 2209 5335 et
2232 5280 2408 5350 ipsum
2442 5279 2717 5347 inquirant
2740 5278 2796 5345 in
2817 5277 2956 5343 libro
2997 5275 3353 5351 homeliarum
3376 5283 3498 5349 cata

1911 5374 2232 5441 Jhoannem,
2252 5373 2493 5443 etipsum
2512 5372 2655 5425 hunc
2677 5372 2853 5437 locum
2870 5370 3495 5443 audiantexplorantem.

1912 5469 2057 5524 Dicit
2081 5468 2227 5523 enim
2262 5484 2274 5520 :
2304 5442 2372 5521 ne
2408 5480 2512 5533 qua
2545 5463 2767 5518 territus
2796 5462 2849 5529 in
2881 5442 2993 5519 Deo
3040 5463 3351 5527 sentiretur,
3370 5458 3494 5537 ideo
3556 5442 3561 5457 ί

1856 5590 1865 5599 ·
1913 5564 2112 5621 dixisse
2135 5560 2409 5623 Christum
2438 5558 2734 5622 credimus,
2755 5572 2914 5611 nemo
2942 5556 3185 5625 ascendit
3207 5555 3262 5609 in
3285 5554 3498 5609 coelum

1913 5656 2016 5711 nisi
2037 5656 2140 5726 .qui
2178 5652 2457 5710 descendit
2502 5652 2568 5707 de
2596 5649 2746 5709 coelo
2790 5649 3024 5705 hominis
3054 5647 3301 5704 videlicet
3342 5644 3500 5703 Cbrl—
3544 5718 3552 5734 ,Α

1912 5753 2029 5801 stus
2052 5745 2183 5799 deus
2203 5751 2258 5799 et
2281 5743 2443 5797 homo
2468 5757 2573 5795 una
2602 5755 2853 5815 persona.
2887 5738 2943 5793 Si
2968 5740 3089 5807 quis
3106 5754 3238 5794 vero
3260 5738 3492 5809 amplius

300 5864 328 5894 ι
354 5850 415 5908 In
436 5852 679 5921 margine
690 5866 851 5907 manu
870 5852 1184 5924 posterioris
1207 5854 1401 5910 aetatis
1416 5855 1655 5912 additum
1674 5864 1758 5911 est
1776 5872 1790 5911 :
1830 5855 1943 5914 sine
1960 5856 2119 5913 dubio
2138 5858 2376 5929 ingressu
2396 5865 2634 5912 sanctam
2654 5856 2913 5910 civitatem
2937 5854 3001 5907 de
3022 5870 3148 5912 qua.
