4060 6350
1306 310 1643 372 ιυρριειι.
1676 312 1775 372 Δ.
1808 310 2182 373 AMORIS
2212 310 2496 376 man
2526 317 2697 380 ΔΙΠ
2728 320 2909 382 uc.
2946 319 3081 381 Vill.

557 449 683 494 cum
729 432 974 499 om,
1016 446 1115 505 per
1145 418 3831 521 quosseismaeterestinlieoiesiaAtersntisgredi,qlianeedumilievuaeratquiinierni

556 529 822 594 oriuntur,
854 527 1044 598 sicque
1063 526 1131 583 ad
1160 539 1414 582 mannam
1440 528 1831 584 comedendum
1853 528 2133 584 accedant.

556 621 691 681 Nam
718 633 775 681 et
821 622 1010 680 eadem
1038 637 1233 678 manna
1272 637 1380 678 non
1418 621 1538 694 plus
1578 622 1757 696 colligi
1781 622 2135 695 praecipitur,

555 735 721 793 quam
749 719 891 791 quod
916 717 1219 783 sufﬁceret,
1244 716 1291 773 si
1328 715 1456 788 quid
1483 715 1810 788 superﬂuum
1840 717 2138 787 reponeba-

554 819 647 867 tur
688 811 962 865 vermibus
1009 807 1288 864 bulliebat.
1333 807 1637 880 lnteiligant
1683 823 1826 879 quae
1867 808 2131 873 dicimus;

556 918 657 958 nos
684 916 815 956 vero
842 914 947 955 non
975 906 1192 969 oportet
1248 898 1463 953 illorum
1513 899 1667 969 sequi
1704 898 1921 954 vesania
1955 898 2047 968 qui
2079 898 2135 952 in

553 992 839 1050 ecclesiam
876 1005 976 1061 per
1009 990 1206 1046 scisma
1247 999 1303 1046 et
1338 991 1729 1047 contemtiones
1778 991 2013 1046 inaniter
2057 989 2135 1043 la-

552 1086 746 1143 borant
786 1083 984 1140 sciolos
1008 1100 1068 1140 se
1096 1082 1389 1151 aliectnrae
1423 1085 1703 1156 cupientes
1726 1085 1822 1141 sed
1860 1084 2135 1140 declinare

551 1185 606 1234 et
654 1175 748 1232 ubi
799 1176 1014 1232 illorum
1063 1176 1582 1247 interrogationibus
1630 1191 1738 1232 non
1785 1176 2041 1233 debemus
2078 1177 2132 1232 in

549 1268 749 1325 astutia
773 1262 950 1339 lietque
971 1267 1279 1323 adulterare
1304 1268 1527 1324 verbum
1548 1267 1667 1334 Dei,
1698 1268 1795 1323 sed
1823 1267 1968 1338 loqui
1994 1269 2132 1324 scita

548 1361 607 1419 in
641 1360 1084 1419 manifestatione
1110 1362 1395 1426 veritatis,
1434 1361 1644 1417 nescita
1678 1360 1985 1431 relinquere
2008 1361 2135 1434 Spi-

547 1451 678 1509 ritui
700 1460 918 1519 sancto,
954 1459 1014 1507 ut
1043 1449 1200 1520 juxta
1228 1451 1460 1524 Esayam
1499 1465 1671 1521 usque
1699 1460 1919 1508 nostrae
1956 1452 2133 1509 ﬁdelis

546 1545 658 1601 sint
692 1553 754 1600 ut
779 1559 963 1617 regem
988 1551 1231 1601 nostrum
1264 1543 1449 1599 videre
1478 1545 1532 1600 in
1567 1543 1763 1601 decore
1801 1560 2127 1602 mereamur.

618 1635 715 1691 [iis
744 1634 1007 1707 praefatis
1035 1635 1162 1707 quia
1192 1634 1263 1691 de
1297 1634 1512 1693 illorum
1557 1643 1869 1692 sanctorum
1897 1652 2037 1708 quos
2062 1637 2131 1693 ab

494 1754 507 1761 ν
545 1729 743 1786 iniemi
789 1730 1027 1786 claustra
1068 1729 1340 1787 mediator
1366 1728 1462 1784 Dei
1502 1736 1560 1785 et
1598 1731 1839 1806 hominis
1878 1730 2130 1788 Christus

541 1818 701 1878 Iesus
724 1836 918 1878 eruere
960 1821 1215 1894 dignatus
1255 1828 1340 1877 est
1368 1822 1421 1876 in
1446 1828 1627 1878 vestra
1655 1822 1883 1894 epistola
1921 1824 2128 1879 mentio

541 1924 627 1974 est
655 1914 821 1981 facta,
850 1915 1079 1985 ideoque
1107 1929 1176 1969 ex
1213 1914 1483 1986 majorum
1510 1921 1821 1971 nostrorum
1848 1916 2128 1972 codicibus

541 2008 840 2064 sententias
861 2023 999 2078 quas
1034 2008 1339 2077 carpsimus
1362 2006 1490 2062 huic
1525 2007 1774 2078 paginae,
1804 2016 1866 2063 ut
1898 2024 1999 2064 nos
2038 2023 2129 2063 ve-

541 2109 653 2157 stra
684 2100 948 2157 sanctitas
984 2098 1165 2155 facere
1203 2098 1414 2166 maluit,
1453 2099 1580 2154 licet
1623 2115 1729 2155 non
1766 2108 1825 2156 ut
1855 2101 2000 2156 volui
2029 2101 2127 2157 sed

539 2201 602 2250 ut
628 2193 778 2267 potui
803 2193 1039 2264 scriptas
1064 2192 1331 2265 protrahi.

609 2287 659 2342 i.
691 2286 845 2356 Quod
875 2295 1000 2345 ante
1030 2287 1322 2343 adventum
1348 2286 1668 2344 mediatoris
1682 2276 1782 2344 Dei
1807 2296 1862 2345 et
1883 2287 2124 2346 hominis

534 2391 725 2433 omnes
751 2384 809 2433 et
834 2377 961 2432 boni
986 2386 1041 2432 et
1062 2377 1189 2432 mali
1225 2377 1293 2432 ad
1328 2377 1529 2433 inferni
1558 2378 1800 2435 claustra
1828 2380 2123 2437 descende-

539 2468 669 2524 rint.
699 2469 754 2525 2.
779 2468 936 2538 Quod
954 2470 1223 2526 bonorum
1245 2471 1463 2529 animae
1482 2473 1730 2546 quamvis
1752 2473 1819 2530 ad
1846 2472 2122 2531 infernum

535 2560 930 2618 descenderent
962 2578 1169 2634 poenas
1206 2578 1313 2619 non
1342 2563 1587 2620 luebunt.
1624 2565 1678 2622 5.
1717 2565 1869 2634 Quod
1914 2566 2119 2641 electo-

532 2667 653 2710 rum
681 2653 895 2711 animus
918 2654 1257 2711 solummodo
1277 2655 1530 2713 dominus
1560 2656 1630 2713 ab
1654 2654 1853 2714 inferni
1881 2657 2120 2715 claustra

529 2744 695 2810 eruit,
739 2760 847 2801 non
892 2745 1268 2827 reprohorum.
1307 2746 1361 2800 ι.
1402 2745 1556 2815 Quoi
1610 2748 1804 2814 sancti,
1854 2749 1945 2821 qui
1992 2766 2119 2807 cum

529 2832 747 2891 Christo
778 2844 1132 2892 surrexerunt
1159 2835 1415 2910 gloriosa,
1444 2838 1481 2893 i.
1506 2853 1555 2893 e.
1587 2839 1852 2914 spiritalia
1874 2842 2117 2913 percepti

525 2936 656 2985 sunt
693 2944 924 3000 corpora
948 2970 963 2994 ,
1008 2928 1188 3000 qualia
1230 2946 1331 2987 nos
1369 2941 1694 3003 excepturos
1730 2934 1786 2990 in
1816 2933 2000 2990 futura
2032 2950 2118 2991 re-

526 3019 865 3097 surrectione
897 3029 1264 3091 expectamus.
1298 3022 1351 3078 5.
1382 3023 1519 3093 Quia
1554 3025 1853 3097 glorificata
1896 3027 2113 3083 illorum

526 3117 869 3175 sanctorum,
918 3111 987 3168 de
1035 3113 1159 3185 quis
1205 3104 1416 3191 agimus
1463 3126 1813 3173 surrexerunt
1860 3134 2106 3195 corpora.

2240 528 2477 587 claustra
2516 546 2618 589 sua
2648 532 3004 591 descensione
3027 532 3263 592 sumeret
3294 545 3353 594 et
3391 535 3667 607 iustorum
3702 541 3823 597 ani-

2239 623 2426 680 maslu
2445 634 2710 696 perpetua
2733 626 2863 683 sede
2879 625 3208 684 conlocaret.
3234 628 3368 685 Item
3391 632 3505 702 ipse
3520 631 3580 687 in
3604 632 3819 690 eisdem

2239 713 2398 771 dictis
2426 733 2442 770 :
2470 715 2688 774 Priores
2732 718 2909 774 sancti
2937 719 3007 775 ab
3042 718 3239 775 interni
3274 720 3410 777 locis
3436 721 3663 778 liberari
3708 739 3818 782 non

2237 814 2553 877 potueram,
2577 810 2703 881 quia
2726 825 2826 867 nec
2855 812 2982 867 dum
3010 820 3234 868 venerat
3276 814 3370 884 qui
3394 815 3524 871 illuc
3551 818 3676 873 sine
3701 818 3820 874 cui-

2237 912 2303 970 pa
2333 899 2689 957 descenderet
2715 910 2775 957 ut
2796 917 2893 957 eos
2913 903 3005 973 qui
3033 904 3106 958 ibi
3143 905 3471 961 tenebantur
3496 923 3598 979 pro
3642 909 3821 982 origi-

2236 988 2345 1044 nali
2378 1000 2603 1059 peccato
2623 1007 2655 1046 a
2679 991 2834 1064 culpa
2858 991 3133 1049 liberaret.

2302 1081 2359 1136 0.
2392 1080 2545 1150 Quod
2570 1083 2835 1140 bonorum
2864 1086 3077 1140 animae
3102 1086 3353 1155 quamvis
3375 1088 3443 1142 ad
3479 1087 3697 1145 inferna
3725 1092 3821 1147 de-

2235 1175 2542 1231 scenderint
2570 1191 2772 1248 poenas
2800 1193 2906 1233 non
2926 1178 3169 1241 luebant,
3205 1178 3348 1234 idem
3376 1180 3571 1255 doctor
3594 1182 3656 1236 in
3693 1183 3827 1253 ipsis

2236 1267 2557 1324 tractatibus
2577 1269 2752 1325 dicit:
2782 1270 2921 1324 Ante
2958 1270 3318 1341 redemptoris
3356 1272 3532 1326 nostri
3566 1272 3829 1329 ineam-

2235 1360 2712 1431 tionuujusternm
2735 1362 2948 1417 animae
2972 1377 3080 1417 non
3106 1362 3177 1417 ita
3205 1362 3274 1417 ad
3299 1362 3572 1418 infernum
3599 1364 3831 1420 descen-

2233 1451 2377 1507 disse
2403 1453 2730 1519 creduntur,
2769 1461 2830 1508 ut
2869 1453 2925 1508 in
2969 1453 3103 1509 locis
3128 1453 3448 1525 poenalibus
3475 1464 3823 1522 tenerentur,

2235 1543 2263 1585 δ
2293 1551 2353 1599 ιιι
2386 1543 2443 1600 in
2488 1545 2859 1615 superioribus
2889 1544 3023 1616 justi
3059 1547 3467 1617 requiescerent
3507 1548 3653 1604 etin
3686 1549 3825 1605 infe-

2231 1636 2470 1693 rioribus
2527 1637 2711 1709 injusti
2760 1638 3094 1694 crucientur.
3157 1638 3294 1695 Item
3344 1641 3497 1711 ipse:
3538 1639 3823 1698 Justontm

2232 1730 2452 1786 animae
2475 1745 2576 1802 per
2619 1729 2936 1788 mediatoris
2971 1731 3261 1788 adventum
3295 1733 3626 1806 quandoque
3663 1744 3824 1792 erant

2158 1804 2202 1864 Β
2230 1820 2300 1876 ab
2327 1819 2522 1877 inferni
2549 1820 2685 1877 locis
2707 1824 2956 1892 quamvis
2999 1808 3105 1879 non
3125 1823 3448 1894 poenalibus
3478 1804 3819 1896 liberandae,

2228 1911 2301 1968 ob
2325 1912 2429 1968 hoc
2450 1911 2509 1967 Β.
2540 1910 2643 1968 Job
2674 1913 2805 1969 dicit
2830 1930 2843 1966 :
2884 1914 3157 1971 constitue
3185 1915 3321 1971 mihi
3348 1924 3582 1989 tempus,
3628 1919 3686 1973 in
3708 1934 3821 1995 quo

2226 2005 2534 2061 recorderis
2566 2005 2672 2061 mei
2700 2021 2714 2072 ;
2748 2006 3048 2077 Agustinus
3076 2023 3295 2079 quoque
3338 2008 3414 2064 ait
3442 2027 3457 2063 :
3484 2010 3816 2081 priusquam

2226 2095 2537 2167 redemptor
2561 2104 2747 2152 noster
2770 2105 2946 2152 morte
2971 2113 3071 2153 sua
3094 2098 3317 2169 humani
3339 2101 3545 2168 generis
3560 2114 3807 2169 poenam

2226 2188 2481 2255 solveret,
2513 2202 2608 2245 eos
2635 2189 2731 2260 qui
2760 2188 3014 2245 coelestis
3050 2190 3262 2259 patriae
3290 2190 3395 2246 vias
3420 2192 3605 2246 sectati
3635 2200 3796 2257 sunt,

2224 2288 2347 2351 post
2364 2295 2643 2350 egressum
2667 2280 2849 2336 carnis
2872 2280 3068 2336 inferni
3090 2279 3330 2337 claustra
3355 2288 3674 2347 tenuerunt,
3693 2297 3817 2338 non

2224 2380 2285 2429 ut
2306 2388 2481 2444 poena
2521 2372 2674 2443 quasi
2697 2381 3011 2444 peccatores
3035 2371 3341 2443 plecteret,
3368 2372 3461 2428 sed
3496 2382 3558 2427 ut
3585 2386 3689 2428 eos
3712 2385 3819 2444 per

2225 2467 2529 2537 ingressum
2570 2464 2886 2521 mediatoris
2915 2472 3102 2520 reatus
3144 2463 3355 2536 primae
3387 2462 3580 2536 culpae
3630 2461 3822 2520 absol-

2223 2565 2395 2613 νετει.

2291 2657 2344 2712 5.
2386 2657 2541 2726 Quod
2566 2656 2861 2731 electorum
2890 2655 3104 2713 animus
3132 2652 3473 2713 solummodo
3504 2655 3577 2711 ab
3606 2652 3806 2727 inferni
3849 2723 3853 2727 ν

2220 2745 2457 2803 claustra
2477 2746 2640 2813 eruit,
2664 2761 2772 2801 non
2796 2743 3169 2817 reproborum,
3195 2753 3417 2800 sanctus
3444 2744 3565 2816 ipse
3605 2741 3814 2819 Grego-

2216 2840 2334 2896 rius
2366 2840 2421 2895 in
2468 2840 2555 2897 his
2577 2839 2736 2895 dictis
2769 2836 3056 2908 muralium
3092 2835 3363 2907 loquitur:
3406 2851 3520 2891 non
3548 2835 3705 2891 enim
3744 2834 3815 2891 ab

2219 2929 2431 2987 inferno
2456 2931 2669 2987 rediens
2706 2929 2969 2986 Dominus
3017 2928 3221 2985 electos
3245 2928 3407 2985 simul
3441 2936 3501 2985 et
3543 2929 3818 3001 reprobos

2219 3026 2408 3093 traxit,
2442 3025 2537 3083 sed
2564 3025 2655 3081 ille
2680 3026 2874 3081 exinde
2900 3024 3081 3082 omnia
3109 3022 3387 3090 substulit,
3410 3037 3557 3094 quae
3586 3020 3702 3078 sibi
3733 3023 3817 3076 in-

2218 3117 2459 3175 haesisse
2485 3116 2795 3189 praescivit.
2828 3118 2932 3173 Per
2959 3116 3153 3172 Oscam
3186 3115 3509 3187 prophetam
3541 3112 3817 3168 Dominus

525 3202 581 3260 6.
613 3202 750 3274 Quia
774 3202 1114 3265 Jherusalem
1151 3172 1379 3267 ubivvisi
1403 3221 1525 3268 sunt
1556 3214 1810 3291 celestem
1840 3172 1989 3273 illum
2020 3218 2112 3273 dc-
2139 3172 2188 3238 c
2216 3208 2350 3265 die“
2375 3227 2389 3264 ε
2412 3222 2508 3265 ero
2537 3224 2685 3264 mors
2711 3216 2827 3274 tua.
2849 3222 2883 3263 0
2911 3222 3082 3272 mors.
3108 3220 3203 3262 θτο
3230 3221 3445 3261 morsus
3474 3212 3614 3260 “ms
3644 3202 3815 3259 ξιιῖετ·

523 3309 714 3354 vernus
771 3298 1093 3373 intelligere.
1149 3301 1200 3357 7.
1253 3301 1331 3359 De
1377 3306 1567 3360 eadem
1617 3303 1996 3375 Jberusalem,
2051 3316 2113 3364 ut

522 3395 815 3463 utrumque
848 3391 1215 3465 intelligamus
1254 3393 1546 3451 coelestem
1596 3402 1758 3471 atque
1803 3406 2105 3455 terrenum.

520 3480 555 3538 8
590 3480 743 3551 Quod
788 3500 896 3540 non
939 3501 1129 3542 omnes
1157 3488 1331 3543 sancti
1358 3504 1494 3558 quos
1538 3488 1608 3544 ab
1636 3488 1834 3545 inferni
1867 3491 2106 3551 claustra

520 3573 663 3629 eruit
690 3571 940 3631 Christus
959 3574 1014 3631 in
1046 3591 1209 3633 carne
1238 3587 1677 3645 resurrexerunt,
1710 3579 1803 3636 sed
1832 3590 1888 3635 ut
1913 3597 2109 3639 secun-

522 3668 649 3725 dum
685 3671 760 3725 ait
790 3672 1129 3744 evangelium
1156 3658 1333 3729 inulti.
1359 3674 1411 3730 9.
1445 3673 1523 3731 De
1558 3690 1624 3731 eo
1653 3676 1794 3751 quod
1825 3678 1879 3733 in
1904 3693 2107 3759 apoca-

517 3759 679 3832 lipsin
708 3761 905 3818 dicitur
936 3762 1076 3821 haec
1103 3768 1434 3822 resurrectio
1469 3766 1644 3838 prima
1680 3775 1735 3822 et
1762 3775 1967 3824 cetera.
2012 3769 2101 3824 i0.

516 3851 595 3910 De
625 3868 691 3910 eo
716 3856 860 3927 quod
890 3856 1227 3929 evangelium
1267 3857 1344 3912 ait
1378 3876 1392 3912 :
1426 3872 1587 3912 nemo
1624 3858 1863 3914 ascendit
1894 3858 1947 3915 in
1981 3875 2105 3916 coe-

518 3944 652 4019 lum,
696 3940 799 4004 nisi
842 3949 934 4018 qui
960 3950 1239 4006 descendit
1282 3951 1349 4006 de
1376 3949 1529 4006 coelo
1558 3949 1699 4005 filius
1724 3950 1979 4009 hominis.
2013 3955 2102 4010 ii.

516 4037 594 4095 De
619 4039 852 4121 gloriosa
876 4039 1043 4109 Maria
1066 4042 1209 4112 quod
1235 4042 1381 4098 nulla
1412 4043 1581 4098 storia
1619 4058 1741 4099 eam
1772 4044 1963 4102 doceat
1982 4062 2105 4125 pas-

514 4128 667 4185 sione
690 4138 783 4185 aut
807 4131 1049 4204 qualibet
1077 4140 1255 4188 morte
1284 4133 1525 4189 multari.

587 4222 641 4280 i.
680 4221 832 4291 Quod
861 4225 1296 4283 ante'adventum
1328 4229 1641 4289 mediatoris
1669 4229 1762 4287 Dei
1789 4239 1845 4288 et
1864 4231 2101 4299 hominis

2214 3315 2303 3356 ne.
2328 3300 2481 3370 Quod
2503 3301 2646 3356 enim
2675 3300 2972 3356 occidimus
3000 3300 3209 3372 agimus
3230 3307 3289 3354 ut
3314 3298 3533 3370 penitus
3561 3314 3682 3354 non
3707 3298 3807 3363 sit;

2213 3404 2280 3446 ex
2317 3405 2384 3447 eo
2432 3390 2575 3447 enim
2604 3389 2751 3461 quod
2796 3391 3125 3455 mordemus,
3159 3396 3370 3462 partem
3422 3388 3809 3445 abstrahimus

2210 3494 2530 3559 partemque
2570 3485 2945 3557 relinquimus.
2988 3484 3126 3554 Quia
3159 3499 3287 3557 ergo
3334 3483 3391 3538 iu
3436 3483 3645 3539 electis
3696 3482 3810 3537 suis

2210 3576 2456 3634 funditus
2496 3578 2748 3634 dominus
2767 3577 2969 3634 occidit
3012 3585 3264 3644 mortem,
3296 3591 3445 3632 mors
3485 3576 3693 3631 mortis
3712 3589 3809 3630 ex-

2210 3670 2386 3737 stitit;
2411 3670 2537 3745 quia
2565 3685 2697 3726 vero
2724 3686 2792 3726 ex
2814 3670 3024 3726 inferno
3051 3678 3264 3742 partem
3290 3667 3514 3724 abstulit
3558 3675 3808 3738 partem-

2206 3779 2314 3836 que
2336 3765 2556 3836 reliquit
2577 3806 2591 3829 ,
2622 3780 2729 3820 non
2772 3765 2970 3821 occidit
3004 3756 3363 3829 funditussed
3392 3759 3705 3817 momordit
3726 3762 3807 3816 iu-

2205 3857 2441 3914 i‘ernum.
2474 3860 2615 3931 Ergo
2640 3858 2815 3929 inquit
2834 3873 2982 3913 mors
3011 3866 3102 3912 tua
3130 3871 3164 3912 ο
3191 3871 3360 3921 mors,
3374 3855 3411 3911 i.
3433 3870 3489 3911 e.
3518 3855 3582 3910 in
3613 3854 3805 3909 electis

2205 3952 2341 4007 meis
2357 3959 2410 4007 te
2447 3950 2690 4007 funditus
2711 3950 2941 4023 perime.
2987 3948 3096 4004 Ero
3120 3963 3335 4004 morsus
3366 3954 3517 4015 tuus,
3554 3944 3795 4007 inferne,

2203 4041 2330 4113 quia
2352 4041 2580 4099 sublatis
2602 4043 2683 4099 eis
2709 4051 2763 4100 te
2785 4057 2852 4099 ex
2880 4050 3036 4115 parte
3064 4040 3345 4112 transfigo.

2270 4158 2325 4223 4.
2366 4159 2519 4231 Quod
2541 4160 2714 4223 sancti
2738 4159 2831 4235 qui
2868 4174 2991 4216 cum
3040 4157 3262 4219 Christo
3288 4163 3656 4213 surrexerunt
3682 4154 3798 4237 glo-

2200 4250 2364 4329 riosa,
2385 4249 2421 4306 i.
2446 4265 2497 4309 e.
2531 4249 2795 4322 spiritalia
2813 4250 3054 4323 percepti
3084 4258 3475 4320 suntcorpora,
3493 4244 3683 4327 qualia
3697 4261 3800 4307 nos

509 4328 698 4414 omnes
713 4325 766 4372 et
779 4317 907 4375 boni
929 4326 984 4374 et
1010 4318 1137 4377 mali
1169 4320 1235 4375 ad
1252 4318 1448 4381 inferni
1466 4322 1703 4408 claustra
1721 4327 2099 4383 descenderint
2198 4317 2519 4414 εχεεριυιιοε
2544 4317 2597 4398 i},
2617 4317 3229 4414 [ημιι-ειί-εευιῖτθείίοηθ
3283 4317 3650 4412 cipew‘mus
3677 4352 3798 4395 om-

509 4404 575 4507 F':
598 4404 893 4507 (ξτθὸοτῖυε
943 4410 997 4466 in
1020 4410 1182 4507 ﬁbris
1219 4413 1502 4507 Ψοηιίυῐη
1525 4405 1628 4473 ’8Ῐο
1654 4417 1893 4493 loquitur
1925 4437 1939 4475 ε
1967 4418 2098 4475 Οῐη·
2196 4436 2282 4497 nis
2319 4404 2621 4491 catholicus
2659 4412 2766 4489 non
2820 4433 3045 4507 ambigit
3096 4404 3317 4488 credere
3340 4404 3395 4485 et
3432 4429 3789 4505 praedicare.

509 4496 601 4611 nis
629 4500 791 4611 homo
820 4502 1067 4611 quamvis
1097 4505 1905 4611 mundaenprobataequesitae
1931 4511 2095 4568 fuerit
2120 4540 2174 4607 υ
2194 4525 2333 4609 Nam
2362 4527 2487 4607 qum
2517 4527 2583 4582 de
2626 4526 2740 4611 ίρδρ
2771 4496 3172 4595 resurrectione
3205 4496 3503 4597 Gregorius
3532 4523 3797 4579 beatissi-

511 4598 639 4691 ante
660 4592 947 4691 adventum
1000 4596 1315 4653 mediatoris
1335 4596 1430 4653 Dei
1462 4607 1519 4653 et
1546 4601 1782 4667 hominis
1802 4603 1867 4658 ad
1899 4604 2095 4662 inferni
2122 4592 2164 4607 ’⁷
2195 4592 2319 4687 mus
2350 4592 2596 4679 sanctam
2640 4592 3018 4685 romaneusem
3069 4592 3355 4687 ecclesiam
3396 4616 3485 4679 vei
3514 4629 3618 4691 per
3667 4629 3793 4689 eam

508 4680 744 4791 claustra
797 4684 1126 4791 descendere
1179 4688 1400 4791 dubium
1431 4701 1690 4791 nonest,
1724 4710 1890 4791 quum
1933 4698 2096 4791 homo
2195 4680 2500 4785 universam
2538 4680 2847 4775 institueret
2868 4703 2936 4771 'in
2965 4708 3159 4775 omelia
3180 4680 3352 4791 prima
3383 4680 3535 4764 libri?
3560 4684 3795 4763 secundi

506 4777 599 4848 qui
626 4793 726 4855 per
754 4795 814 4873 se
838 4780 1054 4873 cecidit,
1079 4798 1177 4859 per
1205 4798 1264 4840 se
1282 4784 1350 4839 ad
1374 4786 1613 4855 paradisi
1640 4789 1880 4867 requiem
1918 4789 2095 4845 redire
2192 4803 2267 4857 ita
2313 4777 2509 4865 aﬂ‘atur
2536 4820 2549 4856 :
2582 4801 2746 4865 Forte
2786 4817 2816 4857 a
2843 4817 2903 4858 se
2933 4801 3133 4872 aliquis
3158 4777 3305 4858 dicat
3332 4824 3345 4829 λ
3370 4800 3497 4873 jure
3530 4796 3794 4856 Christus

507 4884 615 4924 non
638 4872 834 4969 potuit,
885 4873 991 4928 nisi
1020 4874 1228 4969 veniret
1284 4874 1372 4931 ille
1399 4877 1491 4953 qui
1530 4893 1662 4935 suae
1706 4879 2095 4939 incarnationis
2193 4894 2431 4967 εηττεχίι
2456 4893 2549 4969 qui
2569 4909 2693 4957 cum
2726 4894 2869 4951 Deus
2900 4902 3045 4950 esset
3076 4895 3253 4953 reneri
3295 4910 3326 4948 ει
3355 4872 3530 4951 mone
3558 4910 3671 4949 non
3697 4909 3795 4965 po.

502 4964 763 5058 mysterio
784 4962 1025 5058 ejusdem
1046 4964 1204 5058 nobis
1222 4968 1461 5058 paradisi
1504 4969 1608 5025 iter
1648 4971 1906 5041 aperiret.
1933 4971 2090 5028 Unde
2191 4962 2295 5043 nm
2321 5002 2337 5051 ;
2366 4986 2433 5047 ad
2460 4962 2835 5051 instruendam
2870 5003 3000 5058 ergo
3030 4986 3391 5058 ignorantiam
3416 4962 3794 5053 nostram,—ad

502 5060 652 5147 re“?
700 5054 892 5115 beatus
944 5053 1046 5113 ³οδ
1082 5056 1367 5113 Dominum
1414 5060 1649 5129 ΡοδίιιῘεη
1695 5062 1881 5123 dicens
1915 5082 1927 5116 ε
1966 5065 2089 5134 (illis
2189 5060 2647 5141 corroborandam
2682 5053 3312 5147 inﬁrmitatem—nostram
3336 5092 3466 5131 suae
3489 5092 3790 5135 resurrec~

499 5146 635 5203 mihi
661 5147 868 5241 tribuat
894 5162 954 5206 ut
975 5152 1190 5211 inferno
1219 5161 1472 5227 protegas
1494 5171 1605 5225 me,
1633 5156 1921 5213 Psalmista
1949 5174 2087 5241 quo-

498 5252 605 5307 que
632 5237 709 5295 ait
742 5257 754 5293 :
782 5240 1025 5315 eripuisti
1051 5245 1285 5319 animam
1305 5260 1481 5301 meam
1509 5262 1577 5301 ex
1604 5246 1819 5303 inﬂarno
1851 5237 2080 5325 inferio-

496 5329 641 5384 ri.—
662 5329 797 5397 Item
823 5332 965 5411 ipse:
1001 5334 1203 5393 Omnes
1224 5336 1379 5395 electi
1412 5338 1504 5409 qui
1542 5347 1668 5394 ante
1698 5340 2087 5400 adventumre-

494 5420 793 5501 demptoris
820 5425 989 5480 nostri
1012 5437 1275 5484 venerunt
1306 5431 1359 5485 in
1396 5430 1501 5493 hoc
1524 5430 1723 5488 mundo
1751 5436 2080 5505 quantumli-

490 5509 585 5567 bet
612 5514 1239 5593 virtutumjustitiaeque
1267 5522 1513 5588 aberent,
1546 5538 1577 5578 e
1604 5524 1921 5597 corporibus
1946 5528 2078 5582 edu-

2188 5166 2352 5237 tionis
2373 5167 2681 5240 exemplum
2729 5165 2975 5224 sumsere
3012 5167 3206 5239 noluit,
3243 5168 3389 5224 solus
3418 5168 3472 5235 in
3520 5168 3615 5233 illo
3644 5178 3795 5224 tem-

2186 5275 2319 5331 pore
2348 5268 2596 5325 mortuus
2624 5269 2707 5316 cst
2733 5268 2789 5321 et
2817 5269 2998 5325 tamen
3046 5261 3195 5329 solus
3238 5260 3465 5339 minimc
3508 5262 3787 5326 surrexit.

2186 5349 2321 5406 Nam
2353 5353 2613 5433 scriptum
2648 5359 2773 5407 est:
2824 5351 2995 5407 multa
3033 5367 3261 5425 corpora
3294 5360 3609 5407 sanctorum
3636 5393 3653 5419 ,
3692 5352 3791 5425 qui

2186 5442 2520 5501 dormierant
2568 5454 2965 5510 surrexerunt;
3023 5442 3212 5498 ablata-
3254 5452 3378 5513 sunt
3404 5458 3537 5519 ergo
3589 5447 3789 5500 omnia

2183 5545 2500 5611 argumenta
2524 5536 2802 5607 perﬁdiae.
2846 5534 2925 5601 Ne
2950 5536 3073 5607 quis
3096 5536 3241 5605 enim
3287 5536 3427 5592 dicat
3458 5552 3691 5623 sperare
3717 5538 3787 5595 de

491 5602 565 5657 cti
588 5604 642 5659 in
666 5605 790 5665 sinu
841 5609 1095 5665 coelestis
1126 5612 1332 5683 patriae
1378 5615 1566 5673 statim
1612 5617 1760 5683 nullo
1795 5618 1955 5674 modo
1978 5634 2073 5689 po-
2180 5602 2372 5695 seruoli
2396 5602 2560 5693 debet
2584 5629 2767 5695 homo,
2799 5602 3026 5698 quodin
3054 5602 3336 5693 carne-sua
3369 5602 3580 5699 exib'uit
3601 5606 3782 5693 homo

563 5724 590 5753 ι
618 5711 789 5837 gest
814 5718 1051 5787 haereses
1079 5736 1175 5779 seu
1194 5738 1432 5791 terrores.

560 5779 593 5831 ι’
668 5791 757 5837 ota
783 5792 1015 5837 margini
1055 5794 1287 5837 aunrintn
1306 5796 1432 5837 ad!“

668 5787 757 5838 (ita
783 5792 1016 5861 margini
1055 5794 1288 5864 ascripta
1306 5787 1498 5853 addit:
1529 5798 1620 5853 sed
1645 5817 1754 5856 esse
1793 5802 2067 5872 superiora
2095 5800 2290 5872 inferni
2320 5802 2458 5869 loca,
2496 5803 2606 5860 alia
2634 5822 2744 5861 esse
2771 5806 3031 5889 inferiora
3054 5806 3370 5861 credendum
3399 5818 3493 5866 est.
