4060 6350
224 370 359 428 1957

1245 362 1562 425 ASCARICI
1594 363 1687 422 ΕΤ
1722 362 2069 423 TUIAREDI
2102 360 2493 421 EPISTOLIE.

3351 370 3489 429 1338

222 488 388 552 Deus,
417 491 546 543 ecce
573 494 696 538 eum
720 481 833 539 Deo
854 481 1105 542 bomlnes
1151 482 1520 543 resurrexisse
1543 480 1799 551 cognobi-
1828 481 1883 541 Δ
1904 482 2319 533 resurmerunt
2342 482 2397 532 et
2422 484 2788 545 apparuerunt
2808 474 2993 533 multis
3012 487 3067 535 et
3094 478 3323 549 ingressi
3358 492 3488 541 sunt

221 591 362 643 mus,
390 582 445 631 et
469 582 606 645 quos
633 588 800 645 puros
836 574 1083 631 homines
1109 588 1219 629 non
1246 574 1580 631 dubitamus.
1613 575 1671 629 Si
1701 575 1803 645 igi-

221 677 312 722 tur
329 666 572 727 membro
597 665 954 735 redemptoris
974 665 1145 721 nostri
1166 680 1376 732 sumus,
1392 680 1801 737 praesumamus

221 763 277 817 in
307 760 465 815 nobis
485 758 630 829 quod
657 767 868 829 gestum
897 767 1111 816 constat
1155 759 1209 814 in
1234 760 1412 831 capite
1436 776 1453 825 ;
1497 760 1544 817 si
1571 760 1801 816 multum

221 870 319 911 nos
348 854 647 925 abiecimus
679 868 898 925 sperare
952 853 1210 909 debemus
1233 844 1473 910 in'nobis
1507 870 1608 910 nos
1632 856 1803 911 mem-

219 950 320 1004 bra
343 949 531 1003 ultima
558 947 701 1019 quod
740 949 807 1003 de
847 948 1108 1003 membris
1142 950 1259 1019 ejus
1304 949 1677 1019 superioribus
1707 966 1802 1004 au-

221 1040 474 1094 divimus.
524 1038 669 1095 Haec
702 1046 827 1096 sunt
872 1040 1015 1097 illius
1056 1042 1384 1096 sanctissimi
1432 1043 1618 1096 verba.
1662 1042 1801 1097 Dum

220 1132 354 1189 dicit
374 1149 471 1188 nos
502 1135 745 1188 membra
772 1132 958 1188 ultima
1008 1134 1164 1188 talem
1198 1148 1416 1204 sperare
1446 1136 1803 1190 resurrectio-

219 1242 346 1281 nem
370 1226 583 1295 qualem
610 1226 911 1280 habuerunt
927 1232 979 1280 et
1002 1226 1098 1289 illi,
1124 1234 1308 1295 aperte
1332 1240 1429 1281 nos
1452 1226 1671 1281 instruit
1689 1225 1803 1297 glo-

218 1319 422 1373 riosam
475 1318 594 1373 illos
626 1318 664 1373 i.
714 1333 763 1373 e.
814 1319 1146 1388 spiritualem
1202 1319 1503 1390 suscepisse
1556 1335 1798 1385 carnem,

221 1411 438 1480 qualem
473 1410 526 1465 in
559 1408 739 1464 futuro
774 1426 871 1465 nos
908 1413 1181 1482 accepturi
1216 1412 1439 1466 erimus.
1494 1410 1610 1466 Non
1653 1414 1801 1467 enim

219 1503 311 1557 ille
339 1505 438 1558 nisi
466 1502 531 1558 de
559 1502 737 1557 futura
769 1504 1093 1575 loquebatur
1118 1505 1536 1559 resurrectione.

292 1592 345 1647 5.
380 1593 515 1660 Quia
543 1592 841 1663 glorificata
866 1594 1080 1649 illorum
1123 1602 1435 1651 sanctorum
1464 1636 1479 1660 ,
1518 1596 1583 1651 de
1606 1596 1803 1665 quibus

218 1685 447 1753 agimus,
494 1696 847 1740 surrexerunt
899 1700 1127 1754 corpora
1175 1686 1229 1740 in
1271 1686 1492 1740 oracula
1540 1680 1803 1757 septimae

219 1776 429 1833 sabbati
480 1777 582 1833 hoc
611 1778 859 1833 tubarum
905 1780 1138 1849 paschae
1181 1781 1253 1835 ita
1290 1780 1483 1837 aﬂatus
1514 1790 1598 1837 est
1625 1800 1637 1836 ;
1665 1782 1800 1838 San-

1908 575 2153 625 sanctam
2207 568 2503 627 civitatem.
2558 566 2757 627 Illama
2812 569 3089 640 apostolus
3139 572 3315 630 dicit:
3348 590 3489 645 quae

1905 675 2095 717 verum
2116 675 2333 717 sursum
2351 668 2435 719 est
2455 660 2793 720 Jherusalem
2818 661 2987 721 libera
3010 671 3110 730 est,
3141 679 3287 734 quae
3314 673 3490 724 mater

1904 751 2147 808 omnium
2175 760 2507 817 nostrorum.
2535 752 2687 810 Unde
2707 763 2761 810 et
2781 752 2885 811 Ose
2919 756 3183 827 propheta
3208 772 3274 814 ex
3294 772 3486 829 perlo-

1904 862 1976 901 na
2004 859 2192 901 eorum
2217 845 2347 901 dicit
2377 865 2390 899 :
2421 847 2634 903 sanavit
2658 862 2756 902 nos
2777 856 2901 918 post
2922 849 3168 915 biduum,
3191 850 3280 906 die
3296 866 3487 909 verum

1906 938 2063 991 tertia
2092 939 2423 1009 resurgimus
2450 946 2507 993 et
2521 939 2753 997 vibimus
2780 940 2833 995 in
2855 950 3147 1012 conspectu
3171 940 3309 1012 ejus.

1978 1029 2029 1083 ’1.
2064 1031 2139 1085 De
2166 1031 2355 1086 eadem
2380 1029 2719 1087 .lherusalem
2761 1040 2821 1087 ut
2848 1042 3081 1103 utraque
3123 1034 3494 1106 intelligamus

1904 1122 2194 1177 coelestem
2219 1132 2381 1191 atque
2433 1132 2723 1195 terrenam.
2772 1124 2847 1179 De
2875 1124 2961 1183 his
2990 1134 3211 1183 sanctus
3247 1124 3496 1185 Jheroui-

1906 1228 2028 1267 mus
2051 1211 2455 1271 bethlemiticae
2502 1214 2764 1271 ecclesiae
2792 1216 2983 1275 doctor
3016 1227 3071 1271 et
3112 1218 3397 1288 presbyter
3433 1218 3488 1273 in

1904 1299 2046 1357 libro
2096 1313 2292 1371 quarto
2333 1305 2791 1363 comentariorum
2846 1306 3149 1375 expositum
3192 1307 3492 1371 secundum

1907 1394 2237 1450 Matthaenm
2276 1397 2351 1451 ita
2391 1405 2482 1468 ayt
2514 1417 2526 1451 ε
2563 1396 2819 1453 Sanctam
2843 1399 3142 1464 civitatem,
3172 1400 3226 1457 in
3253 1416 3361 1470 qua
3388 1400 3493 1457 visi

1906 1495 2033 1542 sunt
2071 1498 2422 1559 resurgentes
2447 1500 2540 1547 aut
2568 1489 2869 1551 Jerusalem
2899 1491 3189 1551 eoelestem
3220 1492 3490 1564 intelliga-

1906 1596 2050 1645 mus,
2084 1590 2177 1641 aut
2215 1583 2357 1641 hanc
2374 1592 2655 1654 terrenam
2707 1599 2848 1655 quae
2885 1592 3011 1640 ante
3059 1592 3248 1643 sancta
3290 1584 3489 1650 fuerat,

1906 1688 2047 1742 quae
2068 1672 2137 1733 oh
2184 1674 2238 1733 id
2270 1683 2455 1731 sancta
2484 1674 2871 1745 appellabatur,
2900 1684 3120 1746 propter
3148 1674 3408 1745 templum
3436 1682 3494 1739 et

1908 1774 2155 1822 sanctum
2187 1776 2516 1823 sanctorum.
2546 1767 2697 1835 Quod
2722 1777 2904 1843 autem
2930 1769 3060 1825 dicit
3087 1788 3105 1821 ι
3126 1776 3491 1839 apparuerunt

218 1878 429 1924 ciorum
465 1884 691 1940 corpora
720 1871 989 1927 vivificata
1028 1881 1362 1943 consurgunt
1398 1891 1411 1928 :
1444 1873 1793 1941 abitaculum,
1826 1876 1876 1936 Β
1908 1866 2145 1930 multis,»
2178 1866 2483 1921 ostenditur
2512 1858 2618 1935 non
2647 1866 2915 1938 generalis
2954 1866 3119 1923 fuisse
3161 1865 3491 1923 resurrectio

219 1963 364 2032 quod
410 1963 681 2034 paulisper
724 1964 970 2034 jacuerat
1019 1970 1189 2039 surgit
1242 1970 1496 2041 gloriosa.
1550 1970 1687 2026 Item
1739 1974 1795 2029 in

218 2054 405 2107 eadem
432 2055 730 2111 ebdomada
769 2067 961 2127 quarta
988 2061 1195 2115 sabbati
1222 2079 1234 2114 :
1281 2062 1422 2117 sicut
1444 2063 1573 2117 olim
1601 2072 1653 2118 te
1682 2080 1799 2121 mo-

221 2146 397 2201 riente
429 2156 639 2203 mortua
670 2165 897 2221 corpora
925 2161 1299 2217 surrexerunt,
1347 2155 1420 2211 ita
1446 2170 1589 2210 nunc
1608 2156 1664 2209 in
1695 2156 1800 2212 hac

126 2250 143 2263 κ
220 2239 636 2294 resurrectionis
674 2248 797 2296 tuae
842 2241 1172 2308 festivitate;
1205 2244 1399 2313 sepulti
1426 2245 1479 2298 in
1521 2254 1800 2301 aeternam

220 2328 461 2396 requiem
490 2330 891 2399 transferuntur
915 2343 967 2389 et
989 2334 1033 2389 si
1059 2350 1285 2405 corpora
1312 2346 1666 2392 surrexerunt
1692 2354 1799 2409 qua

218 2417 400 2475 fronte
448 2432 507 2477 ut
537 2425 675 2494 aytis
704 2425 915 2479 animas
950 2414 1209 2481 adserunt
1240 2428 1622 2494 resurrexisse,
1673 2430 1799 2484 dum

220 2512 401 2567 anima
433 2516 733 2581 substantia
763 2518 1026 2590 spiritalis
1055 2518 1127 2573 sit
1152 2528 1207 2581 et
1228 2518 1563 2597 ipcqrpqrea.
1606 2520 1715 2595 Aut
1754 2521 1800 2593 si

220 2618 448 2673 corpora
478 2616 531 2662 et
579 2624 685 2663 non
714 2609 1013 2679 gloriﬁcata
1061 2620 1435 2676 surrexerunt,
1472 2612 1705 2682 qualiter
1736 2628 1802 2669 ea

220 2693 468 2751 adstruat
511 2697 706 2752 iterum
742 2708 799 2753 ut
846 2699 1112 2755 Lazarum
1157 2702 1500 2756 moriturum.
1555 2701 1707 2769 Sicut
1734 2704 1803 2759 ad

218 2789 327 2843 hoc
354 2788 407 2842 in
444 2791 633 2844 eadem
667 2792 964 2847 ebdomada
992 2802 1139 2849 sexta
1166 2794 1375 2869 sabbati
1405 2797 1469 2850 de
1494 2797 1669 2868 ipsum
1697 2813 1805 2853 me-

219 2881 379 2936 minit
416 2884 507 2953 qui
529 2884 651 2939 dam
670 2885 781 2955 jam
810 2886 953 2941 dicta
974 2928 987 2951 ,
1020 2887 1252 2958 gloriosa
1281 2886 1549 2943 vibiﬁcata
1575 2904 1803 2959 corpora

217 2975 533 3046 perenniter
578 2986 950 3048 regnaturum,
979 2992 1169 3034 eorum
1200 2995 1413 3057 quoque
1463 2980 1807 3052 suil'raganti.

222 3064 325 3121 bus
349 3068 555 3123 meritis
582 3069 673 3138 qui
710 3085 830 3123 cum
863 3068 1025 3123 unico
1074 3069 1183 3124 lilio
1215 3076 1307 3125 tuo
1346 3071 1447 3125 sibi
1490 3081 1805 3137 meruerunt

220 3172 507 3229 resurgere
529 3160 594 3215 de
631 3160 891 3231 sepulcris
915 3163 1203 3217 concordia
1228 3163 1283 3217 in
1313 3163 1467 3219 nobis
1510 3165 1689 3235 vigeat
1714 3182 1804 3220 ca-

1904 1974 2042 2027 quae
2072 1959 2326 2014 omnibus
2367 1967 2675 2029 appareret,
2707 1958 2801 2013 sed
2839 1959 3087 2029 specialis
3116 1959 3184 2015 ad
3228 1958 3493 2029 plurimos

1902 2058 1964 2105 ut
1991 2051 2027 2105 ii
2072 2050 2317 2105 viderent
2360 2051 2452 2120 qui
2482 2056 2709 2105 cernere
2740 2052 3108 2106 merebantur.
3161 2049 3306 2105 Haec
3355 2057 3489 2105 sunt

1904 2144 2049 2200 dicta
2077 2144 2221 2203 beati
2248 2142 2563 2198 Jheronimi.
2597 2143 2773 2211 Quum
2802 2158 2931 2213 ergo
2954 2145 3007 2199 in
3032 2152 3263 2213 utraque
3290 2140 3482 2197 Jheru—

1904 2237 2075 2291 salem
2107 2251 2207 2291 nos
2226 2236 2526 2304 intelligere
2556 2234 2748 2291 maluit
2780 2236 2994 2292 visuros
3024 2245 3298 2299 terrenam
3321 2242 3486 2302 atque

1905 2329 2218 2393 caelestem,
2244 2345 2343 2383 cur
2370 2330 2458 2384 isti
2500 2330 2859 2384 contemtiose
2904 2328 3193 2383 caelestem
3226 2328 3346 2382 illos
3400 2343 3489 2382 ne—

1907 2428 2036 2493 gent
2070 2421 2405 2475 ascendere?
2440 2419 2788 2490 Nequaquam
2813 2421 2958 2474 enim
3000 2428 3061 2474 ut
3086 2420 3376 2475 coelestem
3407 2419 3488 2473 in-

1880 2506 2273 2584 telligeremus
2297 2513 2525 2579 diceret,
2576 2512 2622 2566 si
2674 2512 2729 2579 in
2751 2510 3053 2599 glorificata
3106 2528 3271 2593 carne
3291 2527 3385 2567 eos
3414 2526 3493 2567 re-

1907 2605 2217 2669 surrexisse
2252 2612 2494 2677 negaret.

1979 2698 2033 2752 8.
2064 2696 2217 2765 Quod
2257 2714 2364 2752 non
2404 2711 2595 2753 omnes
2625 2698 2797 2754 sancti
2826 2712 2963 2769 quos
3014 2699 3081 2753 ab
3119 2695 3318 2753 inferni
3349 2686 3495 2753 clau-

1903 2791 2034 2845 stris
2050 2791 2190 2845 eruit
2208 2790 2457 2845 Christus
2481 2791 2533 2844 in
2559 2806 2722 2857 carne
2748 2797 3185 2854 resurrexerunt,
3211 2790 3304 2846 sed
3330 2789 3485 2845 multi

1904 2889 1966 2937 ut
2011 2887 2257 2942 sanctum
2315 2880 2652 2951 evangelium
2694 2890 2801 2952 ayt.
2852 2881 3173 2936 Ambrosius
3236 2894 3496 2951 praecep-

1909 2980 1997 3027 tor
2029 2972 2318 3046 Augustini
2350 2973 2403 3033 in
2427 2974 2676 3035 docmate
2698 2973 2903 3028 Christi
2930 2974 2984 3027 in
3014 2972 3266 3029 homeliis
3286 2988 3500 3027 exame-

1912 3081 2012 3121 ron
2037 3067 2110 3121 ita
2136 3065 2377 3135 loquitur
2405 3081 2418 3117 τ
2449 3064 2583 3120 Pars
2615 3065 2880 3135 quaedam
2911 3066 3254 3133 antiquorum
3281 3073 3497 3134 patrum

1911 3176 2035 3215 cum
2067 3158 2285 3215 Christo
2312 3160 2365 3213 in
2398 3174 2561 3213 carne
2588 3158 2826 3229 resurgit
2853 3199 2868 3223 ,
2899 3165 2959 3211 ut
2986 3166 3171 3212 nostra
3196 3156 3500 3213 'resurectio

217 3249 404 3307 rltatis
428 3261 483 3305 et
503 3253 547 3306 si
574 3269 673 3323 pro
700 3254 859 3308 nobis
883 3254 1250 3326 suﬂ’ragantur
1266 3262 1322 3309 et
1355 3272 1385 3309 a
1406 3271 1515 3324 quo
1538 3263 1665 3309 sunt
1685 3272 1802 3311 sus-
1827 3252 1875 3316 α
1907 3254 2111 3320 absque
2127 3250 2482 3320 ambiguitate
2509 3249 2761 3307 veniente
2786 3248 2984 3307 iterum
3015 3247 3110 3305 illo
3128 3248 3360 3309 ebantet'
3380 3261 3500 3317 Spe-

222 3344 397 3408 citati,
414 3362 583 3415 quare
595 3362 701 3402 non
716 3347 1283 3417 erubescuntimprobi
1314 3347 1494 3403 dicere
1515 3363 1607 3403 eos
1628 3359 1804 3405 morte

220 3437 462 3491 secunda
498 3440 783 3509 gustasse?

296 3526 348 3581 6.
389 3526 521 3595 Quia
544 3527 841 3599 Jerusalem
867 3530 960 3611 ubi
1006 3529 1107 3585 visi
1131 3537 1256 3586 sunt
1288 3529 1367 3595 hi,
1398 3530 1631 3619 quicum
1654 3529 1808 3589 Chri-

219 3627 309 3677 sto
335 3628 754 3681 resurreserunt
774 3620 1063 3683 coelestem
1094 3620 1237 3678 illam
1264 3620 1522 3683 debemus
1547 3621 1807 3692 intellige-

220 3710 385 3772 reJn
410 3712 599 3767 eadem
645 3713 820 3777 adhuc
841 3712 953 3789 jam
983 3721 1337 3779 memoratam
1368 3715 1725 3771 ebdomadam
1752 3716 1807 3771 in

220 3802 387 3866 tertia
434 3802 645 3865 sabbati
676 3804 815 3866 sicut
841 3804 1093 3874 superius
1137 3805 1250 3860 dixi
1281 3805 1336 3873 in
1364 3806 1586 3871 gracula
1627 3821 1689 3873 ea
1717 3822 1810 3878 pe-

222 3890 347 3949 titio
375 3910 515 3965 quae
541 3911 639 3966 pro
665 3897 911 3951 oratione
940 3896 1211 3959 dominica
1236 3898 1434 3963 dicitur
1467 3900 1547 3954 sic
1571 3899 1805 3979 affatur:

221 3986 295 4049 ad
356 3988 655 4051 terribilem
685 3997 903 4057 tronum
956 3990 1148 4053 altaris
1194 4006 1357 4053 cursu
1405 3994 1617 4055 concito
1656 4002 1811 4063 pater

220 4079 564 4147 omnipotens
584 4086 939 4152 properantes
962 4096 1214 4159 rogamus
1234 4090 1295 4135 ut
1319 4083 1559 4147 omnium
1585 4094 1806 4155 peccata

220 4168 478 4225 labentur
511 4179 563 4226 et
592 4172 648 4226 in
673 4171 1039 4243 indulgentiali
1063 4182 1297 4245 ungento
1319 4191 1440 4241 esse
1458 4176 1810 4239 ecclesiastici

218 4264 469 4333 corporis
494 4265 810 4327 solidentur.
844 4266 962 4335 Quo
990 4268 1261 4338 possimus
1286 4270 1488 4333 nostris
1508 4286 1629 4325 cum
1655 4288 1813 4339 rena-

219 4354 299 4410 tis
335 4353 627 4421 infantibus
660 4357 928 4427 respirare
946 4365 999 4415 et
1023 4375 1146 4419 cum
1183 4360 1411 4416 mortuis
1457 4350 1729 4423 suscitatis
1757 4362 1813 4431 in

218 4443 561 4503 Jherusalem
574 4450 861 4504 caelestem
883 4451 1231 4506 medullatum
1256 4460 1532 4521 portantes
1551 4454 1813 4509 sacriﬁcia

219 4536 475 4596 introire.
499 4572 570 4581 —
595 4540 731 4596 Item
772 4543 1119 4611 beatissimus
1146 4544 1472 4619 Heronimus
1507 4548 1561 4617 in
1586 4547 1809 4619 cpistola

1909 3351 2030 3396 τθῐιι
2037 3358 2081 3394 ι’.

1978 3437 2034 3492 9.
2058 3436 2135 3490 De
2164 3451 2228 3491 eo
2272 3435 2413 3504 quod
2464 3434 2517 3488 in
2549 3432 2885 3507 apocalipsin
2918 3432 3115 3487 dicitur
3141 3433 3278 3487 haec
3321 3446 3499 3487 resur-

1908 3529 2079 3585 rectio
2112 3527 2287 3599 prima
2332 3535 2387 3581 et
2421 3534 2620 3595 cetera.
2666 3524 3015 3597 Jheronimus
3046 3526 3500 3597 Victorianusque

1910 3620 1985 3675 ita
2009 3626 2178 3691 ayunt
2206 3636 2219 3672 :
2253 3616 2572 3672 Resurectio
2609 3617 2784 3686 prima
2826 3631 2971 3670 nunc
2998 3623 3083 3670 est
3128 3630 3226 3685 per
3251 3614 3411 3671 fidem
3444 3615 3500 3668 in

1910 3712 2090 3767 anima
2115 3726 2239 3771 cum
2269 3726 2373 3781 qua
2417 3709 2728 3778 pervenitur
2762 3709 2828 3773 ad
2856 3708 3187 3780 baptismum
3218 3708 3501 3771 absolutus

1912 3808 1979 3860 ab
2012 3802 2262 3874 originali
2316 3809 2542 3871 peccato
2576 3802 2834 3855 introitus
2882 3800 2938 3855 in
2969 3816 3193 3872 regnum
3226 3800 3339 3855 Dei.
3392 3799 3500 3856 Re.

1911 3912 2077 3968 gnum
2113 3896 2299 3965 utique
2332 3911 2439 3959 non
2466 3893 2641 3949 solum
2670 3892 2801 3971 illud
2830 3892 2973 3963 quod
3023 3891 3139 3947 sine
3171 3890 3275 3959 fine
3300 3906 3494 3965 perpe-

1911 3994 2063 4041 tuum
2094 3986 2297 4041 sanctis
2318 3987 2440 4049 erit,
2473 3987 2567 4040 sed
2587 3993 2641 4040 et
2666 4000 2811 4039 nunc
2837 3985 2889 4039 in
2918 4000 3026 4054 quo
3054 3983 3305 4047 Christus
3334 3983 3389 4045 in
3413 3999 3497 4040 ec-

1912 4076 2076 4131 clesia
2106 4075 2367 4131 catholica
2403 4083 2612 4145 regnat.
2666 4075 2816 4142 Quae
2846 4075 3175 4143 resurrectio
3222 4090 3327 4131 non
3376 4090 3499 4159 per-

1913 4170 2082 4224 mittit
2130 4169 2380 4223 homines
2416 4168 2647 4222 transire
2676 4169 2744 4223 ad
2801 4176 3030 4223 mortem
3080 4167 3393 4223 secundam.
3426 4164 3502 4219 De

1914 4260 2017 4314 hac
2066 4259 2458 4329 resurrectione
2508 4259 2638 4331 dicit
2678 4256 3065 4329 apostoluszsi
3126 4256 3503 4311 resurrexistis

1914 4367 2036 4407 cum
2062 4351 2300 4415 Christo,
2326 4366 2465 4421 quae
2488 4366 2701 4405 sursum
2727 4359 2853 4405 sunt
2877 4348 3145 4419 quaerite.
3197 4342 3201 4345 ’

1987 4441 2073 4495 10.
2126 4442 2205 4496 Illi
2239 4458 2389 4507 vero,
2448 4442 2539 4512 qui
2575 4439 2955 4515 contradicunt
3007 4438 3291 4495 dicentes:
3340 4454 3502 4494 nemo

1915 4535 2157 4589 ascendit
2175 4534 2229 4588 in
2260 4533 2490 4598 coelum,
2521 4533 2625 4587 nisi
2653 4534 2741 4601 qui
2770 4531 3049 4595 descendit
3083 4532 3149 4588 de
3177 4532 3328 4593 coelo
3354 4531 3499 4593 filius

221 4631 295 4685 ad
328 4630 640 4687 Eliodomm
672 4649 773 4703 pro
797 4642 969 4689 mone
992 4634 1273 4705 Nepotiani
1304 4638 1624 4708 presbyteri,
1666 4655 1804 4708 quae
1833 4619 1887 4681 Ι)
1910 4624 2165 4691 hominis,
2194 4623 2582 4696 legantlibrum
2612 4624 2758 4677 beati
2784 4621 2983 4678 Iuliani
3011 4639 3116 4678 non
3144 4624 3376 4707 Pomerii
3402 4625 3499 4680 sed

220 4730 285 4777 et
304 4722 559 4792 epitafibn
586 4732 827 4789 vocatur,
878 4727 1019 4795 inter
1045 4726 1148 4801 alia
1170 4726 1325 4797 plura
1349 4727 1428 4787 sic
1446 4742 1607 4799 ,orsus
1626 4737 1709 4805 est
1733 4729 1819 4782 di—

223 4824 355 4865 cere
386 4828 399 4864 :
428 4810 590 4867 Multa
626 4829 855 4884 corpora
884 4825 1195 4870 sanctorum
1220 4818 1603 4871 dormientium
1635 4834 1815 4873 resur-

225 4914 487 4958 rexerunt
507 4914 560 4961 et
576 4915 941 4976 apparuerunt
966 4908 1018 4979 in
1035 4917 1278 4969 sanctum
1296 4905 1632 4979 Jhcrusalcm
1650 4911 1820 4973 cocle-

226 5004 390 5063 stem;
422 5007 475 5053 et
496 5007 625 5053 tunc
650 4998 927 5067 impletum
949 4982 1032 5053 est
1059 4998 1188 5053 illud
1209 4999 1479 5070 eulogium
1503 5019 1513 5053 :
1539 5018 1700 5072 surge
1721 5003 1814 5071 qui

227 5089 439 5144 dormis
487 5099 542 5144 et
573 5088 912 5144 inluminabit
957 5097 1008 5144 te
1054 5089 1321 5146 Christus.
1375 5090 1569 5146 Patent
1614 5102 1667 5146 et
1708 5094 1810 5147 alia

223 5180 387 5252 plura
419 5181 755 5236 diversorum
792 5182 1071 5237 doctorum
1109 5183 1175 5239 de
1207 5184 1307 5238 hac
1353 5199 1431 5248 re,
1474 5200 1613 5253 quae
1650 5189 1810 5240 modo

222 5291 341 5331 non
365 5286 493 5331 sunt
540 5275 718 5331 adlata
745 5277 946 5343 nostris
991 5278 1390 5347 conspectibus.
1426 5276 1531 5331 Sed
1563 5293 1624 5332 ea
1670 5294 1809 5361 quae

225 5368 300 5422 ab
323 5382 581 5438 praesens
610 5369 944 5439 repperimus
971 5408 985 5434 ,
1018 5368 1063 5424 si
1086 5378 1140 5423 et
1175 5385 1345 5439 pauca
1376 5368 1514 5424 aduc
1567 5370 1811 5426 testimo-

223 5459 322 5513 nia
353 5459 733 5531 proferamus;
760 5459 953 5515 beatus
996 5458 1223 5525 Rufinus
1266 5460 1548 5531 presbyter
1580 5460 1633 5514 in
1663 5476 1811 5515 com-

224 5551 521 5606 mentariis
556 5552 670 5607 suis
691 5552 934 5622 exposito
978 5552 1046 5607 de
1078 5551 1320 5622 symbolo
1372 5552 1448 5607 ita
1477 5553 1616 5609 inter
1656 5552 1807 5622 plura

223 5643 475 5711 loquitur
507 5662 520 5698 :
553 5643 726 5711 Quum
750 5644 997 5713 Christus
1027 5644 1265 5709 surrexit
1287 5653 1630 5699 monumenta
1662 5661 1811 5716 aper-

224 5744 289 5791 ta
321 5742 467 5800 sunt,
516 5743 572 5790 et
600 5737 766 5791 multa
796 5751 1027 5805 corpora
1076 5745 1390 5792 sanctorum
1427 5738 1809 5794 dormientium
1846 5734 1886 5761 "

1913 4717 2154 4771 Toletani
2184 4718 2275 4785 qui
2322 4718 2591 4771 vocitatur
2618 4717 2963 4781 anticimena,
2996 4718 3089 4788 qui
3138 4728 3383 4790 patratus
3410 4728 3497 4795 est

1916 4814 1982 4868 (le
2019 4813 2103 4867 his
2129 4813 2291 4867 rebus
2314 4825 2454 4889 quae
2478 4812 2752 4867 contraria
2790 4812 2842 4866 in
2876 4810 3174 4891 Scripturis
3221 4819 3501 4878 resonant,

1917 4911 2011 4965 sed
2036 4925 2143 4963 non
2164 4906 2433 4963 contraria
2464 4906 2531 4960 ab
2555 4908 2640 4962 his
2664 4908 2756 4976 qui
2785 4907 2932 4978 vigili
2957 4922 3119 4963 sensu
3140 4904 3501 4977 Scripturam,

1915 5004 1959 5075 si
1976 5000 2541 5072 mundaminquirunt,
2565 5000 2912 5072 intelligenda
2931 5008 3079 5067 sunt,
3093 5001 3233 5055 sicut
3247 5007 3376 5056 sunt
3388 4998 3504 5070 plu-

1913 5112 2081 5166 raque
2109 5096 2229 5151 istis
2251 5094 2628 5157 latet;ettune
2644 5101 2824 5155 tacere
2862 5094 3116 5165 studeant
3145 5103 3322 5150 etnon
3348 5092 3497 5165 loqui

1913 5204 2054 5259 quae
2080 5182 2487 5245 nesciunt.——Si
2505 5185 2833 5239 anticimena
2857 5186 3010 5239 abest
3031 5194 3255 5239 currant
3275 5185 3340 5239 ad
3355 5184 3500 5261 Agu-

1926 5283 2128 5337 stinum
2161 5288 2216 5334 et
2238 5278 2414 5348 ipsum
2448 5277 2725 5345 inquirant
2747 5277 2802 5343 in
2823 5276 2963 5331 libro
3004 5275 3360 5349 homeliarum

1917 5374 2239 5440 Jhoannem,
2258 5380 2312 5426 et
2325 5372 2500 5442 ipsum
2518 5371 2661 5425 hunc
2684 5371 2860 5435 locum
2876 5370 3501 5441 audiantexploranteut.
3564 5440 3567 5445 γ

1919 5467 2063 5522 Dicit
2088 5466 2234 5521 enim
2269 5482 2280 5519 :
2310 5479 2378 5519 ne
2415 5478 2517 5532 qua
2551 5462 2774 5539 territus
2804 5460 2856 5529 in
2888 5454 3000 5518 Deo
3047 5461 3357 5531 sentiretur,
3376 5456 3500 5535 ideo
3562 5450 3565 5457 ’

1862 5589 1871 5597 -
1919 5562 2119 5623 dixisse
2142 5559 2417 5617 Christum
2445 5558 2741 5621 credimus,
2762 5571 2922 5611 nemo
2949 5554 3191 5621 ascendit
3214 5554 3269 5607 in
3292 5553 3503 5608 coelum

1919 5655 2023 5709 nisi
2043 5654 2147 5724 qui
2184 5651 2464 5709 descendit
2508 5650 2574 5706 de
2602 5649 2753 5709 coelo
2796 5634 3031 5705 hominis
3060 5646 3306 5703 videlicet
3349 5642 3506 5705 Chri—
3550 5716 3559 5731 γ’

1918 5752 2035 5800 stus
2059 5744 2190 5798 deus
2210 5750 2266 5797 et
2288 5742 2450 5796 homo
2474 5756 2580 5807 una
2608 5754 2860 5813 persona.
2894 5736 2950 5792 Si
2975 5738 3095 5806 quis
3113 5752 3244 5793 vero
3266 5737 3498 5808 amplius

305 5864 335 5894 ι
361 5851 422 5919 lu
442 5852 685 5922 margine
696 5865 858 5908 manu
877 5851 1191 5924 posterioris
1214 5854 1409 5909 aetatis
1423 5854 1662 5910 additum
1680 5862 1797 5909 est:
1837 5854 1950 5929 sine
1966 5856 2126 5911 dubio
2145 5856 2383 5927 ingressu
2403 5864 2641 5911 sanctam
2660 5856 2919 5909 civitatem
2944 5852 3007 5905 de
3028 5869 3154 5910 oua.
