4050 6364
482 400 587 464 695

478 525 535 622 et
583 532 790 622 purum
839 536 950 590 ,am
1015 530 1291 596 puriorem
1342 534 1562 602 reddit,
1621 553 1895 611 eumque,
1946 545 2040 613 qui
2071 553 2176 622 Λή

477 608 806 680 ﬂagitiorum
855 617 1108 676 sordibus
1158 626 1564 684 contaminatus
1622 639 1704 686 est
1739 608 1779 700 ,ᾗ
1817 608 2041 704 expiat,

479 703 774 772 superbum
815 715 870 761 et
902 709 1102 765 elatum
1133 717 1430 783 contrahit,
1462 734 1684 797 segnem
1717 703 2044 797 tardumque

479 793 648 884 corde
682 794 924 864 excitat;
953 799 1302 872 dissolutum,
1341 795 1640 880 disciplina
1684 811 1817 884 jugo
1846 793 2046 870 astrin-

475 880 596 978 git,
631 883 966 978 Adurumque
1009 900 1064 946 et
1117 892 1463 954 inﬂexibilem
1511 880 1726 970 mollit;
1761 880 2042 978 siquidem

477 969 696 1070 aliquis,
721 977 864 1034 votis
887 980 1084 1038 vitain
1104 985 1299 1042 melius
1319 969 1719 1050 commutanda
1742 969 2043 1070 conceptis,

476 1059 718 1129 accedat,
748 1079 849 1120 nec
876 1069 1155 1136 audacter,
1182 1088 1283 1130 nec
1317 1089 1635 1148 arroganter
1661 1083 1863 1142 divinis
1896 1059 2046 1145 hisce

480 1149 644 1205 rebus
667 1155 1013 1228 propinquet;
1037 1177 1160 1217 cum
1185 1179 1317 1220 crux
1342 1169 1607 1237 pudentes
1629 1183 1683 1229 et
1706 1177 2046 1235 verecundos

475 1251 653 1346 amet;
685 1260 781 1303 eos
821 1259 999 1306 autem
1024 1293 1040 1320 ,
1071 1256 1270 1325 quibus
1319 1263 1578 1318 contrarii
1635 1280 1814 1324 mores
1839 1308 1855 1338 ,
1884 1286 2043 1341 quam

477 1347 710 1391 maxume
737 1350 1037 1401 aversetur.
1270 1365 1273 1367 ’

551 1421 664 1481 Hoc
713 1429 987 1488 viviﬁcum
1044 1433 1252 1507 lignum
1296 1443 1472 1499 oculis
1523 1457 1845 1518 usurpatum
1873 1451 2045 1507 medi-

476 1512 814 1611 cinam-feeit
843 1521 932 1590 ei,
987 1527 1079 1595 qui
1106 1542 1171 1582 ex
1211 1530 1406 1587 intuitu
1455 1512 1784 1595 blandientis
1829 1541 1960 1611 ligni
1990 1543 2045 1596 in

477 1605 731 1696 paradiso
775 1612 934 1680 quasi
967 1613 1280 1675 incantatus
1330 1621 1471 1688 fuit,
1514 1628 1780 1696 aspectui.
1817 1605 2048 1696 Quando

477 1693 684 1764 lignum
716 1698 820 1755 hoc
857 1701 1016 1760 labiis
1042 1716 1097 1762 et
1121 1710 1296 1767 oculis
1318 1693 1679 1784 applicamus,
1718 1733 1748 1773 a
1779 1693 2045 1778 mortiferi

479 1783 610 1856 ligni
659 1799 872 1859 gustatu
919 1804 972 1850 et
1022 1808 1278 1856 contactu
1319 1783 1608 1862 confestim
1648 1809 1966 1868 liberamur.
2001 1813 2047 1869 0

479 1879 910 1972 magnitudinem
944 1886 1097 1955 doni,
1123 1894 1271 1962 quod
1305 1911 1452 1951 nunc
1482 1899 1697 1968 publice
1730 1907 1958 1972 prostat!
1998 1904 2043 1960 Ο
2077 1879 2118 1934 Β

478 1975 562 2020 ter
605 1965 818 2062 felicem
852 1973 1284 2038 beatitudinem!
1315 1965 1612 2059 Prius'per
1638 1965 1841 2062 lignum
1879 1994 2047 2051 inter-

475 2059 666 2156 empti,
697 2077 846 2156 nunc
880 2081 977 2136 per
1013 2069 1219 2142 lignum
1263 2075 1429 2133 vitam
1479 2059 1805 2152 reperimus;
1831 2087 1984 2156 prius
2013 2103 2043 2143 a

475 2146 648 2250 ligno“
679 2153 930 2226 decepti,
1001 2172 1361 2224 veteratorem
1422 2146 1727 2242 serpentem
1789 2146 1848 2232 in
1899 2178 2046 2250 ligno

476 2240 796 2308 repulimus.
826 2246 990 2306 Nova
1017 2263 1070 2308 et
1096 2258 1364 2327 pergrina
1390 2240 1634 2330 profecto
1663 2240 2048 2325 commutaiio—

475 2345 590 2386 nes.
606 2332 726 2426 _Pro
772 2349 948 2397 morte
993 2343 1153 2401 datur
1178 2349 1308 2415 vita,
1333 2366 1435 2420 pro
1462 2357 1816 2426 corruptione
1852 2360 2038 2416 incor-

473 2424 699 2524 ruptio,_
718 2443 819 2498 pro
869 2433 1136 2494 dedecore
1185 2441 1380 2509 gloria.
1430 2443 1552 2502 Non
1589 2424 1688 2506 abs
1710 2467 1770 2506 re
1799 2466 1928 2524 ergo
1953 2469 2047 2508 ex-

471 2512 727 2574 clamavit
788 2535 1010 2582 sanctus
1063 2529 1408 2600 Apostolus:
1465 2537 1606 2594 Mihi
1667 2512 2046 2600 autemvabsit

466 2607 716 2678 gloriari,
745 2615 850 2669 nisi
873 2617 927 2672 in
955 2635 1109 2677 cruce
1160 2624 1376 2682 Domini
1433 2633 1606 2686 nostri
1653 2632 1786 2690 Jesu
1823 2636 2043 2705 Christi,

467 2715 568 2799 per.
590 2719 742 2799 quem
774 2709 904 2764 mihi
935 2714 1160 2770 mundus
1191 2721 1482 2790 cruciﬁxus
1521 2735 1597 2778 est
1620 2767 1636 2792 ,
1684 2735 1734 2780 et
1770 2745 1866 2799 ego
1895 2747 2048 2786 mun-

469 2791 578 2893 do“
599 2793 622 2847 ?
641 2793 777 2893 liam
805 2814 1020 2860 summa
1045 2805 1135 2865 illa
1151 2810 1436 2882 sapientia,
1457 2791 1663 2886 quaex
1697 2791 1860 2876 cruce
1887 2825 2046 2893 quasi

469 2883 724 2986 θελοι-σὴ,
759 2894 1050 2953 mundana
1079 2901 1360 2970 sapientia
1392 2883 1712 2977 iactantiam
1768 2924 1822 2969 et
1851 2883 2044 2986 super-

469 2975 654 3077 cilium
679 2982 925 3041 stultitia
948 2989 1242 3062 redarguit.
1289 2975 1587 3068 Omnigeua
1627 3001 1893 3060 bonorum
1919 2975 2048 3077 spe-

471 3067 604 3164 cies,
640 3085 762 3140 qua
785 3085 854 3129 ex
881 3089 1044 3134 cruce
1074 3082 1308 3151 exstitit,
1339 3067 1562 3145 malitia
1577 3104 1630 3147 et
1655 3095 1909 3164 nequitia
1924 3067 2046 3164 ger-

472 3158 630 3266 mina.
673 3167 997 3266 amputavit.
1061 3168 1238 3240 Hujus
1281 3175 1414 3247 ligni
1459 3179 1648 3251 ﬁgura
1693 3158 1958 3244 duntaxth
1988 3198 2038 3244 et
2068 3208 2111 3266 ε

471 3253 1030 3328 prasignitlcationes,
1084 3261 1197 3332 jam
1247 3265 1374 3323 inde
1430 3271 1501 3325 ab
1563 3273 1792 3330 exordio
1849 3279 2040 3333 mundi

473 3357 658 3400 rerum
703 3347 941 3404 maxime
996 3350 1330 3410 mirabiliora
1385 3368 1530 3414 nota
1587 3358 1814 3418 fuerunt
1863 3374 1916 3420 et
1962 3365 2044 3422 in-

470 3431 640 3490 dices.

541 3523 678 3579 Vide
725 3526 874 3584 enim
933 3529 1185 3602 quisquis
1231 3535 1442 3593 sciendi
1496 3537 1773 3596 desiderio
1817 3544 2040 3601 teneris.

471 3613 666 3672 Nonne
695 3618 809 3674 Noe
859 3621 1060 3694 exiguo
1096 3626 1244 3696 ligno
1273 3643 1396 3682 cum
1433 3629 1558 3685 filiis
1577 3640 1633 3687 et
1671 3634 1959 3699 uxoribus.
1989 3644 2045 3690 et

472 3723 597 3763 cum
627 3712 806 3768 omnis
847 3716 1062 3785 generis
1103 3719 1434 3776 animalibus
1468 3722 1658 3779 diluvii
1683 3727 1909 3783 exitium
1959 3728 2044 3783 di-

471 3799 601 3854 vino
630 3799 848 3859 decreto
871 3805 1097 3878 eﬂ'ugit?
1127 3808 1318 3868 Nonne
1362 3809 1532 3868 Iacob
1559 3816 1756 3884 positis
1787 3817 1840 3873 in
1881 3834 2045 3874 caua-

473 3890 615 3947 libus
641 3892 827 3964 lignis,
851 3896 1109 3956 detractis
1154 3901 1307 3970 prius
1344 3905 1660 3973 corticibus,
1687 3923 1753 3964 eo
1779 3918 2042 3980 tempore,

472 3997 584 4050 quo
631 3986 994 4042 ascendebant
1040 4004 1191 4056 oves,
1250 4000 1393 4050 totos
1438 4011 1629 4068 greges
1687 4014 1882 4070 magna
1927 4016 2046 4056 om-

473 4075 624 4128 nium
681 4077 1048 4136 admiratione.
1107 4097 1240 4150 suos
1284 4084 1459 4148 fecit?
1516 4087 1655 4156 Quid
1710 4105 1842 4146 vero
1893 4093 2044 4163 virga

472 4163 695 4234 .loscpli,
725 4167 885 4237 cujus
909 4167 1184 4242 fastigium
1217 4175 1540 4243 patriarchal
1563 4175 1735 4234 Jacob
1771 4179 2044 4248 adoravit,

473 4256 618 4312 aliud
657 4265 742 4314 est
778 4275 946 4330 quam
991 4264 1300 4332 symbolum
1338 4266 1460 4334 ejus
1509 4268 1655 4338 quod
1679 4285 1826 4325 nunc
1849 4270 2048 4328 adora-

1702 423 1766 484 S.
1804 423 2198 489 THEODORI
2245 434 2594 498 STUDITAZ

3615 445 3720 510 696

2183 557 2470 624 γνισμὲνον
2510 558 2966 630 ἐπικαθαίρουσα,
3013 557 3123 614 τῶν
3168 576 3230 613 τε
3264 556 3718 628 κεκηλιδωμένων

2151 648 2442 720 μολυσμῶν
2472 651 2925 716 ἀπαλλάττουσα,
2977 652 3070 706 τὸν
3112 650 3461 722 ὐπεραύχενα
3497 649 3720 704 συστέλ-

2146 736 2332 802 λουσα,
2358 739 2456 792 καὶ
2487 739 2579 793 τὸν
2607 739 3006 812 νωθροκάρδιον
3049 740 3416 812 διεγείρουσα,
3447 739 3540 793 τδν
3579 753 3719 810 παρη

2147 829 2362 900 ειμένον
2389 833 2716 904 σφίγγουσα,
2750 833 2846 887 καὶ
2878 832 2968 887 τὸν
3003 833 3315 904 ἀτεράμονα
3349 831 3716 903 μαλάττουσα,

2146 920 2306 992 είπερ
2334 920 2564 984 ἕκαστος
2621 921 2848 991 ὲγγύαις
2885 923 3006 986 ταῖς
3053 921 3191 992 πρὸς
3219 921 3280 973 τδ
3325 922 3573 991 κρεῖττον
3619 918 3717 988 τὴν

2147 1012 2506 1080 προσέλευσιν
2548 1013 2847 1084 ποιήσοιτο,
2885 1011 3023 1066 ἀλλὰ
3059 1012 3134 1084 μὴ
3177 1011 3468 1082 τολμηρῶς
3496 1010 3592 1064 καὶ
3617 1011 3718 1064 αύ-

2147 1103 2327 1168 θαδῶς
2351 1106 2464 1168 τοῖς
2487 1103 2652 1168 θείοις
2680 1103 3136 1175 προσπελάσειεν,
3167 1103 3398 1172 ἐπείπερ
3421 1101 3548 1164 τοὺς
3565 1103 3717 1172 αἰδή-

2149 1213 2318 1267 μονας
2343 1191 2450 1250 οἵδε
2475 1196 2814 1267 προσίεσθαι,
2839 1195 3280 1267 ἀποστρέφεσθαι
3301 1193 3347 1248 δ’
3374 1194 3457 1250 ὅτι
3485 1194 3716 1266 μάλιστα

2149 1289 2272 1352 τοὺς
2299 1287 2474 1352 ἄλλως
2506 1288 2753 1360 ἔχοντας.

2220 1469 2392 1523 Τοῦτο
2429 1468 2490 1522 τὸ
2527 1467 2790 1532 ζωοποιδν
2844 1465 3000 1533 ξύλον
3043 1465 3320 1538 δρώμενον
3374 1466 3474 1536 τὴν
3503 1465 3567 1518 ὲκ
3616 1467 3716 1536 τῆς

2146 1561 2238 1616 τοῦ
2299 1558 2584 1615 θελκτικοῦ
2654 1559 2812 1624 ξύλου
2877 1557 3265 1630 προσϐλέψεως
3327 1557 3715 1626 γοητευθεῖσαν

2146 1654 2303 1726 ἡμῶν
2353 1653 2411 1704 ὲν
2441 1650 2754 1723 παραδείσῳ
2791 1649 2980 1703 ίάσατο
3029 1650 3257 1720 ὅρασιν·
3297 1648 3460 1702 τοῦτο
3481 1649 3540 1702 τδ
3578 1651 3716 1714 ζωο-

2149 1744 2302 1798 ποιδν
2332 1742 2488 1808 ξύλον
2547 1743 2992 1813 προσαπτόμενω
3035 1739 3240 1811 χείλεσι
3269 1756 3330 1792 τε
3371 1739 3461 1791 καὶ
3504 1739 3714 1809 δμμασι

2145 1835 2244 1906 τῆς
2267 1835 2561 1905 γευστικῆς
2592 1832 2690 1887 τοῦ
2736 1832 3116 1904 θανατηφόρου
3172 1831 3334 1898 ξύλου
3381 1830 3717 1885 ἀπαλλαττό-

2151 1926 2288 1998 μεθα
2322 1925 2740 1997 προσψαύσεως.
2792 1924 2856 1976 Ὢ
2909 1925 3007 1994 τῆς
3059 1922 3430 1992 προκειμένης
3483 1921 3716 1994 μεγαλο-

2145 2019 2394 2088 δωρεᾶςι
2429 2017 2473 2071 ὣ
2507 2020 2605 2088 τῆς
2635 2016 2944 2088 τρισολϐίου
2971 2013 3404 2086 μακαριότητοςι
3438 2013 3628 2083 ἐπειδὴ
3657 2011 3719 2066 τδ

2146 2111 2278 2182 πρὶν
2315 2109 2405 2164 διὰ
2446 2108 2605 2173 ξύλου
2641 2106 3093 2178 τεθανατὼμεθα,
3123 2107 3186 2159 ὲν
3215 2104 3358 2175 ξύλῳ
3392 2103 3490 2176 τὴν
3519 2103 3718 2158 ἀθανα-

2146 2201 2268 2258 σίαν
2295 2199 2578 2271 εύράμεθα
2600 2214 2615 2230 °
2641 2199 2746 2252 ὑπὸ
2779 2199 2938 2264 ξύλου
2977 2197 3472 2266 κατασοφισθὲντες
3500 2195 3561 2248 τδ
3585 2196 3717 2265 πρό-

2143 2308 2324 2363 τερον,
2366 2293 2424 2344 ὲν
2452 2289 2594 2361 ξύλῳ
2642 2289 2734 2342 τὸν
2768 2287 3029 2357 σοφιστὴν
3059 2287 3182 2356 ὅφιν
3230 2285 3714 2356 ἀπεκρουσάμεθα.

2145 2383 2227 2437 Τὰ
2281 2380 2710 2450 ἀνταλλάγματα
2745 2379 2908 2447 ξέναι
2945 2379 3092 2432 Ἀντὶ
3133 2377 3362 2431 θανάτου
3403 2376 3550 2446 ζωὴ,
3600 2376 3719 2429 ἀντὶ

2145 2474 2354 2547 φθορᾶς
2402 2473 2716 2546 ἀφθαρσία,
2765 2471 2880 2526 ἀντ’
2931 2470 3164 2534 ὀνείδους
3211 2469 3378 2538 δόξαι
3431 2469 3718 2541 Εύκαίρως

2144 2566 2238 2624 οὖν
2263 2569 2292 2622 ὁ
2323 2567 2464 2639 ίερδς
2490 2565 2815 2629 Ἀπόστολος
2857 2564 3118 2635 βεϐόηκεν
3143 2579 3158 2593 ·
3204 2562 3360 2630 Ἐμοὶ
3398 2561 3468 2618 δὲ
3505 2561 3594 2631 μὴ·
3619 2561 3717 2631 τέ..

2145 2677 2308 2716 νοιτο
2334 2657 2696 2726 καυχᾶσθαι,
2717 2658 2771 2710 εί
2799 2655 2885 2724 μὴ
2914 2655 2985 2708 ἐν
3003 2650 3078 2722 τῷ
3097 2651 3338 2721 σταιιοῷ
3360 2653 3469 2707 τοῦ
3495 2653 3718 2720 Kvplov

2145 2749 2318 2822 ἡμῶν
2347 2747 2552 2816 Ἰησοῦ
2576 2745 2857 2814 Χριστοῦ,
2886 2743 2963 2798 δι’
2991 2740 3062 2799 οὗ
3089 2743 3217 2813 ἐμοὶ
3251 2743 3480 2811 κόσμος
3499 2742 3716 2796 ἐσταύ-

2139 2855 2346 2910 ρωται,
2381 2839 2542 2909 κάγὼ
2576 2837 2656 2904 τῷ
2703 2837 2929 2906 κόσμῳ.
2979 2837 3070 2889 Ἐν
3101 2835 3215 2905 γὰρ
3240 2833 3457 2907 σταυρῷ
3479 2834 3513 2900 ἠ
3548 2833 3717 2904 ὑπέρ-

2149 2947 2310 3000 σοφος
2335 2931 2494 3000 σοφία
2525 2929 2887 3000 ὲξανθήσασα,
2914 2928 2982 2981 τὰ
3023 2927 3321 2997 αὐχήματα
3365 2925 3462 2979 τοῦ
3510 2925 3717 2992 κόσμου

2148 3025 2337 3094 σοφίας
2365 3021 2647 3094 ἐμώρανεν
2669 3037 2684 3051 ⁶
2707 3022 2764 3075 ὲν
2799 3018 3022 3091 σταυρῷ
3047 3019 3250 3082 παντὸς
3274 3018 3482 3088 εἶδησις
3507 3014 3720 3084 ἀγαθοῦ

2147 3117 2640 3190 καρποφορήσασα,
2681 3112 2749 3166 τὰ
2787 3112 2885 3184 τῆς
2911 3111 3113 3175 κακίας
3148 3110 3503 3182 βλαστήματα
3549 3108 3716 3174 ἀπεξ-

2143 3211 2326 3280 ἐτεμε.
2346 3207 2550 3261 Τούτου
2580 3204 2673 3260 τοῦ
2703 3203 2861 3268 ξύλου
2895 3203 2988 3256 καὶ
3012 3201 3174 3256 τύποι
3220 3201 3379 3271 μόνον
3400 3199 3720 3272 θαυμασίων

2147 3303 2285 3357 είσὶν
2313 3298 2372 3365 ἐξ
2401 3298 2599 3362 αἰῶνος
2618 3298 2700 3351 ὃτι
2730 3295 2968 3368 μάλιστα
2996 3295 3376 3367 γνωρίσματα.

2218 3542 2362 3613 Ὅρα
2393 3540 2522 3611 γὰρ,
2555 3541 2583 3594 ὁ
2609 3537 2950 3610 φιλομαθήςι
2987 3536 3122 3607 Οὐχὶ
3171 3534 3315 3606 ξύλῳ
3359 3534 3544 3606 μικρῷ
3591 3533 3716 3588 Νῶε

2151 3633 2248 3686 σὺν
2291 3631 2431 3684 υἱέσι
2479 3629 2575 3683 καὶ
2615 3626 2855 3697 γυναιξὶ,
2889 3625 3029 3696 πρὸς
3075 3625 3132 3678 δὲ
3182 3625 3344 3678 παντὶ
3372 3623 3522 3691 γένει
3567 3621 3721 3688 ζώων

2149 3723 2538 3794 κατακλυσμοῦ
2579 3720 2801 3792 δλεθρον
2839 3717 3137 3788 θεοκρίτως
3174 3716 3553 3784 ὲκπὲφευγεν;
3599 3712 3720 3783 οὐχὶ

2151 3816 2329 3882 ξύλοις
2376 3813 2690 3886 παρέθηκεν
2729 3810 2924 3866 Ἰακὼϐ
2984 3809 3459 3880 ὲκλελεπισμένοις
3507 3808 3566 3860 ὲν
3610 3807 3722 3870 τοῖς

2148 3907 2347 3979 ληνοῖς,
2396 3905 2539 3960 κατὰ
2587 3905 2687 3976 τὴν
2720 3901 2965 3967 ὲπίτεξιν
3008 3900 3117 3954 τῶν
3151 3899 3485 3971 θρεμμάτων
3530 3897 3722 3950 τεθαυ-

2152 3998 2447 4070 μασμένως
2488 3997 2568 4060 είς
2599 3995 2791 4048 ἑαυτὸν
2835 3993 3189 4064 ἅπηγάγετο;
3239 3991 3292 4044 τί
3337 3990 3417 4055 δὲ,
3453 3991 3486 4060 ἡ
3532 3989 3723 4060 ῥάϐδος

2164 4093 2387 4162 Ἰωσὴφ,
2413 4085 2482 4162 ἧς
2541 4086 2952 4160 προσεκύνησεν
3007 4085 3104 4139 ἐπὶ
3137 4083 3198 4138 τὸ
3239 4083 3409 4154 ἄκρον
3461 4079 3659 4136 Ἰακὼϐ
3695 4081 3725 4132 ὁ

2152 4183 2518 4253 πατριάρχης,
2549 4179 2768 4241 πάντως
2800 4193 2854 4230 τι
2908 4174 3042 4229 ἄλλο
3081 4174 3116 4245 ἢ
3171 4173 3446 4243 σύμϐολον
3487 4171 3582 4226 τοῦ
3628 4169 3724 4224 νῦν

2152 4271 2632 4346 προσκυνουμένου
2677 4267 2805 4339 παρ’
2838 4268 2974 4338 ἡμῖν
3021 4263 3289 4330 ζωοποιοῦ
3337 4262 3537 4331 ξύλους
3566 4262 3622 4315 τί
3666 4263 3725 4316 δὲ

475 4363 562 4402 ιιιι·
589 4348 785 4404 viviﬁci
820 4351 1002 4424 ligni?
1037 4353 1181 4420 Quid
1216 4371 1346 4414 vero
1379 4373 1570 4414 rursus
1610 4359 1763 4430 virga
1814 4358 2048 4432 Moysis?

2152 4341 2313 4422 πάλιν
2344 4367 2378 4436 ἡ
2403 4363 2496 4418 τοῦ
2519 4361 2765 4459 Μωσέως
2796 4359 2993 4430 ῥάϐδος
3014 4357 3135 4459 ού.
3153 4357 3324 4420 τύπος
3350 4353 3622 4459 σταυρρῦς

475 4438 669 4496 Nonne
735 4443 910 4513 ﬁgura
958 4447 1176 4502 crucis?
1238 4465 1385 4505 nunc
1437 4450 1652 4521 quidem
1727 4467 1926 4523 aquam
1988 4452 2045 4508 in

2157 4457 2256 4528 μὲν
2286 4454 2348 4509 τὸ
2372 4452 2516 4526 ὕδωρ
2561 4451 2642 4514 είς
2692 4443 2834 4519 αἷμα
2872 4447 3307 4518 μεταϐάλλουσα,
3354 4447 3438 4537 πῆλ
3598 4443 3723 4537 τοὺς

473 4533 796 4604 sanguinem
853 4545 1250 4603 transmutans,
1299 4555 1444 4595 nunc
1495 4541 1718 4600 lictitios
1766 4554 2048 4612 serpentes

2150 4544 2533 4620 ψευδωνύμους
2574 4542 2729 4613 δφεις
2757 4541 2864 4595 τῶν
2903 4539 3175 4594 ἐπαοιδῶν
3215 4533 3601 4598 κατεσθίουσα,
3633 4534 3726 4588 καὶ

471 4641 756 4698 magorum
813 4627 1124 4696 devorans,
1168 4630 1333 4686 modo
1386 4631 1499 4686 ictu
1557 4641 1614 4688 et
1659 4631 1896 4704 impulsu
1947 4651 2049 4694 suo

473 4731 630 4772 mare
668 4717 938 4784 dividens,
985 4719 1098 4790 jam
1156 4735 1322 4777 cursu
1367 4736 1632 4780 converso
1661 4727 1830 4782 maris
1867 4727 2048 4784 undas

473 4809 763 4877 reducens,
815 4811 1109 4884 hostesque
1162 4814 1550 4887 submergens;
1603 4805 1698 4872 eos
1748 4833 1902 4884 vero,
1957 4820 2050 4891 qui

475 4899 750 4966 legitimus
812 4903 1044 4972 populus
1100 4911 1262 4969 erat,
1315 4917 1669 4960 conservans.
1737 4903 1889 4962 Talis
1947 4907 2053 4964 fuit

472 4990 638 5045 etiam
689 4991 840 5062 virga
891 4994 1184 5062 Aaronica,
1237 4999 1418 5053 crucis
1481 4997 1673 5068 figura,
1721 4999 1914 5054 eodem
1962 4999 2052 5056 die

474 5078 860 5158 frondescens,
936 5083 1350 5156 legitimumque
1423 5087 1766 5144 sacerdotem
1819 5088 2050 5145 demou-

471 5181 677 5228 strans.
701 5171 1025 5243 Quanquam
1051 5175 1269 5247 longum
1302 5179 1466 5235 nimis
1514 5177 1735 5246 faciam,
1775 5181 1821 5237 si
1856 5195 2052 5238 omnes

471 5264 654 5320 crucis
681 5265 1222 5335 prasigniﬁcationes
1253 5268 1308 5323 in
1335 5285 1500 5324 unum
1543 5272 1854 5328 conducere
1881 5273 2046 5328 nitar.

474 5356 625 5411 llanc
652 5357 795 5410 enim
836 5358 1164 5428 pranotavit
1195 5359 1493 5424 Abraham,
1527 5378 1649 5419 cum
1685 5364 1857 5418 lilium
1889 5366 2050 5421 colli-

469 5452 656 5516 gatum
705 5447 975 5520 lignorum
1023 5449 1160 5504 strui
1208 5449 1490 5522 imposuit.
1543 5453 1699 5508 Hanc
1742 5455 2051 5524 designavit

467 5539 660 5605 Jacob,
691 5557 817 5597 cum
862 5541 1113 5599 manibus
1140 5543 1462 5612 permutatis
1494 5544 1618 5600 filiis
1654 5544 1854 5617 Joseph
1886 5547 2051 5603 bene-

470 5636 762 5692 dictionem
804 5639 1084 5710 impertiit.
1115 5639 1381 5711 Agedum,
1423 5641 1596 5707 ipsum
1643 5657 1864 5713 quoque
1899 5641 2050 5714 Moy-

471 5744 567 5784 sen
626 5728 855 5798 ﬁguram
912 5731 1092 5789 crucis
1141 5733 1379 5800 habeto,
1432 5733 1524 5804 qui
1561 5734 1880 5790 extensione
1932 5752 2048 5790 rua-

542 5840 567 5870 ⁸
598 5841 772 5896 Galat.
805 5859 879 5911 vi,
909 5845 992 5898 Η.

2152 4643 2279 4713 ἄρτι
2311 4639 2410 4710 μὲν
2437 4634 2746 4708 κρούσματι
2774 4631 2872 4703 τὴν
2900 4632 3178 4686 θάλασσαν
3207 4630 3502 4701 τέμνουσα,
3519 4628 3644 4698 ἄρτι
3671 4626 3725 4680 δὲ

2153 4726 2588 4802 ὲπιστρεπτικῶς
2611 4725 2711 4796 τὴν
2740 4725 2914 4796 ὑγρὰν
2941 4723 3318 4816 συνάπτουσα,
3345 4722 3440 4775 καὶ
3466 4721 3592 4816 τους
3629 4717 3726 4788 μὲν

2152 4818 2440 4888 δυσμενεῖς
2479 4812 2954 4877 καταποντίζουσα
2977 4851 2991 4878 ,
3034 4813 3162 4874 τοὺς
3218 4811 3275 4864 δὲ
3304 4809 3724 4880 ’γνησιεύοντας

2152 4907 2516 4973 διασώζουσα.
2567 4903 2806 4975 Τοιαύτη
2860 4903 2956 4957 καὶ
3012 4903 3048 4974 ὴ
3109 4903 3442 4976 Ἀαρωνῆτις
3494 4900 3724 4974 ῥάϐδος,

2153 5000 2445 5062 ἀντίτυπος
2469 4996 2726 5070 σταυροῦ,
2767 4995 3079 5067 αύθήμερον
3117 4993 3489 5065 ὲξανθήσασα,
3515 4990 3612 5045 καὶ
3637 4989 3727 5043 τὸν

2152 5093 2378 5164 γνήσιον
2433 5089 2535 5160 τῆς
2571 5087 2872 5160 ἱερωσύνης
2918 5085 3265 5151 ὑποδείξασα.
3297 5082 3474 5150 Καίγε
3516 5098 3726 5153 μακρο-

2153 5186 2306 5239 επεῖν
2363 5180 2600 5251 δόξαιμι,
2641 5182 2892 5248 συνάγων
2917 5176 3018 5232 ’τοῦ
3063 5174 3360 5247 σταυρικοῦ
3403 5174 3578 5227 τύπου
3627 5171 3727 5234 τὰς

2154 5274 2442 5347 ἐμφάσεις.
2474 5271 2645 5326 Τοῦτο
2685 5271 2805 5342 μὲν,
2864 5269 3030 5342 ἡνίκα
3079 5265 3334 5340 Ἀϐραὰμ
3379 5265 3729 5336 συμποδήσας

2165 5367 2356 5421 Ἰσαὰκ
2387 5365 2479 5420 τὸν
2505 5364 2620 5418 υίδν
2657 5362 2843 5428 αὐτοῦ,
2875 5361 3146 5432 ἐπέθηκεν
3184 5359 3350 5415 αὑτὸν
3383 5358 3566 5412 ἐπάνω
3621 5355 3730 5408 τῶν

2155 5457 2328 5524 ξύλων
2346 5474 2360 5488 °
2387 5456 2545 5511 τοῦτο
2571 5455 2649 5520 δὲ,
2671 5453 2876 5509 ὁπόταν
2906 5450 3124 5517 Ἰακὼϐ,
3156 5448 3395 5518 εὐλογῶν
3422 5449 3550 5512 τοὺς
3583 5447 3729 5510 υἱοὺς

2165 5550 2386 5622 Ἰωσὴφ,
2406 5545 2636 5611 ἐναλλὰξ
2659 5545 2758 5610 τὰς
2789 5546 2978 5616 χεῖρας
3009 5541 3542 5616 μετεσχηματίσατο.
3563 5536 3730 5609 Δεῦρό

2158 5659 2246 5712 μοι
2276 5640 2407 5696 λάϐε
2429 5639 2524 5694 καὶ
2546 5637 2710 5692 αὑτὸν
2733 5637 2797 5708 δὴ
2827 5635 3068 5692 Μωῦσέα
3096 5637 3162 5707 τῇ
3192 5634 3304 5688 τῶν
3337 5631 3542 5705 χειρῶν
3571 5629 3727 5684 ἑκτά-

2155 5751 2237 5787 σει
2271 5733 2362 5787 τὸν
2402 5730 2650 5805 Ἀμαλὴκ
2699 5730 3090 5804 τροπούμενον.
3132 5729 3268 5801 Φέρε
3320 5727 3416 5800 δὴ,
3455 5726 3589 5799 φέρε
3635 5722 3728 5779 καὶ
