4050 6364
277 419 379 484 697

1160 432 1444 495 ORATIO
1464 432 1547 496 II.
1579 461 1649 474 ν-
1678 437 1761 498 IN
1793 438 2346 505 ADORATIONEM
2385 447 2679 509 CRUCIS-

3426 464 3532 527 698

267 530 358 583 τὸν
398 528 675 586 Ἐλισσαιὲ
711 535 971 592 καθιέντα
1003 540 1089 610 ἐφ’
1125 541 1268 614 ὕδωρ
1317 544 1380 598 τὸ
1407 545 1584 613 ξύλον,
1625 549 1717 602 καὶ
1747 550 1838 604 τὸν

1951 570 2110 609 unum
2143 557 2473 615 Amalecitas
2502 560 2556 616 in
2589 563 2773 633 fugam
2803 569 2982 624 vertit.
3016 570 3258 642 Agedum
3310 587 3364 630 et
3417 579 3530 632 Ell-

269 619 485 690 σίδηρον
511 623 576 676 ὲκ
597 622 794 693 βάθους
819 625 1138 684 ἀνέλκοντα.
1155 625 1356 685 Τούτου
1377 633 1441 704 δὴ
1463 634 1556 688 τοῦ
1575 635 1746 690 τύπου
1779 638 1839 692 ού

271 710 430 783 μόνον
459 713 516 766 ἑν
543 717 610 787 τῇ
636 715 850 789 Παλαιᾷ
878 719 1146 793 Διαθήκῃ.
1176 721 1310 776 ἀλλά
1343 726 1437 779 καὶ
1467 727 1525 780 ὲν
1554 731 1620 800 τῇ
1661 729 1844 802 χάριτι

269 809 440 864 πολλά
472 810 542 866 τά
568 812 865 884 τεράστια·
889 815 949 867 ἐν
981 815 1160 882 νίκαις
1184 818 1248 891 δὴ
1283 820 1598 896 βαρϐάρων,
1633 827 1691 880 ἐν
1713 827 1845 899 δρα-

1952 843 2060 884 non
2090 829 2250 885 modo
2287 831 2340 886 in
2389 831 2564 889 Veteri
2615 835 2985 909 Testamento,
3043 845 3140 902 sed
3191 809 3247 902 et
3306 850 3357 904 in
3383 809 3532 919 "lege

271 903 428 972 σμοῖς
485 903 776 976 δαιμόνων,
811 907 870 961 ὲν
926 908 1267 978 ἀπαλλαγαῖς
1301 914 1492 982 νόσων,
1527 919 1586 971 έν
1641 920 1845 976 ἀπασιν

267 991 448 1056 ἀλλοις
475 985 550 1047 ὧν
579 995 680 1050 οὐκ
709 994 825 1051 ἐστι
847 997 947 1070 τῆς
986 1000 1348 1074 ἀναμνήσεως
1379 1006 1632 1079 ἀριθμός.

350 1257 514 1330 Ὁρᾷς
543 1261 641 1332 ὅση
670 1260 900 1333 δύναμις
931 1263 990 1318 έν
1026 1265 1108 1336 τῷ
1150 1265 1309 1339 τύπῳ
1345 1269 1441 1323 τοῦ
1484 1272 1720 1344 σταυροῦ
1744 1313 1760 1337 ,
1801 1267 1846 1329 ὧ

271 1346 547 1418 βέλτιστε;
597 1354 659 1406 El
688 1355 745 1408 δὲ
777 1353 939 1427 δεῦρο
970 1358 1229 1428 τοσαύτη.
1264 1361 1402 1433 πόση
1433 1362 1480 1414 δ’
1523 1363 1589 1418 ἂν
1649 1359 1760 1418 εἶεν
1787 1368 1847 1420 έν

267 1440 346 1508 τῷ
371 1443 528 1514 τύπῳ
571 1445 666 1498 τοῦ
719 1448 1140 1518 ὲσταυρωμένου
1197 1453 1469 1524 Χριστοῦς
1521 1455 1680 1526 δῆλον
1713 1458 1845 1528 γὰρ,

266 1531 351 1584 δτι
402 1535 527 1588 καθ’
567 1537 691 1590 ὅσον
743 1541 1161 1614 προφερέστερα
1205 1545 1273 1598 τά
1312 1548 1665 1618 πρωτότυπα,
1709 1552 1850 1605 κατά

263 1623 520 1679 τοσοῦτον
556 1627 651 1681 καὶ
679 1629 748 1682 τά
775 1632 1084 1702 παράγωγα
1110 1636 1564 1710 προύργιαίτερα.
1600 1641 1710 1695 Καὶ
1737 1642 1845 1709 τίς,

265 1716 456 1784 φησὶν,
494 1719 552 1770 έν
606 1722 719 1784 τοῖς
779 1725 1200 1796 προειρημένοις
1234 1727 1635 1801 ύποδεδήλωται
1679 1733 1849 1798 τύπος

264 1804 509 1875 Χριστοῦ
529 1848 544 1873 ,
571 1810 810 1864 συνιέναι
832 1810 999 1884 ζητῶ.
1035 1815 1202 1868 Αὐτοὶ
1223 1816 1303 1881 δὲ,
1336 1819 1499 1889 φημὶ,
1532 1823 1582 1874 οί
1615 1823 1848 1877 τυποῦν-

1952 658 2120 698 εξιιιιιη
2200 647 2382 719 accipe
2459 649 2831 709 demitteutem
2899 658 2952 712 in
3013 673 3212 729 aquam
3298 665 3529 734 lignum,

1951 733 2268 804 ferrumque
2305 755 2372 794 ex
2407 742 2680 809 profundo
2701 747 3084 806 attrahentem.
3138 752 3316 823 Hujus
3346 733 3532 826 figura:

1951 921 2140 992 gratiae
2187 922 2356 977 multa
2399 936 2698 996 suppetunt
2749 930 3043 1001 mirabilia,
3099 936 3153 990 in
3185 939 3431 994 victoriis
3459 941 3528 994 de

1951 1010 2200 1068 barbaris
2245 1013 2453 1081 relatis,
2513 1017 2568 1072 in
2629 1018 2885 1100 fugandis
2952 1024 3316 1091 daemonibus,
3348 1030 3401 1084 in
3435 1030 3592 1094 de-

1951 1100 2202 1192 pulsione
2250 1105 2591 1173 morborum,
2627 1109 2682 1164 in
2710 1111 2962 1180 plurimis
2991 1116 3138 1183 aliis,
3168 1133 3294 1188 qua:
3318 1121 3528 1192 sigilla.
3587 1131 3597 1161 .

1954 1187 2050 1242 tim
2093 1205 2416 1260 percensere
2447 1196 2719 1254 inﬁnitum
2743 1201 2835 1258 sit.

2023 1279 2209 1350 Vides,
2241 1284 2584 1355 charissime,
2616 1302 2822 1361 quanta
2858 1294 2915 1351 in
2945 1297 3102 1370 signo
3127 1301 3308 1358 crucis
3338 1313 3530 1373 poten-

1954 1371 2029 1426 tia
2052 1371 2076 1427 ?
2101 1374 2173 1429 At
2199 1376 2244 1430 si
2292 1377 2382 1433 hic
2421 1386 2593 1448 tanta,
2635 1396 2840 1453 quanta
2883 1388 2989 1443 erit
3023 1390 3076 1444 in
3107 1399 3238 1462 typo
3267 1371 3531 1452 cruciﬁxi

1953 1463 2196 1520 Christi!
2252 1467 2609 1540 Perspicuum
2666 1489 2902 1546 namque
2949 1488 3055 1546 est,
3107 1490 3312 1550 quanto
3352 1484 3534 1540 excel-

1955 1555 2185 1612 lentiora
2235 1569 2362 1615 sunt
2413 1573 2722 1635 prototypa,
2767 1575 2917 1622 tanto
2945 1570 3110 1626 etiam
3152 1573 3530 1642 praestantiora:

1954 1659 2077 1702 esse
2121 1662 2207 1712 ea,
2257 1665 2380 1720 quae
2421 1651 2486 1706 ad
2534 1663 2817 1726 prototypa
2871 1661 3314 1728 representanda
3378 1661 3532 1718 insti-

1957 1745 2210 1795 tuuntur.
2246 1741 2314 1797 Et
2361 1743 2506 1813 quis,
2549 1745 2747 1801 dixerit
2812 1747 2952 1805 forte
2998 1751 3292 1822 quispiam,
3345 1760 3528 1823 typum

1955 1830 2159 1888 Christi
2233 1835 2508 1905 praedictis
2580 1840 2914 1910 temporibus
2981 1843 3188 1914 gessit?
3261 1843 3528 1914 Equidem

261 1913 358 1958 τες
380 1896 472 1951 τὸν
496 1901 752 1970 σταυρόν.
779 1902 868 1966 Ὠς
905 1903 1014 1974 γὰρ
1037 1905 1070 1977 η
1103 1905 1212 1959 τῶν
1241 1905 1335 1960 τοῦ
1373 1909 1620 1974 Μωσέως
1645 1912 1843 1984 χειρῶν

1951 1896 2272 1994 cognoscere
2339 1927 2392 1982 id
2447 1944 2603 1984 aveo.
2660 1896 3159 2000 R'espondeouillos
3209 1896 3402 2006 ipsojs:

261 1988 494 2054 ἔκτασις
553 1993 754 2046 ὲτύπου
804 1994 1058 2066 σταυρὸν,
1099 1995 1274 2061 οὕτως
1331 1999 1494 2064 αὐτὸς
1541 2001 1604 2073 δὴ
1639 2004 1847 2075 Μωσῆς

261 2081 688 2152 ἐσταυρωμένον
741 2085 997 2156 Χριστὸν,
1058 2089 1432 2159 τροπούμενον
1477 2091 1571 2146 τὸν
1614 2093 1848 2165 ἀόρατον

273 2173 556 2245 ’Δμαλὴκ,
596 2177 699 2230 κάν
730 2179 845 2241 τοῖς
881 2177 1063 2242 ἀλλοις
1098 2182 1512 2253 παραδείγμασι
1536 2185 1684 2238 τοῦθ’
1714 2187 1848 2242 ὑπο-

258 2264 534 2333 ληπτέον,
569 2271 1066 2340 συνεκφαινομένου
1113 2271 1344 2344 θατέρου
1391 2275 1560 2329 τύπου
1609 2277 1844 2350 θατέρῳ.

272 2357 421 2412 Ἀλλ’
460 2361 594 2425 ἐκεῖ,
649 2365 848 2432 φησὶν,
907 2362 1152 2435 ἔμψυχος
1199 2366 1228 2418 ὁ
1271 2366 1461 2430 τύπος.
1504 2368 1570 2421 Τί
1615 2369 1674 2423 δὲ
1719 2372 1849 2443 περὶ

258 2449 476 2520 ἀψύχου
508 2454 640 2506 σοιό
667 2453 823 2522 λόγος
841 2473 856 2520 ;
876 2455 1001 2508 Ὅτι
1031 2457 1168 2510 κάπὶ
1192 2457 1286 2512 τοῦ
1322 2463 1619 2532 σταυρικοῦ
1648 2462 1847 2531 τύπου,

258 2541 395 2596 ὅταν
427 2542 632 2614 ἄψυχον
663 2544 723 2597 τὸ
751 2545 1049 2616 ὁρώμενον,
1070 2549 1156 2617 ἐφ’
1189 2548 1218 2602 ὃ
1247 2550 1345 2603 καὶ
1375 2553 1504 2622 περὶ
1531 2551 1560 2604 δ
1589 2553 1652 2607 τὸ
1680 2556 1848 2626 τερά-

263 2651 437 2698 στιον⁹
463 2637 610 2706 ὅμως
635 2637 1035 2708 παραπλησίως
1061 2643 1128 2710 τῇ
1159 2644 1498 2714 σταυροειδετ
1520 2645 1689 2698 εἰκόνι
1716 2663 1848 2699 συν-

261 2727 659 2799 εκφαινομένῃ,
682 2727 739 2780 ἐν
767 2745 827 2781 τε
868 2729 1134 2800 ἐμψύχοις
1174 2733 1268 2786 καὶ
1296 2733 1526 2804 ἀψύχοις
1555 2737 1588 2806 ή
1629 2753 1850 2810 χριστοο

261 2818 415 2886 ειδὴς
443 2818 607 2871 εἰκὼν
631 2825 1018 2892 τερατουργείν
1048 2821 1261 2886 εἴωθεν,
1289 2824 1366 2889 ὡς
1395 2828 1452 2878 έν
1481 2828 1616 2900 αὐτῇ
1649 2829 1849 2900 ιχουσα

259 2910 368 2978 τήν
400 2927 459 2962 τε
501 2911 714 2983 μορφὴν
747 2913 841 2966 καὶ
869 2915 930 2966 τὸ
958 2908 1098 2979 εἶδος
1122 2916 1217 2969 τοῦ
1246 2918 1580 2988 ἀρχετύπου,
1605 2922 1699 2975 καὶ
1720 2939 1847 2976 τοσ-

260 3001 428 3054 οῦτον
473 3003 834 3074 ταυτιζομένη
887 3007 952 3076 τῇ
993 3022 1053 3058 τε
1111 3010 1245 3080 τιμῇ
1290 3010 1385 3062 καὶ
1433 3016 1846 3085 προσκυνήσει,

261 3094 391 3148 ὅσον
419 3096 516 3150 καὶ
545 3098 688 3150 κατά
705 3096 966 3169 τοῦνομα,
999 3101 1162 3154 παντί
1193 3118 1298 3154 που
1327 3103 1506 3174 δῆλον.
1537 3106 1652 3159 Καὶ
1673 3105 1849 3159 ταῦτα

262 3191 313 3241 εί
341 3189 436 3242 καὶ
462 3189 1035 3262 παρεκὸαλικὼτερον,
1063 3192 1179 3246 ἀλλ’
1211 3194 1362 3263 ὅμως
1393 3197 1473 3260 είς
1503 3195 1724 3267 ἔλεγχον
1755 3196 1850 3250 καὶ

261 3253 580 3352 ἀνατροπὴν
608 3280 710 3350 τῆς
739 3253 1166 3355 είκονομαχικῆς
1191 3253 1479 3355 αἱρέσεως,
1501 3285 1577 3350 ὡς
1603 3253 1846 3358 ’ἀνατρε-
1874 3253 1919 3318 c

262 3372 477 3441 πούσης
520 3373 582 3426 τὸ
635 3374 737 3441 τῆς
789 3375 1104 3444 οἰκονομίας
1148 3377 1385 3448 Χριστοῦ
1425 3380 1743 3450 μυστήριον.
1787 3381 1846 3436 '0

263 3465 378 3536 γὰρ
409 3464 655 3537 ἀναιρῶν
695 3467 794 3538 τὴν
831 3468 1040 3534 εἰκόνα,
1079 3473 1398 3540 συναναιρεῖ
1419 3471 1620 3544 δηλαδὴ
1649 3472 1746 3528 καὶ
1786 3475 1847 3529 τὸ

262 3559 648 3629 πρωτότυπον,
688 3563 847 3633 εἴπερ
894 3561 1100 3633 θάτερα
1129 3564 1239 3620 τῶν
1274 3565 1410 3637 ἅμα,
1440 3569 1536 3622 καὶ
1565 3567 1674 3622 τῶν
1707 3568 1846 3640 πρός

262 3669 315 3705 τι
346 3653 459 3716 τοῖς
483 3652 610 3708 νοῦν
636 3653 871 3724 ἔχουσιν.

1947 2030 2168 2072 crucem
2197 2019 2608 2076 adumbraruut.
2643 2021 3112 2089 Quemadmodum
3148 2028 3293 2082 enim
3327 2037 3524 2084 exten-

1945 2109 2028 2164 sio
2060 2126 2315 2165 manuum
2366 2111 2570 2183 Moysis
2601 2129 2822 2170 crucem
2858 2119 3261 2188 praetigurabat,
3301 2121 3383 2178 sic
3411 2121 3532 2190 ipso

1946 2194 2160 2268 Moyses
2189 2198 2415 2268 figuram
2445 2202 2664 2268 gerebat
2691 2201 2920 2264 Christi,
2953 2205 3046 2273 qui
3079 2206 3528 2276 inaspectabilem

1946 2287 2167 2344 Amalec
2207 2289 2261 2344 in
2302 2289 2485 2361 fugam
2517 2293 2771 2364 conjecit,
2804 2295 2934 2352 licet
2962 2297 3084 2354 aliis
3121 2299 3311 2355 itidem
3341 2317 3529 2358 exem-

1944 2379 2048 2450 plis
2103 2379 2154 2434 id
2183 2383 2391 2437 ostendi
2449 2393 2634 2453 queat,
2665 2387 2836 2443 altera
2886 2388 3041 2458 juxta
3094 2389 3326 2446 alteram
3355 2392 3528 2461 posita

1945 2480 2000 2528 et
2045 2471 2387 2529 elucescente
2428 2475 2622 2546 ﬁgura.
2679 2475 2752 2532 At
2787 2477 2884 2544 ibi,
2934 2480 3161 2550 objiciat
3207 2483 3356 2552 quis,
3400 2483 3525 2540 viva

1947 2555 2272 2635 Spiransque
2296 2565 2463 2637 ﬁgura
2498 2578 2602 2623 est.
2631 2567 2742 2648 cur
2774 2571 2942 2642 igitur
2978 2581 3033 2627 tu
3065 2573 3134 2628 de
3170 2575 3400 2630 inanimi
3442 2575 3528 2632 lo-

1947 2658 2177 2728 queris?
2221 2658 2346 2714 ideo
2400 2660 2468 2716 de
2505 2660 2606 2717 hac
2645 2661 2862 2732 loquor,
2916 2665 3046 2733 quia
3088 2667 3253 2721 etiam
3310 2671 3366 2722 in
3402 2678 3530 2738 typo

1947 2751 2150 2815 crucis,
2203 2752 2423 2820 quando
2479 2752 2530 2807 id
2595 2755 2739 2825 quod
2788 2756 3054 2821 cernitur,
3109 2767 3165 2814 et
3214 2759 3270 2813 in
3318 2774 3448 2828 quo,
3477 2771 3533 2815 et

1947 2838 2092 2893 circa
2134 2839 2282 2910 quod
2332 2840 2581 2896 mirabile
2641 2842 2900 2914 quiddam
2951 2852 3218 2912 patratur,
3254 2845 3365 2901 vita
3408 2846 3530 2900 ani-

1947 2946 2150 3002 maque
2177 2940 2347 2998 caret,
2383 2933 2562 3005 imago
2600 2934 2666 2990 ad
2708 2933 2916 2991 Christi
2960 2936 3380 2994 similitudinem
3413 2938 3528 2993 elli-

1947 3030 2056 3087 cta,
2080 3023 2332 3079 similiter
2356 3033 2416 3080 ut
2437 3024 2620 3080 crucis
2653 3025 2852 3098 imago,
2885 3041 3004 3097 qua:
3040 3035 3165 3100 typo
3201 3029 3292 3083 illo
3321 3044 3528 3099 reprae-

1949 3122 2217 3180 sentatur,
2263 3127 2427 3185 opera
2461 3115 2782 3170 admiranda
2830 3125 3148 3186 perpetrare
3180 3117 3344 3188 solet,
3374 3117 3527 3186 velut

1949 3217 2034 3270 ea,
2067 3218 2191 3274 quae
2230 3204 2282 3258 in
2323 3219 2382 3260 se
2415 3205 2653 3275 speciem
2702 3214 2757 3260 et
2791 3205 3019 3261 formam
3054 3207 3322 3279 prototypi
3353 3209 3533 3264 conti-

1951 3306 2066 3362 net,
2093 3305 2148 3352 et
2179 3303 2406 3352 eatenus
2434 3297 2575 3353 idem
2624 3313 2747 3354 cum
2782 3299 2874 3354 illo
2909 3299 3116 3354 honore
3143 3309 3198 3356 et
3217 3299 3535 3358 adcretione

1953 3387 2096 3442 sicut
2133 3397 2189 3442 et
2222 3387 2465 3453 nomine,
2498 3388 2686 3444 effecta
2724 3407 2738 3444 :
2787 3388 2931 3460 quod
2964 3405 3062 3460 per
3086 3407 3145 3445 se
3175 3389 3530 3445 manifestum

1949 3487 2053 3536 est.
2097 3478 2222 3535 llaec
2251 3480 2352 3535 etsi
2395 3480 2643 3534 nonnihil
2693 3489 2849 3536 extra
2899 3482 3238 3551 propositum
3279 3481 3423 3537 dicta
3450 3481 3535 3537 vi-

1951 3571 2205 3637 deantur,
2239 3572 2418 3628 valent
2463 3572 2819 3627 nihilominus
2865 3573 3258 3645 redarguenda:
3285 3582 3342 3629 et
3370 3571 3534 3629 refel-

1952 3664 2124 3720 laudae
2198 3664 2680 3719 iconomachorum
2731 3663 2972 3730 haeresi,
3031 3679 3153 3734 qua:
3210 3664 3534 3735 mysterium

263 3746 585 3802 oeconomia:
627 3757 682 3801 et
725 3747 1152 3816 dispensationis
1193 3748 1402 3807 Christi
1449 3752 1666 3808 evertit.
1726 3750 1863 3810 Nam
1933 3757 2029 3826 qui
2079 3756 2217 3812 tollit
2275 3757 2604 3828 imaginem,
2668 3756 2716 3814 is
2773 3756 3033 3812 nimirum
3081 3765 3136 3812 et
3189 3764 3534 3828 prototypum

265 3838 448 3904 tollit;
498 3849 626 3894 sunt
665 3839 807 3894 enim
857 3856 924 3896 ex
981 3841 1108 3910 illis,
1173 3858 1296 3914 qua
1365 3843 1432 3898 ad
1496 3858 1556 3900 se
1613 3853 1802 3903 mutuo
1862 3847 2213 3917 referuntur,
2278 3856 2339 3904 ut
2403 3857 2649 3916 norunt,
2714 3849 2809 3922 qui
2870 3857 3103 3906 mentem
3164 3863 3271 3904 non
3332 3849 3533 3907 amise-

263 3939 415 3987 runt.

348 4025 474 4079 Ἐπὶ
523 4023 581 4078 δὲ
625 4024 716 4078 τὸν
758 4026 995 4099 σταυρὸν
1027 4027 1266 4092 ὲπιτέον,
1309 4029 1406 4083 καὶ
1449 4029 1612 4084 οἱονεὶ
1651 4032 1844 4102 ἐντρυ-

263 4119 466 4191 φητέον
495 4120 561 4190 τῇ
586 4117 688 4188 τῆς
708 4118 870 4188 ἁγίας
897 4119 1269 4192 προσηγορίας
1288 4119 1564 4194 διατριϐῇ.
1582 4123 1844 4195 Σταυρὸς,

263 4211 566 4284 χρημάτων
593 4211 852 4266 ἀπάντων
876 4212 1067 4284 χρῆμα
1102 4212 1558 4286 πολυτιμότερονο
1591 4215 1845 4286 σταυρὸς,

263 4304 614 4376 Χριστιανῶν
693 4304 1106 4374 ἀσφαλέστατον
1168 4305 1514 4376 καταφύγιον
1540 4324 1554 4338 ο
1595 4307 1848 4380 σταυρὸς,

264 4395 505 4470 Χριστοῦ
537 4396 798 4468 μαθητῶν
827 4396 1194 4468 ἐλαφρότατον
1219 4397 1554 4468 ὲπωμάδιονο
1586 4398 1850 4470 σταυρὸς,

265 4487 700 4560 τετρυχωμένων
737 4485 928 4556 ψυχῶν
970 4485 1321 4559 παραμύθιον
1358 4487 1847 4560 εὐπαρηγὸρητονο

2025 4031 2131 4088 Sed
2191 4043 2337 4086 nunc
2381 4028 2448 4084 ad
2499 4041 2714 4082 crucem
2764 4025 3103 4081 redeundum
3147 4032 3266 4088 est,
3307 4024 3533 4094 ejusque

1951 4124 2236 4198 przeconiis
2259 4120 2644 4194 percensendis
2671 4134 2776 4174 non
2803 4118 2921 4174 sine
2949 4117 3318 4178 oblectatione
3340 4116 3538 4172 immo.

1952 4217 2204 4272 randum.
2263 4215 2412 4270 Crux
2454 4213 2700 4285 pecuniis
2753 4210 3011 4266 omnibus
3063 4211 3296 4282 pecunia
3331 4209 3538 4281 pretio-

1947 4309 2080 4364 sior.
2130 4306 2282 4363 Crux
2329 4307 2768 4362 Christianorum
2825 4303 3161 4360 tutissimum
3194 4302 3533 4374 perfugium.

1947 4403 2095 4460 Crux
2121 4401 2513 4473 discipulorum
2561 4399 2765 4456 Christi
2794 4398 3134 4454 levissimum
3163 4412 3308 4452 onus
3342 4397 3532 4451 hume-

1951 4493 2025 4546 ris
2057 4489 2396 4561 itnpositum.
2429 4488 2575 4544 Crux
2610 4487 2934 4544 afﬂictarum
2970 4486 3237 4543 mentium
3283 4484 3538 4540 dulcissi-

274 4578 534 4649 σταυρὸς,
557 4577 660 4646 τῆς
703 4579 785 4640 είς
817 4578 1048 4651 οὐρανὸν
1081 4579 1308 4651 πορείας
1335 4579 1648 4652 ὁδευτήριον
1680 4582 1852 4651 ἀνεμ-

1956 4596 2044 4636 ma
2093 4580 2419 4636 consolatio.
2470 4577 2621 4634 Crux
2665 4579 2765 4633 viae
2797 4579 2852 4633 in
2885 4578 3088 4634 coelum
3137 4575 3352 4631 ductrix
3384 4613 3400 4638 ,
3444 4573 3536 4629 cui

270 4671 543 4726 πόδιστον.
577 4669 822 4742 Σταυροῦ
874 4671 1061 4736 στάσις
1103 4671 1201 4726 καὶ
1241 4666 1421 4744 εὖρος,
1453 4672 1551 4727 τοῦ
1595 4673 1848 4745 οὐρανίου

268 4762 472 4834 κήτους
502 4761 1044 4834 περιληπτικώτερον
1077 4761 1372 4834 διάμετρον
1395 4780 1408 4795 ·
1454 4763 1692 4836 σταυροῦ
1723 4764 1850 4820 σθέ-

268 4873 359 4922 νος
389 4856 486 4912 καὶ
523 4855 746 4929 κράτος,
789 4854 1011 4926 ὄλεθρον
1042 4855 1226 4927 πάσης
1271 4855 1656 4927 ἀντικειμένης
1689 4855 1850 4912 δυνά·

271 4965 447 5019 μεωςσ
482 4944 718 5020 σταυροῦ
745 4945 886 5011 εἶδος
915 4947 1011 5002 καὶ
1041 4947 1250 5019 σχῆμα,
1294 4947 1516 5002 πάντων
1547 4948 1852 5019 σχημάτων

268 5037 769 5110 εὐσχημονέστερον
793 5039 1014 5108 ὅραμα⁹
1058 5038 1294 5110 σταυροῦ
1326 5038 1475 5110 βολὶς
1521 5041 1616 5093 καὶ
1645 5039 1851 5112 anap-

268 5131 383 5200 ψις,
415 5131 566 5202 ἡλίου
597 5131 983 5204 λαμπρότερον
1010 5131 1218 5203 ἔξαλμα
1244 5148 1259 5164 ο
1291 5131 1529 5203 σταυροῦ
1561 5132 1722 5205 χάρις
1753 5134 1852 5187 καὶ

269 5224 419 5293 δόξα,
454 5223 698 5296 χαρίτων
733 5224 963 5279 ἀπασῶν
992 5225 1350 5298 χαριέστερον
1375 5223 1608 5297 δώρημα
1632 5241 1648 5255 ο
1691 5241 1854 5306 σταυέ

275 5313 387 5382 ρὸς,
409 5311 643 5384 ούρανοῦ
676 5313 773 5368 καὶ
801 5313 908 5384 γῆς
930 5314 1422 5388 είρηνοσράσευτον
1457 5309 1858 5386 συναπτήριονζ

273 5403 514 5476 Σταυροῦ
543 5402 785 5475 τοῦνομα
813 5405 1112 5476 ἁγιασμὸς,
1145 5405 1228 5460 ὅτι
1274 5405 1514 5478 μάλιστα
1558 5407 1652 5460 καὶ
1676 5405 1854 5475 γλώσ-

275 5516 394 5566 σαις
418 5500 774 5572 λαλούμενον,
797 5501 893 5556 καὶ
920 5501 1113 5566 ἀκοαῖς
1147 5501 1590 5583 ἀκοντιζόμενον.
1627 5500 1854 5574 Σταυρῷ

274 5594 604 5664 νενέκρωται
627 5593 881 5658 θάνατος.
921 5595 1016 5649 καὶ
1045 5595 1220 5668 Ἀδάμ
1255 5593 1622 5666 ὲζωοποίηται
1643 5611 1656 5626 ·
1689 5612 1849 5649 σταυ-

280 5678 354 5750 ρῷ
392 5680 738 5751 κεκαύχηται
765 5683 873 5745 πᾶς
901 5683 1219 5749 ἀπόστολος,
1248 5686 1346 5738 καὶ
1379 5685 1590 5756 μάρτυς
1619 5685 1854 5756 ἐστεφά-

277 5789 462 5835 νωται,
494 5773 592 5826 καὶ
617 5773 856 5828 ὼσίωται
899 5775 1073 5840 ὅσιος·
1108 5775 1328 5849 σταυρῷ
1366 5776 1602 5848 Χριστὸν
1643 5775 1855 5830 ἐνδεδύ-

282 5863 436 5930 μεθα,
456 5865 547 5920 καὶ
577 5865 670 5922 τὸν
690 5866 918 5921 παλαιὸν
947 5867 1234 5938 ἄνθρωπον
1252 5868 1621 5940 ἀποτιθέμεοα
1645 5885 1657 5899 ·
1691 5886 1853 5924 σταυ-

1953 4671 2163 4728 nullum
2213 4670 2665 4742 impedimentum
2709 4669 2871 4742 objici
2905 4677 3104 4740 potest.
3137 4666 3330 4723 Crucis
3355 4673 3537 4720 status

1953 4775 2006 4822 et
2034 4765 2264 4820 latitudo
2299 4763 2536 4820 caelestis
2565 4765 2697 4829 ceti,
2726 4763 2980 4835 capacior
3023 4763 3307 4819 diameter.
3339 4759 3538 4816 Crucis

1953 4856 2123 4914 robur
2169 4865 2224 4913 et
2259 4856 2524 4928 potentia,
2577 4855 2802 4912 exitium
2841 4855 3022 4910 omnis
3071 4852 3402 4909 adversaria:
3437 4865 3538 4920 po-

1955 4950 2190 5008 testatis.
2224 4949 2418 5006 Crucis
2464 4948 2632 5020 ﬁgura
2688 4957 2745 5004 et
2796 4947 3010 5018 species
3058 4945 3314 5001 omnibus
3345 4943 3538 5015 ﬁguris

1953 5051 2200 5114 Spectatu
2234 5041 2580 5098 concinnior.
2622 5040 2819 5096 Crucis
2853 5038 3041 5095 radius
3082 5045 3138 5094 et
3167 5037 3537 5101 collustratio,

1955 5133 2072 5190 sole
2101 5131 2439 5203 splendidior
2466 5130 2690 5187 emissio
2719 5137 2776 5186 et
2813 5129 2950 5185 lucis
2980 5127 3302 5199 ejaculatio.
3334 5126 3536 5184 Crucis

1955 5225 2128 5294 gratia
2161 5232 2216 5279 et
2263 5223 2458 5295 gloria,
2507 5223 2763 5278 omnibus
2812 5221 3004 5294 gratiis
3051 5220 3264 5294 gratius
3304 5219 3538 5276 donum.

1955 5315 2104 5370 Crux
2171 5315 2295 5370 ραιιὶ
2344 5327 2398 5369 et
2447 5325 2606 5370 terra:
2658 5313 2999 5386 paciﬁcatrix
3062 5320 3117 5369 et
3168 5309 3536 5368 conciliatrix.

1953 5403 2150 5459 Crucis
2204 5419 2444 5471 nomen,
2500 5405 2888 5472 sanctificatio,
2952 5404 3193 5460 maxime
3250 5401 3298 5457 si
3351 5401 3536 5472 lingua

1955 5494 2288 5566 proferatur,
2334 5506 2389 5552 et
2445 5497 2671 5554 auribus
2729 5499 3084 5569 percipiatur.
3141 5495 3320 5553 Cruce
3382 5509 3534 5550 mors

1957 5597 2151 5644 necata
2179 5598 2286 5656 est,
2311 5589 2594 5660 Adamque
2625 5595 2749 5647 vitae
2786 5593 3093 5648 restitutus.
3124 5589 3302 5644 Cruce
3335 5586 3540 5659 gloria-

1957 5690 2048 5735 tus
2094 5689 2177 5737 est
2225 5681 2454 5750 quilibet
2487 5681 2792 5753 apostolus,
2839 5692 2892 5736 et
2926 5681 3107 5735 omnis
3141 5688 3352 5750 martyr
3376 5691 3508 5732 coro

1957 5783 2118 5829 natus
2151 5775 2440 5843 omnisque
2477 5784 2704 5830 sanctus
2737 5774 3132 5830 sanetiﬁcatus.
3166 5771 3340 5827 Crucc
3384 5770 3536 5826 Chri-

1959 5875 2101 5922 stum
2153 5865 2451 5930 induimus,
2516 5878 2861 5937 veteremque
2925 5865 3196 5922 hominem
3259 5863 3531 5921 exuimus.
