4050 6364
541 487 651 555 699

1745 485 1807 545 S.
1845 481 2238 544 THEODORI
2273 479 2626 541 STUDITIE

3709 477 3821 541 700

541 598 720 652 Cruce
778 594 835 650 in
884 609 1049 649 unum
1104 591 1268 657 ovile,
1303 607 1434 648 oves
1471 590 1699 654 Christi,
1728 590 1942 645 collecti
1973 600 2026 644 et
2058 591 2126 642 ad

2238 585 2314 658 ρῷ
2371 585 2790 656 σεσηκειὼμεθα
2842 585 3079 658 Χριστοῦ
3132 585 3382 656 πρόϐατα
3408 628 3421 651 ,
3465 587 3559 640 καὶ
3602 589 3669 656 τῇ
3705 587 3818 640 άνω

544 703 820 760 supernas
848 687 1040 744 caulas
1071 685 1330 744 destinati
1372 699 1588 741 sumus.
1622 683 1798 739 Cruce
1830 682 2123 738 ventilabi.

2233 677 2448 749 μάνδρᾳ
2487 677 2933 748 συνταττόμεθα·
2991 678 3212 750 σταυρῷ
3272 677 3640 750 κερατιοῦμεν
3691 679 3820 741 τοὺς

543 735 666 833 mus
701 777 957 837 inimicos
988 784 1208 832 nostros
1241 785 1296 832 et
1332 791 1501 832 cornu
1535 773 1731 830 salutis
1762 771 2121 829 'sustollimus.

2238 735 2460 842 ἐχθροὺς
2488 769 2668 841 ἡμῶν,
2699 735 2794 822 κοίι
2821 771 2993 844 κέρας
3015 735 3286 842 σωτηριον
3316 735 3566 842 α’ἵρομεν·
3598 771 3820 842 σταυρῷ

2238 863 2294 887 -).
2332 862 2475 887 ..ιο..
2505 862 2852 887 _--_-.-...-o..
2919 865 3008 887 ---ἱ
3044 861 3434 887 .ι...---.--..ι-,-
3488 863 3587 887 γε..
3623 879 3785 887 ----.

543 870 723 925 Cruce
776 869 1218 940 perturbationes
1281 868 1572 938 fugamus,
1622 867 1901 938 vitamque
1958 879 2125 934 supra

2238 863 2296 917 τά
2331 862 2478 934 πάθη
2504 862 2855 932 τροπούμεθα
2875 903 2890 927 ,
2919 865 3013 916 καὶ
3044 861 3434 933 ὑπερκοσμίως
3484 863 3587 933 ζῇν
3622 879 3820 932 προαι-

546 964 677 1017 hum
716 978 844 1016 nam
890 960 1251 1015 instituimus.
1300 960 1401 1026 Qui
1433 973 1658 1014 crucem
1702 958 1810 1014 fert
1860 957 2126 1022 humeris,

547 1054 595 1108 is
619 1051 862 1107 imitator
895 1051 954 1105 ﬁt
1010 1049 1234 1114 Christi,
1270 1058 1324 1106 et
1365 1049 1594 1120 gloriam
1625 1063 1750 1102 cum
1787 1047 2008 1102 Christo
2038 1060 2130 1116 pa-

545 1145 653 1199 lam
703 1143 1035 1214 assequitur.
1088 1142 1320 1196 Crucem
1380 1157 1506 1197 eum
1560 1143 1788 1213 angelus
1824 1141 1987 1207 videt,
2034 1141 2130 1197 de-

547 1242 806 1298 coratur,
857 1243 912 1289 et
972 1231 1223 1289 diabolus
1285 1233 1660 1289 confunditur.
1725 1232 1892 1288 Latro
1963 1249 2130 1289 cruce

546 1333 763 1395 reperta
828 1326 881 1380 in
939 1324 1257 1396 paradisum
1320 1327 1504 1389 intrat,
1561 1337 1617 1380 et
1669 1325 1957 1381 latrocinia
2003 1342 2130 1382 cum

548 1432 715 1486 regno
759 1417 1141 1473 commutavit.
1182 1416 1288 1484 Qui
1340 1432 1563 1472 crucem
1599 1417 1828 1488 clIiugit,
1862 1418 1909 1472 is
1940 1416 2132 1472 formi-

545 1509 726 1564 dinem
761 1510 1034 1574 dissolvit,
1071 1525 1369 1582 pacemque
1413 1520 1724 1580 recuperat.
1772 1509 1876 1576 Qtti
1908 1525 2129 1565 crucem

545 1603 831 1658 custodem
863 1603 1051 1670 habet,
1103 1606 1149 1659 is
1177 1603 1529 1673 praedonibus
1566 1619 1672 1656 non
1710 1602 1768 1657 [it
1799 1605 2005 1672 praeda,
2033 1604 2131 1658 sed

546 1690 748 1747 illaesus
771 1702 1075 1762 permanet.
1128 1691 1388 1762 Quisquis
1409 1708 1625 1747 crucem
1651 1703 1822 1756 amat,
1856 1692 1946 1746 hic
1976 1709 2135 1747 mun-

545 1782 674 1838 dum
737 1783 874 1851 odit,
926 1785 1095 1856 ﬁtque
1148 1799 1363 1841 amator
1408 1785 1636 1841 Christi.
1699 1784 1848 1842 Crux
1901 1785 2131 1850 Christi,

545 1873 984 1932 Christianorum
1017 1877 1373 1933 celeberrima
1409 1879 1684 1949 gloriatio.
1726 1878 1872 1933 Crux
1903 1878 2130 1942 Christi,

547 1967 919 2037 apostolorum
985 1970 1276 2039 peculiaris
1335 1971 1668 2041 praedicatio,
1710 1972 1854 2026 Crux
1904 1971 2126 2037 Christi,

547 2067 846 2130 martyrum
882 2061 1065 2131 regale
1095 2060 1366 2116 diadema.
1407 2061 1554 2117 Crux
1591 2062 1816 2128 Christi,
1845 2065 2132 2133 propheta-

546 2165 669 2205 rum
715 2152 1150 2220 pretiosissimus
1195 2165 1444 2210 ornatus.
1477 2154 1627 2210 Crux
1675 2154 1904 2221 Christi,
1937 2156 2130 2210 finium

544 2236 917 2294 Iucidissimus
961 2240 1131 2296 nitor.
1179 2241 1324 2295 Crux
1369 2240 1601 2308 Christi,
1655 2257 1786 2294 nam
1822 2251 1882 2294 ut
1909 2257 2034 2297 cum
2071 2255 2131 2296 re

542 2325 668 2381 viva
716 2326 930 2398 loquar,
994 2337 1218 2398 protege
1269 2345 1385 2393 eos,
1439 2331 1533 2400 qui
1565 2341 1617 2386 te
1651 2331 1880 2386 incenso
1905 2341 2130 2401 pectore

541 2417 838 2483 celebrant,
865 2432 1156 2484 conserva,
1187 2420 1279 2490 qui
1311 2429 1365 2476 te
1389 2421 1534 2477 ﬁdeli
1556 2433 1740 2476 mente
1773 2423 2127 2491 amplectun-

544 2517 634 2564 tur
655 2517 710 2564 et
741 2510 1086 2565 osculantur.
1139 2509 1398 2567 Guberua
1438 2513 1490 2567 in
1553 2529 1688 2584 pace
1739 2523 1998 2584 rectaque
2027 2513 2132 2569 ﬁde

542 2597 812 2654 subditos.
871 2600 1065 2674 Adduc
1118 2601 1376 2659 omnibus
1429 2601 1632 2660 Christi
1702 2606 2130 2662 resurrectionis

541 2685 685 2742 diem
719 2687 1084 2757 laetissimum,
1131 2692 1448 2748 custodiens
1485 2693 1795 2763 pontiﬁces,
1831 2697 2130 2765 antistites,

543 2779 923 2850 imperatores,
957 2785 1278 2848 monachos,
1310 2786 1794 2858 promiscuamque
1819 2789 2130 2845 multitudi-

543 2887 668 2926 ncm
709 2881 764 2928 et
809 2889 1084 2932 convenas
1129 2891 1323 2933 omnes
1354 2878 1410 2932 in
1441 2875 1664 2934 Christo
1715 2877 1846 2935 Jesu
1899 2881 2133 2938 Domino

545 2971 756 3018 nostro.
784 2961 885 3019 Cui
923 2965 1098 3036 gloria
1125 2975 1180 3021 et
1217 2968 1484 3036 potentia,
1515 2983 1636 3024 cum
1664 2968 1827 3026 Patre
1853 2979 1908 3025 et
1940 2981 2134 3028 sancto

544 3053 778 3123 Spiritu,
813 3071 959 3113 nunc
989 3066 1044 3114 et
1075 3073 1312 3130 semper,
1344 3067 1400 3115 et
1441 3059 1495 3114 in
1529 3061 1728 3117 smcula
1777 3063 2131 3120 swculorum.

544 3147 742 3204 Amen.
855 3169 858 3174 ·

758 3357 827 3413 lu
874 3360 1112 3432 vigiliam
1153 3363 1262 3418 sive
1291 3364 1578 3418 stationem
1617 3362 1923 3420 Luminum.

2175 1073 2187 1242 ι

2232 953 2496 1026 ρούμεθα.
2523 954 2761 1025 Σταυρδν
2788 955 2817 1007 6
2843 953 3025 1026 φέρων
3048 955 3134 1008 ἐπ’
3164 953 3353 1025 ῶμων,
3386 952 3627 1023 Χριστοῦ
3652 970 3822 1024 μιμηε

2228 1047 2329 1117 τὴς
2357 1047 2590 1115 γίνεται,
2613 1049 2706 1100 καὶ
2733 1047 2955 1118 Χριστῷ
2985 1046 3172 1114 σαφῶς
3204 1044 3591 1112 συνδοξάζεται
3612 1060 3626 1076 ·
3661 1061 3823 1099 σταυ-

2235 1139 2326 1210 ρὸν
2370 1139 2514 1209 ὁρῶν
2555 1139 2788 1209 ἄγγελος
2822 1139 3158 1210 ῶραῒζεται,
3199 1137 3294 1192 καὶ
3337 1136 3586 1200 διάϐολος
3625 1153 3821 1190 καταιο

2233 1231 2522 1302 σχύνεταιο
2555 1233 2789 1302 σταυρὸν
2818 1229 3023 1303 λῃστὴς
3061 1228 3336 1302 εὑρηκὼς,
3371 1231 3452 1293 είς
3486 1227 3823 1300 παράδεισον

2233 1325 2446 1388 εἴσεισι,
2477 1325 2573 1378 καὶ
2605 1324 2864 1396 λῃστείας
2907 1323 3182 1394 βασιλείαν
3207 1321 3582 1394 ἀντηλλάξατο
3608 1337 3622 1351 ⁶
3653 1338 3821 1374 σταυ-

2236 1417 2330 1488 ρδν
2367 1416 2553 1480 ἁπλῶς
2600 1419 2628 1471 6
2664 1416 2853 1470 τυπῶν
2901 1416 3109 1470 διαλύει
3155 1415 3409 1487 δείματα,
3450 1415 3546 1468 καὶ
3595 1415 3824 1485 εἰρήνην

2234 1506 2683 1572 ἁντασπάζεται·
2730 1508 2964 1579 σταυρὸν
3015 1509 3044 1562 6
3093 1508 3234 1579 ἔχων
3286 1507 3522 1580 φρουρὸν
3575 1506 3825 1577 διαμένει

2235 1602 2433 1667 ἄσυλος
2480 1604 2578 1658 κα.)⁸
2627 1602 2962 1673 φυλάττεται
3017 1602 3376 1673 ἀπήμαντοςο
3432 1599 3666 1670 σταυρὸν
3717 1599 3825 1662 πᾶς

2234 1714 2320 1761 τις
2345 1695 2540 1766 φιλῶν,
2572 1699 2722 1766 μισεῖ
2753 1696 2983 1766 κόσμον,
3017 1696 3111 1749 καὶ
3159 1695 3398 1767 ἐραστὴς
3441 1695 3654 1763 γίνεται
3689 1693 3824 1763 Χριο

2239 1787 2390 1842 στοῦ.
2435 1788 2647 1859 Σταυρέ
2704 1787 2968 1860 Χριστοῦ,
3015 1787 3078 1841 τὸ
3115 1788 3224 1841 τῶν
3271 1783 3615 1856 Χριστιανῶν
3661 1783 3823 1838 πολυ-

2238 1880 2540 1952 θρύλλητον
2572 1880 2872 1953 καύχημα·
2917 1882 3120 1952 σταυρέ
3162 1879 3422 1951 Χριστοῦ,
3455 1879 3515 1932 τὸ
3542 1878 3651 1932 τῶν
3690 1879 3825 1931 ἀπο-

2236 1971 2440 2027 στόλων
2484 1971 2801 2044 περιούσιον
2851 1973 3156 2044 κήρυγμα·
3201 1971 3403 2041 σταυρέ
3458 1969 3734 2043 Χριστοῦ,
3765 1969 3826 2022 τὺ

2231 2064 2341 2118 τῶν
2371 2065 2671 2136 μαρτύρων
2705 2064 2980 2134 βασίλειον
3013 2064 3286 2136 διάδημαο
3323 2062 3528 2134 σταυρέ
3561 2059 3823 2131 Χριστοῦ.

2230 2155 2294 2208 τὸ
2314 2156 2423 2210 τῶν
2445 2156 2749 2228 προφητῶν
2773 2156 3102 2227 ὑπερτίμιον
3125 2154 3565 2226 ἐγκαλλῶπισμα
3585 2169 3599 2183 ο
3627 2151 3825 2222 σταυρὲ

2231 2248 2494 2319 Χριστοῦ,
2525 2251 2587 2302 τὸ
2611 2249 2722 2302 τῶν
2750 2249 3008 2318 περάτων
3044 2248 3473 2319 παμφαέστατον
3503 2244 3787 2314 ἀγλάϊσμα
3805 2256 3820 2272 ⁸

2233 2341 2438 2412 σταυρέ
2496 2341 2760 2413 Χριστοῦ,
2795 2342 2892 2395 καὶ
2942 2340 3026 2394 σοὶ
3081 2339 3158 2404 ῶς
3211 2339 3444 2410 ἐμψύχῳ
3477 2336 3826 2406 διαλέγομαι,

2233 2434 2462 2498 σκέποις
2496 2436 2624 2497 τοὺς
2653 2433 2893 2505 θερμοὺς
2929 2432 3262 2504 ὑμνολόγους
3309 2449 3428 2496 σου,
3464 2428 3659 2495 σῶζοις
3703 2429 3827 2490 τοὺς

2235 2524 2446 2589 πιστῶς
2495 2524 3042 2596 περιπτυσσομένους
3101 2541 3184 2588 σε,
3232 2523 3388 2593 ἄγοις
3437 2520 3732 2594 εἰρηνικῶς
3769 2536 3826 2573 τε

2233 2617 2329 2671 καὶ
2366 2615 2665 2688 όρθοδόξως
2697 2615 2758 2670 τὸ
2786 2617 3051 2688 ὑπήκοον,
3081 2617 3268 2686 φέροις
3299 2615 3400 2686 τὴν
3427 2611 3670 2685 Χριστοῦ
3698 2612 3828 2666 ἀνά-

2234 2727 2426 2764 στασιν
2457 2712 2594 2764 πᾶσι
2631 2711 3002 2782 χαρμόσυνον,
3029 2708 3286 2781 φρουρῶν
3327 2707 3592 2778 ίεράρχας
3633 2722 3695 2759 τε
3732 2702 3829 2759 καὶ

2231 2803 2501 2870 ἄνακτας,
2551 2805 2827 2874 μοναστάς
2861 2803 2960 2857 καὶ
3009 2801 3246 2874 μιγάδας
3278 2799 3551 2865 ἅπαντας,
3588 2799 3648 2850 ἐν
3690 2797 3828 2867 Χρι⁸

2234 2894 2346 2965 στῷ
2379 2893 2556 2966 Ἰησοῦ
2601 2894 2682 2965 τῷ
2716 2894 2907 2966 Κυρίῳ
2934 2893 3116 2966 ἡμῶν,
3151 2887 3196 2961 ᾧ
3236 2895 3270 2965 ἡ
3302 2891 3430 2956 δόξα
3465 2891 3559 2945 καὶ
3605 2890 3668 2944 τὸ
3694 2889 3828 2960 κρά-

2230 3002 2324 3049 τος
2359 2986 2457 3039 σὺν
2485 2983 2564 3056 τῷ
2605 2986 2785 3056 [Iath
2813 2985 2910 3038 καὶ
2945 2983 3024 3054 τῷ
3063 2983 3204 3054 ἁγίῳ
3237 2979 3544 3051 Πνεύματι,
3587 2976 3686 3032 νῦν
3737 2974 3830 3029 καὶ

2231 3077 2342 3143 ἀεὶ,
2370 3079 2464 3131 καὶ
2490 3079 2570 3142 είς
2601 3077 2730 3140 τοὺς
2758 3077 2965 3142 αἰῶνας
3009 3077 3118 3130 τῶν
3143 3073 3381 3132 αίώνων.
3410 3071 3610 3144 ’Δμήν.

2516 3372 2622 3439 Εις
2653 3371 2771 3441 τὴν
2803 3280 3162 3444 παραῖοίρὴν
3189 3368 3308 3425 τῶν
3332 3369 3568 3424 Φώτων.

1638 3501 1794 3572 (Aac.
1827 3501 1958 3570 MAI,
1993 3501 2140 3562 Bibl.
2173 3523 2294 3564 που.
2320 3517 2360 3565 1..
2393 3509 2487 3579 IV,
2510 3527 2567 3583 p.
2605 3511 2718 3581 16.)

621 3607 674 3663 Ι.
708 3606 1006 3664 Luminum
1035 3610 1296 3681 praeludia
1325 3612 1628 3683 splendidis
1653 3617 2140 3687 contemplationi-

548 3700 654 3757 bus
683 3702 1074 3759 collustremus
1112 3721 1126 3758 :
1158 3704 1212 3758 in
1245 3704 1380 3774 ipsis
1411 3704 1732 3762 insistentes
1764 3709 1944 3778 aquis,
1979 3709 2146 3764 clari-

559 3802 728 3850 tatem
756 3792 986 3852 uberem
1012 3799 1404 3868 participemus
1439 3799 1637 3869 spiritu
1674 3800 2060 3870 splendilicati,
2091 3809 2148 3857 et

550 3885 777 3943 luminis
829 3897 1110 3945 auctorem
1153 3887 1365 3955 Iesum,
1401 3889 1584 3947 Patris
1613 3891 1979 3961 splendorem,
2025 3893 2146 3948 exi-

550 3980 678 4036 miis
711 3981 1014 4054 gratiarum
1053 3982 1364 4051 actionibus
1400 3984 1764 4040 celebremus.
1805 3983 2140 4041 Purilicatus

547 4083 636 4132 est
659 4073 827 4130 Israel
866 4075 1068 4146 primo,
1106 4091 1232 4132 cum
1273 4075 1329 4130 in
1362 4085 1606 4132 montem
1640 4077 1765 4148 igne
1794 4076 2142 4148 ﬂagrantem,

551 4171 788 4241 caligine
829 4173 1182 4244 procellaque
1228 4174 1475 4244 plenum,
1520 4189 1932 4231 conscensurus
1975 4184 2141 4236 esset.

553 4264 658 4319 Sed
685 4281 754 4322 ne
779 4266 860 4320 sic
884 4267 1105 4337 quidem
1133 4269 1402 4335 ascendit,
1437 4267 1568 4338 quia
1597 4267 1738 4321 haud
1769 4274 1946 4321 tutum
1978 4282 2145 4334 nego-

550 4357 688 4412 tium
737 4365 890 4426 erat;
929 4359 1024 4414 sed
1075 4358 1219 4414 infra
1258 4359 1509 4415 substitit
1538 4370 1804 4424 tremens,
1853 4367 1908 4414 et
1959 4359 2147 4414 multi-

551 4447 716 4505 I’ormi
741 4459 1010 4506 terrorum
1036 4453 1218 4521 specie
1233 4453 1521 4508 attonitus.
1545 4451 1666 4521 Ipse
1686 4467 1908 4522 quoque
1930 4450 2145 4523 Moyses

551 4543 841 4600 materiale
864 4544 1294 4600 calceamentum
1327 4544 1514 4606 solvit,
1558 4543 1690 4598 dum
1735 4553 2012 4600 sacratam
2051 4542 2125 4599 De

548 4633 800 4709 vestigiis
829 4644 1033 4692 terram
1059 4643 1278 4706 pararet
1309 4636 1599 4708 attingere,
1633 4653 1744 4708 quo
1777 4646 2025 4705 tempore
2055 4651 2146 4690 ar-

548 4729 732 4786 dentis
763 4729 883 4784 ruhi
908 4728 1234 4783 mirabiliter
1265 4727 1404 4783 visui
1435 4729 1778 4802 iuitiabatur,
1811 4730 1904 4800 qui
1933 4730 2136 4798 praevia

550 4821 780 4890 majoris
819 4819 1062 4892 mysterii
1124 4818 1304 4889 imago
1359 4827 1495 4875 erat.
1555 4819 1701 4874 Idcm
1758 4819 1940 4876 facere
1978 4819 2142 4877 Jesus

2318 3631 2390 3679 α’.
2432 3626 2556 3682 Τῶν
2580 3625 2782 3682 Φῶτων
2806 3625 2875 3681 τὰ
2897 3626 3172 3697 προαύλια
3205 3625 3551 3697 φωτοφανέσι
3575 3623 3831 3694 θεωρίαις

2247 3717 2710 3792 ἐποπτεύσωμενο
2769 3721 2852 3783 είς
2913 3720 3055 3776 αὐτὰ
3105 3719 3475 3783 είσσαίνοντες
3518 3717 3588 3771 τὰ
3637 3715 3828 3780 ὕδατα,

2248 3810 2514 3877 πλουσίας
2557 3813 2657 3885 τῆς
2700 3812 2896 3884 αίγλης
2944 3811 3382 3884 μεταλάὸοιμεν,
3413 3807 3731 3880 φωτοειδεῖς
3769 3807 3825 3858 ἐν

2247 3903 2524 3976 πνεύματι
2568 3906 2893 3977 γενόμενοι,
2927 3906 3023 3960 καὶ
3051 3905 3144 3958 τὸν
3173 3904 3268 3956 τοῦ
3301 3902 3480 3971 φωτὸς
3512 3898 3693 3954 αἴτιον
3729 3899 3828 3966 ’1η-

2249 3998 2378 4052 σοῦν
2400 3999 2462 4052 τὸ
2495 3999 2764 4072 πατρικδν
2801 3997 3148 4068 ἀπαύγασμα
3177 3995 3560 4064 πανευφήμοις
3601 3992 3825 4062 εὐχαρι-

2249 4089 2430 4156 στίαις
2469 4093 2908 4163 εὐφημήσωμεν.
2956 4087 3267 4157 ’Δγνίζεται
3309 4085 3531 4156 Ἰσραὴλ
3560 4085 3829 4154 πρότερον

2249 4181 2484 4252 ὁπηνίκα
2525 4182 2604 4254 τῷ
2638 4182 2756 4251 δρει
2793 4181 3123 4251 κεκαυμένῳ
3165 4178 3334 4250 πυρὶ,
3371 4176 3600 4238 σκότους
3634 4191 3696 4227 τε
3738 4173 3830 4226 καὶ

2251 4275 2479 4346 θυέλλης
2529 4273 2953 4346 πεπληρωμένῳ
3004 4271 3363 4344 προσϐαίνειν
3413 4265 3676 4340 ἔμελλενο
3736 4265 3829 4319 καὶ

2248 4367 2358 4421 οὐδ’
2389 4365 2563 4430 οὕτως
2605 4365 2836 4431 ἄνεισιν,
2887 4363 3012 4418 ἐπεὶ
3059 4365 3135 4434 μὴ
3184 4361 3457 4431 ἀσφαλέςο
3494 4357 3739 4429 εἱστήκει
3772 4355 3828 4409 δὲ

2245 4459 2396 4514 κάτω
2425 4459 2686 4530 ἔντρομος
2714 4461 2832 4522 τοῖς
2861 4456 3166 4510 πολυειδέσι
3198 4454 3554 4525 φοϐερισμοῖς
3581 4449 3719 4504 Θεοῦ
3746 4452 3829 4503 ἐκ·

2246 4550 2693 4622 δειματούμενος.
2747 4549 3083 4604 ’Υπολύεται
3126 4549 3222 4602 καὶ
3270 4547 3436 4610 αὐτὸς
3473 4542 3719 4612 Μωῦσῆς
3768 4541 3828 4594 τὸ

2247 4639 2448 4705 ὑλῶδες
2490 4641 2774 4712 ὑπόδημα,
2827 4641 2930 4711 τῆς
2973 4637 3294 4701 θεοστισοῦς
3324 4639 3428 4707 γῆς
3459 4635 3659 4706 ψαύειν
3697 4650 3828 4704 προ-

2247 4733 2564 4804 ερχόμενος,
2599 4734 2762 4788 ὁπότε
2792 4733 2894 4802 τῆς
2927 4728 3381 4802 φλογοφορούσης
3411 4727 3577 4798 βάτου
3608 4728 3826 4796 ἐμυεῖτο

2247 4825 2637 4897 θαυμαστικῶς
2665 4825 2726 4878 τὸ
2752 4824 3021 4896 θεώρημα
3045 4867 3059 4890 ,
3113 4823 3367 4896 μείζονος
3397 4818 3709 4891 μυστηρίου
3739 4816 3826 4870 οὗ·

551 4925 773 4980 quoque
805 4889 940 4965 Navi
974 4910 1122 4965 [ilius
1154 4911 1224 4966 ab
1256 4911 1453 4982 angelo
1477 4911 1670 4981 jussus
1689 4911 1813 4977 fuit,
1850 4928 1918 4966 ne
1945 4913 2130 4967 solum

2248 4889 2738 4990 anc-npoztirrtopa.
2771 4917 2846 4970 T6
2868 4889 3084 4971 '6'uabc6
3114 4889 3212 4969 καὶ
3259 4889 3468 4983 Ἰησοῦς
3500 4913 3528 4964 6
3557 4909 3651 4964 τοῦ
3673 4909 3824 4977 Ναυῆ

551 5001 807 5058 calceatis
834 5002 1062 5072 pedibus
1095 5017 1324 5073 prorsus
1349 5004 1608 5070 calcaret,
1644 5011 1866 5074 propter
1895 5004 2134 5059 debitam

2249 5011 2387 5082 πρὸς
2419 5009 2516 5064 τοῦ
2548 5009 2779 5079 ἀγγέλου
2826 5007 3267 5080 παρακελεύεται
3314 5004 3392 5074 μὴ
3435 5002 3706 5071 τοῦδαφος
3743 5003 3824 5054 ἐν-

551 5102 712 5149 terra:
741 5104 942 5150 sanctae
969 5097 1401 5152 venerationem.
1443 5094 1584 5163 Quid
1621 5107 1811 5152 autem
1859 5106 1971 5152 tres
2003 5097 2134 5152 ado-

2245 5103 2555 5173 δεδυμένοις
2585 5102 2712 5155 ποσὶ
2740 5098 3132 5172 προσεγγίζειν
3156 5097 3316 5161 ὅλως,
3340 5096 3429 5150 διὰ
3452 5095 3512 5150 τὸ
3541 5096 3644 5165 τῆς
3668 5095 3825 5164 ἁγίας

550 5185 857 5242 Iescentes?
881 5184 1073 5241 Nonne
1093 5188 1294 5243 animis
1318 5187 1754 5258 corporibusque
1777 5187 2134 5244 sanctiticatis

2246 5195 2352 5265 γῆς
2384 5193 2701 5264 σεϐάσμιον.
2729 5193 2796 5246 Τί
2826 5191 2884 5246 δὲ
2907 5192 2958 5245 οἱ
2982 5192 3135 5263 τρεῖς
3157 5189 3372 5243 νεανίαι
3395 5205 3410 5253 ;
3440 5187 3540 5258 οὐχ
3560 5185 3823 5257 ἡγνισμέ-

551 5278 622 5334 ad
674 5293 931 5334 voracem
989 5278 1172 5350 ignem
1205 5289 1584 5347 accesserunt,
1615 5287 1783 5350 atque
1817 5280 1894 5334 ita
1934 5282 2134 5337 caloris

2245 5302 2364 5349 ναις
2391 5285 2591 5356 ψυχαῖς
2612 5301 2673 5338 τε
2702 5284 2800 5338 καὶ
2825 5283 3047 5355 σώμασι
3069 5283 3149 5354 τῷ
3179 5280 3468 5353 παμφάγῳ
3490 5281 3626 5350 πυρὶ
3655 5297 3823 5351 προσ-

551 5371 638 5430 vis
661 5373 716 5427 in
739 5373 1008 5428 roscidam
1032 5372 1169 5442 ipsis
1194 5373 1514 5444 qualitatem
1546 5389 1811 5429 conversa
1837 5373 1957 5429 est?
1981 5373 2134 5438 Quod

2241 5377 2520 5443 ϐάλλουσι,
2575 5377 2677 5448 τῆς
2728 5375 3037 5446 καυστικῆς
3091 5375 3279 5438 αὐτοῖς
3332 5373 3623 5443 ἐνεργείας
3667 5365 3830 5443 μεταί

551 5456 712 5536 quale
746 5474 1123 5538 quantumque
1152 5467 1462 5538 prodigium
1496 5466 1620 5533 fuit,
1653 5467 1783 5523 dum
1820 5466 1962 5522 idem
1997 5467 2134 5538 ignis

2238 5467 2533 5537 ϐληθείσης
2581 5468 2662 5530 είς
2710 5465 2996 5537 δροσοειδῆ
3050 5465 3351 5536 ποιότητας
3409 5464 3495 5532 ἐφ’
3541 5454 3588 5531 ᾧ
3636 5462 3732 5516 καὶ
3769 5461 3825 5512 τὸ

521 5559 896 5615 vehementia
944 5559 1173 5630 duplici,
1209 5559 1408 5632 dignos
1443 5575 1603 5631 paena
1639 5560 1788 5617 ultus
1832 5559 1952 5616 est!
1995 5559 2140 5626 Quid

551 5651 747 5709 Daniel
793 5653 1192 5711 desideriorum
1241 5655 1347 5720 vir,
1403 5669 1587 5710 nonne
1636 5661 1765 5711 ante
1811 5652 2141 5725 puriﬁcante

547 5745 760 5816 jejunio
790 5763 946 5814 usus,
969 5763 1095 5805 cum
1127 5748 1382 5804 leonibus
1411 5747 1469 5802 in
1496 5747 1863 5806 contubernio
1886 5745 2009 5814 fuit,
2045 5745 2134 5803 in-

552 5837 771 5898 colume
803 5855 1005 5913 corpus
1044 5841 1196 5899 illinc
1223 5839 1511 5898 referens?

2237 5557 2425 5630 θαῦμα
2456 5559 2582 5613 ὅσον
2625 5559 2720 5612 καὶ
2761 5559 2973 5630 ἡλίκον,
3027 5557 3247 5620 διπλαῖς
3280 5556 3644 5628 άντιρρόποις
3674 5555 3822 5625 ἐνερ-

2235 5651 2414 5722 γείαις
2437 5651 2569 5716 τοὺς
2596 5650 2784 5718 ἀξίους
2812 5651 3224 5722 ἀμειψάμενονί
3255 5649 3321 5703 Τί
3344 5650 3404 5703 δέ
3430 5650 3633 5722 Δανιὴλ
3660 5650 3690 5702 6
3721 5647 3826 5700 τῶν

2243 5745 2556 5816 ἐπιθυμιῶν
2587 5747 2764 5818 ἀνήρ;
2789 5747 2849 5799 οὐ
2880 5748 2950 5818 τῇ
2982 5744 3294 5818 καθαρτικῇ
3326 5743 3556 5815 νηστείᾳ
3585 5757 3826 5815 προχρη-

2248 5836 2484 5907 σάμενος
2531 5837 2907 5895 συνδιαιτᾶται
2959 5839 3140 5894 λέουσι
3189 5837 3518 5909 ἀπήμαντον
3563 5835 3628 5891 τδ
3672 5835 3823 5905 σῶμα

2253 5929 2699 6003 ἀπενεγκάμενος
2715 5953 2728 6001 ;
