4050 6364
229 461 332 531 701

1115 472 1401 536 ORATIO
1455 476 1569 538 ΙΙΙ.
1602 479 1775 542 -ΙΝ
1818 482 2175 548 VIGILIAM
2220 488 2613 551 LUMINUM.

3391 495 3498 557 702

302 580 371 652 β’.
427 578 589 636 ’ΔιιΑά
618 581 801 653 βούλει
836 584 933 639 ἐπὶ
961 586 1062 658 τὴν
1093 586 1223 643 νέαν
1264 590 1684 664 μετεληλυθέναι
1724 613 1809 649 σοι

1978 604 2035 657 2.
2083 602 2188 658 Sed
2225 606 2336 659 vin’
2373 605 2441 659 ad
2486 604 2697 660 Novum
2736 604 3151 662 Testamentum
3202 608 3297 663 tibi
3354 609 3496 665 ﬂecti

226 673 322 729 τὸν
371 673 561 743 λόγον;
597 675 741 747 Ὅρα
786 676 1003 732 Παῦλον
1048 681 1142 734 τὸν
1185 681 1365 751 μέγαν
1402 684 1502 755 τῆς
1553 686 1810 757 ἀληθείας

229 768 449 837 κήρυκα
495 768 952 841 τριημερονύκτῳ
1010 773 1237 844 νηστείᾳ
1290 774 1393 845 τὴν
1450 779 1812 850 παρασκευὴν

229 857 624 928 ποιησάμενον,
667 854 767 912 εἷθ’
799 859 975 925 οὕτως
1006 862 1145 932 πρὸς
1175 866 1241 935 τῇ
1274 866 1493 921 ὲκτενεῖ
1532 867 1719 940 δεήσει
1750 870 1813 923 τὸ

227 948 484 1019 ἀληθινὸν
539 949 658 1019 φῶς
731 952 971 1023 Χριστὸν
1035 954 1423 1027 ὲνδυσάμενον.
1480 959 1657 1013 Βλέπε
1718 962 1814 1015 καὶ

228 1040 509 1095 Ματθαῖον
534 1041 627 1096 τὸν
653 1043 1049 1117 εὑαγγελιστὴν
1090 1047 1372 1119 προύργου
1401 1050 1503 1122 τὴν
1534 1051 1642 1106 τῶν
1665 1053 1814 1106 ὲνόν-

225 1150 340 1185 των
368 1133 637 1202 ἀπόταξιν
665 1136 1059 1209 ποιησάμενον,
1093 1140 1294 1205 αὑτούς
1326 1159 1387 1195 τε
1431 1145 1557 1207 τοὺς
1585 1144 1810 1199 τελωνιο

229 1226 361 1289 κους
385 1225 582 1295 λόγους
607 1228 819 1294 ἀτελεῖς
852 1231 1223 1285 καταλιπόντα
1242 1275 1258 1299 ,
1300 1234 1396 1288 καὶ
1424 1234 1600 1300 οὕτως
1632 1237 1813 1308 μαθη-

225 1316 352 1386 τιᾷν
398 1316 479 1387 τῷ
516 1316 690 1388 Ἰησοῦ
734 1319 1012 1391 ἑλόμενον.
1062 1324 1172 1376 Καὶ
1207 1324 1361 1378 οῦπω
1401 1325 1547 1395 λέγω
1590 1327 1673 1382 ὅτι
1717 1330 1813 1384 καὶ

227 1408 500 1479 Ζακχαῖος
538 1411 810 1483 πρότερον
841 1414 1079 1484 χαμόθεν
1122 1416 1356 1486 ὑψωθεὶς
1388 1420 1483 1473 καὶ
1517 1419 1680 1489 σῶμα
1718 1420 1813 1473 καὶ

225 1499 489 1567 διάνοιαν,
531 1501 679 1556 οὑτω
706 1504 802 1557 τὸν
839 1504 1050 1576 Ἰησοῦν
1078 1506 1335 1576 ὑφέστιον
1366 1511 1681 1581 πεποίηται,
1714 1512 1812 1567 σὺν

227 1592 528 1663 ὑποσχέσει
572 1595 869 1667 κρείττονι,
916 1597 1013 1651 καὶ¹
1063 1599 1164 1668 τῆς
1208 1600 1521 1671 κρείττονος
1564 1601 1812 1670 ἀξιοῦται

225 1688 711 1758 προσφωνήσεως·
766 1689 862 1742 καὶ
913 1691 1023 1762 μὴν
1080 1693 1384 1764 Κορνήλιος
1431 1697 1814 1769 τετραήμερον

223 1777 608 1847 νενηστευκὼς
644 1796 705 1833 τε
738 1780 834 1834 καὶ¹
867 1782 1343 1853 προσευξάμενος,
1376 1786 1686 1856 τηνικαῦτα
1711 1790 1814 1859 ὁρᾷ

221 1866 317 1921 τὸν
362 1869 600 1939 ἄγγελον
653 1871 1153 1945 εὑαγγελισάμενον
1205 1876 1277 1930 τά
1318 1876 1661 1949 καταθύμια,
1717 1880 1813 1933 καὶ

1914 710 2225 751 sermonem
2244 698 2269 751 ?
2291 696 2487 768 Specta
2519 697 2772 764 Paulum,
2805 714 3061 768 magnum
3086 700 3333 756 veritatis
3360 717 3497 771 prae-

1913 802 2130 855 conem,
2157 789 2323 843 trium
2366 790 2578 844 dierum
2616 790 2971 860 noctiumque
2998 791 3212 861 jejunio
3250 806 3310 846 se
3343 807 3494 847 com-

1913 890 2221 948 parantem,
2259 890 2423 950 atque
2479 882 2553 935 ita
2605 896 2712 935 non
2750 882 2871 936 sine
2899 892 3186 937 constante
3223 883 3492 946 oratione,

1912 988 2043 1029 vero
2075 973 2283 1027 lumine
2312 972 2536 1029 Christo
2564 974 3061 1033 circumvestitum.
3090 975 3306 1032 Videsis
3331 978 3495 1033 etiam

1912 1064 2302 1135 evangelistam
2336 1050 2647 1119 Matthmum
2675 1066 2985 1135 perutiliter
3008 1067 3173 1121 rebus
3202 1069 3316 1122 suis
3351 1068 3498 1123 vale-

1913 1156 2120 1221 dircre,
2156 1164 2212 1210 et
2250 1158 2403 1225 ipsas
2450 1157 2637 1211 telonii
2670 1157 2916 1213 rationes
2951 1158 3300 1228 imperfectas
3335 1159 3498 1215 dese—

1912 1261 2055 1312 rere,
2087 1257 2253 1317 atque
2284 1247 2358 1302 ita
2390 1246 2598 1303 Christi
2638 1248 3030 1320 discipulatum
3057 1250 3316 1320 arripere.
3350 1250 3497 1305 Non-

1912 1338 2044 1393 dum
2090 1338 2380 1394 Zacbzeum
2432 1340 2757 1405 memoravi,
2814 1355 3047 1410 corpore
3093 1355 3158 1396 ac
3209 1351 3389 1397 mente
3432 1343 3499 1396 de

1915 1443 2058 1487 terra
2114 1432 2411 1495 sublatum,
2455 1430 2643 1487 Jesum
2696 1433 2949 1487 convivio
3002 1434 3306 1504 excepisse,
3371 1450 3497 1490 cum

1912 1524 2130 1595 egregia
2161 1538 2260 1578 sua
2293 1523 2684 1593 promissione,
2722 1540 2830 1594 qua
2869 1525 3152 1580 meliorem
3183 1525 3385 1582 Christi
3418 1528 3498 1582 al-

1913 1617 2251 1671 locutionem
2300 1616 2624 1685 promeruit.
2679 1616 2811 1672 Item
2867 1618 3157 1674 Cornelius
3202 1620 3500 1688 quatriduo

1909 1710 2169 1781 jejunans
2197 1718 2252 1763 et
2274 1723 2461 1771 orans,
2497 1709 2634 1763 vidit
2677 1708 2915 1778 denique
2959 1711 3214 1781 angelum
3257 1712 3498 1781 jucunda

1914 1802 2020 1857 sibi
2070 1800 2437 1865 nuntiantem,
2482 1815 2818 1871 composque
2867 1805 2978 1857 voti
3040 1802 3217 1858 factus
3264 1813 3369 1859 est.
3417 1802 3498 1857 Tu

1917 1908 2067 1959 vero,
2096 1893 2302 1962 optime
2343 1892 2738 1963 (baptizande),
2777 1900 2838 1947 ut
2878 1895 3018 1949 alios
3049 1910 3197 1949 nunc
3229 1895 3503 1965 appellare

222 1961 336 2015 τῶν
364 1962 601 2017 ἐλπίδων
638 1965 1041 2022 ὲπιτέτευκται.
1072 1968 1146 2021 Σὺ
1175 1968 1232 2021 δὲ
1255 2010 1271 2033 ,
1309 1964 1354 2023 ὢ
1392 1968 1636 2039 βέλτιστε
1658 2014 1673 2038 ,
1725 1972 1812 2026 ἵνα

1917 1985 2188 2051 omittam,
2216 1985 2320 2041 etsi
2353 1999 2460 2040 non
2498 1986 2619 2040 sine
2654 1986 2917 2055 religione
2941 1987 3231 2057 longisque
3253 1988 3502 2043 excubiis

221 2053 357 2116 τοὺς
387 2052 584 2117 ἀλλους
608 2055 845 2126 παρήσω
874 2055 1077 2125 λέγειν,
1108 2059 1210 2113 οὑκ
1234 2059 1364 2113 ἀνευ
1396 2060 1685 2127 εὐλαϐείας
1717 2065 1813 2117 καὶ

224 2144 437 2215 πολλῆς
471 2146 833 2217 προφυλακῆς
863 2152 977 2213 τοῖς
1011 2149 1179 2215 θείοις
1222 2154 1683 2225 προσερχόμενος,
1717 2155 1813 2209 οῦ-

219 2254 332 2301 τως
368 2237 559 2301 ἁπλῶς
601 2239 698 2292 καὶ
724 2239 1235 2311 ἀπαρασκευάστοις
1262 2244 1341 2316 τῷ
1386 2246 1661 2318 ὑπερφαεῖ
1706 2265 1812 2318 μυ-

223 2330 443 2401 στηρίῳ
475 2330 819 2403 προσελεύσῃ
846 2372 861 2397 ,
896 2333 966 2387 δι’
996 2326 1057 2387 οὗ
1108 2352 1191 2390 σοι
1236 2338 1333 2392 καὶ
1379 2340 1413 2409 ἡ
1450 2340 1509 2393 ὲν
1539 2320 1826 2412 πνεύματι·

222 2421 509 2489 ἀπότεξις,
562 2428 657 2479 καὶ
701 2426 763 2479 τὸ
809 2427 924 2491 υίὸς
966 2426 1147 2496 φωτὸς
1201 2430 1544 2501 κεκλῆσθαι;
1604 2433 1702 2487 καὶ
1752 2434 1814 2487 οὑ

224 2513 369 2585 φοὸῇ
398 2516 473 2587 μή
500 2533 634 2571 ποτε
655 2518 856 2572 ταυτὸν
886 2519 1080 2584 πάθοις
1099 2520 1180 2592 τῷ
1198 2522 1500 2595 ὀφθαλμοῖς
1528 2526 1816 2584 ἀσθενέσιν

223 2607 505 2663 ἀντωπεῖν
532 2611 903 2683 ἐπιχειροῦντι
939 2612 1077 2685 πρὸς
1104 2615 1198 2669 τὸν
1226 2617 1415 2687 ήλιονς

298 2710 373 2772 γ’.
431 2704 574 2758 Ἀλλ’
602 2705 792 2777 ἐπειδὴ
823 2706 983 2761 τοῦτο
1025 2708 1210 2775 καλῶς
1229 2750 1244 2774 ,
1274 2711 1352 2776 ὡς
1408 2708 1563 2785 οἶμαι
1582 2758 1597 2783 ,
1630 2719 1818 2791 προδι-

116 2860 119 2861 ν
228 2794 396 2868 έτεθη
434 2797 530 2849 καὶ
557 2796 865 2870 διετυπώθη
889 2840 905 2865 ,
960 2800 1093 2869 φέρε
1121 2800 1197 2865 ὡς
1224 2798 1336 2859 οἷόν
1377 2822 1438 2859 τε
1476 2810 1817 2882 χωρήσωμεν

226 2887 323 2940 ἐπὶ
345 2886 421 2941 τά
451 2887 745 2958 Προφώτια
766 2932 781 2957 ,
807 2893 902 2945 καὶ
934 2892 1133 2963 ἴδωμεν
1159 2895 1595 2969 κεκαθαρμένοις
1622 2901 1820 2973 ὀφθαλ-

229 2982 356 3050 μοῖς
408 2981 560 3044 ὅπως
602 2980 666 3035 τὸ
713 2982 970 3055 ἀληθινὸν
1022 2986 1138 3056 φῶς
1182 2988 1244 3054 ἐξ
1286 2990 1460 3061 αὐτῆς
1507 2997 1819 3067 γεννήσεως

227 3077 643 3145 ἁνατεταλκδς,
697 3079 861 3150 μέχρι
908 3081 1006 3135 τοῦ
1059 3082 1406 3154 φωτογενοῦς
1438 3084 1819 3158 βαπτίσματος

229 3169 453 3239 πρόεισι
484 3169 911 3243 θεολογούμενον
932 3191 944 3207 υ
969 3174 1112 3229 οὕτω
1135 3175 1245 3247 γὰρ
1275 3176 1304 3229 ό
1331 3176 1456 3241 νοῦς
1486 3181 1553 3251 τῇ
1607 3180 1818 3252 ἱστορίᾳ

230 3261 605 3331 συνεπόμενος
637 3263 952 3332 φωτίζοιτο,
988 3265 1081 3319 καὶ
1119 3266 1149 3319 ό
1193 3266 1353 3336 λόγος
1386 3268 1679 3340 ἐφαρμογῇ
1713 3270 1814 3339 τὴν
1842 3316 1883 3371 C

225 3352 486 3425 διήγησιν
518 3356 801 3427 ποιήσοιτο
822 3395 839 3421 ,
890 3356 976 3426 ἐφ’
1008 3356 1214 3430 ἑκάστῃ
1258 3357 1454 3430 τελετῇ
1491 3359 1815 3431 ὲπιθεωρῶν

226 3446 295 3501 τὰ
323 3448 706 3519 προσήκοντα.
741 3449 904 3522 ’Δρτι
932 3449 1228 3522 τοιγαροῦν
1267 3452 1335 3505 ὲκ
1378 3452 1655 3523 Παρθένου
1688 3469 1818 3523 γεν-

228 3539 420 3610 νηθεὶς
448 3541 478 3594 ό
504 3541 856 3613 ὑπερούσιος,
889 3544 1156 3612 ἀγγέλους
1182 3545 1462 3615 ὑμνῳδοὺς
1479 3544 1575 3599 τοῦ
1601 3563 1815 3618 μυστη-

230 3640 346 3702 ρίου
384 3633 716 3705 παρίστησισ
764 3634 859 3687 καὶ⁸
909 3634 1207 3706 σκοπῶμεν
1240 3636 1302 3690 τὸ
1330 3638 1681 3709 ἀπόρρητον
1722 3638 1813 3704 τί;

227 3724 346 3778 Ἱνα
393 3726 674 3798 γνωρισθῇ
724 3727 895 3780 πᾶσιν
922 3727 1004 3780 ὅτι
1035 3726 1094 3779 ὃν
1134 3728 1255 3781 κατ’
1286 3727 1462 3800 ἀρχὰς
1492 3730 1559 3799 τῇ
1598 3728 1813 3797 γενέσει

224 3814 333 3869 τῶν
363 3816 585 3888 ἄστρων
612 3818 689 3879 ὡς
719 3817 1103 3889 γενεσιουργδν
1131 3818 1383 3892 ὕμνησαν
1413 3819 1660 3888 ἄγγελοι,
1686 3821 1810 3875 τοῦ·

224 3922 317 3961 τον
341 3906 442 3961 νῦν
469 3908 800 3979 γεννηθέντα
835 3910 930 3963 καὶ
961 3909 1196 3978 ὀφθέντα
1219 3911 1278 3963 ὲν
1297 3910 1376 3982 τῷ
1400 3910 1527 3964 καθ’
1557 3912 1707 3983 ἡμᾶς
1736 3913 1815 3965 εῐ-

224 3999 304 4054 δει
333 3999 570 4069 ὑμνοῦσι
601 4002 696 4054 καὶ
729 4001 1045 4067 δοξάζουσιο
1064 4002 1146 4056 διὸ
1174 4002 1274 4056 καὶ
1302 4002 1479 4074 ἀστήρ
1505 4003 1670 4057 αὑτὸν
1702 4022 1811 4075 μη-

224 4090 340 4145 νύει
374 4093 532 4157 πᾶσι,
562 4094 659 4147 καὶ
694 4093 867 4158 οὑτως
903 4093 1045 4166 ὑπὲρ
1072 4094 1173 4166 τὴν
1210 4095 1320 4148 τῶν
1360 4095 1611 4167 ἀστέρων
1647 4096 1813 4167 φύσιν

223 4184 608 4257 δεικνύμενος,
636 4189 704 4259 τῇ
734 4204 793 4240 τε
823 4190 1024 4259 τοπικῇ
1055 4189 1267 4259 κινήσει
1293 4227 1310 4254 ,
1344 4189 1440 4242 καὶ
1470 4192 1538 4261 τῇ
1570 4190 1808 4261 ήμερινῇ

222 4276 430 4347 λάμψει
450 4293 464 4308 ⁸
496 4278 550 4331 τί
579 4279 816 4349 δήποτε;
853 4279 936 4343 Ὡς
969 4277 1035 4333 ἂν
1065 4279 1365 4335 κάντεῦθεν
1392 4280 1604 4351 δηλωθῇ
1641 4282 1811 4351 ὑπερ-

223 4372 364 4442 φυὴς
413 4373 443 4426 ό
489 4372 715 4443 κυηθε“ις
740 4412 755 4437 ,
790 4372 1078 4444 ἄνθρωπος
1111 4373 1211 4446 μὲν
1238 4374 1303 4428 τὸ
1330 4371 1637 4445 ὁρώμενον,
1678 4374 1810 4439 Θεὸς

221 4460 277 4515 δὲ
306 4462 367 4516 τὸ
396 4463 708 4534 νοούμενον.
753 4464 1038 4519 Ἐντεῦθεν
1078 4465 1139 4520 τὸ
1182 4466 1282 4537 τῆς
1328 4466 1637 4537 περιτομῆς
1672 4466 1807 4521 θεώο

224 4570 400 4624 ρημα.
434 4555 543 4608 οὐδ’
586 4555 718 4609 αὑτό
763 4557 1028 4629 ἀμοιροῦν
1055 4556 1340 4627 θεολογίας
1372 4562 1489 4623 τοῖς
1527 4560 1805 4631 ἐπεσκεμ-

1915 2079 1980 2132 ad
2014 2079 2129 2132 lucc
2161 2091 2320 2131 sacra
2360 2074 2601 2141 accedis,
2638 2076 2997 2133 nihilominus
3047 2085 3154 2131 tam
3187 2088 3393 2132 temere
3421 2087 3504 2132 at-

1915 2185 2024 2241 que
2046 2171 2348 2239 imparatus
2378 2170 2443 2224 ad
2468 2168 2973 2238 splendidissimum
3003 2170 3321 2241 mysterium
3347 2172 3500 2230 ades.

1917 2263 1973 2319 in
1997 2276 2107 2332 quo
2137 2271 2228 2316 tua
2263 2261 2524 2330 spiritalis
2550 2261 2609 2315 tit
2638 2261 2918 2324 nativitas,
2946 2270 3003 2316 et
3025 2263 3170 2317 unde
3192 2262 3329 2317 lucis
3358 2261 3504 2316 ﬁlius

1916 2356 2210 2428 appellaris
2231 2352 2383 2409 ?Nec
2401 2354 2633 2417 vereris,
2665 2369 2733 2409 ne
2763 2353 2815 2407 id
2843 2354 3093 2424 patiaris.
3117 2355 3263 2424 quod
3292 2354 3504 2409 homini

1917 2446 2152 2502 inﬁrmis
2200 2444 2377 2501 oculis
2422 2444 2595 2500 solem
2628 2452 2879 2514 spectare
2930 2444 3136 2500 volenti
3187 2445 3323 2501 solet
3359 2445 3505 2501 acci-

1918 2536 2088 2591 dere?

1991 2716 2045 2770 ‘5.
2080 2712 2185 2769 Sed
2216 2714 2346 2784 quia
2379 2713 2485 2769 hoc
2513 2714 2751 2789 egregie,
2785 2723 2845 2770 ut
2871 2715 3149 2780 existimo,
3174 2715 3287 2782 jam
3315 2716 3505 2786 dispo-

1921 2808 2089 2867 situm
2139 2808 2245 2864 fuit
2281 2816 2335 2863 et
2389 2808 2771 2874 constitutum,
2823 2822 2922 2876 age
2957 2807 3141 2877 quoad
3175 2808 3290 2863 fieri
3324 2819 3505 2879 potest

1921 2903 1987 2959 ad
2020 2904 2127 2958 hoc
2173 2900 2516 2972 pervigilium
2568 2900 2877 2967 veniamus,
2938 2901 3297 2972 purgatisque
3329 2902 3505 2957 oculis

1921 2997 2300 3061 observemus,
2341 2994 2618 3064 quomodo
2665 3009 2853 3049 verum
2906 2993 3089 3048 lumen
3127 2994 3240 3064 jam
3278 2995 3405 3049 inde
3436 2996 3505 3050 ab

1922 3088 2037 3159 ipsa
2070 3086 2353 3142 nativitate
2381 3094 2588 3152 ortum,
2624 3100 2798 3155 usque
2832 3085 2900 3140 ad
2948 3085 3293 3155 splendidum
3324 3086 3502 3156 bapti-

1921 3195 2099 3237 smum
2131 3177 2333 3235 comite
2379 3177 2662 3232 divinitate
2701 3177 2980 3248 procedat.
3029 3175 3120 3233 Sic
3153 3177 3300 3232 enim
3347 3193 3504 3233 mens

1922 3269 2208 3325 historiam
2244 3267 2564 3324 discurrens
2603 3268 2988 3334 illnstrabitur,
3021 3278 3076 3325 et
3104 3271 3281 3324 oratio
3315 3279 3504 3326 nostra

1920 3361 2173 3416 idoneam
2204 3360 2577 3414 narrationem
2603 3357 2786 3425 faciet,
2819 3368 2933 3414 tum
2961 3360 3013 3414 in
3046 3360 3277 3431 singulis
3308 3360 3505 3416 divina:

1917 3455 2042 3509 vita:
2088 3452 2352 3522 gradibus
2401 3449 2551 3522 quod
2601 3451 2848 3521 apprime
2900 3452 3057 3507 decet
3110 3451 3501 3509 considerabit.

1917 3542 2101 3614 Nuper
2142 3557 2273 3613 ergo
2322 3558 2390 3597 ex
2446 3539 2670 3611 Virgine
2727 3552 2887 3597 natus
2932 3542 3505 3612 incomprehensibilis

1917 3633 2083 3701 Deus,
2115 3633 2341 3705 angelos
2375 3632 2621 3703 mysterii
2656 3632 3021 3703 hymnologos
3060 3633 3210 3687 fecit.
3245 3631 3311 3685 Et
3343 3647 3495 3687 arca-

1916 3744 2073 3794 num,
2130 3742 2343 3798 quaeso,
2400 3726 2927 3780 animadvertamus.
2989 3724 3275 3791 Quodnam
3332 3726 3507 3781 vero?

1917 3817 2121 3888 Nempe
2156 3825 2213 3871 ut
2240 3816 2501 3872 omnibus
2537 3825 2726 3870 notum
2769 3816 2940 3880 tieret,
2980 3816 3126 3885 quod
3159 3816 3311 3870 illum
3340 3832 3501 3885 quem

1915 3908 2073 3963 initio
2122 3908 2333 3975 mundi,
2387 3923 2511 3963 cum
2563 3916 2713 3962 astra
2773 3907 3165 3972 conderentur,
3241 3915 3501 3977 tanquam

1913 3998 2231 4056 Creatorem
2278 4000 2478 4071 hymno
2507 4000 2940 4059 celeliraverant.
2987 4014 3136 4053 nunc
3188 3999 3504 4054 humanitus

1916 4100 2125 4156 natum,
2153 4100 2208 4146 et
2228 4090 2284 4143 in
2315 4089 2494 4159 specie
2519 4100 2704 4143 nostra
2730 4090 2934 4155 visum,
2970 4090 3190 4160 hymnis
3213 4090 3499 4144 celebrant

1912 4195 2077 4256 atque
2106 4186 2397 4239 honorant.
2433 4183 2665 4255 Ideoque
2693 4192 2747 4239 et
2786 4183 2944 4238 stella
2986 4182 3202 4238 cunctis
3238 4183 3393 4237 illum
3426 4183 3503 4237 si-

1912 4278 2153 4350 gniﬁcat,
2188 4278 2343 4332 stella
2375 4277 2586 4333 scilicet
2618 4287 2817 4347 praeter
2853 4291 3008 4331 suam
3044 4285 3299 4329 naturam
3332 4284 3504 4329 semet

1910 4371 2198 4435 exhibens,
2223 4380 2340 4425 tum
2371 4370 2529 4425 locali
2558 4381 2734 4436 motu,
2762 4378 2877 4424 tum
2904 4369 3073 4423 etiam
3098 4369 3299 4423 diurno
3320 4368 3501 4437 splen-

1910 4462 2065 4521 dore.
2099 4460 2211 4517 Cur
2243 4462 2341 4517 id?
2373 4462 2616 4532 inquam.
2656 4459 2728 4517 Ut
2760 4461 2888 4517 hinc
2917 4461 3083 4516 etiam
3116 4468 3502 4531 superuaturao

1910 4556 1979 4611 lis
2010 4564 2298 4625 appareret
2325 4555 2418 4626 qui
2452 4567 2613 4610 natus
2643 4564 2778 4614 erat.
2808 4563 2862 4608 et
2885 4555 3051 4609 homo
3075 4554 3292 4623 quidem
3314 4568 3502 4607 cerne-

224 4645 405 4713 μένως
430 4647 641 4716 ἔχουσι’
663 4648 726 4701 τὸ
747 4649 857 4719 γὰρ
882 4649 1178 4720 ἐπικληθὲν
1207 4650 1359 4722 αὑτῷ
1374 4650 1582 4721 Ἰησοῦς
1609 4651 1802 4721 ὄνομα,

1913 4662 2085 4715 retur,
2122 4653 2263 4707 Deus
2304 4660 2485 4705 tamen
2518 4650 2939 4720 intelligeretur.
2974 4647 3237 4718 Sequitur
3260 4647 3502 4700 circum-

222 4737 362 4791 κατά
393 4737 491 4809 τὴν
531 4740 627 4793 τοῦ
664 4740 901 4810 ἀγγέλου
932 4742 1370 4814 πρωνάρῤησιν,
1409 4743 1645 4815 ἐπείπερ
1686 4744 1806 4797 ἐστὶ

222 4831 475 4903 Σωτῆρος
505 4834 745 4905 ἔμφασιν
785 4834 929 4906 ἔχον,
982 4835 1134 4901 θείας
1186 4837 1405 4907 φύσεως
1438 4838 1806 4907 γνωριστικόν

223 4920 338 4973 ἐστι
359 4962 375 4986 ,
412 4923 577 4977 παντί
606 4941 710 4977 που
756 4926 949 4996 δῆλον·
990 4927 1126 4998 μηδὲ
1157 4927 1268 4999 γάρ
1300 4928 1668 4997 ἐπιπεμπέτω
1704 4928 1806 5000 τὴν

222 5011 477 5078 γλῶσσαν
502 5015 738 5069 ἐνταῦθα
766 5019 795 5071 ό
833 5018 1103 5089 θεομάχος
1130 5020 1219 5073 διά
1240 5021 1340 5091 τῆς
1363 5020 1463 5074 τοῦ
1503 5020 1681 5092 Ἰησοῦ
1708 5021 1804 5076 τοῦ

221 5103 380 5175 Ναυῆ
419 5106 742 5178 ὁμωνυμίας
793 5110 1304 5183 προεξηγούμενος,
1338 5112 1415 5176 ὡς
1446 5111 1547 5166 οὐκ
1574 5113 1669 5166 ἐπὶ
1706 5113 1804 5167 τοῦ

222 5196 356 5249 Θεοῦ
387 5199 583 5267 Λόγου,
611 5200 728 5254 ἀλλ’
767 5203 862 5255 ἐπὶ
894 5202 989 5257 τοῦ
1021 5204 1285 5274 σχετικῶς
1314 5204 1466 5275 αὑτῷ
1497 5204 1804 5275 συναφθέν-

219 5304 310 5352 τος
328 5288 659 5362 τεθειμένον.
687 5294 822 5347 Οὑδὲ
846 5296 978 5366 γὰρ,
1003 5295 1239 5367 ἐπείπερ
1262 5295 1448 5349 πολλοὶ
1478 5299 1684 5367 κύριοι,
1706 5296 1803 5350 καὶ

220 5380 282 5434 οὐ
317 5385 460 5438 κατὰ
494 5386 658 5454 φύσιν
704 5383 884 5442 οῦτοι·
918 5389 1056 5461 πρὸς
1105 5388 1165 5443 δὲ
1211 5390 1309 5443 καὶ
1353 5389 1487 5457 θεοὶ,
1537 5389 1659 5444 ἀλλ’
1690 5389 1802 5444 οὐδ’

221 5470 375 5526 αὐτοὶ
409 5475 548 5529 κατά
577 5477 739 5544 φύσιν
759 5493 774 5509 ·
815 5477 932 5531 ἀλλ’
964 5473 1044 5541 εἷς
1078 5478 1304 5552 Κύριος,
1333 5476 1415 5544 εἷς
1446 5479 1577 5544 Θεὸς
1603 5481 1631 5534 ό
1655 5479 1801 5535 κατά

221 5561 385 5630 φύσιν
407 5565 619 5636 ἀληθής
640 5581 654 5595 ’
680 5567 823 5621 οὕτω
850 5571 948 5624 καὶ
982 5570 1178 5624 πολλαὶ
1210 5569 1796 5643 προσηγορίαιἸησοῦ,

223 5655 337 5709 ἀλλ’
368 5652 446 5722 εἷς
484 5658 695 5729 Ἰησοῦς
722 5662 751 5713 ὀ
770 5662 877 5715 τῶν
904 5663 1164 5717 ἁπάντων
1188 5663 1403 5734 Σωτήρ.

1908 4745 2134 4802 cisionis
2160 4743 2570 4814 contemplatio,
2605 4760 2672 4798 ne
2704 4743 2819 4813 ipsa
2854 4741 3074 4812 quidem
3104 4738 3379 4808 theologia
3409 4753 3500 4792 ca-

1906 4851 2057 4902 rens,
2086 4837 2132 4893 si
2160 4835 2323 4891 modo
2356 4835 2567 4889 intenta
2600 4844 2782 4889 mente
2828 4833 2939 4887 ﬁat.
2972 4830 3109 4885 Nam
3141 4829 3269 4886 Jesu
3298 4844 3498 4884 nomen

1905 4927 2425 4999 impositum,juxta
2447 4926 2626 4997 angeli
2660 4925 3092 4996 praedictionem.
3134 4923 3264 4991 quia
3297 4920 3500 4976 Serva-

1906 5031 2079 5077 torem
2138 5031 2319 5085 sonat,
2373 5020 2572 5075 divina:
2627 5028 2837 5073 naturae
2894 5015 3313 5086 signiticativum
3375 5028 3498 5067 esse

1912 5127 2074 5167 nemo
2101 5127 2210 5167 non
2243 5112 2408 5169 videt.
2437 5111 2622 5182 Neque
2647 5124 2778 5165 vero
2805 5109 2893 5163 hic
2918 5108 3093 5162 vibret
3131 5106 3371 5177 linguam
3405 5104 3497 5158 Dei

1905 5205 2104 5277 aliquis
2131 5206 2326 5270 hostis,
2356 5214 2575 5275 propter
2596 5203 2723 5259 Jesu
2748 5201 2894 5256 Nave
2945 5200 3040 5255 lilii
3067 5198 3497 5270 homonymiam.

1905 5294 2093 5351 dicens
2123 5312 2230 5352 non
2266 5295 2439 5352 fuisse
2469 5297 2572 5351 hoc
2608 5311 2806 5350 nomen
2856 5304 3123 5365 tanquam
3171 5293 3283 5347 Deo
3320 5290 3499 5346 Verbo

1905 5387 2245 5459 impositum,
2283 5390 2376 5445 sed
2415 5389 2625 5445 homini
2654 5389 2814 5459 cujus
2848 5404 2973 5445 cum
3008 5387 3101 5442 illo
3133 5396 3316 5441 vetere
3357 5398 3495 5438 con-

1904 5482 2178 5538 venientia
2228 5484 2407 5555 aliqua
2462 5482 2585 5539 fuit.
2637 5483 2826 5553 Neque
2871 5484 3038 5544 enim,
3073 5477 3288 5537 etiamsi
3338 5475 3493 5530 multi

1907 5572 2116 5629 domini
2165 5586 2312 5641 sunt,
2359 5576 2502 5630 haud
2535 5584 2712 5631 tamen
2750 5585 2942 5629 natura
2972 5582 3099 5628 sunt
3122 5570 3288 5633 tales;
3321 5566 3406 5622 vel
3448 5568 3495 5622 si

1910 5668 2066 5722 multi
2090 5669 2187 5733 dii,
2218 5686 2288 5724 ne
2317 5669 2368 5723 lii
2410 5669 2631 5740 quidem
2663 5683 2851 5737 reapse
2882 5666 3055 5731 tales;
3088 5663 3181 5719 sed
3213 5677 3356 5715 unus
3387 5660 3495 5714 Do-

225 5749 422 5816 minus,
455 5769 601 5809 unus
653 5754 795 5813 Deus
824 5766 1017 5828 suapte
1049 5767 1247 5813 natura
1274 5772 1456 5814 verus.
1509 5755 1602 5813 Sic
1628 5756 1795 5815 etiam
1832 5758 1987 5814 multi
2060 5771 2189 5817 sunt
2232 5763 2455 5817 nomine
2499 5761 2628 5817 Jesu
2677 5758 2956 5831 appellati,
3000 5768 3059 5811 ut
3130 5764 3313 5810 tamen
3353 5768 3496 5809 unus

226 5841 295 5895 sit
314 5839 471 5902 Jcsus
509 5850 755 5905 omnium
789 5849 1070 5907 Servator.

292 5936 357 5992 δ’.
406 5941 688 6002 Ἐντεῦθεν
710 5946 941 6020 ἀνῆκται
968 5947 1050 6013 εἰς
1090 5947 1469 6021 Ἱεροσόλυμα·
1504 5940 1703 6004 καὶοῖα
1728 5948 1796 6003 τὰ

1974 5945 2028 6001 ι.
2059 5942 2263 6001 Deinde
2289 5939 2721 6011 lliciosolymam
2755 5938 3068 6008 deportatus
3098 5943 3181 5990 est
3211 5952 3224 5988 ;
3257 5941 3309 5989 et
3340 5946 3489 6003 qum-
