4050 6364
552 465 659 530 703

1736 477 1796 536 S.
1837 476 2236 538 THEODORI
2272 477 2625 538 STUDlT/E
3717 472 3826 537 τοι

551 598 679 638 nam
721 581 842 652 ejus
876 583 972 654 qui
1004 583 1156 640 illum
1195 556 1345 642 ulnis
1383 586 1594 658 excepit
1648 587 1925 645 Simeonis
1973 589 2137 644 verba

2251 588 2336 642 τοῦ
2371 587 2773 658 ὑποδεξαμένου
2807 585 2970 642 αὑτὸν
3021 588 3080 640 ἐν
3124 585 3247 650 ταῖς
3294 584 3567 652 ἀγκάλαις
3599 585 3825 656 Συμεὼν

550 674 774 740 fuerint,
825 677 1068 742 scimus;
1112 692 1307 749 nempe
1337 679 1482 749 quod
1533 686 1681 735 esset
1727 679 1970 736 salutare
2018 680 2137 746 Dei,

550 774 798 834 paratum
827 775 953 823 ante
978 764 1170 822 faciem
1199 769 1446 824 omnium
1476 770 1829 840 populorum,
1860 781 1915 828 et
1942 772 2140 828 lumen

549 857 617 911 ad
648 857 886 927 gentium
932 859 1319 915 revelationem
1346 862 1389 928 ⁸,
1415 869 1471 916 et
1521 861 1567 916 si
1602 863 1732 932 quid
1763 864 1914 919 aliud
1948 864 2145 936 hujus-

554 951 701 1006 modi
730 951 796 1006 de
823 951 916 1007 illo
938 954 1335 1022 pronuntiavit,
1366 953 1416 1010 id
1455 969 1612 1026 aeque
1639 956 1707 1012 de
1739 955 1897 1013 Patre
1928 958 2142 1014 theolo-

554 1039 675 1110 gice
706 1039 812 1094 dici
845 1055 1008 1112 posse
1033 1041 1392 1112 judicandum
1422 1051 1525 1100 est.
1558 1041 1808 1116 Namque
1838 1045 2004 1102 etiam
2038 1047 2144 1103 Pa-

555 1144 658 1198 ter,
689 1133 951 1188 Servator
981 1134 1274 1206 lumenque
1307 1139 1363 1191 in
1392 1138 1634 1195 oraculis
1667 1139 2005 1195 nominatur.
2037 1141 2144 1206 Qui

554 1235 719 1288 porro
768 1222 1014 1278 eamdem
1074 1225 1493 1294 appellationem
1540 1227 1884 1285 substantive
1924 1231 2146 1299 partici-

555 1317 706 1380 pant,
759 1311 924 1367 iidem
967 1315 1214 1370 eamdem
1251 1331 1473 1387 quoque
1520 1331 1581 1373 se
1635 1317 1838 1374 habere
1890 1329 2144 1376 naturam

558 1403 822 1472 produnt.
857 1404 1046 1476 Itaque
1080 1405 1254 1463 Filius
1279 1407 1427 1463 Patri
1457 1409 1534 1464 ait
1565 1428 1579 1464 :
1607 1407 1804 1464 Omnia
1858 1427 2003 1479 mea,
2053 1421 2146 1470 tua

556 1501 720 1560 sunt;
754 1503 809 1550 et
840 1505 953 1562 tua,
987 1513 1107 1553 mea
1142 1517 1154 1553 :
1187 1500 1623 1569 reciprocatione
1651 1501 1955 1558 secundum
1986 1513 2147 1560 natu-

557 1603 675 1642 ram
711 1588 1002 1657 allirmata,
1034 1608 1140 1648 non
1202 1594 1504 1648 secundum
1559 1610 1919 1664 personarum
1953 1599 2146 1653 termi-

556 1695 689 1734 num
731 1699 744 1736 :
778 1682 883 1738 hoc
923 1684 1070 1738 enim
1113 1683 1434 1740 Sabellianae
1471 1684 1812 1744 confusionis
1862 1703 2146 1746 commen-

555 1782 672 1828 tum
718 1783 821 1840 est,
871 1775 1016 1846 quod
1051 1777 1348 1848 rejicimus.
1394 1776 1589 1833 Postea
1617 1779 1679 1834 in
1724 1777 2020 1851 Egyptum
2053 1783 2148 1838 de-

557 1864 794 1930 scendit,
825 1873 880 1920 et
909 1865 1126 1936 quidem
1167 1866 1508 1938 deportatus.
1541 1869 1647 1925 Sed
1684 1871 1808 1925 audi
1841 1871 1970 1942 quid
2002 1871 2148 1929 dicat

2244 681 2488 753 ρήματα,
2522 680 2683 752 ἴσμεν
2703 694 2718 710 ο
2765 678 2828 734 τὸ
2867 679 2978 750 γάρ
3010 678 3280 750 σωτήριον
3310 675 3448 730 Θεοῦ
3480 678 3830 749 ἡτοιμασμέ-

2241 788 2332 827 νον
2369 770 2518 826 κατά
2559 770 2853 844 πρόσωπον
2884 770 3105 825 πάντων
3143 767 3256 824 τῶν
3285 767 3453 834 λαῶν,
3481 768 3600 839 φῶς
3640 786 3704 823 τε
3745 773 3828 834 είς

2241 861 2585 933 ἀποκάλυψιν
2617 861 2811 927 ἐθνῶν,
2855 860 2952 916 καὶ
2997 861 3052 916 εῐ
3088 878 3143 916 τι
3186 859 3401 924 τούτοις
3448 860 3640 932 ἕτερον
3665 861 3829 915 αὑτὸν

2242 953 2609 1018 ἀποκαλέσαι,
2639 953 2726 1008 ἐπ’
2755 952 2878 1025 ῐσης
2905 955 2985 1025 τῷ
3026 952 3202 1025 Πατρὶ
3231 947 3347 1006 εῐεν
3386 951 3826 1023 θεολογούμενα·

2243 1044 2370 1099 ἐπεὶ
2395 1045 2490 1099 καὶ
2514 1045 2544 1098 ό
2571 1045 2764 1118 Πατὴρ
2797 1045 2894 1098 κα)⁸
2927 1044 3122 1116 Σωτὴρ
3146 1044 3244 1099 καὶ
3276 1042 3393 1114 φῶς
3421 1043 3565 1116 πρὸς
3590 1045 3709 1108 τοῖς
3735 1044 3826 1098 λο-

2243 1135 2388 1206 γίοις
2429 1135 2750 1208 ὠνόμασται
2774 1153 2789 1168 ο
2823 1136 2894 1191 τὰ
2934 1134 2994 1190 δὲ
3026 1135 3126 1206 τῆς
3169 1135 3345 1207 αὐτῆς
3373 1133 3679 1207 ὀνομασίας
3719 1135 3828 1190 ὑπ-

2244 1227 2506 1298 αρκτικά,
2555 1229 2650 1281 καὶ
2689 1226 2790 1298 τῆς
2837 1225 3008 1298 αὐτῆς
3041 1223 3108 1279 ἂν
3144 1225 3230 1296 εῐη
3266 1227 3487 1295 φύσεως
3527 1225 3825 1296 δηλωτικὰ.

2247 1317 2360 1371 Καὶ
2402 1315 2536 1386 γοῦν
2573 1315 2701 1380 Υἱὸς
2751 1313 2890 1387 πρὸς
2926 1313 3018 1368 τὸν
3059 1311 3288 1385 Πατέρα
3329 1311 3496 1384 φησιν
3530 1311 3719 1367 Πάντα
3757 1311 3829 1366 τά

2247 1407 2359 1478 ἐμὰ
2393 1409 2464 1462 σά
2492 1408 2632 1475 ἐστι,
2660 1407 2756 1462 καὶ
2785 1407 2854 1461 τά
2885 1405 2955 1460 σά
2978 1404 3088 1477 ἐμά
3106 1421 3120 1436 ο
3157 1403 3260 1475 τῆς
3290 1404 3656 1474 ἀναστροφῆς
3686 1403 3829 1458 κατά

2245 1498 2340 1553 τὸν
2379 1499 2480 1570 τῆς
2526 1498 2715 1562 οὐσίας
2753 1496 3002 1568 δηλονότι
3045 1495 3204 1565 λόγον
3247 1493 3729 1566 ὁμολογοῦμέν-ης,
3767 1494 3830 1546 οὐ

2247 1590 2392 1646 κατά
2449 1589 2543 1645 τὸν
2595 1589 2708 1645 τῶν
2759 1588 3116 1644 ύποστάσεων
3155 1587 3318 1657 ὄρονσ
3369 1585 3531 1640 τοῦτο
3570 1585 3681 1654 γάρ
3729 1585 3834 1655 τῆς

2250 1683 2567 1755 συγχύσεως
2600 1683 2894 1739 Σαϐελλίου
2921 1682 2980 1737 τὸ
3009 1683 3268 1754 φρόνημα
3291 1721 3310 1748 ,
3349 1679 3488 1751 ὅπερ
3516 1678 3828 1752 ὴρνήμεθα.

2261 1775 2548 1832 Ἐντεῦθεν
2592 1775 2838 1830 κάτεισιν
2881 1775 2963 1838 είς
3020 1773 3297 1842 Αιγυπτον
3341 1772 3436 1827 καὶ
3485 1771 3834 1842 ὑπειλημμέ-

2249 1882 2339 1929 νος
2392 1863 2540 1939 [cod.
2588 1859 3059 1935 ύπειλημμένονΓ
3116 1861 3232 1916 ἀλλ’
3289 1861 3524 1917 ἄκουσον
3569 1861 3624 1916 τί
3662 1879 3836 1933 φησιν

559 1955 730 2012 Isaias
759 1973 774 2010 :
802 1955 938 2011 Ecce
979 1956 1239 2012 Dominus
1288 1957 1388 2012 levi
1436 1960 1560 2013 nubi
1606 1960 1843 2014 insidens
1890 1961 2054 2016 veniet
2087 1963 2144 2018 in

2257 1956 2484 2020 Ἡσαΐας
2502 1974 2516 1989 ·
2561 1955 2708 2014 Ἰδοὺ
2735 1957 2957 2026 Κύριος
2979 1955 3231 2024 κάθηται
3258 1954 3361 2010 ἐπὶ
3384 1955 3648 2026 νεφέλης
3687 1956 3832 2010 κού-

558 2045 634 2101 1E
637 2057 874 2118 gyptum,
899 2058 951 2104 et
977 2058 1168 2104 cuncta
1192 2047 1414 2120 Egypti
1443 2050 1590 2105 idola
1611 2068 1794 2106 coram
1821 2069 1881 2108 eo
1909 2069 2144 2109 commo-

561 2137 818 2191 vebuntur
846 2138 888 2193 ⁸.
920 2137 1059 2204 Quid
1105 2139 1309 2194 clarius
1335 2139 1443 2194 dici
1486 2141 1666 2211 potuit
1715 2142 1781 2198 de
1817 2143 1926 2198 Deo
1966 2143 2145 2199 incar-

563 2239 694 2284 nato
724 2229 854 2285 illuc
885 2230 1248 2286 adventante?
1288 2231 1411 2286 Mox
1441 2231 1510 2288 de
1541 2231 1781 2304 IEgypto
1833 2237 2142 2303 revertitur,

559 2331 616 2379 et
641 2321 939 2377 incolatum
973 2319 1226 2376 Nazareti
1254 2321 1474 2394 delegit,
1506 2327 1651 2382 unde
1682 2327 1846 2382 etiam
1877 2343 2146 2400 agnomen

561 2414 859 2470 contraxit.
891 2414 973 2468 'l'u
1003 2429 1134 2469 vero
1175 2429 1244 2470 ne
1270 2416 1697 2486 cogitationibus
1738 2419 1985 2487 lluctues,
2013 2421 2145 2476 dum

561 2500 655 2556 Dei
685 2503 1010 2558 descensum
1045 2503 1392 2575 reditumque
1434 2507 1614 2572 audis,
1653 2517 1709 2563 et
1757 2508 1986 2580 localem
2031 2525 2148 2564 mo-

559 2601 676 2660 tum
723 2607 790 2648 ac
850 2594 1412 2665 transmigrationem.
1466 2596 1601 2652 Nam
1657 2599 1702 2654 si
1758 2599 1999 2656 Verbum
2029 2603 2148 2658 sine

560 2699 793 2754 corpore
825 2684 1241 2757 intelligeretur,
1274 2702 1382 2742 non
1415 2696 1616 2744 temere
1638 2699 1873 2746 mentem
1905 2701 2146 2748 nostram

562 2776 899 2832 commoveri
921 2792 986 2833 ac
1009 2777 1316 2846 perturbari
1344 2771 1684 2852 contingeret
1709 2799 1722 2834 :
1747 2783 1841 2838 sed
1871 2784 1999 2854 quia
2023 2799 2148 2839 cum

562 2881 793 2936 corpore
823 2874 931 2932 est,
964 2867 1101 2923 nihil
1132 2877 1218 2925 est
1245 2869 1516 2926 absonum
1549 2880 1646 2925 aut
1697 2872 2100 2945 inconsequens
2131 2891 2145 2928 :

563 2971 801 3026 namque
827 2967 888 3012 ut
914 2955 1060 3013 Deus
1093 2957 1148 3014 in
1179 2973 1343 3014 carne
1381 2960 1666 3030 apparuit;
1698 2960 1772 3015 ita
1821 2962 1942 3017 loca
1976 2970 2152 3018 mutat

567 3042 709 3100 Deus
731 3045 787 3098 in
813 3059 1003 3110 carne,
1050 3054 1107 3102 et
1145 3047 1283 3103 alias
1309 3048 1582 3119 quaslibet
1607 3050 1731 3105 vitae
1770 3063 1986 3107 carnea;
2027 3066 2152 3123 pro-

562 3135 826 3206 prietates
857 3137 1113 3194 admittit.

632 3317 688 3373 5.
721 3315 860 3374 Hinc
879 3319 993 3390 jam
1025 3333 1201 3376 anuos
1231 3319 1521 3378 duodecim
1558 3330 1722 3380 natus
1752 3323 1808 3380 in
1838 3324 2020 3381 medio
2050 3325 2148 3382 do-

561 3416 777 3466 ctorum
811 3411 987 3479 sedet,
1014 3412 1247 3469 audiens
1269 3423 1322 3470 et
1362 3417 1730 3486 interrogans,
1756 3419 2149 3488 prudentibus-

563 3516 673 3572 que
715 3502 996 3573 reSponsis
1045 3504 1334 3561 audientes
1364 3506 1826 3577 obstupefacieus.
1860 3511 1973 3581 Age
2019 3525 2152 3566 vero

564 3595 821 3664 quisnam
853 3595 940 3650 illa
985 3607 1146 3652 aetate
1176 3607 1284 3653 tam
1319 3598 1456 3654 mira
1501 3599 1727 3668 diceret,
1785 3602 1890 3658 nisi
1922 3602 2150 3659 omnino

568 3688 886 3743 incarnatus
914 3689 1096 3745 Deus?
1121 3688 1260 3744 Tum
1286 3690 1450 3746 etiam
1479 3707 1512 3747 a
1547 3691 1721 3749 Matre
1763 3695 2148 3766 interrogatus,

564 3795 688 3848 quae
719 3781 948 3836 revelari
987 3782 1057 3836 ab
1089 3797 1156 3838 eo
1186 3781 1281 3836 Dei
1315 3783 1543 3852 gloriam
1581 3786 1829 3856 optabat.
1876 3788 1952 3844 rei
1986 3801 2152 3860 gesta:

569 3875 834 3930 rationem
889 3874 1144 3929 reddidit.
1194 3874 1387 3931 Viden'
1423 3888 1630 3947 quanta
1685 3879 1739 3933 in
1780 3880 1926 3935 brevi
1964 3896 2154 3936 narra-

565 3965 716 4022 tione
745 3965 1017 4038 theologia
1061 3965 1172 4022 sit?
1213 3977 1268 4022 et
1305 3969 1582 4033 quomodo
1629 3968 1897 4026 Dominus
1944 3971 2151 4042 gloriae,

565 4070 667 4112 ceu
714 4071 807 4112 rex
843 4057 1066 4128 quidam
1109 4060 1397 4129 magnifice
1441 4075 1508 4116 ex
1550 4063 1829 4132 regalibus
1874 4063 2152 4130 thalamis,

573 4147 858 4213 maternis,
877 4148 1124 4219 inquam,
1145 4149 1471 4217 visceribus,
1487 4153 1764 4224 prodiens,
1783 4155 1970 4210 dextra
1991 4155 2154 4211 laeva-

568 4255 677 4308 que
704 4239 922 4309 hymnis
951 4239 1298 4295 celebratur?
1326 4241 1520 4299 Merito
1556 4258 1687 4315 ergo
1734 4245 1960 4300 tonitrui
2011 4245 2156 4302 filius

568 4328 806 4384 Joannes
837 4329 1140 4386 clamavit:
1187 4329 1257 4385 Et
1298 4331 1522 4388 Verbum
1564 4351 1688 4389 caro
1718 4335 1920 4405 factum
1964 4347 2063 4406 est,
2104 4348 2154 4394 et

570 4421 830 4476 habitavit
860 4424 916 4477 in
957 4425 1130 4489 nobis,
1157 4435 1208 4479 et
1241 4425 1469 4480 vidimus
1503 4425 1729 4497 gloriam
1763 4428 1900 4498 ejus,
1929 4431 2156 4502 gloriam

569 4513 726 4580 quasi
750 4516 1005 4586 unigeniti
1032 4532 1065 4570 a
1096 4515 1277 4580 Patre,
1309 4518 1521 4587 plenum
1549 4520 1738 4589 gratia:
1774 4529 1824 4576 et
1851 4523 2086 4578 veritatis
2110 4525 2153 4579 '.

2246 2066 2386 2119 φης,
2442 2050 2543 2104 καὶ
2597 2047 2735 2116 ἥξει
2789 2050 2879 2114 είς
2908 2047 3244 2118 Αιγυπτον,
3286 2045 3385 2101 καὶ
3438 2043 3833 2113 σεισθήσεται

2247 2141 2443 2196 πάντα
2471 2139 2544 2196 τὰ
2589 2138 2977 2210 χειροποίητα
3017 2139 3318 2208 Αίγύπτου
3352 2135 3474 2192 ἀπὸ
3503 2136 3832 2207 προσώπου

2247 2231 2469 2286 αὑτοῦ·
2529 2224 2592 2285 οῦ
2640 2230 2692 2284 τί
2743 2229 2810 2284 ἀν
2851 2228 3064 2297 γένοιτο
3105 2227 3555 2302 γνωριμώτερον,
3605 2227 3742 2281 Θεὸν
3773 2229 3832 2280 ἐν

2249 2322 2413 2394 σαρκὶ
2464 2317 2606 2377 εἶναι
2663 2322 2758 2376 τὸν
2803 2324 2986 2376 ἐκεῖσε
3038 2321 3407 2390 ἀφικόμενον;
3452 2319 3738 2374 Ἐντεῦθεν
3769 2320 3832 2386 ἐξ

2247 2413 2524 2484 Αἰγύπτου
2554 2413 2870 2479 ἐπάνεισιν,
2899 2414 2995 2467 καὶ
3033 2412 3116 2477 είς
3145 2411 3405 2484 Ναζαρὲτ
3431 2413 3605 2466 οῑκεϊν
3631 2411 3828 2477 εἵλετο,

2247 2502 2341 2572 ἀφ’
2368 2497 2438 2576 ἦς
2466 2502 2562 2557 καὶ
2582 2501 2683 2574 τὴν
2710 2501 3029 2573 ἐπωνυμίαν
3059 2500 3252 2573 εἴληφε
3270 2515 3286 2532 ο
3322 2501 3390 2555 σὺ
3411 2501 3469 2554 δὲ
3500 2501 3671 2572 μήπω
3695 2501 3832 2570 ίλιγ-

2247 2596 2453 2668 γιάσῃς
2480 2597 2599 2658 τοῖς
2628 2596 2912 2667 λογισμοῖς
2941 2593 3160 2649 ἀκούων
3189 2593 3285 2648 ἐπὶ
3309 2593 3447 2648 Θεοῦ
3475 2593 3704 2648 κάθοδον
3737 2595 3832 2650 καὶ

2248 2687 2454 2752 ἄνοδον,
2491 2689 2724 2758 τοπικήν
2771 2703 2833 2740 τε
2889 2685 3108 2757 κίνησιν
3138 2689 3234 2740 καὶ
3271 2685 3565 2758 μετάθεσιν
3588 2702 3604 2716 ο
3641 2686 3692 2739 ει
3733 2685 3830 2758 μὲν

2249 2781 2360 2852 γὰρ
2389 2778 2559 2851 χωρὶς
2587 2777 2842 2851 σώματος
2867 2778 2897 2831 δ
2924 2777 3098 2848 Λόγος
3139 2777 3454 2849 ἐξηκούετο,
3487 2773 3558 2850 ἧν
3584 2777 3735 2842 εἱκδς
3771 2777 3833 2832 τδ

2249 2873 2488 2927 ἐπισετον
2515 2871 2609 2926 τὸν
2635 2871 2762 2927 νοῦν
2785 2871 2881 2928 καὶ
2906 2871 3171 2945 θορυϐοῦν
3189 2888 3204 2904 ο
3235 2872 3360 2926 ἐπεὶ⁸
3390 2871 3449 2926 δέ
3479 2871 3619 2943 μετά
3642 2870 3831 2943 σώμα-

2248 2983 2363 3030 τος,
2393 2965 2550 3020 οὐδὲν
2577 2966 2786 3037 ἀπηχὲς
2813 2965 2936 3019 οὐδὲ
2968 2963 3335 3020 ἀνακόλουθον
3353 2981 3369 2997 ο
3395 2963 3471 3028 ὡς
3493 2963 3606 3036 γάρ
3633 2963 3832 3034 ἔφανε-

2255 3054 2401 3129 ρώθη
2429 3055 2562 3122 Θεὸς
2591 3057 2649 3109 ἐν
2686 3057 2874 3128 σαρκὶ,
2905 3057 3049 3110 οὕτω
3082 3054 3179 3110 καὶ
3203 3054 3406 3119 τόπους
3439 3053 3664 3124 ἀμείϐει
3703 3053 3833 3118 Θεὸς

2251 3147 2310 3202 ὲν
2341 3147 2534 3219 σαρκί’
2568 3147 2666 3202 καὶ
2691 3146 2792 3201 ὅσα
2817 3145 2953 3202 ἄλλα
2985 3146 3086 3218 τῆς
3108 3147 3167 3200 ἐν
3203 3145 3368 3218 σαρκὶΙ
3391 3143 3540 3216 ζωῆς
3568 3143 3833 3216 ἰδιώματα

2174 3276 2219 3335 C
2253 3240 2559 3312 προσίεται.

2321 3332 2381 3388 ε’.
2420 3330 2703 3385 Ἐντεῦθεν
2739 3329 3087 3400 δωδεκαετὴς
3132 3330 3424 3402 γενόμενος
3449 3330 3510 3383 ἐν
3538 3329 3691 3402 μέσῳ
3726 3327 3834 3382 τῶν

2248 3423 2584 3480 διδασκάλων
2610 3423 2846 3496 κάθηται
2880 3423 3089 3478 ἐπαΐων
3120 3423 3217 3478 καὶ
3266 3422 3563 3496 ἐπερωτῶν
3593 3423 3690 3477 καὶ
3712 3421 3834 3485 ταῖς

2251 3516 2549 3588 ἐμμελέσιν
2573 3515 2938 3586 ἀποκρίσεσιν
2963 3514 3193 3580 ἐξιστῶν
3218 3515 3347 3580 τοὺς
3382 3513 3706 3575 ἀκούοντας.
3737 3514 3831 3568 Τί-

2251 3626 2340 3674 νος
2372 3608 2416 3662 δ’
2450 3607 2518 3663 ἂν
2546 3609 2640 3662 καὶ
2670 3607 2758 3679 εἴη
2789 3608 2848 3662 ἐν
2872 3607 3101 3680 τοιαύτῃ
3131 3607 3322 3681 ἡλικίᾳ
3348 3607 3656 3680 τηλικαῦτα
3686 3606 3831 3673 ἐξαίο

2253 3716 2347 3754 σια
2399 3698 2770 3769 φθέγγεσθαι,
2824 3697 2859 3770 ἢ
2909 3699 3131 3762 πάντως
3179 3698 3316 3753 Θεοῦ
3372 3698 3831 3772 σεσαρκωμένους

2265 3792 2430 3846 Ἀλλά
2457 3793 2566 3864 γάρ
2597 3792 2693 3846 καὶ
2723 3791 2829 3846 ὑπὸ
2855 3791 2956 3863 τῆς
2989 3791 3198 3864 μητρὸς
3226 3791 3836 3865 ἀνακρινόμενος,φιλο-

2254 3882 2598 3955 πευστούσης
2635 3883 2831 3956 μαθεῖν
2880 3884 2982 3954 τὴν
3025 3883 3371 3954 ἀποκάλυψιν
3416 3883 3515 3952 τῆς
3563 3883 3834 3956 πατρικῆς

2253 3973 2419 4029 αὑτοῦ
2448 3974 2640 4045 δόξης,
2684 3975 2777 4028 τὸν
2809 3973 2971 4044 λόγον
3001 3974 3353 4028 ἀποδίδωσιν.
3399 3975 3564 4047 Ὁρᾷς
3611 3975 3734 4028 ὅσον
3771 3975 3834 4029 ἐκ

2257 4065 2672 4138 σχεδιασθείσης
2685 4066 2994 4139 διηγήσεως
3011 4065 3306 4137 ύπεδείχθη
3321 4065 3390 4120 τά
3406 4065 3656 4142 θεολογού
3665 4083 3800 4135 μενα
3815 4080 3834 4131 ;

2255 4157 2354 4212 καὶ
2380 4159 2527 4222 ὅπως
2554 4159 2584 4212 ό
2613 4157 2818 4229 Κύριος
2859 4159 2960 4229 τῆς
2990 4155 3149 4227 δόξης
3177 4151 3269 4211 οἷά
3326 4173 3410 4221 τις
3460 4155 3712 4227 βασιλεὺς
3749 4155 3834 4207 εὐο

2257 4251 2488 4325 πρεπῶς
2517 4250 2579 4316 ἐξ
2610 4249 2991 4323 ἀνακτορικῶν
3025 4249 3288 4320 θαλάμων
3315 4249 3425 4302 τῶν
3457 4247 3742 4320 μητρικῶν
3770 4246 3832 4315 δὴ

2258 4345 2585 4416 σπλάγχνων
2635 4342 3043 4416 προερχόμενος
3082 4341 3210 4414 τῇδε
3263 4343 3359 4396 καὶ
3402 4341 3526 4412 τῇδε
3563 4339 3833 4410 SpV-qut;

2257 4441 2501 4503 Εἰκότως
2527 4433 2622 4494 οῦν
2653 4440 2682 4492 ό
2703 4437 2802 4508 τῆς
2833 4435 3069 4508 βροντῆς
3096 4436 3212 4500 υἱὸς
3251 4435 3505 4506 Ἰωάννης
3534 4433 3828 4502 κέκραγεν·

2259 4533 2366 4590 Kal
2412 4535 2446 4588 ό
2487 4532 2680 4603 Λόγος
2722 4527 2882 4598 σὰρξ
2923 4526 3184 4599 ἐγένετο,
3231 4527 3332 4581 καὶ
3369 4527 3730 4594 ἐσκήνωσεν
3769 4525 3835 4578 ἐν

573 4600 681 4657 Sed
730 4618 859 4660 ecce
907 4603 1147 4660 Joannes
1178 4621 1208 4661 e
1239 4605 1458 4662 deserto
1505 4609 1753 4676 veniens,
1805 4613 2149 4684 peregrinum

2257 4624 2404 4696 ἡμῖν
2465 4600 2592 4694 (καί
2631 4618 3011 4688 ἐθεασάμεθα
3042 4617 3159 4686 τὴν
3186 4617 3378 4682 δόξαν
3408 4616 3618 4680 αὑτοῦ,
3650 4615 3834 4679 δόξαν

573 4693 832 4749 lsraelitis
856 4704 911 4751 et
939 4705 1257 4765 exoptatum
1291 4700 1691 4769 spectaculum,
1720 4702 1814 4757 Dei
1843 4705 2070 4774 angelus
2101 4715 2154 4762 et

572 4787 857 4853 apostolus
883 4788 1094 4857 primus
1137 4789 1363 4846 electus.
1407 4792 1704 4862 Oportebat
1729 4795 1876 4866 enim
1913 4797 2046 4852 tanti
2075 4813 2157 4853 re-

573 4875 658 4946 gis
686 4877 846 4932 talem
878 4893 998 4935 esse
1036 4881 1288 4946 militem,
1315 4892 1370 4940 et
1394 4885 1663 4954 pontilicis
1686 4887 1913 4944 maximi
1944 4898 2154 4944 tantum

578 4966 913 5022 ministrum.
994 4967 1062 5023 Et
1142 4970 1512 5042 intelligamus
1583 4975 1930 5046 mysterium,
1995 4978 2156 5048 quale

575 5066 978 5128 quantumque-
994 5059 1086 5115 sit.
1121 5061 1259 5129 Quia
1294 5063 1410 5118 fieri
1441 5079 1548 5119 non
1581 5075 1813 5135 poterat,
1839 5066 1971 5139 qttin
1995 5084 2159 5139 para-

576 5149 817 5220 nympho
843 5161 1112 5220 prasente
1149 5169 1384 5224 sponsus
1417 5171 1634 5227 quoque
1682 5159 1921 5224 adesset,
1949 5169 2002 5216 et
2042 5162 2158 5217 cla-

577 5251 763 5298 mante
790 5259 922 5300 voce
964 5243 1200 5301 Verbum
1241 5248 1443 5318 pariter
1486 5249 1770 5304 audiretur
1801 5268 1816 5306 :
1844 5253 1975 5323 quid
2005 5253 2157 5308 accia

577 5335 699 5388 dit?
727 5337 926 5406 quidve
956 5339 1250 5410 prudenter
1279 5351 1529 5396 curatum
1565 5353 1670 5398 est.
1711 5341 1927 5399 Secedit
1957 5361 2158 5415 pueru-

571 5427 666 5483 lus
687 5429 928 5486 Joannes
955 5446 984 5483 a
1008 5431 1237 5500 publicis
1265 5432 1399 5488 locis
1425 5433 1477 5486 in
1506 5431 1782 5500 abstrusa,
1807 5451 1904 5489 ceu
1937 5436 2155 5493 lucerna

576 5521 827 5591 quaedam
858 5522 960 5578 sub
999 5523 1182 5579 modio
1217 5524 1268 5578 iu
1307 5524 1522 5580 deserto
1551 5533 1743 5594 praeter
1777 5535 1985 5584 natura:
2006 5530 2156 5586 ordi-

580 5628 706 5667 nem
743 5614 966 5684 dcgens.
1000 5614 1078 5670 lbi
1132 5630 1396 5684 supernas
1441 5616 1592 5671 audit
1637 5631 1821 5683 voces,
1859 5628 1913 5675 et
1955 5620 2157 5681 divinis

580 5701 884 5760 visionibus
914 5703 1108 5775 dignus
1139 5705 1397 5771 habetur;
1427 5715 1481 5762 et
1512 5705 1872 5766 inelfabilibus
1907 5711 2155 5770 initiatur

665 5884 684 5918 '
715 5884 847 5940 Luc.
885 5901 940 5953 ιι,
974 5886 1062 5955 50,
1095 5887 1179 5942 52.
1261 5889 1410 5958 διεδ.
1447 5908 1554 5958 xix,
1598 5893 1646 5948 l.
1751 5895 1768 5927 ⁷
1801 5894 1957 5951 Joan.
1994 5913 2032 5966 ι,
2065 5901 2150 5957 M.

2255 4717 2336 4782 ὡς
2386 4712 2769 4784 Μονογεγοῦς
2799 4711 2961 4779 παρὰ
2997 4707 3263 4779 Πατρός)
3312 4706 3552 4776 πλήρης
3598 4705 3835 4775 χάριτος

2256 4807 2355 4862 καί
2392 4805 2701 4874 ἀληθείας.
2720 4801 2861 4856 Ἀλλ’
2891 4801 2993 4873 ῆδη
3024 4801 3121 4856 καὶ
3158 4801 3414 4871 Ἰωάννης
3444 4798 3554 4853 ἀπὸ
3582 4799 3682 4869 τῆς
3712 4798 3836 4869 ἐρή-

2260 4916 2362 4970 μου
2398 4897 2839 4970 προερχόμενος,
2869 4895 2932 4949 τδ
2963 4893 3112 4960 ξένον
3152 4892 3516 4965 Ἰσραηλίταις
3542 4892 3636 4946 καὶ
3669 4889 3832 4945 πολύ-

2257 5007 2448 5046 ευκτον
2493 4989 2672 5060 θέαμα
2708 5027 2725 5054 ,
2758 4989 2789 5042 ὁ
2822 4987 2960 5042 Θεοῦ
2997 4985 3230 5055 ἄγγελος
3252 5025 3268 5050 ,
3301 4985 3398 5039 καὶ
3429 4985 3488 5038 ἐν
3515 4983 3836 5045 ἀποστόλοις

2257 5081 2744 5155 προχειροτόνητος
2773 5095 2790 5111 ο
2851 5079 2960 5134 ἔδει
3017 5079 3128 5151 γάρ
3191 5076 3514 5150 τηλικούτου
3576 5074 3836 5146 βασιλέως

2257 5172 2503 5226 τοιοῦτον
2537 5166 2680 5225 εἶναι
2709 5171 2802 5226 τὸν
2833 5167 3200 5241 στρατιώτην,
3231 5167 3327 5222 τοῦ
3361 5168 3619 5238 μεγίστου
3649 5167 3834 5238 ἀρχιε-

2260 5266 2398 5339 ρέως
2424 5263 2680 5318 τοσοῦτον
2706 5263 2799 5316 τὸν
2825 5262 3114 5333 ὑποφήτην
3131 5277 3145 5293 '
3174 5260 3273 5316 καὶ
3313 5259 3516 5331 δοιῖιμεν
3540 5258 3602 5313 τδ
3633 5260 3835 5331 μυστή-

2260 5374 2374 5429 ριον
2397 5349 2511 5411 οἷον
2543 5356 2637 5410 καὶ
2665 5355 2878 5426 ἡλίκον.
2914 5353 3138 5424 Ἐπειδὴ
3166 5353 3278 5423 γὰρ
3311 5352 3414 5406 οὐκ
3443 5351 3721 5423 ἐνεδέχετο
3745 5349 3834 5405 τοῦ

2258 5447 2632 5521 νυμφαγωγοῦ
2658 5447 2950 5520 παρόντος,
2980 5445 3055 5518 μὴ
3077 5448 3172 5499 καὶ
3198 5446 3290 5499 τὸν
3317 5445 3555 5516 νυμφίον
3585 5461 3835 5516 συμπαρο

2259 5544 2436 5607 εἶναι,
2486 5542 2582 5596 καὶ
2623 5540 2723 5613 τῆς
2768 5540 2956 5612 φωνῆς
3009 5537 3222 5611 βοώσης
3270 5536 3347 5610 μὴ
3395 5537 3492 5592 καὶ
3530 5537 3622 5592 τὸν
3669 5537 3837 5605 Λόγον

2259 5633 2692 5700 ἀκοντίζεσθαι,
2719 5631 2773 5686 τί
2815 5633 3066 5701 γίνεται,
3108 5629 3205 5684 καὶ
3249 5630 3303 5683 τί
3346 5629 3408 5683 τὸ
3451 5627 3836 5700 οἰκονομούμε-

2257 5744 2384 5794 νον;
2439 5725 2801 5782 Συστέλλεται
2849 5724 3013 5790 εὐθὺς
3053 5723 3166 5780 ἀπὸ
3209 5722 3544 5797 σπαργάνων
3591 5722 3700 5779 ἀπὸ
3741 5717 3834 5776 τοῦ
