4050 6364
238 238 348 302 705

1130 237 1417 300 ORATIO
1457 237 1575 299 IlI.
1608 262 1678 273 --
1710 236 1791 298 IN
1829 237 2189 300 VIGILIAM
2225 238 2615 303 LUMINUM.

3405 241 3514 305 706

236 344 516 420 ἐμφανοῦς
546 347 628 410 είς
651 345 716 401 τδ
739 343 1115 417 ἀφανέστερον
1155 345 1186 397 6
1226 346 1484 416 Ἰωάννης
1504 387 1518 411 ,
1566 344 1820 417 καθάπερ

1925 356 2090 416 atque
2121 346 2399 412 edocetur,
2434 346 2580 402 sicut
2605 346 2737 402 olim
2768 347 2950 405 adhuc
2979 349 3205 422 embryo
3236 353 3511 421 cognovit,

236 459 322 506 τις
348 440 542 511 λύχνος
572 440 678 494 ὑπὸ
709 438 879 511 μοδίῳ
905 440 964 492 ὲν
991 440 1059 510 τῇ
1084 439 1277 509 ἐρήμῳ
1301 437 1594 508 ὑπερφυῶς
1619 437 1823 491 ἐνδιαι-

234 537 510 608 τώμενος·
556 537 721 590 κάκεῖ
763 534 925 589 θείων
966 533 1158 588 ἀκούει
1196 534 1392 603 φωνῶν
1433 536 1527 588 καὶ
1562 533 1823 597 θεοπτίας

235 628 512 694 ἀξιοῦται·
537 628 753 702 ἀρῤητά
792 644 852 681 τε
893 627 1427 697 μυσταγωγούμενος
1472 627 1569 681 καὶ
1606 625 1822 679 ἐκδιδα-

1930 440 2055 509 quis
2079 448 2226 494 esset
2273 436 2457 505 Jesus,
2506 453 2702 509 nempe
2745 442 2892 512 quod
2931 441 3026 497 Dei
3057 441 3253 508 Filius,
3290 444 3517 514 etquod

1928 543 2095 599 supra
2125 545 2287 599 quem
2316 530 2555 600 Spiritus
2587 530 2643 585 in
2671 532 2944 588 columbae
2992 535 3176 604 specie
3217 535 3517 591 descende-

1930 632 2035 686 ret,
2068 622 2115 678 is
2140 622 2282 678 foret
2297 624 2389 693 qui
2407 624 2464 678 in
2495 623 2703 693 Spiritu
2722 633 2915 680 sancto
2936 634 3085 681 esset
3109 627 3384 697 baptizatu
3396 643 3513 682 rus.

236 722 522 792 σχόμενος,
540 720 795 791 καθάπερ
822 718 905 772 ἔτι
934 717 1011 772 ὢν
1041 718 1301 791 ἔμϐρυος,
1332 719 1419 783 τίς
1441 719 1526 789 εἴη
1548 721 1577 772 6
1620 716 1850 789 Ἰησοῦς,
1884 716 2078 785 ὅτιπερ
2114 714 2244 778 Tib;
2271 714 2409 769 Θεοῦ
2428 757 2444 783 ,
2474 716 2573 771 καὶ
2606 714 2694 787 ἐφ’
2721 708 2767 786 ᾧ
2793 714 2857 771 τὸ
2909 720 3144 790 σημεῖον
3192 718 3296 789 τῆς
3346 736 3518 773 πνευ-

234 809 554 883 ματοειδοῦς
584 809 938 880 περιστερᾶς,
965 807 1047 861 ὅτι
1073 807 1235 871 αὐτός
1264 810 1413 861 ἐστιν
1436 810 1466 861 ό
1495 807 1779 878 βαπτίσων
1810 808 1869 858 ὲν
1910 803 2192 874 Πνεύματι
2220 804 2385 875 ἁγίῳ.

306 906 383 971 ς’.
438 904 661 975 Ἐπειδὴ
706 903 763 957 δὲ
808 897 914 974 ἧκε
961 903 1026 956 τὸ
1073 902 1275 974 μέτρον
1319 902 1421 974 τῆς
1468 901 1685 972 ἡλικίας
1725 899 1820 955 τοῦ

229 996 608 1070 πληρώματος
638 994 734 1049 τοῦ
767 994 1143 1067 Χριστοῦ,καὶ
1162 994 1318 1059 τέλος
1348 994 1573 1065 εἴληφεν
1596 995 1631 1065 ἠ
1663 993 1823 1064 περί-

230 1090 351 1154 οδος
380 1090 480 1159 τῆς
510 1088 966 1159 τριακονταέτους
997 1088 1364 1158 παρατάσεως
1386 1126 1402 1152 ,
1449 1086 1754 1158 τηνικαῦτα
1790 1086 1820 1140 6

232 1182 336 1252 μὲν
379 1180 573 1251 λύχνος
617 1180 710 1233 ἐπὶ
737 1179 837 1251 τὴν
875 1178 1101 1250 λυχνίαν
1131 1180 1442 1249 καιόμενος,
1486 1178 1584 1232 καὶ
1608 1178 1820 1248 φαίνων

226 1272 341 1335 τοῖς
371 1270 430 1323 ὲν
460 1271 527 1341 τῇ
555 1269 704 1341 οἰκίᾳ
735 1267 1143 1338 ἀγαλλιάσιμα·
1177 1268 1361 1340 (εἴπερ
1385 1269 1467 1321 δεῖ
1485 1268 1665 1322 οἰκίαν
1687 1268 1821 1321 ὑποο

227 1361 297 1414 λα
306 1361 538 1433 μϐἀνειν
555 1363 656 1433 τὴν
696 1360 1098 1432 Ὶσραηλιτικὴν
1121 1360 1501 1433 Συναγωγήν·)
1520 1362 1580 1414 τό
1599 1377 1659 1415 τε
1682 1361 1818 1431 ἀλη-

227 1456 378 1509 θινὸν
409 1455 527 1525 φῶς
575 1453 1007 1526 ἐπιφαινόμενον
1040 1454 1134 1508 καὶ
1164 1455 1404 1523 φωτίζον
1449 1454 1544 1508 τὸν
1590 1454 1817 1525 κόσμον.

231 1548 299 1599 Ὢ
328 1546 424 1600 τοῦ
458 1544 769 1613 θαύματοςί
805 1547 834 1598 6
866 1545 1024 1616 ἥλιος
1050 1546 1190 1615 πρὸς
1219 1546 1311 1599 τὸν
1338 1545 1568 1618 ἀστέρα,
1602 1548 1630 1601 6
1659 1547 1819 1615 λόγος

225 1638 368 1709 πρὸς
395 1637 493 1710 τὴν
523 1638 707 1708 φωνὴν
733 1679 747 1703 ,
777 1639 805 1693 6
833 1638 1064 1709 νυμφίος
1113 1639 1251 1711 πρὸς
1282 1638 1374 1693 τὸν
1401 1639 1573 1708 φίλον,
1604 1641 1816 1693 οίκονο-

1998 896 2053 950 6.
2085 894 2194 951 Sed
2220 906 2513 969 postquam
2546 897 2692 953 venit
2723 912 2984 954 mensura
3007 899 3367 969 plenitudinis
3386 911 3518 961 teta-

1926 988 2001 1044 tis
2025 988 2253 1053 Christi,
2284 998 2338 1045 et
2375 990 2599 1061 triginta
2632 1005 2903 1046 annorum
2935 993 3196 1062 periodus
3227 1004 3310 1050 est
3352 997 3517 1053 abso-

1927 1081 2064 1147 luta,
2115 1092 2247 1136 tunc
2292 1081 2517 1137 demum
2565 1083 2788 1139 lucerna
2831 1084 3023 1139 ardere
3075 1084 3130 1139 in
3187 1087 3515 1145 candelabro

1925 1172 2118 1241 coepit,
2145 1180 2201 1225 et
2230 1170 2474 1226 laetitiam
2504 1170 2820 1228 domesticis
2859 1172 3152 1242 splendore
3190 1190 3293 1230 suo
3327 1192 3517 1234 creare

1926 1262 1997 1332 (si
2050 1272 2235 1317 tamen
2288 1262 2514 1317 domum
2576 1272 2833 1333 reputare
2887 1274 3105 1333 Oportet
3165 1264 3510 1340 Synagogam

1919 1353 2299 1425 lsraeliticam)
2350 1364 2533 1410 :tunc
2572 1370 2764 1410 verum
2822 1358 3079 1426 apparuit
3125 1359 3313 1415 lumen
3365 1363 3514 1432 quod

1917 1448 2183 1503 mundum
2239 1449 2543 1504 illuminat.
2593 1450 2638 1505 0
2687 1455 3037 1521 portentum!
3105 1455 3200 1510 Sol
3250 1457 3397 1513 venit
3430 1458 3513 1523 ad

1916 1540 2153 1605 stellam,
2188 1539 2430 1597 Verbum
2458 1541 2525 1596 ad
2553 1556 2769 1607 vocem.
2797 1558 3036 1614 sponsus
3060 1549 3128 1602 ad
3155 1548 3431 1616 amicum;
3457 1560 3514 1605 et

1916 1629 1971 1685 id
2010 1630 2235 1701 quidem
2292 1630 2725 1701 dispensationis
2776 1635 3075 1707 mysterio,
3136 1647 3197 1692 ut
3234 1639 3507 1707 gradatim

229 1734 363 1804 μίας
390 1733 597 1796 εἵνεκα,
637 1732 720 1785 ἵνα
759 1732 849 1786 διὰ
873 1732 976 1804 τῆς
1018 1732 1390 1797 έπιϐιϐἀσεως
1434 1732 1820 1803 πληρουμένης

1926 1724 2199 1794 completa
2240 1723 2298 1778 in
2345 1723 2477 1780 Jesu
2528 1724 2765 1795 iustitia,
2816 1725 2906 1780 hic
2942 1727 3165 1799 quidem
3215 1741 3511 1796 cresceret,

222 1827 285 1879 έν
311 1825 390 1897 τῷ
424 1825 601 1896 Ἰησοῦ
634 1826 816 1897 πάσης
844 1825 1215 1897 δικαιοσύνης,
1245 1828 1273 1880 6
1306 1826 1405 1896 μὲν
1432 1825 1683 1891 αὐξάνει,
1724 1826 1820 1878 εὑ-

223 1916 544 1987 αγγελικῶς
572 1917 772 1990 εἰπεῖν,
803 1919 831 1970 6
860 1917 917 1971 δὲ
942 1917 1284 1971 ἐλαττοῦται.
1325 1917 1448 1982 [ιῶς
1477 1920 1588 1990 γάρ
1621 1918 1690 1971 ἂν
1728 1920 1824 1973 καὶ

222 2009 332 2061 οὐκ
358 2003 428 2080 ῆν
461 1988 820 2061 ἐλαττοῦσθαι
843 2007 905 2059 τὸ
928 2006 1205 2078 λυχνιαίον
1233 2007 1371 2076 φῶς,
1409 1988 1611 2079 μᾶλλον
1640 2008 1697 2062 δὲ
1728 2011 1823 2063 καὶ

222 2100 410 2171 πάντη
437 2100 502 2153 ὲκ
536 2099 703 2170 μέσου
734 2100 974 2166 ἀπεῖναι,
997 2099 1092 2153 τοῦ
1123 2100 1224 2168 τῆς
1250 2101 1603 2174 δικαιοσύνης
1639 2102 1821 2157 Ἡλίου

223 2192 334 2263 ήδη
372 2193 485 2255 τοῖς
516 2189 763 2262 θαύμασι
795 2190 1294 2264 μαρμαρύσσοντος
1325 2192 1575 2260 ὲξαίσια;
1604 2194 1821 2264 βλέπεις

223 2286 357 2347 ὅσος
391 2285 421 2337 6
451 2284 705 2355 χρονικὸς
731 2283 968 2356 ἀριθμὸς
1005 2284 1107 2354 τῆς
1155 2284 1479 2355 σωματικῆς
1522 2284 1818 2349 ὲντελείας,

222 2378 287 2430 ὲν
347 2368 393 2443 ᾧ
421 2374 766 2428 ὑπετάσσετο
810 2376 925 2437 τοίς
969 2374 1220 2443 γονεῦσιν
1262 2373 1505 2447 Ἰησοῦς;
1537 2377 1606 2430 Ὢ
1630 2375 1822 2442 βάθος

221 2468 503 2521 πλούτου
529 2466 629 2520 καί
654 2466 875 2536 σοφίας
896 2466 995 2521 καὶ
1022 2464 1301 2536 γνώσεως
1326 2468 1475 2522 Θεοῦ
1498 2468 1519 2521 !
1543 2468 1623 2521 Δι’
1646 2470 1711 2540 ἢν
1736 2470 1824 2521 αί-

222 2560 353 2612 τίαν
387 2559 530 2631 ἄρας
567 2557 762 2621 ’Δλλος
795 2559 895 2629 μὲν
928 2555 1023 2614 οὖν
1043 2557 1171 2612 ἀλλο
1204 2558 1431 2628 λεγέτω,
1459 2558 1569 2613 τῶν
1600 2558 1822 2630 ὑψηλῶν

224 2653 298 2723 τῇ
332 2650 540 2721 θεωρίᾳ
570 2650 663 2703 καὶ
689 2649 760 2701 τά
792 2648 929 2720 βάθη
959 2650 1054 2703 τοῦ
1102 2650 1424 2721 Πνεύματος
1468 2652 1817 2719 ἐγνωκότων·

223 2743 307 2807 ὡς
332 2742 464 2812 γοῦν
496 2741 686 2813 ἔμοιγε
719 2741 887 2808 δοκεῖ,
919 2742 1066 2797 δυοῖν
1094 2743 1260 2797 ἓνεκα
1280 2760 1295 2776 ·
1330 2744 1419 2798 ἵνα
1468 2744 1565 2798 καὶ
1594 2744 1733 2798 υἱέσι
1759 2742 1822 2798 τὸ

224 2837 375 2907 πρὸς
406 2836 532 2899 τοὺς
574 2835 770 2904 γονέας
798 2835 1166 2890 ὑποτακτικὸν
1198 2836 1285 2891 διά
1308 2836 1410 2908 τῆς
1438 2837 1648 2901 οίκείας
1690 2837 1822 2891 ὑπο-

224 2926 408 2997 ταγῆς
437 2927 467 2979 6
503 2926 721 2981 πάντων
752 2926 1061 2997 νομοθετῶν
1092 2927 1393 2999 νομοθέτης
1436 2928 1780 3002 νομοθετήσῃ
1801 2970 1816 2996 ,

225 3019 331 3083 τάς
358 3036 422 3073 τε
456 3017 882 3090 μεθηλικιὼσεις
915 3019 1134 3088 ἀγιάσοι
1156 3035 1169 3049 ·
1199 3019 1297 3074 καὶ
1326 3020 1534 3091 τρίτον,
1568 3020 1644 3093 μὴ
1675 3023 1816 3075 ἀπο-
1843 3052 1888 3112 c

228 3111 539 3183 ξενωμένον
563 3129 617 3165 τι
651 3110 747 3165 καὶ
774 3111 1037 3177 ἀπεοικὸς
1056 3112 1157 3184 τῆς
1187 3112 1312 3168 καθ’
1344 3115 1493 3186 ἡμᾶς
1521 3115 1727 3189 βιοτῆς,
1760 3118 1819 3171 ὲν

228 3199 537 3278 ᾖμάλιστα
582 3203 645 3257 τὸ
693 3203 899 3257 τέλειον
948 3205 1085 3275 ἡμῖν
1129 3203 1414 3275 πρόσεστι,
1465 3205 1567 3277 τὴν
1623 3205 1818 3260 ἑαυτοῦ

228 3297 512 3352 πολιτείαν
554 3300 583 3350 6
630 3295 945 3360 παντέλειος
986 3296 1369 3351 ὲπιδεικνείοι·
1406 3299 1543 3353 ὃπου
1593 3317 1657 3368 γε
1715 3302 1812 3354 καὶ

230 3390 373 3443 οῦτω
399 3392 504 3460 τῆς
538 3387 800 3459 ἀνδρικῆς
820 3387 1038 3459 ἡλικίας
1056 3387 1120 3441 τὸ
1144 3387 1351 3442 τέλειον
1381 3388 1619 3460 ἔχοντος,
1655 3390 1820 3444 ἐτόλ-

235 3500 409 3555 μησεν
454 3484 673 3554 ’Δρειος
707 3482 917 3553 ἄψυχον
963 3480 1129 3537 αὑτοῦ
1176 3481 1239 3535 τὸ
1289 3482 1449 3553 σῶμα
1496 3484 1777 3555 ἀποφῆναι
1802 3501 1815 3515 ·

243 3576 623 3649 Ἀπολινάριος
650 3576 707 3629 δὲ
733 3576 877 3629 κατὰ
912 3574 1220 3647 συνδρομὴν
1252 3575 1509 3641 ἀσεϐείας
1531 3576 1694 3631 ἄνουν
1722 3579 1819 3631 αὑ-

229 3669 324 3723 τὸν
354 3668 741 3739 φληναφῆσαι·
769 3670 797 3722 6
826 3667 884 3721 δὲ
916 3666 1015 3723 νῦν
1037 3669 1343 3740 Μανιχαῖος
1373 3669 1450 3740 (1)
1476 3670 1618 3724 κατὰ
1645 3668 1817 3741 προῦ-

232 3778 435 3832 χουσαν
463 3750 721 3815 ἀσέϐειαν
742 3798 757 3824 ,
812 3759 1094 3831 ἀγραπτον
1124 3762 1287 3815 αὐτὸν
1319 3760 1665 3832 δογματίσαι.
1708 3762 1822 3817 Καὶ

233 3853 532 3924 σκοπῶμεν
568 3855 667 3924 ὅση
700 3854 732 3922 ἠ
760 3853 1092 3924 διαφορότης
1123 3852 1354 3927 θατέρου
1384 3855 1521 3927 πρὸς
1565 3855 1815 3927 θάτερον.

245 3946 305 4000 '0
326 3947 427 4017 μὲν
442 3945 536 4000 οῦν
556 3945 637 4017 τῷ
653 3946 847 4017 ἀψύχῳ
868 3948 1297 4017 προϊστάμενος,
1322 3947 1565 4021 ἐξίστησι
1595 3948 1741 4019 ζωῆς
1759 3949 1819 4003 τὺ

231 4038 563 4093 Δεσποτικδν
592 4038 776 4113 σῶμα·
809 4038 872 4092 τὺ
889 4042 998 4111 γὰρ
1017 4040 1286 4111 ἁμοιροῦν
1313 4040 1493 4112 ψυχῆς
1516 4080 1530 4105 ,
1555 4043 1651 4094 καὶ
1671 4041 1817 4114 ζωῆς

233 4130 383 4183 ἑστιν
401 4129 557 4194 ἐκτὸς
575 4130 839 4201 δηλονότι·
857 4132 885 4184 6
899 4130 958 4183 δὲ
976 4132 1036 4184 τὸ
1054 4130 1198 4203 [cod.
1227 4131 1329 4205 τῷ]
1347 4134 1529 4199 ἄνουν,
1547 4136 1613 4205 τῇ
1636 4134 1817 4205 ἀλόγῳ

234 4221 524 4275 συντάττει
547 4222 708 4292 οὐσίᾳ
728 4238 742 4253 ·
769 4223 1004 4294 ἐπείπερ
1037 4225 1146 4277 πᾶν
1173 4224 1357 4289 ἄνουν,
1390 4228 1489 4278 καὶ
1520 4225 1713 4294 ἄλογον
1735 4241 1750 4256 ·
1790 4228 1819 4280 6

234 4309 292 4363 δὲ
321 4311 401 4383 τῷ
433 4309 723 4383 άγράπτῳ,
753 4311 877 4365 οὐδὲ
906 4311 1044 4375 ὅλως
1079 4311 1239 4383 φύσει
1272 4314 1525 4384 σώματος
1554 4314 1616 4367 τὸ
1658 4315 1818 4385 σῶμα

1927 1827 1989 1873 ιιι
2015 1816 2349 1889 evangelicis
2385 1819 2569 1873 verbis
2598 1826 2842 1883 utamur,
2872 1818 2963 1873 ille
2989 1833 3121 1873 vero
3148 1820 3507 1877 minueretur.

1926 1910 2216 1978 Quomodo
2266 1911 2414 1966 enim
2463 1925 2574 1965 non
2623 1911 2969 1966 minueretur
3011 1911 3251 1968 lucernae
3302 1911 3509 1980 lumen,

1926 2005 2039 2059 imo
2077 2012 2134 2059 et
2160 2005 2390 2059 omnino
2424 2003 2707 2059 tolleretur
2736 2005 2804 2060 de
2856 2006 3058 2073 medio,
3105 2021 3227 2060 cum
3265 2007 3378 2077 jam
3426 2008 3511 2061 sol

1920 2095 2151 2167 justitiae
2194 2095 2482 2151 immensis
2515 2095 2892 2166 prodigiorum
2927 2097 3312 2166 splendoribus
3344 2097 3511 2153 reful-

1924 2186 2118 2259 geret?
2150 2185 2348 2242 Cernis
2376 2197 2589 2257 quanto
2626 2187 2932 2258 corporalis
2965 2188 3145 2244 aetatis
3191 2191 3370 2259 spatio
3409 2191 3511 2245 sub

1922 2287 2214 2350 parentum
2256 2294 2484 2334 suorum
2517 2288 2790 2349 potestate
2828 2277 2992 2335 Jesus
3042 2279 3245 2335 fuerit?
3290 2280 3335 2337 0
3378 2283 3511 2335 alti-

1926 2370 2053 2426 tudo
2090 2371 2405 2424 dim‘tiarum
2436 2370 2714 2439 sapientia:
2745 2380 2796 2426 et
2824 2371 3061 2427 scientia:
3094 2370 3193 2426 Dei
3216 2371 3274 2426 l'l
3306 2370 3418 2427 Cur
3445 2387 3511 2429 ea

1928 2482 2039 2533 res,
2073 2468 2346 2539 inquam?
2377 2468 2486 2522 Alii
2518 2470 2627 2524 alia
2657 2470 2865 2538 dicant,
2895 2469 2991 2541 qui
3018 2471 3275 2527 sublimia
3304 2472 3512 2528 intelli-
3628 2492 3631 2494 ν

1922 2569 2081 2630 gunt,
2116 2570 2168 2615 et
2205 2559 2480 2631 profunda
2515 2561 2744 2631 spiritus
2780 2570 3004 2617 norunt.
3047 2561 3325 2628 Quantum
3372 2566 3511 2621 mihi

1922 2651 2145 2721 quidem
2196 2651 2436 2719 videtur,
2499 2652 2623 2708 duae.
2669 2667 2852 2709 causa:
2904 2653 3151 2719 fuerunt,
3204 2670 3400 2726 nempe
3452 2666 3514 2712 ut

1925 2741 2302 2797 obedientiam
2337 2745 2658 2813 parentibus
2695 2744 3039 2815 subjectione
3087 2761 3188 2802 sua
3231 2746 3514 2818 legislator

1922 2834 2330 2907 legislatorum,
2364 2836 2485 2907 lege
2511 2838 2779 2901 ﬁrmaret,
2808 2852 2873 2893 ac
2900 2847 3124 2893 aetatum
3157 2839 3512 2898 transitiones

1922 2936 1979 2982 et
2006 2927 2213 2998 gradus
2257 2929 2650 2985 sanctiﬁcaret.
2701 2928 2882 2984 Tertia
2917 2945 3140 3001 quoque
3167 2945 3334 2988 causa
3380 2931 3509 3000 fuit,

1924 3035 1993 3077 ne
2040 3021 2330 3078 insolitum
2377 3022 2587 3094 aliquid
2639 3033 2693 3079 et
2734 3024 2859 3079 vitae
2907 3032 3114 3080 nostrae
3158 3024 3510 3093 inusitatum,

1920 3114 2231 3184 praesertim
2274 3123 2488 3170 matura
2531 3123 2694 3170 aetate
2720 3154 2734 3180 ,
2782 3115 2838 3169 in
2884 3131 2999 3172 suae
3035 3116 3160 3173 vita:
3194 3131 3391 3189 genere
3420 3118 3512 3172 hic

1919 3205 2363 3277 perfectissimus
2400 3208 2568 3262 homo
2592 3206 2899 3263 exhiberet.
2932 3207 3074 3264 Ecce
3115 3209 3261 3263 enim
3291 3210 3507 3265 etiamsi

1920 3293 1989 3348 ad
2018 3292 2075 3348 id
2111 3292 2287 3349 virilis
2316 3294 2493 3350 aetatis
2523 3295 2986 3365 complementum
3028 3297 3281 3365 devenit,
3336 3314 3509 3356 ausus

1922 3394 2009 3441 est
2040 3384 2207 3442 Arius
2254 3401 2455 3459 corpus
2497 3388 2618 3460 ejus
2661 3391 2914 3445 exanime
2956 3390 3269 3449 ailirmare:
3299 3392 3511 3464 Apolli-

1922 3480 2108 3549 naris,
2138 3480 2420 3551 impietate
2473 3483 2723 3548 aemulus,
2772 3484 2953 3553 ipsum
2991 3486 3112 3540 sine
3146 3495 3329 3543 mente
3357 3501 3511 3543 com-

1922 3580 2142 3628 mentus
2179 3582 2265 3630 est
2295 3592 2309 3629 :
2343 3575 2641 3631 hodiernus
2670 3576 2909 3647 denique
2938 3575 3274 3635 Manichacus
3328 3580 3507 3635 incir-

1921 3666 2323 3737 cumscriptum
2398 3669 2576 3738 ipsum
2655 3684 2753 3740 per
2822 3685 3095 3726 summam
3163 3673 3504 3744 impietatem

1920 3760 2279 3831 dogtnatizat.
2326 3759 2391 3817 Et
2436 3762 2795 3819 observemus
2843 3779 2968 3835 qua:
3006 3765 3077 3821 sit
3121 3766 3319 3821 horum
3362 3768 3510 3823 inter

1921 3864 1982 3905 se
2008 3848 2341 3907 differentia.
2375 3850 2483 3918 Qui
2512 3855 2823 3909 exanimem
2853 3869 2978 3912 esse
3010 3858 3312 3924 contendit,
3337 3859 3505 3914 vitam

1920 3944 2214 4015 denegavit
2240 3945 2521 4001 dominico
2550 3948 2769 4017 corpori
2808 3966 2821 4001 :
2861 3964 2985 4003 nam
3026 3950 3170 4020 quod
3201 3951 3383 4007 anima
3412 3967 3509 4008 ca-

1921 4046 2025 4101 ret,
2072 4037 2182 4090 vita
2231 4037 2473 4092 alienum
2506 4047 2609 4105 est,
2646 4050 2704 4094 ut
2732 4048 2898 4109 patet.
2935 4040 3041 4108 Qui
3084 4051 3264 4098 autem
3298 4044 3508 4116 absque

1921 4138 2103 4184 mente
2131 4126 2285 4197 fecit,
2321 4130 2369 4185 is
2402 4129 2560 4185 illum
2595 4145 2719 4186 cum
2753 4132 2913 4187 bruta
2955 4133 3263 4189 substantia
3314 4151 3508 4192 nume-

1920 4218 2063 4272 ravit
2093 4236 2105 4273 :
2138 4234 2263 4272 nam
2297 4219 2559 4289 quidquid
2590 4221 2711 4275 sine
2745 4229 2927 4277 mente
2973 4231 3077 4288 est,
3122 4227 3336 4281 ratione
3366 4242 3507 4297 quo-

1920 4326 2025 4380 que
2054 4320 2229 4366 caret.
2260 4310 2367 4378 Qui
2391 4311 2627 4381 denique
2654 4313 3190 4386 incircumscriptum
3223 4333 3346 4374 esse
3368 4320 3502 4387 vult,

232 4402 481 4467 δοξάζει·
533 4402 695 4473 εἴπερ
742 4404 821 4475 τῷ
869 4405 1275 4476 ἀπεριγράπτῳ
1325 4406 1710 4461 συνακολουθεί
1755 4409 1816 4461 τὸ

1923 4420 1991 4459 ne
2023 4419 2352 4474 corpoream
2390 4406 2609 4476 quidem
2661 4416 2912 4462 naturam
2956 4411 3171 4481 corpori
3215 4414 3502 4470 concedit:

234 4493 549 4565 ἀσώματον.
587 4494 650 4548 Et
692 4495 804 4567 γὰρ
853 4495 1042 4567 σῶμα,
1094 4497 1203 4549 πᾶν
1236 4495 1293 4548 δὲ
1326 4496 1484 4566 σῶμα
1523 4497 1618 4549 ὑπ’
1672 4499 1818 4571 ἁφὴν

236 4587 330 4639 καὶ
358 4590 551 4658 χροιάν
583 4590 702 4641 ἐστι
734 4587 957 4657 τελοῦν,
988 4589 1050 4642 τὸ
1076 4588 1122 4642 6‘
1151 4590 1212 4643 έν
1240 4589 1457 4654 τούτοις
1501 4591 1811 4645 ὑποπίπτον

234 4680 294 4743 ἐξ
329 4680 632 4750 ἀναγκαίου
663 4680 860 4735 ἕπεται
885 4722 901 4749 ,
937 4682 987 4735 εί
1022 4682 1098 4753 μὴ
1132 4681 1413 4753 ληρῶμεν,
1448 4684 1542 4736 καὶ
1570 4684 1631 4736 τὸ
1664 4701 1819 4756 περι-

235 4773 579 4843 γράφεσθαι·
631 4772 707 4837 ὼς
736 4775 785 4827 εί
815 4774 890 4845 μὴ
949 4774 1369 4845 περιγράφοιτο,
1415 4775 1590 4848 πάντη
1628 4795 1685 4830 τε
1724 4778 1819 4831 καὶ

236 4869 457 4929 πάντως
488 4865 583 4920 τοῦ
610 4866 816 4920 οἰκείου
855 4868 983 4937 ὅρου
1026 4868 1369 4939 ἐξοιχήσεται
1392 4869 1472 4932 είς
1496 4870 1558 4922 τὸ
1584 4868 1811 4941 ἀσώμα-

233 4974 327 5011 τον
354 4959 656 5030 ἁνατρέχον
676 4973 690 4988 ·
732 4956 907 5023 οὐδὲν,
939 4956 1016 5019 ὼς
1047 4955 1189 5009 ἔοικε
1222 4998 1239 5023 ,
1271 4957 1334 5011 τὸ
1362 4958 1605 5028 ἐπισχεῖν
1639 4957 1813 5026 γλῶσ-

237 5065 338 5102 σαν
371 5050 679 5106 ἀσεϐοῦσαν
706 5048 1181 5122 ὲπικουρουμένην
1206 5051 1399 5122 κράτει
1423 5050 1696 5116 ἐξουσίας.

308 5320 376 5387 ζ’.
417 5320 559 5375 Ἀλλ’
589 5321 851 5378 ἀνακτέον
893 5322 957 5377 τὸ
989 5322 1146 5395 ὄμμα
1194 5320 1289 5375 ἐπὶ
1334 5320 1432 5385 τὰς
1472 5318 1820 5391 προφητικὰς

238 5415 496 5480 θεοπτίας
534 5415 630 5470 καὶ
653 5414 956 5486 θεωρητέον
981 5417 1126 5479 ὅπως
1153 5415 1211 5468 ὲν
1232 5414 1422 5476 αὐταῖς
1446 5411 1819 5466 ὑποτυποῦται

238 5506 302 5561 τὸ
334 5508 624 5579 ἱερώτατον
669 5506 972 5577 βάπτισμα·
1006 5507 1086 5570 είς
1116 5503 1276 5559 τοῦτο
1304 5505 1414 5575 γὰρ
1444 5502 1655 5574 καλεῖη
1689 5518 1819 5556 συν-

313 5621 332 5652 ⁸
374 5618 535 5675 Rom.
574 5636 651 5683 ιι,
682 5619 776 5674 '55.

1920 4496 2121 4550 etenim
2180 4496 2645 4569 incircumscripti
2714 4514 3058 4570 consequens
3109 4514 3194 4560 est
3245 4506 3505 4577 incorpo-

1919 4602 2095 4641 reum.
2147 4585 2283 4641 Nam
2336 4587 2383 4642 si
2435 4604 2636 4659 corpus
2691 4600 2795 4653 est,
2837 4606 3003 4647 omne
3060 4605 3247 4650 autem
3301 4613 3504 4669 corpus

1920 4680 2089 4734 tactui
2146 4687 2312 4750 atque
2360 4680 2533 4735 colori
2583 4682 2881 4736 obnoxium
2929 4693 3049 4751 est;
3101 4686 3365 4757 quidquid
3418 4690 3505 4745 his

1919 4772 2280 4842 qualitatibus
2317 4774 2525 4839 subest,
2562 4789 2792 4830 necesse
2822 4784 2908 4830 est
2939 4776 3083 4846 (nisi
3129 4778 3268 4834 forte
3310 4782 3505 4849 nugari

1919 4864 2206 4934 volumus)
2241 4873 2301 4917 ut
2322 4865 2814 4920 circumscribatur
2840 4883 2852 4919 :
2881 4866 3018 4921 adeo
3048 4876 3108 4922 ut
3131 4868 3237 4923 nisi
3270 4871 3506 4925 circum-

1918 4956 2214 5021 scribatur,
2246 4969 2275 5009 a
2303 4969 2402 5010 sua
2446 4968 2679 5025 prorsus
2733 4954 3048 5011 deﬁnitione
3096 4958 3333 5025 excidat,
3370 4960 3503 5017 etin

1924 5061 2040 5103 rem
2074 5047 2454 5117 incorpoream
2481 5045 2833 5103 dissolvatur.
2881 5045 3028 5103 Nihil
3068 5058 3247 5105 tamen
3291 5052 3503 5108 videtur

1922 5141 2124 5211 linguae
2170 5140 2658 5211 intemperantiam
2716 5140 2976 5199 cohibere
3022 5158 3208 5214 posse,
3243 5162 3367 5217 qua:
3396 5164 3502 5205 saa-

1925 5233 2097 5289 culari
2128 5233 2386 5303 potestati
2418 5233 2639 5288 serviat.

1998 5326 2049 5380 7.
2091 5325 2201 5381 Sed
2236 5326 2641 5382 convertendus
2666 5335 2751 5382 est
2778 5327 2973 5383 oculus
3006 5328 3074 5384 ad
3108 5329 3350 5388 visiones
3374 5346 3505 5401 pro-

1926 5416 2198 5487 pheticas,
2241 5417 2649 5488 videndumque
2681 5420 2959 5488 quomodo
2992 5421 3404 5478 sacratissimus
3432 5423 3504 5480 ab

1928 5510 2013 5564 his
2063 5510 2370 5580 baptismus
2410 5509 2805 5580 portendatur;
2854 5511 2961 5567 huc
3002 5512 3146 5568 enim
3195 5530 3296 5569 nos
3346 5525 3505 5570 vocat

316 5712 390 5778 (ι)
433 5711 572 5768 Dicit
612 5726 782 5767 novos
812 5710 1140 5766 Manichaeos
1171 5724 1266 5766 seu
1294 5707 1642 5765 Paulicianos
1685 5709 2091 5765 lconomachos.
