4050 6364
541 226 649 291 707

1758 227 1818 286 S.
1843 225 2238 288 THEODORI
2269 226 2616 289 STUDITAZ

3707 227 3830 291 708

541 335 814 394 sermonis
847 336 1040 392 series.
1087 333 1229 402 Quid
1272 350 1404 407 ergo
1439 335 1608 393 Isaias
1646 336 1768 391 ait?
1800 338 1928 394 inde
1956 338 2105 393 enim

2232 337 2375 411 ἐχεια
2410 341 2504 395 τοῦ
2547 340 2731 409 λόγου.
2761 339 2830 395 Τί
2858 333 2953 394 οῦν
2996 357 3168 411 φησιν
3216 339 3447 404 Ἣσαῖας
3490 337 3606 408 (2);
3657 340 3829 396 ἔνθεν

543 429 708 484 verba
733 429 999 484 sumimus
1029 446 1042 483 :
1069 427 1301 494 Laetare,
1319 430 1500 484 sitiens
1525 431 1810 495 desertum,
1833 431 1960 501 quia
1982 430 2122 500 apud

543 531 592 573 te
620 519 737 582 fons
769 522 963 589 erupit,
993 529 1044 574 et
1092 521 1234 576 rivus
1288 521 1344 574 in
1374 530 1515 575 terra
1555 522 1784 576 sitiente.
1817 520 2123 576 Humanam

543 613 760 668 scilicet
792 621 1047 668 naturam
1085 613 1409 683 alloquitur,
1447 627 1570 683 qua:
1619 613 1673 666 in
1707 613 1925 668 deserto
1955 611 2125 666 veluti

541 715 662 760 erat
704 705 919 776 absque
946 705 1219 760 bonorum
1249 721 1320 760 ex
1361 705 1467 760 ﬁde
1496 719 1723 774 operum
1757 703 2124 758 fecunditate:

544 797 786 868 ideoque
813 797 1127 867 adoptionis
1161 797 1377 852 laticem
1406 795 1639 866 optanti,
1665 794 1918 850 scaturiit
1947 793 2129 863 bapti-

541 890 652 945 smi
688 905 854 960 aqua,
897 889 1100 944 amnici
1136 887 1328 944 liuenti
1361 890 1556 952 instar,
1602 886 1871 944 Jordanes
1905 885 2126 943 ﬂuvius.

545 983 690 1048 Quid
717 982 881 1037 inde?
908 981 1023 1035 Erit
1056 981 1214 1035 arida
1240 983 1294 1034 in
1321 981 1590 1049 paludem,
1625 980 1677 1034 id
1702 989 1788 1035 est
1821 979 1876 1033 in
1903 978 2127 1034 uberem

546 1076 705 1132 ﬁdem
734 1093 749 1130 :
783 1085 833 1130 et
861 1087 1016 1130 terra:
1041 1076 1268 1130 sitientis
1300 1075 1436 1139 loco,
1467 1091 1620 1144 aqua:
1642 1073 1781 1144 fons,
1817 1073 1934 1144 ipse
1960 1071 2131 1126 nimi-

545 1184 666 1222 rum
705 1167 1022 1238 adoptionis
1054 1167 1180 1223 fous
1214 1185 1228 1220 :
1263 1165 1438 1238 ibique
1465 1167 1566 1220 erit
1602 1166 1781 1220 avium
1811 1164 2128 1235 tripudium,

543 1273 614 1313 ex
657 1259 934 1330 baptismo
987 1259 1240 1316 videlicet
1306 1268 1620 1314 renatarum
1647 1258 1668 1289 ’
1699 1275 1713 1312 :
1748 1271 1875 1311 nam
1924 1254 2132 1325 tropice

545 1349 812 1417 baptizati
867 1349 1064 1406 avibus
1115 1359 1542 1420 comparantur,
1602 1349 1734 1418 quia
1789 1347 1895 1403 sub
1943 1359 2130 1400 rerum

543 1440 703 1516 initio
757 1457 890 1497 aves
949 1457 1014 1496 ex
1069 1441 1230 1512 aquis
1279 1440 1560 1511 producta:
1609 1437 1926 1492 traduntur.
1986 1434 2128 1502 Quid

543 1543 731 1588 autem
761 1532 1040 1606 Gedeonis
1087 1533 1298 1589 concha
1333 1532 1564 1586 humore
1601 1530 1796 1601 plena?
1831 1529 2128 1585 Materinam

544 1625 864 1693 adoptionis
895 1624 1163 1694 piscinam
1196 1624 1440 1679 narratio
1471 1622 1561 1676 illa
1594 1621 1896 1692 signiﬁcat;
1927 1629 1983 1676 et
2004 1619 2130 1691 qui-

545 1719 671 1774 dem
694 1719 928 1772 rotunda
953 1720 1145 1788 ﬁgura,
1167 1727 1222 1773 et
1239 1730 1658 1788 quaquaversus
1679 1715 1870 1784 polita,
1895 1722 1955 1768 ut
1971 1712 2130 1768 inno-

545 1810 741 1866 centia:
755 1811 992 1880 speciem
1014 1809 1278 1879 praebeat;
1298 1809 1527 1877 inquam
1547 1805 1734 1862 deﬁnit
1747 1804 2132 1861 intellectualis

548 1902 769 1957 velleris
817 1902 1080 1956 salutaris
1116 1915 1210 1956 ros
1254 1899 1462 1970 Spiritu
1496 1909 1691 1955 sancto
1718 1899 1952 1970 plenus:
1986 1897 2132 1953 unde

550 1997 947 2058 regenerantur
975 1988 1174 2043 novelli
1208 1988 1409 2043 initiati
1442 1987 1537 2043 Dei
1570 1987 1688 2052 ﬁlii,
1717 1988 1902 2043 carnis
1921 1996 1976 2042 et
2001 2003 2131 2042 san-

521 2061 735 2148 ‘guiuis
783 2079 1072 2134 nativitate
1121 2087 1330 2134 mutata
1370 2096 1384 2133 :
1421 2094 1485 2134 ac
1538 2087 1823 2150 tantopere
1859 2079 1914 2132 in
1951 2079 2131 2134 virum

549 2170 850 2241 perfectum
880 2171 1049 2235 aucti,
1086 2179 1146 2224 ut
1175 2186 1276 2225 suo
1309 2169 1608 2236 tridentali,
1641 2169 1696 2224 id
1729 2180 1814 2225 est
1842 2169 2132 2226 Trinitatis

548 2264 744 2329 cultu,
804 2262 1205 2318 daetnouiacum
1262 2262 1522 2332 populum
1581 2262 1856 2316 debellare
1903 2271 2130 2332 queant.

548 2353 693 2422 Quid
722 2357 850 2410 item
895 2355 986 2409 illa
1031 2353 1164 2410 Eliae
1200 2354 1638 2424 tempore-circa
1678 2353 1850 2408 altare
1879 2362 1936 2409 et
1966 2353 2129 2409 victi-

550 2461 696 2500 mam
733 2454 889 2500 terna
917 2461 1074 2514 aquae
1101 2445 1345 2500 eﬁ'usio?
1372 2443 1514 2500 Puto
1559 2445 1686 2500 hinc
1724 2443 2019 2515 signiﬁcari
2049 2443 2133 2499 vel

550 2536 825 2608 triplicem
859 2537 956 2593 Dei
1005 2537 1310 2594 beatissimi
1355 2553 1519 2608 super
1551 2537 1884 2607 baptizatum
1915 2537 2135 2594 invoca-

551 2639 663 2684 tam
713 2643 1028 2700 personam,
1074 2629 1160 2685 vel
1195 2629 1370 2699 ipsius
1417 2629 1674 2699 baptizati
1719 2629 1986 2696 triplicem
2029 2630 2135 2685 im-

549 2723 908 2779 mersionem.
955 2721 1202 2777 Naaman
1245 2723 1410 2778 etiam
1462 2738 1526 2777 ex
1572 2738 1736 2792 aqua,
1770 2721 1951 2777 Elisaai
1980 2737 2136 2778 man-

548 2813 698 2875 dato,
736 2823 999 2883 purgatus
1051 2820 1198 2866 totus
1244 2811 1512 2867 emersit:
1548 2810 1814 2866 Restituta
1858 2823 1934 2866 cst
1973 2813 2132 2880 enim,

2162 1688 2204 1744 Β

2227 433 2336 503 γὰρ
2357 433 2571 497 ἑλόντες
2599 434 2850 503 είπομιν·
2875 432 3278 502 Εὐφράνθητι,
3309 433 3531 503 ἕρημος
3547 432 3824 502 διψῶσα⁹

2226 524 2319 578 ὅτι
2367 523 2587 593 ἐρράγη
2639 524 2709 578 ἐν
2743 523 2941 594 ἐρήμῳ
2982 523 3162 592 ὕδωρ,
3193 523 3292 578 καί
3333 523 3572 593 φάραγξ
3627 524 3698 578 ἐν
3734 523 3825 597 τῇ

2226 613 2490 683 διψώσῃ.
2520 614 2598 685 Τῇ
2621 613 2941 686 ἀνθρωπίνῃ
2961 612 3207 684 δηλονότι
3230 613 3390 683 φύσει
3431 615 3464 685 ή
3492 614 3826 687 προσφώνη-

2228 719 2334 769 σις,
2365 706 2423 757 ὲν
2450 703 2643 774 ἐρήμῳ
2666 701 2804 774 οῦση
2826 702 2927 773 τῆς
2955 703 3022 756 ἐκ
3058 702 3297 766 πίστεως
3327 702 3424 755 καὶ
3463 702 3685 770 ἀγαθῶν
3715 703 3818 775 Ep-

2228 811 2342 864 γων
2375 795 2755 867 καρποφορίας
2787 809 2802 824 ⁶
2840 795 2936 850 καὶ
2966 795 3058 850 διὰ
3105 793 3266 848 τοῦτο
3290 793 3352 848 τὸ
3397 793 3497 864 τῆς
3537 795 3823 859 υἱοθεσίας

2229 890 2379 961 νᾶμα
2433 889 2647 962 διψώσῃ
2703 890 2916 962 ἐρράγη
2966 888 3028 942 τὸ
3074 887 3170 943 τοῦ
3219 886 3598 959 βαπτίσματος
3645 887 3821 961 ὕδωρ,

2229 980 2482 1052 καθάπερ
2523 997 2576 1034 τι
2625 980 2802 1052 ῥεῦμα
2835 980 3104 1050 ποτάμιον
3146 979 3209 1033 τὸ
3258 977 3355 1032 τοῦ
3398 978 3663 1050 Ἰορδάνου
3700 983 3820 1052 ῥεῖ-

2231 1075 2386 1146 θρον’
2421 1073 2718 1128 κάντεῦθεν
2741 1073 2826 1141 τί;
2867 1073 2976 1128 Καὶ
3015 1073 3188 1126 ἔσται
3213 1073 3250 1141 ἠ
3280 1071 3542 1140 ἄνυδρος
3563 1074 3652 1140 είς
3677 1071 3821 1142 ἕλη,

2229 1165 2510 1219 τουτέστιν
2539 1167 2622 1231 εἰς
2658 1166 2950 1236 ἀμφιλαφῆ
2978 1164 3162 1218 πίστιν
3190 1182 3204 1196 ο
3249 1163 3350 1218 καὶ
3378 1166 3456 1230 είς
3490 1163 3607 1232 τὴν
3631 1164 3828 1233 διψῶ-

2230 1273 2354 1311 σαν·
2401 1255 2544 1326 γῆν,
2577 1255 2742 1327 πηγὴ
2797 1256 3018 1324 ὕδατος
3074 1255 3248 1310 ἔσται
3276 1270 3290 1285 ·
3353 1253 3493 1326 αὕτη
3544 1254 3747 1327 δηλαδὴ
3781 1258 3823 1328 ή

2232 1350 2410 1420 κρήνη
2454 1347 2558 1419 τῆς
2608 1347 2882 1410 υἱοθεσίας
2909 1362 2925 1378 ο
2975 1347 3074 1400 καὶ
3105 1345 3233 1400 ἐκεῖ
3261 1345 3432 1398 ἔσται
3461 1346 3822 1414 εὐφροσύνη

2232 1440 2477 1509 ὀρνέων,
2498 1440 2608 1495 τῶν
2631 1442 2697 1494 ὲκ
2725 1439 2819 1494 τοῦ
2845 1437 3225 1510 βαπτίσματος
3247 1437 3490 1508 δηλονότι
3514 1438 3820 1504 ἀναγεννω-

2235 1532 2434 1603 μένων,
2465 1532 2673 1604 ὀρνέοις
2693 1531 2974 1602 τροπικῶς
3010 1530 3268 1584 ἐοικότων
3303 1528 3394 1584 διὰ
3421 1529 3482 1583 τὸ
3512 1528 3606 1581 ἀπ’
3639 1528 3824 1600 ἀρχῆς

2234 1623 2294 1688 ἐξ
2314 1623 2522 1678 ὑδάτων
2551 1623 2646 1677 καὶ
2673 1621 2772 1694 τήν
2799 1621 3036 1694 ὓπαρξιν
3077 1621 3395 1693 ἐσχηκέναι.
3459 1621 3526 1674 Τί
3575 1621 3634 1675 δὲ
3672 1620 3826 1674 κατά

2230 1715 2322 1769 τὸν
2345 1714 2549 1769 Γεδεὼν
2571 1716 2785 1787 πλήρης
2813 1714 3016 1786 λεκάνη
3038 1713 3229 1778 ὓδατος
3246 1714 3389 1786 ςτὴν
3409 1714 3511 1784 τῆς
3541 1713 3823 1778 υἱοθεσίας

2235 1806 2568 1878 μητρόμοιον
2623 1803 3012 1878 κολυμϐήθραν
3044 1805 3411 1876 ὑποσημαίνει
3441 1807 3470 1859 ό
3501 1804 3681 1875 λόγος,
3717 1822 3823 1858 κυ-

2231 1899 2464 1970 κλοτερῆ
2493 1915 2554 1952 τε
2581 1897 2747 1952 οὖσαν
2785 1897 2864 1970 τῷ
2895 1899 3157 1970 σχήματι,
3191 1899 3287 1952 καὶ
3317 1894 3586 1950 πάντοθεν
3615 1897 3826 1950 ἀποτε-

2231 1989 2594 2062 τορνημὲνην,
2630 1990 2697 2060 τῇ
2739 1989 2837 2058 τῆς
2875 1987 3297 2058 άναμαρτησίας
3329 1986 3464 2058 ἰδέᾳο
3493 1981 3630 2060 ὲφ⁹ᾖ
3652 1987 3828 2060 ἀπερο

2233 2079 2337 2151 ῥύη
2371 2080 2406 2152 ή
2439 2077 2535 2132 τοῦ
2577 2078 2768 2148 νοητοῦ
2824 2078 2994 2131 πόκου
3049 2078 3338 2149 ίαματικὸς
3375 2077 3564 2148 δρόσος
3604 2077 3827 2148 πλήρης

2233 2171 2551 2242 Πνεύματος
2604 2169 2760 2239 ἁγίου
2789 2186 2804 2200 ο
2849 2169 2909 2234 ἐξ
2939 2165 3007 2241 ἧς
3038 2169 3442 2238 ἀναγεννῶνται
3471 2170 3522 2222 oi
3554 2168 3826 2232 νεοτελεῐς

2231 2259 2369 2314 θεοῦ
2403 2260 2616 2327 παῖδες,
2649 2261 2751 2333 τὴν
2776 2262 2842 2314 ὲκ
2876 2260 3078 2332 σαρκὸς
3117 2261 3212 2315 καὶ
3244 2261 3477 2330 αἵματος
3507 2259 3826 2331 ἀμειψάμε-

2233 2370 2314 2407 νοι
2344 2352 2622 2424 γέννησινο
2644 2354 2740 2407 καὶ
2758 2353 3016 2409 τοσοῦτον
3036 2355 3117 2418 είς
3146 2353 3318 2425 ἄνδρα
3348 2353 3558 2408 τέλειον
3591 2353 3827 2425 ἀνατρέ-

2232 2461 2452 2517 χοντες,
2506 2444 2584 2510 ώς
2631 2445 3032 2500 καταπαλαίειν
3061 2450 3129 2518 τῇ
3162 2445 3430 2518 Τριαδικῇ
3478 2446 3714 2518 λατρεία
3757 2445 3828 2499 τὸ

2231 2536 2507 2608 δαιμόνιον
2542 2537 2728 2608 φῦλον.
2755 2539 2820 2590 Τί
2844 2538 2899 2590 δὲ
2921 2539 2955 2608 ή
2977 2540 3116 2592 κατὰ
3151 2539 3243 2592 τὸν
3291 2539 3480 2594 Ἠλίαν
3509 2539 3604 2592 ἐπὶ
3625 2539 3686 2592 τὸ
3725 2537 3828 2591 θυ-

2236 2631 2553 2702 σιαστήριόν
2584 2648 2646 2684 τε
2679 2632 2774 2684 καὶ
2814 2631 2873 2684 τὸ
2906 2630 3266 2702 όλοκαύτωμα
3293 2631 3695 2704 τρισσευομένη
3724 2631 3825 2685 τοῦ

2235 2719 2425 2786 ὓδατος
2463 2722 2752 2793 ὲπίχυσιςς
2787 2718 2958 2792 Οῐμαι
2992 2721 3186 2794 δηλοῦν
3231 2723 3266 2794 ἢ
3306 2723 3406 2792 τὴν
3449 2722 3680 2794 τρισσὴν
3719 2721 3826 2793 τῆς

2233 2810 2387 2876 θείας
2415 2813 2817 2888 μακαριότητος
2845 2815 2902 2867 ὲν
2923 2813 3000 2885 τῷ
3026 2813 3412 2885 βαπτιζομένῳ
3434 2814 3830 2884 έπιδοωμένην

549 2904 731 2973 inquit
768 2902 1054 2973 Scriptura
1085 2903 1151 2969 ‘°,
1194 2919 1319 2956 caro
1349 2903 1463 2970 eius
1501 2918 1596 2956 ceu
1639 2903 1789 2972 pueri
1815 2903 2046 2972 parvuli,
2086 2914 2128 2958 et

2236 2902 2562 2968 ὑπόστασιν,
2617 2903 2650 2975 ἢ
2711 2903 2808 2976 τήν
2859 2905 3090 2976 τρισσὴν
3129 2903 3294 2958 αὑτοῦ
3338 2904 3434 2958 τοῦ
3491 2903 3830 2974 τελουμένου

550 2995 840 3049 mundatus
872 3006 974 3049 est.
1021 2992 1353 3066 Symbolum
1384 2993 1498 3064 jam
1529 3006 1643 3050 tum
1672 2995 1724 3049 id
1759 2993 1860 3049 fuit
1889 2993 2128 3064 baptiza-

2237 2996 2534 3050 κατάδυσιν
2559 3014 2574 3028 ο
2609 2997 2786 3052 ἄνεισι
2811 2998 2867 3051 δὲ
2900 2999 3119 3070 Νεεμὰν
3166 2998 3275 3052 ἀπὸ
3305 2998 3401 3051 τοῦ
3438 2996 3633 3061 ὕδατος
3680 2997 3830 3050 κατὰ

552 3098 732 3142 torum
776 3106 789 3141 :
834 3102 1026 3142 recens
1054 3087 1228 3150 enim,
1259 3097 1312 3142 et
1342 3087 1590 3157 priorum
1625 3086 1822 3142 deletis
1844 3085 2128 3157 culparum

2242 3088 2340 3159 τήν
2384 3088 2657 3143 Ἐλισσαιὲ
2688 3090 2954 3162 διαταγὴν
2997 3091 3416 3164 κεκαθαρμένος
3473 3090 3596 3155 ὅλος
3629 3105 3646 3120 ⁸
3687 3091 3833 3144 Ἐπ-

551 3180 906 3251 stigmatibus
933 3181 1066 3247 exit,
1107 3181 1363 3252 quisquis
1391 3181 1588 3253 spiritu
1630 3181 1934 3252 perﬁcitur.

2244 3181 2542 3252 έστρεψεν
2570 3183 2700 3253 γὰρ,
2725 3183 2910 3254 φησὶν,
2948 3184 2987 3252 ἠ
3023 3183 3181 3253 σὰρξ
3201 3184 3389 3240 αὐτοῦ
3419 3182 3513 3238 ἐπ’
3536 3183 3725 3238 αὐτὸν
3743 3180 3832 3247 ὡς

549 3272 870 3340 παιδαρίου
898 3273 1138 3343 μικροῦ,
1173 3273 1272 3328 καὶ
1301 3273 1704 3343 ἐκαθαρίσθη.
1747 3273 2026 3346 Σύμϐολον
2064 3274 2166 3346 ήδη
2195 3273 2357 3329 τοῦτο
2381 3275 2478 3347 τῆς
2522 3278 2777 3332 ἁπάντων
2813 3277 2922 3332 τῶν
2943 3279 3356 3350 βαπτιζομένων
3389 3276 3833 3350 άμαρῘτη]τικῆς

552 3365 908 3436 καθάρσεωςο
939 3364 1200 3438 νεοθαλὴς
1239 3366 1349 3438 γὰρ
1376 3368 1487 3432 πᾶς
1524 3383 1614 3431 τις
1651 3367 1750 3420 καὶ
1812 3366 2042 3432 ἄσπιλος
2092 3367 2202 3422 τῶν
2261 3372 2817 3441 προκατεοτιγμένων
2848 3371 3336 3444 πλημμελημάτων
3363 3372 3571 3428 ἄνεισιν
3617 3373 3648 3426 ό
3673 3369 3836 3424 τελε-

553 3457 700 3521 σθεὶς
722 3458 781 3510 ὲν
804 3457 1099 3528 πνεύματι.
2166 3532 2170 3536 Ι

624 3549 676 3604 8.
709 3550 886 3618 Atque
925 3557 985 3602 ut
1015 3549 1318 3618 gratuitum
1350 3563 1572 3620 quoque
1603 3549 1872 3620 spiritalis
1915 3565 2128 3622 regene-

2309 3558 2380 3623 η’.
2413 3552 2477 3606 El
2507 3551 2564 3605 δὲ
2597 3550 2779 3624 βούλει
2805 3552 3009 3622 γνῶναι
3048 3554 3144 3607 καὶ
3171 3551 3232 3608 τὸ
3257 3553 3492 3624 ἄμισθον
3524 3554 3626 3625 τῆς
3657 3572 3834 3608 πνευ-

553 3639 790 3694 rationis
839 3638 1170 3694 beneﬁcium
1219 3654 1344 3696 esse
1390 3655 1718 3712 cognoscas,
1763 3642 1889 3696 audi
1937 3641 2128 3697 Isaiam

2243 3643 2484 3716 ματικῆς
2535 3645 2973 3716 ἀναγεννήσεως,
3001 3644 3212 3718 ἀκούσῃ
3257 3646 3351 3700 τοῦ
3389 3646 3614 3701 Ἡσαΐου
3640 3647 3831 3716 λέγον-

554 3732 825 3790 dicentetu
863 3749 877 3786 :
911 3730 1189 3799 Sitientet,
1233 3733 1401 3788 venite
1431 3733 1500 3787 ad
1533 3749 1763 3805 aquam;
1810 3745 1856 3788 et
1898 3734 1990 3804 qui
2037 3749 2128 3788 non

2239 3755 2332 3804 τος
2358 3755 2373 3771 ο
2407 3743 2469 3794 οι
2493 3737 2810 3810 διψῶντες,
2849 3740 3182 3807 πορεύεσθε
3218 3741 3310 3809 ἐφ’
3342 3739 3499 3808 ὕδωρ
3524 3757 3538 3770 ·
3565 3740 3667 3794 καὶ
3691 3741 3830 3795 ὅσοι

555 3822 761 3877 habetis
804 3832 1122 3893 argentum,
1171 3823 1242 3878 ad
1286 3824 1562 3879 emendum
1611 3824 1941 3887 accedite“;
1989 3824 2128 3880 omni

2238 3827 2323 3900 μὴ
2351 3829 2520 3900 ἔχετε
2547 3831 2854 3900 ἀργύριον,
2875 3828 3248 3896 βαδίσαντες
3275 3829 3613 3900 ἀγοράσατε
3630 3844 3646 3860 ·
3684 3847 3830 3886 παν-

551 3914 699 3967 enim
737 3913 944 3968 volenti
995 3915 1170 3986 gratia
1224 3925 1404 3986 patet;
1455 3931 1563 3987 qua
1610 3917 1706 3988 qui
1752 3931 1860 3972 non
1892 3918 2128 3988 potitur,

2241 3920 2334 3985 τὸς
2361 3921 2472 3994 γὰρ
2503 3921 2596 3975 τοῦ
2638 3923 3076 3995 προαιρουμένου
3115 3923 3177 3976 τὸ
3216 3922 3484 3994 χάρισμα,
3516 3922 3610 3976 καὶ
3637 3917 3700 3977 οὑ
3746 3923 3828 3995 μὴ

552 4005 676 4060 vita
723 4005 995 4076 iacturam
1042 4005 1193 4063 facit.
1250 4007 1357 4062 Sed
1413 4007 1528 4063 haec
1556 4023 1658 4064 nos
1695 4009 1891 4078 partim
1923 4016 2128 4064 tantum

2245 4017 2452 4086 τυχεῖν,
2507 4013 2653 4086 ζωῆς
2709 4018 2856 4070 ἐστιν
2890 4015 3200 4083 άπότευξις.
3256 4015 3415 4069 Ἀλλά
3459 4015 3666 4070 τούτων
3723 4017 3826 4087 μὲν

551 4095 864 4150 όοιίἱιειιιυε
896 4110 960 4150 ac
987 4095 1384 4166 participamus
1409 4134 1424 4160 ,
1447 4110 1574 4150 nam
1604 4097 1940 4167 paupercula
1971 4099 2128 4154 etiam

2244 4103 2354 4158 ἀπὸ
2382 4105 2582 4176 μέρους
2613 4107 2647 4177 ή
2685 4105 2844 4176 λῆψις
2896 4106 2990 4159 καὶ
3047 4104 3268 4176 μέθεξις
3289 4120 3305 4134 ⁶
3338 4104 3545 4159 ὅτι’καὶ
3571 4107 3637 4158 ἐκ
3666 4122 3822 4158 πενι-

553 4201 710 4241 tuens
796 4202 926 4241 suas
997 4187 1129 4240 facit
1205 4185 1546 4253 oblationes,
1618 4188 1963 4259 pervigilium
2028 4189 2128 4248 hoc

2241 4196 2383 4268 χρᾶς
2411 4195 2654 4260 διανοίας
2687 4197 2720 4266 ή
2751 4195 3077 4268 προκόμισις
3106 4195 3327 4265 ἐφ’ὅσον
3346 4190 3458 4249 οἷόν
3479 4213 3538 4249 τε
3564 4197 3822 4265 ἀφοσιου-

553 4287 818 4348 quantum
845 4287 1026 4348 potest
1052 4280 1429 4335 sanctiﬁcans.
1454 4278 1535 4334 Tu
1556 4295 1683 4336 vero
1705 4295 1918 4337 mecum
1945 4292 2128 4348 specta

2242 4285 2413 4356 μένης
2439 4284 2508 4338 τὰ
2535 4287 2853 4356 προεόρτια.
2874 4285 2946 4339 Σὺ
2967 4285 3022 4338 δέ
3047 4301 3136 4356 μοι
3159 4285 3314 4355 ἄθρει
3339 4280 3426 4338 οἷα
3451 4284 3522 4338 τὰ
3539 4285 3818 4357 ὁρώμενα’

553 4388 678 4439 qua:
713 4374 890 4427 oculis
933 4383 1062 4428 sunt
1109 4374 1354 4443 subjecta
1392 4392 1405 4429 :
1443 4374 1672 4444 piscinae
1709 4375 1866 4445 aquis
1895 4375 2128 4448 implen-

2238 4377 2617 4450 κολυμὸῆθραι
2665 4378 2876 4432 ὑδάτων
2930 4378 3358 4449 πεπλήρωνται,
3392 4379 3565 4448 πηγαί
3615 4396 3675 4432 τε
3725 4380 3823 4434 καὶ

555 4475 666 4528 tur,
703 4463 881 4519 fontes
914 4479 978 4519 ac
1004 4464 1218 4530 ﬁstulae,
1249 4465 1351 4520 rivi
1383 4474 1440 4520 et
1474 4475 1690 4536 stagna,
1725 4465 1959 4536 Spiritus
1977 4481 2133 4524 rece-

555 4557 771 4627 ptacula
796 4564 1212 4627 proponuntur:
1235 4573 1501 4627 aquarum
1539 4570 1734 4613 natura
1770 4560 1838 4614 ad
1856 4575 2132 4615 summum

554 4649 818 4705 honorem
848 4648 1119 4703 evehitur.
1177 4647 1411 4703 Lumina
1461 4649 1784 4720 multiplicia
1827 4661 1985 4707 nocte
2031 4651 2135 4707 bac

553 4756 734 4805 sacra,
769 4741 1008 4795 siderum
1048 4741 1248 4807 instar,
1287 4749 1402 4796 toto
1427 4742 1560 4798 orbe
1599 4749 1887 4812 parantur.
1929 4741 2047 4798 Stat
2078 4743 2132 4799 in

553 4831 783 4900 singulis
814 4831 1046 4886 urbibus
1077 4833 1406 4902 oppidisque
1439 4848 1618 4903 praeco
1645 4835 1794 4890 celso
1823 4838 1942 4890 loco
1971 4851 2130 4892 sacra

555 4922 787 4984 faciens,
823 4939 1109 4994 aquasque
1145 4925 1498 4982 sanctiticans
1547 4941 1645 4997 per
1684 4926 1854 4982 divini
1893 4925 2131 4998 Spiritus

554 5011 612 5065 in
653 5011 801 5080 ipsas
833 5016 1160 5081 adventum;
1200 5032 1433 5085 quarum
1468 5017 1676 5072 utinam
1711 5019 2131 5089 participatione

553 5102 988 5171 sanctilicetuur,
1027 5116 1080 5160 et
1124 5106 1322 5163 deinde
1365 5122 1560 5164 omnes
1605 5110 1889 5179 splendido
1929 5112 2129 5184 spiritu

553 5191 812 5246 illustrati
866 5208 1268 5263 appareamus,
1333 5199 1389 5252 in
1448 5198 1672 5255 Christo
1721 5198 1850 5257 Jesu
1897 5201 2130 5257 Domino

554 5294 771 5339 nostro.
803 5285 903 5340 Cui
938 5288 1106 5357 gloria
1141 5300 1191 5343 et
1235 5292 1477 5359 potentia
1508 5309 1634 5348 cum
1663 5291 1824 5348 Patre
1857 5301 1913 5350 et
1939 5303 2130 5350 sancto

500 5440 503 5444 η
555 5373 788 5447 Spiritu.
831 5393 982 5434 nunc
1015 5389 1070 5434 et
1103 5396 1200 5451 per
1230 5384 1428 5436 szecula
1462 5384 1812 5440 sazculorum.
1844 5383 2042 5440 Amen.

625 5578 646 5609 ’
685 5577 791 5632 lsa.
828 5593 994 5645 xxxv,
1035 5578 1088 5646 l,
1120 5578 1174 5646 6,
1211 5579 1262 5633 7.
1369 5580 1410 5612 ³ο
1451 5581 1516 5636 IV
1559 5582 1689 5653 Reg.
1733 5598 1789 5648 v,
1835 5582 1924 5638 14.

2238 4470 2461 4540 κρῆναι,
2495 4469 2732 4540 ποταμοί
2768 4486 2830 4522 τε
2865 4469 2960 4523 καὶ
2983 4469 3194 4538 λῖμναι,
3221 4469 3403 4539 δοχεῖα
3435 4468 3529 4522 τοῦ
3564 4469 3821 4541 Πνεῦμα-

2238 4575 2331 4622 τος
2362 4560 2650 4631 πρόκειται
2676 4576 2692 4590 ⁶
2719 4561 2753 4629 ή
2785 4558 2948 4629 φύσις
2973 4559 3080 4612 τῶν
3119 4559 3326 4612 ὑδάτων
3356 4562 3436 4622 εἰς
3462 4560 3630 4632 τιμὴν
3650 4561 3822 4633 ὑπέρ-

2237 4667 2399 4721 τιμον
2431 4650 2790 4722 προέρχεται’
2823 4649 2978 4719 φῶτα
3023 4649 3276 4721 πολυειδῆ
3305 4651 3404 4714 τῆς
3445 4652 3595 4722 ἱερᾶς
3625 4653 3822 4717 νυκτὸς

2238 4742 2396 4814 δίκην
2429 4741 2677 4812 άστέρων
2712 4741 2854 4795 κατά
2882 4742 3065 4795 πᾶσαν
3099 4740 3196 4812 τὴν
3229 4741 3552 4813 ὑπουράνιον
3601 4743 3824 4815 ἑτοιμά-

2230 4835 2386 4901 ζεται
2408 4849 2423 4864 ⁸
2460 4833 2702 4904 εἱστήκει
2728 4832 2784 4886 δὲ
2807 4832 2950 4887 κατὰ
2977 4833 3159 4885 πᾶσαν
3190 4831 3347 4886 πόλιν
3381 4832 3477 4885 καὶ
3507 4831 3695 4904 χώραν
3724 4837 3822 4905 κή-

2232 4923 2332 4994 ρυξ
2355 4922 2449 4975 ἐπὶ
2474 4921 2572 4976 τοῦ
2605 4921 2882 4993 μετεώρου
2923 4919 3154 4992 ίερεύων
3182 4920 3254 4973 τὰ
3289 4920 3430 4983 θεῖα,
3452 4921 3547 4975 καὶ
3572 4922 3822 4996 ἁγιάζων

2227 5013 2298 5067 τὰ
2322 5013 2492 5067 ὕδατα
2511 5011 2601 5066 διὰ
2625 5013 2724 5082 τῆς
2753 5012 2842 5065 ἐπ’
2865 5011 3009 5065 αὐτὰ
3038 5011 3132 5066 τοῦ
3169 5011 3314 5065 θείου
3349 5011 3668 5082 Πνεύματος
3697 5013 3823 5065 ἐπι·

2231 5107 2563 5177 φοιτήσεως*
2591 5097 2668 5158 ὧν
2694 5106 2760 5175 τῇ
2792 5103 3009 5175 μεθέξει
3042 5103 3460 5174 άγιασθείημεν,
3479 5106 3575 5158 καὶ
3595 5106 3660 5175 τῇ
3691 5104 3823 5174 ἑξῆς

2234 5196 2536 5267 όφθείημεν
2570 5195 2808 5260 ἅπαντες
2853 5196 3068 5265 φαεινοὶ
3097 5193 3176 5266 τῷ
3221 5199 3473 5268 παμφαεῖ
3499 5197 3773 5268 πνεύματι
3802 5213 3818 5227 '

2237 5289 2296 5342 ἐν
2326 5287 2548 5360 Χριστῷ
2589 5285 2766 5358 Ἰησοῦ
2796 5287 2875 5360 τῷ
2924 5287 3117 5360 Κυρίῳ
3143 5287 3324 5361 ήμῶν,
3353 5281 3398 5357 ᾦ
3436 5288 3616 5359 ήδόξα
3639 5289 3736 5343 καὶ
3759 5289 3820 5341 τὺ

2237 5379 2462 5452 κράτος,
2503 5381 2600 5434 σὺν
2627 5379 2706 5451 τῷ
2743 5381 2922 5451 Πατρὶ
2948 5382 3044 5435 καὶ
3074 5381 3216 5452 ἁγίῳ
3246 5378 3548 5450 Πνεύματι,
3573 5378 3670 5432 νῦν
3723 5378 3822 5432 καὶ

2237 5471 2332 5526 ἀεὶ
2367 5472 2460 5525 καὶ
2493 5472 2572 5536 είς
2605 5471 2730 5536 τοὺς
2760 5471 2960 5538 αἰῶνας
2984 5473 3093 5527 τῶν
3115 5472 3348 5528 αἰώνων.
3382 5471 3581 5544 Ἀμήν.

2002 5583 2043 5614 ¹¹
2081 5583 2188 5640 lsa.
2225 5600 2314 5650 Lv,
2361 5584 2414 5639 1.

625 5695 700 5766 (2)
741 5694 882 5753 Dicit
916 5697 1306 5758 lconomacltos
1335 5698 1499 5758 Leoni
1537 5702 1779 5758 Armeuo
1808 5702 1942 5774 itnp.
1977 5701 2361 5774 gratiﬁcantes.
