4050 6364
295 245 399 309 709

1045 359 1095 410 Δ,

283 459 468 525 Λόγος
503 453 902 524 κατηχητικὸς
927 453 1180 594 τίῖῑᾶὶᾶςέῑ
1195 454 1434 525 μεγάλῃ
1465 453 1734 525 κυριακῇ
1764 455 1871 510 τοῦ

1219 249 1500 312 ORATIO
1535 252 1631 313 IV.
1688 277 1754 288 —
1802 252 1883 312 ΙΝ
1926 252 2280 316 SANCTUM
2319 256 2630 319 PASCHA.

1903 369 1948 423 Δ

3449 259 3556 327 710
3631 346 3635 351 ,

2724 365 2812 421 IV.

2019 454 2209 511 Oratio
2234 458 2646 533 catechetiroin
2683 468 2924 533 sanctum
2959 477 3210 533 magnum
3237 461 3517 523 Paschalis

2515 531 2654 586 diem
2677 531 3014 588 dominicum.

1511 659 1668 732 (Anc.
1705 659 1836 730 MAI,
1869 661 1972 717 loc.
2012 667 2104 719 cit.
2140 681 2196 736 p.
2233 668 2350 737 ει.)

351 802 418 850 α’.
449 795 514 848 Τί
539 793 719 862 τοῦτο,
751 792 976 864 ἀδελφοὶ
1019 793 1300 866 ἀγαπητοὶ
1330 795 1428 850 καὶ
1469 795 1745 867 φιλέορτοι
1773 798 1870 852 καί¹

277 885 621 955 φιλόχριστοι
646 902 660 950 ;
687 884 771 948 τίς
792 886 826 956 ή
859 881 1093 955 τοσαύτη
1116 883 1540 955 λαμπροφορία;
1571 886 1658 950 τίς
1686 888 1720 956 ή
1745 903 1868 940 τοσ-

275 974 417 1044 αύτη
460 973 802 1044 φωταγωγία
865 973 960 1026 καὶ
997 972 1262 1044 θυμηδία;
1308 973 1362 1028 τί
1388 974 1447 1028 τὸ
1474 975 1868 1047 καταστράψαν

277 1066 421 1120 οὔτω
441 1065 541 1135 τὴν
569 1064 939 1134 Ἐκκλησίανς
975 1065 1028 1119 τί
1057 1065 1118 1119 τὸ
1146 1065 1526 1132 καταγλαῖσαν
1555 1067 1656 1138 τὴν
1683 1069 1865 1120 οἰκου-

275 1158 480 1228 μένην;
509 1157 562 1210 τί
589 1157 650 1210 τὸ
695 1157 1127 1228 παρασκευάσαν
1159 1156 1428 1228 τοσαύτην
1461 1157 1715 1228 γενέσθαι
1743 1157 1868 1229 ἡδο-

270 1249 370 1320 νὴν
417 1248 513 1302 καὶ
544 1247 883 1318 φαιδρότητα
907 1247 1096 1314 ;.Χθὲς
1128 1248 1186 1300 ὲν
1232 1247 1462 1319 ἀθυμίᾳ,
1493 1249 1589 1301 καί⁹
1625 1249 1867 1318 σήμερον

271 1338 332 1391 ὲν
367 1337 605 1408 εὐθυμία
628 1354 640 1368 ο
675 1335 802 1407 χθὲς
833 1338 892 1388 έν
929 1337 1226 1407 κατηφείᾳ,
1263 1337 1358 1390 καὶ
1394 1338 1634 1408 σήμερον
1657 1338 1714 1392 ὲν
1741 1353 1868 1406 φαι-

269 1427 513 1500 δρότητιο
537 1426 666 1496 χθὲς
687 1427 744 1478 ὲν
767 1424 1109 1495 ὀλολυγμοίς,
1133 1426 1226 1478 καὶ
1259 1426 1504 1496 σήμερον
1535 1428 1592 1479 έν
1618 1425 1861 1496 ἀλαλαγ-

272 1520 418 1588 μοῖς.
458 1517 704 1588 Ἐρωτᾷς
723 1517 774 1568 τί
803 1515 1012 1568 τούτων
1042 1516 1104 1570 τὸ
1134 1515 1331 1580 αἴτιον,
1367 1517 1461 1570 καὶ
1498 1516 1552 1569 τί
1582 1517 1642 1570 τὸ
1674 1534 1858 1587 παραρ

271 1606 550 1662 σκευάσαν
572 1607 826 1675 γενέσθαι
855 1605 1124 1678 τοσαύτην
1155 1605 1334 1678 χαράν
1356 1605 1450 1660 καὶ
1474 1605 1856 1678 λαμπρότητα;

267 1701 506 1773 Χριστὸς
529 1700 734 1771 άνέστη
761 1702 826 1754 ὲκ
849 1697 1085 1772 νεκρῶν,
1121 1699 1214 1752 κο.)⁵
1243 1697 1390 1762 ἄπας
1414 1699 1442 1750 6

267 1793 517 1849 λιάσατο.
545 1793 884 1865 Κατήργησε
917 1792 996 1862 τῷ
1020 1789 1274 1862 ζωοποιῷ
1307 1791 1476 1846 αὑτοῦ
1521 1791 1736 1863 Θανάτῳ
1772 1792 1865 1846 τὸν

270 1886 528 1952 θάνατον,
574 1886 668 1938 καὶ
713 1883 916 1947 πάντες
943 1883 992 1936 οἱ
1021 1884 1078 1936 ὲν
1103 1882 1181 1953 τῷ
1212 1881 1316 1955 ᾅδῃ
1334 1881 1442 1934 τῶν
1471 1882 1691 1954 δεσμῶν
1749 1884 1863 1936 ἀπ-

269 1976 567 2046 ελύθησαν
596 1974 807 2046 ἠνέῳξε
849 1975 942 2028 τὸν
971 1973 1325 2044 παράδεισον,
1358 1973 1454 2027 καὶ
1493 1975 1659 2028 πᾶσιν
1701 1975 1869 2029 αὐτὸν

269 2067 533 2140 είσηκτὺν
574 2065 976 2138 ἀπειργάσατο.
1010 2066 1075 2118 Ὢ
1127 2063 1293 2136 βάθος
1339 2063 1414 2136 μὴ
1447 2065 1770 2137 νοούμενονί
1803 2066 1868 2120 Ὢ

270 2159 408 2230 ὕψος
455 2159 534 2231 μὴ
567 2157 972 2230 μετρούμενονί
1009 2157 1074 2208 Ὢ
1109 2157 1411 2227 μυστηρίου
1451 2156 1706 2228 φρικτοῦ,
1744 2158 1867 2223 νοὸς

267 2252 504 2323 δύναμιν
555 2248 1013 2323 ὑπερϐαίνοντοςί
1059 2245 1355 2318 ’Υμνοῦσιν
1380 2247 1607 2316 ἄγγελοι
1656 2251 1723 2320 τῇ
1761 2266 1868 2302 σω-

267 2345 442 2416 τηρίᾳ
492 2345 653 2416 ήμῶν
704 2341 1217 2414 ἐπευφραινόμενοι.
1269 2340 1555 2412 Προφῆται
1614 2341 1867 2413 χαίρουσι

268 2440 372 2504 τὰς
399 2439 611 2503 οἰκείας
628 2437 966 2510 προρρήσεις
986 2433 1371 2504 πληρουμένας
1389 2431 1680 2502 θεώμενοι.
1709 2434 1867 2488 Πᾶσα

267 2535 300 2602 ή
353 2531 537 2595 κτίσις
598 2527 968 2602 συνεορτάζει.
1037 2524 1260 2594 Ηύγασε
1323 2524 1432 2594 γὰρ
1483 2525 1621 2596 αὐτῇ
1679 2524 1868 2596 ἡμέρα

271 2625 568 2696 σωτήριος,
596 2620 806 2692 ἔλαμψε
839 2611 1002 2674 πάλιν
1055 2620 1084 2672 6
1130 2617 1231 2687 τῆς
1273 2615 1622 2687 δικαιοσύνης
1653 2615 1862 2681 Ἥλιος.

271 2714 372 2778 Τίς
406 2719 589 2768 τοίνυν
626 2711 794 2778 ἀξίως
845 2710 947 2780 τῆς
999 2707 1258 2780 λαμπρᾶς
1291 2706 1497 2777 ταύτης
1527 2706 1741 2777 ἡμέρας
1765 2705 1866 2779 τὴν

268 2807 438 2880 χάριν
477 2805 812 2876 ὲξυμνήσει;
846 2802 942 2862 Τίς
990 2797 1430 2872 μεγαλοπρεπῶς
1478 2797 1573 2851 τοῦ
1609 2797 1864 2850 τοσούτου

272 2898 583 2970 μυστηρίου
637 2893 898 2966 ὲκθειάσῃ
948 2891 1048 2962 τὴν
1092 2890 1362 2960 δύναμιν;
1406 2888 1490 2952 τίς
1521 2887 1793 2960 ἓτερος,ἢ
1836 2891 1866 2943 6

269 2989 516 3062 χρυσοῦς
570 2989 728 3060 ἡμῶν
783 2988 975 3058 Πατὴρ
1017 2985 1297 3057 Ἰωάννης,
1350 2986 1378 3038 6
1423 2985 1740 3057 διαπρύσιος
1772 2985 1866 3039 καὶ

274 3081 739 3154 μεγαλοφώνατος
790 3079 986 3150 κήρυξ,
1019 3080 1046 3132 6
1081 3079 1181 3150 τῆς
1224 3077 1550 3149 οἰκουμένης
1605 3075 1863 3147 διαφανέ-

273 3190 474 3237 στατος
503 3174 595 3226 καὶ
618 3171 1008 3243 λαμπρότατος
1041 3168 1288 3240 φωστὴρ,
1337 3169 1434 3223 καὶ
1465 3167 1719 3239 ἀληθινὸς
1739 3185 1863 3222 ποι-

275 3269 387 3340 μὴν
439 3267 533 3320 καὶ
566 3265 914 3328 διδάσκαλος,
941 3265 969 3317 6
991 3263 1102 3316 τῶν
1135 3262 1322 3332 ψυχῶν
1351 3261 1720 3330 εὐφυέστατος
1767 3261 1862 3313 καὶ

271 3357 652 3430 δοκιμώτατος
703 3355 909 3426 ίατρδς,
960 3355 988 3408 6
1039 3353 1148 3407 τῶν
1197 3351 1540 3424 ἁμαρτωλῶν
1589 3348 1862 3421 ἐγγυητὴς

274 3449 600 3520 ἀξιόχρεως,
625 3451 651 3503 6
673 3448 815 3519 ὑπὲρ
845 3447 938 3500 τὸν
967 3445 1161 3499 Νεῖλον
1182 3444 1425 3514 ποταμὸν
1460 3443 1598 3514 ῥέων
1627 3442 1695 3496 τά
1729 3460 1862 3514 χρυο

276 3540 577 3614 σόρῤειθρα
603 3540 844 3612 νάματα,
868 3540 896 3593 ὁ
925 3535 1161 3610 χρυσοῦς
1197 3535 1290 3588 καὶ
1315 3531 1730 3606 χρυσόγλωσσος
1767 3531 1864 3585 καὶ

273 3633 693 3705 χρυσὸστομοςς
727 3623 885 3694 οὗτος
937 3627 1272 3692 ἑκθειαζέτω
1304 3625 1400 3678 καὶ
1428 3623 1738 3694 άνυμνείτω
1769 3622 1867 3676 καὶ

274 3721 546 3793 κροτείτω
606 3719 690 3774 τοῦ
743 3717 1048 3790 μυστηρίου
1081 3716 1180 3786 τὴν
1223 3714 1455 3784 δύναμιν
1480 3727 1497 3743 ο
1544 3711 1638 3765 καὶ
1670 3710 1864 3764 τούτου

274 3813 465 3886 χάριν,
487 3811 562 3876 ὼς
585 3804 697 3865 οἷόν
726 3827 788 3864 τε
814 3809 900 3863 διὰ
933 3806 1180 3881 βραχέων
1209 3820 1482 3874 συντετμη
1492 3801 1670 3872 μένων
1689 3799 1866 3870 λόγων

275 3903 679 3974 ἐξαγγελλέτω·
707 3902 823 3956 ἀλλ’
857 3903 884 3954 6
914 3900 1012 3972 μὲν
1036 3897 1254 3968 ἕτοιμός
1281 3897 1452 3961 ἐστιν,
1484 3893 1561 3958 ὡς
1589 3892 1680 3946 τοῦ
1702 3891 1862 3960 λόγου

277 4001 472 4072 ῥήτωρ
515 3997 784 4062 ποικίλος,
817 3995 913 4050 καὶ
941 3991 1190 4060 σάλπιγξι
1223 3987 1717 4062 μεγαλοφωνοτάτη
1765 3984 1862 4039 τοῦ

277 4093 620 4164 Πνεύματος’
649 4092 809 4163 ἡμεῖς
833 4089 890 4143 δὲ
925 4087 1060 4158 πρὸς
1089 4085 1150 4138 τὸ
1175 4083 1398 4140 άκούειν
1419 4080 1608 4134 τούτου
1635 4077 1865 4150 ἑτοιμώ-

2043 804 2095 859 1.
2138 803 2278 871 Quid
2335 803 2441 860 hoc
2491 809 2621 872 est,
2676 806 2859 862 dilecti
2903 806 3143 876 fratres,
3205 807 3370 880 hujus
3428 810 3552 868 festi

1967 893 2288 966 Christique
2319 897 2640 955 amatores?
2677 897 2937 964 Quaenam
2970 901 3084 954 hazc
3112 907 3263 955 tanta
3303 902 3552 958 candida:

1966 990 2136 1045 vestis
2166 991 2445 1058 gestatio?
2489 992 2615 1062 quis
2648 1000 2836 1048 tantus
2868 992 3137 1048 luminum
3171 1005 3470 1066 apparatus
3495 1006 3553 1053 et

1967 1081 2267 1138 hilaritas?
2321 1083 2456 1153 quid
2515 1091 2803 1154 tantopere
2865 1083 3168 1142 Ecclesiam
3231 1088 3553 1144 illuminat?

1969 1175 2102 1246 quid
2142 1176 2406 1230 mundum
2437 1179 2714 1232 exornat?
2742 1177 2874 1248 quid
2912 1185 3118 1234 tantam
3145 1179 3548 1251 jucunditalem

1968 1269 2329 1339 laetitiamque
2361 1269 2572 1324 ellicitl
2610 1268 2739 1325 Heri
2772 1273 3130 1339 consternati,
3184 1273 3346 1330 hodie
3387 1275 3551 1330 exhi-

1969 1358 2132 1413 larali
2169 1376 2183 1413 :
2218 1358 2337 1414 heri
2371 1359 2424 1414 in
2460 1359 2706 1426 tristitia,
2750 1361 2913 1418 hodie
2960 1363 3013 1417 in
3049 1364 3294 1434 gaudio:
3333 1365 3452 1423 heri
3493 1369 3549 1423 in

1967 1446 2289 1517 ejulatibus,
2328 1448 2490 1505 hodie
2522 1451 2574 1505 in
2599 1452 2814 1522 jubilis.
2859 1453 3041 1525 Rogas
3072 1458 3267 1512 horum
3299 1472 3548 1526 causam,

1967 1541 2172 1610 quidve
2209 1551 2420 1597 tantum
2453 1545 2714 1613 gaudium
2757 1547 3273 1622 solentnitalemqtte
3306 1552 3550 1609 aﬂ‘erat‘l

1967 1633 2222 1690 Chrisms
2252 1650 2282 1690 e
2305 1637 2540 1692 mortuis
2563 1639 2887 1706 resurrexit,
2916 1651 2970 1695 et
2990 1641 3280 1699 universus
3309 1645 3552 1700 mundus

1472 1697 1675 1770 κόσμος
1695 1701 1863 1770 ἠγαλ-

1966 1729 2231 1784 cxsultat.
2279 1728 2560 1790 Destruxit
2591 1731 2807 1786 vivitica
2859 1743 3033 1788 morte
3075 1749 3175 1790 sua
3205 1745 3464 1803 mortem,
3495 1746 3553 1793 et

1967 1836 2162 1876 omnes
2210 1821 2518 1878 inferorum
2578 1825 2770 1880 incolae
2821 1825 3060 1884 vinculis
3107 1839 3236 1884 sunt
3276 1830 3548 1886 resoluti:

1967 1916 2286 1983 paradisum
2345 1917 2574 1974 reclusit
2635 1919 2964 1990 cunctisque
3041 1922 3293 1992 pervium
3343 1923 3548 1980 effecit.

1967 2009 2010 2063 0
2048 2009 2399 2079 profunditas
2444 2011 2856 2068 inscrutahilisi
2906 2029 2940 2069 ο
2970 2013 3204 2070 altitudo
3239 2015 3548 2073 immensu-

1965 2101 2190 2156 rahilisl
2235 2098 2280 2156 Ο
2330 2103 2672 2158 tremendum
2724 2107 3047 2176 mysterium
3088 2107 3290 2163 mentis
3315 2107 3425 2163 vim
3453 2124 3553 2164 ex-

1965 2191 2202 2248 cedens!
2243 2193 2488 2264 liymnos
2523 2207 2730 2250 canunt
2759 2197 2940 2267 angeli
2976 2198 3156 2254 salute
3189 2209 3378 2254 nostra
3411 2201 3551 2256 laeti-

1967 2284 2136 2341 iicati.
2173 2284 2468 2355 Propheta;
2499 2288 2759 2356 gaudent,
2791 2289 3048 2345 vaticinia
3074 2307 3172 2346 sua
3197 2291 3265 2345 ad
3291 2292 3544 2350 eﬂectum

1965 2388 2090 2430 esse
2119 2377 2403 2444 perducta.
2444 2375 2708 2433 Universa
2743 2390 2997 2436 creatura
3046 2383 3249 2438 festum
3296 2384 3554 2442 concele-

1967 2467 2133 2523 brat:
2166 2467 2350 2524 illuxit
2377 2471 2526 2526 e'nim
2562 2472 2610 2527 ei
2637 2473 2757 2530 dies
2793 2475 3076 2542 salutaris,
3121 2476 3304 2532 denuo
3347 2478 3552 2536 effulsit
3617 2521 3620 2524 .

1971 2560 2067 2616 Sot
2088 2559 2342 2632 justiti-te.
2395 2563 2536 2632 Quis
2570 2581 2702 2638 ergo
2749 2567 2915 2638 digne
2965 2568 3073 2624 diei
3122 2569 3286 2640 hujus
3316 2572 3549 2642 gratiam

1966 2655 2260 2713 decantet?
2293 2657 2425 2726 Quis
2472 2675 2574 2732 pro
2621 2659 2887 2732 dignitate
2939 2664 3078 2718 tanti
3130 2663 3240 2720 vim
3300 2668 3550 2737 mysterii

1967 2749 2251 2807 dilaudet?
2283 2753 2430 2822 quis,
2467 2753 2571 2808 nisi
2603 2768 2807 2810 aureus
2835 2755 3002 2810 Pater
3049 2765 3237 2812 noster
3283 2757 3549 2822 Joannes,

1967 2857 2207 2900 canorus
2246 2859 2312 2900 ac
2341 2845 2728 2902 vocalissimus
2757 2863 2959 2916 praeco,
3011 2849 3200 2905 mundi
3243 2849 3552 2908 illustrissi-

1968 2953 2120 2992 mum
2152 2953 2217 2992 ac
2245 2938 2751 3009 splendidissimum
2795 2941 3109 3005 luminare,
3155 2957 3320 2998 verus
3366 2953 3552 3014 pastor

1969 3041 2135 3102 atque
2165 3033 2446 3104 magister,
2485 3032 2855 3103 peritissimus
2888 3034 3196 3088 animarum
3231 3049 3298 3090 ac
3345 3036 3551 3105 proba-

1893 3098 1938 3158 θ
1971 3125 2220 3181 tissimus
2259 3125 2503 3182 medicus
2524 3165 2540 3192 ,
2589 3135 2938 3196 peccatorum
2983 3129 3368 3183 reconciliator
3397 3143 3553 3200 egre-

1969 3218 2128 3288 gius,
2180 3216 2304 3273 Nilo
2349 3217 2518 3272 ﬂuvio
2566 3218 2824 3274 ﬂuentior
2881 3221 3067 3274 aureis
3123 3220 3402 3286 laticihus,
3460 3221 3552 3277 ille

1967 3324 2192 3375 aureus,
2223 3319 2278 3366 et
2307 3326 2474 3366 aurea
2496 3312 2702 3382 lingua,
2735 3321 2901 3384 atque
2927 3311 3003 3366 Os
3031 3328 3294 3380 aureum;
3325 3313 3436 3378 hic,
3466 3313 3553 3368 in-

1967 3423 2160 3478 quam,
2191 3407 2456 3470 dilaudet,
2494 3406 2716 3476 hymnis
2751 3413 2806 3462 et
2855 3406 3140 3476 plausibus
3187 3417 3553 3478 prosequatur

1970 3501 2137 3571 hujus
2187 3501 2297 3555 vim
2346 3499 2624 3572 mysterii,
2665 3499 2906 3570 ideoque
2946 3499 3204 3555 breviore
3235 3515 3402 3571 quam
3433 3502 3550 3558 lit-ri

1973 3595 2177 3666 poterit
2205 3594 2456 3649 oratione
2479 3593 2830 3671 depraedicet.
2860 3593 2930 3647 At
2975 3592 3022 3647 is
3055 3592 3275 3662 quidem
3327 3601 3552 3663 paratus

1971 3700 2078 3758 est,
2115 3705 2214 3745 ceu
2249 3689 2468 3745 dicendi
2505 3689 2692 3744 rhetor
2726 3687 3006 3757 copiosus,
3041 3687 3174 3743 tuba
3203 3687 3552 3743 vacalissitua

1971 3784 2213 3856 Spiritus
2241 3801 2256 3838 :
2287 3797 2388 3839 nos
2417 3792 2602 3838 autem
2631 3781 2701 3837 ad
2727 3782 2876 3838 hunc
2900 3780 3229 3837 audiendum
3254 3781 3554 3838 alacriores

1970 3881 2149 3936 simus
2173 3887 2230 3934 et
2258 3877 2604 3941 attentiores,
2655 3884 2718 3930 ut
2765 3888 3166 3944 cognoscamus
3211 3873 3343 3940 quid
3391 3873 3552 3928 nobis

1969 3971 2110 4028 alter
2161 3969 2499 4042 paenitentia:
2553 3981 2734 4038 praeco
2777 3965 3082 4037 (Joannes)
3131 3965 3361 4021 nuntiet.
3406 3967 3552 4037 Ergo

1971 4069 2176 4127 audite.

274 4153 446 4258 τεροί
483 4153 774 4256 γενῶμυεθα
795 4153 801 4154 7
821 4183 917 4236 καὶ
969 4153 1490 4253 προσεκτικώτεροι,
1540 4171 1608 4225 ἵν’
1631 4171 1862 4243 εἴδωμεν
1893 4163 1982 4224 οἷα
2010 4167 2146 4238 ἡμῖν
2192 4158 2590 4230 ἐπαγγέλλεται
2640 4158 2667 4210 6
2722 4154 3009 4226 μετανοίας
3031 4153 3205 4226 κήρυξ
3227 4153 3546 4228 ὀδεύτερος,

275 4281 368 4334 Διὸ
403 4276 535 4333 ἀκού
544 4293 693 4330 σατε.

546 4389 740 4444 ΑΡΧΗ
775 4387 914 4442 ΤΟΥ
948 4383 1464 4440 ΧΡΥΣΟΣΤΟΜΟΥ
1499 4382 1576 4456 (ὅ)

349 4507 419 4580 β’.
454 4507 522 4560 Εἴ
553 4523 638 4569 τις
665 4503 897 4574 εὐσεϐὴς
927 4503 1024 4556 καὶ
1067 4500 1339 4570 φιλόθεος,
1365 4499 1688 4553 άπολαυέτω
1735 4495 1868 4550 ταύ-

277 4618 376 4671 της
401 4601 501 4670 τῆς
525 4597 700 4668 καλῆς
729 4595 1113 4666 πανηγύρεωςο
1141 4594 1196 4647 ετ
1215 4610 1304 4658 τις
1321 4592 1519 4656 δοῦλος
1545 4589 1866 4661 εὐγνώμων,

284 4693 577 4747 εἰσελθέτω
609 4690 820 4763 χαίρων
855 4691 936 4753 εἱς
975 4687 1076 4760 τὴν
1104 4686 1278 4760 χαρὰν
1304 4686 1401 4741 τοῦ
1431 4686 1622 4757 κυρίου
1661 4684 1829 4738 αὐτοῦ
1850 4698 1865 4714 ⁸

285 4785 340 4838 εἴ
363 4801 448 4847 τις
475 4782 650 4853 ἔκαμε
674 4779 972 4851 νηστεύων,
997 4778 1322 4832 ἀπολαϐέτω
1356 4777 1452 4832 νῦν
1484 4777 1546 4830 τὸ
1574 4777 1830 4848 δηνάριον
1848 4789 1864 4805 ·

287 4877 340 4928 εί
363 4891 450 4938 τις
479 4873 587 4926 άπδ
621 4870 844 4943 πρώτης
873 4869 1024 4942 ὥρας
1064 4869 1386 4941 εἰργάσατο,
1410 4868 1654 4940 δεχέσθω
1688 4867 1784 4923 νῦν
1805 4867 1870 4922 τὸ

285 4965 494 5020 δίκαιον
517 4964 741 5034 δφλημα
765 4979 779 4993 ·
812 4963 864 5016 sl
885 4979 968 5026 τις
993 4960 1132 5032 μετὰ
1160 4961 1260 5031 τὴν
1286 4961 1476 5032 τρίτην
1497 4957 1684 5032 ἦλθεν,
1713 4962 1870 5032 εὐχα-

283 5059 485 5132 ριστῶν
515 5056 789 5129 ἐορτάσοι·
819 5054 979 5120 εἴτις
1008 5055 1137 5126 περὶ
1165 5055 1266 5127 τὴν
1295 5053 1462 5125 ’ἐκτην
1483 5049 1670 5126 ἦλθεν,
1703 5054 1868 5124 μηδὲν

282 5150 663 5224 άμφιὸαλέτω,
704 5149 796 5203 καὶ
825 5147 938 5219 γάρ
971 5146 1124 5201 οὐδὲν
1154 5145 1482 5218 ζημιοῦται·
1511 5145 1565 5198 ei
1597 5162 1681 5209 τις
1709 5145 1868 5199 ὑστέ-

287 5260 455 5318 ρησεν
483 5243 565 5306 είς
593 5240 696 5314 τὴν
719 5241 970 5312 ὲννάτην,
1013 5238 1302 5311 προσέλθοι
1339 5237 1508 5310 μηδὲν
1538 5237 1829 5303 ἐνδοιάζων
1848 5255 1864 5272 ο

1897 4341 1946 4398 D

2342 4369 2410 4424 ΙΝ
2419 4366 2610 4424 ITIUM
2651 4363 2840 4422 CHRY
2851 4362 3172 4421 SOSTOMI.

2035 4485 2092 4540 2.
2129 4484 2188 4539 Si
2240 4483 2363 4554 quis
2411 4482 2535 4552 pius
2566 4488 2680 4545 est,
2739 4478 2948 4551 Deique
2993 4493 3223 4545 amans,
3277 4487 3552 4550 praesente

1967 4579 2201 4649 gaudeat
2219 4575 2448 4647 pulchra
2477 4572 2845 4630 solemnitate.
2882 4571 2939 4626 Si
2959 4571 3084 4642 quis
3107 4586 3298 4626 servus
3319 4571 3548 4642 probus,

1966 4669 2125 4724 hctus
2159 4668 2325 4722 intret
2365 4667 2421 4721 in
2449 4665 2708 4737 gaudium
2742 4663 2953 4720 domini
2999 4663 3107 4720 sui.
3153 4659 3211 4717 Si
3238 4663 3364 4734 quis
3394 4663 3550 4718 labo-

1967 4763 2109 4818 ravit
2138 4761 2421 4832 jejunans,
2474 4774 2620 4814 nunc
2657 4757 2889 4830 recipiat
2914 4757 3199 4812 denarium
3231 4773 3245 4810 :
3275 4755 3322 4810 si
3357 4755 3480 4824 quis
3515 4769 3548 4810 a

1965 4858 2143 4928 prima
2195 4857 2333 4912 hora
2383 4864 2644 4926 operatus
2689 4865 2808 4922 est,
2864 4868 3011 4908 nunc
3037 4851 3242 4923 justam
3281 4850 3550 4922 percipiat

1970 4951 2277 5007 mercedem
2311 4969 2324 5005 :
2357 4949 2400 5005 si
2435 4949 2562 5020 quis
2595 4958 2721 5020 post
2744 4947 2962 5004 tertiam
2995 4946 3162 5010 venit,
3197 4961 3320 5002 cum
3347 4946 3551 5016 gratia.

1968 5061 2088 5100 rum
2145 5043 2363 5099 actione
2414 5042 2614 5098 festum
2657 5049 2788 5112 agat
2827 5057 2842 5095 :
2883 5040 2932 5097 si
2978 5039 3104 5110 quis
3147 5039 3296 5094 circa
3337 5046 3548 5094 sextam

1967 5137 2220 5203 accessit,
2258 5135 2393 5190 nihil
2444 5133 2680 5201 litesitet,
2735 5132 2948 5188 nullum
2979 5133 3125 5188 enim
3155 5131 3547 5188 detrimentum

1969 5229 2170 5296 sentiet
2203 5247 2216 5285 :
2254 5229 2301 5285 si
2351 5227 2475 5300 quis
2523 5228 2589 5283 ad
2639 5241 2838 5284 nonam
2893 5239 3069 5296 usque
3128 5224 3360 5291 distulit,
3413 5225 3552 5282 nihil

285 5339 339 5392 εῐ
368 5353 454 5400 τις
505 5335 666 5408 μόνον
697 5332 906 5405 ἔφθασε
933 5333 1034 5406 τὴν
1079 5331 1396 5404 ἑνδεκάτην,
1431 5330 1720 5403 προσέλθοι
1773 5331 1865 5385 καὶ

1974 5329 2232 5385 dubitans
2263 5327 2448 5383 veniat
2476 5344 2490 5382 :
2524 5325 2571 5381 si
2600 5325 2727 5397 quis
2756 5324 2890 5380 hora
2915 5331 3128 5379 tantum
3158 5322 3448 5379 undecima
3479 5321 3551 5378 ad

357 5514 434 5583 (3)
464 5513 656 5572 Exstat
709 5527 952 5583 sequens
985 5509 1370 5583 ﬁeermch
1400 5508 1766 5583 fragmentum
1812 5509 1866 5564 in
1977 5517 2017 5583 _t.
2067 5508 2202 5573 LIX,
2246 5511 2352 5570 col.
2405 5507 2575 5583 nil
2620 5509 2776 5583 Nunc
2827 5517 3028 5583 autem,
3083 5507 3292 5583 S_tu_di_ta
3339 5503 3550 5575 judice,

286 5577 523 5640 editione
553 5577 804 5640 Maurina
833 5593 872 5637 t.
909 5580 1045 5643 Vlll,
1076 5579 1302 5653 p.___250._
1339 5578 1598 5653 Spurium
1653 5581 1872 5653 incaute
1977 5581 2118 5636 inter
2147 5583 2381 5653 genuina
2409 5577 2725 5636 diviPatris
2763 5582 2968 5650 scripta
3001 5579 3129 5649 poni
3161 5577 3342 5632 debet.

301 5654 730 5712 Aiontiauconius
776 5649 1250 5724 judicavit.’[\'ide
1292 5651 1521 5720 hujusce
1545 5649 1870 5722 Patrologia:
