4050 6364
465 248 565 315 711

1599 253 1660 313 S.
1705 252 2099 314 THEODORI
2143 251 2492 316 STUDITA‘I

3615 257 3734 323 7l2

463 365 704 420 laborem
736 380 798 422 se
833 365 1084 431 contulit,
1132 379 1199 420 ne
1235 365 1351 436 ipse
1379 363 1598 434 quidem
1639 363 1707 418 de
1730 379 1830 419 sua
1859 363 2031 418 tardi-

2149 363 2295 427 ιιύτδς
2331 363 2500 434 μηδὲν
2529 361 2819 429 ἐνδοιάζων
2843 378 2858 395 ·
2907 363 3191 436 φιλότιμος
3225 361 3336 435 7&9
3358 362 3434 419 ὣν
3462 367 3492 420 ὁ
3519 370 3740 426 Δεσπό-

462 464 572 512 tate
593 457 808 513 timeat.
832 455 968 512 Cum
991 456 1063 513 sit
1079 456 1226 510 enim
1251 454 1497 510 liberalis
1515 453 1798 519 dominus,
1824 461 2040 524 postre-

464 566 616 606 mum
673 549 820 606 haud
871 565 1032 606 secus
1090 564 1156 604 ac
1207 548 1442 618 primum
1491 545 1722 615 excipit;
1774 545 2047 603 rel'ocillat

464 657 619 712 aeque
641 641 946 698 undecimae
975 642 1124 697 hora:
1151 639 1487 712 operarium,
1528 651 1595 693 ac
1627 637 1782 692 illum
1809 638 1905 709 qui
1930 641 2046 710 jam

468 735 596 790 inde
642 749 673 788 a
704 735 880 804 prima
911 748 1132 804 operam
1167 731 1526 804 praestiterat;
1570 740 1625 786 et
1659 731 1835 787 ultimi
1880 732 2050 788 mise-

468 834 639 887 retur,
669 833 723 880 et
746 825 983 894 primum
1015 831 1431 890 remuneratur;
1465 823 1594 879 huic
1613 824 1726 889 dat,
1752 825 1825 879 illi
1843 824 2045 881 donat:

467 925 523 972 et
555 931 776 987 operam
821 917 1062 990 excipit,
1106 924 1161 971 et
1202 916 1536 970 voluntatem
1570 917 1917 986 amplectitur
1948 935 1963 971 :
1994 926 2050 973 et

467 1016 649 1061 actum
688 1006 870 1062 debito
902 1006 1108 1061 honore
1146 1004 1336 1070 allicit,
1366 1014 1422 1060 et
1460 1007 1800 1076 propositum
1838 1005 2044 1061 laudat.

471 1096 614 1168 Ergo
657 1111 852 1152 omnes
885 1096 1088 1151 intrate
1122 1098 1173 1150 in
1210 1097 1472 1167 gaudium
1511 1098 1722 1153 Domini
1751 1100 1962 1166 nostri;
1995 1111 2050 1157 et

470 1199 582 1244 tum
614 1189 776 1261 primi
811 1197 925 1243 tum
953 1189 1128 1244 ultimi
1156 1191 1462 1246 mercedem
1502 1192 1766 1262 percipite
1800 1209 1814 1246 :
1850 1193 2050 1248 divites

467 1281 635 1335 simul
663 1290 718 1336 et
745 1295 1035 1350 pauperes,
1064 1281 1320 1336 chorcam
1345 1282 1527 1337 ducite
1555 1301 1568 1336 :
1602 1282 1769 1338 fortes
1799 1299 1955 1354 atque
1987 1300 2052 1340 ac

469 1369 676 1442 ignavi,
708 1369 856 1426 hunc
882 1371 1026 1426 diem
1056 1371 1324 1427 honorate
1360 1389 1374 1426 :
1408 1374 1501 1442 qui
1531 1373 1848 1444 jejunastis,
1880 1384 1934 1430 et
1957 1375 2049 1444 qui

368 1503 377 1512 .
467 1477 652 1529 secus,
685 1462 847 1516 hodie
873 1462 1261 1533 jncundamini
1293 1481 1307 1518 :
1343 1479 1539 1519 mensa
1570 1464 1806 1535 dapibus
1835 1473 1922 1520 est
1963 1481 2052 1521 re-

469 1549 638 1615 ferta,
670 1551 1011 1606 deliciamini
1039 1566 1233 1607 omnes
1265 1568 1280 1606 :
1310 1552 1520 1608 vitulus
1551 1554 1856 1623 saginatus,
1886 1569 2053 1609 nemo

469 1642 714 1698 discedet
745 1642 1034 1699 famelicus
1067 1661 1080 1698 :
1114 1643 1298 1698 cuncti
1338 1645 1513 1715 capiis
1548 1644 1890 1701 liberalitatis
1919 1645 2054 1700 l'rui-

471 1735 607 1789 mini
641 1752 656 1790 :
691 1749 854 1790 nemo
905 1736 976 1790 de"
1018 1735 1201 1805 inopia
1251 1745 1536 1806 queratur,
1588 1751 1714 1790 nam
1759 1752 2053 1794 commune

471 1842 701 1898 regnum
726 1828 884 1883 adest
913 1843 928 1882 :
960 1842 1124 1883 nemo
1160 1827 1350 1898 lapsus
1383 1843 1514 1884 suos
1546 1829 1892 1896 lamentetur,
1924 1844 2051 1884 nam

471 1920 629 1976 venia
680 1921 746 1975 de
785 1920 1039 1991 sepulcro
1086 1929 1274 1976 exorta
1314 1928 1401 1977 est
1432 1939 1448 1976 :
1518 1936 1682 1976 nemo
1717 1934 1950 1977 mortem
1983 1923 2054 1977 ti-

469 2019 639 2077 meat,
686 2013 886 2066 etenim
917 2011 1170 2067 liberavit
1232 2027 1334 2068 nos
1387 2027 1538 2068 mors
1579 2011 1907 2080 Salvatoris;
1953 2028 2054 2069 ex-

471 2103 664 2158 stinxit
709 2103 885 2168 illam,
930 2121 958 2156 a
994 2119 1102 2174 qua
1145 2103 1324 2159 fuerat
1368 2107 1860 2174 oppressuszvicit
1890 2105 2055 2160 inier-

473 2209 603 2247 num
623 2234 638 2258 ,
671 2195 767 2264 qui
792 2194 859 2250 ad
893 2193 1169 2250 infernum
1201 2194 1517 2251 descendit:
1543 2210 1790 2250 amarum
1819 2196 2056 2252 reddidit

470 2284 658 2352 illum,
684 2285 781 2356 qui
812 2300 1006 2342 carnes
1043 2285 1164 2356 ejus
1189 2295 1521 2357 gustaverat.
1552 2285 1606 2341 Id
1663 2302 2054 2358 praeoccupans

472 2377 640 2432 lsaias
668 2377 992 2433 exclamavit
1023 2394 1038 2433 :
1073 2377 1344 2448 Iit/emus,
1378 2379 1572 2450 inquit,
1611 2395 1827 2434 amarus
1876 2380 2052 2450 [actus

469 2468 662 2535 cum,
701 2469 830 2524 dum
863 2470 958 2524 tibi
1009 2470 1268 2526 deorsum
1317 2471 1776 2542 congrederetur;
1829 2487 2054 2531 amarus

473 2558 651 2616 iactus
677 2571 794 2624 est,
829 2561 958 2631 quia
1007 2563 1409 2632 mortiﬁcatus;
1464 2578 1690 2620 amarus
1729 2563 1905 2620 factus
1947 2575 2050 2632 est,

471 2651 601 2722 quia
629 2652 852 2708 illusum
883 2661 968 2707 est
1011 2653 1100 2720 ei;
1148 2669 1348 2723 corpus
1400 2656 1619 2721 invasit,
1664 2664 1719 2710 et
1757 2655 1947 2712 incidit
1997 2657 2051 2712 in

473 2742 686 2808 Deum;
719 2753 920 2798 terram
952 2745 1334 2814 apprehendit,
1363 2754 1420 2800 et
1452 2747 1507 2800 in
1538 2747 1741 2802 caelum
1777 2749 2049 2807 incurrit:

471 2833 834 2902 apprehendit
867 2848 1031 2904 quem
1068 2835 1309 2903 videbat,
1342 2845 1398 2892 et
1433 2837 1638 2894 decidit
1672 2839 1814 2894 unde
1839 2842 2052 2896 nescie-

475 2927 586 2982 bat.
632 2925 754 2993 Ubi,
818 2944 852 2982 ο
898 2944 1062 2996 mors,
1115 2930 1366 2985 stimulus
1413 2940 1534 2987 tuus
1562 2934 1589 2987 7
1655 2934 1778 2999 ubi,
1827 2935 2048 3005 inferne,

2142 470 2263 525 της,
2297 455 2516 526 δέχεται
2543 454 2635 508 τὸν
2670 455 2900 526 ἔσχατον
2923 457 3176 529 καθάπερ
3201 456 3295 510 τὸν
3323 458 3563 530 πρῶτον·
3593 463 3736 517 ἀνα-

2147 547 2313 604 παύει
2363 548 2455 602 τὸν
2499 548 2600 620 τῆς
2627 549 2943 620 ἑνδεκάτης,
2975 548 3051 612 ὡς
3076 549 3168 604 τδν
3198 551 3578 622 ἐργασάμενον
3617 555 3735 608 άπὸ

2144 638 2248 711 τῆς
2273 637 2497 712 πρώτης
2518 656 2532 672 ·
2578 639 2674 693 καὶ
2702 639 2795 694 τὸν
2826 639 3056 712 ὕστερον
3083 641 3244 706 ἐλεεῖ,
3270 643 3366 696 καὶ
3388 642 3482 696 τδν
3510 643 3736 715 πρῶτον

2149 729 2480 802 θεραπεύει·
2536 729 2773 801 κάκείνῳ
2809 729 3015 795 δίδωσι,
3052 731 3146 784 καὶ
3189 731 3365 802 τούτῳ
3407 734 3730 804 χαρίζεται·

2148 821 2244 875 καὶ
2274 821 2344 874 τά
2391 820 2528 894 ἔργα
2560 820 2795 892 δέχεται,
2827 821 2923 876 καὶ
2970 821 3073 893 τὴν
3100 819 3328 894 γνώμην
3373 825 3730 888 ἀσπάζεται·

2150 911 2244 966 καὶ
2257 909 2356 984 τὴν
2382 912 2580 982 πρᾶξιν
2609 913 2763 982 τιμᾷ,
2783 912 2877 966 καὶ
2906 911 3006 983 τὴν
3039 913 3298 984 πρόθεσιν
3321 914 3554 968 ἐπαινεῖ.
3586 917 3738 970 οὐκ-

2149 1002 2243 1057 οῦν
2289 1003 2560 1058 είσέλθετε
2607 1004 2812 1067 πάντες
2863 1006 2945 1068 είς
3007 1004 3108 1076 τὴν
3152 1004 3328 1076 χαράν
3384 1006 3480 1061 τοῦ
3515 1009 3734 1078 Κυρίου

2149 1093 2308 1164 ἡμῶν
2331 1106 2346 1122 ο
2381 1095 2472 1147 καὶ
2502 1093 2711 1164 πρῶτοι
2749 1093 2848 1147 καὶ
2885 1093 3133 1166 δεύτεροι
3165 1094 3256 1148 τὸν
3299 1094 3492 1164 μισθὸν
3523 1096 3738 1150 άπολὰυ

2151 1185 2297 1238 ϐετε·
2321 1185 2566 1240 πλούσιοι
2585 1187 2680 1240 καὶ
2711 1187 2966 1258 πένητες,
2990 1186 3108 1258 μετ’
3131 1186 3378 1257 ἀλλήλων
3397 1187 3698 1261 χορεύσατε
3715 1204 3734 1218 ⁸

2151 1276 2440 1346 ἐγκρατεῖς
2473 1275 2569 1330 καὶ
2621 1275 2880 1348 ρᾲθυμοι,
2922 1277 3021 1348 τὴν
3061 1276 3278 1347 ἡμέραν
3327 1281 3599 1348 τιμήσατε
3631 1294 3646 1308 ·
3679 1279 3736 1331 οι

2152 1367 2550 1439 νηστεύσαντες
2581 1367 2678 1423 καὶ
2719 1368 2794 1439 μὴ
2821 1366 3237 1440 νηστεύσαντες,
3263 1368 3605 1441 εὐφράνθητε
3635 1370 3738 1440 ση-

2155 1475 2341 1531 μερον·
2379 1459 2413 1530 ἡ
2454 1457 2705 1530 τράπεζα
2732 1461 2930 1529 γέμει,
2959 1459 3276 1532 τρυφήσατε
3321 1460 3540 1523 πάντες·
3569 1461 3599 1513 ό
3631 1459 3736 1530 μό-

2156 1567 2283 1621 σχος
2309 1551 2498 1616 πολὺς,
2528 1551 2718 1623 μηδεὶς
2746 1549 2954 1617 ἐξέλθοι
2985 1552 3185 1605 πεινῶν
3204 1567 3219 1583 ·
3251 1551 3456 1616 πάντες
3493 1551 3740 1606 ἀπολαύ-

2157 1660 2287 1698 σατε
2314 1643 2410 1697 τοῦ
2441 1643 2674 1698 πλούτου
2705 1643 2802 1714 τῆς
2829 1644 3217 1716 χρηστότητος·
3244 1643 3435 1715 μηδεὶς
3460 1642 3735 1714 θρηνείτω

2154 1739 2364 1805 πενίαν,
2395 1737 2568 1809 ἐφάνη
2604 1739 2714 1808 γάρ
2745 1739 2778 1809 ἡ
2807 1738 2962 1809 κοινὴ
3020 1737 3287 1809 βασιλεία·
3323 1737 3510 1808 μηδεὶς
3536 1737 3730 1809 ὀδυρέ-

2155 1830 2270 1886 σθω
2313 1831 2384 1886 τὰ
2416 1832 2762 1902 πταίσματα,
2805 1830 3106 1902 συγγνώμη
3135 1830 3245 1902 γὰρ
3291 1831 3402 1883 ἀπὸ
3431 1829 3524 1885 τοῦ
3551 1830 3730 1898 τάφου

2153 1923 2422 1979 ἀνέτειλεν
2441 1937 2456 1954 ·
2486 1921 2677 1992 μηδεὶς
2715 1920 2986 1990 φοϐείσθω
3014 1922 3105 1976 τὸν
3139 1921 3395 1987 θάνατον,
3422 1921 3732 1993 ἠλευθέρω-

2154 2032 2249 2069 σεν
2303 2014 2413 2086 γὰρ
2454 2015 2602 2085 ἡμᾶς
2650 2016 2678 2068 ό
2733 2011 2830 2067 τοῦ
2880 2014 3135 2089 Σωτῆρος
3186 2013 3448 2078 θάνατος·
3500 2014 3732 2066 ἔσϐεσεν

2153 2108 2315 2162 αὐτὸν
2361 2107 2454 2160 ὑπ’
2473 2105 2642 2161 αὐτοῦ
2675 2106 3043 2179 κατεχόμενος
3075 2125 3092 2140 ·
3143 2107 3380 2162 ἐκώλυσε
3408 2107 3502 2160 τὸν
3533 2105 3666 2178 ᾅδην
3699 2104 3731 2158 6

2151 2200 2430 2255 κατελθὼν
2457 2201 2537 2265 είς
2562 2201 2652 2255 τὸν
2689 2200 2843 2273 ᾅδην·
2875 2203 3172 2272 ἐπίκρανεν
3202 2201 3366 2255 αὐτὸν
3390 2201 3728 2270 γευσάμενον

2150 2293 2251 2362 τῆς
2301 2291 2504 2362 σαρκὸς
2549 2291 2719 2345 αὐτοῦ
2747 2307 2762 2324 ·
2815 2291 3098 2347 καὶτοῦτο
3144 2289 3434 2364 προλαϐὼν
3478 2289 3724 2353 Ἡσαΐας,

2151 2381 2410 2454 ἐϐόησεν·
2453 2381 2510 2434 '0
2545 2379 2715 2448 ᾅδης,
2771 2381 2958 2452 φησὶν,
2992 2381 3340 2450 ἐπικράνθη,
3391 2379 3730 2446 συναντήσας

2153 2491 2237 2528 σοι
2266 2473 2440 2530 κάτω·
2466 2473 2797 2546 ἐπικράνθη,
2817 2473 2911 2526 καὶ
2939 2471 3048 2544 7&9
3070 2469 3368 2543 ἐνεκρώθη·
3397 2469 3726 2540 ἐπικράνθη,

2151 2567 2248 2622 καὶ
2273 2567 2385 2638 7&9
2412 2565 2713 2638 ἐνεπαίχθη
2743 2581 2757 2596 ·
2788 2565 2950 2620 ἔλαϐε
2983 2563 3164 2636 σῶμα,
3201 2565 3298 2618 καὶ
3327 2562 3448 2634 Θεῷ
3476 2562 3729 2632 περιέτυ-

2151 2675 2266 2731 χεν·
2301 2659 2482 2733 [ἐλαϐε
2520 2659 2644 2729 γῆν,
2695 2659 2792 2712 καὶ
2838 2658 3166 2730 συνήντησεν
3217 2653 3484 2734 ούρανῷ.]
3537 2653 3730 2708 ἐλαϐεν

2150 2753 2286 2824 ὅπερ
2314 2751 2560 2817 ἔϐλεπεν,
2591 2751 2684 2804 καὶ
2710 2749 3002 2804 πέπτωκεν
3022 2748 3147 2803 ὅθεν
3175 2748 3276 2802 ούκ
3317 2747 3574 2800 ἔϐλεπεν.
3602 2745 3730 2799 Ποῦ

2149 2860 2292 2911 σου,
2315 2843 2553 2909 θάνατε,
2575 2845 2642 2897 τὸ
2666 2841 2956 2910 κέντρον;
2985 2841 3104 2896 ,ποῦ
3120 2857 3260 2904 σου,
3277 2839 3410 2907 ᾅδη,
3427 2839 3494 2893 τὸ
3518 2839 3690 2903 νῖκος
3709 2854 3728 2901 ,'

2163 2933 2389 3006 Ἀνέστη
2430 2935 2684 3005 Χριστὸς,
2725 2935 2819 2988 καὶ
2848 2930 3173 2986 πεπτώκασι
3217 2931 3497 3002 δαίμονες·
3527 2931 3730 3000 ἀνέστη

471 3018 697 3074 victoria
731 3028 826 3073 tua
853 3019 938 3075 “'l
964 3018 1288 3078 Resurrexit
1316 3022 1589 3089 Christus,
1629 3034 1686 3081 et
1731 3027 2047 3084 ceciderunt

2150 3026 2404 3098 Χριστὸς,
2453 3026 2550 3080 καὶ
2597 3025 2880 3096 χαίρουσιν
2909 3023 3130 3093 ἄγγελοι
3159 3038 3174 3054 ⁸
3231 3023 3433 3093 ἀνέστη
3471 3022 3728 3091 Χριστὸς,

473 3109 755 3166 daemones
787 3128 803 3166 :
834 3114 1138 3168 resurrexit
1163 3113 1436 3182 Christus,
1461 3125 1518 3171 et
1545 3117 1798 3174 latantur
1823 3120 2000 3190 angeli
2028 3135 2044 3176 :

476 3204 780 3258 resurrexit
801 3202 1076 3266 Christus.
1110 3215 1166 3261 et
1187 3205 1296 3263 vita
1327 3208 1469 3264 inter
1490 3210 1740 3269 homines
1762 3223 2044 3270 versatur:

476 3296 780 3350 resurrexit
815 3295 1092 3364 Christus,
1140 3307 1197 3353 et
1246 3314 1408 3355 nemo
1437 3310 1683 3359 mortuus
1713 3303 1768 3359 in
1821 3305 2048 3362 tumulis

469 3385 637 3457 jacet.
685 3387 940 3444 Christus
982 3389 1128 3445 enim
1175 3406 1471 3464 resurgens
1503 3409 1570 3449 ex
1600 3397 1836 3453 mortuis
1869 3397 2048 3455 factus

471 3489 559 3537 est
591 3481 981 3538 dormientium
1034 3484 1331 3540 inchoatio.
1379 3487 1642 3544 Dominus
1694 3504 1762 3546 ex
1815 3493 2048 3548 mortuis

474 3572 797 3638 resurrexit,
850 3583 906 3629 et
959 3589 1086 3630 cum
1141 3591 1208 3631 eo
1263 3576 1436 3633 multa
1493 3588 1811 3635 sanctorum
1866 3582 2044 3638 turba.

469 3662 694 3719 Festum
719 3665 1057 3722 celebremus
1081 3667 1322 3724 suaviter
1351 3678 1408 3724 et
1440 3671 1683 3727 modeste
1710 3688 1726 3727 :
1757 3673 1872 3730 hac
1898 3675 2046 3729 enim

471 3773 598 3812 vere
629 3758 748 3814 dies
785 3767 870 3814 est
905 3774 1069 3830 quam
1114 3759 1243 3818 fecit
1287 3762 1575 3830 Dominus;
1621 3766 1957 3823 exsultemus
1993 3779 2048 3824 et

470 3851 720 3906 laetemur
747 3851 802 3906 in
827 3867 891 3907 ea
921 3870 936 3907 :
968 3853 1328 3924 prmdicemus
1350 3857 1656 3914 Servatoris
1686 3860 2048 3916 resurrectio-

468 3957 619 4010 nem,
673 3945 784 3999 imo
824 3946 1007 4015 potius
1060 3947 1356 4003 salvationi
1411 3958 1616 4005 nostrae
1670 3951 2044 4020 plaudamus:

467 4036 829 4107 praedicemus
856 4039 1114 4094 salutaris
1140 4040 1246 4096 diei
1271 4042 1873 4107 commemorationem,
1907 4059 2048 4115 pra»

466 4131 712 4185 dicemus
759 4130 962 4188 diaboli
1007 4131 1511 4200 mortiﬁcationem,
1557 4133 1900 4204 impurorum
1931 4137 2044 4192 dae-

465 4234 693 4275 monum
720 4222 1115 4290 captivitatem,
1139 4221 1583 4279 Christianorum
1616 4226 1872 4294 salutem,
1901 4242 2046 4282 mor-

2150 3117 2246 3171 καὶ
2276 3117 2390 3188 ζωὴ
2420 3115 2760 3170 πολιτεύεται
2784 3130 2800 3147 ·
2849 3115 3048 3188 ἀνέστη
3087 3115 3344 3186 Χριστὸς,
3395 3114 3490 3167 καὶ
3535 3113 3729 3183 νεκρὸς

2148 3208 2325 3274 οὐδεὶς
2357 3208 2451 3264 ἐπὶ
2491 3211 2790 3280 μνήματος.
2849 3207 3081 3279 Χριστὸς
3115 3207 3222 3280 γάρ
3277 3205 3525 3277 ἐγερθεὶς
3553 3205 3617 3258 ἐκ
3650 3221 3731 3257 νε-

2148 3303 2320 3374 κρῶν,
2368 3301 2594 3374 ἀπαρχὴ
2623 3300 2731 3355 τῶν
2759 3301 3182 3372 κεκοιμημένων
3221 3301 3436 3368 ἐγένετο
3465 3299 3543 3369 (ι)
3563 3315 3578 3330 ·
3611 3299 3731 3353 Κύ-

2151 3412 2265 3467 ριος
2315 3395 2383 3448 ἐκ
2429 3393 2640 3466 νεκρῶν
2683 3393 3018 3466 ἐγήγερται,
3070 3391 3166 3447 καὶ
3202 3389 3507 3464 μετάύτοῦ
3561 3390 3729 3455 πολὺς

2148 3485 2307 3558 ὄχλος
2342 3485 2535 3556 άγίων.
2585 3485 2968 3556 Ἐορτάσωμεν
2989 3483 3164 3555 ἡδέως
3190 3500 3252 3536 τε
3274 3484 3369 3537 καὶ
3395 3481 3690 3553 σωφρόνως
3710 3498 3725 3513 ⁶

2147 3577 2288 3650 αῦτη
2314 3579 2424 3650 7&9
2451 3577 2668 3648 άληθῶς
2713 3578 2746 3648 ἡ
2787 3577 2972 3650 ἡμέρα
2999 3577 3066 3649 ἢν
3111 3575 3366 3644 ἐποίησεν
3415 3575 3444 3628 ό
3499 3572 3727 3643 Κύριος·

2149 3665 2608 3737 άγαλλιασώμεθα
2646 3666 2740 3720 κα)⁸
2777 3664 3174 3737 εὐφρανθῶμεν
3199 3666 3256 3718 ἐν
3283 3666 3443 3735 αὐτῇ·
3469 3663 3727 3735 κηρύξω-

2151 3776 2252 3832 μεν
2298 3759 2399 3831 τὴν
2462 3757 2560 3813 τοῦ
2612 3759 2864 3831 Σωτῆρος
2899 3758 3219 3816 ἀνάστασιν.
3262 3756 3464 3827 μᾶλλον
3517 3755 3576 3810 δέ
3626 3755 3727 3827 τὴν

2147 3852 2424 3926 ἡμετέραν
2454 3852 2743 3924 βοήσωμεν
2782 3851 3084 3921 σωτηρίαν·
3121 3851 3450 3922 κηρύξωμεν
3487 3849 3590 3919 τῆς
3620 3864 3729 3902 σω-

2145 3946 2338 4018 τηρίου
2363 3944 2581 4017 ἡμέρας
2601 3944 2700 4015 τὴν
2739 3943 3081 4015 ὑπόμνησιν·
3123 3941 3451 4013 κηρύξωμεν
3496 3941 3597 4014 τὴν
3641 3941 3728 3994 νέο

2148 4056 2360 4110 κρωσιν
2390 4038 2486 4092 τοῦ
2517 4037 2788 4102 διαϐόλου,
2817 4037 2916 4108 τὴν
2946 4036 3057 4090 τῶν
3086 4035 3414 4106 ἀκαθάρτων
3451 4033 3726 4105 δαιμόνων

2146 4133 2550 4205 αἰχμαλωσίαν,
2581 4130 2679 4202 τὴν
2736 4130 2847 4183 τῶν
2888 4128 3230 4201 Χριστιανῶν
3274 4128 3570 4200 σωτηρίαν,
3621 4129 3724 4199 τὴν

2144 4227 2255 4280 τῶν
2299 4225 2511 4296 νεκρῶν
2555 4225 2883 4278 ἀνάστασιν·
2939 4221 3031 4276 διά
3089 4221 3200 4293 7&9
3236 4221 3336 4292 τῆς
3373 4220 3726 4283 ἀναστάσεως

470 4319 687 4366 tuorum
716 4313 1219 4368 resuscitationem.
1248 4311 1389 4368 Nam
1416 4313 1619 4370 Christi
1643 4331 1764 4370 resu
1777 4319 2045 4373 rrcctione

2149 4317 2240 4371 τοῦ
2282 4314 2520 4388 Χριστοῦ
2560 4314 2846 4368 σϐέννυται
2871 4312 2970 4383 μὲν
2994 4313 3190 4380 γέεννα
3226 4309 3421 4382 πυρὸς,
3446 4308 3665 4379 σκώληξ
3696 4310 3726 4362 ό

461 4402 732 4472 gehennae
769 4403 913 4474 ignis
945 4405 1331 4475 exstinguitur,
1377 4408 1579 4462 vermis
1610 4421 1904 4478 perpetuus
1929 4426 2044 4464 mo-

2149 4386 2447 4476 ἀκοίμητος
2492 4402 2740 4474 τελευτᾷ,
2767 4399 2898 4472 ᾷδης
2932 4399 3280 4471 ταράττεται,
3319 4397 3508 4450 πενθεῖ
3541 4395 3702 4449 διάϐο

469 4493 628 4559 ritur,
671 4494 923 4552 infernus
953 4497 1228 4565 turbatur,
1276 4498 1426 4569 luget
1458 4500 1732 4565 diabolus,
1758 4513 2041 4571 peccatum

464 4583 782 4654 perimitur,
843 4585 971 4638 mali
1028 4587 1258 4655 spiritus
1308 4587 1590 4658 fugantur,
1646 4598 1934 4645 terrestres
1987 4592 2041 4646 in

463 4675 668 4731 celum
718 4675 1136 4742 conscendunt,
1198 4676 1414 4732 inferno
1461 4679 1662 4733 detenti
1719 4681 2046 4736 emittuntur

467 4765 670 4820 diaboli
696 4767 954 4828 vinculis.
979 4778 1143 4838 atque
1166 4769 1232 4822 ad
1263 4767 1434 4824 Deum
1457 4770 1834 4839 confugientes
1857 4771 2042 4826 aiunt:

470 4853 697 4910 Ubinam
744 4867 888 4922 tum,
910 4873 942 4912 ο
969 4873 1131 4924 mors,
1171 4857 1422 4912 stimulus
1449 4859 1475 4914 ?
1502 4858 1718 4913 ubinam
1755 4867 1868 4925 tua,
1899 4875 1929 4914 ο
1959 4861 2044 4914 in-

469 4949 637 5015 ferne,
676 4949 896 5004 victoria
917 4949 944 5004 .’

537 5035 593 5090 ⁸5.
619 5037 730 5108 Age
763 5055 894 5096 vero
926 5042 1088 5097 nobis
1110 5040 1280 5096 divini
1309 5041 1475 5112 hujus
1510 5041 1631 5098 festi
1663 5043 2038 5115 solemnisque

465 5129 748 5184 concionis
779 5141 969 5186 auctor
998 5142 1082 5189 est
1104 5132 1378 5199 Christus,
1409 5135 1502 5204 qui
1529 5144 1581 5190 et
1611 5135 1856 5191 omnium
1883 5137 2040 5192 nobis

470 5221 736 5276 honorum
781 5224 1013 5280 donator
1035 5236 1138 5282 est.
1169 5226 1220 5284 Is
1265 5226 1408 5282 enim
1446 5227 1559 5298 jam
1593 5229 1719 5284 inde
1764 5229 1833 5285 ab
1880 5229 2039 5286 initio

464 5459 469 5462 γ
543 5377 610 5411 ¹¹⁶
648 5375 756 5434 lsa.
809 5394 937 5442 xlv,
980 5380 1034 5435 9.
1113 5381 1154 5412 ¹¹
1197 5381 1218 5434 ι
1259 5380 1387 5436 Cor.
1429 5397 1520 5448 xv,
1558 5382 1650 5438 55.

547 5513 625 5586 (4)
664 5513 937 5572 Hactenus
959 5515 1391 5589 Chrysostomus
1423 5518 1474 5573 in
1505 5519 1741 5575 editione
1772 5518 2040 5577 Maurina.

479 5585 865 5658 VeImntamen
897 5589 1036 5658 apud
1068 5585 1318 5642 nostrum
1349 5589 1618 5644 Studitam
1643 5592 1858 5646 videtur
1879 5592 2041 5658 paulo

473 5656 688 5725 longius
714 5656 980 5728 progredi.
1012 5659 1281 5716 Catcrutn
1315 5661 1559 5727 ubinam,
1593 5672 1841 5720 cessante
1867 5656 2043 5733 Chry-

2139 4498 2231 4562 λος
2253 4537 2268 4562 ,
2302 4496 2546 4569 ἁμαρτία
2584 4494 2874 4566 νεκροῦται
2894 4535 2910 4560 ,
2939 4491 3230 4563 πνεύματα
3257 4489 3472 4560 πονηρά
3499 4487 3726 4542 διώκον-

2138 4605 2254 4654 ται,
2297 4590 2348 4641 οἱ
2400 4587 2512 4642 ἀπὺ
2541 4587 2646 4657 γῆς
2687 4586 2768 4650 είς
2803 4585 3067 4657 οὐρανοὺς
3102 4582 3518 4655 ἀνατρέχουσιν,
3573 4579 3625 4632 οι
3663 4581 3725 4632 ἐν

2140 4681 2218 4752 τῷ
2247 4679 2352 4754 ᾅδῃ
2381 4679 2793 4750 ἐλευθεροῦνται
2827 4677 2934 4733 τῶν
2955 4675 3169 4748 δεσμῶν
3195 4675 3288 4730 τοῦ
3316 4673 3588 4739 διαϐόλου,
3623 4673 3723 4725 καὶ

2141 4773 2262 4843 Θεῷ
2307 4771 2751 4842 προσφεύγοντες
2772 4771 2992 4840 λέγουσι
3027 4768 3107 4840 τῷ
3134 4767 3394 4839 διαϐόλῳ·
3425 4765 3550 4821 Ποῦ
3577 4780 3720 4831 σου,

2149 4866 2388 4932 θάνατε,
2412 4865 2479 4919 τὸ
2507 4865 2790 4933 κέντρον;
2818 4862 2938 4918 ποῦ
2960 4876 3102 4930 σου,
3139 4860 3277 4930 ἅδη,
3312 4860 3382 4914 τὸ
3415 4858 3620 4923 νῖκος;

2230 5039 2290 5111 τ’.
2317 5043 2500 5105 Αῐτιος
2545 5041 2605 5096 δὲ
2639 5043 2772 5112 ἡμῖν
2793 5041 2894 5112 τῆς
2931 5039 3082 5104 θείας
3112 5038 3307 5112 ἐορτῆς
3335 5038 3430 5092 καὶ
3469 5035 3720 5109 πανηγύ-

2149 5150 2289 5205 ρεως
2344 5135 2373 5188 ό
2427 5133 2696 5204 Χριστὸς,
2735 5133 2766 5185 ό
2797 5133 2892 5186 καὶ
2938 5131 3158 5186 πάντων
3194 5131 3328 5201 ημῖν
3382 5127 3490 5183 τῶν
3537 5129 3721 5182 καλῶν

2149 5226 2408 5298 πρόξενος
2431 5239 2446 5255 ⁸
2477 5220 2631 5290 οὗτος
2669 5225 2780 5298 7&9
2808 5226 2903 5281 καὶ
2930 5226 2988 5296 ἐξ
3025 5226 3203 5299 ἀρχῆς
3225 5224 3500 5296 ἐποίησεν,
3532 5225 3596 5277 ἐκ
3621 5220 3720 5276 τοῦ

2151 5531 2418 5586 sostomo,
2463 5528 2704 5576 resumat
2755 5522 3058 5577 orationem
3115 5522 3352 5584 Studita,
3415 5537 3522 5575 non
3580 5520 3717 5576 satis

2150 5592 2415 5664 videog—
2434 5593 2490 5644 ln
2525 5593 2714 5664 codice
2747 5589 3006 5664 Vaticano
3030 5591 3408 5664 Chrysostomi
3439 5591 3718 5664 fragmen-

2151 5673 2266 5717 tum
2295 5661 2509 5716 videtur
2535 5662 2783 5719 desinere
2815 5662 2956 5719 infra
2987 5664 3039 5718 in
3070 5658 3236 5720 verbo
3264 5658 3429 5728 νῖκος.
