4050 6364
377 406 486 470 713

1331 405 1615 466 ORATIO
1646 406 1743 466 IV.
1782 405 1936 464 -ΙΝ
1967 402 2664 465 ΞΑΝΕΤΗΜΡΑΞΟΗΑ.

3534 406 3642 473 ’714

378 515 458 586 μὴ
502 512 656 576 ὄντος
704 510 785 575 εἰς
834 510 897 567 τὸ
955 505 1096 569 εἶναι
1135 511 1497 581 παρήγαγεν*
1533 506 1689 574 οὗτος
1741 516 1837 565 καὶ
1867 509 1946 563 vin

2067 510 2289 577 creavit,
2316 525 2383 565 ex
2432 511 2606 566 nihilo
2643 510 2710 568 ad
2746 511 3122 569 exsistendum
3150 514 3415 585 produxit
3446 535 3461 573 :
3493 519 3636 575 idem

374 602 786 675 ἀπολλυμένους
837 601 1063 665 ἔσωσεν,
1115 600 1491 672 νεκρωθέντας
1539 600 1812 667 ἐζὼωσεν,
1863 600 1958 655 καὶ

374 698 477 768 τῆς
520 695 615 751 τοῦ
650 693 899 749 διαϐόλου
933 693 1249 764 τυραννίδος
1283 694 1568 764 ἀφείλετοσ
1623 687 1781 758 οὗτος
1833 694 1957 748 δού-

373 790 505 853 λους
554 788 716 851 ὄντας
763 787 914 857 ἡμᾶς
944 786 1045 856 τῆς
1081 786 1381 857 ἁμαρτίας,
1409 786 1726 859 ἐλευθέρους
1759 786 1962 842 ἀνέδει-

375 882 491 950 ξεν,
539 879 828 949 ἐξαλείψας
853 878 919 947 τὸ
944 879 1067 932 καθ’
1086 877 1245 948 ἡμῶν
1276 879 1687 949 χειρόγραφον·.
1720 879 1959 950 Χριστὲς

373 975 523 1046 ἡμᾶς
558 972 895 1045 ἐξηγόρασεν
925 973 990 1025 ὲκ
1026 971 1131 1041 τῆς
1169 969 1542 1042 κατάραςίτοῡ
1574 970 1777 1040 «νόμου,
1802 972 1958 1039 γενό-

377 1083 541 1137 μενος
596 1065 738 1136 ὑπὲρ
771 1064 932 1136 ἡμῶν
967 1061 1187 1133 κατάρα
1212 1077 1227 1091 ·
1256 1062 1342 1131 ἐφ’
1371 1057 1452 1127 οἷς
1480 1063 1630 1128 ἀξιον
1656 1064 1752 1116 καὶ
1806 1066 1958 1133 ἡμᾶς

375 1162 571 1214 εἰπεῖν’
604 1161 666 1215 Τί
692 1157 1201 1229 ἁνταποδὼσομεν
1222 1159 1303 1217 τῶ
1323 1159 1521 1226 Κυρίῳ
1553 1156 1687 1224 περὶ
1714 1156 1959 1215 πάντων

372 1248 463 1308 ὧν
485 1249 914 1308 ἀνταπέδωκεπ
933 1250 1104 1321 mir;
1134 1252 1163 1304 6
1184 1251 1318 1313 Θεὸς
1343 1254 1373 1304 ό
1403 1249 1718 1321 μονογενὴς,
1743 1248 1955 1321 ἀνθρω-

373 1363 478 1408 πος
534 1345 602 1398 δι’
631 1345 782 1415 ἡμᾶς
819 1343 1075 1413 γενέσθαι
1121 1343 1434 1415 εὐδόκησεν,
1468 1340 1565 1396 καὶ
1601 1341 1825 1409 γέγονεν
1844 1342 1959 1394 νύπο

372 1438 536 1507 ήκοος
561 1435 725 1505 μέχρι
756 1434 1009 1497 θανάτου,
1049 1434 1137 1485 ἵνα
1165 1434 1314 1504 ημᾶς
1344 1432 1566 1486 αἰωνίου
1592 1430 1823 1485 θανάτου
1860 1429 1958 1499 ῥύ-

376 1543 539 1596 σηται
566 1525 757 1578 δούλου
791 1524 1004 1595 μορφὴν
1034 1523 1325 1577 ἐνεδύσατο
1366 1524 1395 1575 6
1426 1524 1536 1575 τῶν
1562 1521 1812 1590 ἀγγέλων
1841 1520 1949 1573 K6-

375 1635 511 1689 ριοςο
532 1618 714 1688 σάρκα
734 1616 1111 1686 προσελάϐετο
1130 1617 1157 1669 6
1178 1615 1311 1678 Θεὸς
1330 1616 1524 1683 Λόγος,
1546 1614 1644 1669 καὶ
1670 1613 1766 1669 ave
1776 1630 1956 1686 ρωπος

371 1714 626 1785 ἐφαίνετο
660 1716 691 1767 6
715 1714 1041 1786 σύμμορφος
1067 1714 1163 1767 καὶ
1191 1710 1478 1783 όμοούσιος
1514 1709 1591 1781 τῷ
1619 1710 1825 1781 Πατρί’
1861 1711 1956 1773 καὶ

2052 608 2114 655 et
2146 613 2293 656 nunc
2320 602 2699 668 pessumdatos
2732 603 2982 670 salvavit,
3009 605 3367 664 mortificatos
3397 608 3641 666 viviﬁca-

2061 691 2158 756 vit,
2190 700 2244 749 et
2269 692 2469 749 diaboli
2508 695 2798 765 tyrannide
2829 697 3030 767 eripuit
3060 716 3073 752 :
3111 697 3255 755 idem
3302 716 3405 757 nos
3430 707 3639 773 peccati

2050 797 2249 839 servos
2280 784 2529 841 libertate
2554 786 2801 852 donavit,
2849 788 3040 845 dolens
3070 790 3218 859 quod
3247 793 3511 850 adversus
3538 811 3641 852 nos

2059 882 2179 930 erat
2206 874 2654 946 chir0graphum.
2691 878 2949 937 Christus
2976 882 3111 952 legis
3132 896 3236 939 nos
3258 885 3642 944 maledictione

2046 967 2308 1031 redemit,
2343 967 2518 1025 factus
2546 985 2643 1040 pro
2659 972 2816 1028 nobis
2835 974 3163 1031 maledictio.
3184 976 3428 1043 Quorum
3449 993 3639 1046 causa,

2061 1071 2162 1112 nos
2203 1074 2422 1129 quoque
2461 1060 2641 1117 dicere
2668 1077 2886 1133 aequum
2927 1072 3011 1120 est
3046 1082 3062 1122 :
3102 1066 3247 1133 Quid
3286 1070 3639 1127 retribuemus

2061 1147 2290 1204 Domino
2315 1166 2411 1219 pro
2443 1154 2687 1208 omnibus
2721 1171 2841 1224 qua:
2867 1156 3020 1211 nobis
3057 1159 3305 1215 retribuit
3334 1161 3452 1217 “‘1'
3494 1163 3641 1219 Deus

2059 1238 2232 1298 Filius
2258 1244 2591 1314 unigenitus,
2643 1246 2809 1302 homo
2864 1251 3038 1305 nostri
3069 1253 3240 1321 gratia
3291 1254 3409 1309 fieri
3442 1258 3636 1324 voluit,

2060 1331 2351 1404 factusque
2401 1345 2486 1392 est
2528 1351 2701 1407 usque
2740 1338 2808 1394 ad
2834 1348 3066 1396 mortem
3112 1341 3394 1410 obediens,
3436 1353 3498 1400 ut
3540 1362 3641 1402 nos

2058 1437 2277 1485 uterum
2308 1431 2470 1487 morti
2506 1432 2743 1503 eriperet
2776 1451 2790 1488 :
2824 1436 2966 1490 servi
2995 1434 3229 1491 formam
3252 1438 3431 1493 induit
3457 1441 3642 1495 Domi-

2061 1536 2162 1576 nus
2192 1523 2511 1591 angelorum
2544 1541 2557 1578 :
2601 1540 2821 1580 carnem
2863 1528 3163 1597 assumpsit
3196 1528 3340 1585 Deus
3376 1529 3637 1599 Verbum,

2062 1611 2336 1682 homoque
2366 1616 2621 1683 apparuit
2641 1615 2736 1685 qui
2756 1615 3056 1672 conformis
3082 1628 3135 1675 et
3153 1621 3639 1681 consubstantialis

2061 1702 2206 1759 Patri
2236 1715 2337 1761 est.
2389 1707 2569 1776 Atque
2601 1708 2716 1762 haec
2749 1709 3027 1775 sustinuit,
3059 1720 3121 1766 ut
3156 1711 3362 1780 injusto
3393 1729 3496 1771 nos
3528 1731 3644 1771 ser-

370 1806 548 1861 ταῦτα
587 1806 884 1876 ὑπέμεινεν
915 1806 1003 1860 ἵνα
1031 1805 1184 1876 ἡμᾶς
1214 1805 1307 1857 καὶ
1338 1805 1437 1874 τῆς
1465 1802 1946 1916 ἀδίκουβδουλείας

2059 1794 2191 1849 vitio
2215 1795 2493 1862 liberaret,
2540 1805 2597 1852 et
2625 1796 2851 1853 infamia
2905 1808 3154 1856 exueret.
3197 1799 3406 1858 Idcirco
3444 1819 3642 1874 passus

2058 1894 2140 1916 nisi
2172 1899 2336 1916 ιιι-..ιη
2398 1888 2524 1916 ..ἕο-ι.
2557 1899 2750 1916 anno-..
2784 1907 2799 1916 .
2846 1890 2967 1916 :J....
3019 1893 3177 1916 -d...“
3235 1895 3478 1916 -..__-I.___

369 1896 645 1969 ἐξέληται,
682 1898 779 1952 καὶ
830 1898 928 1967 τῆς
983 1896 1211 1968 ἀτιμίας
1257 1894 1631 1966 λυτρώσηται·
1662 1893 1752 1947 διὰ
1796 1893 1946 1947 τοῦτο

2057 1894 2145 1940 est
2171 1899 2358 1953 carne,
2398 1888 2525 1945 vita:
2555 1899 2750 1945 auctor
2784 1907 2800 1956 ;
2846 1890 2970 1947 ideo
3016 1893 3181 1947 etiam
3232 1895 3503 1965 sepultus,
3544 1900 3638 1967 qui

370 1993 633 2064 ἠνέσχετο
686 1991 852 2061 σαρκὶ
880 1989 910 2042 6
942 1988 1042 2061 τῆς
1075 1989 1226 2061 ζωῆς
1259 1986 1522 2060 ἀρχηγός
1562 1984 1651 2043 διὰ
1677 1984 1835 2039 τοῦτο
1859 1984 1956 2038 καὶ

374 2086 549 2155 ἐτάφη
576 2084 675 2154 τῆς
699 2082 1004 2147 ἀθανασίας
1040 2085 1076 2153 η
1116 2080 1291 2154 πηγὴ,
1321 2081 1408 2134 ἵνα
1432 2081 1548 2143 τοίς
1577 2078 1797 2148 θνητοῖς
1834 2077 1953 2132 ἀεί-

373 2178 488 2232 διον
518 2175 813 2248 χαρίσηται
842 2173 1021 2245 ξωήνο
1074 2174 1172 2229 καὶ
1217 2172 1401 2243 παρῆν
1446 2170 1548 2242 μὲν
1600 2170 1696 2224 ἐπὶ
1725 2170 1825 2240 τῆς
1851 2170 1957 2240 γῆς

372 2265 701 2339 εὐεργετῶν,
728 2265 820 2320 καὶ
853 2264 1082 2336 ἰώμενος
1112 2264 1294 2319 πάντα
1320 2264 1390 2316 τὰ
1422 2260 1571 2331 πάθη
1599 2261 1712 2315 τῶν
1744 2258 1957 2330 ἀνθρὼ-

369 2376 512 2425 πων,
540 2358 766 2426 ἀναξίας
809 2358 871 2413 δὲ
905 2357 1015 2412 ὑπὸ
1042 2356 1152 2412 τῶν
1194 2356 1485 2427 θεομάχων
1514 2353 1789 2408 Ἰουδαίων
1818 2354 1953 2407 ὐπο-

366 2452 644 2522 λαμόἀνει
683 2451 783 2514 τὰς
802 2448 1073 2521 ἀμοιϐάςσΔ
1099 2450 1129 2502 6
1161 2447 1262 2519 μὲν
1290 2446 1402 2518 γάρ
1432 2445 1639 2518 Κύριος
1664 2444 1823 2518 ήμῶν
1844 2445 1952 2515 ’1η-

368 2543 500 2607 σοῢς
525 2543 762 2614 Χριστὸς
788 2542 877 2597 διά
906 2540 1108 2612 πολλὴν
1140 2539 1456 2610 ἀγαθότητα
1484 2538 1728 2609 λεπροὺς
1758 2536 1954 2593 ἐκαθά-

368 2649 545 2705 ρισεν,
574 2632 796 2700 τυφλοῖς
843 2631 906 2684 τὸ
957 2631 1178 2702 βλέπειν
1209 2628 1528 2700 ἐχαρίσατο,
1590 2626 1955 2691 ἀσθενοῦντας

367 2723 765 2795 ἐθεράπευσεν,
796 2722 1060 2793 δαίμονας
1100 2720 1401 2792 ἀπήλασεν,
1451 2718 1545 2772 τὸν
1585 2717 1838 2789 Λάζαρον
1864 2733 1956 2771 τε·

362 2818 681 2888 τραήμερον
732 2817 799 2869 ἐκ
843 2814 956 2868 τῶν
1005 2813 1216 2885 νεκρῶν
1249 2813 1495 2883 ἤγειρεν,
1532 2810 1631 2866 καὶ
1676 2812 1740 2863 ἐκ
1788 2810 1953 2863 πέντε

363 2909 550 2980 ἄρτων
601 2905 1077 2976 πεντακισχιλίους
1132 2903 1432 2974 ἐχόρτασεν
1456 2917 1471 2933 ο
1532 2900 1626 2953 ἐπὶ
1675 2897 1955 2966 θαλάσσης

365 2996 797 3069 περιεπάτησεν,
840 2995 903 3049 τὸ
941 2992 1088 3063 ὕδωρ
1112 2993 1193 3058 είς
1214 2987 1356 3044 οἶνον
1392 2986 1709 3060 μτὲὃαλεν,
1745 2985 1845 3055 τὴν
1870 2986 1956 3038 ai-

366 3086 713 3159 μορῤοοῦσαν
736 3088 948 3152 ίάσατο,
972 3083 1073 3156 τὴν
1107 3081 1387 3152 θυγατέρα
1429 3078 1527 3134 τοῦ
1565 3077 1952 3149 ἀρχισυναγώ-

2057 1976 2183 2032 fons
2236 1989 2355 2035 erat
2403 1980 2858 2049 immortalitatis,
2899 1993 2959 2038 ut
2997 1986 3324 2044 mortalibus
3372 2002 3637 2046 aeternam

2055 2063 2348 2137 largiretur
2379 2070 2567 2125 vitam.
2605 2071 2672 2127 Et
2708 2073 2754 2128 is
2776 2074 2993 2144 quidem
3026 2076 3081 2130 in
3128 2078 3336 2134 mundo
3365 2080 3467 2134 fuit
3504 2081 3642 2138 bene

2053 2154 2264 2214 faciens
2312 2168 2368 2215 et
2402 2171 2630 2218 cunctas
2683 2158 2969 2220 hominum
3004 2180 3209 2223 sanans
3261 2165 3639 2239 inﬁrtititates,

2056 2249 2312 2320 indignas
2341 2261 2521 2308 tamen
2563 2269 2595 2309 a
2627 2254 2723 2310 Dei
2760 2257 3008 2314 hostibus
3036 2257 3244 2317 ludatis
3284 2264 3491 2333 gratias
3544 2281 3637 2321 re-

2056 2337 2198 2392 tulit.
2242 2337 2406 2395 Certe
2432 2340 2700 2399 Dominus
2737 2355 2927 2401 noster
2949 2346 3110 2405 Jesus
3135 2350 3393 2409 Christus
3421 2367 3640 2426 propter

2057 2432 2285 2487 multam
2330 2448 2483 2489 suam
2517 2436 2811 2493 bonitatem
2858 2439 3103 2509 leprosos
3132 2446 3437 2516 mundavit,
3477 2451 3639 2506 caecis

2057 2523 2236 2579 visum
2260 2526 2469 2594 tribuit,
2501 2545 2677 2601 aegros
2704 2536 2938 2600 sanavit,
2967 2534 3246 2595 daemones
3275 2542 3508 2612 expulit,
3534 2543 3638 2597 La-

2058 2634 2247 2673 zarum
2274 2621 2697 2689 quatriduanum
2725 2639 2793 2680 ex
2821 2628 3055 2683 mortuis
3078 2634 3372 2697 revocavit,
3396 2642 3451 2689 et
3479 2639 3637 2706 quin-

2054 2723 2165 2778 que
2186 2710 2417 2780 panibus
2436 2713 2680 2782 quinque
2703 2715 2984 2771 hominum
3037 2720 3207 2776 millia
3234 2728 3521 2795 saturavit,
3546 2742 3639 2783 su-

2057 2812 2153 2867 pra
2184 2814 2335 2854 mare
2356 2803 2674 2868 ambulavit,
2694 2819 2889 2875 aquam
2911 2808 2967 2860 in
2991 2808 3176 2866 vinum
3202 2817 3489 2884 convertit,
3527 2819 3637 2875 ha:-

2056 2891 2411 2948 morrhoissas
2428 2895 2659 2961 ,mulieri
2683 2898 3007 2956 medicinam
3047 2900 3195 2969 fecit,
3219 2906 3637 2981 archisynagogi

2056 2982 2221 3039 filiam
2244 2984 2570 3040 exstinctam
2593 2987 2716 3042 vita:
2735 2989 2995 3045 restituit.
3019 2991 3090 3047 At
3112 2990 3311 3063 Juda'i,
3339 2996 3542 3054 invidia
3574 3015 3639 3056 ac

2054 3074 2230 3130 livore
2271 3077 2526 3144 permoti,
2577 3080 2740 3134 modo
2792 3096 2921 3137 eum
2958 3082 3232 3154 lapidibus
3286 3092 3636 3159 appetebant.

359 3198 466 3244 γου
496 3180 766 3235 θανοῦσαν
819 3177 1219 3248 ἐζωοποίησεν·
1243 3173 1500 3267 Ἰουδαῖοι
1516 3170 1719 3267 ὑπὸ
1751 3168 1946 3267 φθόνου

2055 3166 2220 3222 modo
2277 3168 2611 3237 praecipitem
2649 3172 2782 3229 dare
2825 3176 3007 3232 conati
3051 3189 3201 3245 sunt,
3247 3189 3530 3251 postremo
3579 3186 3639 3241 in

363 3269 464 3324 καὶ
505 3268 800 3339 βασκανίας
837 3267 1169 3337 κινηθέντες,
1193 3264 1326 3318 ποτὲ
1362 3262 1465 3334 μὲν
1487 3259 1732 3325 ἐλίθαζον
1764 3261 1946 3329 αὑτὸν,

361 3364 500 3417 ποτέ
539 3363 595 3416 δέ
635 3359 1105 3433 κατακρημνίζειν
1151 3356 1478 3429 ἐπειρῶντο,
1526 3355 1845 3410 τελευταῖον
1890 3355 1948 3408 δὲ

359 3456 466 3511 καὶ
489 3456 581 3510 ἐπὶ
603 3454 700 3510 τὸν
725 3453 959 3525 σταυρὸν
987 3452 1216 3523 ἤγαγον.
1816 3498 1819 3499 ν

434 3548 496 3602 δ’.
532 3547 674 3601 Ἀλλ’
696 3548 725 3599 6
751 3545 954 3616 Κύριος
979 3542 1139 3615 ἡμῶν
1162 3541 1376 3614 Ἰησοῦς
1405 3541 1643 3613 Χριστὸς
1670 3541 1772 3595 οὐκ
1817 3543 1944 3610 ἐμι-

358 3642 581 3713 μήσατο
606 3638 716 3692 τῶν
744 3637 1084 3708 βλασφήμων
1116 3634 1391 3688 Ἰουδαίων
1424 3633 1524 3706 τὴν
1556 3630 1777 3697 κακίαν,
1807 3631 1945 3685 ἀλλὰ

354 3735 463 3788 καὶ
493 3732 585 3785 τὸν
612 3731 782 3786 νῶτον
814 3731 984 3784 ἐδίδου
1011 3731 1090 3793 είς
1123 3730 1397 3800 μάστιγας
1428 3727 1575 3781 κατὰ
1597 3727 1690 3779 τὸν
1726 3726 1945 3797 προφή-

349 3844 484 3898 την,
520 3826 752 3889 καὶτὰς
808 3823 1063 3891 σιαγόνας
1107 3820 1275 3876 αὐτοῦ
1320 3823 1403 3883 εἰς
1451 3819 1797 3891 ῥαπίσματα,
1847 3819 1944 3873 καὶ

349 3916 463 3967 οὐκ
493 3912 839 3983 ἀπέστρεψεν
887 3913 951 3965 τὸ
993 3912 1288 3982 πρόσωπον
1320 3908 1489 3964 αὐτοῦ
1538 3908 1649 3963 ἀπὸ
1678 3908 1943 3980 αίσχύνης

350 4004 768 4075 ἐμπτυσμάτων
793 4020 807 4036 ·
858 4005 954 4059 καὶ
1009 4003 1071 4058 τὸ
1115 4004 1452 4067 τελευταῖον,
1493 4002 1590 4068 Ὧς
1641 4004 1943 4071 πρόϐατον

348 4099 458 4151 ἐπὶ
491 4097 740 4167 σφαγὴν
785 4096 967 4166 ἤχθη,
1022 4095 1122 4151 καὶ
1176 4095 1258 4162 ὡς
1303 4094 1494 4162 ἀμνὸς
1524 4093 1804 4149 ἐναντίον
1832 4094 1941 4149 τοῦ

349 4191 673 4258 κείραντος
704 4189 893 4244 αὐτὸν
918 4189 1178 4259 ἄφωνος,
1205 4189 1307 4243 ούκ
1340 4186 1818 4257 ἀντιτασσόμενος,
1837 4187 1940 4241 ούκ

348 4282 658 4351 ἀντιλέγων
680 4298 693 4311 ·
730 4281 1224 4353 βλασφημούμενος
1253 4280 1356 4334 οὐκ
1394 4280 1793 4350 ἀντελοιδόρει,
1828 4279 1939 4335 πά-

352 4388 512 4441 σχων
544 4372 642 4424 οὐκ
661 4372 899 4441 ἠπείλει,
928 4371 1219 4441 παρεδίδου
1241 4370 1300 4425 δὲ
1328 4370 1522 4425 ἐαυτὸν
1545 4370 1625 4441 τῷ
1655 4369 1895 4442 κρίνοντι
1918 4384 1935 4402 ’

348 4464 417 4515 οὐ
455 4463 559 4532 γάρ
584 4460 751 4532 ἦλθεν
778 4463 875 4515 ἐπὶ
903 4464 968 4533 τῇ
1004 4460 1195 4533 πρώτη
1232 4461 1510 4533 παρουσίᾳ
1556 4461 1789 4516 κολάσαι
1839 4462 1939 4517 καὶ

2056 3275 2273 3317 crucem
2305 3270 2552 3333 egerunt.

2124 3531 2180 3586 4.
2230 3531 2617 3591 Verumtamen
2660 3535 2927 3595 Dominus
2970 3552 3155 3599 noster
3188 3542 3353 3604 Jesus
3383 3546 3639 3607 Christus

2055 3634 2261 3681 nonest
2286 3625 2529 3682 imitatus
2547 3628 2992 3698 blasphemorum
3009 3631 3322 3693 Judaeorum
3347 3640 3635 3705 malitiam,

2052 3713 2147 3768 sed
2184 3714 2412 3771 dorsum
2459 3716 2689 3789 ﬂagellis
2719 3722 2940 3789 obtulit,
2979 3733 3041 3779 ut
3083 3726 3161 3781 ait
3189 3730 3455 3801 propheta
3485 3734 3547 3798 ¹³,
3584 3745 3640 3789 et

2054 3808 2303 3865 maxillas
2343 3811 2539 3880 alapis,
2573 3827 2753 3884 neque
2782 3814 2978 3873 faciem
3009 3833 3039 3873 a
3076 3829 3363 3890 sputorum
3392 3823 3638 3882 fteditate

2050 3900 2245 3956 avertit
2276 3919 2291 3957 :
2322 3903 2557 3975 denique
2581 3916 2836 3977 tanquam
2864 3911 2974 3967 ovis
3005 3912 3076 3967 ad
3105 3914 3418 3971 occisionem
3445 3920 3634 3973 ductus

2044 4003 2146 4060 est,
2167 4004 2216 4051 et
2239 3995 2375 4051 velut
2401 4012 2570 4068 agnus
2595 4014 2773 4057 coram
2791 4005 3102 4063 tondentes:
3127 4005 3388 4065 obmutuit
3417 4010 3482 4075 ",
3524 4028 3632 4067 non

2048 4087 2332 4154 resistens,
2365 4105 2473 4147 non
2496 4092 2879 4151 contradicens
2904 4111 2919 4151 :
2945 4096 3301 4168 blasphemiis
3321 4103 3629 4171 perculsus.

2047 4195 2157 4235 non
2208 4181 2455 4238 vicissim
2489 4184 2868 4252 maledicebat.
2910 4188 3123 4257 patiens
3178 4207 3286 4249 non
3331 4195 3630 4251 commina-

2045 4271 2228 4340 batur,
2264 4276 2359 4330 sed
2398 4279 2754 4348 semetipsum
2810 4279 3079 4349 iudicanti
3114 4286 3482 4355 permittebat.
3508 4289 3629 4346 Non

2043 4365 2190 4420 enim
2231 4366 2384 4423 venit
2427 4377 2487 4424 ut
2536 4385 2635 4427 sua
2666 4371 2851 4441 priore.
2890 4377 3179 4444 praesentia
3210 4381 3429 4449 puniret
3464 4392 3629 4453 atque

2043 4457 2402 4515 ulcisceretur
2419 4459 2753 4528 incredulos,
2776 4465 2870 4520 sed
2898 4465 3060 4537 longa
3090 4469 3354 4537 patientia
3379 4482 3627 4528 errantes

347 4553 773 4625 τιμωρήσασθαι
796 4554 923 4618 τοὺς
959 4552 1250 4618 ἀπίστους,
1272 4554 1389 4608 ἀλλ’
1415 4554 1682 4624 ἠθέλησεν
1712 4554 1803 4609 διὰ
1830 4573 1935 4626 μα-

2049 4551 2217 4608 voluit
2244 4553 2313 4609 ad
2348 4555 2632 4611 veritatem
2678 4557 2971 4617 deducere.
3001 4559 3070 4615 Et
3100 4562 3250 4618 disce
3277 4564 3492 4620 Domini
3517 4570 3625 4623 cle-

347 4643 661 4714 κροθυμίας
713 4643 981 4714 ὁδηγῆσαι
1023 4644 1150 4707 τοὺς
1202 4643 1655 4714 πεπλανημένους
1697 4646 1790 4700 ἐπὶ
1839 4646 1939 4717 τὴν

344 4736 618 4806 ἀλήθειαν
643 4751 657 4767 ⁸
705 4737 803 4789 καὶ
831 4735 969 4806 μάθε
992 4737 1088 4790 τοῦ
1121 4736 1329 4807 Κυρίου
1365 4738 1467 4805 τὴν
1495 4736 1809 4809 ἀγαθότητα
1840 4743 1938 4793 καὶ

343 4829 454 4898 τὴν
478 4828 827 4898 χρηστότητα
862 4826 964 4897 τὴν
997 4826 1244 4897 μεγάλην
1266 4842 1282 4858 ο
1328 4826 1716 4899 ἐϐλασφήμουν
1738 4831 1816 4886 είς
1839 4835 1938 4883 αύ-

341 4920 446 4973 τδν
463 4921 512 4970 οί
537 4919 776 4972 Ἰουδαῖοι
806 4919 900 4973 καὶ
925 4918 1111 4986 ἔλεγον
1133 4935 1147 4951 ·
1175 4918 1464 4989 Δαιμόνιον
1494 4918 1660 4990 ἔχεις
1688 4924 1716 4976 6
1740 4922 1797 4975 δέ
1832 4922 1938 4975 Κύ-

348 5025 473 5081 ριος
510 5010 864 5081 μακρόθυμος
884 5010 982 5075 ὢν,
1019 5011 1145 5073 τοὺς
1164 5010 1427 5080 δαίμονας
1444 5011 1552 5065 ἀπὸ
1578 5013 1688 5066 τῶν
1721 5014 1928 5086 ἀνθρὼ-

344 5116 474 5152 πων
531 5099 877 5171 ἀπήλαυνενσ
908 5100 1149 5154 Ἰουδαῖοι
1181 5102 1263 5165 είς
1303 5102 1365 5156 τὺ
1418 5102 1712 5171 πρόσωπον
1762 5103 1926 5157 αὐτοῦ

342 5192 628 5258 ἐνέπτυον,
658 5193 820 5257 αὐτὸς
851 5194 909 5247 δὲ
937 5197 1065 5257 τοὺς
1091 5194 1327 5263 τυφλοὺς
1358 5195 1542 5249 αὐτῶν
1566 5194 1925 5265 ἐθεράπευενο

355 5282 605 5337 Ἰουδαῖοι
636 5284 729 5339 τὸν
758 5284 994 5358 Χριστὸν
1044 5284 1316 5351 ὲλίθαςον,
1351 5288 1380 5340 6
1435 5287 1491 5341 δὲ
1537 5288 1771 5359 Χριστὸς
1815 5289 1929 5352 τοῖς

336 5374 543 5445 χωλοῖς
599 5376 779 5430 αὐτῶν
816 5377 879 5429 τὸ
932 5375 1171 5446 βαδίζειν
1203 5377 1489 5446 ἐχαρίζετο
1514 5394 1529 5409 ο
1570 5377 1667 5431 καὶ
1703 5377 1772 5430 δι’
1805 5377 1928 5431 ὅλου

333 5468 648 5522 διετέλεσεν
683 5469 984 5541 εὐεργετῶν
1009 5470 1136 5533 τοὺς
1162 5466 1507 5540 ὑϐρίζοντας,
1542 5469 1636 5523 καὶ⁵
1670 5468 1793 5522 ἀντὶ
1819 5485 1923 5523 κα-

332 5563 460 5617 κῶν
484 5561 669 5631 ἀγαθά
694 5561 1038 5633 δωρούμενος
1070 5564 1185 5624 τοῖς
1225 5562 1543 5631 ἀχαρίστοις
1573 5562 1804 5623 ἐκείνοις
1834 5561 1928 5615 καὶ

335 5658 601 5727 μισαροτς
629 5653 939 5726 ἀνθρώποις
958 5670 974 5684 ’
1011 5654 1352 5721 ἀνεξικάκως
1383 5653 1440 5707 δὲ
1470 5652 1652 5723 φέρων
1678 5654 1778 5716 τὰς
1811 5653 1925 5707 λοι-

2043 4646 2303 4705 nientiatu
2337 4663 2404 4705 ac
2441 4652 2917 4710 mansuetudinem
2969 4669 3242 4725 magnam.
3276 4656 3627 4729 Blasphcma-

2035 4739 2169 4795 baut
2219 4740 2485 4797 adversus
2538 4755 2663 4798 eum
2711 4742 2883 4801 Judaei
2926 4745 3223 4803 dicentes:
3274 4749 3622 4809 Dmmonium

2036 4830 2247 4888 habes:
2278 4841 2335 4887 et
2366 4834 2578 4903 patiens
2602 4833 2873 4893 Dominus
2903 4838 3181 4897 daemones
3207 4854 3278 4897 ex
3301 4843 3623 4903 hominibus

2032 4921 2303 4991 ejiciebat.
2350 4922 2522 4980 Judaei
2555 4926 2610 4981 in
2636 4925 2829 4983 faciem
2862 4929 2982 4998 ejus
3021 4931 3313 5000 spuebant,
3346 4944 3407 4990 at
3435 4935 3621 4993 Domi-

2035 5028 2143 5069 nus
2171 5029 2364 5070 eorutn
2393 5032 2568 5071 caecos
2611 5020 2811 5089 (sputo
2867 5020 3099 5092 liniens)
3153 5024 3402 5082 sanabat.
3441 5025 3615 5084 Judaei

2035 5104 2311 5164 Christum
2336 5109 2665 5179 lapidabant,
2711 5110 2966 5170 Christus
2982 5124 3163 5172 autem
3193 5118 3403 5177 claudis
3422 5136 3612 5177 eorum

2033 5199 2313 5270 gradiendi
2356 5201 2463 5255 vim
2510 5203 2829 5260 tribuebat:
2889 5222 3117 5279 mosque
3159 5210 3280 5280 ejus
3324 5223 3619 5283 perpetuus

2034 5290 2141 5346 fuit
2169 5291 2311 5348 bene
2337 5291 2573 5349 faciendi
2616 5297 3009 5365 offensoribus,
3058 5303 3452 5361 maleficiorum
3497 5308 3619 5362 loco

2035 5378 2300 5461 beneficia
2373 5382 2604 5454 ingratis
2653 5387 2762 5444 illis
2790 5389 3126 5450 "hominibus
3170 5394 3613 5465 detestandisque

2035 5458 2334 5551 rependere
2366 5493 2382 5530 :
2434 5475 2489 5529 in
2520 5484 2733 5533 tantum
2773 5489 2836 5537 ut
2859 5482 2989 5538 dum
3031 5484 3277 5540 convicia
3311 5458 3612 5555 impertur-

2034 5563 2196 5622 batus
2241 5565 2532 5636 perferret,
2586 5570 2855 5641 impotens
2903 5573 3138 5633 fortasse
3190 5577 3465 5634 videretur
3491 5579 3607 5652 ille,

2032 5657 2127 5726 qui
2154 5657 2357 5727 alioqui
2392 5659 2461 5715 ab
2482 5661 2691 5731 angelis
2722 5663 3046 5735 stipabatur.

324 5748 555 5822 δορίας,
586 5748 716 5812 ἴσως
761 5749 859 5802 καὶ
884 5745 1117 5816 ἀσθενὴς
1147 5745 1427 5817 ἐνομίζετο
1460 5745 1490 5798 ό
1514 5744 1618 5797 ὑπὸ
1665 5744 1917 5814 ἀγγέλων
1954 5746 2438 5819 δορυφορούμενος.

403 5862 493 5915 ιι*
523 5863 667 5922 Psal.
698 5877 818 5928 σιν,
846 5862 931 5917 12.
959 5863 1001 5895 ¹³
1034 5860 1137 5918 lsa.
1174 5879 1225 5927 ι,
1276 5862 1331 5916 6.
1411 5861 1454 5893 “
1483 5859 1587 5918 lsa.
1636 5876 1753 5930 LIII,
1789 5860 1853 5927 7;
1880 5862 1946 5919 At

2049 5878 2146 5929 'tlt,
2172 5862 2264 5918 33.

676 5955 953 6015 PATROL.
985 5954 1103 6014 Gn.
1142 5953 1362 6015 XCIX.
