4050 6364
368 392 471 459 717

1260 394 1543 456 ORATIO
1573 395 1671 457 IV.
1702 418 1772 430 ·-
1811 394 1890 454 ΙΝ
1947 393 2301 454 SANCTUM
2356 393 2668 455 PASCHA.

3547 388 3652 453 718

369 504 618 560 ἀπίστων
642 542 658 568 ,
680 500 783 556 Διά
811 501 865 556 τί
888 499 1211 573 ἐσταυρώθη
1239 503 1268 556 ὁ
1300 501 1535 574 Χριστός
1560 521 1576 571 ;
1630 503 1751 557 εἱσι-’.ὲ
1796 500 1968 572 αὐτῷ,

2088 499 2364 555 3hristus?
2385 499 2472 554 dic
2501 498 2553 554 ei
2590 515 2604 553 :
2636 496 2709 553 Ut
2744 495 3022 553 diabolum
3053 496 3413 568 cruciﬁgeret.
3447 495 3508 553 Si
3552 497 3650 555 tibi

371 591 491 644 Ἵνα
545 589 837 662 σταυρὼσῃ
890 591 982 644 τὸν
1004 589 1268 645 διάϐολον·
1305 592 1402 646 ἐὰν
1441 593 1570 666 εἴπῃ
1604 610 1723 657 σοι,
1781 592 1882 646 Διά
1913 593 1966 646 τί

372 679 695 750 ἐκρεμάσθη
727 679 823 734 ἐπὶ
863 678 1023 758 ξύλου
1051 697 1066 747 ;
1098 680 1221 734 εἰπέ
1255 680 1560 751 αύτῷ,Ἶνα
1587 681 1688 746 τὰς
1722 682 1965 748 ἀκάνθας

369 769 470 825 καὶ
516 768 800 841 τριϐόλους
855 768 1132 842 ἐκριζὼσῃ
1189 769 1285 825 τοῦ
1336 771 1547 842 ’Δδάμ⁸
1593 774 1801 838 ἐκείνος
1840 773 1952 847 γὰρ

375 861 589 915 στένειν
643 861 740 915 καὶ
796 862 1024 933 τρέμειν
1073 863 1437 937 κατεδικάσθη
1465 908 1480 931 ,
1538 866 1633 921 καὶ
1684 866 1968 937 τριϐόλους

373 958 667 1025 γεωργεῐνο
688 954 899 1027 Ἰησοῦς
923 954 1020 1009 οὖν
1042 955 1428 1029 φιλάνθρωπος
1451 958 1549 1026 ὢν,
1581 959 1679 1013 καὶ
1704 959 1801 1014 τοῦ
1835 961 1967 1015 ίδίου

376 1046 699 1118 πλάσματος
738 1047 908 1103 θέλων
951 1049 1381 1120 προνοήσασθαι,
1420 1050 1601 1105 πάντα
1650 1051 1858 1123 ὑπέστη
1900 1052 1969 1106 δι’

381 1140 559 1210 ἡμᾶς,
613 1138 702 1195 ἵνα
751 1142 918 1211 ἡμεῖς
971 1140 1074 1211 τῆς
1136 1140 1436 1213 καταδίκης
1486 1141 1966 1215 ἐλευθερωθῶμεν·

385 1230 579 1303 ὥσπερ
610 1231 720 1303 γὰρ
756 1232 1023 1303 ἐγεννήθη
1060 1233 1165 1287 ὑπὸ
1200 1234 1486 1303 γυναικὸς,
1520 1235 1606 1288 ἵνα
1637 1234 1735 1305 τήν
1774 1238 1838 1289 ἐκ
1867 1253 1969 1305 γυ-

380 1328 563 1391 ναικὸς
593 1329 1040 1401 προσγενομένην
1068 1330 1343 1402 ἁμαρτίαν
1369 1332 1482 1395 τοῖς
1504 1329 1810 1400 ἀνθρώποις
1837 1330 1971 1382 ἀπα-

380 1420 563 1495 λείψῃ,
612 1421 785 1483 οὕτως
822 1422 919 1475 καὶ
976 1425 1095 1486 ταῖς
1134 1423 1401 1487 ἀκάνθαις
1447 1422 1829 1491 στεφανοῦται,
1883 1422 1972 1475 ἴνα

383 1514 483 1585 τὴν
522 1512 711 1577 κακῶς
757 1514 1170 1584 γεωργηθεῖσαν
1226 1514 1333 1567 ὑπὸ
1382 1514 1481 1583 τῆς
1528 1513 1807 1585 ἁμαρτίας
1841 1513 1970 1583 γῆν,

380 1602 470 1658 διά
519 1604 621 1674 τῆς
679 1604 814 1668 ίδίας
846 1605 1096 1676 ὑπακοῆς
1129 1606 1488 1677 ήμερωτέραν
1515 1607 1839 1677 ἐργάσηταιο
1873 1605 1969 1659 ἐὰν

381 1697 513 1769 εἴπῃ
549 1714 652 1763 σοι,
704 1697 805 1750 Διά
843 1698 898 1750 τί
930 1696 1094 1768 χολὴν
1129 1697 1221 1749 καὶ
1246 1696 1366 1762 ὅξος
1400 1695 1593 1763 ἐπιεν;
1648 1695 1770 1750 είπέ
1798 1695 1968 1767 αύτῷ,

386 1785 506 1842 Ἰνα
536 1789 697 1858 ἡμεῖς
714 1788 805 1843 τδν
832 1788 1209 1859 θανατηφόρον
1240 1788 1316 1841 ίὸν
1344 1788 1699 1859 ἐξεμέσωμεν
1724 1787 1815 1842 τοῦ
1839 1788 1969 1861 δρά-

2076 592 2224 648 dicat
2256 608 2268 645 :
2294 591 2406 646 Cur
2441 590 2695 661 pependit
2729 590 2785 645 in
2815 590 2963 661 ligno
2991 590 3015 643 ?
3040 590 3128 645 die
3157 591 3206 645 ei
3237 607 3249 643 :
3282 590 3348 646 Ut
3379 591 3566 660 spinas
3596 602 3653 645 et

2075 683 2310 739 tribulos
2356 682 2548 739 Adami
2635 682 2958 752 exstirparet
2985 700 2999 737 :
3030 682 3119 737 hic
3145 681 3291 736 enim
3323 683 3388 737 ad
3416 683 3653 754 gemitus

2074 790 2419 845 pavoresque
2469 775 2764 830 damnatus
2792 774 2916 840 fuit,
2948 783 3004 829 et
3038 774 3105 827 ad
3135 773 3366 829 tribulos
3396 774 3651 830 excolen-

2075 868 2177 922 dos
2197 885 2210 921 :
2230 864 2389 923 Jesus
2415 882 2545 937 ergo
2565 881 2688 921 cum
2712 869 2785 921 sit
2804 865 3255 930 humanissimus,
3285 875 3340 921 et
3369 881 3483 921 suae
3499 880 3656 921 crea-

2082 966 2222 1012 tura:
2245 957 2403 1013 vellet
2428 972 2614 1011 curam
2638 970 2843 1026 gerere,
2872 965 3067 1011 cuncta
3086 970 3183 1025 pro
3211 954 3368 1010 nobis
3401 953 3661 1011 sustinuit

2079 1058 2141 1104 ut
2176 1062 2280 1104 nos
2308 1047 2661 1104 damnatione
2711 1047 2967 1116 eriperet.
3004 1046 3154 1103 Sicut
3173 1047 3317 1103 enim
3338 1063 3403 1102 ex
3430 1047 3660 1102 muliere

2078 1151 2241 1197 natus
2272 1148 2379 1206 est,
2416 1150 2477 1195 ut
2506 1138 2772 1195 inﬂictum
2798 1153 2830 1194 a
2864 1139 3096 1195 muliere
3120 1138 3437 1194 hominibus
3462 1153 3659 1209 pecca-

2080 1240 2193 1287 tum
2231 1231 2455 1297 deleret,
2507 1232 2582 1286 ita
2617 1232 2783 1286 etiam
2838 1233 3009 1303 spinis
3041 1242 3357 1299 coronatur,
3410 1241 3472 1287 ut
3519 1231 3661 1286 male

2078 1324 2352 1379 excultam
2374 1339 2405 1379 a
2422 1332 2645 1394 peccatu
2675 1333 2900 1389 terram,
2924 1324 3231 1381 obedientia
3255 1339 3352 1380 sua
3383 1325 3657 1379 mitiorem

2078 1415 2349 1472 redderet.
2405 1416 2462 1472 Si
2502 1417 2650 1472 dicat
2706 1416 2984 1473 tibi:Cur
3034 1417 3102 1472 fel
3127 1426 3177 1472 et
3227 1427 3441 1472 acetum
3471 1415 3659 1471 bibit?

2078 1506 2168 1562 dic
2201 1506 2251 1560 ei
2284 1506 2397 1563 :Ut
2433 1522 2534 1563 nos
2564 1508 2908 1563 mortiferum
2943 1508 3198 1564 draconis
3232 1522 3501 1564 venenum
3532 1522 3661 1563 evo-

2079 1614 2401 1655 meremus:
2449 1600 2581 1656 illud
2615 1601 2762 1656 enim
2797 1600 2890 1666 fel,
2948 1602 3178 1657 dulcedo
3208 1615 3331 1656 mea
3368 1600 3543 1655 evasit
3571 1617 3585 1655 :
3611 1610 3666 1655 et

2079 1703 2294 1747 acetum
2320 1690 2475 1759 illud,
2510 1691 2641 1746 mihi
2666 1692 2907 1747 suavitas
2936 1691 3039 1747 fuit
3069 1703 3124 1749 et
3170 1691 3473 1749 medela.Si
3506 1692 3664 1747 deni-

2079 1797 2185 1853 que
2218 1781 2316 1836 tibi
2340 1782 2485 1837 dicat
2508 1783 2744 1838 inﬁdelis
2777 1799 2792 1836 :
2824 1781 2935 1838 Cur
2962 1782 3029 1837 ad
3061 1784 3212 1838 illum
3230 1785 3551 1839 accedentes
3573 1798 3667 1853 ge-

384 1896 574 1942 κοντος
594 1895 608 1909 ο
642 1880 678 1950 ἡ
704 1880 813 1949 γὰρ
847 1878 1000 1951 χολὴ,
1030 1879 1160 1950 ἐμὸν
1186 1879 1379 1949 γέγονε
1417 1878 1712 1950 γλύκασμσ,
1741 1895 1757 1911 ο
1784 1879 1880 1932 καὶ
1911 1878 1973 1933 τὸ

2088 1891 2155 1929 nu
2212 1874 2502 1930 ﬂectebant
2544 1873 2716 1930 Judan
2747 1874 2771 1929 ἲ
2803 1874 2893 1930 dic
2930 1875 2980 1930 ei
3016 1874 3131 1931 :Ut
3184 1876 3433 1932 nolentes
3498 1876 3665 1930 etiam

382 1971 506 2036 ὅξος
535 1973 736 2037 ἐκεῖνο,
783 1972 907 2042 ἐμοὶ
936 1971 1157 2041 γέγονεν
1188 1973 1269 2035 εἰς
1314 1971 1608 2042 γλύκασμα
1659 1970 1753 2024 καὶ
1797 1971 1935 2042 ἴαμα
1957 1987 1971 2001 ο

385 2067 483 2119 ἐὰν
515 2067 572 2119 δέ
608 2082 689 2120 σοι
729 2066 890 2120 πάλιν
920 2066 1049 2139 είπη
1077 2067 1329 2133 ἄπιστος,
1369 2065 1469 2119 Διά
1514 2066 1569 2119 τί
1612 2065 1975 2135 ἐγονυπέτουν

383 2160 553 2213 αὐτὸν
594 2159 915 2229 προσιόντες
944 2158 1095 2230 αύτῷ
1123 2176 1137 2226 ;
1167 2159 1290 2227 είπέ
1315 2158 1484 2229 αύτῷ,
1519 2158 1638 2213 Ἵνα
1660 2160 1754 2212 καὶ
1783 2159 1859 2232 μὴ
1883 2158 1973 2229 θέ-

384 2251 573 2315 λοντες
623 2254 1071 2324 προσκυνήσωσιν
1122 2250 1288 2305 αὐτὸν
1336 2251 1387 2304 oi
1412 2250 1680 2315 Ἰουδαῖοι,
1722 2250 1819 2304 καὶ
1872 2250 1974 2321 τὴν

389 2341 671 2413 βασιλείαν
714 2343 880 2397 αύτοῦ
918 2342 1148 2407 ἀκοντες
1184 2341 1283 2395 ἐπὶ
1313 2341 1413 2411 τὴν
1445 2340 1555 2410 γῆν
1581 2340 1978 2412 όμολογήσωσι’

387 2434 484 2487 νῦν
511 2434 605 2504 μὲν
639 2434 748 2505 γὰρ
776 2433 1135 2506 χλευάζοντες
1154 2433 1551 2506 προσεκύνουν,
1584 2433 1660 2505 μὴ
1704 2433 1907 2496 είδότες
1953 2431 1983 2484 δ

388 2525 680 2597 ἔπραττον,
706 2528 764 2580 ἐν
803 2526 858 2579 δέ
886 2528 954 2597 τῇ
997 2525 1271 2598 μελλούσῃ
1310 2525 1609 2580 ἀναστάσει
1645 2543 1664 2576 ι
1703 2526 1814 2578 πᾶν
1847 2524 1978 2593 γόνυ

389 2618 602 2687 κάμψει
634 2619 974 2689 ἐπουρανίων
1008 2620 1104 2672 καὶ
1138 2618 1402 2687 ἐπιγείων
1442 2618 1539 2672 καὶ
1585 2616 1980 2688 καταχθονίων,

390 2708 488 2761 καὶ
521 2709 668 2761 πᾶσα
689 2708 912 2776 γλῶσσα
931 2707 1410 2779 ἐξομολογήσεται,
1437 2709 1519 2763 ὅτι
1538 2708 1743 2779 Κύριος
1775 2705 1984 2777 Ἰησοῦς

391 2800 631 2870 Χριστὸς
651 2801 729 2863 είς
751 2797 1055 2866 δόξανΘεοῦ
1083 2799 1320 2871 Πατρός.
1348 2798 1580 2870 Ἀμήν.»
1608 2797 1764 2867 Ἔχει
1795 2796 1851 2849 δέ
1881 2797 1978 2849 καὶ⁹

393 2894 431 2963 ή
459 2892 669 2963 χλαμὺς
716 2892 900 2963 ἐκείνη
945 2892 1041 2947 καὶ
1083 2892 1270 2963 ἕτερον
1309 2890 1559 2960 αἴνιγμα·
1588 2889 1650 2942 οὐ
1684 2889 1845 2959 μόνον
1873 2888 1981 2960 γὰρ

2081 1967 2262 2037 ipsum
2318 1968 2633 2034 adorarent,
2686 1977 2741 2023 et
2784 1984 3013 2039 regnum
3043 1970 3162 2040 ejus
3208 1969 3292 2026 vel
3317 1971 3472 2026 inviti
3502 1971 3667 2027 humo

2079 2061 2236 2116 strati
2258 2062 2669 2116 conﬁterentur.
2698 2061 2853 2118 Nunc
2878 2062 3099 2132 quidem
3125 2079 3248 2120 cum
3272 2064 3524 2120 irrisione
3539 2080 3664 2120 eum

2080 2152 2402 2219 adorabant,
2421 2154 2732 2209 nescientes
2756 2154 2886 2225 quid
2919 2165 3163 2225 agerent,
3197 2157 3252 2212 in
3273 2158 3456 2214 futura
3484 2168 3664 2214 autem

2078 2246 2478 2302 resurrectione
2539 2265 2558 2299 ι
2619 2262 2780 2303 omne
2833 2263 2972 2318 genu
3036 2249 3280 2307 ﬂectetur
3336 2252 3665 2318 caelestium,

2080 2338 2426 2393 terrestrium
2450 2347 2504 2395 et
2531 2339 2895 2406 infernarum,
2924 2343 3368 2410 etomnislingua
3392 2346 3670 2402 confitebi-

2081 2437 2172 2483 tur
2205 2429 2495 2485 Dominum
2538 2430 2725 2487 Jesum
2783 2434 3070 2489 Christum
3118 2434 3172 2489 in
3205 2434 3377 2505 gloria
3407 2451 3531 2492 esse
3567 2430 3668 2494 Dei

2079 2526 2276 2582 Patris.
2313 2525 2486 2580 Amen
2512 2525 2611 2580 ²⁰*.
2648 2543 2666 2577 ι
2708 2525 2879 2581 liabet
2902 2525 3066 2581 etiam
3099 2526 3191 2582 illa
3218 2528 3469 2599 chlamys
3521 2529 3668 2585 aliud

2080 2616 2313 2686 :enigma
2341 2630 2478 2670 :non
2496 2615 2639 2670 enim
2663 2616 2813 2687 regni
2838 2617 3217 2673 tantummodo
3237 2618 3498 2674 indicium
3528 2629 3667 2685 erat,

2087 2721 2281 2761 verum
2343 2706 2504 2761 etiam
2573 2716 2866 2761 cruentum
2909 2716 2965 2782 et
3010 2707 3304 2764 exitiosum
3351 2708 3668 2765 Judzeorum

2090 2798 2370 2867 ingenium
2411 2797 2842 2853 demonstrabat.
2897 2795 3179 2854 Calamum
3225 2816 3447 2871 quoque
3484 2805 3668 2857 manui

2088 2889 2209 2959 ejus
2244 2888 2607 2955 tradiderunt,
2640 2898 2699 2944 ut
2737 2890 2979 2960 ipsorum
3021 2891 3393 2947 scriberentur
3420 2902 3666 2970 peccata.

392 2984 496 3056 τὴν
532 2983 812 3055 βασιλείαν
847 2981 1182 3046 ὑπετύπουν,
1219 2980 1361 3037 ἀλλὰ
1394 2982 1501 3052 γὰρ
1528 2981 1624 3035 καὶ
1656 2980 1716 3033 τὸ
1754 2979 2045 3050 αἱμοϐόρον
2069 2980 2163 3034 καὶ
2194 2979 2431 3050 φονῶδες
2485 2977 2596 3034 τῶν
2660 2979 2931 3034 Ἰουδαίων
2989 2981 3390 3037 ἐπεδείκνυντο·
3459 2984 3671 3041 ἔδωκαν

392 3075 455 3131 δὲ
490 3078 587 3131 καὶ
620 3074 866 3144 κάλαμον
915 3076 974 3128 ἐν
1027 3076 1094 3145 τῇ
1123 3073 1268 3144 χειρὶ
1325 3073 1513 3139 αὑτοῦ,
1563 3073 1650 3127 ενα
1688 3071 1977 3142 γραφῶσιν
2008 3072 2190 3125 αὐτῶν
2223 3072 2279 3124 αἱ
2311 3072 2610 3144 ἁμαρτίαι.

464 3168 534 3234 ζ’.
574 3167 759 3221 Ταῦτα
775 3166 875 3238 μὲν
891 3165 984 3221 οὖν
998 3166 1047 3220 οἱ
1066 3166 1441 3237 Χριστομάχοι
1458 3165 1697 3230 ἐποίουν,
1719 3164 1977 3233 ἀγνοοῦν-

2156 3165 2207 3220 7.
2242 3163 2369 3221 1133c
2385 3164 2568 3235 itaque
2592 3165 2780 3221 hostes
2802 3165 3007 3224 Christi
3034 3179 3343 3239 patrarunt,
3363 3187 3525 3242 quem
3549 3188 3672 3230 cru-

392 3275 488 3321 τες
521 3258 613 3312 τὸν
647 3256 1102 3329 ἐσταυρωμένον·
1138 3258 1173 3328 ή
1198 3256 1256 3310 δὲ
1286 3257 1466 3320 κτίσις
1494 3255 1597 3310 οὐκ
1622 3254 1859 3327 ἠγνόησε
1894 3254 1986 3308 τὸν

393 3350 602 3420 ἑαυτῆς
633 3348 915 3420 Δεσπότην
943 3349 1040 3403 καὶ
1068 3348 1414 3421 Δημιουργόν
1434 3364 1449 3380 ο
1482 3347 1567 3401 έτι
1598 3347 1710 3419 γὰρ
1743 3344 1838 3401 τοῦ
1871 3347 1979 3399 Σω-

393 3443 565 3512 τῆρος
593 3442 687 3496 ἐπὶ⁵
713 3441 809 3495 τοῦ
844 3439 1080 3512 σταυροῦ
1109 3440 1462 3513 κρεμαμένου
1487 3480 1503 3506 ,
1532 3438 1814 3511 θεωρήσας
1846 3437 1875 3489 ὁ
1903 3438 1989 3491 oti-

400 3535 597 3604 σθητδς
647 3535 800 3605 ἥλιος
832 3534 925 3588 τὸν
957 3532 1146 3587 Ἥλιον
1191 3532 1293 3602 τῆς
1336 3531 1683 3601 δικαιοσύνης
1727 3531 1832 3585 ὑπὸ
1878 3530 1989 3584 τῶν

397 3627 621 3697 ἀνόμων
669 3624 1053 3697 ὑϐριζόμενον,
1092 3623 1188 3678 καὶ
1237 3624 1313 3696 μὴ
1362 3624 1543 3695 φέρων
1589 3623 1650 3677 τὸ
1704 3623 1987 3694 τόλμημα,

398 3720 595 3789 φεύγει
632 3719 889 3780 σκοτίσας
935 3717 1034 3788 τὴν
1081 3717 1210 3786 γῆν,
1241 3718 1442 3771 ἄτοπον
1476 3716 1824 3788 ἡγησάμενος
1859 3732 1989 3770 συνο

397 3813 586 3881 εργεῖν
629 3809 726 3863 καὶ
776 3806 1034 3878 φωτίζειν
1065 3806 1377 3878 ὀφθαλμοὺς
1421 3807 1520 3879 τὴν
1566 3808 1830 3879 μεγίστην
1860 3809 1989 3862 ἀσε-

397 3901 635 3964 ϐοῦντας
656 3900 911 3961 ἀσέϐειαν
930 3917 943 3932 ·
977 3899 1040 3952 οὐ
1078 3899 1239 3969 μόνον
1265 3898 1325 3952 δὲ
1345 3901 1373 3952 ὁ
1400 3898 1555 3970 ἤλιος
1582 3898 1833 3968 ἔφευγεν,
1854 3898 1992 3953 ἀλλά

399 3995 499 4048 καὶ
520 3995 554 4063 ἡ
588 3992 661 4062 γῆ
691 3994 923 4045 ἐκινεῖτο
959 3992 1033 4062 μὴ
1063 3992 1304 4063 φέρουσα
1323 3989 1425 4061 τὴν
1456 3991 1691 4061 ἀνομίαν
1716 3991 1825 4044 τῶν
1846 3991 1989 4062 δρω-

402 4083 608 4154 μένων,
636 4080 1022 4153 ἐνδεικνυμένη
1055 4080 1112 4134 δέ
1146 4080 1241 4134 καὶ
1272 4080 1624 4143 διδάσκουσα,
1654 4081 1738 4135 ὅτι
1770 4079 1904 4144 Θεὸς
1924 4075 1991 4150 ἦν

398 4178 430 4229 ὁ
466 4174 869 4245 σταυρούμενος
890 4191 903 4205 ·
935 4173 1018 4227 διὸ
1046 4174 1169 4227 ούδέ
1193 4174 1469 4243 ἠνείχετο,
1499 4172 1616 4228 ἀλλ’
1634 4172 1992 4244 ἐχαλαίπαινε

405 4267 484 4340 μὴ
517 4267 752 4320 θέλουσα
780 4266 969 4337 φέρειν
1000 4265 1087 4334 ἐφ’
1113 4266 1317 4335 ἑαυτῆς
1343 4266 1469 4328 τοὺς
1500 4265 1811 4334 θεοστυγεῖς
1856 4265 1989 4317 Ἰου-

399 4358 621 4421 δαίους’
658 4358 757 4427 οὐχ
788 4356 962 4420 οὕτως
1003 4355 1113 4427 γὰρ
1155 4356 1626 4429 ἀδελφοκτονήσας
1665 4356 1863 4427 ἑχρανε
1892 4356 1992 4427 τὴν

401 4451 513 4520 γῆν
558 4452 588 4503 ὀ
635 4448 798 4513 Καῖν,
824 4449 936 4502 οὐδ’
963 4449 1134 4514 οὕτως
1180 4447 1451 4519 ἐϐάρησεν
1499 4448 1670 4519 αὐτὴν
1704 4450 1738 4519 ή
1764 4448 1872 4503 τῶν
1909 4465 1993 4517 γι-

2088 3254 2386 3323 cingebant
2412 3256 2746 3326 ignorantes.
2790 3255 3019 3328 Reliqua
3054 3269 3235 3316 tamen
3282 3272 3534 3319 creatura
3568 3265 3673 3320 Do-

2089 3348 2297 3402 minum
2330 3362 2491 3402 suum
2540 3363 2649 3403 non
2702 3349 2935 3405 nescivit
2964 3357 3018 3406 et
3069 3350 3410 3410 Creatorem.
3477 3357 3673 3415 Adhuc

2092 3438 2379 3495 Servatore
2400 3439 2469 3495 de
2505 3456 2669 3498 cruce
2688 3442 2977 3513 pendente,
3005 3444 3087 3500 sol
3125 3445 3215 3501 hic
3247 3449 3525 3506 sensibilis
3550 3466 3670 3507 cer-

2091 3547 2229 3589 nens
2257 3534 2484 3604 justitia:
2516 3533 2701 3590 Solem
2731 3536 2801 3591 ab
2836 3537 3020 3608 impiis
3050 3538 3253 3609 injuria
3275 3541 3551 3611 affectum,
3573 3559 3672 3602 nec

2093 3622 2307 3679 facinus
2336 3626 2566 3695 patiens,
2623 3628 2871 3684 tellurem
2924 3630 3291 3690 obtcnebrans
3339 3634 3496 3706 fugit,
3527 3637 3671 3692 iudi-

2091 3732 2259 3789 gnum
2287 3728 2486 3788 putans
2518 3720 2705 3777 favere
2734 3731 2788 3777 et
2810 3723 3002 3780 oculos
3024 3725 3334 3783 illuminare
3358 3730 3671 3788 hominibus

2091 3810 2187 3881 qui
2209 3826 2268 3866 se
2300 3827 2517 3868 summo
2549 3814 2753 3871 scelere
2784 3816 3165 3887 impiaverant.
3208 3819 3398 3892 Neque
3431 3824 3515 3878 sol
3548 3839 3672 3879 tall-

2094 3913 2208 3958 tum
2237 3905 2388 3976 fugit,
2412 3922 2599 3962 verum
2623 3910 2785 3962 etiam
2824 3917 2969 3965 terra
2994 3919 3140 3966 mota
3170 3922 3275 3980 est,
3322 3912 3538 3973 facinus
3570 3918 3668 3973 im-

2090 3999 2240 4068 pium
2266 4014 2376 4053 non
2407 3998 2611 4067 ferens,
2643 3998 2815 4054 Deum
2846 4000 2998 4056 illum
3028 4018 3151 4061 esse
3191 4007 3396 4063 docens
3424 4009 3517 4078 qui
3556 4020 3675 4065 erat

2093 4089 2411 4146 cruciﬁxus.
2451 4089 2633 4157 Quare
2650 4106 2749 4146 nec
2780 4089 3011 4148 ulterius
3039 4094 3181 4156 tulit.
3214 4099 3672 4170 atqueiudignata

2092 4190 2177 4236 est
2204 4181 2416 4251 pondus
2446 4180 2591 4238 ferre
2612 4180 2724 4237 Deo
2757 4184 3041 4239 odibilium
3070 4183 3406 4242 Judmorum.
3445 4187 3565 4245 Non
3600 4193 3672 4247 ita

2093 4270 2282 4328 fratris
2305 4272 2623 4329 interfector
2650 4273 2786 4329 Cain
2828 4276 2975 4331 illam
3010 4280 3424 4348 contaminavit,
3461 4299 3567 4339 non
3598 4285 3671 4340 ita

2094 4364 2368 4434 gigantum
2401 4364 2664 4420 fabricata
2696 4369 2863 4425 turris
2899 4384 3019 4423 eam
3049 4374 3427 4443 praegravavit,
3461 4393 3569 4431 non
3602 4379 3674 4433 ita

2096 4454 2240 4509 illam
2273 4456 2582 4525 polluerunt
2601 4458 2818 4516 nefandi
2844 4460 3338 4536 Sodomitzeuieque
3360 4467 3502 4537 iiqui
3532 4471 3672 4526 idola

403 4546 621 4612 γάντων
650 4542 1005 4614 πυργοποιία,
1022 4541 1129 4596 οὐδ’
1150 4540 1325 4605 οὕτως
1348 4541 1521 4612 αὐτὴν
1550 4541 1782 4612 ἐμίαναν
1808 4541 1984 4612 ἀθεμι·

2099 4562 2164 4602 ex
2195 4548 2441 4618 ejusdem
2478 4552 2704 4606 materia
2767 4552 3085 4619 effecerunt,
3134 4571 3244 4612 non
3289 4560 3362 4614 ita
3392 4576 3459 4615 ex
3509 4563 3678 4620 Abele

402 4633 814 4702 τουργήσαντες
844 4632 1149 4702 Σοδομῖται,
1184 4631 1293 4685 οὐδ’
1320 4631 1477 4684 αὐτοὶ
1512 4631 1561 4685 oi
1588 4630 1658 4684 τά
1696 4630 1890 4685 είδωλα
1934 4630 1994 4699 ἐξ

403 4727 581 4796 αὐτῆς
605 4725 936 4791 πλάσαντες,
961 4726 1023 4778 ού
1058 4727 1119 4778 τὸ
1147 4717 1290 4795 αἷμα
1318 4724 1427 4779 ἀπὸ
1457 4724 1625 4778 Ἀὃελ
1671 4723 1776 4789 ἕως
1820 4726 1993 4795 Ζαχα-

407 4819 531 4890 ρίου
570 4817 801 4888 ἐκχυθὲν
830 4816 1088 4887 ἐποίησεν
1137 4816 1306 4887 αὐτὴν
1357 4816 1551 4881 οὓτως,
1588 4816 1713 4871 ὅσον
1763 4818 1812 4869 οἱ
1856 4817 1990 4869 ’1ουο

403 4911 548 4964 δαῖοι
582 4910 644 4962 τὸ
674 4910 816 4980 μέγα
839 4911 1002 4963 τοῦτο
1032 4909 1407 4980 τολμήσαντες
1436 4908 1694 4980 ἀσέϐημα
1713 4924 1727 4938 ο
1770 4907 1858 4962 διά
1882 4908 1989 4977 γὰρ

403 5004 568 5056 τοῦτο
593 5005 687 5057 καὶ
712 5005 769 5056 ai
802 5002 1040 5074 σκληραὶ
1074 5003 1277 5073 πέτραι
1306 5001 1602 5071 ἐσχίζοντο,
1634 5003 1719 5055 ἵνα
1747 5002 1992 5072 μάθωσιν

406 5100 492 5152 ὅτι
546 5094 701 5160 οὗτός
752 5098 902 5149 ἐστιν
963 5097 997 5166 ἡ
1044 5095 1390 5165 πνευματικὴ
1442 5095 1540 5148 καὶ¹
1568 5092 1718 5159 ζῶσα
1776 5095 1987 5162 πέτραν

410 5191 664 5241 Ἔπινον
684 5190 817 5257 γὰρ,
836 5187 1001 5259 φησιν
1017 5189 1081 5252 ⁸³³,
1095 5187 1163 5241 ἐκ
1191 5184 1600 5255 πνευματικῆς
1621 5186 1989 5241 ἀκολουθού-

408 5296 531 5345 σης
568 5279 811 5347 πέτρας,
845 5278 885 5346 ἡ
927 5278 996 5332 δὲ
1038 5279 1226 5348 πέτρα
1273 5275 1352 5349 ἦν
1394 5281 1426 5333 ὁ
1461 5278 1736 5347 Χριστός.
1788 5278 1852 5330 Ὢ
1895 5278 1994 5347 τῆς

420 5370 698 5423 Ἰουδαίων
732 5370 1128 5441 ἀγνωμοσύνης
1153 5372 1166 5424 l
1194 5371 1261 5423 Αί
1304 5370 1501 5441 πέτραι
1543 5370 1990 5441 διαρρήγνυνται,

407 5464 509 5518 κει.)⁵
539 5463 695 5517 αὐτοὶ
722 5461 1138 5534 ἀναισθητοῦσι’
1178 5462 1246 5516 τά
1280 5462 1462 5533 ἄψυχα
1497 5461 1797 5528 κλονεῖται,
1825 5462 1923 5515 καὶ
1944 5464 1993 5515 οἱ

408 5552 648 5625 ἐμψυχοι
699 5550 988 5606 ἀπιστοῦσι
1009 5567 1023 5581 '
1073 5551 1134 5605 τὸ
1168 5551 1573 5622 καταπέτασμα
1600 5551 1697 5605 τοῦ
1728 5551 1855 5607 ναοῦ
1898 5553 1996 5624 ρήο

408 5663 629 5715 γνυται,
660 5644 749 5699 ἵνα
785 5643 972 5698 λοιπὸν
1001 5647 1035 5715 ή
1076 5646 1355 5717 ἐρήμωσις
1384 5645 1564 5699 αὐτῶν
1594 5644 1777 5717 δειχθῇ
1801 5663 1814 5676 -
1849 5646 1996 5715 ἐσχί-

411 5740 516 5810 σθη
562 5739 672 5809 γὰρ
717 5738 780 5791 τὸ
824 5737 1226 5809 καταπέτασμα
1270 5739 1366 5791 καὶ
1409 5736 1700 5809 ἐγυμνώθη
1730 5740 1798 5793 τά
1829 5739 1886 5791 ἐν
1917 5739 1997 5809 τῷ

2102 4656 2277 4710 usque
2305 4640 2375 4695 ad
2416 4639 2737 4698 Zachariam
2781 4646 3003 4718 sanguis
3035 4647 3262 4716 effusus,
3287 4662 3552 4721 quantum
3578 4653 3677 4711 Ju-

2100 4732 2199 4786 dari
2260 4732 2364 4787 hoc
2415 4732 2606 4805 ingens
2644 4735 2859 4794 facinus
2910 4738 3051 4793 ausi.
3088 4736 3318 4809 Propter
3363 4744 3467 4797 hoc
3528 4746 3677 4802 enim

2099 4824 2252 4879 durae
2299 4840 2518 4894 quoque
2580 4836 2746 4894 petrae
2783 4829 2968 4885 scissae
3016 4840 3164 4899 sunt,
3200 4842 3261 4887 ut
3315 4834 3352 4887 ii
3406 4835 3679 4895 discerent

2096 4915 2241 4970 hanc
2273 4929 2396 4970 esse
2442 4916 2740 4985 spiritalem
2806 4918 3094 4989 vivamque
3144 4933 3378 4992 petram.
3415 4926 3675 4987 Bibebant

2098 5009 2258 5075 enim,
2282 5008 2476 5077 inquit,
2509 5009 2572 5062 de
2598 5010 2834 5079 spiritali
2865 5024 3107 5082 sequente
3158 5033 3249 5072 eos
3280 5028 3430 5086 petra
3457 5039 3477 5086 ;
3528 5033 3678 5092 petra

2102 5110 2277 5153 autem
2307 5098 2553 5154 Christus
2584 5103 2784 5158 erat”.
2836 5102 2881 5158 Ο
2917 5105 3159 5176 ingratos
3194 5109 3507 5169 Judaaorum
3560 5120 3679 5173 ani-

2099 5190 2255 5243 mosl
2286 5197 2452 5259 petrae
2481 5189 2822 5256 scinduntur,
2844 5203 2899 5248 et
2928 5194 3028 5264 ipsi
3056 5198 3424 5257 obdurescunt
3455 5222 3469 5257 :
3506 5205 3682 5260 inani-

2101 5290 2248 5335 mata
2305 5293 2615 5346 moventur,
2660 5293 2715 5339 ct
2748 5285 2851 5356 ipsi
2881 5287 3236 5346 discredunt:
3277 5295 3462 5365 templi
3499 5298 3679 5352 velum

2102 5372 2392 5441 scinditur,
2427 5385 2490 5429 ut
2547 5376 2792 5446 ipsorum
2838 5378 3021 5435 futura
3068 5383 3297 5439 vastitas
3341 5387 3679 5456 designetur.

2105 5463 2350 5519 Scissum
2384 5467 2586 5537 quippe
2627 5470 2802 5524 velum
2841 5481 2947 5538 est,
2977 5484 3032 5529 et
3072 5481 3273 5529 arca‘na
3314 5478 3499 5547 templi
3526 5490 3679 5549 pate-

2099 5556 2265 5625 facta,
2298 5572 2513 5629 propter
2539 5560 2739 5619 Christi
2774 5565 2978 5620 dictum
3006 5585 3018 5620 :
3048 5567 3133 5621 En
3154 5568 3470 5638 relinquitur
3490 5573 3679 5629 domus

2101 5661 2274 5705 vestra
2302 5652 2508 5706 deserta
2532 5654 2577 5687 ¹⁰
2604 5672 2620 5710 :
2653 5672 2841 5726 reapse
2883 5660 3028 5713 enim
3076 5660 3351 5717 desertata
3397 5676 3527 5721 sunt
3557 5680 3682 5737 post

2103 5741 2307 5799 Christi
2336 5758 2526 5801 necem
2554 5743 2869 5804 Judaiorum
2901 5765 3061 5808 sacra
3113 5755 3296 5810 onmia
3329 5772 3343 5809 :
3382 5765 3437 5812 et
3467 5759 3560 5828 qui
3594 5759 3680 5815 in-

486 5854 529 5884 ιο
570 5852 590 5905 ι
625 5851 753 5907 Cor.
790 5868 845 5918 ι,
875 5853 929 5908 ι.
1007 5854 1053 5886 ὀ
1086 5851 1219 5909 Luc.
1264 5869 1382 5919 xui,
1409 5853 1497 5908 εδ.
1526 5832 1529 5835 ’
1562 5854 1641 5886 ιο*
1677 5853 1914 5926 Philipp.
1951 5857 2123 5923 ",10.
