4050 6364
428 313 532 375 719
1608 321 1667 380 S.
1702 317 2027 379 THEODO]

2088 320 2098 378 ἱ
2157 321 2506 384 ΒΤΗΒΙΤᾹΞ
3579 329 3687 396 ’120

417 428 670 485 colebant
703 429 891 486 urbem
912 430 1284 502 templumque
1309 431 1508 503 angeli,
1537 433 1685 488 illinc
1719 433 1997 490 abscessek

2097 434 2228 506 ναῷ,
2255 435 2346 490 διά
2369 435 2461 490 τὸν
2489 435 2712 491 είπόντα
2743 435 2978 508 Χριστὸν
2997 435 3238 504 ’⁸,Ἶδοὺ
3261 437 3497 508 ἀφίεται
3535 443 3570 496 ὀ
3602 438 3687 498 οῖ-

415 530 561 585 runt,
593 528 758 590 atque
807 521 874 574 ad
923 519 1221 578 Ecclesiam
1255 520 1750 592 transmigrarunt:
1784 522 1985 578 multa-

2101 545 2207 594 κος
2249 527 2417 597 ὑμῶν
2455 529 2707 599 ἔρημος-ο
2756 529 2852 582 καὶ
2903 530 3012 600 γάρ
3057 529 3354 600 ἠρήμωται
3400 531 3544 601 μετά
3587 535 3686 608 τὴν

411 629 519 682 que
547 628 778 681 corpora
812 627 1003 668 eorum
1061 614 1155 683 qui
1202 613 1536 669 dormierant
1583 627 2000 671 resurrexerunt

2099 618 2522 689 Χριστοκτονίαν
2558 617 2737 673 πάντα
2764 618 2835 672 τά
2871 618 2982 672 τῶν
3016 617 3284 674 Ἰουδαίων
3335 621 3513 692 σεμνά
3533 639 3548 653 ’
3591 608 3688 678 κα.ἱ

411 719 538 759 cum
565 703 828 758 Christo:
882 712 942 758 ut
971 718 1070 759 nos
1129 705 1405 759 discamus
1429 703 1713 760 Christum
1751 718 1782 758 a
1816 713 1996 758 morte

2103 710 2155 761 οί
2186 708 2602 778 παραμένοντες
2632 711 2700 782 τῇ
2731 709 2887 764 πόλει
2914 709 3008 764 καὶ
3033 710 3111 781 τῷ
3140 709 3270 782 ίερῷ
3299 710 3522 780 ἄγγελοι
3558 731 3686 783 μετ-

411 794 552 848 haud
581 793 760 849 solum
790 806 1095 863 resurgere,
1137 793 1230 848 sed
1263 801 1492 848 cunctos
1547 793 1652 863 ipsi
1708 793 1994 849 credentes

2094 797 2300 868 έὸησαν
2333 800 2568 863 ἐκεῖθεν,
2586 801 2682 854 καὶ
2709 794 2875 872 ἦλθον
2895 802 2976 864 είς
3001 800 3101 872 τὴν
3130 801 3460 873 Ἐκκλησίαν
3479 819 3495 834 ⁶
3515 803 3686 859 πολλὰ

407 901 476 940 ex
506 885 732 939 mortuis
763 898 920 954 aeque
957 884 1372 939 suscitaturum.

2092 889 2150 944 δὲ
2194 891 2291 944 καὶ
2343 889 2575 960 σώματα
2617 890 2727 946 τῶν
2778 893 3204 964 κεκοιμημένων
3244 894 3546 968 συνανέστη
3603 898 3683 970 τῷ

409 975 654 1046 Χριστῷ,
675 975 782 1030 ,ἴνα
814 973 1075 1046 μάθωμεν
1109 975 1266 1045 ἡμεῖς
1295 975 1380 1028 ὃτι
1407 976 1645 1048 Χριστὸς
1674 977 1983 1043 ἀποθανὼν,
2011 977 2172 1050 μόνος
2199 980 2302 1036 οὐκ
2343 981 2664 1044 ἀνίσταται,
2695 981 2834 1036 ἀλλά
2867 981 3077 1046 πάντας
3105 983 3234 1047 τοὺς
3289 983 3371 1049 είς
3396 983 3560 1039 αὐτὸν
3589 1002 3682 1040 πι.

408 1066 697 1127 στεύοντας
737 1066 802 1118 ἐκ
840 1064 1050 1134 νεκρῶν
1085 1064 1358 1136 ἀνίστησι.

492 1157 548 1210 8.
588 1154 713 1210 llaec
733 1155 1051 1210 summatim
1082 1164 1166 1210 est
1213 1158 1520 1212 veneranda
1566 1157 1852 1214 Paschalis
1903 1176 1994 1216 so-

2171 1157 2242 1230 η’.
2284 1156 2434 1228 Αὕτη
2467 1156 2542 1222 ὡς
2573 1159 2631 1212 ἐν
2660 1157 2940 1228 κεφαλαίῳ
2969 1156 3118 1212 ἐστὶν
3147 1158 3182 1228 ἠ
3219 1158 3394 1230 σεμνὴ
3435 1157 3532 1213 τοῦ
3563 1160 3677 1216 Πά·

405 1247 702 1302 lemnitas:
747 1247 863 1302 hwc
916 1246 1356 1302 Christianorum
1409 1251 1666 1322 mysteria
1694 1251 1761 1306 de
1805 1267 1991 1307 resur-

2098 1267 2204 1321 σχα
2232 1251 2424 1322 ἑορτή·
2459 1249 2555 1302 καὶ
2587 1248 2762 1303 ταῦτα
2787 1248 3129 1321 Χριστιανῶν
3152 1249 3221 1303 τὰ
3246 1249 3524 1320 μυστήρια
3550 1253 3677 1324 περὶ

401 1337 641 1395 rectione
657 1347 999 1392 mortuorum
1016 1339 1231 1409 vitaque
1246 1347 1447 1394 teterna
1464 1340 1822 1398 celebramus.
1846 1342 1991 1414 Ergo

2095 1341 2448 1401 ἀναστάσεως
2491 1339 2702 1412 νεκρῶν
2735 1339 2831 1394 καὶ
2861 1338 3006 1411 ζωῆς
3035 1339 3260 1393 αίωνίου
3309 1341 3675 1413 πανηγυρίζο-

403 1427 671 1483 solemnia
723 1444 957 1498 agamus
1006 1444 1114 1484 non
1153 1429 1419 1487 fermento
1445 1433 1666 1488 malitia:
1697 1443 1752 1490 et
1790 1435 1984 1505 nequi-

2096 1447 2230 1501 μεν·
2258 1430 2546 1502 τοιγαροῦν
2580 1431 2929 1502 ἐορτάσωμεν
2970 1429 3046 1501 μὴ
3074 1431 3133 1485 ἐν
3164 1429 3314 1504 ζύμῃ
3341 1433 3540 1496 κακίας
3579 1434 3674 1486 καὶ

401 1518 507 1582 tier,
547 1518 638 1572 sed
679 1521 886 1589 azymis
927 1519 1256 1575 sinceritatis
1283 1530 1337 1576 et
1381 1522 1646 1590 veritatis,
1684 1525 1974 1582 credentes

2086 1519 2373 1594 πονηρίας,
2393 1522 2506 1576 ἀλλ’
2530 1524 2588 1575 ἐν
2618 1521 2850 1592 ἀζύμοις
2875 1520 3230 1592 είλικρινείας
3259 1523 3356 1576 καὶ
3385 1521 3669 1593 ἀληθείας,

400 1610 456 1662 in
496 1607 733 1673 Patrem,
766 1609 963 1664 Filium
1030 1627 1096 1667 ac
1131 1609 1394 1682 Spiritum
1426 1625 1698 1684 sanctum,
1745 1617 1798 1671 in
1840 1632 1976 1672 con-

2083 1614 2432 1678 πιστεύοντες
2475 1616 2555 1678 είς
2597 1613 2836 1684 Πατέρα,
2868 1613 2964 1666 καὶ⁸
2993 1612 3144 1678 Υίὸν,
3193 1613 3290 1666 καὶ
3338 1613 3563 1686 Πνεῦμα
3608 1616 3669 1668 τὸ

399 1700 814 1756 substantialem
845 1702 1253 1774 increatamque
1305 1704 1652 1772 Trinitatem,
1698 1709 1978 1766 credentes

2083 1707 2258 1778 ἅγιον,
2285 1708 2366 1771 είς
2397 1706 2606 1778 Τριάδα
2635 1704 2926 1775 ὁμοούσιον
2948 1704 3043 1757 καὶ
3071 1705 3348 1770 ἀκτιστον,
3383 1705 3668 1760 πιστεύον-

399 1793 812 1858 resurreclioni,
861 1804 1240 1866 exspectantes
1296 1796 1588 1854 Dominum
1621 1800 1798 1854 denuo
1845 1816 1976 1855 ven-

2077 1815 2168 1860 τες
2201 1800 2268 1869 τῇ
2314 1797 2630 1860 ἀναστάσει,
2668 1794 3081 1866 προσδοκῶντες
3111 1793 3204 1848 τὸν
3248 1793 3454 1866 Κύριον
3501 1795 3665 1850 πάλιν

402 1893 605 1950 turum,
653 1901 829 1954 neque
873 1887 984 1954 jam
1034 1887 1334 1956 humiliter,
1381 1890 1475 1946 sed
1546 1892 1786 1961 gloriose
1849 1907 1976 1948 cum

2078 1889 2392 1960 ἐρχόμενον,
2424 1885 2608 1940 οὐκέτι
2643 1884 2742 1956 μὲν
2774 1883 3083 1950 ταπεινῶς,
3118 1883 3233 1937 ἀλλ’
3263 1885 3491 1952 ἐνδόξως
3523 1886 3662 1957 μετά

399 1977 609 2032 caelesti
632 1977 933 2046 majestate,
963 1995 1086 2033 cum
1113 1981 1409 2050 splendidis
1433 1983 1663 2053 angelis,
1683 1998 1807 2038 cum
1829 1984 1977 2042 tubis

2076 1979 2460 2051 λαμπρότητος
2506 1975 2758 2047 οὐρανίου
2784 2015 2799 2040 ,
2850 1973 2988 2046 μετά
3049 1973 3328 2043 φωτεινῶν
3386 1974 3659 2043 ἀγγέλων,

397 2079 562 2140 atque
618 2078 826 2124 terrore
867 2069 1028 2125 simul
1088 2080 1143 2127 et
1171 2073 1414 2150 gaudio:
1452 2075 1672 2146 gaudio,
1724 2075 1974 2146 inquam,

2079 2071 2219 2142 μετά
2252 2068 2569 2138 σαλπίγγων
2613 2067 2706 2121 καὶ
2755 2066 2921 2136 φόϐου
2969 2067 3063 2121 καὶ
3110 2068 3308 2139 χαρᾶς,
3341 2068 3514 2138 χαρᾶς
3557 2067 3657 2137 μὲν

397 2171 737 2224 sanctorum,
797 2169 1008 2216 terrore
1061 2176 1408 2232 peccatorum
1460 2181 1523 2220 ac
1563 2166 1972 2224 damnatorum.

2075 2163 2182 2216 τῶν
2207 2161 2398 2232 ἁγίων,
2428 2160 2595 2230 φόϐου
2618 2159 2676 2213 δὲ
2702 2158 2811 2212 τῶν
2833 2158 3140 2212 καταδίκων
3163 2159 3256 2210 καὶ
3283 2157 3651 2228 ἁμαρτωλῶν·

395 2251 540 2307 Deus
570 2260 750 2307 autem
799 2254 948 2323 pacis
977 2253 1171 2324 dignos
1211 2271 1312 2311 nos
1367 2271 1564 2314 omnes
1601 2258 1766 2314 faciat
1792 2276 1977 2316 resur-

2073 2255 2102 2309 ὁ
2128 2255 2185 2308 δὲ
2216 2253 2348 2317 Θεὸς
2378 2253 2479 2323 τῆς
2509 2253 2731 2322 εἰρήνης
2758 2249 3073 2324 καταξιώσῃ
3104 2250 3311 2314 πάντας
3334 2251 3485 2322 ἡμᾶς
3518 2249 3655 2320 μετά

395 2341 552 2413 gendi
579 2358 700 2398 cum
733 2345 960 2409 sanctis,
979 2360 1215 2416 quorum
1249 2361 1436 2417 opera,
1455 2357 1508 2404 et
1525 2350 1769 2416 verba,et
1785 2353 1976 2408 ortho-

2075 2347 2246 2417 ἁγίων
2277 2345 2646 2406 ἀναστάσεως,
2677 2345 2734 2396 tv
2777 2342 2960 2412 ἔργοις
3003 2343 3094 2396 καὶ
3124 2341 3304 2412 λόγοις
3334 2341 3655 2414 εὑρεθέντας

394 2432 592 2488 doxam
625 2433 785 2489 ﬁdem
813 2435 1009 2490 imitati
1041 2435 1309 2494 fuerimus
1337 2442 1350 2494 l
1403 2439 1534 2510 quia
1562 2441 1663 2512 ipsi
1685 2452 1769 2498 est
1801 2443 1973 2515 gloria

2073 2436 2170 2492 καὶ
2201 2436 2380 2489 πίστει
2408 2429 2707 2504 ὀρθοδόξῳι
2740 2431 2824 2484 ὅτι
2850 2429 3000 2502 αὐτῷ
3027 2432 3060 2502 η
3087 2431 3216 2500 δόξα
3245 2431 3426 2486 καὶτὸ
3454 2431 3653 2504 κράτος

393 2535 449 2582 οι
481 2527 724 2599 potentia
749 2543 846 2598 per
883 2529 1080 2585 saecula
1112 2532 1461 2588 saeculorum.
1493 2533 1683 2592 Amen.

1554 2550 1683 2592 men.
2073 2529 2153 2593 είς
2187 2528 2313 2590 τοὺς
2341 2525 2545 2590 αἰῶνας
2572 2523 2682 2578 τῶν
2709 2521 2942 2579 αἰώνων.
2957 2521 3153 2596 Ἀμήν.

1150 2619 1214 2675 ν.
2835 2621 2913 2674 E';

431 2703 702 2762 Laudatio
731 2708 789 2762 in
825 2708 1195 2785 άοιήιὶιίρηεηι
1232 2724 1431 2770 sancta:
1460 2714 1702 2771 Domina:
1728 2728 1923 2773 nostra

2085 2715 2408 2785 Ἐγκώμιον
2431 2715 2520 2780 είς
2544 2714 2966 2785 τὴν-ποίμνῃσιν
2992 2711 3297 2785 τὴςκᾴγίας
3316 2710 3652 2780 Δεσποίνης

1039 2781 1305 2844 Πείρανω.
2156 2781 2167 2784 ⁷
2265 2781 2279 2785 ⁷
2559 2781 2638 2855 ὴμ

2156 2781 2167 2784 ⁷
2265 2781 2279 2785 ⁷
2559 2781 2731 2855 ἡμῶν
2763 2781 3061 2838 Θεοτόκου
3077 2783 3174 2854 (5).

463 2871 517 2924 Ι.
557 2867 726 2926 Tuba!
754 2885 970 2940 vocem,
988 2873 1232 2930 buccinae
1259 2877 1594 2945 clangorem,
1627 2877 1788 2933 solito
1817 2893 1970 2935 reso-

2140 2876 2211 2934 α’.
2237 2875 2424 2949 Φωνὴν
2447 2874 2768 2945 σάλπιγγος,
2799 2874 3095 2947 κερατίνης
3123 2873 3257 2945 βοῆς
3278 2872 3649 2939 ἀλαλάζουσαν

392 2963 617 3019 nantius
647 2963 1001 3032 clamantem,
1041 2977 1096 3023 et
1141 2969 1294 3024 orbis
1322 2967 1456 3024 lines
1486 2971 1719 3040 strepitu
1761 2987 1964 3027 concu-

2069 2966 2438 3040 γεγωνότερον
2475 2966 2570 3022 καὶ
2597 2964 3001 3021 καταδονοῦσαν
3031 2965 3102 3019 τά
3137 2965 3370 3036 πέρατα,
3398 2965 3648 3019 ἀπαιτῶν

391 3057 638 3124 tientem,
671 3073 857 3114 sermo
895 3073 1054 3116 meus
1081 3075 1205 3116 cum
1243 3063 1486 3130 postulet
1529 3063 1602 3118 ob
1631 3064 1772 3120 hanc
1822 3065 1967 3122 sacri

2068 3029 2098 3114 ό
2124 3029 2282 3128 λόγος
2493 3057 2773 3128 εὐφημίαν
2815 3055 2918 3127 τῆς
2936 3029 3230 3128 ,παρούσης
3257 3029 3647 3129 ίεροκηρύκτου

389 3147 650 3217 praeconii
683 3149 827 3204 diem
861 3149 1282 3218 celebrandam;
1314 3153 1428 3220 vix,
1467 3167 1502 3208 ο
1535 3154 1663 3219 viri,
1699 3170 1798 3225 per
1825 3156 1965 3226 pho-

2064 3151 2300 3223 ἡμέρας,
2333 3149 2659 3216 κινδυνεύει,
2686 3143 2732 3204 ὦ
2773 3148 2985 3220 ἀνδρες,
3012 3148 3080 3202 δι’
3113 3147 3374 3213 ἀσθενοῦς
3399 3148 3494 3203 τοῦ
3527 3165 3644 3219 φω-

387 3240 556 3295 netici
607 3242 783 3296 nostri
830 3241 1025 3312 organi
1077 3243 1326 3300 infirmas
1359 3245 1509 3304 vires
1536 3247 1804 3318 procedit.
1859 3247 1963 3304 Sed

2065 3242 2286 3314 νητικού
2329 3245 2362 3313 ἡ
2373 3242 2490 3314 μῶν
2530 3240 2767 3314 ὀργάνου
2799 3242 3236 3314 προερχόμενος·
3277 3241 3393 3296 ἀλλ’
3420 3241 3455 3312 ἡ
3490 3239 3645 3311 βασίο

390 3331 600 3400 Regina
631 3346 696 3388 ac
725 3331 958 3389 Domina
993 3333 1260 3400 universi,
1291 3344 1556 3409 tanquam
1584 3337 1812 3393 minime
1843 3351 1966 3394 am-

2063 3333 2228 3389 λισσα
2268 3335 2360 3387 καὶ
2389 3333 2552 3400 κυρία
2580 3333 2674 3387 τοῦ
2706 3333 2928 3398 παντὸς,
2964 3333 3042 3398 ὡς
3068 3327 3158 3389 οἷά
3184 3351 3272 3398 τις
3299 3333 3641 3404 ἀφιλότιμος,

389 3421 610 3486 bitiosa,
646 3422 891 3492 recipiet,
908 3424 1243 3496 spero,bunc
1271 3444 1490 3500 quoque
1519 3429 1756 3491 brevem,
1784 3427 1965 3485 tam"-

2062 3425 2274 3491 δέξαιτο
2294 3425 2432 3496 τάχα
2458 3426 2554 3479 καὶ
2579 3423 2670 3480 τὸν
2699 3425 2828 3496 τῇδε
2853 3425 3097 3480 δουλικὸν
3123 3425 3296 3496 αὐτῆς
3320 3425 3526 3498 βραχὺν
3549 3427 3641 3480 καὶ

388 3511 510 3566 lilio
539 3512 660 3581 eius
689 3512 990 3586 addictum,
1029 3522 1422 3590 pauperculnm
1465 3527 1716 3575 nostrum
1757 3535 1965 3576 sermo-

2063 3518 2318 3590 πενιχρδν
2370 3518 2529 3590 ήμῶν
2555 3516 2734 3587 λόγον,
2773 3517 2850 3581 ὡς
2891 3517 3000 3571 τῶν
3033 3517 3326 3589 ὑψηγόρων
3369 3519 3497 3582 τοὺς
3539 3534 3641 3588 μα.

388 3627 538 3679 nem,
583 3606 728 3666 liaud
765 3627 925 3669 secus
962 3628 1125 3684 quam
1166 3614 1487 3669 sublimium
1518 3623 1800 3671 oratorum
1841 3616 1964 3671 lon-

2062 3609 2230 3680 κρούς
2257 3625 2316 3662 τε
2361 3613 2456 3662 καὶ
2485 3608 2936 3680 ὑπερλάμπρους,
2969 3611 3090 3672 ταῖς
3128 3607 3223 3662 τοῦ
3272 3609 3642 3680 προστάσσον-

388 3717 487 3773 gas
537 3702 959 3774 splendidasque
1010 3703 1328 3770 orationes,
1375 3705 1497 3776 ejus
1557 3707 1652 3778 qui
1711 3706 1845 3762 mihi
1907 3705 1962 3762 id

2061 3718 2152 3765 τος
2197 3701 2382 3772 εὐχαῖς
2447 3701 2880 3771 εὐμενιζομένη·
2959 3700 3189 3770 ἐπείπερ
3256 3699 3532 3772 καὶπρὸς
3583 3698 3642 3751 ἓν

388 3792 762 3860 demandavit,
822 3794 1082 3864 precibus
1130 3795 1424 3864 propitiata
1478 3814 1494 3852 :
1543 3806 1742 3868 praeter
1794 3813 1961 3868 quam

2064 3793 2226 3864 μόνον
2263 3791 2450 3862 βλέπει
2489 3793 2550 3846 τὸ
2596 3793 2694 3862 τῆς
2721 3791 3034 3862 προθέσεως
3073 3794 3106 3863 ὴ
3140 3791 3474 3862 φιλάγαθοςο
3504 3790 3641 3846 ἀλλά

387 3880 556 3951 quod,
601 3880 763 3936 unice
797 3882 1000 3954 aspicit
1041 3885 1242 3940 mentis
1290 3886 1636 3956 propositum
1668 3885 1961 3958 benignis-

2062 3903 2153 3958 μοι
2175 3884 2356 3956 δεῦρο,
2377 3885 2760 3958 συναγέρθητι,
2780 3885 2816 3958 ἠ
2844 3883 2939 3940 ὐπ’
2956 3883 3186 3956 οὐρανὸν
3201 3885 3409 3951 ἀπασα,
3434 3885 3559 3938 ὅσον
3579 3883 3641 3936 ἐν

387 3973 528 4027 sima
557 3973 729 4044 virgo.
769 3977 884 4045 Age
916 3989 1062 4032 nunc
1090 3977 1226 4032 mihi
1253 3977 1361 4034 huc
1389 3979 1557 4034 simul
1586 3979 1796 4047 adesto,
1836 3980 1962 4035 uni-

2062 3977 2348 4049 ίεράρχαις
2374 3991 2436 4030 τε
2480 3976 2576 4030 καὶ
2608 3973 2865 4046 ἱερεῦσιν,
2895 3977 2954 4029 ἐν
2981 3976 3293 4046 μοναδικοϊς
3332 3991 3392 4029 τε
3424 3976 3515 4029 καὶ
3546 3991 3640 4044 μι-

388 4079 547 4119 versa
588 4080 712 4135 qua:
745 4066 886 4122 coelo
917 4068 1082 4124 subes
1115 4077 1282 4136 terra,
1317 4080 1584 4140 quantum
1620 4081 1704 4128 est
1739 4073 1962 4144 pontifi-

2058 4069 2243 4138 γάσιν,
2271 4069 2329 4122 tv
2362 4065 2639 4138 βασιλεῦσί
2681 4083 2742 4120 τε
2775 4067 2869 4121 καὶ
2909 4067 3190 4138 ἄρχουσιν,
3221 4068 3282 4121 ἐν
3317 4065 3545 4138 ἀνδράσι
3575 4081 3637 4120 τε

386 4171 514 4211 cum
566 4173 633 4214 ac
683 4159 1056 4229 sacerdotum,
1111 4163 1508 4219 monachorum
1561 4172 1618 4220 et
1667 4165 1956 4228 laicorum,

2059 4160 2156 4214 καὶ
2183 4157 2450 4229 γυναιξὶν,
2482 4159 2541 4212 ἐν
2565 4157 2870 4222 νεανίσκοις
2897 4173 2958 4210 τε
2988 4159 3083 4211 καὶ
3106 4155 3420 4228 παρθένοις,
3451 4159 3510 4210 tv
3538 4174 3638 4226 φυο

387 4263 578 4320 regum
610 4259 663 4305 et
689 4250 1024 4322 principum,
1062 4253 1306 4308 virorum
1341 4268 1406 4310 ac
1445 4253 1799 4318 feminarum,
1827 4255 1960 4310 ado-

2057 4250 2179 4316 λαῖς
2209 4267 2270 4305 τε
2301 4249 2398 4304 καὶ
2421 4247 2716 4320 γλώσσαις,
2761 4247 3030 4317 παγγενεί
3065 4263 3128 4302 τε
3159 4248 3256 4301 καὶ
3290 4245 3633 4318 παμπληθεὶ,

386 4339 817 4396 lescentulorum
845 4357 913 4398 ac
942 4342 1242 4415 virginum,
1262 4344 1506 4400 tribuum
1537 4354 1594 4400 et
1623 4346 1954 4416 linguarum,

2061 4344 2156 4400 καὶ
2184 4343 2285 4407 τὰς
2307 4340 2418 4396 τῶν
2437 4341 2650 4413 ἀρετῶν
2681 4334 2916 4410 ἐσθῆτας
2943 4337 3446 4407 ἐξυπαλλάσσουσα,
3473 4339 3549 4402 ὡς
3576 4339 3636 4392 ἐν

385 4449 456 4487 ex
506 4432 654 4488 omni
704 4449 902 4506 genere
951 4450 1018 4491 ac
1066 4437 1307 4508 populo;
1364 4439 1744 4510 virtutumque
1796 4441 1955 4511 quasi

2063 4437 2397 4509 κροσσωτοίς
2439 4434 2664 4506 χρυσοῖς
2718 4430 3184 4504 περισεὸλημένη,
3211 4429 3633 4501 πεποικιλμένη,

384 4525 700 4582 mutatoriis
746 4527 1006 4597 sumptis,
1049 4529 1232 4585 aureis
1278 4529 1514 4586 ﬁmbriis
1545 4531 1955 4588 circumamicta

2062 4527 2295 4604 πρόελθε
2344 4525 2587 4598 φαιδρῶς
2620 4524 2888 4597 γεγηθυῐα
2925 4525 3027 4595 τῆς
3053 4521 3389 4594 κυριοτόκου
3415 4520 3635 4592 Μαρίας

383 4627 441 4672 et
473 4619 698 4687 variata,
733 4619 892 4689 prodi
935 4620 1184 4677 hilariter
1215 4622 1477 4694 gestiens,
1504 4632 1564 4680 ut
1587 4621 1958 4696 Dominipam

2060 4617 2254 4692 ἑορτὴν
2281 4615 2618 4689 ἑορτάζουσα
2643 4613 2712 4669 τά
2735 4611 3021 4684 ἐπικήδειά
3042 4628 3111 4666 τε
3137 4613 3236 4666 καὶ
3265 4611 3625 4683 διαδατὴριατ

382 4707 571 4762 Mariae
592 4707 845 4766 funebria
873 4717 928 4764 et
959 4711 1253 4766 transitum
1284 4712 1552 4769 celebres.
1583 4712 1782 4785 Migrat
1807 4715 1956 4770 enim

2065 4710 2382 4783 μεταϐαίνει
2429 4708 2540 4780 γὰρ
2585 4709 2650 4763 ἐκ
2689 4708 2797 4760 τῶν
2829 4703 3040 4759 ἐνθένδε
3085 4703 3182 4759 καὶ
3213 4703 3421 4773 ἐγγίζει
3449 4703 3631 4776 ὄρεσιν

380 4817 445 4854 ex
472 4801 554 4856 his
585 4802 946 4859 terrestribus
973 4811 1027 4858 et
1057 4805 1462 4875 appropinquat
1490 4806 1773 4863 montibus
1798 4817 1957 4862 teter-

2061 4804 2326 4867 αίωνίοις,
2350 4801 2412 4856 τδ
2443 4801 2568 4872 ὅρος
2600 4799 2767 4862 ὅντως
2785 4797 2850 4852 τὸ
2881 4795 3041 4860 Σιὼν,
3073 4795 3103 4850 ὃ
3126 4796 3426 4866 ηὐδόκησεν
3448 4798 3478 4850 ό
3500 4795 3632 4859 θεὸς

385 4894 495 4958 nis,
552 4908 715 4950 verus
773 4893 960 4951 Sionis
1011 4907 1196 4959 mons,
1255 4897 1311 4951 in
1371 4911 1483 4966 quo
1538 4896 1652 4952 Deo
1709 4898 1958 4956 habitare

2062 4898 2338 4952 κατοικεῖν
2363 4897 2423 4948 tv
2451 4892 2621 4963 αὐτῷ,
2650 4891 2726 4956 ὡς
2753 4893 2786 4963 η
2811 4890 2907 4944 τοῦ
2934 4888 3226 4960 ψάλλοντος
3251 4887 3392 4960 λύρα
3408 4905 3424 4920 ·
3461 4889 3631 4958 σήμε-

381 4985 608 5052 placuit,
651 4995 709 5040 ut
762 4984 1070 5042 Psalmistae
1116 4987 1234 5059 lyra
1276 4989 1428 5045 canit
1449 4990 1519 5045 ".
1569 4989 1742 5046 Hodie
1791 4991 1957 5062 igitur

2063 5009 2157 5064 ρον
2179 4986 2471 5060 τοιγαροῦν
2495 4985 2526 5038 ὀ
2554 4983 2800 5054 ἐπίγειος
2829 4983 3056 5056 οὐρανὸς
3082 4983 3164 5054 τῷ
3189 4983 3289 5054 τῆς
3324 4981 3629 5053 ἀφθαρσίας

384 5083 659 5132 terrenum
688 5075 886 5132 ccelum
922 5077 1464 5149 incorruptibilitatis
1487 5081 1818 5136 vestimento
1851 5081 1955 5136 cir-

2063 5079 2394 5154 περιὸολαίῳ
2427 5076 2795 5146 ἑλισσόμενος,
2830 5075 3213 5144 ἐξαλλάττεται
3257 5075 3339 5137 είς
3369 5073 3629 5146 διαμονὴν

452 5190 494 5222 ¹¹
521 5187 665 5244 Psal.
693 5204 877 5258 cum,
909 5188 995 5245 Η.

314 5288 323 5350 l
486 5347 490 5351 .

311 5351 318 5404 ί
379 5457 421 5472 __
451 5383 530 5472 (ιε)
571 5387 894 5472 Adnotatio.
919 5389 981 5444 In
1000 5389 1186 5472 codice
1209 5389 1392 5472 pris-cio
1419 5387 1544 5472 vin:
1566 5387 1693 5472 95.55,
1719 5385 1757 5442 ς.
1778 5387 1910 5472 εεσέ

2059 5393 2151 5472 ubi
2171 5397 2450 5472 sexaginta
2482 5414 2595 5453 ave.
2623 5398 2838 5472 incipit.
2869 5397 3554 5472 AattfttptbcﬂtavnvupiCel
3593 5400 3625 5472 ἠ

379 5457 908 5539 ερεξιιιτκιιιὶξιιοτειὶο
935 5473 1069 5539 cum
1084 5460 1197 5539 hoc!
1210 5457 1376 5539 titulo
1403 5477 1418 5515 :
1438 5458 1544 5539 Τοιξ
1567 5459 1960 5539 ἁγίουρτατρδς

2057 5464 2237 5528 κτίσις
2273 5457 2566 5539 τῆμερονέ
2599 5457 2870 5537 ερίεηᾏίάε
2904 5457 3060 5526 Ιιὸάίέ
3096 5457 3623 5538 εᾶίειηηὶἲὶιιὲπίαςξὶ

377 5527 537 5623 τιμῶν
567 5527 842 5613 ἒεοεεώρου
875 5528 968 5623 ’ξοδ
989 5530 1150 5623 Δέον,
1167 5528 1422 5623 ὡμοέοϊη
1453 5530 1664 5623 ξεῑιεες
1681 5529 1760 5623 ,τὲ
1779 5527 1955 5623 ,τελέε-

2056 5545 2238 5623 creata
2267 5527 2496 5623 natura.
2525 5527 2798 5623 Equidem
2829 5541 2918 5596 vix
2953 5539 3156 5623 _dubito
3199 5540 3332 5623 quin
3365 5527 3621 5623 praedicta

379 5597 645 5683 (litos-3?};
667 5597 969 5683 O-ntpayiqc
985 5597 1251 5683 βίοτόκου
1279 5602 1336 5683 tv
1355 5597 1748 5683 ᾧέδέξήκοντα
1778 5597 1954 5683 χαῖρε2

2053 5609 2234 5683 gratio
2266 5604 2494 5683 Studita:
2526 5597 2835 5683 tidstri‘sit;
2873 5610 2966 5666 sed
3000 5611 3127 5683 guia
3157 5597 3266 5683 su'b
3298 5597 3621 5683 S_.'Joann_i_s

379 5667 568 5750 Sent-ti
602 5667 789 5750 patris
827 5667 997 5750 nostri
1027 5671 1316 5750 Theodori,
1359 5667 1476 5750 novi
1517 5667 1833 5750 confessor-'3‘:
1871 5667 1954 5740 '(t'd
2053 5671 2374 5750 Damasceni
2404 5679 2624 5734 nomine
2653 5667 2968 5735 edidit'eam
2998 5667 3299 5749 Lequinius
3316 5676 3454 5750 Opp.
3487 5689 3525 5733 ι.
3551 5675 3617 5747 ll,

377 5747 455 5793 est
497 5737 774 5811 Studt‘tw),
825 5743 879 5799 in
925 5743 1259 5800 nativitatem
1296 5737 1652 5800 sanctissimis
1681 5737 1948 5812 Ποίμαινε,
2051 5757 2106 5814 p.
2141 5745 2245 5802 849
2274 5761 2452 5818 scqq.,
2487 5763 2518 5802 a
2557 5765 2642 5804 me
2671 5749 3010 5819 praetermitti
3035 5737 3243 5806 de'buit.
