4050 6364
401 376 506 446 ’721

1233 379 1517 443 ORATIO
1546 385 1612 445 V.
1641 407 1710 420 ὀλ
1744 384 1825 446 ΙΝ
1864 384 2404 448 ΒΟΡιΜῘΤΙΟΝΕΜ
2443 385 2816 448 ΒΕΙΡΑΒᾹΞ.

3566 349 3708 456 τρε

401 491 503 562 τήν
545 485 800 562 βελτίονά
839 502 902 542 τε
945 484 1042 542 καὶ
1069 487 1396 560 μακραίωνα
1418 505 1437 523 ο
1468 490 1712 562 σήμερον
1751 491 1796 562 ﬂ
1823 491 1991 564 νοητὴ

2106 495 2488 550 cumamictum
2523 494 2859 551 transfertur
2883 497 2950 551 ad
2989 495 3273 555 meliorem
3298 476 3676 575 aeternamque

403 583 500 640 καὶ
553 579 923 652 θεοφὼτιστος
973 579 1172 652 σελήνη
1208 580 1286 652 τῷ
1327 581 1432 652 τῆς
1469 581 1822 654 δικαιοσύνης
1859 583 1998 656 ἡλίῳ

387 675 884 743 δσυνεισσάλλουσα,
934 674 1182 730 ἐκλείπει
1243 675 1344 746 μὲν
1386 675 1483 730 τοῦ
1525 676 1627 743 τῆς
1675 677 1995 748 παραυτίκα

403 769 551 840 ζωῆς
592 767 958 840 προσκαίρου,
989 768 1048 822 ἐν
1077 767 1128 822 τ’
1141 766 1296 838 αὐτῷ
1323 766 1383 822 δὲ
1424 766 1793 822 ἀνατέλλουσα
1820 783 1994 822 κατα-

403 863 790 935 λαμπρύνεται
820 861 902 933 τῷ
942 861 1043 933 τῆς
1085 861 1392 926 ἀθανασίας
1414 859 1716 933 ἀξιώματι⁸
1753 861 1996 934 σήμερον

402 960 438 1026 ή
468 955 867 1027 χρυσότευκτος
911 953 1008 1009 καὶ
1049 951 1589 1017 θεοκατασκεύαστος
1619 953 1852 1017 κιϐωτὸς
1891 951 1989 1007 τοῦ

402 1051 748 1122 ἀγιάσματος
801 1049 870 1104 ἐκ
925 1048 1035 1102 τῶν
1088 1047 1414 1120 ἐπιχθονίων
1461 1046 1840 1120 σκηνωμάτων
1877 1047 1990 1100 ἀπ-

403 1143 633 1217 αίρουσα
677 1142 816 1216 πρὸς
857 1141 959 1214 τὴν
1015 1141 1129 1196 ἀνω
1170 1140 1527 1213 Ἰερουσαλὴμ
1561 1138 1992 1214 μετακομίζεται

405 1240 486 1301 είς
523 1237 871 1293 κατάπαυσιν
907 1231 1268 1305 ἀτελεύτητον
1287 1248 1302 1264 ⁹
1337 1234 1433 1289 καὶ
1457 1235 1487 1288 6
1517 1233 1806 1305 θεοπάτωρ
1829 1230 1994 1286 Δαυῒδ

404 1327 496 1386 οἷά
543 1348 630 1394 τις
705 1328 1010 1401 κιθαρίζων
1081 1329 1272 1383 ἐκεῖνα
1335 1329 1471 1400 ἡμῖν
1543 1325 1801 1398 μελῳδῶν
1863 1326 1995 1380 ἀνα·

2093 585 2465 641 mansionem.
2512 588 2691 641 Hodie
2739 588 3006 658 spiritalis
3047 602 3214 661 atque
3262 607 3292 647 a
3328 592 3439 648 Deo
3478 595 3676 651 illumi-

2092 685 2224 733 nata
2256 679 2387 734 luna
2427 679 2483 734 in
2515 680 2746 751 justitize
2775 681 2960 737 Solem
2995 681 3311 749 incurrens,
3337 685 3520 742 deﬁcit
3546 689 3674 758 qui-

2091 770 2215 826 dem
2251 786 2281 827 a
2305 773 2565 843 praesenti
2607 775 2896 844 temporali
2926 775 3062 840 vita,
3106 777 3385 847 simulque
3417 779 3676 835 exoriens

2092 864 2532 921 immortalitatis
2564 868 2828 938 dignitate
2853 867 3182 922 illustratur.
3213 866 3390 924 llodie
3422 870 3675 926 inaurata

2094 965 2147 1012 et
2176 957 2445 1013 divinitus
2483 957 2754 1038 fabricata
2809 962 3122 1017 sanctitatis
3171 978 3297 1018 arca
3330 965 3399 1020 de
3441 965 3676 1020 terrenis

2097 1049 2467 1108 tabernaculis
2491 1051 2558 1107 ad
2586 1068 2884 1122 supernam
2901 1052 3212 1110 Jerusalem
3238 1057 3592 1128 commigrat.
3618 1059 3672 1111 in

2095 1143 2342 1212 requiem
2381 1142 2490 1200 fine
2517 1153 2828 1212 carentem;
2857 1145 2910 1200 id
2939 1147 3087 1217 quod
3120 1148 3279 1204 nobis
3307 1157 3363 1203 et
3391 1150 3676 1220 theopater

2097 1229 2294 1295 David,
2326 1233 2540 1289 cithara
2575 1233 2745 1290 veluti
2795 1250 3000 1292 canens
3029 1236 3107 1292 ait
3136 1278 3150 1293 .
3180 1237 3529 1292 Adducentur
3565 1239 3676 1310 regi

2097 1323 2326 1394 virgines
2346 1324 2431 1395 ";
2456 1325 2508 1381 id
2538 1336 2622 1382 est
2645 1327 2866 1392 animae,
2893 1337 3016 1398 post
3039 1329 3189 1384 illam
3219 1330 3314 1384 tibi
3339 1331 3656 1387 afferentur.

407 1420 704 1491 φθέγγεται
729 1435 745 1451 ο
804 1417 1368 1488 Ἀπεγεχθήσοηαι,
1402 1416 1592 1490 φησὶν,
1645 1414 1728 1481 τῷ
1766 1409 2024 1481 ,βασιλεῖ
2075 1413 2363 1484 παρθένοι
2385 1419 2402 1436 ⁶
2465 1415 2670 1489 δηλαδή
2727 1419 2923 1492 ψυχαὶ,
2976 1419 3154 1475 ὀπίσω
3201 1421 3374 1493 αὐτῆς
3442 1423 3680 1494 ἀπενεχ-

409 1514 670 1586 θήσονταί
704 1531 814 1568 σοι.

481 1606 551 1678 β’.
575 1605 692 1662 Νῦν
717 1606 814 1662 οῦν
841 1604 1137 1678 αίσθητοὺς
1165 1603 1479 1676 ὀφθαλμοὺς
1501 1605 1535 1675 ἡ
1563 1601 1826 1666 Θεοτόκος
1851 1617 1992 1670 συμο

411 1697 656 1770 μύσασα,
679 1698 808 1763 τοὺς
833 1699 1063 1770 νοητοὺς
1089 1699 1224 1770 ἡμῖν
1257 1695 1335 1762 ὡς
1371 1695 1662 1768 λαμπροὺς
1688 1694 1785 1750 καὶ
1815 1693 1991 1766 μεγά-

406 1791 534 1855 λους
565 1789 778 1862 ἀνίσχει
813 1790 1132 1862 φωστῆρας,
1166 1791 1336 1862 μήπω
1361 1787 1796 1852 καταδύσαντας,
1825 1787 1907 1850 είς
1931 1784 1994 1839 τὸ

2167 1597 2224 1654 2.
2265 1597 2424 1657 Nunc
2467 1615 2600 1674 ergo
2647 1604 2966 1662 materiales
3019 1606 3210 1662 oculos
3244 1605 3471 1676 Deipara
3523 1608 3678 1663 clau-

2097 1687 2257 1757 dens,
2295 1691 2567 1760 spiritalia
2598 1692 2757 1750 nobis
2789 1701 2844 1749 et
2887 1709 3086 1765 magna
3119 1695 3322 1750 attollit
3359 1695 3677 1758 luminaria,

2098 1796 2381 1853 nunquam
2421 1799 2711 1854 occasura,
2762 1796 2892 1842 ante
2939 1787 3152 1843 scilicet
3191 1798 3546 1857 conspectum
3582 1786 3678 1842 Dei

407 1887 704 1958 γρηγορεῖν
756 1901 819 1938 τε
873 1883 970 1938 καὶ
1023 1881 1408 1948 ἐξιλάσκεσθαι
1460 1879 1540 1952 τῷ
1573 1877 1851 1952 προσώπῳ
1894 1875 1992 1932 τοῦ

2106 1890 2198 1945 pro
2250 1876 2443 1932 mundi
2490 1879 2664 1933 tutela
2713 1879 3099 1951 pervigilantia
3141 1897 3156 1937 :
3191 1896 3340 1935 nunc
3391 1897 3515 1935 cum
3575 1895 3680 1934 vox

407 1977 546 2031 Θεοῦ
591 1976 734 2048 ὑπὲρ
779 1976 878 2045 τῆς
915 1974 1012 2029 τοῦ
1055 1975 1263 2046 κόσμου
1301 1972 1642 2044 ἀντιλήψεως
1663 1988 1679 2004 ο
1709 1969 1807 2026 νῦν
1837 1972 1896 2026 ἐν
1921 1972 1989 2043 τῇ

408 2067 658 2141 ἐνάρθρῳ
701 2069 853 2140 φωνῇ
900 2065 972 2122 τά
1015 2065 1306 2138 θεοκίνητα
1343 2064 1498 2138 χείλη
1535 2065 1990 2136 ύποσιωπήσασα,

407 2159 655 2216 ἀείλαλον
674 2159 847 2230 αὐτῆς
871 2159 934 2213 τὸ
955 2158 1351 2232 πρεσϐευτικδν
1380 2157 1523 2231 ὑπὲρ
1548 2156 1645 2212 τοῦ
1671 2158 1874 2220 παντὸς
1902 2156 1994 2226 γέ-

409 2269 534 2318 νους
565 2251 835 2321 ἐξανοίγει
861 2250 1037 2324 στόμα
1058 2267 1074 2283 °
1112 2251 1210 2305 νῦν
1252 2250 1354 2315 τάς
1394 2250 1717 2320 σωματικὰς
1750 2251 1846 2304 καὶ
1876 2249 1995 2303 θεο-

407 2344 610 2417 φόρους
673 2343 937 2416 παλάμας
991 2343 1388 2411 ύποστείλασα,
1438 2331 1767 2416 ἀειρομένας
1824 2342 1995 2408 αύτάς

407 2436 839 2506 ἀφθαρτισθεῖσα
864 2437 1004 2510 πρὸς
1029 2437 1122 2492 τὸν
1148 2437 1430 2510 Δεσπότην
1459 2437 1603 2510 ὑπὲρ
1624 2438 1724 2506 τῆς
1745 2436 1996 2507 οἰκουμέ-

407 2549 509 2603 νης
541 2533 760 2603 ἀπάσης
786 2531 1148 2604 παρίστησινο
1181 2533 1308 2604 ἀρτι
1336 2531 1429 2586 τὸν
1456 2531 1693 2603 ἡλιοειδῆ
1719 2532 1816 2585 καὶ
1841 2548 1998 2600 φυσι-

409 2625 508 2678 κδν
534 2626 860 2697 χαρακτῆρα
895 2624 1292 2698 ἀποκρύψασα,
1316 2625 1722 2696 ἀκτινολαμπεῖ
1741 2627 1806 2697 τῇ
1835 2641 1995 2678 σκια-

410 2719 660 2789 γραφικῇ
705 2716 880 2788 αὐτῆς
908 2717 1101 2787 εικόνι,
1127 2717 1222 2773 καὶ
1244 2717 1572 2791 προστίθησι
1595 2719 1713 2782 τοῖς
1738 2717 1890 2782 λαοῖς
1915 2718 1997 2779 είς

410 2805 710 2876 ἀσπασμὸν
739 2805 1090 2878 εύεργετικδν
1123 2808 1381 2880 σχετικῆς
1421 2810 1868 2880 προσκυνήσεως,
1896 2807 1997 2864 κᾶν

416 2895 492 2969 μὴ
505 2895 865 2968 βούλωνταιοί
881 2897 1248 2971 αίρετίζοντες
1266 2899 1411 2972 (6-7)
1427 2916 1442 2932 ο
1461 2899 1576 2955 ἀνω
1609 2899 1677 2971 δὴ
1706 2900 1997 2954 ἀναπτᾶσα

413 2991 448 3060 ή
469 2989 748 3060 πάναγνος
779 2992 1106 3064 περιστερὰ,
1127 2993 1199 3047 τὰ
1223 2993 1374 3049 κάτω
1410 2993 1702 3065 φυλάττειν
1732 2995 1794 3048 οὐ
1825 2993 1999 3048 παύε-

413 3098 543 3136 ται·
606 3082 700 3138 τοῦ
754 3084 1010 3156 σώματος
1059 3084 1385 3154 ἐξελθοῦσα,
1435 3085 1516 3158 τῷ
1570 3085 1846 3158 πνεύματι
1899 3087 1998 3143 σὺν

414 3176 546 3246 ἡμῖν
591 3176 776 3231 ἐστιν’
822 3178 906 3243 είς
941 3177 1207 3251 οὐρανοὺς
1237 3179 1575 3252 είσαχθεῖσα,
1621 3177 1998 3251 ἐξοστρακίζει

2099 1967 2388 2025 articulata
2433 1968 2488 2024 in
2523 1969 2645 2040 ejus
2689 1971 2988 2028 commotis
3031 1987 3062 2026 a
3094 1970 3208 2028 Deo
3240 1971 3400 2027 labiis
3429 1971 3574 2036 silet,
3612 1971 3681 2027 ad

2099 2073 2364 2120 aeternam
2423 2063 2696 2136 loquelam
2761 2065 2994 2137 supplex
3053 2082 3215 2122 suum
3269 2081 3370 2138 pro
3422 2067 3680 2121 universo

2101 2155 2388 2211 hominum
2443 2173 2644 2229 genere
2698 2174 2762 2216 os
2809 2159 3063 2228 adaperit
3103 2178 3115 2213 :
3164 2174 3314 2214 nunc
3365 2157 3682 2228 corporales

2101 2264 2252 2317 suas,
2285 2267 2409 2321 quae
2439 2241 2608 2307 Deum
2649 2262 2932 2323 gestavere
2957 2267 3155 2307 manus
3183 2250 3498 2317 demittens',
3538 2248 3682 2305 facta

2101 2341 2452 2407 immortalis.
2486 2343 2553 2399 ad
2591 2343 2887 2398 Dominum
2932 2359 3032 2414 pro
3067 2341 3256 2398 mundi
3297 2343 3475 2398 salute
3521 2342 3684 2396 attol-

2103 2435 2166 2490 lit
2199 2453 2212 2490 :
2246 2451 2393 2490 nunc
2439 2436 2545 2491 soli
2597 2451 2785 2507 parem
2837 2435 3170 2492 subtrahens
3216 2436 3517 2492 naturalem
3565 2434 3683 2489 for-

2103 2544 2272 2590 mam.
2319 2528 2569 2599 splendet
2616 2537 2800 2584 tamen
2849 2529 2903 2584 in
2943 2530 3087 2601 picta
3127 2531 3286 2586 icone
3345 2545 3467 2592 sua.
3518 2544 3682 2600 quam

2103 2619 2323 2688 populis
2353 2617 2421 2674 ad
2454 2634 2713 2690 congrua:
2743 2620 3118 2677 venerationis
3157 2619 3456 2676 salutarem
3491 2603 3711 2675 conta?

2103 2721 2254 2766 ctum
2281 2711 2536 2780 exhibet;
2564 2711 2785 2767 etiamsi
2821 2711 2873 2768 id
2905 2711 3136 2768 minime
3165 2713 3368 2768 vellent
3398 2710 3638 2766 haeretici
3669 2728 3681 2764 :

2104 2812 2159 2861 et
2190 2819 2316 2860 cum
2354 2803 2409 2858 in
2441 2819 2642 2874 supera
2673 2803 2976 2861 evolaverit
3020 2803 3277 2860 columba
3309 2802 3686 2868 sanctissima,

2105 2898 2370 2954 inferiora
2435 2897 2552 2954 haec
2615 2907 2904 2969 protegere
2965 2912 3078 2953 non
3133 2895 3340 2953 desinit
3396 2914 3410 2951 :
3457 2911 3688 2965 corpore
3745 2931 3754 2942 .

2105 3006 2351 3062 egressa,
2385 2991 2585 3063 spiritu
2627 2992 2913 3048 nobiscum
2949 2999 3034 3046 est
3065 3008 3080 3046 :
3113 2990 3254 3046 coelo
3283 2991 3453 3055 illata,
3481 2989 3689 3045 dwmo‘

2106 3098 2206 3138 nes
2255 3083 2409 3155 fugat
2464 3082 2605 3139 facta
2655 3083 2798 3154 apud
2843 3081 3140 3139 Dominum
3193 3082 3507 3138 mediatrix.
3547 3080 3688 3137 Olim

2107 3174 2332 3245 quidem
2379 3189 2478 3245 per
2528 3174 2958 3245 progenitricem
3012 3173 3182 3230 Evam
3235 3190 3386 3230 mors
3440 3175 3690 3245 ingressa

414 3268 543 3333 τοὺς
593 3268 853 3341 δαίμονας
899 3269 1262 3343 μεσιτεύουσα
1290 3270 1360 3326 τά
1391 3271 1526 3345 πρὸς
1563 3271 1789 3344 Κύριον.
1822 3271 2000 3327 Πάλαι

2111 3268 2377 3324 tnundum
2426 3267 2660 3340 imperio
2698 3269 3020 3340 premebat;
3059 3285 3208 3324 nunc
3259 3278 3440 3324 tamen
3473 3269 3688 3323 beatam

419 3359 521 3430 μέν
563 3359 653 3415 διά
705 3362 807 3434 τῆς
853 3363 1206 3436 προμήτορος
1234 3362 1382 3428 Εὔας
1419 3365 1449 3418 6
1480 3365 1714 3430 θάνατος
1739 3365 2001 3420 εἰσελθὼν

417 3453 890 3526 ἐκοσμοκράτησε,
923 3455 1021 3509 νῦν
1061 3455 1122 3510 δέ
1159 3457 1226 3528 τῇ
1275 3457 1526 3530 μακαρίᾳ
1560 3456 1794 3531 θυγατρὶ
1830 3457 2005 3529 αὐτῆς

417 3543 687 3615 ὁμιλήσας
729 3547 1194 3616 ἀποκέκρουσται,
1220 3549 1434 3603 ἐκεῖθεν
1480 3549 1849 3622 ἐκνικώμενος
1878 3550 2004 3604 ὅθεν

419 3632 481 3685 τὸ
519 3634 723 3706 κράτος
760 3635 1101 3702 εἰσεδέξατο·
1137 3639 1488 3710 ἀγαλλιάσθω
1512 3639 1697 3694 τοίνυν
1722 3639 1784 3694 τδ
1811 3657 2005 3711 γυναι-

422 3727 568 3780 κείον
609 3727 768 3796 γένος
823 3729 941 3783 ἀντ’
963 3729 1202 3796 ὀνείδους
1241 3730 1403 3799 δόξαν
1446 3732 1798 3806 κατακληρού
1807 3751 1968 3806 μενον
1986 3751 2001 3766 ο

419 3818 795 3887 εὐφραινέσθω
826 3823 860 3892 ή
903 3820 1022 3877 Εὕα
1043 3837 1058 3853 ’
1091 3823 1279 3880 οὐκέτι
1315 3825 1427 3898 γάρ
1459 3826 1737 3894 ἐπάρατος
1757 3826 2008 3896 εὐλογίας

423 3909 581 3978 γόνον
593 3909 694 3984 τὴν
715 3913 939 3984 Μαρίαν
960 3914 1354 3986 περιφέρουσαο
1383 3917 1662 3989 σκιρτάτω
1686 3918 1720 3988 ή
1743 3917 2010 3990 σύμπασα

423 4001 622 4070 κτίσις,
652 4003 725 4058 τὰ
761 4005 863 4077 τῆς
892 4005 1209 4080 ἀφθαρσίας
1237 4007 1459 4080 νάματα
1493 4010 1775 4080 μυστικῶς
1805 4011 1872 4064 ἐκ
1906 4011 2010 4081 τῆς

425 4095 765 4169 παρθενικῆς
799 4099 986 4169 πηγῆς
1017 4099 1322 4172 ἀρυομένη,
1364 4100 1462 4156 καὶ
1497 4101 1594 4156 τοῦ
1627 4101 2009 4174 θανατηφόρου

422 4187 611 4260 δίψους
641 4189 1036 4245 ἀποτιάύουσα⁹
1083 4190 1315 4248 τοιαῦτα
1365 4194 1498 4264 ήμῖν
1534 4192 1607 4248 τὰ
1637 4194 2009 4266 ἐορταζόμενα

424 4280 700 4353 σήμερον·
737 4281 1043 4354 τηλικαῦτα
1099 4283 1171 4338 τὰ
1225 4284 1692 4356 ὑμνολογούμενα,
1729 4286 1767 4342 ἃ
1797 4289 1931 4360 ἡμῖν
1974 4289 2010 4360 ή

423 4371 801 4443 Χριστοανθὴς
826 4373 955 4446 ῥίζα
977 4373 1074 4430 τοῦ
1117 4376 1337 4443 Ἰεσσαὶ,
1359 4378 1394 4449 ή
1440 4377 1790 4449 ίερόσλαστος
1815 4379 2011 4452 ῥάϐδος

421 4465 519 4518 τοῦ
554 4463 788 4537 Ἀαρὼν,
816 4467 846 4521 6
875 4469 1069 4539 νοητὸς
1095 4469 1429 4542 παράδεισος
1472 4470 1570 4525 τοῦ
1595 4474 1695 4543 τῆς
1725 4470 1874 4544 ζωῆς
1907 4474 2012 4539 ξύ-

423 4557 541 4625 λου,
563 4559 593 4612 6
614 4559 858 4631 ἔμψυχος
880 4559 1086 4632 λειμὼν
1113 4561 1224 4616 τῶν
1250 4562 1596 4635 παρθενικῶν
1615 4565 1946 4637 ἀρωμάτων,
1975 4569 2009 4639 ἡ

426 4649 767 4720 κυπρίζουσα
791 4651 1202 4725 θεογεώργητος
1226 4653 1472 4725 ἄμπελος
1495 4655 1592 4709 τοῦ
1619 4656 1885 4729 πεπείρου
1915 4658 2012 4714 καὶ

425 4737 769 4808 ζωοσταγοῦς
789 4740 1039 4813 βότρυος,
1065 4744 1093 4796 6
1115 4741 1320 4815 ὑψηλὸς
1348 4746 1444 4798 καὶ
1469 4745 1786 4818 ἐπηρμένος
1801 4750 2011 4820 Χερου-

424 4830 580 4896 6ικδς
608 4832 802 4904 θρόνος
843 4833 942 4888 τοῦ
975 4834 1392 4902 παμϐασιλέως,
1418 4839 1448 4891 6
1488 4837 1704 4912 πλήρης
1731 4835 1882 4904 οἶκος
1910 4841 2010 4912 τῆς

423 4922 584 4994 δόξης
610 4924 841 4994 Κυρίου,
869 4925 1047 4980 τὸτοῦ
1076 4926 1315 4998 Χριστοῦ
1347 4928 1503 4997 ἅγιον
1533 4931 1955 5003 καταπέτασμα,
1983 4935 2012 4988 6

423 5014 523 5087 τῆς
547 5017 840 5090 ’Δνατολῆς
861 5019 1216 5088 φαεινότατος
1234 5021 1753 5095 τόπος,κοιμηθεῖσα
1775 5027 1836 5079 ἐν
1856 5025 2011 5098 είρή-

422 5125 489 5180 vn
521 5109 617 5163 καὶ
639 5109 962 5185 δικαιοσύνῃ
988 5113 1274 5185 χαρίζεται
1295 5130 1309 5145 ·
1329 5115 1681 5187 κοιμηθεῖσα,
1701 5118 1868 5189 φημὶ,
1893 5117 2012 5174 ἀλλ’

421 5199 524 5254 οὐκ
571 5200 956 5258 ἀποθανοῦσαθ
1004 5207 1344 5275 μεταστᾶσα,
1387 5207 1504 5263 ἀλλ’
1533 5210 1595 5264 οὐ
1637 5210 2012 5267 καταλιποῦσα

423 5294 898 5366 ύπερασπίζεσθαι
918 5299 1015 5354 τοῦ
1033 5302 1226 5370 γένους
1243 5319 1260 5334 ·
1287 5303 1426 5376 ποίῳ
1454 5304 1634 5361 τοίνυν
1661 5305 1807 5378 λόγῳ
1827 5325 2009 5379 παρα-

425 5387 698 5460 στήσομέν
725 5407 823 5444 σου
856 5393 1179 5465 μυστήριον,
1207 5396 1526 5468 ἀποροῦμεν
1557 5399 1832 5473 ἐννοῆσαι,
1856 5402 2011 5456 ἀσθε-

421 5479 628 5552 νοῦμεν
677 5483 978 5557 ἐκφράσαι,
1020 5486 1340 5560 ίλιγγιῶμεν
1376 5490 1694 5562 διαγράψαι.
1730 5495 1814 5549 ὄτι
1859 5494 2011 5562 ξένον

424 5572 521 5626 καὶ
567 5572 775 5646 ὑψηλὸν
820 5577 920 5632 καὶ
960 5579 1272 5651 ἐπηρμένον
1311 5580 1576 5648 διανοίαις
1615 5585 1858 5652 ἀπάσαις
1880 5605 1896 5622 ο
1947 5587 2009 5642 οὐ

494 5691 542 5724 ⁸⁸
565 5691 709 5749 Psal.
737 5709 865 5762 va,
897 5694 986 5751 l5.

2107 3361 2260 3416 illius
2295 3361 2464 3416 tiliam
2507 3376 2791 3434 aggressa,
2834 3361 3062 3432 depulsa
3102 3371 3209 3429 est;
3249 3360 3488 3416 indidem
3526 3364 3690 3427 victa,

2107 3452 2256 3508 unde
2309 3453 2442 3508 olim
2481 3453 2788 3525 potentiam
2845 3463 3182 3523 sumpserat.
3236 3451 3474 3508 Laetetur
3527 3452 3692 3524 igitur

2107 3546 2406 3602 femineum
2431 3561 2630 3617 genus.
2673 3561 2772 3617 pro
2808 3544 3112 3616 ignominia
3148 3544 3380 3614 gloriam
3412 3545 3690 3601 sortitum.

2109 3639 2360 3696 Gaudeat
2395 3639 2529 3706 Eva,
2562 3656 2684 3710 quae
2723 3639 2836 3710 jam
2876 3638 3136 3708 deinceps
3186 3653 3294 3692 nou
3334 3645 3420 3691 est
3463 3637 3694 3692 maledin

2107 3729 2278 3794 dicta,
2336 3741 2628 3801 postquam
2693 3728 3094 3784 benedictionis
3155 3727 3402 3783 sobolem
3465 3726 3692 3780 Mariam

2109 3820 2362 3892 protulit.
2403 3819 2653 3874 Exsultel
2691 3827 2948 3874 creatura
2983 3817 3266 3883 universa,
3298 3833 3420 3885 qua:
3462 3816 3691 3870 immur-

2109 3915 2341 3970 talitatis
2381 3913 2584 3969 ﬂuenta
2625 3929 2688 3967 ex
2732 3911 2980 3982 virgineo
3017 3910 3168 3966 fonte
3209 3911 3443 3981 mystice
3485 3910 3690 3975 haurit,

2109 4009 2314 4080 quibus
2344 4023 2374 4062 a
2411 4005 2697 4061 mortifera
2749 4005 2840 4062 siti
2877 4004 3164 4059 liberatur.
3210 4003 3336 4058 Haec
3375 4015 3563 4058 nostra
3611 4011 3696 4058 est

2109 4101 2376 4156 hodierna
2435 4099 2801 4154 solemnitas:
2838 4097 2952 4152 haec
3003 4103 3090 4152 est
3128 4095 3479 4168 hymnologia
3531 4111 3694 4165 quam

2111 4193 2274 4250 nobis
2303 4192 2620 4263 suppeditat
2651 4188 2820 4246 Jcsszc
2853 4189 3007 4245 radix
3036 4205 3162 4260 quae
3192 4187 3381 4243 ﬂorem
3413 4187 3694 4244 Christum

2111 4286 2330 4350 extulit,
2381 4299 2538 4340 sacra
2567 4282 2804 4337 Aaronis
2849 4282 2997 4353 virga
3051 4280 3429 4347 frondesceus,
3482 4281 3696 4336 intelle-

2111 4377 2310 4435 ctualis
2338 4375 2628 4446 paradisus
2654 4374 2746 4429 ubi
2777 4374 2901 4430 vitae
2931 4373 3164 4446 lignum,
3201 4373 3447 4444 spiritale
3475 4384 3695 4444 pratum

2111 4470 2466 4542 virginalium
2518 4476 2850 4534 aromatum,
2906 4465 3103 4524 ﬂorida
3151 4476 3206 4522 et
3248 4483 3278 4522 a
3319 4465 3430 4522 Deo
3479 4468 3697 4521 exculta

2112 4565 2241 4620 vitis
2276 4562 2478 4618 maturi
2510 4561 2732 4632 vitaque
2771 4559 3048 4616 manantis
3089 4559 3292 4616 racemi
3330 4577 3345 4613 :
3376 4559 3558 4615 celsus
3588 4561 3698 4614 elc-

2115 4667 2387 4728 vatusque
2416 4655 2648 4710 thronus
2674 4652 3017 4710 Cherubicus
3049 4653 3196 4724 regis
3222 4651 3573 4715 universalis,
3601 4651 3698 4705 do-

2117 4765 2242 4805 mus
2267 4747 2441 4820 gloria
2467 4745 2678 4801 Domini
2709 4746 2890 4817 plena,
2914 4755 3166 4800 sanctum
3189 4743 3393 4798 Christi
3423 4743 3696 4810 velamen,

2116 4839 2462 4897 lucidissima
2483 4837 2726 4894 Orientis
2743 4837 2914 4909 regio,
2932 4852 3055 4907 quae
3079 4837 3133 4891 in
3155 4850 3289 4907 pace
3307 4851 3370 4891 ac
3384 4835 3596 4906 justitia
3611 4837 3704 4890 oh-

2118 4930 2450 4996 dormivisti,
2477 4928 3144 4999 obdormivisti,inquam,
3163 4927 3350 4998 potius
3367 4944 3531 4998 quam
3561 4929 3703 4984 obii-

2117 5024 2185 5082 sti
2212 5039 2226 5077 :
2254 5022 2521 5078 translata
2543 5036 2624 5086 es,
2653 5035 2829 5092 neque
2842 5027 3035 5076 .tamen
3059 5019 3361 5074 humanum
3388 5036 3559 5090 genus
3581 5036 3704 5091 pro-

2118 5124 2303 5188 tegere
2329 5115 2561 5172 desiuis.
2592 5113 2935 5182 Quibusnam
2967 5112 3156 5183 itaque
3177 5112 3360 5169 verbis
3381 5115 3700 5184 mysterium

2119 5220 2276 5266 tuum
2320 5208 2702 5279 explanemus,
2753 5215 2939 5262 mente
2975 5206 3330 5278 amhigimus,
3386 5206 3574 5276 lingua
3614 5208 3701 5261 in-

2117 5303 2276 5360 ﬁrma
2304 5319 2413 5361 non
2445 5301 2745 5374 eloquitur,
2779 5299 3020 5355 scribere
3047 5299 3371 5364 titubamus,
3403 5302 3530 5368 quia
3550 5315 3703 5369 pere-

2115 5401 2334 5476 grinum
2361 5399 2753 5470 excelsumque
2784 5406 2890 5464 est,
2915 5403 3082 5467 atque
3107 5409 3301 5451 omnes
3332 5393 3703 5464 cogitationes

2118 5493 2478 5550 transcendit.
2526 5491 2715 5562 Neque
2767 5490 2918 5547 enim
2970 5488 3105 5544 illud
3150 5501 3446 5543 commune
3497 5484 3703 5553 aliquid

2118 5587 2284 5644 habet
2309 5595 2409 5643 aut
2436 5585 2897 5658 comparativum,
2933 5591 2993 5640 ut
3018 5579 3179 5639 facile
3201 5594 3269 5638 ex
3292 5579 3458 5636 rebus
3492 5577 3703 5633 nostris

502 5810 649 5883 (6-7)
689 5811 947 5884 lntelligit
977 5815 1367 5874 lconomachos
1406 5814 1637 5874 Mariani
1664 5816 1854 5889 Icultus
1886 5819 2289 5878 infensissimos
2323 5819 2529 5877 hostes.
