4050 6364
381 317 490 382 ’123

1531 321 1610 384 .S.
1655 323 2052 387 THEODORI
2116 325 2466 390 STUDITIE

3544 327 3654 394 ’124

381 425 907 483 demonstrationem
953 427 1101 487 illius
1141 427 1444 497 faciamus;
1477 431 1572 485 sed
1620 445 1687 485 ex
1733 431 1801 486 iis
1844 447 1968 502 qua:

2084 432 2177 507 τὰρ
2200 434 2278 501 ὡς
2301 435 2396 490 ἐπὶ
2428 432 2536 488 τῶν
2565 432 2742 490 ἄλλων
2765 433 3016 490 κοινωνεῖ
3041 430 3138 488 καὶ
3171 431 3534 506 συμφέρεται,
3565 434 3654 490 ἵνα

382 534 548 590 supra
589 535 691 576 nos
724 530 874 587 sunt,
913 522 1112 578 decora
1145 531 1236 578 tua
1269 523 1357 594 pic
1389 523 1962 594 comprehendentes;

385 613 478 666 uni
512 612 608 668 tibi
643 628 768 684 quae
815 616 1100 684 superiora
1147 615 1360 670 homini
1411 623 1541 670 sunt
1582 616 1963 672 concedimus.

383 703 696 760 lmmutasti
763 706 930 777 igitur
989 717 1243 762 naturam
1299 706 1562 762 ineﬂ‘abili
1624 715 1785 776 partu
1848 716 1962 764 tuo.

385 796 754 863 Quandonam
794 799 941 854 enim
972 799 1183 854 audivit
1214 801 1507 870 quisquam
1542 799 1807 869 virginem
1845 801 1968 856 sine

386 890 597 947 semine
646 891 1090 962 concipientem?
1119 891 1164 946 Ο
1203 907 1315 946 rem
1358 891 1590 946 miram!
1633 908 1758 964 quae
1794 899 1968 948 mater

385 992 470 1039 est
498 984 738 1054 pariens,
775 998 896 1039 eam
923 983 1076 1039 vides
1104 983 1374 1053 virginem
1405 983 1802 1054 incorruptam,
1839 985 1967 1053 quia

387 1075 600 1132 scilicet
643 1075 789 1147 quod
838 1075 1192 1147 pariebatur,
1249 1075 1389 1132 Deus
1439 1086 1578 1132 erat.
1629 1074 1745 1131 Hoc
1794 1092 1966 1132 unum

389 1167 574 1238 itaque
613 1169 778 1222 etiam
820 1169 875 1222 in
906 1167 1057 1223 vitali
1087 1168 1442 1232 dormitione,
1493 1183 1526 1224 a
1565 1168 1779 1224 caeteris
1815 1167 1968 1224 dill‘e-

387 1275 538 1324 rens,
579 1260 776 1316 merito
800 1261 916 1316 sola
957 1261 1149 1328 habes,
1181 1261 1473 1332 utriusque
1502 1261 1667 1318 simul
1703 1260 1968 1332 (corporis

387 1361 442 1407 et
474 1352 694 1424 animae)
732 1352 1182 1424 incorruptelam.

461 1527 516 1582 3.
559 1523 666 1583 Sed
689 1528 802 1597 jam
840 1529 1001 1585 nobis
1034 1528 1166 1585 Sion
1217 1541 1441 1588 enarret
1468 1533 1574 1590 diei
1621 1534 1770 1591 illius
1802 1534 1968 1592 mira-

391 1619 544 1675 bilia.
573 1619 888 1692 Completus
918 1633 1037 1677 erat
1064 1624 1186 1678 vitm
1215 1627 1516 1693 terminus;
1547 1629 1736 1684 aderat
1760 1630 1972 1685 resolu-

2066 524 2249 596 δῶμεν
2281 523 2592 597 προχείρως
2620 527 2688 578 ὲκ
2725 525 2836 580 τῶν
2864 524 2986 580 καθῗ
3016 525 3166 597 ήμᾶς
3198 523 3297 596 τὰς
3319 523 3650 608 ἄποδείξεις,

2067 617 2182 670 ἀλλ’
2236 620 2301 670 ὲκ
2361 615 2472 670 τῶν
2531 617 2672 690 ὐπὲρ
2727 618 2873 688 ἡμᾶς
2940 616 3007 670 τὰ
3063 617 3194 689 περὶ
3247 613 3344 670 σοῦ
3414 616 3652 681 εὐσεϐῶς

2066 703 2532 778 διαλαμϐάνοντες
2588 705 3034 780 παραχωροῦμέν
3090 724 3175 761 σοι
3224 707 3362 778 μόνῃ
3406 707 3477 761 τὰ.
3511 707 3654 777 ὑπὲρ

2067 797 2354 869 ἄνθρωπον
2380 814 2394 828 ·
2455 797 2746 870 διήλλαξας
2795 796 3074 869 τοιγάρτοι
3138 796 3236 870 τὴν
3297 797 3462 866 φύσιν
3512 798 3657 852 κατὰ

2066 891 2168 961 τὴν
2190 890 2430 962 ἄρρητον
2456 889 2710 961 γέννησιν
2732 903 2747 918 ⁸
2787 889 2893 942 ποῦ
2932 890 3042 962 γὰρ
3081 889 3225 958 ἔγνω
3267 907 3357 954 τις
3387 889 3658 961 παρθένον

2068 981 2327 1054 ἀσπόρως
2379 981 2905 1053 συλλαμϐάνουσανς
2949 982 3014 1035 Ὢ
3039 981 3136 1036 τοῦ
3193 980 3514 1052 θαύματοςι
3556 981 3657 1054 τήν

2068 1073 2145 1138 ὡς
2173 1075 2386 1145 μητέρα
2409 1073 2760 1145 λοχεύουσαν,
2789 1075 2894 1147 ὁρᾷ
2919 1074 2996 1138 ὡς
3025 1073 3265 1144 ἄφθορον
3292 1072 3659 1145 παρθενεύου-

2071 1183 2191 1234 σαν,
2226 1167 2414 1238 ἐπειδὴ
2449 1167 2584 1234 Θεὸς
2619 1163 2688 1240 ἦν
2718 1167 2778 1223 τδ
2802 1167 3165 1239 γεννώμενον.
3203 1167 3378 1223 Τοῦτο
3418 1162 3514 1222 οῦν
3559 1169 3659 1222 καὶ

2069 1261 2166 1314 ἐπὶ
2211 1263 2278 1332 τῇ
2331 1259 2596 1334 ζωοφόρῳ
2635 1261 2913 1332 κοιμήσει,
2945 1261 3346 1330 ὲξαλλάττουσα
3389 1261 3498 1317 τῶν
3542 1262 3656 1315 λοιο

2072 1353 2212 1420 πῶν,
2271 1353 2496 1418 είκότως
2559 1353 2696 1426 μόνη
2760 1353 2908 1426 ἔχεις
2963 1352 3058 1409 τοῦ
3119 1354 3534 1426 συναμφοτέρου
3593 1353 3655 1407 τὸ

2071 1447 2370 1518 ἄφθαρτον.

2141 1539 2213 1608 γ’.
2260 1539 2400 1592 Ἀλλ’
2442 1540 2478 1610 ή
2520 1538 2660 1592 Σιὼν
2688 1539 2821 1612 ήμτν
2855 1538 3178 1610 ἄφηγείσθω
3217 1539 3287 1594 τὰ
3315 1541 3415 1610 τῆς
3442 1541 3657 1612 ἡμέρας

2071 1631 2350 1706 παράδοξα
2374 1631 2450 1704 (8)
2474 1646 2488 1661 ·
2527 1631 2854 1702 πεπλήρωτο
2879 1631 3059 1686 τοίνυν
3104 1632 3163 1686 τὸ
3194 1632 3293 1702 τῆς
3340 1630 3486 1704 ζωῆς
3533 1635 3659 1704 όρο-

391 1713 560 1770 tionis
585 1713 740 1769 hora.
772 1714 1243 1786 Przecognoverat,
1285 1725 1345 1772 ut
1371 1733 1470 1788 par
1501 1727 1637 1785 erat,
1677 1719 1770 1775 Dei
1799 1719 1971 1776 Mater

2084 1725 2255 1780 θέσιον
2276 1741 2290 1755 ’
2329 1724 2514 1796 παρῆν
2549 1725 2582 1795 ή
2617 1725 2717 1796 τῆς
2754 1723 3070 1788 ἀναλύσεως
3107 1724 3226 1796 ὥρα
3251 1742 3264 1757 ·
3300 1725 3554 1794 προέγνω
3585 1725 3663 1787 ὡς

392 1806 745 1862 sanctissima
787 1809 1164 1864 translationis
1203 1825 1316 1865 suae
1355 1787 1616 1866 stadium.
1658 1811 1792 1877 Quis
1823 1811 1970 1866 enim

2084 1811 2161 1871 οἶα
2182 1814 2318 1870 Θεοῦ
2349 1787 2588 1887 μήτηρή
2625 1787 2868 1884 παναγία
2897 1813 2958 1869 τὸ
2983 1815 3082 1886 τῆς
3115 1787 3504 1886 μεταστάσεως
3538 1816 3662 1870 στά-

393 1895 499 1952 hoc
531 1897 707 1952 multo
741 1899 938 1968 magis,
977 1914 1010 1955 ο
1033 1898 1411 1967 Philochristi,
1439 1917 1550 1970 prie
1602 1901 1788 1972 aliquo
1836 1918 1974 1973 quo-

393 1989 526 2045 libet
543 1990 758 2046 servilis
781 1991 1115 2046 conditionis
1142 2003 1284 2058 vate,
1321 1993 1475 2047 Matri
1515 1992 1607 2047 Dei
1649 2003 1703 2050 et
1741 1995 1972 2064 principi

393 2079 785 2150 prophetarum
837 2096 944 2136 non
976 2081 1276 2136 attribuat?
1318 2081 1614 2153 Postquam
1651 2084 1817 2154 igitur
1861 2084 1976 2140 haec

394 2172 568 2227 sensit
607 2183 660 2228 et
692 2173 1154 2245 agnovit,'qualia
1198 2175 1370 2244 ipsam
1416 2176 1558 2230 elata
1605 2191 1737 2232 voce
1768 2177 1974 2233 dixisse

393 2265 534 2320 ratio
565 2265 727 2322 nobis
760 2267 997 2322 suadet?
1022 2264 1203 2332 Venit,
1236 2267 1438 2338 inquit,
1474 2267 1655 2323 exitus
1678 2269 1782 2323 mei
1811 2268 1929 2324 dies
1956 2287 1969 2324 :

394 2357 544 2414 venit
586 2367 800 2430 tempus
839 2375 973 2416 meae
1004 2358 1073 2414 ad
1103 2368 1154 2416 te
1203 2361 1565 2416 transitionis.
1601 2362 1802 2416 Adsint
1841 2362 1976 2416 mihi

393 2450 492 2520 qui
543 2467 695 2508 meas
741 2453 1032 2524 exsequias
1087 2463 1308 2520 curent,
1368 2455 1643 2511 Domine:
1679 2455 1974 2523 assistant,

389 2542 562 2598 Iulius
598 2557 778 2598 meum
814 2542 1060 2599 curaturi
1109 2543 1374 2611 ministri;
1417 2550 1472 2598 et
1520 2545 1573 2598 in
1616 2558 1812 2598 manus
1854 2552 1977 2599 tuas

397 2636 649 2705 spiritum
696 2651 877 2692 meum
925 2635 1347 2692 commendabo.
1383 2633 1636 2690 Manibus
1673 2634 1978 2704 discipulo-

398 2744 520 2784 rum
545 2736 788 2794 tuorum,
817 2727 1086 2783 intactum
1115 2727 1320 2798 Deique
1348 2727 1750 2799 receptaculum
1778 2742 1979 2798 corpus

400 2837 606 2885 meum,
634 2835 700 2877 ex
739 2836 850 2892 quo
883 2830 943 2876 tu
975 2821 1069 2892 qui
1102 2836 1163 2877 es
1206 2821 1326 2892 ipsa
1354 2821 1738 2877 immortalitas
1773 2821 1979 2890 prodii-

400 2917 493 2983 sti,
521 2915 800 2972 eﬂ‘eratur.
837 2916 1034 2972 Adsint
1070 2916 1203 2971 mihi
1235 2917 1301 2971 ad
1331 2917 1588 2974 solatium
1617 2916 1711 2988 qui
1757 2917 1810 2971 in
1845 2932 1981 2972 cun-

401 3011 506 3065 ctis
535 3019 694 3066 terrae
719 3009 919 3066 ﬁnibus
942 3010 1176 3081 dispersi
1218 3018 1366 3075 sunt,
1397 3024 1678 3081 praecones
1720 3024 1785 3064 ac
1815 3010 1980 3064 mini-

2072 1909 2210 1964 διον·
2250 1910 2413 1963 πόσον
2446 1907 2556 1979 γὰρ
2583 1907 2701 1980 δοίη
2741 1925 2825 1972 τις
2862 1907 2924 1962 τὸ
2971 1907 3178 1978 μεῖζον,
3212 1901 3257 1962 ὦ
3301 1908 3660 1978 φιλόχριστοι,

2076 2003 2214 2074 πρὸς
2267 2003 2443 2056 πάντα
2495 1999 2586 2055 τὸν
2643 1999 2909 2063 δουλικῶς
2951 1999 3186 2069 ὁρῶντα,
3223 2002 3290 2070 τῇ
3331 2001 3516 2073 Μητρὶ
3565 1999 3662 2053 τοῦ

2075 2095 2212 2148 Θεοῦ
2242 2096 2336 2151 καὶ
2361 2092 2821 2166 ἀρχιπροφήτιδι;
2877 2091 3030 2146 Ἐπεὶ
3061 2092 3117 2146 δὲ
3143 2091 3314 2146 ταῦτα
3343 2091 3539 2163 ᾔσθετο
3568 2092 3666 2146 καὶ

2081 2188 2422 2259 μεμάθηκεν,
2455 2182 2542 2240 οἷα
2592 2187 2724 2256 ἡμῖν
2779 2187 2808 2239 ό
2853 2183 3012 2254 λόγος
3057 2185 3448 2239 ἀνακαλεῖσθαι
3495 2184 3664 2256 αὐτὴν

2078 2280 2369 2351 ὑποφαίνει
2390 2272 2782 2349 ςτιὶκενήμέρα
2807 2277 2907 2348 τῆς
2931 2275 3114 2342 ἐξόδου
3147 2295 3248 2347 μου
3271 2295 3284 2309 ·
3316 2271 3452 2349 ἧκεν
3481 2277 3508 2330 ό
3539 2277 3666 2347 χρό-

2078 2390 2168 2438 νος
2210 2372 2313 2443 τῆς
2343 2372 2476 2443 πρὸς
2509 2371 2567 2424 σὲ
2597 2370 2867 2440 ἐκδημίας
2897 2387 3000 2440 μου
3029 2386 3044 2401 '
3088 2369 3450 2440 παρέστωσαν
3485 2386 3576 2440 μοι
3613 2370 3665 2422 οί

2078 2466 2562 2538 λειτουργήσοντες
2601 2463 2671 2517 τὰ
2709 2463 2960 2532 ἐντάφια,
2994 2461 3242 2516 Δέσποτα
3263 2477 3277 2493 ⁸
3303 2460 3668 2532 ἐπισταίησαν

2079 2562 2129 2614 οί
2159 2560 2256 2632 τὴν
2303 2557 2524 2629 κηδείαν
2557 2554 2971 2619 συντελέσοντες
3003 2553 3282 2608 διάκονοι·
3329 2555 3428 2608 καὶ
3457 2555 3536 2616 είς
3568 2554 3669 2623 μὲν

2079 2653 2271 2724 χεῖράς
2311 2668 2406 2704 σου
2441 2648 2832 2722 παραθήσομαι
2864 2647 2925 2701 τὸ
2956 2647 3178 2716 Πνεῦμά
3220 2659 3354 2716 pou‘
3387 2645 3672 2715 παλάμαις

2081 2745 2138 2799 δὲ
2165 2745 2274 2798 τῶν
2300 2741 2557 2814 μαθητῶν
2582 2759 2677 2795 σου
2704 2740 2764 2794 τὸ
2796 2739 3072 2810 ἄψαυστον
3099 2737 3194 2792 καὶ
3222 2737 3479 2808 Θεοδόχον
3509 2735 3672 2808 σῶμά

2086 2853 2210 2907 μου,
2246 2831 2305 2898 ἐξ
2333 2825 2505 2902 οὗπερ
2553 2831 2618 2884 σὺ
2663 2831 2697 2900 ή
2730 2828 3001 2884 ἀθανασία
3035 2827 3409 2890 άνατέταλκας
3443 2825 3671 2896 ἐκκομί-

2085 2926 2322 2981 σασθαι*
2383 2920 2824 2996 παραστήτωσάν
2871 2937 2964 2991 μοι
3021 2921 3070 2974 οἱ
3115 2921 3170 2973 ὲν
3202 2921 3316 2983 τοῖς
3346 2917 3546 2990 πέρασι
3588 2917 3672 2970 δι-

2085 3018 2424 3091 εσπαρμένοι
2468 3015 2605 3087 πρὸς
2657 3013 2999 3084 εὐφροσύνην
3049 3029 3172 3083 μου,
3209 3013 3257 3064 οἱ
3301 3012 3544 3080 κήρυκες
3575 3007 3672 3062 καὶ

403 3103 500 3158 stri
535 3101 810 3175 Evangelii
840 3103 940 3160 tui.
967 3102 1124 3168 Quod
1155 3103 1201 3158 si
1235 3101 1448 3172 justum
1478 3101 1760 3159 Enochum
1793 3103 1980 3158 viven-

2085 3109 2357 3180 ὑπηρέται
2409 3105 2502 3161 τοῦ
2554 3103 2894 3174 Εὐαγγελίου
2926 3120 3018 3157 σου
3046 3119 3060 3133 ο
3110 3103 3206 3156 καὶ
3245 3100 3293 3154 εί
3343 3099 3434 3154 τὸν
3463 3100 3672 3154 δίκαιον

403 3206 514 3251 tem
569 3196 748 3252 adhuc
811 3203 1034 3266 propter
1099 3209 1256 3250 suam
1318 3194 1624 3250 bonitatem
1691 3193 1978 3250 transferri

402 3287 656 3357 voluisti;
677 3297 734 3344 et
759 3287 930 3342 Eliam
946 3287 1260 3342 Thesbitem
1290 3287 1447 3358 igneo
1477 3302 1645 3344 curru
1675 3287 1885 3344 sustolli
1913 3302 1982 3341 ex

407 3381 511 3436 hac
565 3381 782 3451 cognita
835 3379 903 3434 ad
959 3379 1174 3449 ignotas
1219 3379 1490 3450 regiones,
1540 3379 1734 3436 ambos
1776 3380 1984 3436 scilicet

407 3474 674 3530 tremendi
728 3473 806 3528 tui
858 3488 924 3530 ac
977 3471 1402 3542 Splendidissimi
1455 3473 1720 3530 adventus
1769 3464 1983 3544 tempus

409 3575 833 3638 exspectantes:
869 3567 916 3621 si
959 3574 1222 3636 praeterea
1274 3565 1592 3636 prophetam
1637 3563 1984 3620 llabacucum

407 3676 476 3715 ex
527 3657 919 3731 Hierosolymis
979 3657 1308 3728 Babylonem
1370 3673 1566 3728 usque,
1624 3659 1694 3714 ob
1745 3657 1985 3714 Danielis

410 3751 813 3817 necessitatem,
845 3764 956 3805 uno
991 3749 1255 3819 temporis
1286 3759 1564 3804 momento
1592 3747 1905 3810 transferri,
1933 3757 1986 3804 et

410 3842 538 3898 inde
583 3843 783 3898 reverti
816 3840 1142 3896 mirabiliter
1172 3840 1382 3906 fecisti;
1417 3841 1547 3912 quid
1587 3841 1685 3896 tibi
1731 3841 1987 3911 impossi-

410 3937 518 3992 bile
545 3937 639 4001 sit,
671 3936 834 3991 modo
871 3935 1046 3992 velis?
1074 3934 1178 3990 Vix
1217 3935 1335 3989 haec
1368 3934 1578 3989 dixerat
1607 3935 1986 3990 laudatissima

413 4028 601 4102 Virgo,
630 4044 756 4085 cum
781 4027 1070 4083 duodecim
1095 4025 1326 4097 apostoli
1360 4035 1816 4096 supervenerunt,
1846 4027 1988 4082 alius

411 4121 632 4177 aliunde
673 4135 774 4176 ceu
803 4119 1014 4175 nebulae
1042 4119 1148 4174 alis
1177 4118 1407 4190 spiritus
1436 4119 1503 4173 ad
1542 4117 1680 4174 lucis
1731 4118 1987 4173 nebulam

413 4213 631 4284 (nempe
667 4227 788 4282 quae
827 4211 1002 4268 lucem
1035 4209 1246 4282 fulgore
1294 4223 1398 4265 suo
1441 4209 1792 4278 obscurabat)
1824 4208 1986 4264 delati

412 4304 590 4360 donec
633 4303 747 4358 illic
791 4302 981 4373 pedem
1028 4302 1276 4372 “gerent.
1325 4299 1468 4366 Quid
1497 4315 1630 4369 ergo
1673 4299 1810 4354 dixit
1839 4301 1990 4371 virgo

414 4399 732 4469 theonyma,
777 4394 1132 4466 polyonyma,
1185 4391 1604 4464 megalonyma?
1633 4390 1834 4448 Oculos
1880 4393 1990 4448 cir-

2095 3201 2267 3271 Ἐνὼχ
2297 3200 2376 3253 ἔτι
2403 3197 2583 3264 ζῶντα
2644 3194 2979 3268 μεταθέσθαι
3005 3195 3094 3250 διὰ
3123 3195 3185 3248 τὸ
3210 3193 3470 3265 χρειῶδες
3515 3191 3675 3262 ηὐδό-

2083 3312 2289 3368 κησαςο
2324 3293 2416 3348 τόν
2449 3310 2511 3346 τε
2555 3291 2827 3362 Θεσϐίτην
2873 3288 3062 3344 Ἠλίαν
3093 3288 3412 3363 ίὲπαρθῆναι
3461 3285 3672 3358 πυρίνῳ

2083 3387 2290 3458 ἅρματι
2322 3387 2386 3439 ὲκ
2409 3383 2500 3439 τοῦ
2521 3383 2801 3454 ἐμφανοῦς
2829 3379 2966 3453 πρὸς
2994 3379 3222 3452 ἀδήλους
3253 3379 3460 3450 χώρας,
3491 3380 3673 3448 ἀμφο-

2083 3479 2275 3548 τέρους
2306 3476 2396 3531 τὸν
2429 3477 2532 3548 τῆς
2565 3473 2800 3548 φρικτῆς
2836 3490 2930 3527 σου
2962 3474 3056 3528 καὶ
3083 3470 3379 3544 παμφαοῦς
3407 3470 3672 3541 δευτέρας

2086 3573 2391 3644 παρουσίας
2423 3571 2792 3640 ἀναμένοντας
2837 3567 3068 3640 χρόνον⁸
3106 3566 3201 3620 καὶ
3243 3561 3400 3628 αὖθις
3449 3564 3527 3627 είς
3578 3561 3674 3615 τὸν

2085 3665 2372 3735 προφήτην
2407 3661 2732 3734 Ἀμὸακοὺμ
2765 3654 2874 3716 ἀπὸ
2911 3658 3270 3732 Ἰερουσαλὴμ
3301 3658 3381 3722 είς
3411 3653 3669 3710 Βαϐυλῶ-

2086 3773 2152 3809 να
2184 3754 2273 3808 διὰ
2302 3754 2491 3826 χρείαν
2518 3751 2614 3808 τοῦ
2649 3752 2846 3826 Δανιὴλ
2873 3753 2929 3805 ὲν
2959 3752 3059 3823 μιᾷ
3089 3748 3282 3822 καιροῦ
3326 3749 3465 3820 ῥοπῇ
3499 3763 3671 3816 μετα-

2089 3847 2286 3917 στῆσαι
2345 3847 2440 3900 καὶ
2479 3845 2805 3900 ἁναποδίσαι
2848 3842 3322 3916 ὲτερατούργησας
3346 3857 3360 3872 ο
3394 3839 3448 3894 τί
3480 3855 3562 3892 σοι
3605 3837 3672 3892 οὐ

2088 3938 2314 3994 δυνατὸν
2344 3938 2632 4012 θελήσαντι
2660 3938 2852 4010 μόνον;
2877 3935 3051 3990 ταῦτα
3077 3935 3200 3988 ἐπεὶ
3227 3933 3443 4003 λέλεχεν
3473 3933 3508 4003 ή
3538 3948 3676 3984 παν-

2090 4031 2350 4102 ύμνητος,
2382 4032 2476 4085 καὶ
2506 4031 2540 4102 ἠ
2581 4028 2916 4102 ἀποστολικὴ
2955 4026 3195 4092 δωδεκάς
3246 4025 3473 4093 ἐπέστη,
3509 4022 3674 4087 ἄλλος

2090 4123 2384 4194 ἀλλαχόθεν
2408 4122 2484 4186 ὡς
2514 4122 2736 4194 νεφέλαι
2762 4121 3046 4193 ’τῷ-πτερῷ
3069 4117 3164 4174 τοῦ
3195 4117 3509 4188 πνεύματος
3536 4115 3677 4187 πρὸς

2089 4215 2190 4286 τὴν
2221 4213 2315 4268 τοῦ
2351 4213 2526 4284 φωτὸς
2553 4211 2781 4284 νεφέλην
2812 4209 3131 4274 ὲ).ασθέντες
3157 4208 3254 4263 καὶ
3283 4204 3677 4261 καταπαύσαν-

2089 4323 2183 4371 τες
2209 4321 2222 4336 ·
2255 4305 2307 4360 τί
2339 4299 2432 4358 οὖν
2461 4320 2628 4375 φησιν
2674 4303 2708 4374 ή
2749 4300 3031 4372 θεὼνυμος
3071 4299 3165 4354 καὶ
3194 4297 3546 4368 πολυώνυμος
3581 4296 3678 4352 καὶ

2095 4395 2526 4468 μεγαλώνυμος;
2563 4393 2742 4464 ἄρασα
2775 4391 2958 4463 κύκλῳ
2981 4391 3109 4455 τοὺς
3141 4389 3456 4459 ὀφθαλμοὺς
3485 4388 3680 4442 ἀνακε-

414 4490 730 4548 cumferens
777 4489 845 4544 de
888 4503 991 4544 suo
1038 4485 1325 4552 recubitu,
1383 4485 1682 4556 vidensque
1723 4486 1982 4556 expetitos

2094 4488 2324 4561 κλιμένη
2356 4487 2450 4543 καὶ
2474 4485 2656 4540 ίδοῦσα
2683 4485 2806 4548 τοὺς
2837 4477 3613 4554 ζητουμένους.⁹Αγαλλιᾶσθω
3642 4481 3678 4552 ή

415 4585 718 4655 discipulos
744 4601 756 4637 :
781 4581 1037 4648 Laetetur,
1061 4579 1264 4651 inquit,
1289 4578 1476 4634 anima
1507 4593 1628 4634 mea
1655 4579 1706 4633 in
1741 4578 1990 4644 Domino,

417 4678 597 4748 sitque
629 4677 718 4732 hic
741 4675 876 4731 mihi
899 4673 1084 4746 gaudii
1119 4672 1334 4739 titulus,
1370 4681 1423 4727 et
1449 4671 1788 4728 laudationis
1829 4683 1994 4742 atque

417 4766 799 4837 amplitudinis
833 4765 979 4836 apud
1014 4778 1208 4819 omnes
1243 4771 1403 4818 terra:
1429 4762 1683 4833 populos,
1715 4762 1846 4833 quia
1871 4777 1994 4818 con-

416 4859 666 4931 gregavit
681 4858 814 4913 mihi
838 4856 1106 4913 Dominus
1126 4855 1382 4912 Ecclesia:
1400 4853 1778 4920 fundamenta,
1805 4854 1994 4909 mundi

417 4951 701 5023 principes
751 4948 1045 5011 aduuavit,
1099 4945 1377 5001 mirabiles
1417 4944 1628 5001 funeris
1675 4945 1778 5000 mei
1833 4944 1996 4999 mini-

419 5051 586 5098 stros.
623 5037 670 5094 Ο
705 5037 913 5110 grands
951 5037 1299 5106 portentum!
1335 5050 1369 5091 ο
1395 5043 1656 5090 maternae
1686 5034 1996 5091 sanctifica-

419 5135 590 5190 tionis
628 5133 801 5204 opus!
845 5146 879 5185 ο
920 5129 1102 5186 ﬁlialis
1145 5127 1454 5185 dilectionis
1506 5129 1746 5185 donum!
1785 5128 1997 5184 Caelum

420 5228 559 5284 mihi
603 5233 749 5298 patet
781 5225 1102 5296 hospitium,
1135 5223 1280 5294 quod
1305 5222 1497 5278 mundi
1529 5223 1826 5278 luminaria
1865 5237 1996 5278 con-

421 5321 593 5392 tinet;
624 5319 886 5389 templum
930 5315 1162 5382 Domini,
1195 5315 1420 5370 caaleste
1452 5315 1698 5380 lacunar,
1733 5315 1998 5385 aperitur,

423 5415 580 5471 divos
620 5421 826 5484 mystas
871 5409 1294 5480 sacerdotesque
1325 5405 1460 5461 mihi
1500 5407 1815 5462 ostendens.
1842 5405 2001 5461 Haud

502 5591 579 5662 (8)
623 5591 700 5646 De
729 5591 978 5662 Deiparae
1013 5585 1191 5650 obitu,
1222 5583 1457 5662 ejusque
1485 5580 1714 5662 loco,_et
1741 5578 2002 5662 apostolis

430 5648 611 5733 ut‘pie
669 5648 1078 5733 cred_it'um_e_s_t_
1127 5648 1546 5733 assistentibus,
1593 5648 2003 5733 etu.,_"p_rolixe

427 5720 751 5792 eruditeque
785 5727 1152 5786 Trombellius
1197 5726 1249 5778 in
1288 5722 1406 5778 Vita
1452 5720 1696 5792 ejusdem
1737 5720 1997 5788 Deiparaa,

427 5748 640 5788 erudite
683 5748 751 5786 ue
797 5748 1152 5786 ll‘OlnDcIttus
1197 5748 1249 5778 Ill
1295 5748 1406 5778 vna
1452 5748 1696 5792 cyusucm
1737 5748 1997 5788 verpa-uc,

407 5813 568 5861 tom.
603 5748 697 5870 ιθ,
733 5801 954 5861 dissert.
995 5798 1080 5865 £5,
1127 5795 1350 5867 prolatis
1384 5793 1547 5850 variis
1578 5808 1644 5850 ex
1675 5791 2000 5863 antiquitate

2092 4581 2240 4652 ψυχή
2291 4597 2393 4652 μου
2446 4577 2539 4632 ἐπὶ
2587 4577 2664 4648 τῷ
2697 4575 2918 4648 Κυρίῳ,
2955 4575 3051 4628 καὶ
3097 4573 3249 4628 ἔσται
3286 4589 3375 4644 μοι
3418 4571 3575 4626 τοῦτο
3599 4573 3679 4634 είς

2091 4673 2263 4742 ὄνομα
2296 4667 2656 4742 εὐφροσύνης,
2691 4667 2784 4722 καὶ
2807 4667 2888 4731 είς
2918 4667 3124 4722 αῐνεσιν
3153 4665 3248 4720 καὶ
3283 4663 3682 4737 μεγαλειότητα

2092 4759 2246 4834 παρὰ
2289 4760 2426 4814 πᾶσι
2469 4761 2583 4823 τοῖς
2624 4757 2803 4812 ἔθνεσι
2850 4757 2950 4828 τῆς
2981 4755 3107 4828 γῆς,
3144 4756 3228 4810 ὅτι
3269 4753 3547 4826 συνήγαγέ
3588 4769 3681 4824 μοι

2095 4854 2223 4917 τοὺς
2247 4851 2530 4922 θεμελίους
2563 4849 2663 4921 τῆς
2703 4847 3049 4918 Ἐκκλησίας,
3093 4847 3178 4902 ὅτι
3224 4844 3548 4918 συνήθροισε
3588 4861 3681 4914 μοι

2094 4945 2223 5008 τοὺς
2277 4944 2548 5016 ἄρχοντας
2598 4944 2698 5014 τῆς
2749 4939 3102 5012 οἰκουμένης,
3149 4939 3278 5003 τοὺς
3327 4935 3683 5009 θαυμαστοὺς

2098 5033 2381 5106 ὑπηρέτας
2406 5034 2504 5104 τῆς
2529 5031 2671 5103 ἐμῆς
2704 5031 2947 5101 κηδείας.
2989 5031 3053 5083 Ὦ
3083 5027 3462 5101 μεγαλοφυοῦς
3481 5043 3682 5098 τερατ-

2096 5128 2269 5198 ουργή
2281 5125 2481 5197 ματοςί
2513 5123 2558 5178 ὣ
2587 5123 2864 5196 μητρικῆς
2888 5121 3240 5192 ἀφοσιώσεως
3273 5119 3434 5193 ἔργον
3460 5119 3473 5173 l
3502 5118 3548 5172 ὣ
3569 5117 3686 5188 σχέ-

2108 5233 2246 5281 σεως
2275 5216 2458 5286 υίῖκῆς
2489 5214 2693 5286 δῶρονῐ
2743 5214 2972 5288 οὐρανός
3012 5230 3102 5285 μοι
3147 5211 3208 5265 τὸ
3242 5210 3513 5282 δωμάτιον
3546 5226 3684 5262 κατ-

2107 5310 2303 5381 εφάνη,
2340 5310 2468 5372 τοὺς
2503 5311 2797 5380 φωστῆρας
2829 5305 2924 5361 τοῦ
2964 5306 3173 5377 κόσμου
3215 5305 3274 5358 ὲν
3305 5302 3484 5373 ἑαυτῷ
3525 5317 3684 5373 περι-

2108 5403 2325 5475 φέρων*
2375 5401 2504 5465 ναὸς
2554 5401 2762 5474 Κυρίου
2813 5401 2848 5472 ή
2897 5399 3071 5474 ὀροφὴ
3117 5397 3298 5469 ῶφθη,
3333 5397 3463 5460 τοὺς
3505 5393 3688 5458 θείους

2109 5579 2341 5652 testibus
2387 5592 2452 5634 ac
2480 5576 2846 5642 documentis,
2888 5589 3011 5646 qua!
3042 5573 3131 5632 hic
3147 5581 3414 5652 _rep_etere
3451 5585 3558 5652 non
3589 5587 3689 5626 va-

2109 5658 2217 5706 cat.
2248 5649 2404 5706 Nunc
2439 5656 2619 5705 autem
2654 5657 2838 5720 noster
2875 5643 3095 5720 quoque
3145 5643 3358 5704 Studita
3378 5643 3530 5708 testis
3574 5657 3688 5699 non

2109 5719 2544 5780 contemnendus
2571 5717 2802 5778 accedit.
