4050 6364
389 292 496 357 725

1222 300 1505 360 ORATIO
1535 302 1602 361 ν.
1632 266 1724 333 ’-
1753 300 1836 360 IN
1888 296 2432 363 DORMITIONEM
2486 303 2858 365 DEIPARAE.

3564 299 3671 364 726
3690 258 3693 263 6

391 403 605 475 μύστας
634 404 729 458 καὶ
759 406 1074 477 ἱερουργους
1098 407 1502 479 παραστήσασά
1527 423 1651 478 μοι·
1689 406 1875 462 οὐκέτι
1913 406 1974 460 τὸ
2000 419 2018 470 Α

2099 425 2184 464 am
2224 409 2458 465 ulterius
2499 407 2730 466 Iudaica
2784 409 2952 465 factio
2999 407 3353 465 meditabitur
3402 408 3666 465 adversus

402 493 694 549 Ἰουδαϊκὸν
729 496 984 567 σύστημα
1012 496 1297 568 μελετήσει
1324 498 1423 568 τὴν
1462 500 1584 552 κατ’
1610 497 1745 570 ἐμοῦ
1780 516 1976 570 παροιο

388 585 552 637 νίανο
596 586 784 639 οὐκέτι
838 585 961 639 κατ’
1001 585 1138 658 ἐμοῦ
1188 586 1472 657 ὲφοπλίσει
1530 587 1629 659 τὴν
1660 589 1975 661 πάντολμον

391 677 551 748 χεῖρα
573 676 711 747 πρὸς
739 676 880 747 ἐμὴν
901 676 1252 745 φονοκτονίαν
1274 678 1334 731 τὸ
1369 678 1647 748 ἱερατικὸν
1678 678 1975 751 βουλευτή-

394 783 510 838 ριον
532 782 547 798 ⁸
578 765 750 821 πάλαι
790 767 891 837 μὲν
926 764 1021 824 οὖν
1054 768 1492 840 μεμελετηκότες
1531 772 1870 844 συνανῄρουν
1910 772 1976 827 ἂν

390 858 472 927 τῷ
504 858 620 929 Υἱῷ
655 859 755 931 τὴν
784 861 1012 933 Μητέρα
1043 864 1092 916 oi
1119 861 1458 933 φιλαίμονες,
1501 863 1639 919 ἀλλά
1678 863 1977 937 διήμαρτον

391 953 488 1008 τού
516 954 744 1019 σκοποῦ,
770 956 1064 1029 εἰργούσης
1087 957 1284 1022 αὐτοὺς
1314 958 1417 1028 τῆς
1445 959 1713 1031 Προνοίας
1743 961 1974 1015 ἄνωθεν⁸

396 1046 536 1119 πρὸς
562 1046 796 1112 ἀσύλους
825 1048 1259 1119 μεταϐιϐάζομαι
1286 1050 1656 1116 κατοικεσίας,
1689 1050 1826 1121 πρὸς
1846 1050 1980 1106 άσύυ

392 1137 520 1200 λους
559 1136 655 1191 καὶ
696 1137 1087 1214 άνενοχλήτους
1125 1138 1538 1204 διαναπαύσεις,
1573 1139 1705 1195 ἔνθα
1745 1142 1808 1196 οὐ
1837 1160 1983 1214 παρ-

397 1228 600 1283 εισδύει
631 1230 661 1284 6
686 1228 883 1301 ἐχθρὸς
920 1212 1005 1285 τὰ.
1029 1231 1126 1302 τῆς
1165 1231 1365 1295 κακίας
1393 1230 1607 1303 ἐνεδρα,
1646 1231 1778 1288 ἔνθα
1813 1212 1980 1305 ἴδοιμι

396 1319 497 1388 τὴν
518 1319 861 1392 τερπνότητα
887 1321 1117 1393 Κυρίου,
1142 1321 1241 1376 καὶ
1273 1320 1647 1393 ἐπισκέψομαι
1670 1320 1764 1376 τὸν
1790 1322 1919 1379 ναὸν
1952 1325 1982 1377 6

399 1412 669 1481 παμφαὴς
704 1411 829 1475 ναὸς
860 1411 1054 1466 αὐτοῦ.

466 1503 529 1558 δ’.
571 1502 713 1557 Ἀλλ’
752 1498 841 1557 οἷα
889 1503 1030 1574 πρὸς
1072 1502 1266 1575 αὐτὴν,
1312 1504 1425 1558 εἴτε
1472 1504 1569 1575 ἀφ’
1611 1505 1842 1570 ἑαυτῶν,
1870 1507 1981 1579 εἴτε

399 1594 550 1668 παρά
570 1594 680 1648 τῶν
708 1593 1067 1668 προφητικῶν
1098 1595 1384 1667 στομάτων
1411 1595 1766 1669 ἐκλεξάμενοι
1792 1599 1842 1652 οι
1878 1615 1983 1670 μα-

399 1687 581 1758 κάριοι
610 1686 905 1741 ἀπόστολοι
920 1704 936 1755 ;

2082 517 2171 556 me
2200 502 2505 567 vesaniam,
2533 517 2709 572 neque
2733 502 3000 556 adversus
3022 517 3110 559 me
3130 501 3421 554 violentam
3445 517 3669 555 manum

2083 591 2321 646 armabit
2364 592 2497 646 caedi
2549 607 2685 646 mea:
2724 591 2993 645 anhelans
3030 590 3391 655 sacerdotalis
3421 600 3668 645 senatus.

2083 680 2300 735 Jamdiu
2327 682 2549 753 quidem
2583 682 2635 735 hi
2667 682 2879 737 cruenti
2916 680 3088 735 moliti
3113 689 3242 735 sunt
3272 678 3499 733 Matrem
3541 695 3672 735 cum
3772 712 3781 717 -

2086 772 2224 829 Filio
2259 774 2549 844 perimere,
2589 774 2684 830 sed
2716 789 2885 844 scopo
2923 774 3269 837 aberrarunt,
3312 787 3545 841 superna
3578 786 3672 826 cos

2086 864 2378 922 cohibente
2411 864 2779 921 Providentia.
2824 865 2903 920 Ad
2933 874 3047 920 tuta
3088 863 3414 934 transmigro
3456 863 3672 917 habita-

2085 952 2232 1026 cula,
2262 960 2326 1013 ad
2355 968 2527 1013 tutam
2563 970 2617 1014 et
2638 959 2757 1015 sine
2785 960 3040 1015 molestia
3071 958 3334 1028 quietem,
3362 955 3455 1011 ubi
3487 954 3672 1009 inimi-

2087 1065 2186 1105 cus
2217 1048 2441 1105 malitia:
2476 1064 2592 1105 sua:
2625 1050 2856 1106 insidias
2898 1065 3006 1105 non
3035 1050 3291 1113 collocat,
3324 1049 3418 1104 ubi
3457 1046 3673 1102 Domini

2087 1143 2302 1200 deliciis
2326 1140 2501 1209 fruar,
2535 1143 2911 1213 templumque
2935 1142 3200 1214 spectabo
3231 1157 3333 1213 ego
3362 1157 3487 1213 quae
3524 1140 3673 1196 illius

2087 1235 2353 1306 templum
2390 1234 2740 1308 splendidum
2769 1234 2871 1291 fui.

2116 1580 2121 1585 _
2156 1501 2212 1556 4.
2256 1500 2371 1571 Age
2398 1514 2530 1556 vero
2564 1498 2695 1571 quid
2729 1498 2935 1573 Virgini
2965 1499 3369 1571 responderunt
3398 1498 3514 1556 sive
3543 1514 3673 1571 pro-

2088 1588 2224 1662 priis
2250 1590 2367 1647 sive
2395 1589 2791 1663 prophetarum
2816 1590 3000 1647 verbis
3026 1591 3170 1647 beati
3207 1591 3479 1662 apostoli?

469 1742 541 1832 ὲν.
566 1777 792 1849 Χαίροις
814 1742 1095 1849 (9),’φησὶ,
1120 1777 1326 1850 κλίμαξ
1346 1780 1719 1854 ὲστηριγμένη
1748 1783 1858 1840 άπὸ
1876 1788 1983 1857 γῆς
2010 1774 2018 1834 l

2157 1771 2214 1825 1ο
2245 1769 2378 1836 Ave,
2408 1770 2647 1837 aiebant,
2687 1772 2835 1827 scala
2858 1786 2889 1825 a
2916 1780 3059 1827 terra
3081 1772 3134 1827 in
3163 1773 3363 1829 ctelum
3395 1782 3671 1843 protensa,

398 1872 480 1935 είς
512 1870 764 1942 οὐρανὸν,
806 1870 876 1924 δι’
903 1866 972 1942 ἦς
998 1872 1032 1943 ὴ
1066 1870 1191 1925 καθ’
1223 1872 1372 1943 ἡμᾶς
1410 1872 1659 1941 κάθοδος,
1689 1876 1785 1931 καὶ
1828 1878 1864 1950 ἠ
1903 1880 1985 1945 είς

396 1962 661 2035 οὐρανοὺς
684 1962 872 2027 ἄνοδος
899 1962 1093 2033 γέγονε
1128 1963 1223 2018 τοῦ
1252 1964 1485 2037 Κυρίου,
1517 1966 1661 2020 κατὰ
1684 1968 1777 2022 τὸν
1808 1970 1984 2041 μέγαν

398 2054 747 2125 πατριάρχην
778 2052 999 2109 Ἰακώϐ.

471 2145 541 2217 β’.
572 2146 821 2218 Χαιροις,
864 2146 994 2217 βάτε
1022 2145 1572 2217 παραδοξοειδέστατε
1602 2153 1663 2221 ἐξ
1690 2150 1757 2228 ἧς
1777 2157 1986 2228 ἐπεφά-

399 2258 467 2310 νη
486 2238 719 2309 ἄγγελος
742 2239 953 2311 Κυρίου
980 2240 1038 2293 ὲν
1062 2238 1223 2308 φλογὶ⁴
1252 2242 1444 2314 πυρὸς,
1476 2245 1655 2319 ἥνπερ
1686 2252 1986 2305 κατακαῖον

397 2331 461 2385 τὸ
499 2329 612 2402 πῦρ
654 2331 719 2386 οὐ
752 2330 1068 2398 κατέκαιεν,
1095 2331 1235 2385 κατὰ
1264 2334 1507 2391 Μωῦσέα
1542 2338 1635 2393 τὸν
1681 2338 1987 2397 θεοπτικώ-

399 2439 584 2477 τατον.

471 2511 543 2583 τ’.
571 2512 821 2585 Χαίροις,
848 2516 879 2571 6
926 2516 1206 2583 θεόδεκτος
1236 2518 1428 2586 πόκος,
1457 2520 1519 2588 ἐξ
1552 2515 1622 2595 ἧς
1657 2522 1912 2597 ἀπερρύη
1949 2525 1985 2597 ἦ

401 2602 654 2674 οὐράνιος
678 2604 894 2676 δρόσος,
919 2608 1139 2683 πλήρης
1173 2609 1378 2683 λεκάνη
1396 2610 1765 2681 ὖδατος,κατά
1785 2614 1989 2671 Γεδεὼν

401 2693 495 2748 τδν
516 2693 993 2766 θαυμασιώτατον.

471 2787 534 2841 δ’.
557 2788 807 2863 Χαίροις,
834 2792 990 2857 πόλις
1011 2792 1104 2848 τοῦ
1140 2793 1404 2865 βασιλέως
1424 2795 1519 2852 τοῦ
1550 2799 1810 2869 μεγάλου,
1838 2800 1905 2871 ἢν
1939 2800 1989 2855 oi

405 2877 646 2947 βασιλεῖς
690 2881 1065 2954 θαυμάζοντες
1097 2885 1486 2957 μεγαλύνουσι,
1522 2891 1661 2962 μετὰ
1692 2891 1860 2948 Δασὶδ
1895 2891 1990 2947 τὸν

402 2970 859 3046 ᾁσματογράφον.

474 3062 539 3118 ε’.
567 3064 815 3138 Χαίροις,
846 3071 879 3142 ἠ
908 3071 1072 3145 νοητὴ
1105 3073 1372 3146 Βηθλεὲμ,
1400 3076 1429 3129 6
1467 3069 1615 3141 οἶκος
1647 3076 1742 3132 τοῦ
1786 3079 1989 3151 Ἐφρα-

404 3157 494 3221 θᾶ,
560 3157 621 3225 ἐξ
675 3151 739 3212 οὗ
785 3160 1109 3232 ἐξελήλυθεν
1153 3165 1183 3219 ό
1230 3165 1497 3230 Βασιλεὺς
1542 3168 1643 3238 τῆς
1690 3167 1851 3240 δόξης
1892 3168 1988 3223 τοῦ

404 3242 545 3301 εἶναι
599 3248 681 3311 ei;
732 3249 972 3322 ἄρχοντα
1027 3254 1087 3306 εν
1136 3254 1216 3323 τῷ
1278 3254 1519 3327 Ἰσραὴλ,
1572 3250 1635 3311 οὗ
1695 3259 1752 3311 αἱ
1819 3256 1990 3324 ἔξοδοι

405 3338 504 3392 ἀπ’
525 3339 701 3412 ἀρχῆς
726 3340 787 3408 ἐξ
812 3341 1034 3416 ἡμερῶν
1057 3343 1271 3412 αἰῶνος,
1302 3347 1446 3401 κατὰ
1468 3347 1710 3420 Μιχαίαν
1740 3349 1833 3405 τὸν
1860 3349 1993 3405 θειό-

405 3449 571 3487 τατον
579 3472 593 3487 ο

478 3523 557 3589 ς’.
588 3524 839 3598 Χαίροις,
864 3526 928 3581 τὸ
964 3530 1265 3585 κατάσκιον
1297 3532 1628 3604 παρθενικδν
1662 3533 1808 3607 ὅρος,
1838 3533 1897 3603 ἐξ
1928 3529 1991 3590 οὗ

405 3615 436 3668 δ
469 3614 627 3685 άγιος
664 3616 762 3671 τοῦ
800 3618 1017 3693 Ἰσραὴλ
1044 3620 1316 3695 ἐπεφάνη,
1352 3622 1498 3679 κατά
1534 3624 1858 3698 ’Δμδακοὺμ
1898 3624 1993 3681 τδν

408 3707 718 3779 θεοϐόητον.

478 3800 544 3866 ζ’.
575 3801 824 3871 Χαίροις,
847 3802 1039 3876 λυχνία
1067 3807 1513 3877 χρυωειδὲστατε
1562 3808 1657 3865 καὶ
1680 3811 1989 3883 φωτοφόρε,

408 3893 468 3961 ἐξ
497 3886 567 3967 ἦς
591 3893 935 3967 περιέλαμψε
989 3898 1102 3962 τοῖς
1140 3898 1200 3952 ὲν
1230 3900 1413 3954 σκότει
1450 3901 1547 3957 καὶ
1582 3903 1714 3975 σκιᾷ
1756 3902 1992 3958 θανάτου

409 3987 741 4059 καθημένοις
783 3988 848 4043 τὸ
890 3990 1189 4061 ἀπρόσιτον
1228 3992 1344 4063 φῶς
1386 3993 1490 4066 τῆς
1535 3995 1813 4068 θεότητος,
1850 3998 1995 4053 κατά

410 4078 690 4150 Ζαχαρίαν
726 4079 817 4133 τὸν
852 4079 1164 4137 θεσπέσιον.

478 4170 552 4242 η’.
577 4171 826 4243 Χαίροις,
847 4172 907 4226 τὸ
930 4174 1274 4246 παγκόσμιον
1297 4175 1611 4248 ἱλαστήριον
1628 4177 1739 4233 τῶν
1761 4177 1992 4252 βροτῶν,

2084 1877 2182 1936 per
2212 1877 2377 1934 quam
2411 1860 2631 1917 Domini
2652 1863 2718 1917 ad
2758 1878 2859 1918 nos
2886 1862 3217 1930 descensus,
3277 1875 3332 1921 et
3366 1866 3420 1920 in
3473 1866 3675 1921 cwlum

2087 1954 2296 2012 reditus
2323 1952 2448 2024 fuit,
2480 1963 2539 2011 ut
2575 1952 2749 2012 Jacob
2779 1957 3090 2028 patriarcha
3128 1957 3285 2013 vidit.

2154 2142 2215 2197 2°
2241 2140 2375 2206 Ave,
2406 2140 2539 2196 rube
2566 2140 2935 2207 mirabillime,
2978 2156 3044 2196 ex
3073 2156 3185 2211 quo
3206 2139 3433 2212 angelus
3460 2141 3675 2198 Domini

2087 2232 2338 2302 apparuit
2379 2232 2435 2286 in
2471 2231 2612 2302 ignis
2642 2230 2898 2297 ﬂamma,
2943 2246 3107 2302 quem
3151 2233 3349 2287 ardens
3393 2230 3532 2302 ignis
3566 2247 3677 2285 non

2087 2324 2453 2390 amburebat,
2512 2323 2670 2377 sicuti
2724 2338 2941 2378 summo
2995 2320 3092 2378 Dei
3144 2322 3439 2392 spectaturi
3502 2321 3674 2393 Moysi

2088 2424 2374 2471 ostensum
2419 2424 2521 2468 est.
3622 2483 3627 2486 _

2159 2508 2218 2563 3°
2246 2508 2381 2574 Ave,
2420 2506 2529 2563 Deo
2558 2505 2843 2578 gravidum
2870 2504 3154 2570 vellus,ex
3183 2519 3292 2577 quo
3323 2504 3565 2562 caelestis
3586 2522 3679 2563 ros

2089 2599 2333 2665 deﬂuxit,
2373 2600 2485 2655 imo
2511 2600 2707 2671 plenus
2736 2614 2878 2671 aqua
2910 2598 3150 2665 catillus,
3191 2598 3336 2670 quod
3370 2599 3679 2654 admirabili

2090 2690 2319 2761 contigit
2345 2687 2606 2745 Gedeoni.

2158 2779 2218 2835 4°
2244 2781 2382 2845 Ave,
2417 2780 2612 2836 civitas
2641 2779 2787 2851 regis
2820 2779 3040 2851 magni,
3089 2795 3254 2852 quam
3291 2779 3679 2838 admirabundi

2093 2886 2249 2943 reges
2300 2872 2689 2944 magnificam,
2754 2881 2814 2927 ut
2853 2872 3301 2945 hymnographus
3354 2871 3526 2928 David
3583 2873 3679 2928 de-

2092 2966 2279 3021 lineat.

2168 3057 2228 3114 5'
2257 3059 2390 3124 Ave,
2422 3057 2803 3114 intellectualis
2829 3057 3125 3124 Bethleem,
3153 3057 3350 3114 domus
3374 3056 3676 3129 Ephratha,

2092 3169 2158 3209 ex
2187 3168 2296 3224 qua
2325 3166 2582 3223 egressus
2608 3161 2692 3208 est
2716 3150 2830 3207 Rex
2852 3150 3058 3223 gloriae,
3079 3159 3138 3206 ut
3161 3150 3314 3207 ﬁeret
3343 3150 3596 3223 princeps
3622 3150 3679 3206 in

2093 3247 2318 3311 lsraele,
2350 3246 2513 3316 cujus
2545 3245 2723 3302 exitus
2749 3246 2817 3302 ab
2839 3246 2994 3302 initio
3022 3247 3235 3303 dierum
3278 3244 3485 3311 saeculi,
3517 3254 3575 3300 ut
3601 3245 3680 3299 ait

2091 3342 2252 3399 divus
2282 3341 2539 3397 Michaaas
2561 3340 2628 3395 ".

2164 3521 2225 3579 6°
2258 3521 2441 3588 Salve,
2466 3521 2724 3578 umbrose
2763 3537 2924 3579 mons
2955 3520 3230 3594 virgines,
3282 3538 3350 3579 ex
3393 3538 3504 3594 quo
3538 3522 3677 3579 San-

2093 3627 2216 3674 ctus
2242 3614 2461 3674 lsraelis
2494 3614 2781 3686 apparuit,
2834 3623 2895 3670 ut
2923 3613 3248 3672 liabacucus
3280 3616 3547 3672 divinitus
3595 3616 3679 3670 in-

2094 3713 2329 3771 stinctus
2357 3712 2559 3768 clamat
2588 3710 2654 3765 “.

2169 3803 2225 3858 7°
2262 3805 2398 3870 Ave,
2438 3804 2661 3860 lucerna
2699 3818 2835 3859 auro
2865 3802 3156 3873 Splentlens
3186 3800 3437 3865 lucifera,
3465 3816 3530 3857 ex
3568 3817 3677 3870 qua

2095 3896 2411 3954 sedentibus
2450 3896 2504 3951 in
2537 3896 2777 3951 tenebris
2815 3903 2870 3949 et
2914 3894 2971 3949 in
3020 3893 3213 3949 umbra
3254 3894 3448 3950 mortis
3477 3893 3682 3949 effulsit

2097 3992 2378 4045 inaccessa
2408 3988 2623 4045 deitatis
2646 3989 2761 4054 lux,
2803 3987 3105 4043 secundum
3139 3986 3402 4041 divinitus
3438 3985 3677 4041 amatum

2095 4080 2418 4137 Zachariam
2446 4082 2513 4135 ".

2166 4175 2225 4231 8°
2260 4174 2397 4239 Ave,
2427 4172 2733 4229 universale
2759 4170 3069 4227 mortalium
3095 4168 3554 4242 propitiatorium,
3582 4183 3681 4239 per

408 4262 479 4317 δι’
502 4257 564 4320 οὖ
591 4264 701 4319 ἀπὸ
722 4264 999 4320 ἀνατολῶν
1027 4265 1181 4339 ἡλίου
1208 4268 1305 4322 καὶ
1336 4268 1444 4333 ἓως
1475 4269 1699 4342 δυσμῶν
1730 4271 1793 4327 τὸ
1820 4270 1993 4344 ὄνομα

2099 4268 2243 4340 quod
2280 4268 2351 4324 ab
2378 4275 2505 4322 ortu
2540 4266 2675 4322 solis
2709 4279 2886 4336 usque
2934 4263 3002 4320 ad
3036 4279 3296 4320 occasum
3348 4277 3547 4318 nomen
3573 4261 3681 4329 Do:

409 4356 619 4430 Κυρίου
643 4356 956 4426 δεδόξασται
982 4360 1041 4415 ὲν
1065 4362 1179 4426 τοῖς
1204 4360 1384 4416 ἔθνεσι
1422 4361 1518 4417 καὶ
1550 4363 1610 4418 ὲν
1636 4365 1801 4420 παντὶ
1839 4366 1993 4438 τόπῳ

2099 4363 2232 4419 ιιιἰηὶ
2263 4362 2600 4435 glorillcatur
2633 4359 2686 4415 in
2721 4357 2995 4431 gentibus,
3024 4366 3079 4413 et
3100 4358 3153 4413 in
3179 4356 3328 4414 omni
3355 4356 3476 4411 loco
3510 4356 3682 4423 thuri-

410 4448 665 4520 θυμίαμα
695 4449 774 4522 τῷ
793 4450 1019 4523 ὀνόματι
1049 4451 1216 4508 αὐτοῦ
1242 4453 1582 4526 προσάγεται
1631 4456 1773 4513 κατὰ
1802 4457 1993 4512 Μαλαο

2101 4455 2285 4511 licatio
2313 4454 2522 4509 nomini
2562 4454 2686 4525 ejus
2734 4450 2983 4517 oﬂ'ertur,
3019 4450 3163 4507 sicut
3199 4451 3274 4506 ait
3297 4448 3681 4505 sanctissimus

409 4539 535 4611 χίαν
555 4540 651 4594 τὸν
674 4542 1003 4612 ἁγιώτατον.

2099 4546 2387 4604 Malacliias
2409 4546 2475 4600 “.
3640 4616 3643 4621 γ

480 4632 548 4689 θ’.
579 4634 829 4708 Χαίροις,
855 4636 1035 4710 κούφη
1064 4637 1291 4712 νεφέλη,
1315 4633 1436 4714 ἐνῇ
1469 4638 1675 4714 Κύριος
1707 4643 1993 4712 κεκάθικε,

2161 4642 2220 4698 9°
2251 4642 2363 4696 Ave
2384 4680 2401 4705 ,
2458 4638 2590 4694 levis
2618 4637 2814 4694 nebula
2840 4678 2855 4704 ,
2913 4636 2970 4693 in
2999 4652 3108 4708 qua
3150 4635 3411 4691 Dominus
3459 4634 3677 4696 resedit,

413 4725 556 4781 κατὰ
592 4724 821 4784 Ἡσαΐαν
845 4727 937 4783 τὸν
967 4730 1416 4801 ἱεροφωνότατον.

2099 4745 2156 4791 ιιι
2224 4741 2309 4789 est
2377 4730 2524 4801 apud
2596 4745 2754 4787 sacra
2826 4743 3132 4801 magnaque
3196 4742 3329 4783 voce
3391 4726 3681 4797 praatlitum

2095 4825 2294 4883 Isaiam
2327 4824 2392 4878 ".

484 4903 539 4961 ι’.
567 4905 815 4979 Χαίροις,
850 4907 974 4979 ιερὰ
1020 4905 1205 4977 βίϐλος
1236 4907 1348 4962 τῶν
1390 4911 1833 4982 προσταγμάτων
1879 4913 1993 4966 Ku-

2171 4915 2265 4975 10⁸
2303 4918 2437 4979 Ave,
2460 4928 2618 4970 sacer
2633 4920 3013 4970 mandatorum
3028 4912 3243 4968 Domini
3280 4910 3437 4978 liber,
3469 4909 3684 4964 noviter

413 5001 553 5073 ρίου,
574 5004 671 5060 καὶ
701 5004 731 5059 6
758 5006 1121 5077 νεοχάρακτος
1150 5006 1315 5078 νόμος
1336 5006 1438 5079 τῆς
1464 5010 1705 5081 χάριτος,
1737 5010 1807 5065 δι’
1832 5010 1901 5084 ἢν
1927 5012 1996 5068 τά

2102 5007 2305 5079 scripta
2344 5005 2533 5078 gratiae
2555 5005 2665 5073 lex,
2708 5018 2807 5074 per
2844 5018 3009 5073 quam
3039 5002 3153 5059 Deo
3180 5003 3377 5074 placita
3408 5001 3566 5057 nobis
3595 4999 3681 5055 in-

411 5095 621 5167 ἀρεστὰ
654 5096 796 5169 Θεῷ,
824 5098 959 5170 ἡμῖν
985 5099 1209 5169 γνωστά
1245 5100 1386 5169 ἐστι,
1420 5102 1563 5157 κατά
1600 5101 1873 5175 Ἰερεμίαν
1903 5105 1996 5160 τὸν

2104 5107 2413 5167 notescunt,
2443 5108 2607 5171 prout
2636 5097 3082 5155 luctuosissimus
3108 5099 3184 5153 ait
3203 5096 3472 5155 Jeremias
3501 5095 3569 5150 ³⁸.

410 5189 902 5263 πολυθρηνότατον.
2540 5190 2545 5197 ’
3158 5192 3163 5197 ’
3342 5190 3345 5195 ’

478 5325 529 5359 ⁸³
555 5324 721 5381 Mich.
750 5340 806 5395 v,
839 5323 896 5380 2.
971 5328 1019 5360 “
1052 5324 1254 5385 Hahae.
1291 5344 1372 5393 ιιι,
1396 5329 1449 5385 5.
1501 5326 2009 5395 "Zach.m,9;vr,l

411 5398 501 5453 l3.
525 5406 580 5453 et
608 5395 759 5453 alibi.

2116 5326 2172 5359 ”
2211 5323 2440 5381 Malach.
2469 5340 2508 5393 ι,
2538 5323 2625 5379 Η.

487 5438 501 5460 ,
525 5413 580 5453 θῑ
608 5413 759 5453 aIIDl.

2726 5323 2772 5355 ’⁷
2800 5321 2905 5379 lsa.
2931 5338 3045 5386 ιιιι,
3074 5324 3126 5377 1.
3232 5324 3277 5357 ’⁸
3305 5322 3509 5379 Jerem.
3556 5337 3683 5377 xxv.

485 5533 565 5605 (9)
622 5532 877 5605 Imitatur
917 5530 1244 5605 Theodorus
1290 5532 1350 5589 S.
1406 5533 1674 5605 Cyrillum
1728 5530 1990 5605 Alex._in
2101 5549 2224 5591 nem
2254 5534 2404 5589 illam
2428 5533 2496 5605 de
2522 5530 2694 5605 nativ.
2727 5532 2788 5586 Β.
2825 5532 3029 5605 Mariae,
3060 5530 3262 5605 editam
3292 5530 3438 5585 inter
3468 5526 3683 5582 Dama-

413 5601 676 5660 Oratione
702 5605 771 5660 de
806 5604 869 5657 Β.
916 5602 1113 5669 Maria,
1148 5602 1285 5674 Opp.
1332 5613 1373 5659 t.
1404 5601 1472 5665 νζ
1506 5613 1645 5674 part.
1681 5619 1742 5664 ιι.
1778 5619 1833 5673 ιι.
1862 5601 1990 5658 379.
2101 5606 2381 5669 scenicas,
2435 5603 2789 5674 Theodorum
2850 5603 3032 5674 potius
3058 5603 3297 5674 "habere
3358 5608 3679 5672 parentem,

418 5676 660 5731 Dicerem
703 5674 905 5730 imitari
935 5690 1159 5745 quoque
1191 5673 1621 5740 Damascennm;
1663 5674 1771 5729 nisi
1818 5688 1994 5742 nuper
2102 5687 2239 5733 teste
2267 5677 2432 5733 etiam
2467 5673 2655 5733 codice
2692 5673 2952 5732 Vaticano
2979 5673 3105 5730 455.

417 5762 470 5817 p.
498 5746 591 5816 54,
620 5745 678 5801 in
720 5746 1073 5803 adnotatione
1106 5746 1444 5803 monuisscm
1490 5747 1743 5813 lectores,
1774 5745 1996 5801 oratio-
