4050 6364
337 263 442 326 727
1534 269 1575 327 s
1626 264 2020 329 THEODORI
2061 261 2411 326 STUDITIE
2910 290 2913 292 -
3295 239 3310 252 ‘
3499 251 3608 316 728

411 357 500 411 ll"
527 356 662 424 Ave,
698 357 870 430 ianua
902 359 1111 424 clausa,
1161 374 1259 430 per
1302 375 1467 431 quam
1513 358 1659 415 Deus
1698 357 1946 422 lsraelis,

2091 354 2181 409 ια’.
2223 351 2471 423 Χαίροις.
2515 345 2662 418 πύλη
2705 344 3088 416 κεκλεισμένη,
3120 343 3187 398 δι’
3227 338 3298 417 ἧς
3335 340 3542 414 Κύριος
3577 343 3609 396 6

342 450 625 518 ingressus
657 461 740 507 est
768 461 822 507 et
849 467 1127 522 egressus,
1168 452 1312 509 sicut
1339 467 1583 508 summus
1610 451 1704 507 Dei
1736 465 1925 520 specu-

342 541 484 596 lator
506 541 757 600 Ezechiel
779 545 974 600 scribit
1001 545 1068 601 ”.

413 631 512 686 12°
546 632 679 702 Ave,
705 634 854 690 nulla
885 651 1050 690 manu
1067 633 1310 691 laborate
1335 647 1496 691 mons
1518 634 1836 697 celsissime.
1857 651 1921 690 ex

345 737 454 793 quo
483 724 760 794 angularis
785 727 1060 782 abscissus
1084 726 1188 782 fuit
1211 726 1371 796 lapis,
1402 727 1546 782 sicut
1581 725 1658 782 ait
1676 741 1926 782 summus

347 813 630 887 theologus
663 817 850 874 Daniel
874 818 940 874 ³ο.

419 907 474 962 5.
507 907 614 964 Sed
642 909 786 964 enim
804 924 1049 980 quamam
1075 924 1231 964 mens
1254 907 1666 978 complectatur,
1687 909 1772 964 vel
1802 923 1928 963 ora-

349 995 428 1052 tio
466 1005 736 1068 exaequet,
770 1009 903 1069 quot
934 1009 1249 1070 quantaque
1294 999 1369 1054 ibi
1411 1001 1748 1064 cecinerunt,
1776 1000 1931 1055 dixe-

353 1097 502 1157 runt,
529 1089 805 1146 laudativo
833 1091 1109 1166 praeconio
1151 1090 1469 1146 extulerunt
1500 1090 1735 1161 theologi
1782 1087 1932 1145 viri?

351 1179 423 1234 At
451 1189 738 1251 postquam
761 1181 925 1252 iustis
955 1182 1126 1238 sacris
1144 1177 1316 1237 functi
1366 1180 1606 1248 fuerunt,
1637 1191 1932 1253 sancteque

354 1278 546 1324 sancta
587 1281 938 1338 peregerunt,
984 1286 1112 1326 ecce
1143 1269 1318 1327 adfuit
1351 1271 1467 1342 ipse
1497 1269 1764 1326 Dominus
1803 1285 1931 1325 cum

353 1361 522 1430 gloria
550 1360 891 1434 fortitudinis
924 1378 1040 1419 suae
1069 1363 1328 1433 omnique
1356 1365 1624 1420 caelorum
1663 1364 1929 1420 exercitu.

358 1452 422 1506 Et
462 1452 807 1522 invisibiliter
843 1445 1063 1524 quidem
1102 1455 1408 1526 incorporei
1452 1456 1710 1528 (angeli),
1733 1471 1932 1526 corpo-

355 1542 545 1600 raliter
575 1555 756 1601 autem
796 1547 1032 1617 apostoli
1071 1546 1383 1602 divinorum
1419 1545 1752 1616 magnalium
1775 1545 1935 1618 hym-

2024 445 2158 506 Θεδς
2185 441 2280 498 τοῦ
2321 437 2539 514 Ἰσραὴλ
2579 436 2924 508 εἰσελήλυθεν
2962 436 3055 489 καὶ
3087 434 3428 507 ἐξελήλυθεν,
3467 431 3610 485 κατά

2038 533 2299 605 Ἰεζεκιὴλ
2327 531 2420 586 τὸν
2445 529 2898 586 θεοπτικώτατον.

2099 627 2184 699 ιβ’.
2215 627 2463 698 Χαίροις,
2511 623 2572 677 τὸ
2602 621 2899 688 ἀλάξευτον
2945 618 3436 691 χειρούψηλότατον
3460 618 3608 689 ὅρος,

2025 717 2086 784 ἐξ
2108 713 2169 774 οὗ
2195 719 2225 771 6
2243 715 2638 788 ἀκρογωνιαῖος
2658 711 3032 784 ἀποτέτμηται
3057 711 3223 777 λίθος,
3247 708 3389 763 κατά
3411 707 3611 778 Δανιὴλ

2026 816 2119 870 τὸν
2147 811 2628 884 θεολογικώτατον.

2099 913 2162 962 ε’.
2194 908 2306 960 Καὶ
2338 907 2490 970 ποῖος
2521 903 2647 968 νοῦς
2678 905 3004 976 χωρήσειεν,
3033 899 3068 974 ἢ
3098 899 3185 964 τίς
3215 898 3374 968 λόγος
3399 895 3610 968 ἐφίκοι-

2029 1017 2112 1064 το,
2137 999 2237 1052 ὅσα
2259 1000 2438 1052 ἐκεῖσε
2462 993 2624 1070 ᾖσαν,
2645 996 2873 1068 ἔφασαν,
2899 993 3244 1066 ἐμακάρισαν
3265 992 3316 1046 οί
3339 990 3613 1059 θεολόγοις

2043 1089 2187 1145 Ἀλλ’
2213 1090 2402 1161 ἐπειδὴ
2424 1084 2494 1144 τὰ
2520 1088 2706 1143 εἰκότα
2731 1087 3098 1159 ἰερούργησαν
3122 1084 3306 1156 ἰερῶς,
3325 1083 3419 1138 καὶ
3442 1081 3615 1151 ἀγίως

2028 1183 2099 1238 τά
2140 1183 2274 1254 ἅγια
2310 1180 2660 1247 ἐπετέλεσαν,
2691 1180 2800 1234 ἰδοὺ
2839 1178 3174 1252 παρεγένετο
3205 1176 3299 1230 καί⁵
3338 1177 3366 1230 6
3409 1175 3617 1246 Κύριος

2035 1276 2173 1350 μετά
2204 1273 2362 1346 δόξης
2397 1272 2581 1345 ἰσχύος
2624 1271 2791 1328 αὐτοῦ
2821 1273 2916 1326 καὶ
2945 1271 3126 1340 πάσης
3152 1270 3413 1342 στρατιᾶς
3452 1269 3617 1339 οὐραο

2031 1369 2146 1424 νοῦ·
2198 1369 2295 1423 καὶ
2343 1364 2592 1440 ἀοράτως
2637 1361 2736 1438 μὲν
2793 1363 3172 1436 ἐλειτούργουν
3215 1363 3268 1416 οί
3308 1361 3617 1433 ἀσώματοι,

2033 1459 2365 1531 σωματικῶς
2386 1459 2443 1512 δὲ
2471 1458 2522 1512 οἰ
2546 1455 2835 1513 ἀπόστολοι
2869 1453 3108 1528 ὑμνῳδοὶ
3136 1455 3237 1518 τᾶς
3267 1452 3418 1517 θείας
3452 1468 3622 1522 μεγα-

2033 1553 2312 1626 λειότητος
2367 1552 2708 1607 ἐδείκνυντοο
2777 1548 3060 1621 συμμιγὴς
3117 1541 3219 1619 ἦν,
3282 1545 3526 1615 ἀδελφοὶ,
3584 1545 3620 1612 ή

357 1637 516 1693 ιιίειαε
540 1649 716 1694 erant.
749 1639 908 1696 Mista
931 1649 1072 1708 erat,
1113 1656 1148 1696 o
1173 1639 1368 1696 fratres
1393 1680 1410 1706 ,
1454 1641 1744 1712 panegyris
1769 1636 1935 1712 atque

2048 1645 2348 1718 πανήγυρις
2410 1641 2506 1698 καὶ
2544 1645 2573 1698 6
2619 1642 2804 1706 θίασος
2847 1638 3097 1711 οὐράνιός
3133 1655 3191 1691 τε
3247 1638 3342 1690 καὶ
3383 1636 3623 1704 ἐπίγειος

357 1728 560 1784 chorus
586 1729 888 1786 ccelestium
913 1745 978 1787 ac
1006 1740 1345 1786 terrenorum
1374 1731 1494 1803 (nec
1515 1705 1808 1802 quisquam
1835 1705 1936 1785 mi-

2048 1705 2547 1810 [καὶξενιζέτω
2573 1735 2602 1788 6
2633 1734 2792 1803 λόγος
2825 1732 2894 1786 τὰ
2914 1705 3210 1802 ’θεοπρεπῆ
3239 1725 3621 1799 ὑπογράφων),

359 1828 511 1874 retur
527 1829 770 1876 nostram
788 1822 899 1876 Deo
919 1821 1111 1891 dignas
1131 1837 1220 1878 res
1241 1832 1552 1877 narrantem
1584 1820 1933 1891 orationem),

359 1907 718 1980 Angelorum,
748 1913 1240 1984 Arcbangelorum,
1271 1911 1732 1981 Domiuationum,
1763 1911 1939 1967 Thro-

361 2017 582 2067 norum,
611 2001 1044 2074 Principatuum,
1081 2003 1440 2069 Potestatum,
1463 2001 1759 2070 Virtutum,
1791 2003 1938 2060 Che-

361 2097 707 2166 rubinorum,
728 2080 1176 2170 Seraphinorum,
1192 2099 1586 2169 apostolorum,
1615 2109 1935 2170 martyrum,

357 2189 639 2259 iustorum
673 2209 689 2246 ι
731 2206 968 2262 quorum
999 2191 1092 2246 alii
1124 2191 1487 2258 deducebant,
1533 2191 1626 2246 alii
1669 2191 1941 2261 praecede-

364 2284 514 2349 bant,
541 2282 632 2338 alii
662 2283 1162 2354 subsequebantur,
1193 2283 1283 2337 alii
1306 2283 1578 2354 stipabant
1601 2323 1616 2350 ,
1644 2284 1941 2354 cunctique

363 2390 472 2429 una
503 2390 636 2431 voce
667 2391 791 2430 cum
826 2375 1016 2446 iubilis
1047 2375 1398 2432 clamabant:
1431 2374 1660 2430 Caritate
1684 2375 1938 2441 Domino,

363 2465 580 2521 laudate
614 2467 927 2528 Dominum.
969 2467 1284 2524 benedictus
1312 2467 1576 2524 Dominus
1603 2485 1768 2539 super
1791 2469 1944 2540 justo

365 2565 553 2613 monte
595 2567 788 2615 sancto
810 2559 951 2629 ejus,
978 2569 1032 2614 et
1056 2561 1327 2616 exaltetur
1357 2559 1555 2616 coelum
1588 2555 1640 2616 in
1687 2561 1940 2617 sublime.

366 2648 504 2716 Quis
525 2666 655 2722 ergo
675 2651 895 2707 audivit
931 2667 1030 2722 par
1055 2653 1325 2710 canticum
1356 2669 1387 2709 a
1421 2654 1654 2720 saeculo,
1685 2669 1718 2710 o
1756 2653 1944 2710 Philo-

2049 1829 2342 1899 Ἀγγέλων,
2357 1826 2843 1900 Ἀρχαγγέλων,Κυ
2853 1823 3373 1894 ριοτήτων,Θρόνων,
3385 1816 3624 1890 ’Δρχῶν,

2037 1919 2350 1988 Ἐξουσιῶν,
2383 1917 2701 1990 Δυνάμεων,
2725 1917 2835 1971 τῶν
2865 1914 3245 1987 Χερουϐικῶν,
3270 1912 3366 1966 καὶ
3390 1911 3624 1980 Σεραφι-

2041 2013 2176 2078 κῶν,
2204 2008 2542 2070 ἀποστόλων,
2577 2005 2892 2079 μαρτύρων,
2929 2003 3182 2067 δικαίων,
3211 2001 3319 2055 τῶν
3356 1999 3454 2071 μέν
3489 2015 3626 2070 προ-

2037 2103 2366 2176 τρεχόντων,
2392 2099 2501 2154 τῶν
2527 2099 2584 2152 δὲ
2626 2093 3159 2166 προσυπαντώντων,
3185 2089 3294 2145 τῶν
3326 2091 3422 2162 μὲν
3458 2090 3627 2160 ἡγου-

2045 2197 2244 2269 μένων,
2271 2195 2381 2247 τῶν
2412 2192 2469 2246 δὲ
2494 2188 2945 2262 προηγουμένων,
2972 2186 3082 2239 τῶν
3104 2183 3162 2239 δέ
3191 2183 3495 2255 ἑπομένων,
3517 2181 3628 2234 τῶν

2041 2289 2099 2344 δὲ
2153 2285 2580 2359 παρεπομένων,
2639 2280 2861 2335 πάντων
2908 2279 3060 2350 φωνῇ
3096 2278 3195 2349 μιᾷ
3231 2275 3290 2328 ἐν
3319 2271 3628 2345 εὐφροσύνῃ

2039 2380 2322 2451 βοώντωνο
2363 2377 2567 2448 ’ᾼσατε
2604 2371 2684 2442 τῷ
2723 2370 2911 2442 Κυρίῳ
2932 2387 2946 2402 ·
2978 2369 3226 2423 αἰνέσατε
3251 2363 3342 2420 τδν
3381 2363 3585 2436 Κύριον
3609 2380 3624 2395 ·

2044 2469 2411 2542 εὐλογημένος
2449 2469 2656 2538 Κύριος
2701 2465 2794 2519 ἐπὶ
2829 2463 3040 2516 δίκαιον
3071 2461 3197 2533 ὅρος
3237 2459 3298 2514 τὸ
3329 2459 3483 2528 ἅγιον
3523 2457 3625 2512 αὐ-

2044 2567 2138 2621 τοῦ
2163 2582 2176 2595 °
2213 2565 2309 2618 xci.
2335 2559 2675 2634 ἀνυψωθήτω
2701 2560 2730 2612 6
2752 2555 2980 2628 οὐρανὸς
3010 2555 3091 2618 εἰς
3117 2553 3178 2607 τὸ
3213 2551 3485 2623 μετέωρον
3503 2566 3516 2578 ·
3543 2549 3629 2612 τίς

2044 2655 2141 2715 οὖν
2176 2659 2411 2732 ἤκουσεν
2453 2655 2514 2720 ἐξ
2543 2653 2738 2716 αἰῶνος
2781 2650 3020 2705 τοιοῦτον
3045 2647 3270 2714 ἐξόδιον,
3298 2639 3343 2699 ὦ
3376 2641 3626 2716 φιλόχριο

369 2741 604 2800 cbristi?
648 2743 774 2813 quis
820 2743 1140 2814 huiusmodi
1203 2745 1590 2816 exsequiarum
1643 2746 1946 2816 pompam?

2050 2769 2200 2816 στοις
2227 2750 2310 2814 τίς
2348 2749 2490 2818 ἔγνω
2513 2745 2848 2819 τηλικαύτης
2875 2741 3097 2813 κηδείας
3139 2739 3477 2812 προπομπήν
3501 2755 3516 2802 ;
3544 2737 3631 2800 τίς

367 2831 505 2899 Quis
535 2843 773 2906 unquam
806 2837 967 2891 talem
1007 2836 1299 2893 transitum
1347 2842 1501 2894 novit
1525 2879 1541 2905 ,
1591 2841 1740 2910 quali
1778 2839 1946 2895 Mater

2049 2843 2247 2916 ᾔσθετο
2267 2844 2523 2912 τοιαύτης
2549 2837 2904 2910 μεταϐάσεως
2936 2833 3157 2891 πώποτε
3181 2871 3200 2898 ,
3228 2831 3348 2895 οἵας
3375 2831 3410 2901 ή
3431 2830 3631 2901 Μήτηρ

372 2925 586 2983 Domini
617 2930 721 2984 mei
762 2929 923 3000 digna
961 2928 1101 2985 fuit?
1129 2928 1318 3002 Neque
1345 2931 1398 2987 id
1435 2932 1733 3000 immerito,
1768 2949 1946 3003 quan-

2049 2935 2145 2990 τοῦ
2179 2935 2389 3008 Κυρίου
2424 2950 2526 3004 μου
2559 2931 2788 3004 ἠξίωται
2813 2946 2829 2996 ;
2863 2928 2958 2982 καὶ
2984 2926 3084 2981 οὐκ
3113 2923 3341 2990 ἀπεικός
3367 2940 3381 2954 ⁶
3408 2921 3631 2992 ἐπειδή-

371 3020 664 3090 doquidem
693 3037 855 3078 nemo
879 3022 968 3078 illa
994 3023 1284 3092 excelsior,
1304 3039 1424 3094 qua:
1445 3023 1690 3079 omnium
1715 3026 1946 3080 maxima

2055 3048 2162 3102 περ
2195 3027 2315 3083 οὐδέ
2341 3043 2425 3090 τις
2450 3025 2751 3098 ὑπέρτερος
2795 3022 2967 3092 αὐτῆς
2989 3019 3276 3085 δέδεικται,
3310 3015 3630 3088 μειζοτέρας

373 3112 500 3168 fuit.
520 3111 716 3170 Horret
745 3115 969 3186 spiritus
987 3131 1165 3181 meus.
1185 3117 1315 3172 dum
1331 3116 1594 3174 transitus
1619 3119 1694 3173 tui
1725 3133 1946 3190 magna-

2054 3120 2222 3188 οὔσης
2261 3119 2552 3174 ἁπάντων·
2587 3116 2798 3188 φρίττει
2833 3129 2936 3184 μου
2964 3109 3057 3166 οὖν
3087 3110 3150 3164 τὸ
3179 3107 3394 3182 πνεῦμα
3431 3108 3492 3163 τὸ
3538 3125 3634 3179 με·

375 3206 468 3268 lia.
487 3222 522 3260 ο
547 3205 730 3278 Virgo,
754 3208 1036 3280 recogitat.
1068 3208 1444 3264 Perhorrescit
1474 3225 1627 3264 mens
1652 3225 1794 3272 mea,
1822 3209 1946 3264 dum

2052 3213 2270 3283 γαλείον
2307 3209 2406 3280 τῆς
2453 3206 2837 3279 μεταστάσεως
2873 3221 2995 3267 σου,
3035 3193 3082 3257 ῶ
3119 3201 3385 3272 Πάρθενε,
3426 3200 3638 3254 διενθυ-

377 3307 482 3354 tua:
526 3297 874 3355 dormitionis
933 3300 1412 3356 admirabilitatem
1466 3311 1703 3370 reputat.
1772 3301 1946 3358 llaeret

2054 3304 2353 3377 μούμενος·
2391 3298 2754 3372 ἐκπλήττεται
2780 3315 2884 3368 μου
2914 3299 2942 3351 6
2969 3297 3093 3359 νοῦς
3121 3296 3180 3348 τὸ
3208 3287 3636 3364 τῆςκοιμήσεὼς

379 3395 559 3464 lingua
594 3407 736 3458 mea,
755 3392 882 3448 dum
920 3392 999 3448 tui
1039 3393 1412 3450 reviviscentis
1439 3395 1756 3467 mysterium
1793 3409 1953 3448 enar-

379 3491 484 3541 rat.
505 3479 640 3536 Nam
660 3484 784 3552 quis
805 3483 968 3556 digne
982 3483 1198 3539 auditas
1215 3483 1374 3539 faciet
1395 3499 1583 3540 omnes
1603 3484 1792 3541 laudes
1810 3495 1950 3551 tuas,

379 3586 435 3631 et
481 3575 727 3631 narrabit
775 3585 973 3633 cuncta
1005 3577 1274 3633 mirabilia
1310 3579 1442 3633 tua?
1490 3575 1750 3644 Quzenam
1800 3593 1954 3634 mens

378 3667 513 3723 satis
542 3667 761 3724 sublimi
809 3667 1062 3725 facundia
1101 3669 1423 3739 eloquetur?
1476 3684 1724 3740 quamam
1767 3668 1954 3739 lingua

381 3760 698 3830 magnisona
719 3760 1061 3831 praedicabit?
1080 3770 1190 3827 tua,
1209 3761 1450 3832 inquam,
1471 3763 1664 3817 decora
1681 3760 1954 3828 effabitur,

380 3869 469 3908 res
495 3863 618 3910 tuas
653 3851 948 3916 describet,
981 3851 1179 3908 merita
1214 3863 1305 3908 tua
1331 3853 1513 3908 verbis
1551 3851 1840 3922 exprimet,
1873 3852 1958 3908 vel

383 3957 475 4001 tua
507 3945 775 4002 mirabilia
803 3945 1114 4016 exaequabit
1147 3944 1432 4018 mysteria,
1461 3943 1838 4010 celebritates,
1877 3943 1958 3998 fe-

378 4047 498 4094 stos
525 4037 679 4104 dies,
722 4035 1106 4100 laudationes,
1153 4036 1448 4093 encomia?
1491 4033 1856 4102 Quamobrem
1889 4032 1958 4088 ad

380 4127 486 4184 hoc
535 4142 754 4199 quoque
799 4129 1114 4200 mysterium
1147 4125 1534 4183 celebrandum
1580 4125 1797 4179 infirma
1851 4131 1956 4188 est,

379 4218 592 4275 viribus
618 4219 816 4290 impar,
845 4228 901 4276 et
929 4216 1248 4288 attingendo
1275 4232 1442 4286 scopo
1469 4216 1649 4286 inepta
1676 4214 1959 4271 convinci-

2055 3414 2151 3450 σου
2211 3393 2518 3465 θαυμάσιον
2565 3388 3048 3459 ἀναλογιζόμενοςυ
3096 3385 3399 3441 συνδέδεταί
3449 3403 3551 3456 μου
3595 3387 3632 3455 ή

2052 3486 2269 3556 γλῶττα
2304 3486 2366 3539 τὸ
2405 3485 2504 3555 τῆς
2552 3481 2884 3546 παλινζωῖας
2919 3480 3030 3551 (10)
3075 3495 3169 3534 σου
3213 3479 3510 3549 μυστήριον
3540 3478 3633 3530 ὲκ-

2055 3578 2426 3650 διηγουμένη·
2485 3577 2567 3641 τίς
2621 3577 2731 3646 γάρ
2787 3576 2936 3628 ἐστιν
2987 3575 3216 3636 ἐκεῖνος.
3280 3571 3338 3636 δς
3399 3569 3638 3636 ἐπαξίως

2057 3670 2330 3734 ἀκουστάς
2356 3669 2572 3740 ποιήσει
2593 3665 2772 3730 πάσας
2794 3665 2892 3730 τάς
2911 3666 3144 3728 αἰνέσεις
3167 3680 3263 3717 σου
3282 3705 3297 3730 ,
3327 3663 3641 3732 διηγήσαιτο

2057 3765 2238 3819 πάντα
2273 3764 2343 3819 τά
2377 3761 2658 3834 Θαυμάσιά
2689 3777 2821 3826 σου;
2853 3762 3005 3824 ποῖος
3041 3758 3167 3822 νοῦς
3197 3757 3491 3828 ὐψηγορῶν
3537 3758 3638 3826 ρη-

2056 3856 2342 3930 τορεύσει;
2394 3858 2521 3908 ποῖα
2563 3853 2786 3924 γλῶσσα
2839 3850 3291 3924 μεγαληγοροῦσα
3323 3848 3638 3919 φθέγξεται,

2059 3950 2156 4005 καὶ
2209 3949 2278 4003 τά
2327 3947 2396 4002 σά
2448 3947 2678 4013 ἐξείποι,
2724 3943 2793 4000 τὰ
2842 3945 2910 3999 σὰ
2967 3944 3326 4016 παραστήσει,
3364 3943 3477 4004 τοῖς
3529 3943 3642 4003 σοῖς

2061 4043 2392 4114 προσϐάλλει
2441 4044 2702 4116 ῥήμασιν,
2731 4042 2764 4112 ἦ
2807 4040 2915 4095 τῶν
2947 4040 3056 4094 σῶν
3092 4040 3392 4108 ἐφικνεῖται
3425 4036 3640 4106 θαυμα-

2065 4137 2196 4190 σίων
2255 4133 2510 4199 τελετῶν,
2572 4130 2958 4203 πανηγύρεων,
3024 4127 3248 4199 ἑορτῶν,
3312 4126 3638 4196 διηγήσεων,

2062 4226 2391 4298 ἐγκωμίων;
2435 4223 2554 4296 μεθ’
2593 4217 2669 4278 ὧν
2721 4223 2816 4276 κα)⁸
2867 4219 2962 4273 τοῦ
3025 4219 3291 4291 παρόντος
3343 4215 3642 4288 μυστηρίου

381 4322 494 4368 tur.
516 4312 597 4366 Tu
618 4313 761 4368 enim
796 4313 1193 4382 superemines,
1221 4307 1460 4374 excedis,
1487 4305 1946 4379 incorporabilitet

2063 4319 2301 4385 ἀσθενεῖ,
2363 4317 2568 4383 ἀτονεῖ,
2634 4311 3020 4382 ἀποτυγχάνει,
3089 4303 3483 4379 ἀπελέγχεται’
3548 4309 3644 4361 καὶ

383 4420 611 4476 superas
643 4445 658 4470 ,
699 4403 1008 4468 altitudine,
1063 4399 1453 4472 magnitudine,
1506 4397 1946 4455 sublimissimam

2063 4413 2174 4483 γὰρ
2227 4410 2542 4482 ύπερέχεις,
2599 4401 2979 4478 ὑπερϐάλλεις,
3035 4401 3422 4475 ύπερτερεύεις
3469 4403 3642 4470 ἀσυγ-

383 4497 681 4570 quamlibet
727 4495 851 4551 ειειί
904 4504 1156 4566 partem:
1189 4491 1492 4549 sanctitatis
1528 4491 1745 4562 quidem
1791 4491 1964 4560 splen-

383 4596 517 4648 dore
541 4591 718 4645 lucem
749 4587 902 4654 solis,
931 4585 1248 4641 meritorum
1284 4583 1408 4653 iure
1435 4583 1750 4654 angelorum
1783 4581 1963 4651 digni-

384 4691 576 4748 tatem,
597 4678 956 4750 etcuiuslibct
983 4677 1320 4746 incorporeas
1347 4673 1626 4729 rationalis
1645 4672 1964 4729 substantia:

387 4773 841 4830 intellectualium
879 4778 934 4827 et
963 4767 1384 4842 intelligibilium
1426 4766 1706 4822 virtutum.

457 4974 511 5031 6.
544 4972 675 5042 Sed,
700 4989 736 5032 ο
764 4973 1033 5032 illustrem
1062 4951 1512 5045 splendidamque
1530 5007 1546 5040 ,
1574 4968 1656 5026 sic
1694 4969 1840 5027 enim
1874 4967 1969 5024 la:-

459 5159 506 5191 ²⁹
535 5155 737 5214 Ezech.
772 5167 921 5222 thv,
958 5150 1017 5208 Ξ.
1089 5149 1136 5184 ³⁰
1169 5147 1306 5208 Dan.
1340 5167 1403 5215 ιι,
1443 5149 1536 5206 45.

464 5314 586 5386 (l0)
614 5311 694 5393 De
725 5309 971 5393 Delparae
988 5320 1224 5393 corpore
1241 5392 1244 5393 ν
1264 5305 1596 5393 resuscitato
1619 5313 1682 5393 et
1692 5303 1764 5393 in
1781 5304 1962 5393 oculos

389 5376 696 5454 assumpto,
729 5376 954 5452 copiose
987 5376 1116 5433 item
1150 5376 1515 5433 Trombellius
1549 5376 1604 5430 in
1636 5376 1805 5430 citato
1832 5391 1964 5444 ope-

389 5457 467 5504 ris
512 5465 664 5504 mmo
716 5453 936 5504 dissert.
989 5448 1078 5504 46.
1125 5446 1404 5504 Videndus
1453 5445 1682 5504 insuper
1727 5443 1960 5500 Benedi-

387 5457 467 5512 ris
512 5453 664 5510 tomo
716 5453 936 5507 dissert.
989 5453 1078 5504 46.
1126 5453 1404 5504 Videndus
1453 5453 1682 5514 insuper
1727 5453 1960 5500 Benedi-

389 5536 511 5582 ctus
538 5523 699 5590 XIV;
729 5522 806 5594 De
851 5523 999 5594 festis
1045 5519 1155 5594 lib.
1174 5534 1237 5584 ιι,
1279 5532 1400 5588 cap.
1449 5516 1507 5572 8.
1547 5513 1692 5594 ﬁeri}
1733 5515 1964 5594 attingit

395 5598 556 5653 etiam
583 5583 710 5650 Atto
741 5583 1098 5649 Vercellensis
1141 5589 1198 5644 in
1226 5583 1500 5644 'sert'none
1541 5585 1630 5651 17,
1666 5584 1807 5653 inter
1839 5583 1962 5640 illos

391 5651 422 5720 εἰ
452 5664 612 5722 nobis
644 5665 842 5720 editos.
871 5663 1016 5718 Inter
1041 5671 1227 5716 vetera
1260 5657 1464 5724 scripta
1487 5656 1694 5724 eminet
1721 5651 1963 5712 Pseudo-

399 5736 766 5808 llieronymus
813 5742 974 5791 tract.
1006 5731 1084 5789 De
1133 5723 1491 5798 assumptione
1533 5724 1599 5783 Β.
1638 5723 1848 5796 Μανίαν,
1893 5725 1962 5783 ad

2061 4505 2284 4578 κρίτως,
2316 4504 2376 4556 ἐν
2403 4500 2526 4571 ὕψει
2552 4499 2648 4554 καὶ
2669 4493 2894 4569 μεγέθει
2921 4489 3016 4550 τοῦ
3047 4495 3325 4549 ἀνωτάτου
3366 4493 3554 4558 πόλου,
3586 4495 3645 4546 ἐν

2060 4593 2282 4666 ἁγνείας
2335 4589 2687 4662 λαμπρότητι
2738 4585 2834 4641 τοῦ
2880 4583 3108 4656 ήλιακοῦ
3155 4585 3350 4653 φάους,
3387 4583 3445 4636 ἐν
3503 4586 3646 4648 παῤ-

2063 4687 2259 4763 ρησίας
2315 4681 2593 4738 οἰκειώσει
2645 4679 2747 4752 τῆς
2787 4677 3096 4750 ἀγγελικῆς⁴
3128 4675 3309 4742 ἀξίας,
3339 4671 3646 4746 πάσηςτῆς

2059 4782 2225 4836 ἀΰλου
2257 4776 2352 4832 καὶ
2381 4774 2608 4846 λογικῆς
2630 4773 2818 4834 οὐσίας
2845 4769 3053 4844 νοητῶν
3078 4787 3144 4824 τε
3184 4769 3282 4824 καὶ
3310 4765 3512 4840 νοερῶν
3543 4766 3642 4820 δυο

2071 4873 2313 4943 νάμεων.

2147 4963 2222 5030 ς’.
2265 4961 2406 5018 Ἀλλ’
2437 4961 2484 5015 ὢ
2523 4962 2624 5034 τής
2668 4957 2968 5032 ἐπιφανοῦς
3003 4975 3100 5014 σου
3139 4957 3234 5015 καὶ⁸
3262 4957 3525 5032 λαμπρᾶς
3561 4957 3648 5028 (δι’

2067 5305 2450 5364 Eustochium.
2488 5301 2702 5358 Studita
2751 5308 2934 5357 autem
2986 5305 3174 5353 noster
3211 5289 3645 5364 ecclesiasticam

2067 5359 2418 5434 traditionem
2453 5373 2637 5430 tenere
2665 5386 2724 5428 se
2751 5385 2899 5426 nunc
2931 5367 3138 5425 indicat
3165 5359 3434 5418 vocabulo
3457 5359 3649 5414 παλιν-

2065 5447 2256 5512 ζωῒας.
2305 5445 2374 5501 Ει
2423 5444 2642 5516 quidem
2679 5441 2946 5516 _p_luribu_s
2983 5435 3186 5516 _verbis
3239 5433 3648 5516 Damascenus,

2065 5500 2368 5584 oratis-8,7
2400 5500 2468 5572 de
2517 5500 2875 5584 dormitione
2905 5509 3190 5579 Deiparte,
3241 5522 3303 5584 u._
3349 5503 3436 5584 ιέ.
3493 5500 3650 5584 Nunc

2065 5589 2204 5714 agd‘e
2237 5571 2604 5659 Epi'phanium
2633 5583 2964 5640 monachum
2991 5571 3168 5650 nuper
3196 5592 3230 5633 a
3256 5575 3329 5634 cl.
3371 5571 3648 5632 Dresselio

2067 5673 2096 5714 e
2139 5676 2152 5714 ι
2183 5673 2293 5714 um.

2067 5659 2293 5716 editum.
