4050 6364
354 291 460 357 729

1280 310 1563 374 ORATIO
1593 314 1697 377 VI.
1730 341 1800 352 -
1820 316 1902 380 IN
1937 318 2267 383 SANCTOS
2303 324 2671 389 ANGELOS.

3520 322 3659 412 730'

350 430 543 551 ἡξονῆς
574 432 684 551 γάρ
700 433 813 551 Exn»
837 437 1036 515 λέγειν)
1062 448 1458 548 σξανηγῠρεωςι
1496 454 1564 507 Ὠ
1577 454 1682 525 τῆς
1705 473 1915 528 unum

2034 467 2215 517 tanter
2273 464 2383 529 aio,
2438 465 2837 523 solemnitatem
2887 475 3079 528 tuaml
3146 475 3193 530 Ο
3247 479 3619 551 prodigiosum

353 523 521 621 (ἐόρου
565 527 661 621 διαὶ
701 528 1109 602 θαυματοποιοῦ
1152 542 1545 611 μεταστάσεώς
1575 523 1705 601 ocul
1741 523 1808 601 ’δ
1833 551 1935 621 τῆς

351 616 704 692 ζωοπαρόχου
739 624 837 679 καὶ
863 626 1406 705 ἅειφθαρτοδωρήτου
1430 637 1808 709 ἔνταφιάσεώς
1837 616 1933 695 σου

350 710 448 778 τῆς
495 716 952 789 φωτοκυήτοροςί
989 719 1132 776 ἀλλὰ
1182 723 1283 788 τὰς
1333 728 1567 798 νεφέλας
1611 730 1931 803 διασχοῦσα,

351 804 445 857 καὶ
469 807 553 870 είς
576 808 806 880 οὐρανὸν
837 812 1090 883 ἀνιοῦσα,
1114 819 1212 873 καὶ
1239 820 1323 884 είς
1338 821 1412 875 τὰ
1432 824 1602 893 Ἅγια
1625 827 1735 881 τῶν
1759 828 1933 897 ἁγίων

348 896 591 992 είσιοῦσα
613 902 673 992 εν
693 906 845 975 φωνῇ
873 906 1249 975 ἀγαλλιάσειῖλς
1272 929 1333 966 τε
1357 914 1454 968 καὶ
1491 916 1934 992 ἑξομολογήσεως

349 987 749 1060 κατευλογῆσαι
781 993 1034 1063 ἀξίωσον,
1078 998 1330 1067 Θεοτόκε,
1356 1003 1429 1058 τὰ
1456 1007 1558 1076 τῆς
1600 987 1931 1083 οἰκουμένης

347 1079 594 1173 πέρατα·
647 1085 969 1155 πρεσσείαις
1021 1107 1118 1144 σου
1171 1094 1301 1159 τοὺς
1346 1096 1518 1169 ἀέρας
1560 1079 1932 1173 εὐκρατοῦσα,

344 1170 470 1264 τους
528 1172 770 1264 ῦμσρους
826 1178 1100 1251 εὐκαίρως
1141 1182 1483 1260 δωρουμένη.
1517 1170 1930 1264 τοὺς-ἀνέμους

344 1263 663 1333 εὐθετοῦσα,
715 1267 817 1341 τὴν
863 1272 967 1343 γῆν
1023 1274 1400 1347 εὐκαρποῦσα,
1446 1280 1545 1351 τὴν
1594 1263 1928 1357 Ἐκκλησίαν

344 1356 723 1448 είρηνεύουσα,
755 1360 859 1433 τὴν
886 1363 1198 1435 ὀρθοδοξίαν
1242 1370 1616 1442 κρατύνουσα,
1645 1375 1745 1448 τὴν
1772 1378 1928 1447 βασι-

341 1446 492 1501 λείαν
538 1449 908 1520 φυλάττουσα,
954 1457 1024 1512 τὰ
1075 1458 1329 1533 βάρϐαρα
1376 1463 1510 1537 ἔθνη
1551 1446 1924 1535 ἀποσοδοῦσα,

339 1538 490 1596 ἅπαν
517 1542 580 1596 τὸ
594 1544 949 1633 ,Χριστιανῶν
976 1549 1145 1620 φῦλον
1167 1555 1505 1625 περιέπουσα
1522 1576 1538 1590 ο
1561 1554 1682 1614 εἶτα
1705 1564 1799 1617 καὶ
1824 1564 1926 1633 τῆς

339 1629 479 1723 εμῆς
525 1632 827 1723 τολμηρίας
879 1640 1366 1709 συγγινώσκουσαο
1413 1647 1509 1703 σοῦ
1550 1650 1662 1723 γάρ
1707 1653 1826 1707 ἔστι
1861 1629 1925 1709 τὸ

337 1720 537 1819 λάγιον,
566 1726 660 1780 καὶ
685 1728 773 1819 σὺ,
796 1722 842 1784 ὧ
874 1732 1079 1805 Μήτηρ
1105 1734 1240 1790 Θεοῦ
1264 1739 1326 1793 τὸ
1355 1720 1923 1819 ἐσόμενοννπροφητι-

2035 552 2368 626 plenumque
2401 567 2627 627 stupore
2655 561 2948 618 transitum
2980 571 3163 621 tuum!
3208 566 3255 624 Ο
3279 570 3405 626 vita:
3443 575 3624 630 incor-

2039 646 2376 717 ruptclaeque
2403 650 2665 707 datricem
2710 657 3043 721 sepulturam
3070 669 3239 726 tuam,
3286 678 3319 717 ο
3353 666 3487 722 lucis
3521 666 3624 722 Pa-

2032 739 2197 792 rensl
2230 736 2334 794 Sed
2371 743 2545 797 nubes
2576 758 2884 813 permeans,
2931 759 2986 803 et
3014 749 3066 803 in
3106 750 3317 807 malum
3353 771 3620 814 conscen-

2031 825 2202 894 dens,
2266 829 2415 885 etin
2466 830 2666 888 Sancta
2713 845 3027 892 sanctorum
3081 839 3328 910 ingressa
3380 846 3434 900 in
3488 863 3622 905 voce

2030 919 2412 978 exsultationis
2441 932 2497 979 et
2537 925 2927 995 confessionis,
2951 929 3274 988 benedicere
3297 935 3557 1003 digneris.
3585 954 3620 994 o

2030 1007 2285 1080 Deipara,
2310 1015 2431 1070 orbi
2451 1026 2724 1074 terrarum
2748 1037 2763 1087 ;
2794 1021 3287 1081 intercessionibus
3303 1027 3413 1083 tuis
3434 1043 3617 1086 aerem

2030 1104 2328 1161 salubriter
2360 1116 2711 1180 temperans,
2762 1113 2967 1171 imbres
3002 1115 3199 1171 idoneo
3232 1128 3474 1189 tempore
3514 1121 3618 1178 do-

2028 1210 2190 1261 nans,
2207 1207 2401 1255 ventos
2417 1211 2542 1272 apte
2565 1218 2781 1275 regens,
2810 1214 3010 1261 terram
3035 1206 3351 1278 frugiferam
3382 1210 3614 1279 faciens,

2027 1286 2330 1346 Ecclesiam
2357 1296 2737 1365 tranquillam,
2765 1299 3149 1355 orthodoxiam
3177 1302 3417 1368 firmam,
3445 1305 3618 1375 impe-

2027 1380 2167 1433 rium
2201 1387 2414 1450 tutum;
2449 1385 2714 1443 barbaras
2755 1397 2935 1445 autem
2966 1400 3157 1462 gentes
3190 1394 3349 1465 longe
3391 1398 3619 1453 submo-

2026 1480 2181 1533 vens,
2213 1470 2530 1529 universum
2548 1474 2754 1533 Christi
2774 1481 3032 1549 populum
3057 1491 3383 1553 protegens;
3408 1497 3620 1555 postre-

2026 1569 2119 1610 mo
2143 1572 2277 1612 mea:
2303 1574 2525 1632 quoque
2562 1565 2807 1622 audaciae
2834 1582 3085 1637 parcens.
3121 1570 3300 1626 Tuum
3337 1576 3480 1629 enim
3510 1577 3613 1632 hoc

2032 1645 2141 1702 fuit
2166 1648 2389 1706 effatum
2419 1670 2434 1707 :
2466 1651 2570 1721 Tu,
2602 1655 2779 1712 Mater
2812 1656 2927 1723 Dei,
2957 1662 3274 1731 prophetica
3298 1668 3443 1735 quod
3474 1666 3620 1722 futu-

2023 1752 2144 1793 rum
2166 1749 2286 1795 erat
2298 1744 2545 1801 cecinisti
2577 1764 2591 1801 :
2625 1746 2763 1803 Ecce
2789 1748 2957 1813 enim,
2976 1752 3251 1821 inquiens,
3278 1771 3343 1809 ea:
3362 1757 3460 1810 hoc
3481 1768 3621 1812 tem-

339 1812 453 1877 κῶς
502 1815 853 1913 ἐμελῴοησας
939 1823 1086 1880 Ἰδοὺ
1122 1827 1253 1899 γὰρ,
1298 1833 1483 1903 φησὶν,
1511 1834 1630 1889 ἀπὸ

2022 1845 2153 1900 pore
2182 1832 2391 1888 beatam
2430 1852 2511 1891 me
2553 1839 2726 1893 dicent
2756 1856 2935 1894 omnes
2965 1843 3324 1911 generationes
3355 1845 3455 1900 ⁸⁸⁸.
3480 1845 3616 1913 Quia

332 1907 705 2001 μακαριοῦσί
719 1928 799 1980 με
830 1911 1022 1970 πᾶσαι
1049 1919 1111 1971 αἱ
1139 1922 1340 1988 γενεαί
1364 1939 1379 1953 ·
1413 1924 1538 1978 ἐπεὶ
1568 1923 1663 1981 οῦν
1686 1929 1784 2001 οὐχ
1807 1927 1922 1987 οἷόν

337 2012 399 2049 τε
452 1996 766 2055 διαπίπτειν
814 2020 910 2058 σου
977 2006 1072 2060 τὸν
1123 2009 1460 2082 θεόφραστον
1507 2015 1686 2085 λόγον,
1740 1996 1922 2087 δέξαιο

339 2089 520 2161 κάμοῦ
561 2091 657 2147 τοῦ
697 2095 919 2162 ἀναξίου
971 2116 1068 2154 σου
1102 2102 1317 2159 οίκέτου
1357 2107 1457 2177 τὴν
1495 2110 1639 2164 κατὰ
1689 2112 1921 2187 δύναμιν

338 2182 674 2255 πρόσρησιν·
698 2188 792 2242 καὶ
834 2189 1088 2259 Ἀπόδος
1126 2194 1243 2263 τὴν
1266 2196 1641 2267 ἁγαλλίασιν
1668 2205 1777 2259 τοῦ
1806 2182 1924 2262 ἀνω-

337 2276 546 2343 τηρίου
575 2291 723 2333 σου·
759 2280 939 2336 σθένει
964 2301 1026 2338 τε
1062 2286 1172 2339 τῶν
1204 2291 1513 2359 πρεσϐειῶν
1548 2310 1642 2348 σου
1670 2298 1925 2369 στήριξόν

339 2367 535 2437 μι,σῦν
552 2370 631 2443 τῷ
644 2372 956 2446 διαφέροντι
983 2395 1075 2447 μοι
1095 2380 1294 2451 Πατρὶ,
1311 2385 1408 2437 καὶ
1430 2388 1497 2457 τῇ
1522 2367 1922 2464 ἀνατεθειμένῃ

336 2462 545 2535 ποίμνῃ
565 2478 582 2494 ο
603 2467 663 2519 ὲν
683 2468 906 2540 Χριστῷ
934 2471 1109 2541 Ἰησοῦ
1137 2473 1216 2545 τῷ
1240 2476 1433 2548 Κυρίῳ
1456 2480 1636 2550 ⁴ἡμῶν,
1659 2474 1705 2550 ᾧ
1736 2485 1770 2554 ἡ
1795 2462 1924 2550 δόξα

336 2554 432 2607 καὶ
464 2556 497 2625 ἡ
528 2557 663 2629 τιμὴ
689 2564 784 2615 καὶ
804 2562 867 2615 τὸ
898 2563 1123 2634 κράτος,
1154 2567 1254 2621 σὺν
1279 2568 1359 2639 τῷ
1381 2574 1783 2646 παντοκράτορι
1808 2577 1924 2630 Πα-

333 2645 427 2716 τρὶ
455 2650 551 2703 καὶ
574 2649 652 2721 τῷ
684 2650 938 2726 ζωοποιῷ
966 2657 1270 2729 Πνεῦματι,
1304 2660 1401 2717 νῦν
1431 2664 1528 2717 καὶ⁵
1568 2667 1657 2720 ἀεὶ
1690 2645 1789 2722 καὶ
1835 2670 1917 2735 εἰς

331 2738 462 2804 τοὺς
489 2740 697 2807 αἰῶνας
721 2743 833 2798 τῶν
859 2746 1093 2803 αιώνων.
1135 2748 1329 2823 Ἀμήν.

430 2946 537 3015 Εις
556 2950 674 3020 τὴν
701 2952 967 3021 σύναξιν
987 2867 1437 3029 τὸινφοὺραγίων
1470 2963 1805 3036 ταγμάτων.

2028 1920 2194 1991 igitur
2209 1922 2470 1980 divinitus
2485 1926 2750 1997 inspirata
2766 1928 2930 1985 verba
2947 1939 3038 1986 tua
3052 1932 3300 1988 excidere
3316 1945 3614 2005 nequeunt,

2027 2011 2215 2079 recipe
2253 2012 2363 2067 mei
2409 2029 2634 2086 quoque
2663 2016 2869 2089 indigni
2915 2018 3105 2075 famuli
3134 2022 3248 2086 tui,
3298 2037 3461 2092 quam
3516 2039 3617 2093 pro

2027 2102 2237 2159 viribus
2269 2104 2405 2172 dixi,
2428 2108 2736 2164 orationem
2774 2127 2787 2166 :
2821 2124 2877 2167 et
2897 2110 3071 2169 Redde
3090 2113 3334 2170 thitiam
3359 2115 3616 2173 salutaris

2030 2193 2110 2247 tui
2132 2192 2269 2251 “"2
2297 2193 2529 2252 Precum
2557 2207 2774 2255 tuarum
2813 2202 3011 2258 robore
3040 2203 3302 2260 confirma
3331 2220 3419 2260 me
3442 2246 3460 2271 ,
3489 2222 3617 2264 cum

2027 2287 2260 2354 praesule
2297 2304 2425 2345 meo
2463 2301 2711 2359 parante,
2747 2301 2801 2348 et
2830 2309 2956 2349 cum
2981 2310 3142 2366 grege
3180 2298 3522 2353 commisso:
3557 2300 3612 2354 in

2026 2375 2249 2433 Christo
2286 2376 2416 2434 Jesu
2467 2378 2697 2435 Domino
2750 2394 2959 2448 nostro,
2995 2384 3085 2439 cui
3118 2384 3292 2452 gloria
3340 2394 3396 2441 et
3436 2388 3613 2440 honor

2025 2475 2190 2538 atque
2217 2469 2527 2527 dominatio
2564 2487 2688 2528 cum
2714 2474 2876 2530 Patre
2906 2477 3301 2545 omnipotente,
3318 2486 3373 2533 et
3396 2477 3613 2534 viviﬁco

2027 2555 2233 2628 Spiritu
2265 2577 2416 2619 nunc
2459 2571 2517 2619 et
2546 2578 2766 2635 semper
2811 2574 2869 2622 et
2907 2565 2966 2623 in
3010 2568 3213 2625 saecula
3256 2570 3608 2627 saeculorum.

2023 2653 2221 2708 Amen.

2729 2878 2822 2936 Vl.

2372 2966 2437 3024 In
2469 2968 2759 3026 caelestium
2784 2972 3031 3029 ordinum
3063 2984 3275 3032 cauum.

1424 3054 1601 3127 (Anc.
1635 3057 1764 3113 MAI.
1806 3057 2063 3113 Biblioth.
2102 3056 2239 3115 Nov.
2264 3067 2306 3117 t.
2336 3058 2429 3128 IV,
2454 3062 2570 3133 p.I.
2598 3060 2617 3134 )

398 3155 472 3215 α’.
501 3157 987 3235 ’Δρχιστρατήγων
1013 3166 1165 3240 ἡμᾶς
1183 3171 1391 3244 νοερῶν
1410 3176 1757 3247 περιήχησαν
1786 3177 1915 3232 σά).-

2089 3180 2141 3234 l.
2180 3177 2535 3237 Summorum
2569 3180 2771 3237 ducum
2809 3179 3139 3250 spiritalium
3173 3197 3280 3257 nos
3320 3183 3467 3241 tuba:
3494 3184 3606 3243 cir-

326 3265 560 3341 πιγγες,
606 3255 699 3308 καὶ
730 3254 892 3310 θείων
923 3257 1086 3330 ἱερῶν
1116 3260 1447 3336 λειτουργῶν
1486 3270 1911 3341 περιήστραψαν

327 3340 553 3413 χάριτες
574 3358 588 3373 ·
632 3342 951 3414 ὑμνολόγων
994 3348 1289 3421 γρηγὸρων
1334 3353 1474 3423 πρὸς
1508 3353 1711 3425 ὕμνους
1740 3340 1911 3430 ἐγρη-

335 3434 560 3503 γορέναι
608 3435 970 3507 συνήθροισαν
1015 3438 1305 3511 τάγματα,
1352 3445 1449 3498 καὶ
1494 3446 1679 3514 τάξεις
1728 3449 1911 3504 ἁΰλων

328 3523 535 3587 ὑλικοῖς
585 3525 844 3597 σύνυμνοι
886 3529 1108 3601 χορείαν
1154 3532 1523 3605 συνέστησαν
1567 3538 1595 3591 6
1640 3538 1750 3592 τῶν
1795 3541 1909 3595 άνω

327 3618 662 3687 χοροστάτης
691 3617 785 3671 καὶ
816 3619 927 3673 τῶν
958 3621 1135 3688 κάτω,
1157 3622 1218 3676 ὲν
1244 3623 1321 3696 τῷ
1347 3625 1497 3697 αὐτῷ
1526 3628 1663 3700 οίκῳ
1688 3631 1911 3703 ταξιαρ-

326 3710 416 3779 χεῖ
442 3711 684 3782 σήμερον
706 3728 719 3741 ·
752 3712 851 3766 καὶ
877 3713 964 3779 τίς
988 3713 1098 3786 γὰρ
1124 3710 1280 3781 οὗτος
1300 3759 1316 3784 ,
1344 3720 1372 3772 6
1399 3721 1655 3785 τοσοῦτος
1688 3724 1911 3795 Μιχαὴλ

327 3800 467 3873 πρὸς
524 3802 749 3873 χάριτος
796 3803 936 3859 Θεοῦ
1000 3805 1457 3879 λαμπρυνόμενος
1480 3849 1497 3875 ,
1549 3812 1646 3866 καὶ
1697 3812 1910 3885 βροτοῖς

327 3891 487 3947 θείων
512 3893 833 3965 ὲλλάμψεων
869 3897 1100 3970 μεσίτης
1145 3900 1471 3970 γενόμενος;
1500 3904 1655 3974 νόμοι
1685 3905 1784 3977 μὲν
1817 3904 1910 3961 οὖν

324 3986 425 4039 καὶ
460 3986 753 4055 θεοπαγεϊς
780 3988 919 4060 ὁμοῦ
951 3991 1048 4045 καὶ
1074 3991 1410 4059 πανδίκαιοι,
1451 3997 1572 4060 ταῖς
1599 3996 1910 4069 ἀρχιδότοις

326 4078 466 4149 πρὸς
491 4077 689 4150 ἄνδρας
714 4078 1089 4154 ὲξεφάνθησαν
1126 4082 1442 4151 θεοτυπίαις
1469 4086 1637 4159 (10³⁸),
1663 4088 1758 4143 καὶ
1799 4089 1906 4158 μά-

326 4170 489 4225 λ.στα
512 4172 799 4238 πλείστους
832 4170 892 4239 ἐξ
919 4175 1227 4246 εὐεργετῶν
1246 4175 1456 4248 δωρεὰς
1484 4179 1904 4250 κομιζομένους,

328 4262 406 4333 μὴ
430 4263 756 4334 ἀμνήμονας
792 4265 926 4337 ὁμοῦ
956 4284 1016 4321 τε
1055 4268 1155 4322 καὶ
1192 4267 1516 4339 ἀγνώμονας
1547 4270 1905 4325 καθίστασθαι

325 4356 465 4426 πρὸς
488 4358 616 4420 τοὺς
645 4357 809 4412 αὐτοῦ
837 4361 1171 4431 προστάτας,
1204 4360 1342 4416 ἀλλὰ
1378 4362 1486 4434 μὴν
1518 4362 1657 4428 τέως
1687 4366 1753 4436 ἢν
1792 4364 1904 4435 ἔχει

324 4450 435 4513 πᾶς
464 4452 644 4505 πᾶσαν
675 4450 893 4521 φύσεως
934 4452 1166 4525 δύναμιν
1194 4453 1488 4525 κηρύττειν
1512 4456 1612 4519 τὰς
1638 4456 1899 4527 χάριτας·

327 4539 629 4608 προστάται
654 4540 835 4595 τοίνυν
860 4541 1003 4608 ὀξεῖς
1035 4542 1175 4613 ὁμοῦ
1208 4544 1306 4598 καὶ
1337 4544 1531 4617 θερμοὶ
1561 4547 1696 4618 πρὸς
1748 4547 1903 4616 Θεὸν,

326 4628 421 4680 καὶ
464 4629 721 4699 πρέσϐεις
763 4632 975 4703 θνητῶν
1002 4632 1193 4689 άοκνοι
1220 4632 1353 4705 ὁμοῦ
1386 4653 1445 4690 τε
1481 4637 1579 4691 καὶ
1608 4637 1904 4707 ἄπαυστοι,

326 4720 378 4772 οἱ
406 4721 471 4773 ἐκ
500 4721 887 4794 φιλανθρώπου
914 4726 1189 4781 Δεσπότου
1220 4726 1479 4794 λαϐόντες
1500 4730 1562 4784 τὸ
1586 4732 1899 4805 φιλάνθρω-

327 4831 452 4881 πον,
480 4815 853 4888 φιλάνθρωποι
876 4818 1125 4888 ἄγγελοι,
1142 4820 1206 4874 τὸ
1234 4823 1640 4893 πρωτόκτιστον
1667 4824 1726 4891 ἐξ
1752 4826 1907 4881 ἀκτί-

324 4925 454 4962 στου
489 4909 668 4978 φωτὸς
717 4911 1086 4982 μεταδοτικῶς
1133 4912 1228 4968 τοῦ
1276 4916 1454 4984 φωτὸς
1501 4919 1904 4989 φωτιζόμενον

321 5000 572 5069 ἄγγελοι,
600 5003 629 5055 6
654 5002 866 5073 πρῶτος
895 5003 995 5074 μὲν
1025 5005 1132 5077 πρὸ
1157 5006 1254 5060 τοῦ
1280 5007 1490 5078 κόσμου
1532 5010 1908 5084 ὑπερκόσμιος

324 5093 576 5162 κόσμοις,
606 5094 701 5147 καὶ
732 5093 909 5166 τούτῳ
937 5094 1016 5166 τῷ
1045 5097 1236 5168 κόσμῳ
1265 5099 1359 5154 τὸν
1404 5100 1781 5174 ὑπερκόσμιον
1809 5105 1902 5159 κό-

328 5197 469 5252 σμον
499 5182 734 5254 Χριστὸν
760 5185 1207 5258 προκηρύξαντες
1226 5204 1241 5220 ο
1272 5189 1496 5259 ἄγγελοι
1528 5193 1578 5246 oi
1610 5192 1903 5264 ἀμεσίτευ-

321 5290 407 5327 τοι
433 5277 657 5345 μεσῖται
707 5277 844 5349 πρὸς
877 5277 1011 5333 Θεὸν
1036 5279 1143 5334 τῶν
1172 5279 1403 5352 βροτῶν,
1435 5284 1551 5340 θεοὶ
1586 5288 1652 5359 τῇ
1707 5287 1903 5343 θεώσει

321 5367 388 5421 ἐκ
431 5365 592 5433 Θεοῦ,
635 5367 751 5422 ἀλλ’
781 5368 843 5424 οὐ
871 5372 939 5443 τῇ
984 5370 1147 5441 φύσει
1180 5371 1502 5447 λεγόμενον
1538 5377 1761 5449 ἄγγελοι
1800 5379 1901 5451 τῆς

394 5507 478 5541 ³⁸*
504 5505 644 5563 Luc.
679 5519 722 5572 ι,
748 5504 841 5562 ιε.
915 5503 1031 5540 ³⁸⁸⁸
1059 5505 1205 5565 Psal.
1230 5522 1284 5576 ι,
1311 5507 1401 5564 14.

398 5651 640 5725 (I0*)7ln
669 5652 966 5723 appendice
1002 5655 1133 5711 tomi
1182 5653 1318 5723 VIII,
1348 5656 1547 5725 p.285,
1570 5654 1807 5725 Operum
1838 5656 1896 5713 S.

326 5723 484 5797 Joa_n_.
533 5724 912 5797 Chrysostomi
979 5726 1175 5795 legitur
1231 5723 1897 5797 mediocre-excerptum,

330 5794 511 5851 verbis
549 5794 871 5867 plerumque
909 5794 1154 5866 mutatis,
1187 5797 1349 5869 hujus
1388 5799 1661 5856 sermonis
1716 5794 1897 5856 Theo-1

2009 3280 2487 3339 cumsonuerunt;
2542 3272 2857 3327 divinorum
2891 3271 2960 3327 ad
3007 3288 3166 3330 sacra
3216 3274 3606 3335 ministrorum

2009 3378 2111 3419 nos
2142 3363 2317 3434 gratia
2368 3363 2737 3421 circumfulsit
2778 3364 3049 3436 ;vigilum
3106 3366 3327 3437 agmina
3377 3369 3610 3441 hymno-

2008 3452 2257 3508 dicorum
2294 3452 2363 3508 ad
2410 3453 2750 3524 vigilandum
2784 3452 2839 3507 in
2893 3452 3130 3509 canticis
3170 3470 3270 3510 nos
3302 3470 3609 3529 congrega-

2008 3552 2139 3599 runt
2171 3562 2186 3611 ;
2223 3545 2443 3600 ordines
2474 3544 2864 3600 immateriales
2896 3561 3024 3601 cum
3052 3547 3436 3603 materialibus
3473 3563 3607 3604 con-

2009 3638 2257 3694 cinentes
2287 3637 2542 3692 choream
2598 3637 2807 3692 ducunt
2837 3653 2853 3702 ;
2878 3638 3181 3693 cmlestium
3211 3638 3354 3694 idem
3399 3653 3463 3695 ac
3494 3648 3606 3694 ter-

2008 3728 2263 3784 restrium
2297 3738 2596 3797 praecentor
2628 3727 2684 3782 in
2706 3728 2895 3783 eadem
2926 3728 3041 3784 inde
3066 3744 3260 3786 omnes
3290 3730 3453 3785 hodie
3484 3747 3603 3785 mo-

2008 3822 2249 3878 deratur.
2286 3820 2419 3887 Quis
2454 3821 2542 3876 hic
2576 3821 2773 3889 porro?
2804 3836 3001 3890 nempe
3039 3830 3223 3878 tantus
3255 3822 3345 3877 ille
3375 3822 3608 3878 Michael

2006 3916 2180 3987 gratia
2216 3912 2311 3968 Dei
2362 3912 2701 3982 splendidus,
2740 3921 2794 3968 et
2843 3913 3164 3968 mortalibus
3223 3913 3391 3968 etiam
3454 3913 3603 3969 olivi--

2007 4023 2204 4062 norum
2260 4007 2524 4061 luminum
2559 4007 2735 4062 factus
2767 4006 3114 4061 conciliator.
3149 4004 3318 4076 Leges
3353 4007 3516 4077 igitur
3541 4016 3597 4062 et

2008 4115 2037 4154 a
2071 4097 2184 4154 Deo
2212 4100 2336 4155 latae
2382 4109 2437 4154 et
2459 4098 2801 4169 iustissimae,
2868 4097 3155 4164 supremis
3181 4099 3323 4165 apud
3352 4096 3606 4153 homines

2009 4190 2292 4260 patefacta:
2346 4198 2475 4245 sunt
2526 4185 2975 4251 revelationibus,
3026 4194 3085 4240 ut
3125 4186 3160 4240 ii
3186 4185 3281 4255 qui
3308 4185 3544 4255 plurima
3575 4202 3607 4243 a

2006 4281 2446 4337 benefactoribus
2488 4280 2632 4335 dona
2666 4278 2972 4344 retulerint,
3001 4292 3068 4331 ne
3108 4276 3220 4331 sint
3255 4277 3608 4334 immemores

2006 4376 2169 4430 simul
2200 4384 2255 4430 et
2289 4374 2489 4446 ingrati
2520 4372 2784 4428 adversus
2813 4381 3071 4442 patronos
3103 4386 3254 4433 suos.
3289 4370 3383 4426 sed
3417 4380 3475 4424 ut
3508 4387 3609 4440 pro

2010 4466 2093 4521 sui
2133 4466 2366 4536 quisque
2398 4466 2601 4536 ingenii
2649 4464 2855 4519 viribus
2908 4462 3110 4534 gratias
3139 4470 3324 4532 agant.
3378 4460 3605 4515 Patroni

2010 4558 2173 4630 igitur
2215 4556 2446 4628 prompti
2504 4555 2668 4611 simul
2725 4563 2779 4610 et
2835 4552 3028 4609 fervidi
3093 4551 3236 4621 apud
3292 4551 3467 4607 Deum
3503 4560 3608 4617 ,et

2010 4648 2174 4720 legati
2269 4647 2582 4702 mortalium
2658 4646 2872 4717 impigri
2940 4652 2997 4699 et
3065 4641 3390 4708 assidui,a
3452 4640 3608 4696 beni-

2010 4755 2117 4809 gno
2195 4738 2426 4793 Domino
2524 4737 2861 4809 benignitate
2958 4732 3276 4798 instructi,
3364 4742 3610 4786 amatore

2007 4832 2289 4887 hominum
2339 4831 2517 4902 angeli
2560 4849 2575 4900 ;
2613 4831 2791 4902 primo
2854 4828 3062 4884 lumine
3120 4826 3189 4880 ab
3246 4824 3495 4879 increato
3525 4824 3608 4878 lu-

2011 4923 2156 4979 mine
2213 4923 2519 4993 impertiti;
2571 4922 2790 4994 angeli,
2852 4920 2944 4991 qui
2994 4917 3177 4974 fuistis
3218 4916 3428 4986 primus
3480 4928 3607 4971 ante

2010 4996 2155 5069 hunc
2208 5014 2471 5070 mundum
2523 5014 2762 5069 mundus
2845 5007 3309 5081 supermundialis
3340 5050 3355 5074 ,
3403 5008 3607 5077 quique

2007 5106 2136 5162 huic
2203 5106 2405 5161 mundo
2467 5102 2969 5177 supermundialem
3042 5101 3223 5158 adhuc
3288 5103 3599 5162 mundum,

2004 5199 2058 5254 id
2087 5210 2168 5254 est
2199 5199 2510 5265 Christum,
2544 5198 2885 5265 nuntiastis;
2948 5195 3129 5266 angeli
3186 5193 3422 5265 proximi
3458 5188 3603 5259 apud

2003 5290 2169 5347 Deum
2202 5307 2301 5361 pro
2326 5290 2649 5347 mortalibus
2684 5290 3077 5345 intercessores
3102 5327 3117 5351 ,
3144 5286 3220 5342 dii
3274 5284 3345 5341 ob
3372 5284 3602 5353 c0njnn'

2002 5384 2239 5441 ctionem
2266 5398 2392 5440 cum
2427 5382 2540 5440 Deo
2575 5398 2685 5439 non
2715 5393 2899 5439 tamen
2927 5379 3153 5452 proprie
3182 5377 3315 5435 dicti
3357 5394 3371 5431 :
3403 5382 3602 5430 natura

2006 5657 2145 5713 dori.
2179 5659 2622 5738 Auctoremmnon
2649 5657 2803 5713 novit
2838 5648 3580 5738 Montfauconiusgidcoque

2007 5744 2339 5810 sermonem,
2368 5736 2430 5784 ut
2460 5730 2856 5810 Chrysostomo
2901 5730 3276 5801 suppositum_
3306 5730 3591 5795 spurium-

2006 5814 2133 5869 que,
2161 5798 2413 5859 incautus
2446 5798 2797 5871 contempsit.
