4050 6364
446 323 550 392 731

1633 325 1696 386 S.
1731 317 2128 384 THEODORI
2181 319 2526 384 STUDITzE

3619 320 3724 384 73'2

444 437 648 510 angeli,
696 448 945 506 superum
974 433 1162 491 libera
1213 433 1458 490 civitatis
1485 433 1642 489 liberi
1671 433 1885 496 incolae,
1917 431 2032 486 imo

2153 430 2248 484 ἱνω
2273 430 2487 497 πόλεως
2511 433 2615 502 τῆς
2653 429 2948 502 ἐλευθέρας
2977 429 3456 503 ὲλευθεροπολῖται
3477 469 3492 496 ,
3523 431 3558 502 ἧ
3587 449 3651 499 γε
3687 433 3721 503 ἠ

443 530 536 602 qui
588 527 722 583 estis
781 541 1018 595 superna
1084 526 1176 582 illa
1227 526 1399 582 libera
1436 524 1852 596 Hierosolyma,
1909 537 2031 592 quae

449 629 628 676 mater
663 628 750 676 est
796 619 1153 674 liberatarum
1208 618 1454 674 omnium
1481 633 1512 672 a
1564 615 2030 686 Christo;angeli

451 709 731 762 animatus
786 706 1170 763 intellectualis
1196 707 1360 778 ignis.
1396 706 1489 762 Dei
1534 705 1753 762 ﬂamma
1786 707 2031 760 rationa-

447 799 518 854 lis
548 816 564 865 ;
595 797 829 869 angelis,
862 797 1048 860 lucidi.
1074 799 1298 861 excelsi,
1330 813 1620 867 acremque
1645 797 2037 852 transcenden-

448 899 538 946 tes
571 890 762 946 aeterni
787 899 1028 951 montes,
1073 889 1218 942 unde
1248 903 1351 944 nos
1388 889 1526 943 Deus
1557 888 1830 943 illuminat
1863 889 2035 942 mira-

446 981 624 1036 biliter
646 998 680 1035 a
707 980 970 1034 montibus
995 981 1211 1034 (sternis
1238 978 1279 1010 "
1308 995 1328 1033 :
1358 979 1538 1050 angeli
1561 980 1829 1050 ianitores
1858 979 2034 1049 parati

449 1088 804 1142 supernarum
839 1072 1048 1128 sedium
1099 1081 1264 1142 atque
1292 1073 1591 1129 stationum
1625 1089 1639 1124 :
1694 1073 1868 1138 Quam
1903 1071 2040 1126 dile-

448 1175 537 1219 cta
562 1175 684 1220 sunt
711 1165 1051 1218 tabernacula
1087 1174 1178 1218 tua
1199 1204 1215 1230 ,
1251 1164 1473 1220 Domine
1513 1166 1776 1220 uirtutum
1801 1166 1823 1219 !
1847 1181 2042 1221 concu-

449 1257 604 1325 piscit
633 1265 684 1310 et
707 1256 883 1324 deﬁcit
903 1257 1084 1310 anima
1111 1266 1295 1310 nostra
1318 1257 1388 1312 ad
1413 1258 1558 1311 atria
1585 1259 1950 1322 tua,.Domine
1969 1257 2037 1310 ³⁸.

450 1348 716 1412 Quoniam
743 1347 916 1402 lumen
954 1347 1328 1402 exsultationis
1358 1357 1409 1402 et
1431 1349 1622 1404 salutis
1685 1351 1741 1404 in
1779 1350 2040 1420 angelicis

442 1442 711 1508 justorum
754 1439 1112 1494 tabernaculis
1143 1441 1228 1504 ⁸³;
1253 1449 1304 1494 et
1340 1441 1398 1494 in
1435 1457 1558 1495 voce
1591 1442 1966 1500 essultationis
1989 1455 2042 1501 et

449 1532 819 1601 confessionis,
861 1533 916 1586 in
937 1531 1130 1601 jnbilis
1156 1533 1479 1599 feriantium
1506 1551 1525 1598 ;
1556 1535 1613 1587 in
1649 1536 1765 1590 loco
1792 1537 2042 1593 taberna-

450 1625 558 1680 culi
589 1623 923 1678 admirabilis
947 1639 1109 1694 usque
1135 1623 1205 1678 ad
1229 1625 1446 1679 domum
1480 1625 1576 1681 Dei
1613 1627 1681 1695 “;
1709 1628 1766 1682 in
1790 1645 1893 1700 quo
1919 1646 2038 1684 om-

2133 521 2247 576 άνω
2295 523 2572 594 ἐλευθέρα
2595 522 2976 594 Ἰερουσαλὴμ,
3020 525 3055 594 η
3109 525 3296 595 μήτηρ
3339 522 3562 577 πάντων
3614 522 3724 578 τῶν

2137 614 2542 683 συνελευθέρων
2585 614 2826 681 Χριστοῦ
2849 631 2864 646 ·
2915 614 3145 684 ἄγγελοι
3168 655 3185 681 ,
3231 615 3294 669 τδ
3338 615 3586 686 ιμψυχον
3632 619 3727 671 καὶ

2135 701 2324 772 νοερὸν
2354 701 2490 773 πῦρ,
2515 704 2548 774 ἠ
2580 703 2776 776 λογικὴ
2804 705 2942 760 Θεοῦ
2972 707 3143 776 φλόξ·
3174 709 3400 777 άγγελοι
3430 711 3501 765 τὰ
3526 714 3724 780 φαεινά

2137 792 2233 846 καὶ
2260 793 2542 865 ὑπέρτερα
2564 795 2659 851 καὶ
2689 797 2946 868 μετέωρα
2967 799 3240 872 ὑπερόρια
3260 802 3358 855 καὶ
3375 801 3578 856 αίώνια
3599 803 3722 873 ὅρη,

2136 884 2219 937 Δι’
2251 878 2342 939 ὧν
2365 885 2600 954 φωτίζει
2623 886 2784 956 ἡμᾶς
2819 890 3179 960 θαυμαστῶς
3209 891 3332 946 ἀπὸ
3365 891 3556 960 ὀρέων
3586 895 3724 948 atu-

2137 979 2287 1032 νίων
2305 995 2321 1011 ·
2347 979 2574 1048 ἄγγελοι
2608 982 2912 1054 πρόσκηνοι
2943 984 3272 1056 ἑτοιμασταὶ
3303 986 3415 1039 τῶν
3445 985 3560 1040 άνω
3590 1003 3726 1056 σκη-

2140 1067 2248 1122 νῶν
2277 1071 2374 1124 καὶ
2402 1070 2584 1140 μονῶν
2601 1086 2616 1103 ·
2669 1070 2762 1138 Ὧς
2785 1072 3063 1142 ἀγαπητὰ
3085 1074 3159 1130 τὰ
3187 1075 3558 1146 σκηνώματὰ
3579 1090 3725 1141 σου.

2139 1157 2317 1226 Κύριε
2367 1158 2490 1214 τῶν
2515 1158 2834 1230 δυνάμεων
2855 1161 2878 1215 !
2893 1162 2997 1230 Εις
3031 1162 3073 1219 ἆ
3097 1163 3376 1220 ἐπιποθεῖ
3398 1166 3500 1220 και
3525 1166 3727 1221 ἐκλει-

2139 1263 2237 1303 πει
2273 1249 2313 1318 ἡ
2348 1250 2522 1319 ψυχὴ
2559 1249 2731 1321 ἡμῶν
2769 1253 2860 1318 είς
2907 1255 3017 1320 τὰς
3063 1254 3260 1321 αὐλάς
3301 1270 3420 1310 σοι⁹
3444 1295 3462 1324 ,
3523 1256 3725 1325 Κύριε.

2140 1344 2300 1398 Διότι
2351 1342 2482 1414 φῶς
2525 1344 2947 1414 ἀγαλλιάσεως
2997 1345 3103 1401 καί
3145 1348 3450 1417 σωτηρίας
3491 1349 3567 1402 ἐν
3595 1347 3729 1415 ταῖς

2141 1435 2492 1505 άγτελικαῖς
2531 1435 2798 1505 σκηναῖς
2843 1435 2966 1491 τῶν
3003 1437 3257 1494 δικαίων
3275 1453 3290 1468 ·
3315 1438 3418 1493 καί
3447 1439 3519 1492 ἐν
3551 1438 3729 1508 φωνῇ’

2142 1526 2562 1596 ἀγαλλιάσεως
2585 1527 2685 1582 καὶ
2705 1527 3211 1600 ἐξομολογήσεως
3227 1568 3246 1597 ,
3289 1531 3364 1585 ἐν
3394 1530 3570 1601 ἤχοις
3597 1530 3729 1599 ἐορ-

2143 1617 2460 1682 ταζόντων,
2505 1619 2576 1673 ἐν
2605 1621 2770 1688 τόπῳ
2802 1619 3045 1690 σκηνῆς
3073 1619 3444 1691 θαυμαστῆς,
3472 1622 3586 1690 ἕως
3621 1622 3730 1678 τοῦ

451 1734 539 1772 nes
571 1717 744 1788 angeli
797 1717 894 1772 Dei
931 1726 1166 1786 potentes
1197 1718 1391 1772 virtute
1410 1759 1427 1784 ,
1459 1719 1722 1788 facientes
1748 1738 2043 1778 sermonem

2153 1711 2318 1767 οικου
2357 1710 2464 1765 τοῦ
2495 1711 2646 1768 Θεοῦ
2672 1727 2687 1743 ·
2735 1713 2806 1767 ὲν
2828 1705 2878 1780 ᾧ
2906 1713 3137 1780 πάντες
3158 1713 3404 1784 ἄγγελοι
3435 1713 3608 1780 Θεοῦ,
3633 1715 3734 1768 δυ-

448 1809 565 1877 ejus
591 1786 682 1874 “v;
709 1807 762 1862 in
789 1823 901 1879 quo
925 1810 1052 1864 vitae
1085 1811 1431 1878 simplicitas,
1464 1786 1687 1882 paciﬁca
1729 1821 1784 1870 et
1816 1816 1998 1884 quieta
2031 1835 2046 1883 ;

2153 1802 2324 1858 νατοὶ
2366 1803 2564 1872 ίσχύτ,
2600 1804 2920 1871 ποιοῦντες
2956 1804 3065 1861 τὸν
3101 1807 3293 1875 λόγον
3327 1805 3554 1861 αὐτοῦ·
3595 1809 3654 1860 ὲν
3685 1799 3736 1874 ᾧ

461 1903 519 1956 in
561 1919 663 1974 quo
709 1911 786 1957 est
817 1920 1038 1975 magnus
1061 1914 1110 1959 et
1163 1906 1518 1974 formidabilis
1545 1924 1709 1978 supra
1739 1925 1916 1963 omnes
1958 1910 2050 1981 qui

455 1999 510 2050 in
534 1996 760 2049 circuitu
783 1994 897 2064 ejus
935 2005 1060 2050 sunt
1116 1996 1162 2028 ³⁸
1201 1996 1296 2061 ;in
1325 2012 1436 2066 quo
1494 2011 1716 2053 sacrum
1767 1999 2044 2054 silentium

457 2087 869 2156 triumphalium
902 2087 1228 2158 hymnorum
1260 2104 1274 2154 ;
1305 2087 1359 2141 in
1395 2103 1504 2158 quo
1543 2089 1894 2144 inell‘abllium
1929 2107 2048 2163 my-

453 2179 618 2235 steria
651 2179 1146 2234 sacratissimarum
1178 2179 1396 2234 laudum
1427 2195 1443 2246 ;
1476 2181 1531 2234 in
1571 2195 1686 2251 quo
1748 2182 2052 2240 invisibiles

458 2265 818 2320 revelationes
843 2265 1243 2336 ineloquacium
1295 2276 1353 2322 et
1381 2279 1564 2324 tamen
1601 2269 1714 2326 late
1749 2272 2052 2328 audienda-

452 2371 574 2410 rum
618 2356 1096 2428 bymnologiarum
1127 2375 1142 2423 ;
1178 2359 1235 2414 in
1271 2373 1380 2429 quo
1421 2359 1513 2414 lux
1546 2360 1686 2431 [sine
1717 2377 1944 2434 vespere
1971 2363 2054 2419 vi-

453 2447 619 2519 gilum
645 2449 833 2503 oculos
863 2449 1134 2515 illustrat;
1169 2449 1225 2504 iu
1255 2464 1368 2520 quo
1413 2449 1508 2506 Dei
1559 2449 1908 2509 intellectuali
1951 2455 2051 2510 ha-

452 2540 712 2602 bitacula.
745 2540 961 2596 illorum
997 2551 1082 2597 est
1110 2551 1387 2598 astrorum
1431 2543 1686 2599 collectio
1711 2585 1724 2609 ,
1759 2547 2045 2616 angelica-

453 2648 602 2695 rum.
640 2633 884 2703 inquam,
941 2633 1226 2698 virtutum,
1275 2635 1437 2690 nobis
1476 2639 1541 2689 ad
1583 2637 1811 2692 meliora
1849 2638 2043 2694 laven-

453 2724 590 2780 tium
632 2733 805 2780 :suut
842 2725 988 2779 enim
1048 2725 1229 2796 angeli
1295 2726 1348 2781 in
1399 2727 1765 2783 ministerium
1819 2730 1885 2784 ad
1944 2745 2047 2785 nos

455 2817 610 2872 missi
637 2832 669 2870 a
692 2816 824 2882 Deo,
846 2825 1066 2887 propter
1094 2832 1192 2873 eos
1220 2818 1315 2898 qui
1339 2819 1572 2874 salutem
1615 2829 1744 2876 sunt
1767 2821 2044 2894 adepturi.

526 2991 583 3045 2.
617 2981 1003 3062 Angelicarum
1031 2994 1299 3050 virtutum
1331 2995 1805 3068 incorporearum.
1838 3001 1933 3070 qui
1958 3011 2047 3058 est

457 3083 786 3140 immortalis
811 3086 1104 3151 exercitus,
1157 3098 1482 3158 cooperator
1509 3091 1675 3145 simul
1705 3092 1800 3148 Dei
1846 3079 1902 3148 et
1925 3095 2035 3150 mi-

458 3176 654 3241 nister,
687 3174 917 3231 diversae
945 3187 1074 3231 sunt
1121 3153 1411 3244 stationes,
1455 3180 1686 3236 diversae
1722 3184 2050 3254 appellatio-
2077 3153 2122 3214 θ

458 3283 580 3334 nes,
614 3266 844 3323 diversae
876 3268 1190 3339 dignitates,
1222 3285 1331 3325 una
1367 3272 1673 3328 substantia
1706 3289 1830 3344 quae
1869 3277 2052 3332 varias

462 3359 628 3413 habet
656 3359 1005 3428 operationes
1041 3378 1054 3414 :
1085 3371 1216 3415 sunt
1267 3362 1321 3416 hi
1369 3363 1594 3420 ordines
1656 3367 2048 3440 hymnologici,

460 3451 725 3506 caelorum
757 3453 1034 3520 custodes,
1063 3452 1173 3508 Deo
1207 3469 1394 3511 coram
1423 3466 1667 3514 astantes
1692 3478 1706 3515 :
1735 3468 1866 3516 sunt
1891 3462 2050 3518 ordi-

461 3559 561 3599 nes
615 3545 924 3610 interiores,
973 3558 1026 3602 et
1051 3547 1179 3602 item
1227 3550 1527 3606 exteriores
1581 3552 1676 3622 qui
1707 3563 1874 3624 portae
1924 3556 2051 3611 caeli

462 3635 804 3706 appellantur
839 3653 855 3704 ;
884 3649 1007 3694 sunt
1032 3640 1254 3695 ordines
1286 3641 1620 3711 superiores,
1661 3655 1716 3700 et
1758 3645 1886 3701 item
1912 3646 2052 3702 inl'e-

463 3729 642 3784 riores
668 3769 682 3792 .
715 3730 810 3800 qui
853 3733 1232 3802 superioribus
1263 3734 1556 3804 aliquando
1585 3737 1841 3793 aiebant:
1878 3740 2053 3795 Attol-

463 3821 559 3876 lite
583 3832 800 3892 portas,
833 3815 1128 3895 principes,
1165 3827 1425 3880 vestras"
1462 3838 1637 3886 :sunt
1694 3830 1918 3887 ordines
1955 3832 2050 3902 qui

464 3918 712 3982 mittunt,
758 3929 888 3973 sunt
932 3920 1096 3974 etiam
1140 3921 1235 3991 qui
1281 3922 1613 3979 mittuntur:
1649 3935 1780 3982 sunt
1826 3928 2050 3984 ordines

463 4011 557 4080 qui
594 4011 834 4075 initiant,
857 4020 912 4066 et
942 4012 1068 4067 item
1095 4014 1188 4084 qui
1217 4014 1536 4071 initiantur:
1571 4017 1917 4076 diversorum
1953 4037 2052 4076 an-

465 4101 714 4172 gelorum
739 4102 942 4158 diversi
972 4111 1102 4159 sunt
1131 4105 1374 4162 ordines.
1405 4107 1595 4178 Angeli
1623 4124 1718 4178 per
1743 4125 1925 4165 aerem
1952 4127 2051 4165 vo-

465 4191 659 4258 litaut,
697 4203 1008 4250 sanctorum
1050 4197 1266 4253 animas
1291 4198 1361 4253 ab
1389 4200 1566 4255 aereis
1598 4200 1885 4270 spiritibus
1917 4217 2049 4273 pro-

467 4293 736 4354 tegentes.
770 4284 886 4341 Hoc
920 4287 1238 4356 significans
1282 4289 1595 4359 patriarcha
1646 4289 1886 4347 Jacobus
1933 4308 2052 4347 mo-

468 4379 618 4433 riens
646 4377 862 4433 dicebat
889 4395 905 4432 :
934 4379 1164 4450 Angelus
1196 4381 1286 4451 qui
1331 4383 1472 4436 eruit
1499 4399 1580 4438 me
1599 4386 1664 4438 de
1698 4386 1900 4439 cunctis
1931 4403 2048 4440 ma-

2153 1897 2392 1968 άπλότης
2419 1897 2568 1966 ζωῆς
2600 1897 2859 1969 είρηναία
2881 1898 2975 1953 καὶ
2999 1898 3364 1963 ἀστασίαστος
3381 1938 3397 1964 ,
3433 1898 3533 1951 Ἐν
3551 1890 3602 1964 ᾧ
3624 1898 3735 1967 μέ-

2153 2007 2266 2061 γας
2279 1989 2378 2045 καί
2399 1987 2650 2058 φοϐερός
2669 1989 2842 2043 ἐστιν
2861 1989 2961 2043 ἐπὶ
2977 1989 3212 2056 πάντας
3230 1988 3374 2055 τοὺς
3395 1990 3738 2058 περικύκλῳ

2153 2082 2343 2138 αὐτοῦ
2371 2099 2384 2112 ·
2418 2084 2478 2136 ἐν
2515 2075 2560 2150 ᾧ
2586 2084 2619 2152 ἡ
2661 2083 3074 2153 κρυφιόμυστος
3115 2081 3245 2154 σιγὴ
3286 2080 3399 2135 τῶν
3445 2083 3738 2136 ἐπινικίων

2154 2175 2341 2246 ὓμνων
2359 2191 2372 2205 ·
2399 2176 2460 2229 ὲν
2488 2168 2535 2244 ᾧ
2565 2175 2624 2228 al
2658 2173 2966 2246 ἀπόρρητοι
2994 2167 3319 2245 θεομυστίαι
3349 2172 3460 2226 τῶν
3487 2189 3737 2241 παναγε-

2153 2267 2369 2328 στάτων
2427 2267 2594 2322 αῐνων
2613 2281 2629 2296 ·
2689 2267 2748 2320 ἑν
2801 2259 2847 2334 ᾧ
2893 2267 2950 2320 al
2997 2265 3223 2338 ἀόρατοι
3279 2265 3580 2335 θεοφωτίαι
3625 2264 3734 2320 τῶν

2151 2360 2480 2431 άφθέγκτων
2537 2359 2635 2415 καὶ
2677 2358 3016 2431 διαπρυσίων
3059 2356 3402 2430 ὑμνολογιῶν
3424 2374 3440 2390 ·
3492 2357 3552 2411 ἐν
3603 2348 3651 2425 ᾧ
3696 2358 3736 2429 ἡ

2147 2452 2448 2524 ἀνέσπερος
2463 2451 2786 2523 φωτοχυσία
2807 2451 2880 2506 τὰ
2903 2450 3091 2506 ἀὺπνα
3124 2451 3238 2506 τῶν
3266 2449 3581 2521 ἀσωμάτων
3601 2465 3739 2504 κατ-

2149 2543 2468 2612 αυγάζουσα
2498 2543 2727 2615 ὄμματα
2745 2560 2760 2576 ο
2792 2544 2852 2598 ὲν
2873 2537 2920 2614 ᾧ
2941 2544 3077 2614 οἴκῳ
3106 2541 3245 2598 Θεοῦ
3277 2541 3478 2614 νοερῷ,
3510 2541 3740 2596 ἐκείνων

2147 2633 2257 2688 τῶν
2309 2633 2561 2704 ἀστέρων
2604 2635 2824 2706 ἄγυρις,
2887 2631 3229 2704 ἀγγελικῶν,
3263 2631 3429 2703 λέγω,
3450 2631 3746 2704 δυνάμεων

2150 2727 2534 2797 συνεργουσῶν
2562 2729 2697 2798 ἡμῖν
2729 2727 2868 2798 πρὸς
2901 2725 2970 2781 τά
3001 2726 3310 2798 κρείττονα,
3331 2726 3419 2780 ἀεὶ
3445 2725 3586 2798 πρὸς
3613 2725 3736 2780 δια-

2148 2819 2339 2872 κονίαν
2365 2817 2505 2889 πρδς
2531 2819 2681 2890 ἡμᾶς
2703 2817 2768 2872 ὲκ
2797 2816 2936 2872 Θεοῦ
2965 2816 3451 2889 ἀποστελλόμενοι,
3486 2814 3578 2871 sta
3606 2815 3740 2879 τοὺς

2150 2909 2450 2981 μέλλοντας
2482 2911 2846 2982 κληρονομεῖν
2875 2908 3177 2981 σωτηρίαν.

2219 3000 2288 3071 βξ,
2339 3000 2672 3070 ’Δγγελικῶν
2716 3001 3001 3072 δυνάμεων
3045 2999 3156 3054 τῶν
3189 2998 3521 3070 ἀσωμάτωνν
3570 3015 3739 3070 “9"

2149 3093 2443 3164 τευμάτων
2469 3091 2775 3159 ἀθανάτων,
2803 3093 2862 3146 ὲν
2887 3087 2968 3156 οἷς
2999 3089 3137 3158 Θεοῦ
3166 3091 3435 3161 ὑπουργοὶ
3476 3089 3615 3161 ὁμοῦ
3645 3089 3741 3143 καὶ
3811 3153 3818 3160 ι

2157 3185 2464 3257 λειτουργοὶ
2505 3183 2762 3254 διάφορος
2788 3184 2824 3255 ἠ
2863 3182 3074 3250 στάσις,
3102 3181 3348 3252 διάφοροι
3376 3181 3433 3235 al
3463 3197 3754 3264 προσηγοτ

2160 3273 2294 3342 ρίαι,
2327 3271 2576 3344 διάφοροι
2604 3272 2660 3326 αἱ
2689 3271 2836 3339 ἀξίαι
2864 3314 2880 3339 ,
2911 3271 3012 3344 μία
3055 3271 3090 3342 ἠ
3133 3271 3315 3339 οὑσία,
3365 3271 3743 3342 πολυτρόπους

2157 3365 2356 3436 ἔχουσα
2399 3365 2500 3426 τὰς
2533 3363 2800 3434 ἐργασίας
2823 3379 2837 3395 ·
2869 3361 3054 3429 τάξεις
3085 3362 3484 3434 ὑμνολογικαὶ,
3514 3367 3611 3416 καὶ
3648 3363 3742 3416 οὕ-

2161 3457 2339 3528 ρανῶν
2369 3454 2737 3526 φυλακτικαὶ,
2766 3454 2862 3509 καὶ
2893 3455 3022 3527 Θεῷ
3057 3456 3280 3526 άμέσως
3309 3458 3740 3527 παραστατικαὶ,

2157 3548 2343 3616 τάξεις
2375 3551 2664 3620 ὲσώτεραι,
2697 3547 2880 3616 τάξεις
2917 3546 3204 3620 ὲξώτεραι,
3235 3547 3292 3602 αῖ
3325 3549 3422 3603 καὶ
3449 3547 3618 3602 πύλαι
3642 3548 3737 3602 οὑ-

2162 3641 2344 3713 ρανῶν
2373 3641 2878 3713 προσαγορεύονται
2896 3655 2909 3669 ·
2937 3639 3126 3704 τάξεις
3157 3639 3489 3712 ὑψηλότεραι
3510 3681 3524 3703 ,
3559 3637 3745 3702 τάξεις

2157 3733 2504 3805 κατώτεραι,
2573 3733 2630 3787 αἳ
2683 3733 2822 3804 πρὸς
2872 3733 2971 3797 τὰς
3018 3732 3300 3804 ἀνωτέρας
3347 3731 3477 3785 ποτὲ
3519 3730 3742 3799 ἔλεγον·

2161 3827 2366 3896 Ἄρατε
2381 3827 2602 3891 πύλας,
2621 3827 2678 3880 οι
2700 3825 3011 3893 ἄρχοντες,
3031 3824 3200 3894 ὑμῶν
3220 3837 3234 3853 ·
3262 3824 3445 3890 τάξεις
3477 3823 3745 3876 ἀποστέλ-

2155 3921 2367 3983 λουσαι,
2399 3919 2581 3985 τάξεις
2614 3917 3102 3987 άποστελλόμεναι,
3137 3916 3322 3982 τάξεις
3352 3912 3748 3985 μυσταγωγοῦ-

2159 4029 2273 4074 σαι.
2321 4009 2507 4074 τάξεις
2555 4005 3123 4079 μυπαγωγοὺμεναι·
3174 4003 3446 4074 διαφόρων
3491 4001 3742 4071 ἀγγέλων

2157 4102 2406 4173 διάφοροι
2435 4100 2492 4155 αί
2523 4099 2708 4166 τάξεις
2728 4113 2742 4130 ·
2773 4097 2996 4167 ἄγγελοι
3029 4095 3108 4167 τῷ
3128 4095 3250 4167 ἀέρι
3275 4094 3626 4164 ἑφίπτανται,
3641 4090 3742 4155 τὰς

2156 4195 2335 4267 ψυχὰς
2360 4193 2469 4246 τῶν
2493 4191 2668 4260 ἁγίων
2710 4193 2776 4244 ὲκ
2803 4189 2916 4242 τῶν
2949 4187 3280 4258 πνευμάτων
3300 4183 3396 4240 τοῦ
3421 4183 3585 4256 ἀέρος
3622 4183 3744 4237 δια-

2158 4287 2456 4353 σώζοντες·
2514 4285 2610 4338 καὶ
2650 4282 2809 4336 τοῦτο
2838 4278 3018 4352 δηλῶν
3053 4281 3084 4334 ό
3112 4278 3470 4350 ’πατριάρχης
3520 4273 3740 4340 Ἰακὼϐ,

2157 4397 2294 4452 φησι
2321 4377 2592 4432 τελευτῶν
2610 4391 2626 4407 ο
2662 4373 2718 4429 ⁸0
2744 4373 3002 4444 ἄγγελος
3028 4373 3062 4426 ό
3076 4369 3378 4441 ρυόμενός
3399 4383 3478 4438 με
3497 4366 3570 4422 ἐκ
3600 4364 3747 4420 πάν-

471 4469 626 4524 lis".
690 4468 1061 4536 Quamobrem
1115 4473 1327 4542 angelis
1376 4475 1650 4531 terrestris
1709 4478 1862 4532 orbis
1915 4493 2048 4532 cura

2154 4489 2274 4526 των
2293 4469 2413 4525 τῶν
2431 4466 2655 4524 κακῶν·
2680 4466 2760 4521 διδ
2786 4467 2882 4520 καὶ
2901 4465 3122 4535 ἄγγελοι
3142 4463 3241 4536 τὴν
3263 4460 3506 4531 ἐπιγείου
3538 4459 3744 4565 κόσμου

469 4561 769 4616 commissa
803 4572 918 4624 est,
947 4559 1040 4616 Dei
1072 4562 1228 4632 jussu
1257 4573 1620 4634 opportunam
1648 4567 2048 4636 providentiam

2153 4563 2420 4634 διοίκησιν
2451 4559 2874 4632 ὲμπιστεὺονται
2904 4600 2919 4625 ,
2948 4557 3179 4628 νεύματι
3211 4552 3529 4623 Δεσποτικῷ
3558 4551 3746 4606 ποιοὺ-

471 4653 872 4722 impendentes.
907 4654 1152 4725 Angelus
1186 4656 1484 4727 unicuique
1516 4659 1714 4714 anima:
1746 4658 2052 4716 Christiani

472 4745 586 4798 veri
619 4746 782 4799 datus
803 4755 889 4800 est
910 4761 940 4800 a
971 4744 1082 4801 Deo
1107 4747 1174 4802 ad
1195 4749 1423 4803 tutelam
1449 4757 1503 4804 et
1532 4751 2009 4807 conservationem
2033 4767 2049 4805 :

474 4833 560 4888 Ne
580 4838 695 4901 des,
730 4835 933 4906 inquit,
968 4837 1023 4891 in
1057 4839 1454 4894 commotionem
1481 4840 1665 4911 pedem
1697 4849 1869 4910 tuum,
1892 4859 2056 4914 neque

471 4929 723 4984 dormitet
766 4933 857 5001 qui
893 4931 1124 4985 custodit
1163 4943 1211 4986 te
1228 4931 1295 4986 ³⁹.
1327 4931 1392 4987 Et
1427 4943 1661 4990 rursus:
1713 4932 1894 4989 Videte
1916 4977 1932 4994 .
1967 4936 2056 4990 in-

473 5021 614 5090 quit,
648 5037 710 5074 ne
743 5037 894 5091 quem
921 5037 985 5076 ex
1012 5021 1092 5076 his
1127 5021 1359 5076 minimis
1386 5024 1738 5078 contemnatis
1767 5027 1858 5096 qui
1891 5024 1949 5079 ln
1976 5041 2058 5082 me

473 5112 694 5165 credunt
721 5128 741 5165 :
767 5112 885 5165 dico
923 5112 1062 5165 enim
1091 5111 1258 5178 vobis,
1291 5113 1417 5182 quia
1465 5113 1640 5182 angeli
1673 5129 1853 5168 eorum
1881 5116 2059 5170 vident

473 5204 664 5274 [aciem
692 5201 874 5257 Patris
903 5205 1004 5256 mei
1029 5204 1119 5274 qui
1151 5205 1203 5259 in
1230 5205 1373 5258 caelis
1393 5213 1470 5258 est
1488 5204 1554 5258 “.
1586 5203 2058 5272 Quemadmodum

476 5304 661 5350 autem
693 5295 928 5367 singulis
964 5296 1082 5352 suis
1112 5297 1405 5352 animabus
1440 5297 1670 5368 angelus
1696 5312 1727 5352 a
1754 5297 1866 5352 Deo
1895 5301 2063 5356 dona-

475 5398 569 5453 tus
599 5399 722 5458 est,
753 5390 825 5444 ita
886 5390 1056 5446 etiam
1107 5390 1410 5461 unicuique
1447 5390 1674 5462 integras
1711 5391 1854 5447 ﬁdeli
1911 5397 2058 5466 genti

477 5496 626 5538 unus
672 5483 903 5554 angelus
930 5499 963 5539 a
991 5481 1104 5539 Deo
1135 5482 1392 5554 provisor
1421 5482 1659 5538 traditus
1683 5490 1768 5540 est
1795 5499 1809 5539 :
1841 5484 2059 5544 Consti-

2159 4673 2312 4728 μενοι
2340 4654 2440 4724 τὴν
2478 4652 2798 4725 πρέπουσαν
2824 4650 3082 4720 πρόνοιαν
3103 4661 3119 4679 ·
3165 4645 3394 4716 ἄγγελος
3419 4643 3742 4717 πάσηψυχῇ

2154 4745 2483 4821 Χριστιανοῦ
2512 4741 2747 4812 ἀληθοῦς
2779 4741 3219 4814 ἐμπεπιστευται
3250 4738 3358 4794 ὑπὸ
3383 4734 3522 4792 Θεοῦ
3545 4736 3627 4800 είς
3653 4733 3749 4805 τή-

2161 4858 2320 4916 ρησιν
2351 4839 2447 4894 καὶ
2475 4837 2794 4909 ἀντίληψιν·
2823 4834 2922 4904 Μὴ
2953 4831 3116 4904 δῴης
3139 4831 3274 4905 γὰρ,
3305 4830 3492 4902 φησιν,
3517 4829 3607 4896 εις
3638 4825 3750 4882 σά-

2160 4939 2276 4994 λον
2310 4933 2419 4989 τὸν
2449 4930 2608 4987 πόδα
2631 4946 2771 4996 σου,
2795 4927 2897 4984 καί
2921 4929 2994 4984 οὐ
3025 4926 3318 4992 νυστάεει
3342 4926 3377 4980 ὸ
3404 4921 3748 4995 φυλάσσων

2163 5043 2259 5086 σε.
2291 5026 2404 5082 Καὶ
2430 5025 2626 5080 πάλιν·
2670 5021 2898 5092 Ὁρᾶτε,
2937 5021 3096 5092 φησὶ,
3119 5019 3208 5090 μὴ
3245 5015 3749 5087 καταφρονήσατσ

2163 5119 2304 5187 ἐνὸς
2351 5116 2467 5172 τῶν
2519 5115 2863 5186 ἐλαχίστων
2909 5113 3140 5167 τούτων
3177 5108 3296 5165 τῶν
3334 5105 3751 5162 πιστευόντων

2164 5213 2252 5280 είς
2292 5209 2434 5280 ἐμέ·
2475 5207 2633 5278 λέγω
2679 5205 2791 5277 τὰρ
2836 5202 3002 5274 ὑμῖν,
3033 5202 3125 5256 ὅτι
3156 5203 3214 5256 οι
3257 5199 3503 5271 ἄγγελοι
3546 5194 3751 5252 αὐτῶν

2161 5308 2470 5378 βλέπουσι
2505 5303 2573 5359 τὸ
2603 5302 2934 5374 πρόσωπον
2960 5298 3068 5354 τοῦ
3098 5297 3334 5367 Πατρός
3371 5311 3492 5366 μου
3537 5291 3646 5348 τοῦ
3680 5291 3750 5345 ἐν

2165 5400 2294 5468 τοῖς
2332 5395 2644 5467 οὐρανοῖς·
2682 5394 2800 5448 ἀλλ’
2838 5391 3049 5462 ἑκάστῃ
3083 5389 3186 5462 μὲν
3217 5387 3364 5459 ψυχῇ
3395 5388 3472 5450 ὡς
3504 5381 3752 5438 θεοσεϐεῖ

2163 5490 2396 5566 ἄγγελος
2425 5488 2534 5544 ὑπὸ
2563 5485 2700 5542 Θεοῦ
2731 5482 3067 5557 δεδώρηται·
3101 5479 3320 5551 ἑκάστῳ
3342 5477 3400 5533 δὲ
3427 5475 3538 5549 ὅλῳ
3571 5471 3750 5543 πιστῷ

553 5697 600 5731 ³⁸
634 5698 774 5756 Psal.
805 5716 966 5764 usv,
987 5701 1040 5757 5.
1099 5701 1144 5734 ³·
1172 5699 1317 5758 Psal.
1348 5717 1578 5765 Lxxxnl.
1615 5702 1671 5765 Ξ.
1693 5703 1748 5758 3.
1823 5702 1871 5736 ⁸³
1906 5701 2048 5758 Psal.

2159 5679 2255 5764 vn,
2288 5697 2376 5753 l5.
2456 5695 2660 5756 “Psal.
2684 5711 2773 5752 xu
2803 5735 2820 5761 ,
2845 5693 2902 5765 4.
2965 5692 3025 5765 4³⁵
3063 5689 3212 5748 Psal.
3246 5702 3346 5765 cu,
3377 5683 3472 5743 ‘20.
3529 5685 3576 5719 ³⁸
3595 5682 3742 5742 Psal.

487 5785 751 5840 usxvm,
784 5773 838 5830 8.
931 5758 976 5807 ³⁵
1018 5771 1166 5830 Psal.
1210 5788 1372 5841 mn,
1404 5773 1457 5830 7.
1496 5758 1580 5808 7“.
1621 5758 1757 5831 Gen.
1791 5789 1979 5839 stvnl,
2015 5773 2038 5828 l

2169 5758 2413 5826 "Psal.
2443 5783 2573 5837 cxx,
2605 5769 2662 5824 3.
2738 5758 3021 5822 “Matth.
3055 5777 3212 5829 xuu,
3253 5758 3342 5814 ιο.
