4050 6364
308 345 431 411 ’133⁵

1222 357 1506 419 ORATIO
1536 362 1644 423 'VI.
1677 386 1747 398 ·-
1770 364 1855 426 ΙΝ
1898 366 2227 431 SANCTOS
2263 368 2608 431 ANGELOS

3467 328 3595 437 ττι

308 466 451 549 [Oves
493 461 573 528 εἷς
611 464 843 535 ἄγγελος
867 469 947 534 είς
980 469 1238 541 πρόνοιαν
1280 472 1385 526 ύπὺ
1411 472 1549 526 Θεοῦ
1573 475 1886 545 παραδέδω-

2012 482 2091 534 uit
2145 498 2306 549 enim,
2328 482 2526 554 inquit,
2566 482 2695 553 fines
2726 480 2960 552 gentium
2981 483 3273 539 secundum
3297 500 3573 539 numerum

307 575 399 613 ται
419 573 433 589 ·
471 559 734 626 Ἔστησε
764 560 876 630 γὰρ
903 599 919 623 ,
960 564 1147 632 φησὶν,
1196 563 1327 633 ὅρια
1353 562 1547 619 ἐθνῶν
1575 566 1732 620 κατὰ
1764 568 1889 635 ἀρι-

310 650 465 719 θμὸν
499 649 773 721 ἀγγέλων
808 652 959 707 Θεοῦ
988 670 1000 682 ·
1034 654 1101 708 δι’
1144 655 1389 723 ἀγγέλων
1418 657 1689 728 οὐρανίων
1708 699 1723 721 ,
1753 659 1889 713 Θεοῦ

315 741 634 813 μυστηρίων
662 744 756 796 ἐπὶ
783 743 889 812 γῆς
923 744 1213 815 μετάδοσις
1237 761 1252 775 °
1282 746 1349 802 δι’
1380 747 1652 814 ἀγγέλων,
1682 750 1891 804 ὑδάτων

315 833 409 888 ιιαὶ
457 835 650 904 πηγῶν
690 838 920 907 τήρησις
950 837 1088 907 ὁμοῦ
1119 855 1181 892 τε
1209 838 1303 891 καὶ
1332 840 1509 902 ίασιςυ
1539 839 1606 894 δι’
1643 842 1892 911 ἀγγέλων

314 926 424 987 τοῖς
462 925 632 991 ἀξίοις
659 928 983 999 πειρασμῶν
1010 929 1282 999 λύτρωσις
1300 946 1314 962 ⁸
1342 932 1719 1000 Παρεμόαλεῖ
1754 933 1891 1003 γὰρ,

314 1016 501 1084 φησὶν,
550 1015 808 1086 ἄγγελος
840 1020 1061 1087 Κυρίου
1099 1021 1305 1086 κύκλῳ
1344 1019 1465 1074 τῶν
1508 1021 1903 1092 φοϐουμένων-

315 1107 525 1171 auter,
555 1109 653 1160 καί
669 1109 924 1176 ⁴ῥύσεται
950 1111 1172 1176 αὐτούς
1196 1127 1210 1141 ·
1244 1112 1310 1164 δι’
1340 1112 1593 1182 ἀγγέλων
1622 1114 1719 1168 καὶ
1752 1132 1893 1184 μαρ-

315 1197 498 1267 τύρων
544 1199 653 1261 τῶν
700 1200 970 1269 λειψάνων
1013 1200 1279 1273 τήρησιςσ
1326 1204 1542 1271 Κύριος
1585 1205 1894 1274 φυλάσσει

316 1289 513 1343 πάντα
554 1290 627 1344 τὰ
669 1290 821 1345 ὀστᾶ
845 1291 1065 1359 αὐτῶν,
1114 1294 1163 1345 εί
1193 1294 1287 1347 καὶ
1328 1294 1734 1365 μυστικώτερός
1776 1313 1893 1358 πως

314 1380 524 1434 τούτων
555 1381 664 1434 τῶν
696 1382 898 1436 ὀστέων
936 1383 965 1436 ό
994 1383 1185 1453 λόγος*
1218 1385 1287 1439 δι’
1318 1386 1568 1453 ἀγγέλων
1616 1387 1713 1439 καὶ
1742 1385 1891 1440 »Θεοῦ

314 1469 610 1540 τηροῦνται
649 1470 1042 1543 θυσιαστήρια,
1088 1473 1187 1528 καὶ
1220 1475 1341 1528 ναοὶ
1371 1474 1482 1528 τῶν
1527 1476 1737 1529 πιστῶν
1768 1478 1897 1530 -διαέ

315 1561 712 1630 φυλάσσονται*
762 1563 831 1617 δι’
885 1564 1139 1634 ἀγγέλων
1187 1565 1402 1635 δεήσεις
1448 1568 1544 1621 καὶ
1592 1570 1897 1639 προσευχαὶ

313 1654 427 1707 ἀπὸ
452 1655 556 1724 γῆς
584 1655 720 1726 πρὸς
750 1655 981 1727 οὐρανὸν
1004 1655 1082 1726 τῷ
1103 1655 1221 1727 Θεῷ
1256 1657 1646 1729 προσάγονται.
1672 1659 1808 1729 ὁμοῦ
1834 1677 1893 1713 τε

316 1746 414 1799 καὶ
442 1746 500 1797 αἱ
532 1744 672 1800 θεῖαι
705 1746 904 1816 δωρεαὶ
937 1747 1050 1810 τοῖς
1077 1745 1387 1817 ἀνθρώποις
1418 1746 1747 1819 παρέχονται
1767 1767 1780 1780 ο
1804 1751 1897 1804 καὶ

314 1839 428 1891 πᾶν
458 1837 657 1910 μικροῦ
688 1838 797 1892 δεῖν
826 1838 919 1892 ἐπὶ
957 1837 1063 1908 γῆς
1111 1839 1247 1894 Θεοῦ
1276 1840 1344 1895 δι’
1377 1840 1630 1910 ἀγγέλων
1662 1842 1897 1897 τελεῖται
1928 1823 1973 1882 Β

317 1935 637 2003 μυστήριον.

387 2023 456 2091 γ’.
499 2025 655 2079 Οὕτω
678 2028 810 2081 ποτὲ
836 2028 1062 2099 τέταχεν
1090 2030 1118 2081 6
1142 2027 1276 2091 Θεὸς
1307 2026 1566 2097 ἀψευστεὶ
1590 2027 1659 2082 τὰ
1685 2028 1896 2098 Χερου-

316 2113 417 2184 ϐὶμ
449 2115 625 2171 εἰδότα
656 2122 846 2189 τηρεῖν
876 2119 937 2172 τὸ
966 2120 1122 2186 ξύλον
1160 2118 1263 2189 τῆς
1297 2117 1474 2189 ζωῆς,
1508 2121 1621 2181 τοῖς
1653 2119 1895 2182 ἀναξίοις

316 2207 651 2278 ἀπρόσιτονο
688 2209 831 2265 οὕτω
882 2213 1212 2285 σχηματίζει
1258 2211 1339 2282 τῷ
1396 2210 1690 2282 Ἀϐραὰμ,
1743 2227 1894 2281 τρισο

319 2300 553 2367 άγγελον
581 2302 731 2373 αὐτῷ
762 2304 818 2355 ὲν
851 2303 980 2356 εῑδει
1020 2303 1229 2375 ἀνδρῶν
1256 2303 1555 2373 ἐπιστήσας
1583 2302 1766 2373 χορὸν,
1806 2301 1899 2355 τὸν

315 2389 603 2459 τρισάγιον
639 2391 740 2461 τῆς
784 2390 1014 2458 Τριάδος
1061 2391 1335 2462 μηνύοντα
1377 2389 1611 2461 θεσμόν’
1653 2390 1796 2446 οὕτω
1836 2407 1899 2444 τε

315 2478 477 2545 αὖθις
504 2482 598 2537 δύο
623 2483 829 2555 ταύτης
857 2484 956 2555 τῆς
977 2484 1276 2554 ἀγγελικῆς
1302 2481 1534 2555 Τριάδος
1554 2485 1613 2538 έν
1634 2483 1899 2554 Γομόροις

316 2576 610 2646 ἐμφανίζει
637 2576 716 2648 τῷ
744 2578 891 2645 Λὼτ,
927 2578 1143 2640 δεικνὺς
1171 2575 1265 2629 ἐπί
1298 2593 1354 2629 τι
1382 2576 1493 2630 τῶν
1528 2578 1708 2630 iustas
1734 2593 1901 2645 τιμω-

322 2664 454 2736 ριῶν
492 2666 577 2719 ὅτι
623 2667 651 2718 ό
696 2666 887 2738 Πατὴρ
916 2668 1095 2735 κρίνει
1127 2665 1341 2733 οὐδένα,
1389 2664 1527 2720 ἀλλὰ
1571 2665 1671 2736 τὴν
1717 2667 1902 2720 πᾶσαν

319 2756 504 2826 κρίσιν
549 2757 749 2811 δέδωκε
772 2758 853 2828 τῷ
881 2758 1029 2829 Υίῷ,
1065 2756 1448 2828 συμπαρόντος
1477 2756 1628 2830 αὑτῷ
1670 2757 1767 2811 καὶ
1804 2756 1900 2810 τοῦ

319 2847 482 2913 ἁγίου
528 2848 844 2918 Πνεύματος
874 2849 1149 2919 φυσικῶς
1189 2847 1332 2902 οὕτω
1373 2849 1469 2903 καλ⁸
1506 2848 1703 2902 Ἰακὼϐ
1730 2847 1902 2902 ὀπτά-

320 2954 475 2992 νεται
508 2939 814 3010 παλαιστὴς
836 2940 1089 3008 ἄγγελος,
1106 2942 1185 3003 είς
1206 2939 1373 3009 νόμου
1401 2939 1574 2993 τύπον
1599 2938 1693 2993 τοῦ
1720 2938 1785 2993 δι’
1810 2940 1907 3009 ἁγ-

318 3031 485 3099 γέλου
500 3031 829 3101 λαληθέντος
851 3049 865 3064 ο
885 3032 1030 3086 οὕτω
1050 3034 1145 3086 καὶ
1162 3034 1389 3087 Μωῦσεί
1416 3032 1495 3104 τῷ
1524 3033 1665 3088 πάνυ
1685 3034 1745 3085 ὲν
1766 3034 1904 3103 ’πυρὶ⁸

323 3126 521 3197 φλογὸς
535 3128 784 3196 ἀγγέλων
797 3130 824 3182 6
842 3128 1066 3200 πύρινος
1076 3128 1321 3199 ποταμὸς
1334 3129 1647 3195 όπτάνεται,
1661 3129 1763 3200 τὴν
1776 3146 1905 3200 ποη-
1933 3180 1979 3240 c

324 3220 492 3290 φόρον
538 3221 906 3291 πυράρδευτον
952 3220 1280 3291 ἁλυμάντως
1328 3219 1677 3292 περιφλέγων
1722 3220 1904 3291 βάτον,

325 3312 755 3384 προδιαγράφων
771 3312 906 3365 Θεοῦ
928 3315 986 3367 ὲν
1007 3312 1376 3383 άκανθηφόρῳ
1391 3312 1491 3384 τῆς
1506 3313 1782 3384 ἁμαρτίας
1806 3313 1908 3382 φύ-

326 3422 411 3460 σει
454 3405 663 3475 βροτῶν
716 3405 1023 3475 ἀσύγχυτον
1065 3405 1292 3460 ἕνωσιν·
1337 3404 1481 3460 οὕτω
1523 3407 1593 3459 δι’
1655 3406 1908 3475 ἀγγέλων

323 3495 664 3568 ὼλοΟρεύετο
682 3497 801 3552 τότε
832 3498 1062 3569 ταχίστῃ
1088 3497 1198 3551 τινὶ
1223 3496 1463 3567 ἀψοφητὶ
1487 3498 1634 3567 χειρὶ
1655 3497 1811 3567 άξιφὶ
1837 3500 1906 3569 τῇ

327 3591 485 3644 νυκτὶ
517 3589 915 3661 Φαραωνίτιδος
957 3589 1124 3660 γονῆς
1161 3587 1233 3643 τὰ
1268 3588 1463 3659 πρῶτα
1487 3588 1706 3659 νεογνὰ,
1739 3589 1911 3645 ἀϐλα-

328 3680 457 3743 ϐοῦς
480 3681 818 3752 τηρουμένου
868 3679 964 3734 τοῦ
991 3680 1097 3734 τῶν
1159 3679 1431 3751 Ἐϐραίων
1488 3679 1691 3751 φύλου·
1736 3679 1912 3744 οὕτως

330 3773 644 3826 ωνεδοῦντο
669 3776 728 3827 ὲν
753 3773 961 3844 σχοίνῃ,
991 3772 1260 3844 ἀγγελικῇ
1308 3774 1377 3843 τῇ
1423 3772 1570 3844 χειρὶ
1638 3771 1911 3842 άλινηκτῳ

332 3863 501 3935 βυοίῳ
536 3868 687 3937 πηγῇ
710 3904 725 3928 ,
757 3864 948 3931 ἄξονες
979 3866 1090 3927 τοῖς
1115 3862 1271 3931 άξοσι
1297 3863 1395 3919 σὺν
1419 3862 1735 3935 τριστάταις
1753 3879 1913 3934 στρα-

330 3959 517 4025 τηγοῖς
550 3971 566 3988 ο
596 3956 719 4009 ὅθεν
744 3954 1085 4027 καθορῶντες
1110 3953 1176 4026 δὴ
1207 3956 1256 4009 oi
1300 3953 1603 4025 ἀλάστορες
1659 3954 1759 4018 τὰς
1807 3956 1910 4022 ἀγ-

331 4048 556 4117 γελικὰς
608 4048 778 4111 αὐτάς
812 4045 1283 4118 συμποντιζούσας
1341 4046 1622 4116 δυνάμεις,
1679 4046 1866 4115 ἔλεγον
1890 4062 1907 4080 ·

332 4140 615 4210 Φύτωμεν
638 4140 756 4194 ἀπὸ
773 4138 1100 4207 προσώπου
1125 4137 1399 4207 Ἰσραὴλ,
1428 4136 1518 4192 ὅτι
1528 4138 1745 4206 Κύριος
1759 4136 1913 4205 ὑπὲρ

330 4231 534 4287 αὐτῶν
554 4231 809 4301 πολειιεῖ
840 4231 984 4298 τοὺς
1002 4231 1391 4300 Αἰγυπτιους.
1410 4228 1568 4283 Οὕτω
1597 4230 1738 4300 μετὰ
1751 4228 1913 4284 τοῦτο

332 4321 491 4385 αὖθις
520 4324 579 4375 ὲν
614 4322 792 4392 στύλῳ
848 4324 1022 4395 πυρὸς
1083 4319 1395 4393 μορφωθεὶς
1448 4320 1684 4390 ἄγγελος
1726 4319 1908 4387 θεῖος,

331 4400 525 4484 ὁδηγδς
551 4415 627 4479 ὡς
655 4414 894 4485 Χριστὸς
923 4412 1018 4468 τοῦ
1042 4413 1199 4482 λαοῦ,
1243 4411 1589 4467 ἀνεδείκνυτο
1637 4411 1909 4485 ἀπλανὴς,

1992 574 2303 644 angelorum
2338 573 2435 628 Dei
2454 575 2522 630 η.
2560 575 2661 628 Per
2692 572 2947 628 caelestes
2973 573 3223 641 angelos,
3254 572 3348 627 Dei
3370 584 3574 645 myste~

1992 666 2073 720 ria
2105 666 2226 721 orbi
2275 679 2543 721 terrarum
2575 663 3093 729 communicantur;
3127 679 3223 734 per
3250 664 3474 733 angelos
3514 665 3574 718 ﬁt

1992 773 2259 829 aquarum
2291 755 2637 829 fontiumque
2667 754 2921 811 custodia
2947 755 3115 810 simul
3136 764 3191 809 et
3213 756 3445 819 medela,
3468 772 3576 825 per

1993 850 2215 920 angelos
2264 847 2655 902 tentatiouihus
2706 846 2800 916 qui
2854 846 3004 914 digni
3053 856 3182 901 sunt
3234 846 3576 911 liberantur;

1994 940 2415 1005 Castrametatur
2449 940 2613 1004 enim,
2643 939 2841 1007 inquit,
2873 936 3091 1006 angelus
3116 936 3343 1005 Domini
3372 938 3429 990 in
3467 939 3578 989 cir-

1994 1034 2140 1087 cuitu
2170 1033 2464 1094 timentium
2490 1047 2608 1085 eum
2626 1041 2721 1097 ,ut
2750 1030 2890 1099 ipsos
2919 1029 3197 1095 liberet“;
3231 1044 3329 1099 per
3354 1029 3577 1098 angelos

1996 1135 2300 1197 martyrum
2322 1138 2539 1194 quoque
2569 1122 2815 1190 reliquiae
2844 1120 3236 1175 custodiuntur
3263 1135 3277 1172 :
3315 1118 3576 1177 Dominus

1995 1198 2220 1271 custodit
2266 1216 2446 1270 omnia
2492 1230 2615 1267 ossa
2659 1228 2841 1266 eorum
2859 1211 2924 1278 “,
2980 1226 3294 1280 quanquam
3345 1210 3577 1280 mystica

1997 1310 2179 1379 potius
2234 1308 2335 1361 hoc
2369 1306 2492 1360 loco
2519 1312 2603 1360 est
2637 1302 2845 1358 ossium
2877 1302 3199 1372 appellatio;
3228 1317 3324 1370 per
3351 1303 3578 1371 angelos

1996 1402 2190 1457 altaria
2236 1399 2335 1455 Dei
2382 1397 2792 1459 custodiuntur,
2826 1402 2894 1449 et
2938 1394 3180 1448 ﬁdelium
3222 1396 3421 1462 templa
3454 1408 3573 1449 ser-

1998 1497 2225 1558 rantur;
2258 1507 2352 1561 per
2384 1490 2612 1560 angelos
2654 1501 2850 1558 preces
2894 1485 3284 1554 orationesque
3315 1484 3383 1539 de
3426 1494 3573 1538 terra

1997 1587 2051 1640 in
2082 1586 2285 1642 coelum
2333 1584 2401 1638 ad
2451 1581 2622 1636 Deum
2658 1578 3005 1641 deferuntur,
3061 1576 3340 1644 simulque
3391 1576 3576 1629 divina

1996 1682 2137 1737 dona
2172 1676 2488 1733 hominibus
2524 1672 2885 1736 exhibentur;
2925 1683 3087 1722 omne
3113 1668 3350 1737 denique
3372 1681 3575 1736 prope-

1999 1773 2223 1828 modum
2258 1770 2361 1825 Dei
2390 1765 2712 1839 mysterium
2745 1778 2843 1832 per
2885 1761 3114 1831 angelos
3140 1760 3194 1815 in
3223 1769 3369 1815 terra
3411 1758 3578 1829 perii-

2003 1866 2169 1921 citur.
3438 1868 3439 1871 ‘

2074 2018 2127 2072 5.
2171 2015 2263 2070 Sic
2300 2015 2430 2069 olim
2463 2027 2587 2067 vere
2616 2011 2762 2068 Deus
2793 2010 3079 2067 constituit
3106 2007 3456 2066 Cherubinos
3485 2006 3583 2077 qui

2004 2110 2128 2165 vita:
2159 2109 2365 2178 lignum
2396 2115 2520 2175 apte
2570 2103 2931 2167 custodirent,
2969 2118 3036 2156 ne
3092 2100 3333 2172 indignis
3374 2102 3476 2156 iter
3512 2098 3582 2153 ad

2006 2200 2138 2254 illud
2173 2206 2398 2268 pateret.
2433 2194 2524 2250 Sic
2553 2194 2870 2248 Abrahamo
2896 2193 3131 2263 speciem
3169 2191 3385 2256 obtulit,
3411 2190 3583 2244 misso

2005 2292 2074 2348 ad
2105 2307 2232 2346 eum
2265 2290 2433 2344 trium
2462 2288 2783 2356 angelorum
2814 2285 2870 2337 in
2908 2284 3146 2338 humana
3180 2281 3354 2339 forma
3390 2282 3583 2357 choro,

2004 2384 2101 2454 qui
2133 2380 2538 2437 sanctissimum
2585 2376 2869 2431 Trinitatis
2911 2374 3241 2445 signiﬁcavit
3274 2375 3582 2429 decretum.

2009 2474 2101 2530 Sic
2126 2488 2320 2529 rursus
2355 2471 2492 2525 duos
2519 2485 2584 2524 ex
2618 2468 2704 2522 illa
2767 2466 3011 2538 angelica
3040 2464 3305 2519 Trinitate
3346 2464 3588 2519 ostendit

2006 2564 2144 2620 Loto
2175 2563 2231 2618 in
2266 2559 2700 2617 Gomorrhorum
2738 2557 2893 2621 urbe,
2927 2571 3022 2626 per
3053 2570 3273 2625 pmnam
3320 2553 3394 2608 ibi
3440 2553 3586 2608 inﬂi-

2008 2665 2153 2711 ctam
2183 2654 2591 2714 demonstrans,
2623 2666 2653 2704 a
2688 2648 2850 2704 Patre
2883 2648 3159 2702 neminem
3194 2645 3458 2713 iudicari,
3490 2643 3588 2701 sed

2009 2762 2171 2803 omne
2194 2745 2463 2818 judicium
2485 2743 2625 2797 Filio
2672 2755 2793 2795 esse
2825 2739 3110 2797 traditum.
3144 2746 3335 2792 sancto
3374 2750 3589 2806 quoque

2009 2836 2447 2895 substantialiter
2479 2834 2683 2904 Spiritu
2719 2830 3118 2897 intercedente.
3175 2829 3266 2883 Sic
3293 2831 3458 2884 etiam
3492 2828 3587 2882 Ja-

2011 2934 2148 2989 cobo
2172 2930 2427 3003 apparuit
2456 2930 2692 2983 luctator
2720 2926 2968 2995 angelus,
2988 2924 3055 2978 ad
3087 2923 3220 2993 legis
3254 2932 3439 2993 typum
3466 2936 3591 2993 qnze

2011 3042 2109 3097 per
2140 3024 2393 3096 angelum
2420 3022 2599 3077 edicta
2627 3020 2748 3074 fuit.
2771 3016 2864 3073 Sic
2888 3017 3055 3072 etiam
3088 3015 3257 3088 Moysi
3293 3016 3370 3071 illi
3394 3029 3592 3084 magno

2013 3118 2068 3174 in
2105 3117 2244 3188 ignis
2266 3114 2487 3169 ﬂamma
2517 3111 2842 3183 angelorum
2872 3110 3067 3180 igneus
3087 3107 3285 3162 ﬂuvius
3314 3107 3466 3164 visus
3484 3114 3589 3171 cst,

2013 3207 2307 3266 herbidum
2331 3204 2532 3260 rudum
2549 3203 2671 3273 igne
2684 3201 2978 3270 irriganset
2992 3198 3111 3255 sine
3129 3197 3463 3254 detrimento
3480 3211 3594 3250 am-

2010 3302 2235 3365 burens,
2251 3298 2582 3369 portendens
2610 3293 2819 3351 scilicet
2844 3290 2935 3347 Dei
2954 3305 3079 3348 cum
3112 3289 3333 3359 spinosa
3357 3285 3593 3357 peccatis

2009 3392 2327 3452 mortalium
2357 3398 2555 3445 natura
2577 3385 2926 3443 inconlusaru
2953 3381 3364 3443 aduuationem.
3385 3378 3474 3434 Sic
3498 3394 3594 3449 per

2010 3489 2236 3561 angelos
2260 3484 2550 3555 celerrima
2571 3481 2809 3554 quadam
2844 3479 2963 3535 sine
2993 3476 3175 3548 gladio
3196 3473 3597 3540 manu,silente

2010 3587 2191 3645 nocte,
2216 3574 2620 3633 Pharaoniticze
2663 3571 2927 3645 genitura:
2939 3568 3100 3640 primi
3118 3566 3325 3623 surculi
3344 3580 3596 3637 pessum—

2010 3671 2122 3729 dati
2148 3669 2391 3735 luerunt,
2429 3663 2694 3721 incolumi
2714 3660 3073 3716 llebraaorum
3106 3652 3399 3725 p0pulo.Si
3434 3667 3597 3722 ange-

2010 3765 2114 3821 lica
2145 3778 2334 3829 manu,
2365 3759 2497 3815 fune
2527 3755 2716 3820 veluti,
2748 3753 2954 3824 alligati
2988 3748 3231 3812 fuerunt,
3257 3755 3508 3802 natantes
3539 3745 3595 3798 in

2011 3856 2288 3930 profundo
2316 3863 2534 3924 stagno,
2568 3863 2700 3905 axes
2731 3846 2934 3901 axibus
2959 3886 2974 3910 ,
3000 3859 3125 3899 cum
3157 3840 3390 3897 ducibus
3413 3852 3476 3892 ac
3503 3836 3599 3890 tri-

2012 3927 2198 4009 bunis.
2228 3945 2598 4015 Quamobrem
2625 3940 2705 3995 illi
2736 3937 3105 4009 exsecrabiles
3152 3932 3286 3987 visis
3334 3927 3599 4001 angelicis

2012 4061 2136 4119 quae
2177 4038 2603 4111 submergebant
2626 4032 2939 4096 virtutibus,
2989 4029 3280 4119 dixerunt;
3314 4022 3599 4093 Fugiamus

2014 4114 2349 4203 deonspectu
2373 4127 2631 4192 lsraelis,
2669 4123 2798 4193 quia
2831 4119 3090 4173 Dominus
3118 4131 3213 4185 pro
3248 4114 3361 4183 ipsa
3399 4115 3601 4181 pugnat

2013 4243 2206 4287 contra
2230 4221 2518 4295 Egyptios
2556 4216 2628 4272 “.
2677 4215 2770 4270 Sic
2797 4210 2996 4268 deinde
3041 4223 3236 4264 rursus
3285 4206 3387 4262 sub
3428 4205 3603 4295 igneae

2013 4321 2285 4376 columnae
2316 4294 2501 4383 Specie
2551 4306 2779 4378 angelus
2826 4303 2943 4370 Dei,
2996 4303 3106 4356 dux
3142 4300 3366 4354 minime
3407 4294 3604 4350 devius
3674 4328 3685 4331 ‹

2014 4413 2185 4475 veluti
2210 4407 2468 4466 Christus
2494 4401 2704 4473 p0puli,
2726 4396 3013 4468 apparuit;
3043 4394 3207 4465 cujus
3229 4390 3454 4463 pulcher
3481 4387 3604 4443 vul-

332 4502 394 4561 οὖ
422 4508 486 4561 τὸ
522 4506 717 4570 κάλλος
746 4505 841 4561 τοῦ
874 4505 1169 4577 προσώπου
1231 4505 1461 4577 νεφέλης
1519 4505 1908 4577 περιϐαλλόμε-

2021 4514 2109 4561 tus
2142 4500 2355 4557 nebula:
2393 4497 2570 4551 forma
2600 4492 2928 4554 obvolutus,
2983 4487 3249 4544 stationes
3296 4494 3605 4554 pausasque

333 4617 424 4665 νος
454 4593 613 4667 εἶδος,
650 4601 751 4663 τὰς
795 4598 1054 4663 ἐπαύλεις
1112 4599 1210 4653 καὶ
1250 4596 1630 4662 καταπαύσεις
1678 4598 1757 4669 τῷ
1805 4598 1919 4671 λαῷ

332 4690 748 4746 διακελεύεταιο
783 4688 928 4745 οὕτω
952 4690 1290 4761 προσιόντων
1324 4690 1463 4762 πρὸς
1497 4690 1560 4745 τὸ
1588 4691 1687 4762 τῆς
1752 4708 1920 4762 νομο-

334 4782 524 4848 θεσίας
554 4782 681 4854 ὄρος
718 4782 830 4837 τῶν
854 4782 1354 4855 νομοθετουμένων,
1388 4781 1479 4837 διὰ
1513 4782 1778 4837 πλειόνων
1816 4783 1921 4852 ἀγ-

332 4875 511 4947 γέλων
530 4876 629 4939 τὰς
650 4872 946 4941 Θεοτύπους
956 4874 1202 4947 ἐδέχοντο
1220 4875 1455 4941 πλάκας,
1481 4873 1591 4929 τῶν
1616 4874 1715 4945 μὲν
1724 4874 1921 4945 ἠχούν-

332 4985 445 5022 των
480 4966 792 5037 σάλπιγγας
824 4967 964 5038 ἦχῳ,
999 4966 1108 5020 τῶν
1135 4966 1196 5020 δὲ
1219 4966 1280 5020 τὸ
1327 4966 1455 5038 ὅρος
1503 4965 1921 5039 πυριμορφούν-

334 5076 466 5124 των,
497 5060 592 5113 καὶ
611 5058 788 5112 ἄλλων
819 5060 878 5113 ἑν
909 5058 1095 5129 γνόφῳ
1110 5057 1207 5112 καὶ
1227 5058 1376 5129 ζόφῳ
1405 5058 1500 5111 καὶ
1531 5057 1727 5130 θυέλλῃ
1756 5058 1919 5111 τοῦτο

335 5150 803 5215 διακαπνιζόντων
831 5150 971 5221 πρὸς
998 5151 1060 5204 τὸ
1085 5149 1328 5221 έμφοϐον
1380 5150 1728 5220 καταστῆσαι
1760 5150 1913 5217 λαὸν,

336 5239 478 5294 Θεοῦ
504 5240 738 5311 ἀφοϐίαν
769 5241 1059 5297 νοσοῦντα⁹
1092 5237 1251 5306 αὖθίς
1278 5259 1340 5295 τε
1368 5241 1536 5297 πάλιν
1568 5242 1635 5296 δι’
1683 5242 1918 5311 ἀγγέλου

348 5334 560 5406 Ἰησοῦς
594 5334 624 5386 ὁ
652 5334 748 5387 τοῦ
776 5334 936 5405 Ναυῆ
958 5333 1057 5405 τὴν
1091 5334 1237 5388 κατὰ
1264 5331 1374 5386 τῶν
1421 5332 1716 5404 ὁμοφύλων
1754 5334 1921 5405 εὐηγ-

336 5425 584 5496 γελίζετο
612 5428 769 5499 νίκην
788 5443 804 5459 ο
823 5428 918 5482 καὶ
940 5429 1089 5491 ὅπως
1117 5426 1370 5491 πλείονας
1387 5425 1654 5496 ἀγγέλους
1682 5424 1761 5496 τῷ
1787 5428 1926 5497 ἀρχ-

338 5518 561 5589 αγγέλῳ
592 5519 921 5590 συνάψωμεν
968 5518 1257 5590 (πείθομαι
1289 5518 1402 5590 γὰρ
1451 5516 1532 5589 τῷ
1565 5517 1777 5572 ἑαυτῶν
1821 5518 1924 5587 ἀρ·

326 5611 694 5684 χιστρατήγῳ
716 5612 806 5669 ἀεὶ
835 5609 1370 5682 συνευφραίνεσθαι),
1396 5608 1631 5679 ἄγγελος
1653 5609 1753 5679 μέν
1786 5623 1921 5661 ποτε

2021 4597 2197 4653 eidem
2220 4590 2418 4663 populo
2443 4585 2787 4655 designabat.
2819 4582 2896 4636 ita
2938 4579 3260 4635 accedentes
3279 4576 3347 4630 ad
3378 4572 3604 4642 legisla-

2016 4685 2191 4745 tionis
2222 4692 2466 4739 montem
2493 4678 2553 4745 ii,
2582 4676 2785 4747 quibus
2808 4674 2894 4728 lex
2919 4670 3097 4727 danda
3126 4677 3263 4734 erat,
3295 4680 3392 4737 per
3420 4664 3605 4734 plures

2022 4778 2248 4851 angelos
2274 4791 2307 4831 a
2336 4775 2447 4829 Deo
2469 4772 2702 4841 scriptas
2736 4774 3064 4837 receperunt
3094 4760 3332 4824 tabulas,
3368 4770 3605 4851 quorum

2018 4846 2124 4929 alii
2154 4870 2302 4926 tubis
2339 4863 2749 4937 personabant,
2791 4858 2885 4914 alii
2937 4862 3177 4912 montem
3219 4851 3375 4922 ignea
3426 4846 3608 4917 specie

2022 4962 2352 5025 vestiebaut,
2398 4956 2491 5012 alii
2520 4951 2858 5010 obscuritate
2888 4945 3128 5004 tenebris
3166 4954 3330 5013 atque
3366 4938 3605 5012 procella

2017 5060 2323 5112 fumantem
2349 5048 2501 5103 illum
2535 5043 2855 5106 reddebant,
2886 5047 2945 5093 ut
2980 5034 3467 5108 perterrefacerent
3508 5042 3609 5099 po-

2018 5149 2232 5219 pulum,
2265 5141 2353 5200 cui
2382 5138 2582 5195 insitus
2610 5142 2727 5191 erat
2764 5132 2989 5186 morbus
3018 5127 3189 5182 Deum
3212 5140 3331 5219 non
3354 5121 3603 5219 timendi.

2020 5213 2220 5299 Dostea
2248 5248 2381 5290 vero
2429 5245 2528 5302 per
2576 5226 2831 5297 angelum
2858 5223 3017 5279 Jesus
3042 5233 3263 5291 quoque
3290 5216 3420 5271 Navi
3463 5213 3610 5269 ﬁlius

2023 5328 2310 5390 victoriam
2352 5325 2417 5380 de
2470 5319 2827 5393 popularibus
2868 5316 2986 5371 suis
3037 5312 3262 5368 relatam
3311 5305 3605 5362 nuntiavit.

2023 5423 2203 5493 Atque
2257 5426 2317 5474 ut
2374 5416 2561 5487 plures
2609 5412 2831 5483 angelos
2885 5404 3216 5476 archangelo
3261 5398 3606 5493 copulemus,

2024 5490 2188 5573 credo
2210 5512 2355 5568 enim
2378 5523 2481 5579 eos,
2498 5523 2626 5564 cum
2657 5519 2758 5563 suo
2780 5517 2997 5575 semper
3019 5500 3157 5555 duce
3185 5496 3240 5551 iu
3262 5490 3461 5565 gaudio
3483 5503 3606 5543 ver-

2029 5605 2165 5672 sari,
2201 5603 2428 5675 angelus
2453 5601 2585 5658 olim
2611 5594 3008 5666 Hierosolymis
3041 5588 3295 5648 lsraelem
3324 5582 3603 5647 vastabat,

411 5794 454 5826 ⁶¹
501 5794 521 5848 1
552 5791 686 5866 Reg.
728 5808 786 5861 ιι,
811 5791 866 5850 8.
941 5792 987 5826 ⁸³
1022 5790 1167 5849 Psal.
1202 5805 1397 5859 χχχιιι,
1428 5788 1482 5844 8.
1560 5788 1607 5821 “
1646 5788 1780 5844 ibid.
1807 5787 1902 5842 2|.

2008 5785 2024 5818 ⁸
2054 5782 2228 5841 Exod.
2253 5796 2366 5851 xw,
2393 5778 2483 5837 25.
