4050 6364
512 350 619 416 735

1697 356 1759 418 S.
1796 350 2192 417 THEODORI
2232 351 2375 414 STU
2384 351 2583 413 DIT/E

3673 350 3776 413 736

513 488 686 543 donec
714 500 947 557 magnus
961 487 1131 543 David
1157 486 1325 546 boves
1353 488 1409 545 in
1433 503 1559 547 area
1591 488 1773 546 Sionis
1802 490 2095 547 immolaris

2201 468 2257 521 ὲν
2301 464 2655 539 Ἰερουσαλὴμ
2687 464 2782 519 τὸν
2827 460 3039 537 Ἰσραὴλ
3063 462 3460 557 διωλόθρευεν,Δ
3489 463 3596 557 ἕως
3649 464 3725 557 ἀν
3746 466 3776 519 ό

515 594 643 634 cum
673 578 806 649 ipsis
840 580 1228 637 triturantibus
1266 581 1523 639 curribus
1552 598 1649 639 eos
1697 583 1893 638 obtulit
1939 583 2098 637 bolo-

515 677 789 726 eaustum.
830 672 1009 742 Atque
1043 672 1116 727 ita
1148 673 1332 743 populi
1374 674 1588 745 plagam
1622 672 1879 728 inhibuit.
1914 674 2093 742 Quam

517 759 648 815 hinc
677 759 838 816 nobis
860 763 1246 833 cogitationem
1273 763 1550 834 iniiciens,
1581 765 1667 819 vel
1698 779 1863 835 quam
1903 766 2096 820 admo-

516 851 782 908 nitionem
807 852 832 907 ?
871 849 1076 923 Nempe
1098 854 1245 922 quod
1277 854 1454 909 solum
1479 871 1575 925 per
1598 855 1779 911 crucis
1815 857 1958 926 ligna
1997 857 2099 913 ob-

516 945 688 1000 latum
719 946 922 1002 Christi
955 947 1309 1013 sacriﬁcium,
1344 948 1438 1004 Dei
1471 950 1607 1004 iram
1634 950 1896 1008 adversus
1936 969 2096 1007 mun-

516 1040 644 1092 dum
669 1038 897 1095 sedavit.
933 1038 1051 1096 Illic
1077 1040 1222 1096 enim
1269 1056 1398 1098 vere
1435 1058 1670 1113 magnus
1720 1042 1813 1099 Dei
1863 1042 2096 1103 Phinees

518 1129 772 1201 (zelatur)
803 1132 1074 1201 constitit,
1096 1131 1351 1207 factaque
1376 1149 1476 1207 pro
1500 1134 1660 1193 nobis
1685 1137 2093 1210 propitiatione,

516 1222 703 1278 clades
730 1223 989 1280 cessavit.

585 1385 642 1441 4.
671 1383 805 1439 Illud
832 1399 1052 1456 quoque
1072 1386 1507 1445 animadvertere
1554 1404 1773 1461 aquum
1801 1400 1906 1459 est,
1957 1409 2098 1465 quo-

517 1477 665 1531 niam
709 1477 827 1547 ipse
857 1493 1148 1549 supremus
1176 1479 1290 1535 dux
1344 1481 1513 1537 trahit
1548 1498 1650 1540 nos
1679 1485 1748 1540 ad
1787 1488 2095 1544 orationem

516 1565 587 1620 de
648 1567 857 1637 angelis
929 1568 1396 1638 prosequendam;
1484 1586 1719 1628 curnam
1779 1590 1903 1630 cum
1986 1579 2099 1633 sint

518 1657 685 1712 unius
735 1672 928 1714 omnes
993 1658 1335 1729 substantias,
1389 1676 1499 1717 non
1561 1679 1729 1720 unam
1788 1681 1966 1737 neque
2018 1668 2097 1724 si-

519 1748 703 1805 milem
780 1748 1009 1821 ﬁguram
1091 1761 1485 1825 aspectumque
1551 1756 1607 1812 in
1664 1765 1862 1813 terram
1932 1759 2098 1814 adve-

2202 554 2377 626 μέγας
2400 555 2567 609 Δαόὶδ
2592 555 2719 619 τοὺς
2744 555 2804 609 έν
2830 555 2896 625 τῇ
2931 553 3046 624 άλιρ
3085 554 3187 624 τῆς
3239 554 3380 608 Σιὼν
3437 553 3775 625 θεοθυτήσας

2199 648 2351 721 βόας,
2384 650 2441 702 έν
2463 649 2578 712 τοῖς
2616 646 2961 718 ἁλωηφόροις
2996 646 3220 711 τούτους
3278 646 3645 709 όλοκαύτωσε,
3679 647 3776 700 καὶ

2195 740 2341 796 οὕτω
2389 740 2491 813 τὴν
2546 740 2640 795 τοῦ
2694 737 2825 793 λαοῦ
2878 738 3095 812 πληγὴν
3160 738 3397 793 ἔπαυσεν
3431 755 3446 772 ·
3484 739 3572 792 ἵνα
3599 738 3654 792 τί
3670 739 3776 792 πά-

2197 832 2402 903 θωμεν,
2434 831 2531 886 καὶ
2590 831 2646 885 τί
2674 830 3059 901 παιδευθῶμεν
3083 849 3098 897 ;
3123 831 3206 885 ὅτι
3230 832 3413 903 μόνηή
3444 832 3532 886 διά
3551 831 3660 885 τῶν
3684 830 3776 897 ξό-

2197 927 2305 981 λων
2337 924 2433 979 τοῦ
2468 924 2704 996 σταυροῦ
2735 926 3166 997 προσενεχθεῖσα
3198 924 3438 996 Χριστοῦ
3465 926 3633 979 θυσία
3673 926 3774 995 τὴν

2197 1017 2293 1072 τοῦ
2322 1016 2462 1072 Θεοῦ
2490 1016 2726 1085 ἀπειλὴν
2753 1016 2854 1087 τῆς
2879 1014 3212 1086 οἰκουμένης
3244 1015 3597 1070 κατέπαυσεν
3622 1030 3638 1046 ο
3659 1015 3777 1068 ἐκεῖ
3810 1012 3813 1015 “

2196 1109 2327 1182 γὰρ,
2360 1108 2439 1174 ὡς
2462 1107 2680 1180 ἀληθῶς
2701 1109 2730 1162 ό
2756 1108 2933 1179 μέγας
2956 1107 3094 1162 Θεοῦ
3135 1107 3322 1171 Φινεὲς
3349 1105 3505 1178 ἔστη,
3536 1107 3635 1161 καὶ
3685 1105 3777 1174 ἑξ-

2198 1198 2419 1253 ιλάσατο
2442 1197 2584 1270 ὑπὲρ
2612 1197 2791 1269 ήμῶν,
2812 1196 2907 1251 καὶ
2935 1197 3211 1252 ὲκόπασεν
3236 1197 3272 1268 ή
3302 1195 3556 1268 θραῦσις.

2265 1375 2331 1429 δ’.
2354 1373 2640 1444 Σκοπῆσαι
2671 1373 2730 1429 δὶ
2759 1372 2921 1446 θέμις
2940 1375 3186 1442 κάκεῖνο,
3208 1372 3304 1429 τοῦ
3328 1375 3775 1447 ἀρχιστρατήγου

2196 1467 2346 1538 ἡμᾶς
2370 1464 2844 1537 χειραγωγοῦντος
2880 1465 2977 1519 επὶ
3001 1465 3100 1520 τοῦ
3150 1466 3260 1521 τῶν
3288 1465 3540 1535 ἀγγέλων
3573 1465 3734 1535 λόγου
3754 1482 3771 1499 ο

2197 1559 2317 1622 πῶς
2341 1552 2436 1612 οὖν
2474 1560 2606 1628 μιᾶς
2632 1556 2825 1621 οὐσίας
2857 1557 3014 1622 ὄντες
3038 1559 3102 1613 οῦ
3135 1558 3266 1627 μίαν
3297 1556 3420 1612 οὐδὲ
3451 1557 3650 1628 ὁμοίαν
3673 1557 3774 1629 τὴν

2200 1640 2415 1723 μορφὴν
2438 1649 2536 1705 καὶ
2563 1649 2664 1722 τὴν
2687 1650 2954 1705 ὀπτασίαν
2981 1651 3077 1704 ἐπὶ
3101 1651 3204 1722 γῆς
3234 1651 3629 1722 ἐπιδημοῦντες
3651 1652 3775 1705 ἑπι-

2197 1742 2503 1797 δεικνυνται
2538 1741 2888 1813 ἀνθρώποιςς
2940 1741 3079 1797 ἀλλά
3139 1742 3271 1795 ποτὲ
3322 1744 3422 1813 μὲν
3467 1741 3774 1795 νεανίσκων

519 1841 730 1898 nientes
777 1842 1072 1899 ostendant
1139 1821 1617 1903 hominibusised
1683 1851 1847 1905 modo
1913 1851 2097 1906 adole»

2201 1835 2416 1907 μορφὴν
2444 1834 2869 1901 ἐπιδείκνυνται,
2905 1834 3038 1887 ποτὲ
3063 1833 3122 1887 δὲ
3152 1835 3525 1904 στρατιωτῶν,
3557 1833 3653 1886 καὶ
3674 1831 3770 1887 ἀλ-

521 1935 895 1990 scentulorum
926 1936 1162 2005 speciem
1197 1952 1309 2008 prae
1347 1954 1407 1994 se
1435 1938 1633 2005 ferant,
1655 1942 1815 1997 modo
1838 1943 2095 2009 militum,

522 2025 816 2096 aliquando
842 2028 1008 2082 etiam
1032 2027 1303 2097 equitum,
1333 2030 1467 2087 item
1507 2031 1829 2087 animalium
1870 2049 1965 2090 sex
1995 2035 2097 2091 alis

520 2124 576 2171 et
597 2118 783 2173 multis
838 2118 1014 2175 oculis
1060 2119 1477 2189 instructormn,
1554 2124 1780 2193 insuper
1849 2126 2097 2195 leonum,

522 2207 710 2273 boum,
738 2209 1070 2280 aquilarum,
1112 2211 1382 2269 interdum
1428 2215 1590 2270 etiam
1615 2231 1881 2287 equorum
1909 2219 2095 2290 igneo-

523 2312 687 2361 rum,
744 2313 954 2355 necnon
1013 2310 1257 2357 rotarum
1309 2314 1363 2358 et
1430 2320 1690 2363 curruum
1724 2306 1931 2364 ?Divus
1968 2325 2099 2381 ergo

522 2384 691 2443 Isaias
722 2404 844 2443 cum
869 2391 1111 2446 divinam
1135 2392 1284 2447 illam
1311 2394 1557 2466 adeoque
1590 2400 1930 2454 tremendam
1965 2401 2101 2456 vidit

521 2474 861 2535 Dominicam
892 2481 1196 2539 sessionem
1242 2485 1298 2539 in
1359 2486 1582 2541 sublimi
1614 2488 1834 2554 throno.
1883 2493 1939 2545 in
1986 2505 2098 2559 quo

524 2571 607 2639 (ut
646 2568 761 2639 ipse
797 2570 1039 2644 videbat)
1075 2575 1317 2631 universi
1341 2578 1530 2634 mundi
1570 2579 1712 2635 Deus
1764 2581 2100 2647 considebat,

522 2661 764 2719 astitisse
788 2663 925 2721 dixit
950 2665 1025 2720 illi
1056 2665 1111 2720 in
1159 2665 1333 2722 forma
1369 2682 1463 2724 sex
1500 2670 1603 2724 alis
1651 2671 1940 2737 instructa,
1992 2674 2102 2727 cel-

521 2753 773 2809 sissimas
798 2756 1167 2827 angelicorum
1196 2758 1361 2813 simul
1404 2768 1459 2814 et
1494 2759 1917 2815 clterubicorum
1946 2763 2099 2817 ordi-

523 2859 655 2899 num
692 2853 1026 2916 potestates;
1066 2855 1122 2903 et
1149 2847 1366 2904 duabus
1390 2850 1612 2920 quidem
1642 2850 1746 2906 alis
1775 2851 1942 2908 facies
1969 2868 2101 2910 suas

524 2935 756 2999 velasse,
791 2937 914 2994 aliis
942 2954 1072 2995 vero
1122 2939 1338 2997 duabus
1408 2941 1574 3013 pedes
1626 2959 1760 3000 suos
1811 2947 2099 3016 operuisse

527 3024 766 3098 [duabus
781 3027 1017 3100 denique
1056 3031 1278 3101 reliquis
1314 3033 1532 3090 volasse
1557 3033 1651 3107 ⁸⁸.]
1684 3034 1805 3091 Jam
1836 3038 1969 3093 dum
2005 3054 2101 3095 su-

521 3132 721 3188 pernas
749 3126 912 3188 atque
930 3119 1214 3177 inferiores
1230 3133 1413 3193 partes
1431 3123 1907 3198 circumtegerent,
1928 3128 2100 3197 signi-
2124 3161 2168 3220 α

523 3208 759 3265 ﬁcabaut
795 3210 1064 3280 videlicet,
1105 3214 1207 3268 liae
1237 3215 1420 3270 oblata
1472 3217 1673 3287 specie,
1724 3227 1838 3273 tum
1883 3221 2098 3290 superis

523 3298 579 3355 in
609 3302 768 3369 cmlo,
825 3312 939 3359 tum
971 3304 1162 3361 inferis
1193 3307 1246 3360 in
1273 3315 1417 3362 terra
1454 3308 1730 3366 invisibile
1757 3324 1899 3375 esse,
1940 3326 2099 3367 arca-

522 3407 678 3458 num,
726 3403 781 3449 et
817 3395 1089 3451 obtectum
1134 3397 1438 3455 divinitatis
1489 3401 1829 3473 mysterium.
1878 3402 1975 3458 Vel
2027 3403 2099 3459 ob

523 3484 577 3540 id
608 3485 844 3542 fortasse
875 3497 1166 3560 utramque
1212 3492 1615 3548 extremitatem
1666 3494 1939 3566 tegebant,
1968 3496 2097 3565 quia

521 3590 614 3632 res
640 3585 767 3633 ante
796 3575 892 3634 Dei
947 3577 1109 3635 Verbi
1143 3580 1455 3654 Christique
1495 3584 1563 3640 de
1602 3586 1743 3641 coelo
1800 3587 2097 3642 adventum

524 3666 1103 3737 iucomprehensibiles
1129 3685 1276 3737 sunt,
1306 3673 1545 3746 itemque
1578 3674 1681 3732 illa:
1706 3687 1827 3747 post
1849 3676 2097 3747 ejusdem

524 3760 978 3829 assumptionem.
1024 3764 1277 3819 Attamen
1313 3766 1507 3822 mediis
1529 3767 1657 3832 illis,
1685 3784 1809 3836 qua:
1837 3769 2097 3824 incarna-

524 3849 693 3907 tionis
720 3860 961 3923 tempore
988 3868 1319 3924 evenerunt,
1356 3858 1585 3915 credens
1623 3858 1863 3915 Ecclesia
1897 3860 1952 3915 in
1986 3875 2100 3915 cm-

526 3941 637 3997 lum
674 3953 932 4015 tanquam
956 3947 1056 4003 alis
1086 3949 1361 4005 convolat.
1404 3948 1661 4007 Fortasse
1712 3953 1840 4007 item
1871 3967 1967 4023 per
1994 3952 2101 4008 hoc

525 4033 735 4089 vultum
787 4038 1095 4108 pedumque
1169 4039 1559 4109 velamentum,
1626 4043 1785 4099 nobis
1861 4044 2101 4097 innuunt

525 4123 858 4178 sanctissimi
907 4124 1217 4196 Seraphini,
1252 4144 1430 4199 neque
1474 4131 1687 4186 initium
1727 4146 1905 4203 neque
1933 4134 2099 4191 ﬁnem

524 4215 725 4270 divinae
751 4226 961 4273 natura:
991 4221 1249 4290 spectari,
1281 4234 1378 4277 aut
1407 4225 1720 4294 comperiri,
1745 4235 1839 4280 aut
1868 4227 2102 4299 intelligi

525 4321 709 4377 posse.
742 4306 880 4363 Nam
917 4311 1074 4366 faciei
1130 4320 1504 4383 tegumentum
1551 4316 1979 4373 invisibilitatem
2007 4320 2104 4375 de-

527 4406 678 4455 notat
712 4401 966 4457 increatae
990 4413 1198 4461 natura:
1221 4423 1236 4473 ;
1263 4408 1427 4477 pedes
1449 4418 1626 4464 autem
1646 4411 1884 4467 vicissim
1910 4414 2097 4479 velati,

2197 1926 2320 1980 λοτε
2360 1927 2595 1991 ἱππέων,
2627 1927 2722 1980 καὶ
2752 1926 2915 1981 πάλιν
2949 1925 3332 1998 έξαπτερύγων
3377 1926 3473 1979 καὶ
3529 1925 3772 1995 πολυομ-

2201 2019 2406 2089 μάτων,
2461 2018 2560 2072 καὶ
2595 2014 2751 2083 αὖθις
2800 2017 3052 2081 λεόντων,
3100 2014 3220 2071 είτα
3263 2016 3424 2090 βοῶν,
3477 2017 3574 2071 καὶ
3611 2017 3772 2071 πάλιν

2197 2110 2393 2177 ἀετῶν,
2424 2110 2553 2164 ποτε
2573 2110 2631 2164 δὲ
2671 2111 2768 2164 καὶ
2806 2110 2993 2164 ίππων
3023 2110 3287 2179 πυρίνων,
3329 2111 3425 2164 καὶ
3453 2109 3616 2163 πάλιν
3644 2126 3772 2179 τρο-

2198 2201 2310 2272 χῶν
2342 2201 2437 2255 καὶ
2487 2200 2795 2273 άρμάτων;
2843 2200 3076 2266 Ἦσαῖας
3130 2201 3229 2273 μὲν
3258 2200 3354 2257 οῦν
3402 2202 3432 2254 ό
3491 2202 3655 2266 θεῖος,
3683 2202 3773 2255 ὅτε

2197 2293 2300 2364 τὴν
2326 2292 2477 2347 Θείαν
2497 2294 2592 2346 καὶ
2621 2294 3074 2364 φρικωδεστάτην
3099 2292 3318 2365 ἐκείνην
3350 2295 3447 2347 καὶ
3503 2294 3770 2345 Δεσποτι-

2199 2385 2300 2457 κὴν
2328 2384 2623 2457 προεδρίαν
2659 2384 2752 2439 τοῦ
2783 2386 2931 2440 θείου
2989 2385 3311 2457 καθεώρακε
3346 2385 3563 2455 θρόνου,
3591 2387 3650 2437 ὲν
3706 2377 3773 2454 ᾧ,

2199 2479 2275 2541 ὡς
2302 2476 2471 2547 ἑώρα,
2504 2477 2750 2550 ένίδρυτο
2780 2478 2809 2532 ό
2831 2478 2940 2533 τῶν
2977 2478 3117 2533 ὅλων
3174 2479 3330 2543 Θεὸς,
3363 2480 3423 2531 ὲν
3473 2477 3774 2549 ἑξαπτερὺ-

2200 2583 2313 2636 γων
2335 2567 2468 2620 εῐδει
2516 2567 2852 2637 παριστάναι
2885 2569 3122 2638 ἔφασκεν
3178 2567 3326 2640 αὐτῷ
3378 2569 3477 2633 τὰς
3512 2571 3775 2623 ἀνωτάτω

2198 2658 2308 2711 τῶν
2326 2657 2633 2726 άγγελικῶν
2644 2659 2780 2730 όμοῦ
2796 2659 2892 2714 καὶ
2911 2660 3251 2733 χερουσικῶν
3263 2660 3472 2727 τάξεων
3491 2661 3771 2731 δυνάμειςο

2201 2749 2296 2802 καὶ
2327 2751 2449 2813 ταῖς
2474 2747 2620 2822 [cod.
2648 2752 2705 2804 αί
2730 2766 2829 2822 pro
2854 2750 3000 2824 ταῖς]
3049 2752 3149 2823 μὲν
3174 2752 3316 2820 δυσὶ,
3356 2755 3512 2823 φησὶ,
3544 2753 3771 2825 πτέρυξι

2198 2840 2269 2894 τὰ
2293 2842 2472 2895 οίκετα
2526 2844 2929 2899 συνεκάλυπτον
2960 2845 3252 2918 πρόσωπα,
3303 2849 3425 2911 ταῖς
3481 2847 3540 2901 δὲ
3583 2848 3774 2911 ἄλλαις

2199 2932 2321 2986 δυσὶ
2357 2933 2486 2999 τοὺς
2524 2933 2758 3000 οίκείους
2782 2936 2949 3001 πόδας
2976 2938 3332 3003 συνέσκεπον,
3368 2937 3486 3012 [καὶ
3514 2943 3640 3003 ταῖς
3660 2940 3758 2993 δυ-

2201 3025 2287 3079 σὶν
2312 3026 2636 3101 ἀπέταντω]
2671 3028 2740 3083 τά
2764 3028 2877 3083 ἀνω
2904 3030 2999 3083 καὶ
3017 3030 3088 3085 τὰ
3141 3032 3293 3086 κάτω
3337 3050 3402 3085 πε
3415 3031 3776 3103 ρικαλύπτου-

2202 3136 2291 3173 σαι
2323 3119 2466 3190 μέρη
2489 3134 2504 3151 ⁸
2539 3121 2902 3192 σημαίνουσαι
2940 3123 3038 3192 μὲν
3081 3122 3171 3177 se;
3222 3122 3315 3177 τοῦ
3349 3124 3776 3196 ὑποδείγματος,

2198 3212 2282 3268 ὅτι
2313 3213 2409 3265 καὶ
2436 3214 2549 3275 τοῖς
2571 3213 2684 3267 ἀνω
2707 3214 2765 3267 ὲν
2815 3214 3052 3285 οὐρανῷ,
3085 3216 3181 3269 καὶ
3208 3218 3322 3281 τοῖς
3375 3218 3526 3272 κάτω
3558 3217 3654 3271 ἐπὶ
3670 3219 3774 3287 γῆς

2197 3304 2427 3376 ἀόρατον
2457 3306 2553 3359 καὶ
2573 3303 2901 3377 ἀπόκρυφον
2925 3308 3022 3361 καὶ
3051 3308 3578 3380 συγκεκαλυμμένον
3604 3310 3777 3381 ὑπάρ-

2198 3412 2284 3467 χει
2311 3396 2372 3450 τὸ
2393 3396 2492 3466 τῆς
2516 3395 2773 3467 θεότητος
2802 3400 3107 3471 μυστήριον
3131 3416 3148 3432 ·
3193 3400 3228 3472 ἢ
3280 3400 3421 3471 τάχα
3470 3400 3558 3455 διὰ
3614 3400 3776 3454 τοῦτο

2197 3489 2299 3555 τὰς
2328 3490 2504 3561 ἀρχὰς
2530 3495 2626 3545 καὶ
2651 3493 2721 3546 τά
2751 3493 2881 3563 τέλη
2913 3492 3149 3548 ἔσκεπον
3178 3494 3544 3558 διδάσκοντες,
3572 3496 3657 3549 ὅτι
3681 3495 3777 3547 καὶ

2198 3582 2267 3635 τά
2289 3582 2395 3653 πρὸ
2425 3583 2782 3647 καταϐάσεως
2813 3583 2909 3637 τοῦ
2935 3585 3111 3652 Λόγου
3135 3587 3229 3640 καὶ
3248 3585 3383 3639 Θεοῦ
3407 3588 3497 3640 καὶ
3533 3584 3773 3655 Χριστοῦ

2200 3672 2581 3744 ἀκατάληπτα,
2615 3673 2881 3739 ὡσαύτως
2908 3677 3003 3729 καὶ
3023 3677 3094 3730 τά
3147 3676 3287 3747 μετά
3309 3676 3408 3748 τὴν
3449 3677 3617 3731 αὐτοῦ
3648 3678 3779 3731 ἀνά-

2200 3765 2364 3835 ληψιν
2392 3783 2409 3802 σ
2449 3769 2565 3831 τοῖς
2588 3766 2648 3821 δὲ
2675 3768 2737 3821 ὲν
2765 3770 2832 3840 τῇ
2877 3768 3179 3840 σαρκώσει,
3218 3769 3406 3840 μέσοις
3430 3769 3633 3824 ὡσανεὶ
3650 3787 3778 3823 πτε-

2203 3859 2338 3930 ροῖς,
2381 3857 2716 3912 πιστεύουσα
2757 3858 2792 3929 ἡ
2829 3858 3146 3928 Ἐκκλησία,
3196 3862 3280 3924 είς
3314 3861 3544 3932 οὐρανὸν
3581 3862 3777 3931 ὑψιπε-

2200 3951 2285 4003 τεί
2308 3965 2323 3979 ο
2362 3949 2491 4014 ἴσως
2518 3949 2609 4004 διὰ
2643 3947 2739 4003 τοῦ
2802 3949 3206 4022 ὐποδείγματος
3257 3949 3361 4021 τῆς
3400 3951 3611 4021 σκέπης
3666 3950 3775 4004 τῶν

2204 4041 2525 4115 προσώπων
2555 4042 2653 4096 καὶ
2684 4042 2809 4111 τῶν,
2825 4041 3002 4095 ποδῶν
3030 4043 3207 4097 έκεῖνο
3263 4045 3397 4114 ἡμῖν
3448 4042 3776 4096 αἰνίττονται

2200 4135 2275 4190 τὰ
2303 4135 2543 4204 πανάγια
2574 4135 2846 4204 Σεραφὶμ,
2883 4134 2967 4188 ὅτι
2995 4134 3119 4187 οὔτε
3145 4133 3320 4206 ἀρχὴν
3352 4133 3475 4187 οῦτε
3506 4136 3659 4198 τέλος
3678 4135 3778 4205 τῆς

2204 4226 2355 4289 θείας
2405 4225 2621 4295 φύσεως
2649 4226 2785 4296 όρᾷν
2839 4224 3201 4298 ῆὲξευρεῖνή
3259 4227 3461 4279 ἐννοεῖν
3513 4225 3738 4280 δυνατόν
3761 4243 3776 4257 ο

2204 4319 2240 4387 ή
2278 4317 2377 4388 μὲν
2406 4319 2514 4387 γὰρ
2550 4314 2644 4370 τοῦ
2671 4315 2967 4387 προσώπου
2998 4317 3200 4388 σκέπη,
3233 4317 3296 4369 τὸ
3329 4317 3561 4387 ἀόρατον
3586 4318 3777 4388 ἐδήλου

2204 4410 2306 4480 τῆς
2330 4408 2588 4461 ἀκτίστου
2613 4411 2828 4477 φύσεως
2851 4423 2867 4438 ⁸
2904 4410 2937 4480 ή
2970 4407 3029 4461 δὲ
3081 4408 3191 4462 τῶν
3243 4408 3420 4463 ποδῶν
3476 4409 3668 4477 πάλιν,
3718 4409 3779 4464 τὸ

526 4487 840 4561 signiﬁcant
896 4493 1042 4549 baud
1073 4511 1237 4566 posse
1275 4513 1609 4570 quemquam
1660 4502 1772 4559 Deo
1824 4504 2095 4563 accedere

2201 4500 2505 4570 ἀπρόσιτον
2535 4501 2628 4555 καὶ
2652 4500 3123 4571 ἀπροσπέλαστον.

526 4593 623 4638 aut
656 4585 956 4657 propinqua
966 4603 1043 4643 re.

598 4676 655 4731 5.
690 4676 895 4737 Deinde
924 4680 1002 4737 ait
1030 4681 1190 4739 divus
1220 4685 1507 4755 propheta,
1538 4687 1769 4745 visionis
1797 4689 1959 4760 huius
1981 4707 2106 4762 spe-

526 4777 725 4834 ctalor,
756 4772 971 4841 plenam
1001 4772 1169 4831 fuisse
1185 4776 1409 4833 domum
1428 4779 1596 4850 gloria
1610 4781 1724 4838 Dei.
1759 4782 1933 4837 Notus
1956 4786 2104 4840 enim

529 4861 584 4915 in
617 4860 812 4918 Judwa
842 4864 1003 4930 Deus.
1033 4875 1089 4923 et
1128 4869 1272 4938 apud
1302 4869 1555 4927 larualem
1581 4875 1960 4931 tantummodo
1985 4893 2106 4930 ma-

528 4967 690 5021 gnum
722 4970 907 5011 nomen
936 4959 1050 5029 ejtts
1070 4958 1139 5016 “.
1177 4960 1283 5016 Sed
1321 4970 1499 5019 tamen
1528 4976 1716 5021 notum
1748 4974 1866 5021 erat
1902 4967 2107 5037 spiriti-

531 5042 637 5099 bus
662 5044 1142 5116 intellectualibus,
1194 5055 1439 5122 prasciis
1469 5063 1522 5111 et
1557 5056 1981 5126 perspicacibus,
2018 5059 2104 5114 in-

529 5136 865 5195 carnationis
897 5142 1248 5214 sedentisque
1281 5145 1334 5201 in
1363 5147 1562 5203 throno
1591 5146 1750 5203 Verbi
1777 5148 1870 5205 Dei
1903 5157 2106 5221 myste-

530 5223 675 5278 rium
708 5243 722 5280 :
752 5236 806 5282 et
826 5228 973 5298 quod
1002 5231 1073 5285 ab
1104 5232 1418 5292 hominibus
1445 5252 1545 5293 ceu
1589 5237 1754 5293 homo
1795 5241 2104 5297 cernendus

533 5315 693 5385 foret,
724 5330 781 5376 et
802 5321 1162 5395 incorporeus
1191 5329 1571 5398 corporandus
1593 5371 1608 5397 ,
1645 5341 1701 5387 et
1737 5333 1829 5401 qui
1860 5334 1942 5389 vel
1973 5334 2105 5401 ipsis

534 5410 993 5486 immaterialibus
1047 5418 1345 5475 invisibilis
1389 5430 1540 5488 erat,
1592 5424 1689 5479 abs
1731 5426 2104 5483 materialibus

531 5515 753 5574 quoque
780 5520 877 5576 per
913 5524 1135 5567 carnem
1165 5511 1555 5581 aspiciendus;
1593 5523 1757 5586 atque
1791 5516 2102 5573 universam

533 5605 733 5655 terram
751 5601 927 5672 gloria
950 5619 1049 5660 sua
1083 5613 1133 5661 et
1166 5604 1424 5663 laudibus
1452 5606 1843 5666 beneﬁciorum
1875 5627 2103 5668 suorum

610 5756 654 5786 δε
688 5751 792 5811 lsa.
820 5769 861 5826 ι,
895 5760 1198 5831 u,passim.
1337 5761 1385 5795 “
1425 5760 1569 5820 Psal.
1609 5778 1769 5833 μιν,
1806 5766 1861 5823 2.

2274 4677 2342 4732 ε’.
2375 4671 2511 4731 Εἶτά
2538 4691 2703 4746 φησιν
2725 4674 2755 4727 ό
2784 4673 2927 4751 θεῖος
2949 4674 3236 4745 προφήτης
3263 4675 3293 4728 ό
3316 4674 3491 4729 ταῦτα
3511 4675 3673 4747 όρῶν,
3698 4676 3779 4732 ὅτι

2206 4769 2301 4824 καὶ
2339 4768 2555 4839 πλήρης
2597 4769 2627 4821 ό
2671 4762 2823 4829 οῐκος
2863 4765 2963 4835 τῆς
2993 4764 3150 4836 δόξης
3180 4765 3275 4818 τοῦ
3305 4766 3463 4821 Θεοῦ.
3496 4768 3779 4834 Γνωτὸς

2205 4857 2286 4933 ἦν
2308 4863 2445 4917 τότε
2465 4860 2537 4914 ἐν
2564 4857 2642 4928 τῇ
2678 4856 2938 4924 Ἰουδαίᾳ
2969 4860 3002 4911 ὁ
3031 4856 3197 4923 Θεὸς,
3220 4858 3314 4911 καὶ
3337 4857 3409 4912 ἐν
3430 4858 3511 4924 τῷ
3541 4859 3781 4929 Ἰσραὴλ

2210 4954 2358 5025 μόνῳ
2397 4951 2554 5023 μέγα
2596 4951 2666 5005 τὸ
2713 4950 2903 5020 ὄνομα
2951 4948 3173 5003 αὑτοῦ·
3217 4950 3332 5003 ἀλλ’
3363 4952 3512 5021 ὅμως
3554 4948 3625 5023 ἦν
3671 4956 3783 5017 τοῖς

2208 5048 2417 5118 νοεροίς
2444 5043 2838 5116 προεωρακότα
2874 5042 2944 5098 τά
2977 5043 3262 5116 διορατικά
3289 5044 3351 5098 τὸ
3384 5046 3483 5115 τῆς
3507 5047 3780 5117 ὲνανθρωο

2209 5142 2430 5212 πήσεως
2471 5138 2638 5192 αὐτοῦ
2670 5136 2764 5189 ἐπὶ
2798 5136 2987 5208 θρόνου
3030 5135 3394 5207 καθεζομένου
3434 5137 3569 5190 Θεοῦ
3610 5138 3783 5205 Λόγου

2213 5234 2541 5305 μυστήριονο
2576 5230 2673 5285 καλ⁸
2698 5231 2782 5284 ὅτι
2813 5230 2905 5283 ἐπὶ
2929 5228 3032 5298 γῆς
3059 5228 3365 5299 ἀνθρώποις
3391 5229 3467 5292 ὡς
3497 5230 3783 5301 ἄνθρωπος

2214 5324 2397 5396 μέλλει
2422 5323 2775 5388 όπτάνεσθαι,
2803 5321 2896 5376 καὶ
2922 5323 2950 5374 ό
2982 5322 3221 5392 ἄσαρκος
3254 5319 3610 5391 σαρκοῦσθαι,
3635 5324 3729 5377 καὶ
3755 5325 3783 5376 ό

2212 5418 2394 5482 αὐτοῖς
2430 5418 2541 5480 τοῖς
2565 5414 2752 5479 ἀθλοις
2773 5415 3025 5485 ἀόρατος,
3060 5414 3155 5467 καὶ
3180 5416 3293 5476 τοῖς
3319 5415 3519 5478 ὑλικοίς
3543 5414 3784 5483 γίνεσθαι

2210 5510 2299 5564 διὰ
2326 5508 2526 5580 σαρκὸς
2560 5508 2753 5579 ὁρατός
2774 5523 2789 5538 '
2817 5508 2913 5561 καὶ
2946 5507 3189 5579 πληροῦν
3221 5508 3402 5562 πᾶσαν
3425 5508 3522 5580 τὴν
3553 5508 3659 5578 γῆν
3687 5508 3783 5578 τῆς

2209 5603 2369 5676 δόξης
2408 5604 2503 5659 καὶ
2531 5602 2631 5673 τῆς
2671 5602 2934 5668 αἰνέσεως
2965 5604 3054 5659 καὶ
3086 5602 3187 5675 τῆς
3219 5603 3442 5676 χάριτος
3469 5602 3636 5659 αὐτοῦ
3655 5619 3669 5635 ·
3698 5605 3783 5657 εκ-
