4050 6364
303 371 410 437 73⁸1

1208 324 1218 331 .
1261 378 1545 441 ORATIO
1581 380 1681 441 VI.
1702 403 1774 417 -
1805 378 1888 440 ΙΝ
1928 377 2260 440 SANCTOS
2294 380 2661 446 ANGELOS.

3468 393 3576 459 738

303 489 584 560 πλαγέντα
620 488 721 561 τὴν
743 487 1024 561 ἄφραστον
1057 491 1155 547 καὶ
1190 492 1581 565 ἀκατάληπτον
1612 494 1874 563 συγκατά·

2000 492 2332 563 repleturus.
2366 493 2605 566 ldeoque
2650 496 2869 553 attoniti
2907 498 2978 555 ob
3007 514 3129 557 eam
3157 501 3490 574 insperatam
3517 519 3575 564 et

305 584 489 647 ϐασιν,
530 583 626 639 καὶ
668 582 1028 655 θαυμάσαντα
1054 585 1158 657 τὴν
1189 587 1429 659 ἄρρητον
1465 589 1533 659 ἢν
1575 588 1656 652 είς
1679 585 1891 660 ἀνθρώ-

304 695 444 742 πους
478 676 703 748 ἔμελλεν
750 678 1125 733 ἐνδείκνυσθαι
1156 679 1258 753 τὴν
1286 680 1482 734 ἑαυτοῦ
1520 680 1888 751 ἀποκάλυψιν,

302 769 656 842 εὐχαριστίας
718 769 858 840 ὁμοῦ
918 771 1014 825 καὶ
1063 772 1381 844 ικπλήξεως
1437 773 1890 843 ἀνακεκράγεσαν

303 861 478 931 ὕμνον
524 861 820 932 βοήσαντα,
845 863 1073 934 Ἄγιος,
1111 863 1299 933 ἅγιος,
1331 863 1500 933 ἅγιος
1525 866 1741 933 Κύριος
1778 868 1889 919 Σα-

302 953 480 1021 ϐαὼθ,
522 954 763 1021 πλήρης
789 954 960 1010 πᾶσα
986 955 1025 1024 ἠ
1065 953 1141 1025 γῆ
1178 955 1289 1024 τῆς
1318 955 1505 1025 δόξης
1537 956 1755 1012 αὑτοῦ·
1788 957 1889 1028 τὴν

304 1045 609 1116 μέλλουσαν
635 1046 744 1100 τῶν
778 1046 1116 1115 Ἐκκλησιῶν
1135 1046 1292 1114 δόξαν
1314 1048 1729 1119 προφητεύοντα
1755 1052 1889 1121 Χρι-

303 1137 429 1190 στὸν
464 1137 537 1190 τά
564 1137 960 1209 μακαριώτατα
987 1139 1241 1211 Σεραφίμ
1262 1154 1279 1169 ·
1305 1139 1390 1194 διό
1416 1157 1582 1212 φησιν
1611 1141 1695 1195 ὅτι
1722 1141 1889 1213 ἐπλή-

302 1226 404 1297 σθη
442 1228 593 1281 πᾶσα
640 1228 676 1300 η
703 1229 776 1299 γῆ
810 1229 909 1299 τῆς
956 1228 1116 1299 δόξης
1151 1228 1354 1284 αὐτοῦ·
1389 1231 1492 1304 ὅρα
1543 1233 1598 1287 τί
1642 1234 1881 1303 γίνεται·

313 1318 593 1388 Ἐπήρθη,
629 1323 785 1392 φησὶ,
828 1320 896 1376 τὸ
941 1321 1281 1393 ὑπέρθυρον
1326 1325 1447 1381 ἀπὸ
1491 1326 1606 1395 τῆς
1651 1327 1882 1397 φωνῆς,

297 1412 579 1467 τουτέστιν
606 1414 822 1487 ἐπήρθη
853 1417 887 1487 ἡ
916 1415 1125 1473 ἀνωθεν
1155 1418 1455 1489 συνέχουσα
1475 1419 1566 1473 τὸν
1593 1419 1884 1475 Ἰουδαϊκὸν

298 1506 428 1560 ναὸν
460 1507 557 1560 καὶ
585 1506 714 1561 λαὸν
757 1506 936 1580 σκέπη
981 1511 1077 1564 κα)⁸
1102 1510 1408 1583 ἀντίληψις,
1444 1512 1541 1567 καὶ
1571 1511 1817 1585 ἐπλήσθη
1853 1514 1884 1568 6

295 1594 446 1662 οἶκος
471 1599 702 1666 καπνοῦ,
726 1600 894 1672 ἤγουν
921 1600 1258 1673 ἐρημώσεως
1276 1604 1372 1659 καὶ
1400 1605 1647 1672 σκότους,
1673 1605 1883 1679 πλάνης

298 1692 394 1743 καὶ
421 1678 735 1759 ἀγνωσίας·
768 1692 1065 1765 προσέχετε
1102 1696 1245 1766 μετὰ
1272 1697 1579 1771 ἀκρισείας,
1620 1678 1880 1769 παρακα-

293 1780 374 1835 λῶ
395 1800 410 1814 ·
441 1784 530 1836 ὅτε
563 1778 632 1855 ἦν
657 1785 691 1855 η
720 1784 793 1855 γῆ
820 1787 972 1840 πάσα
999 1785 1186 1853 ἄδοξος
1214 1789 1274 1843 ὲν
1294 1789 1470 1862 πλάνῃ
1492 1791 1587 1846 καὶ
1608 1791 1876 1865 ἀγνωσία,

1990 585 2605 653 incomprehensibilem
2623 590 3173 661 condescensionem,
3192 596 3570 670 mirantesque

1990 675 2321 734 inellahilem
2354 695 2518 745 quam
2552 681 2871 740 hominibus
2893 682 3134 740 Verbum
3156 684 3431 743 facturum
3455 705 3574 745 erat

1990 768 2190 825 suimet
2218 770 2635 839 revelationem,
2688 776 2989 845 gratiarum
3030 777 3194 832 simul
3222 788 3278 835 et
3326 782 3572 850 stuporis

1990 858 2251 930 hymnum
2304 865 2576 920 canebant
2613 867 2914 925 clamantes
2950 885 2965 921 :
3001 868 3231 927 Sanctus
3258 911 3276 938 ,
3328 884 3568 943 sanctus,

1989 960 2203 1004 sanctus
2220 949 2479 1007 Dominus
2501 954 2642 1010 Deus
2660 954 2916 1023 Sabaoth,
2943 960 3097 1029 plena
3124 971 3201 1016 est
3236 964 3405 1018 omnis
3427 974 3567 1021 terra

1988 1042 2160 1112 gloria
2182 1044 2297 1114 ejus
2322 1047 2403 1112 ";
2429 1046 2713 1104 Christum
2748 1050 3021 1117 videlicet,
3053 1054 3148 1124 qui
3172 1053 3427 1111 Ecclesiae
3457 1058 3571 1128 glo-

1988 1134 2069 1187 ria
2102 1132 2324 1191 futurus
2355 1144 2497 1205 erat,
2519 1136 2591 1192 ita
2623 1139 3061 1196 vaticinabantur
3084 1144 3383 1201 beatissimi
3409 1145 3571 1202 Sera-

1987 1222 2172 1291 phim;
2227 1224 2476 1292 idcirco,
2543 1227 2699 1283 aiunt
2750 1230 2967 1299 plenam
3022 1234 3332 1291 universam
3368 1246 3566 1293 terram

1986 1314 2157 1385 gloria
2212 1315 2388 1372 illius.
2428 1316 2559 1374 Vide
2621 1321 2749 1392 quid
2800 1321 3005 1378 factum
3044 1324 3133 1382 sit.
3175 1325 3455 1383 Elevatum
3490 1340 3567 1386 est

1985 1408 2387 1476 superliminare
2416 1428 2448 1464 a
2479 1428 2599 1467 voce
2622 1413 2969 1469 clamantium
2994 1415 3063 1485 “,
3097 1417 3150 1472 id
3173 1428 3257 1475 est
3287 1423 3565 1480 sublatum

1984 1497 2125 1563 fuit,
2182 1502 2329 1571 quod
2368 1499 2663 1560 Judaicum
2700 1506 2957 1577 templum
2992 1509 3360 1583 populumque
3395 1516 3566 1569 conti-

1984 1591 2150 1644 nebat
2180 1602 2395 1661 septum
2425 1602 2481 1648 et
2510 1601 2779 1663 tutamen,
2822 1606 2877 1652 et
2918 1598 3115 1654 domus
3158 1598 3309 1656 fumo
3337 1605 3563 1672 repleta,

1983 1680 2036 1735 id
2070 1690 2155 1737 est
2206 1682 2535 1751 solitudine,
2591 1687 2849 1752 tenebris,
2877 1702 3066 1744 errore
3097 1701 3153 1745 et
3184 1690 3423 1748 inscitia.
3463 1694 3563 1749 At—

1983 1774 2187 1830 tendite
2216 1776 2544 1849 diligenter,
2597 1793 2805 1849 quaeso.
2851 1778 3081 1847 Quando
3134 1783 3387 1839 universa
3420 1794 3564 1841 terra

293 1875 511 1947 πλήρης
530 1869 597 1947 ἦν
625 1877 654 1929 ό
682 1871 830 1941 οἶκος
853 1877 948 1931 τοῦ
978 1881 1107 1934 ναοῦ
1136 1879 1233 1934 τοῦ
1262 1855 1553 1936 Ἰουδαέκοῦ
1583 1855 1762 1953 δόξης·

1981 1867 2037 1923 in
2078 1868 2375 1937 ignominia
2403 1885 2594 1927 errore
2619 1881 2673 1927 et
2702 1871 2921 1927 inscitia
2950 1874 3296 1941 versabatur,
3321 1876 3562 1932 tuncJu-

291 1966 352 2021 δὶ
393 1971 544 2022 πάσα
575 1969 608 2037 ἡ
636 1971 707 2040 γῆ
742 1970 958 2043 πλήρης
1005 1972 1164 2041 δόξης
1212 1974 1702 2044 καὶκέπιγνώσεως
1740 1975 1878 2030 Θεοῦ

291 2060 508 2129 γέγονε,
543 2060 686 2116 Τότε
734 2066 768 2118 ό
817 2058 985 2130 οἶκος
1021 2064 1130 2119 τοῦ
1157 2066 1408 2135 Ἰσραὴλ
1452 2066 1734 2136 ἐπλήσθη
1775 2082 1880 2121 κα-

290 2153 474 2218 πνοῦ,
508 2154 826 2220 σϐεσθέντος
854 2156 1035 2222 αὐτοῖς
1064 2157 1161 2212 τοῦ
1193 2157 1422 2231 νομικοῦ
1463 2158 1656 2228 λύχνου
1686 2176 1700 2192 ·
1728 2161 1879 2223 ὅπως

292 2247 460 2315 φησὶν
488 2246 517 2299 ό
546 2247 800 2319 Χριστὸς,
832 2250 881 2302 οἱ
918 2250 994 2321 μὴ
1024 2248 1316 2320 βλέποντες
1348 2252 1531 2324 ἡμεῖς,
1564 2251 1876 2323 βλέψωμεν·

288 2340 341 2393 ol
388 2339 446 2393 δὲ
499 2340 787 2411 βλέποντες
845 2343 1110 2412 Ἰουδαῖοι,
1152 2344 1347 2415 τυφλοὶ
1387 2346 1658 2414 γένωνται
1677 2359 1691 2375 ⁸
1737 2344 1879 2401 ἀλλά

288 2432 465 2488 ταῦτα
501 2434 600 2503 μὲν
639 2433 891 2500 Ἡσαΐας.

364 2524 441 2589 ς’.
494 2524 724 2597 Ἰζεκιὴλ
773 2526 830 2581 δὲ
860 2526 1042 2596 πάλιν,
1066 2527 1096 2581 6
1128 2527 1266 2599 πρὸς
1292 2527 1570 2597 θεοπτίας,
1592 2530 1641 2584 εί
1669 2528 1765 2584 καί
1791 2547 1877 2595 τις

288 2615 475 2681 ἄλλος,
503 2618 595 2671 τὸν
630 2617 757 2672 νοῦν
784 2619 1106 2691 ἐπιτηδείως
1132 2620 1293 2692 ἔχων,
1326 2623 1388 2676 ού
1429 2623 1593 2693 μόνον
1618 2625 1701 2690 δὶς
1738 2625 1879 2682 ἀλλά

289 2708 649 2780 τετράμορφα
678 2707 793 2773 ζῶα
822 2710 950 2776 τοὺς
978 2712 1246 2767 ἀνωτάτω
1275 2712 1387 2767 τῶν
1424 2715 1733 2786 ἀσωμάτων
1773 2719 1875 2788 ἀγ-

290 2800 466 2868 γέλων
502 2800 813 2872 τεθεώρηκε
844 2801 993 2868 νόας,
1028 2802 1536 2873 προδιατυποῦντας
1578 2798 1733 2875 οἶμαι
1773 2823 1875 2860 σα-

290 2892 409 2962 φῶς
455 2894 548 2946 καὶ
591 2895 649 2947 ὲν
677 2893 863 2959 αὐτοῖς
888 2893 1356 2967 ὲνανθρωπήσεως
1384 2895 1479 2951 τοῦ
1523 2896 1875 2970 Ἐμμανουὴλ

291 2986 358 3038 ἐκ
409 2984 690 3055 Παρθένου
747 2987 1089 3058 μυστήριον·
1122 2988 1435 3061 περιείχετο
1483 2991 1595 3063 γὰρ
1652 2992 1710 3046 ὲν
1760 2993 1874 3054 τοῖς

289 3074 451 3140 ζώοις
482 3073 621 3141 εἶδος
659 3075 948 3148 ἀνθρώπου
975 3078 1071 3132 καὶ
1104 3080 1290 3151 σχῆμα
1319 3080 1445 3151 βοὸς
1468 3082 1564 3135 καὶ
1593 3081 1656 3135 τὸ
1682 3083 1873 3154 τρίτον

287 3166 525 3233 λέοντος,
566 3166 625 3221 τὸ
655 3168 700 3223 δ’
725 3167 1000 3241 ἀνώτερον
1024 3168 1256 3237 τούτοις,
1285 3170 1450 3225 ἀετοῦ
1469 3186 1486 3204 ·
1522 3172 1600 3238 ῶς
1639 3172 1747 3244 γάρ
1777 3174 1870 3229 ἀνα
1897 3194 1939 3253 c

288 3261 528 3333 θρωπος,
576 3260 793 3333 ἀληθῶς
840 3262 1015 3334 ἐφάνη
1068 3263 1161 3317 ἐπὶ
1208 3262 1313 3333 γῆς
1343 3263 1601 3337 Χριστὸς,
1635 3266 1665 3319 6
1702 3266 1873 3331 ὅντως

288 3352 425 3424 ὁμοῦ
469 3353 603 3419 Θεός
649 3371 709 3408 τε
756 3353 853 3409 καὶ
882 3354 1306 3427 άνθρωπος·ώς
1350 3354 1480 3425 βοῦς
1526 3357 1609 3420 είς
1654 3357 1872 3427 σφαγὴν

289 3445 429 3517 ὑπὲρ
454 3446 552 3516 τῆς
580 3444 676 3499 τοῦ
700 3444 908 3516 κόσμου
934 3446 1208 3518 σωτηρίας
1229 3460 1244 3475 ·
1272 3444 1350 3510 ὡς
1371 3444 1531 3511 λέων,
1558 3446 1785 3518 δυνάμει
1807 3448 1872 3502 ὲκ

287 3539 501 3610 νεκρῶν
530 3538 839 3610 ἐξεγερθεὶς
876 3538 1077 3610 ἀνέστη
1101 3555 1115 3570 ·
1157 3539 1234 3604 ὼς
1265 3538 1446 3605 ἀετὸς,
1487 3540 1566 3604 είς
1609 3540 1871 3610 οὐρανοὺς

287 3631 526 3702 ὑψωθεὶς
566 3630 847 3703 ἀνελήφθη
868 3647 882 3663 ·
918 3631 951 3703 ἢ
985 3632 1081 3686 καί⁸
1106 3631 1281 3697 οὕτως
1312 3631 1477 3687 πάλιν
1504 3631 1601 3686 ἐπὶ
1627 3631 1869 3703 Χριστοῦ

285 3723 590 3795 ὲκληπτέον
619 3723 687 3778 τά
708 3724 855 3789 ζῶα·
888 3724 1198 3794 ἄνθρωπος,
1234 3723 1311 3788 ὡς
1335 3714 1495 3792 λόγος
1527 3722 1746 3793 λογικὸς
1776 3724 1869 3778 καὶ

285 3814 450 3871 εἰκὼν
495 3814 590 3870 τοῦ
632 3815 767 3889 Θεοῦ
801 3817 897 3869 τοῦ
931 3815 1190 3888 ἀοράτου,
1223 3816 1311 3871 διά
1348 3815 1408 3870 τὺ
1432 3815 1531 3887 τῆς
1562 3814 1744 3887 ψυχῆς
1771 3816 1868 3871 καὶ

281 3907 377 3964 τοῦ
412 3907 506 3962 νοῦ
544 3908 727 3981 νοερὸν
761 3909 855 3965 καὶ
883 3909 1115 3981 ἀόρατον
1138 3924 1154 3939 ·
1186 3908 1336 3981 βοῦς,
1367 3909 1443 3973 ὠς
1473 3908 1699 3972 δυνατὸς
1726 3908 1865 3980 ἀρχ-

287 4003 467 4071 ιερεὺς
506 4002 604 4056 καὶ
641 4001 734 4056 τὸν
764 4001 928 4071 ζυγὸν
958 4000 1055 4056 τοῦ
1084 4000 1321 4071 σταυροῦ
1352 4000 1449 4054 ἐπὶ
1472 4000 1562 4055 τὸν
1592 3993 1743 4071 ὦμον
1771 3999 1868 4071 φέ-

287 4109 418 4163 ρων,
443 4094 540 4147 καὶ
557 4093 691 4163 ἡμῖν
714 4094 828 4157 τοῖς
855 4092 1072 4163 ἀλόγοις
1098 4094 1159 4147 ὲν
1180 4092 1260 4163 τῷ
1278 4092 1427 4164 τόκῳ
1448 4091 1867 4162 συμφατνιάσας

282 4186 342 4239 ὲν
370 4184 640 4256 Βηθλεὶμ,
671 4184 769 4239 καὶ⁵
814 4183 906 4240 τὸν
937 4185 1140 4256 σπόρον
1169 4183 1265 4238 τοῦ
1298 4182 1654 4253 εὐαγγελικοῦ
1704 4182 1864 4250 λόγου

282 4279 438 4353 πάσῃ
480 4282 550 4351 τῇ
592 4281 662 4351 γῇ
705 4278 1082 4351 κατασπείρας
1149 4278 1288 4334 λέων
1313 4277 1391 4341 ῶς
1422 4276 1674 4348 βασιλεὺς
1707 4275 1865 4348 ήμῶν

281 4369 394 4424 τῶν
434 4387 564 4424 ποτε
593 4369 802 4442 ἀγρίων
836 4370 932 4425 καὶ
962 4370 1257 4443 ἀνημέρων
1300 4370 1396 4425 καὶ
1425 4368 1739 4440 αίμοὸόρων
1769 4367 1864 4422 καὶ

284 4461 637 4535 σαρκοϐόρων
668 4462 994 4534 ἀκαθάρτων
1023 4463 1195 4518 ἐθνῶν
1222 4480 1235 4494 ·
1300 4463 1693 4519 Ἐδασίλευσε
1726 4465 1860 4537 γάρ,

1980 1964 2121 2019 daici
2156 1964 2341 2035 templi
2375 1964 2664 2021 aedilicium
2706 1967 2929 2035 plenum
2960 1967 3131 2038 gloria
3164 1968 3286 2025 fuit.
3331 1970 3563 2037 Quando

1985 2065 2171 2109 autem
2215 2056 2473 2111 universa
2503 2068 2644 2113 terra
2668 2057 2840 2127 gloria
2871 2072 2924 2114 et
2954 2057 3050 2114 Dei
3073 2060 3382 2131 cognitione
3402 2063 3560 2132 plena

1978 2148 2175 2212 evasit,
2213 2157 2345 2205 tunc
2368 2148 2559 2204 domus
2595 2149 2817 2207 lsraelis
2839 2151 2986 2222 fumo
3017 2151 3218 2222 repleta
3252 2162 3329 2208 est
3357 2154 3425 2220 δ’,
3464 2170 3565 2210 cx-

1978 2240 2183 2295 stincto
2225 2241 2358 2311 ipsis
2406 2241 2565 2313 legali
2596 2242 2965 2308 candelabro;
3007 2254 3090 2311 ut,
3131 2244 3275 2300 sicut
3307 2244 3563 2303 Christus

1977 2332 2116 2387 dixit
2143 2334 2211 2400 5°,
2258 2348 2361 2388 nos
2395 2344 2553 2389 antea
2592 2334 2730 2389 nihil
2770 2335 3017 2393 videntes
3042 2377 3059 2405 ,
3114 2338 3425 2395 videremus
3459 2358 3472 2395 :
3506 2349 3563 2397 et

1978 2426 2071 2496 qui
2109 2425 2367 2481 videbant
2398 2424 2593 2491 Judaei,
2620 2429 2747 2483 carci
2778 2428 2992 2484 tierent.
3027 2428 3305 2488 Hactenus
3330 2432 3520 2489 Isaias.

2048 2514 2101 2573 6.
2136 2518 2388 2573 Ezechiel
2421 2519 2550 2575 item
2578 2519 2649 2588 ",
2681 2520 2775 2591 qui
2810 2520 2877 2575 ad
2905 2521 2999 2577 Dei
3025 2522 3286 2592 visiones,
3322 2526 3368 2581 si
3407 2526 3562 2597 quis-
3608 2512 3611 2513 ν

1976 2624 2142 2692 quam
2175 2612 2340 2680 alius,
2367 2621 2603 2668 mentem
2654 2625 3028 2685 comparatam
3065 2615 3257 2673 habuit
3286 2657 3302 2681 ,
3340 2634 3447 2674 non
3501 2630 3560 2677 ut

1975 2703 2229 2759 biformia
2280 2716 2523 2774 tantum,
2581 2707 2679 2763 sed
2728 2718 2789 2762 ut
2836 2709 3233 2778 quadriformia
3277 2712 3555 2781 animalia,

1974 2812 2245 2868 supernas
2280 2799 2733 2870 incorporearum
2787 2802 3108 2871 angelorum
3162 2803 3294 2860 vidit
3321 2817 3557 2872 mentes,

1973 2890 2474 2962 praefigurantesmt
2495 2892 2943 2959 reor,manifeste
2967 2894 3052 2949 his
3073 2894 3267 2951 formis
3288 2896 3557 2954 incarnati

1972 2982 2028 3037 in
2065 2979 2291 3053 Virgine
2327 2979 2702 3040 Emmanuelis
2736 2985 3083 3056 mysterium.
3119 2984 3291 3042 Erant
3333 2988 3386 3043 in
3436 2991 3559 3045 ani-

1974 3071 2209 3128 malibus
2250 3071 2428 3127 forma
2464 3073 2725 3141 hominis,
2753 3073 2923 3146 figura
2951 3075 3110 3133 bovis
3142 3085 3309 3149 atque
3348 3079 3555 3148 leonis;

1973 3174 2029 3220 et
2054 3162 2141 3220 bis
2172 3162 2487 3232 sublimior,
2519 3166 2735 3236 aquilae.
2783 3165 3031 3240 Namque
3073 3178 3132 3226 ut
3178 3170 3343 3227 homo
3369 3214 3386 3241 ,
3431 3188 3559 3229 vero

1976 3256 2232 3327 apparuit
2285 3258 2340 3312 in
2386 3265 2533 3313 terra
2570 3257 2998 3331 Christus,-qui
3036 3276 3161 3318 vere
3208 3261 3353 3320 Deus
3390 3264 3557 3322 simul

1972 3360 2057 3407 est
2075 3360 2129 3406 et
2161 3350 2348 3406 homo.
2379 3348 2449 3405 Ut
2482 3349 2604 3417 bos,
2641 3351 2709 3406 ad
2744 3352 2947 3408 caedem
2983 3364 3207 3425 propter
3237 3356 3429 3412 mundi
3467 3373 3555 3413 sa-

1972 3443 2164 3499 lutem.
2216 3442 2284 3500 Ut
2306 3444 2425 3511 leo,
2462 3453 2712 3516 potenter
2750 3448 2811 3501 a'
2840 3447 3076 3504 mortuis
3120 3451 3442 3506 resurrexit.
3483 3447 3557 3506 Ut

1971 3538 2181 3606 aquila,
2224 3537 2278 3592 in
2307 3536 2509 3594 cmlum
2559 3536 2811 3594 sublimis
2863 3540 3205 3597 conscendit.
3255 3540 3350 3597 Vel
3396 3542 3557 3598 aliter

1970 3631 2137 3687 etiam
2168 3630 2237 3686 de
2257 3630 2477 3686 Christo
2510 3631 2836 3701 explicanda
2858 3640 2991 3687 sunt
3019 3632 3278 3688 animalia
3313 3650 3328 3687 :
3365 3633 3555 3701 homo,

1970 3730 2032 3778 ut
2059 3721 2297 3777 Verbum
2330 3722 2603 3779 rationale
2635 3731 2691 3777 et
2722 3723 2897 3793 imago
2925 3722 3017 3778 Dei
3060 3723 3385 3799 invisibilis,
3424 3741 3552 3795 pro-

1967 3824 2092 3886 pter
2119 3814 2318 3870 animze
2338 3827 2404 3870 ac
2435 3815 2638 3871 mentis
2670 3814 3094 3870 intellectualem
3127 3815 3234 3869 vim
3266 3825 3324 3871 et
3363 3816 3554 3872 invisi-

1967 3905 2133 3963 bilem
2161 3924 2174 3962 :
2207 3906 2327 3971 bos,
2363 3914 2426 3961 ut
2468 3915 2663 3976 potens
2716 3904 3015 3973 sacerdos,
3050 3915 3107 3962 et
3138 3907 3321 3963 crucis
3354 3907 3551 3979 jugum

1967 4000 2211 4055 humeris
2259 3996 2470 4064 ferens,
2518 4006 2575 4053 et
2621 3997 2914 4053 nobiscum
2971 4012 3073 4053 ceu
3108 3997 3549 4065 irrationalibus,

1965 4103 2159 4164 partus
2183 4099 2449 4162 tempore,
2470 4089 2614 4161 apud
2632 4088 3007 4146 Bethleemum
3042 4090 3096 4144 in
3125 4090 3355 4161 praesepi
3388 4106 3551 4163 repo-

1966 4185 2148 4249 situs,
2207 4197 2507 4253 semenque
2546 4180 2845 4251 evangelici
2882 4179 3033 4237 verbi
3085 4196 3181 4250 per
3238 4185 3551 4240 universam

1965 4286 2172 4333 terram
2207 4273 2599 4330 disseminatus.
2634 4270 2766 4339 Leo,
2794 4281 2855 4327 ut
2878 4286 2975 4327 rex
3006 4280 3226 4338 noster,
3273 4273 3367 4343 qui
3416 4282 3550 4334 tunc

1964 4380 2187 4423 eramus
2217 4365 2500 4422 silvestres
2532 4371 2585 4418 et
2617 4363 2744 4418 saevi
2779 4371 2833 4418 et
2865 4363 3267 4434 sanguinolenti
3316 4373 3371 4420 et
3425 4380 3549 4422 car-

1964 4463 2142 4519 nivori
2188 4461 2496 4531 impurique
2546 4458 3072 4529 ethnici:Regnauit
3123 4459 3312 4527 enim,
3363 4460 3542 4532 inquit

282 4556 470 4625 φησὶν,
493 4558 528 4610 ό
548 4556 692 4623 Θεὸς
717 4556 816 4611 ἐπὶ
848 4557 921 4611 τὰ
948 4555 1126 4624 ἔθνη·
1153 4557 1215 4610 ού
1250 4557 1409 4627 μόνον
1439 4556 1496 4610 δὲ
1525 4556 1663 4611 λέων
1688 4560 1717 4612 6
1742 4558 1869 4629 Χρι-

1975 4555 2283 4628 Scriptura,
2320 4554 2460 4609 Deus
2489 4569 2645 4623 super
2663 4561 2844 4623 gentes
2872 4551 2939 4607 ⁸⁸.
2988 4549 3177 4623 Neque
3222 4551 3306 4607 leo
3334 4561 3544 4609 tantum

283 4650 432 4716 στδς,
456 4649 594 4704 ἀλλά
616 4650 713 4704 καὶ
740 4651 980 4721 σκύμνος
1001 4650 1235 4715 λέοντος,
1266 4649 1342 4715 ῶς
1374 4667 1508 4722 φησι
1539 4650 1670 4721 περὶ
1698 4649 1867 4705 αὐτοῦ

293 4740 513 4807 Ἰακὼϐ,
547 4742 797 4797 τουτέστι
845 4743 1117 4813 βασιλέως
1162 4742 1299 4808 υίὸς,
1334 4744 1401 4797 ἐκ
1432 4741 1718 4812 βασιλικοῦ
1760 4759 1869 4798 πα-

278 4835 409 4906 τρὸς
434 4833 741 4905 προελθών·
765 4834 846 4889 διδ
869 4825 966 4889 καὶ
991 4834 1149 4899 ἀετὸς
1178 4834 1256 4900 ῶς
1286 4834 1540 4907 βασιλεὺς
1564 4833 1676 4889 τῶν
1700 4835 1868 4906 ούρα-

278 4926 408 4980 νίων
448 4926 712 4981 πετεινῶν
756 4925 1077 4999 πτερωτῶν,
1107 4928 1313 4999 νοερῶν
1356 4926 1666 4997 ἀγγελικῶν
1695 4926 1868 4995 ἁγίων

276 5018 594 5089 δυνάμεων·
628 5017 949 5091 πτερωτῶν,
981 5018 1058 5083 ῶς
1108 5017 1267 5089 ήμῶν
1323 5020 1432 5073 τῶν
1484 5018 1581 5073 τοῦ
1621 5017 1860 5091 Χριστοῦ

276 5111 510 5164 νεοττῶν
568 5110 953 5166 σκεπαστικῶν
1027 5111 1205 5167 οὐσῶν
1276 5112 1372 5167 καὶ
1431 5112 1818 5184 φρουρητικῶν
1842 5126 1857 5142 ·

275 5202 597 5274 πτερωτῶν,
627 5202 704 5268 ὡς
746 5204 1050 5276 εὐκινήτων
1096 5206 1192 5260 καὶ
1228 5204 1339 5258 τῶν
1378 5204 1584 5274 γηΐνων
1637 5205 1859 5260 πάντων

276 5293 626 5366 ὑψηλοτέρως
665 5294 901 5365 ἑχόντων
923 5311 940 5329 ·
966 5293 1285 5365 πτερωτῶν,
1320 5293 1396 5358 ὡς
1421 5292 1500 5364 τῷ
1534 5292 1664 5364 θείῳ
1692 5292 1857 5363 ἔρωτι

275 5387 603 5453 ἀεικινήτως
635 5385 730 5439 καὶ
757 5384 1072 5455 ἀκορίστως
1116 5386 1349 5456 ἑχόντων
1368 5401 1384 5417 ·
1424 5383 1854 5456 πολυομμάτων,

277 5479 349 5541 ὼς
384 5477 465 5550 τῷ
498 5478 631 5549 θείῳ
662 5479 804 5549 φωτὶ
834 5479 1108 5543 πλουσίως
1138 5478 1586 5550 ὲλλαμπομένων,
1626 5478 1724 5533 καὶ
1756 5476 1861 5532 ὑπό

274 5586 419 5635 τινος
459 5569 594 5643 ὕλης
629 5571 766 5643 πρὸς
800 5570 1036 5645 θεωρίαν
1063 5570 1166 5627 οὐκ
1204 5570 1709 5643 ἀντισκοτουμένων
1730 5586 1745 5602 ·
1775 5570 1858 5626 διὸ

345 5777 387 5809 ⁸⁷
420 5778 523 5834 lsa.
557 5779 714 5846 “,4.
792 5779 837 5813 ⁸⁸
877 5778 1011 5835 ibid.
1047 5777 1102 5833 5.
1176 5776 1224 5810 "
1249 5776 1384 5833 ibid.
1438 5778 1484 5811 '°
1524 5774 1717 5833 Matth.
1751 5790 1875 5843 xm,
1904 5775 1994 5832 M.
2070 5774 2114 5807 ⁸¹
2159 5772 2363 5832 Ezech.
2399 5787 2435 5841 ι,
2467 5772 2491 5826 1
2528 5785 2683 5841 seqq.

281 5862 425 5915 lux,
469 5851 525 5905 9.

1962 4649 2234 4712 Christus,
2257 4660 2449 4701 verum
2484 4646 2650 4698 etiam
2678 4644 2852 4697 leonis
2886 4641 3119 4707 catulus,
3165 4652 3225 4696 ut
3251 4642 3327 4696 ait
3355 4643 3422 4697 de
3452 4642 3550 4697 illo

1962 4738 2205 4796 Jacobus
2232 4737 2319 4804 ⁸³;
2349 4736 2402 4792 id
2446 4746 2530 4791 est
2555 4735 2700 4807 regis
2729 4733 2895 4799 filius,
2926 4749 2989 4788 es
3034 4734 3201 4804 regali
3235 4742 3391 4805 patre
3420 4749 3550 4803 pro-

1964 4831 2187 4889 cedens.
2228 4827 2357 4884 ldeo
2382 4829 2546 4884 etiam
2586 4826 2795 4897 aquila,
2826 4833 2888 4880 ut
2919 4823 3227 4881 cmlestium
3261 4824 3547 4881 volucrum

1964 4926 2235 4981 alatorum
2268 4936 2387 4990 rex,
2432 4920 2487 4976 id
2526 4928 2612 4975 est
2639 4917 3007 4989 angelicarum
3030 4956 3045 4982 ,
3094 4916 3546 4974 intellectualium

1964 5031 2028 5072 ac
2057 5026 2371 5071 sanctarum
2391 5018 2742 5083 potestatum.
2795 5010 2986 5065 Alatos
3010 5008 3162 5075 dicit,
3184 5022 3283 5064 ceu
3308 5024 3434 5077 nos,
3455 5012 3546 5081 qui

1962 5108 2168 5164 Christi
2203 5090 2397 5163 sumus
2424 5105 2579 5174 pulli,
2603 5110 2959 5174 contegentes
2997 5116 3063 5157 ac
3110 5109 3355 5158 tutantes
3385 5120 3399 5158 :
3434 5103 3549 5158 ala-

1964 5212 2069 5268 tos,
2101 5210 2160 5256 ut
2178 5201 2371 5273 agiles,
2393 5207 2449 5254 et
2472 5212 2639 5269 supra
2662 5204 2875 5252 terrena
2900 5195 3084 5251 omnia
3125 5194 3234 5251 alte
3259 5194 3542 5252 volantes:

1961 5297 2158 5362 alatos,
2194 5304 2256 5351 ut
2282 5294 2468 5350 divino
2501 5306 2689 5347 amore
2735 5290 3077 5346 incessanter
3120 5297 3178 5345 et
3216 5289 3337 5344 sine
3381 5291 3546 5344 satie-

1962 5398 2072 5444 tate
2097 5386 2363 5443 fruentes.
2405 5384 2755 5440 Multioculos
2788 5397 3010 5453 quoque
3041 5380 3196 5450 dicit,
3223 5396 3325 5437 ceu
3355 5380 3546 5435 divino

1969 5479 2178 5535 lumine
2228 5477 2574 5534 abundanter
2621 5474 2965 5541 illustratos,
3006 5472 3267 5542 nullaque
3316 5471 3542 5525 materia

1964 5574 2261 5645 quominus
2307 5569 2745 5641 contemplentur
2786 5565 3106 5624 infuscatos.
3157 5564 3284 5621 ldeo
3317 5563 3545 5634 spiritus

2764 5768 2810 5800 ’ί
2838 5764 2982 5821 Psal.
3049 5778 3195 5831 sui,
3227 5762 3281 5817 9.
3324 5761 3369 5793 ⁵³
3402 5759 3542 5818 Cen.
