4050 6364
529 391 642 458 739
1721 365 1779 449 's.
1816 383 2212 447 THEODORI
2249 376 2594 449 STUDITE
2699 379 2706 384 ’
3687 361 3795 455 7m

533 505 698 562 etiam
722 501 1004 566 dicuntur,
1035 505 1098 556 ut
1128 495 1523 554 immateriales
1546 533 1563 562 .
1593 493 1928 564 incorporei,
1961 490 2106 548 invi-
2135 525 2145 554 ι

2245 493 2301 546 αὶ
2361 494 2656 565 πνεύματα
2719 495 2992 566 λέγονται.
3048 497 3127 565 ὡς
3179 499 3318 557 ἆῦλα
3377 505 3475 560 καὶ
3523 507 3791 584 ἀσώματα

534 596 746 662 sibiles,
789 593 1153 658 immortales,
1179 591 1325 646 haud
1353 589 1528 646 crassi
1557 586 1652 644 sed
1683 586 1862 652 aerei,
1894 585 2108 658 gratiae-

2248 585 2306 638 αὶ
2369 585 2579 658 ἀόρατα
2637 589 2735 643 καὶ
2798 591 3200 668 ἀναψηλάφητα
3253 599 3349 654 καὶ
3396 602 3644 660 ἀθάνατα
3697 611 3794 664 καὶ

536 701 646 759 que
675 683 939 743 beneﬁcio
971 681 1414 754 incorruptibiles
1451 688 1507 736 et
1547 677 2038 748 inexstinguibiles.

2249 677 2400 823 xxi;
2433 679 2529 732 καὶ
2555 680 2717 750 ἀέρια
2745 682 2880 754 (li),
2917 686 3016 740 καὶ
3070 687 3255 760 χάριτι
3306 692 3564 767 ἄφθαρτά
3598 715 3660 753 τε
3699 704 3795 756 καὶ

2244 809 2247 818 ,
2339 785 2367 822 ε
2407 786 2499 823 ea.

2339 785 2499 840 ευρα.

589 879 664 946 ~'2.
693 880 828 935 Rem
857 877 952 934 tibi
977 875 1308 949 persuadeat
1349 876 1516 932 etiam
1551 875 1640 932 ille
1673 876 1900 948 angelus
1923 875 2113 931 Domi-

2283 860 2352 925 ζ’.
2382 864 2492 918 Καὶ
2521 865 2756 922 πειθέτω
2790 887 2850 924 σε
2878 872 2907 926 ό
2949 873 3181 944 ἄγγελος
3238 880 3445 954 Κυρίου
3497 885 3579 952 είς
3631 887 3795 946 αὑτοῦ

537 974 618 1039 ni,
657 971 752 1042 qui
785 985 913 1027 cum
946 971 1123 1040 ipsius
1144 969 1354 1026 Domini
1392 969 1575 1039 specie
1600 969 1834 1024 venitad
1860 969 2114 1022 Azariam

2247 954 2309 1008 οῦ
2331 957 2541 1051 κυρίου
2565 963 2951 1029 συγκατελθὼν
2971 967 3030 1021 τὸ
3049 964 3188 1036 εἶδος
3203 974 3316 1038 τοῖς
3343 975 3476 1048 περὶ
3509 979 3564 1031 ’Δ
3575 979 3791 1051 ζαρίαν,

539 1068 778 1138 ejusque
813 1066 994 1122 socios
1023 1065 1103 1132 ἐς
1159 1065 1205 1120 is
1257 1063 1351 1134 qui
1384 1077 1508 1119 cum
1544 1063 1614 1119 sit
1643 1062 1835 1134 igneus
1866 1062 2113 1131 spiritus,

2267 1045 2626 1141 πυρέμψυχος
2649 1052 2742 1104 καὶ
2770 1053 2872 1124 τὴν
2900 1055 3081 1127 πυρὰν
3106 1057 3318 1130 ψύχων,
3384 1044 3431 1118 δ’
3464 1044 3798 1141 δροσοφόρον

541 1137 736 1232 rogum
776 1157 1091 1230 frigeiecit;
1131 1155 1226 1228 qui
1257 1155 1400 1211 roris
1430 1155 1613 1226 potius
1652 1169 1816 1226 quam
1864 1153 2006 1224 ignis
2039 1151 2118 1208 fe-

2244 1138 2341 1192 ιντὶ
2376 1141 2660 1232 πυρφόρου
2719 1145 3060 1212 ἁποτελέσας
3107 1149 3210 1222 τήν
3245 1153 3418 1224 φλόγα
3441 1173 3457 1189 °
3490 1137 3554 1212 τὸ
3699 1137 3798 1218 τοῦ

541 1229 726 1307 racem
758 1249 1035 1324 ﬂammam
1069 1247 1265 1304 ell‘ecit.
1299 1246 1564 1318 Quodque
1595 1247 1858 1304 miraculo
1888 1246 2118 1302 mirabi-

2244 1229 2534 1324 παραδόξου
2579 1234 3036 1308 παραδοξότερον,
3069 1241 3152 1295 ὅτι
3180 1242 3274 1308 οὓς
3311 1245 3412 1316 μὲν
3441 1247 3591 1304 ἔνδον
3619 1252 3698 1318 ὡς
3738 1257 3797 1308 ἐν

543 1341 649 1398 lius
672 1351 774 1408 est,
811 1354 906 1396 eos
921 1323 1060 1410 quos
1086 1339 1226 1393 intra
1258 1347 1500 1394 ventrem
1532 1337 1748 1392 ﬂamma
1772 1343 2116 1408 conceperat,

2244 1323 2428 1393 ταστρὶ
2459 1325 2810 1400 συνέλαϐενή
2843 1329 2995 1398 φλὸξ,
3021 1331 3338 1406 ἀπεκύησεν
3365 1339 3628 1408 ἀϐλαϐεῖς
3658 1361 3675 1378 ο
3705 1345 3800 1413 οὓς

542 1435 754 1507 peperit
787 1433 1028 1489 illaesos:
1056 1433 1146 1502 qui
1182 1443 1359 1486 autem
1391 1442 1544 1486 extra
1597 1446 1760 1486 suum
1799 1439 2118 1498 conceptum

2244 1413 2278 1467 ἑὲ
2301 1414 2460 1507 sm;
2504 1417 2888 1491 ἀσυλλήπτους
2910 1422 3050 1494 ἀμφ’
3099 1426 3272 1498 αὐτὴν
3327 1435 3628 1504 περιεῖχεν,
3679 1412 3801 1492 έλυέ

543 1504 735 1590 erant,
771 1539 869 1580 eos
913 1534 973 1577 ut
1015 1523 1214 1592 impios
1250 1520 1642 1590 pessumdedit.
1691 1517 1804 1574 Hoc
1859 1519 2119 1574 nimirum

2244 1504 2448 1559 ιαίνετο
2487 1509 2706 1574 ἀσεϐεῖς
2731 1525 2746 1540 θ
2793 1511 2955 1568 τοῦτο
2995 1517 3170 1588 ῥοπῆς
3189 1518 3341 1585 θείας
3387 1522 3670 1595 δυνάμεως
3702 1529 3802 1597 ἀγ·-

545 1618 746 1672 divinae
769 1614 985 1670 virtutis
1015 1614 1202 1679 robur,
1259 1611 1436 1682 angeli
1496 1613 1739 1682 potentia
1800 1611 2122 1678 fortissima,

2244 1599 2384 1667 (€100
2412 1601 2630 1668 ἐξουσία
2659 1606 2946 1678 παναλκὴς
2972 1609 3074 1688 καὶ.
3095 1609 3269 1677 οὕτως
3293 1615 3576 1686 ῥωμαλέοι,
3607 1619 3683 1683 ὡς
3705 1622 3803 1676 καὶ

547 1709 791 1776 adeoque
821 1705 996 1759 valida
1023 1712 1082 1758 ut
1115 1704 1427 1756 universum
1455 1701 1718 1757 mundum
1758 1715 1866 1756 uno
1913 1709 2126 1770 tempo-

2244 1693 2450 1763 ιόσμον-
2483 1695 2605 1751 ὅλον
2657 1697 2718 1750 ὲν
2777 1698 3058 1774 ἀκαριαίῳ
3111 1703 3384 1778 δυναμένη
3448 1709 3801 1782 όλοθρεύεινο

548 1800 626 1855 ris
659 1803 862 1868 puncto
885 1796 1058 1866 possit
1088 1794 1442 1864 pessumdare
1515 1793 1692 1849 Testis
1725 1790 2124 1859 Senacherimi,

2244 1784 2324 1878 cal
2349 1786 2558 1878 μάρτυς
2582 1788 2616 1858 ή
2648 1789 2792 1842 κατὰ
2819 1791 3130 1864 Σεναχερὶμ
3181 1795 3300 1860 ἑνὸς
3353 1799 3592 1869 ἀγγέλου
3655 1803 3802 1860 θείου

547 1905 646 1960 per
675 1901 841 1966 unum
869 1886 1146 1956 angelum,
1175 1882 1468 1939 Cbaldaica
1501 1892 1766 1938 nocturna
1784 1883 1985 1950 clades,
2018 1898 2126 1952 qua

2244 1876 2508 1950 Καλδαῖκὴ
2540 1881 2896 1954 νυκτολεθρία
2937 1884 3151 1955 θνῆσις,
3202 1887 3446 1962 ἀψοφητὶ
3489 1895 3687 1948 ὲκατδν
3707 1897 3803 1966 ὀγ-

550 1992 770 2036 centum
797 1979 1073 2048 octoginta
1102 1977 1345 2047 quinque
1389 1977 1618 2030 millium
1651 1976 1940 2032 multitudo
1969 1979 2130 2034 tacite

550 2085 607 2129 et
631 2073 837 2141 absque
863 2070 1043 2142 gladio
1073 2069 1354 2124 interfecta
1381 2067 1483 2124 iuit
1505 2069 1553 2103 ⁸⁸
1578 2086 1592 2123 :
1621 2069 1766 2139 quod
1793 2078 1854 2124 ut
1875 2085 2020 2126 nunc
2041 2079 2130 2127 ce-

551 2166 776 2222 lerrime
801 2163 869 2219 de
893 2163 1258 2234 praesentibus
1289 2176 1508 2233 quoque
1523 2160 1792 2220 Chaldaeis
1817 2164 1931 2228 ﬁat,
1961 2162 2127 2220 Deum

558 2272 842 2327 rugamus.
875 2255 1006 2312 item
1030 2255 1328 2310 translatus
1348 2255 1484 2309 satis
1504 2254 1694 2310 leviter
1724 2253 1827 2312 fuit
1850 2258 1919 2313 ab
1937 2257 2131 2328 angelo

553 2350 905 2408 immateriali
958 2348 1254 2404 materialis
1299 2362 1640 2419 carneusque
1684 2347 2008 2405 Habacucus
2063 2351 2133 2404 de

556 2443 862 2500 Jerusalem
915 2442 1116 2497 ﬁnibus
1150 2439 1478 2513 Babylonem
1515 2457 1707 2512 usque,
1737 2441 1918 2496 cibum
1952 2440 2132 2496 ferens

553 2539 820 2610 propheta
853 2534 1026 2591 sodali
1085 2548 1187 2590 suo
1233 2533 1512 2606 prophetae
1553 2534 1760 2590 Danieli
1785 2577 1800 2603 ,
1849 2535 1943 2607 qui
1980 2536 2133 2591 lacus

561 2643 784 2686 carcere
801 2626 1147 2682 detinebatur
1175 2645 1188 2682 :
1226 2628 1618 2697 ingressusque
1640 2635 1725 2682 est
1747 2627 1876 2682 illuc
1901 2635 1960 2682 et
1978 2626 2136 2682 rediit

555 2720 849 2777 incolumis
864 2717 935 2784 ⁸⁸,
959 2719 1030 2774 ob
1064 2719 1401 2790 ﬁgurandam
1423 2717 1626 2774 Christi
1665 2719 2019 2789 sepulturam,
2059 2719 2137 2774 la-

557 2829 656 2870 cus
687 2813 863 2884 sigilla
894 2813 1097 2868 intacta
1130 2825 1460 2867 conservans
1490 2829 1505 2866 :
1537 2820 1598 2866 ut
1621 2811 1762 2868 sicut
1793 2811 2044 2868 Christus
2069 2828 2134 2869 ex

560 2913 739 2962 morte
771 2903 1097 2974 inferisque,
1135 2903 1216 2958 sic
1243 2902 1404 2958 etiam
1438 2903 1701 2973 propheta
1743 2917 1811 2956 ex
1857 2900 1990 2957 leris
2039 2917 2136 2957 an-

562 2995 955 3068 tbropopliagis
987 2995 1193 3050 rediret
1235 2995 1562 3062 incolumis,
1617 2995 1907 3049 demittens
1956 2995 2136 3064 potius

2225 1964 2492 2038 δοήκοντα
2513 1970 2675 2024 πέντε
2707 1973 2964 2043 χιλιάδων
2990 1977 3203 2049 πληθὺν
3233 1980 3389 2050 ἀξιφὶ
3417 1964 3802 2041 θανατώσασσ·

2226 2059 2262 2130 ἡ
2299 2061 2364 2132 δὴ
2394 2062 2625 2133 τάχιστα
2655 2065 2750 2119 καὶ
2773 2066 2868 2121 νῦν
2881 2069 3156 2126 τελεῖσθαι
3183 2075 3375 2139 ἐντοῖς
3407 2079 3641 2150 παροῦσι
3664 2083 3807 2136 Χαλ-

2227 2151 2400 2218 δαίοις
2433 2155 2544 2225 (i2)
2573 2156 2708 2211 Θεὸν
2751 2159 3098 2233 ίκετεύομεν·
3142 2169 3536 2240 μετεκομίζετο
3592 2173 3652 2226 δὲ
3713 2177 3806 2231 καὶ

2230 2244 2447 2314 κούφως
2486 2246 2592 2300 ὑπὸ
2613 2251 2912 2318 ἀγγελικοῦ
2941 2254 3111 2308 ἀΰλου
3139 2256 3168 2310 δ
3229 2257 3417 2324 ἔνυλός
3447 2279 3506 2316 τε
3551 2266 3649 2320 καὶ
3679 2285 3807 2338 σαρ-

2231 2338 2466 2427 κοφόρος
2505 2339 2820 2414 Ἀδδακοὺμ
2845 2344 2907 2412 ὲξ
2933 2346 3100 2417 ὁρίων
3144 2347 3501 2424 Ἰερουσαλήμ
3531 2358 3671 2427 πρὸς
3699 2360 3806 2414 Βα-

2232 2426 2470 2524 θυλῷνα,
2495 2431 2896 2504 ἐπιφερόμενος
2927 2437 2957 2490 ὁ
2983 2441 3273 2512 προφήτης
3300 2443 3384 2512 τῷ
3435 2451 3808 2524 συμπροφήτῃ

2231 2520 2430 2592 Δανιὴλ
2463 2525 2931 2612 τροφὴν,ξλάκκου
2963 2535 3180 2606 φρουρᾷ
3201 2535 3324 2589 τότε
3355 2537 3680 2611 ὑπάρχοντι,

2231 2613 2405 2684 εἰσῄει
2435 2615 2571 2685 ὁμοῦ
2605 2617 2700 2672 καὶ
2731 2619 2884 2692 ἐξῄει
2909 2624 3258 2693 ἀλυμάντως,
3290 2629 3372 2694 είς
3430 2632 3674 2702 Χριστοῦ
3715 2639 3811 2691 τά·

2236 2721 2338 2774 φου
2368 2705 2540 2761 τύπον
2570 2709 2874 2780 τηροῦντας
2913 2715 3236 2783 ὲνλακκίους
3277 2725 3581 2792 σφραγῖδας
3602 2741 3619 2758 ο
3649 2726 3718 2780 ἶν’
3737 2729 3810 2792 ὡς

2235 2799 2302 2850 ὲκ
2325 2799 2560 2891 θανάτου
2589 2805 2682 2856 καὶ
2715 2803 2844 2876 ᾅδου
2868 2807 3126 2878 Χριστὸς,
3166 2811 3364 2888 ἀνέλθῃ
3399 2816 3495 2870 καὶ
3524 2823 3812 2891 προφήτης

2239 2889 2434 2955 σωθεὶς
2463 2894 2528 2946 ὲκ
2559 2893 2743 2965 θηρῶν
2789 2899 3162 2974 ἁνδρολέθρων
3221 2906 3526 2978 ἀντιχαλῶν
3588 2911 3668 2982 τῷ
3714 2889 3814 2984 ᾅδῃ

2235 2985 2364 3047 τοὺς
2393 2985 2553 3039 αὑτὸν
2581 2988 2642 3041 ἐν
2669 2988 2748 3058 τῷ
2779 2990 2882 3064 ᾄδῃ
2915 2994 3354 3064 κατενέγκαντας
3377 3013 3393 3030 ⁶
3443 2999 3699 3074 καθάπερ
3726 3005 3816 3057 ἐπὶ

561 3103 692 3145 orco
742 3103 838 3144 eos
893 3085 988 3158 qui
1021 3086 1199 3157 ipsum
1259 3084 1326 3140 ad
1384 3099 1576 3140 orcum
1626 3085 1951 3141 detulerant.
1981 3083 2138 3140 Sicut

2244 3075 2348 3129 τῶν
2381 3077 2686 3146 Χαλδαίων,
2721 3082 2990 3148 ίσοτύπως
3021 3087 3318 3157 γεγένηται
3341 3089 3482 3164 αὕτη
3514 3093 3547 3164 ή
3581 3093 3683 3163 τῆς
3708 3095 3815 3166 ψή-

562 3189 758 3237 contra
808 3177 1128 3242 Chaldaeos,
1181 3174 1252 3230 ita
1293 3176 1394 3230 hoc
1440 3175 1670 3247 contigit
1695 3177 1899 3232 decreti
1939 3175 2029 3232 Dei
2060 3179 2139 3232 in-

2244 3183 2344 3236 φου
2381 3168 2517 3222 Θεοῦ
2545 3171 2841 3238 ἀδέκαστος
2870 3174 3018 3247 δίκη,
3046 3176 3158 3233 Τοῦ
3184 3181 3504 3251 ποιοῦντος
3528 3185 3672 3252 τοὺς
3723 3187 3820 3256 dr-

563 3279 882 3339 corruptum
903 3265 1197 3337 judicium,
1222 3265 1314 3335 qui
1343 3264 1472 3334 facit
1505 3265 1716 3333 angelos
1744 3281 1867 3322 suos
1896 3268 2138 3338 spiritus,

565 3371 616 3416 et
643 3359 918 3414 ministros
945 3371 1067 3411 suos
1089 3357 1261 3426 ignem
1294 3354 1565 3410 ardentem
1581 3355 1662 3423 "';
1687 3366 1850 3427 prout
1886 3357 1939 3411 in
1971 3357 2142 3414 sacris

566 3450 791 3508 Litteris
829 3448 972 3504 beati
1003 3447 1181 3518 angeli
1208 3463 1349 3518 saepe
1377 3448 1763 3514 nominantur,
1803 3463 1900 3504 ceu
1951 3451 2145 3504 Imma-

569 3557 762 3598 narum
799 3539 1118 3612 passionum
1140 3547 1481 3608 purgatorcs,
1503 3537 1850 3592 amburentes
1873 3537 2146 3607 Castigan-
2215 3543 2218 3545 λ

569 3646 765 3705 tesque
810 3645 932 3702 qua:
969 3630 1225 3686 suntDeo
1252 3629 1546 3697 contraria,
1573 3630 1858 3701 lucemque
1880 3631 2143 3686 obscura-

567 3727 640 3784 tis
675 3722 1000 3780 mortalibus
1040 3723 1433 3792 impertientes.

641 3815 698 3873 8.
741 3815 1020 3887 Equorum
1049 3829 1269 3886 quoque
1308 3815 1498 3886 ﬁguris
1535 3822 2025 3886 repraesentantur,
2085 3821 2146 3868 ut

535 3909 866 3966 "Zacharias
912 3907 988 3962 ait
1028 3907 1097 3972 ⁸⁸,
1145 3908 1274 3977 quia
1330 3921 1420 3962 res
1475 3906 1662 3962 divina
1711 3905 1966 3976 quaelibet
2000 3905 2145 3960 facili

569 4019 730 4060 cursu
763 4004 954 4058 utitur.
991 3999 1122 4056 Item
1151 4000 1311 4072 quasi
1337 4000 1510 4072 igneae
1540 4009 1672 4057 rota:
1717 3999 1818 4056 visi
1866 4010 2014 4064 sum,
2045 4015 2146 4055 ceu

568 4097 663 4169 qui
699 4096 977 4152 caelestem
1009 4093 1280 4164 sphaeram
1313 4095 1655 4149 circumeunt
1699 4093 1866 4148 simul
1906 4102 1962 4148 et
1994 4093 2148 4147 habi-

572 4199 708 4246 tant.
765 4187 880 4244 Vox
912 4188 1112 4259 quippe
1148 4188 1370 4242 tonitrui
1419 4189 1495 4242 tui
1528 4189 1584 4242 in
1620 4196 1741 4243 rota
1767 4188 1836 4241 ⁵⁸.
1880 4187 2060 4254 Quare
2093 4194 2150 4242 et

570 4299 740 4338 curru
763 4282 924 4353 igneo
955 4279 1105 4336 Elias
1143 4279 1431 4337 Thesbites
1463 4281 1704 4336 deterra
1730 4282 2030 4336 assumitur
2059 4281 2104 4314 ⁸⁸
2129 4298 2144 4335 :

575 4375 670 4446 qui
699 4383 856 4446 typus
887 4372 1213 4428 manifestus
1249 4373 1370 4438 fuit,
1393 4373 1750 4444 quadriiugus
1783 4372 1994 4428 scilicet
2019 4387 2147 4427 cur-

574 4485 694 4533 rus,
745 4468 1006 4540 quoniam
1039 4481 1108 4523 ex
1152 4475 1389 4538 quatuor
1437 4467 1724 4524 elementis
1780 4481 2033 4524 concreta
2065 4479 2148 4525 est

577 4573 766 4618 nostra
799 4571 1019 4626 natura,
1059 4574 1171 4614 non
1198 4561 1317 4617 sine
1347 4576 1453 4630 qua
1483 4561 1537 4615 in
1575 4560 1772 4616 caelum
1799 4575 1993 4618 sursus
2015 4577 2148 4618 con-

533 4647 536 4650 ’
577 4651 792 4708 scendit
839 4652 932 4721 qui
969 4652 1110 4706 hanc
1140 4650 1372 4720 gestavit
1399 4658 1456 4705 et
1497 4649 1676 4714 rexit,
1740 4659 1902 4721 prout
1956 4650 2150 4716 voluit,

578 4745 733 4802 Deus
759 4742 1020 4799 Verbum.
1055 4743 1194 4814 Equi
1227 4753 1408 4799 autem
1441 4743 1708 4816 regalium
1733 4759 1956 4800 currum
1985 4785 2000 4811 ,
2028 4759 2155 4800 san-

535 4841 538 4844 ’
579 4847 790 4893 ctorum
824 4836 1140 4908 angelorum
1175 4837 1357 4908 imago
1401 4845 1594 4892 erant:
1628 4836 1831 4892 Currus
1861 4839 2007 4892 enim
2037 4838 2154 4905 Dei,

581 4929 798 4998 inquit,
835 4929 1010 4983 decem
1053 4928 1226 4982 millia
1254 4929 1639 4984 convivantium
1671 4938 1722 4984 et
1760 4929 1954 4999 festum
1999 4945 2159 5000 agen-

559 5020 721 5090 dium
750 5021 817 5074 “.
851 5021 1078 5092 Aspexit
1115 5023 1280 5076 etiam
1308 5020 1496 5076 Daniel
1530 5021 1584 5075 in
1618 5021 1827 5078 visione
1853 5021 2028 5076 virum
2060 5023 2160 5076 bu-

587 5101 747 5168 mana
780 5127 1011 5183 prorsus
1050 5114 1232 5183 specie
1269 5113 1322 5168 in
1376 5114 1578 5169 throno
1621 5112 1901 5169 sedentem
1927 5153 1944 5179 ,
2002 5113 2158 5168 Anti-

585 5221 755 5278 quum
791 5207 1001 5260 dierum
1054 5205 1223 5262 Deum
1260 5225 1273 5262 :
1312 5204 1381 5260 Et
1417 5206 1592 5261 millia
1633 5205 1864 5260 millium
1891 5247 1907 5273 ,
1963 5204 2158 5276 inquit,

589 5297 906 5353 assistebant
933 5300 1018 5366 ei,
1052 5309 1100 5353 et
1133 5298 1279 5354 mille
1314 5298 1578 5369 myriades
1611 5297 1986 5353 ministrabant
2017 5299 2067 5353 ei
2093 5299 2160 5353 “.

604 5487 609 5492 θ
661 5443 708 5478 ss
742 5443 784 5500 ||
814 5417 996 5498 Paral.
1026 5457 1178 5505 xxvi,
1219 5441 1287 5494 Π
1326 5455 1479 5511 seqa-

1580 5441 1626 5473 ⁸⁸
1651 5437 1719 5493 1V
1785 5437 1920 5506 Reg.
1951 5455 2064 5503 XIX,
2097 5440 2186 5497 55.

2242 3259 2461 3328 γέλους
2483 3264 2671 3320 αὐτοῦ
2699 3268 3034 3338 πνεύματα,
3074 3271 3176 3325 aeal
3231 3273 3375 3340 τοὺς
3431 3278 3817 3348 λειτουργοὺς

2242 3354 2431 3410 αὐτοῦ
2453 3355 2574 3425 πῦρ
2621 3358 2852 3431 φλέγον
2876 3378 2891 3394 ’
2933 3363 3059 3417 καθ’
3087 3363 3123 3419 ἃ
3151 3365 3260 3420 ύπδ
3283 3366 3392 3420 τῶν
3433 3369 3597 3440 ἱερῶν
3645 3371 3820 3440 λόγων

2243 3445 2294 3498 οἱ
2331 3447 2592 3519 μακάριοι
2617 3451 3117 3526 προσαγορεύονται
3149 3457 3395 3527 ἄγγελοι,
3416 3453 3576 3532 οἶμαί
3603 3465 3823 3530 που,ὠς

2246 3539 2577 3610 καθαρτικοὶ
2617 3544 2880 3610 πολλάκις
2910 3545 3021 3602 τῶν
3051 3549 3414 3622 ἀνθρωπίνων
3445 3553 3661 3620 παθῶν,
3691 3573 3824 3610 καυ-

2248 3632 2427 3684 στικοὶ
2454 3634 2546 3687 καὶ
2576 3641 2942 3708 τιμωρητικοὶ
2968 3640 3078 3694 τῶν
3100 3644 3362 3698 ὲναντίων
3399 3645 3562 3710 Θεοῦ,
3591 3649 3688 3701 καὶ
3709 3664 3818 3718 φω-

2245 3722 2340 3785 τὸς
2370 3725 2716 3793 μεταδοτικοὶ
2753 3730 2867 3793 τοῖς
2895 3731 3237 3800 ἀφωτίστοις
3263 3734 3499 3805 βροτῶν.

2242 3847 2250 3855 ρ
2319 3820 2390 3885 η’,
2423 3815 2636 3870 Ἵππων
2663 3819 2720 3872 δὲ
2749 3820 2913 3876 πάλιν
2943 3821 3180 3894 ὁρῶνται
3239 3828 3354 3890 τοῖς
3393 3829 3690 3899 σχήμασιν,
3749 3831 3823 3894 ὡς

2247 3907 2524 3979 Ζαχαρίας
2551 3911 2738 3980 φησὶν,
2777 3913 2854 3977 ὡς
2886 3913 3170 3988 όξυπόρως
3195 3919 3358 3972 παντὶ
3390 3919 3467 3991 τῷ
3521 3921 3651 3993 θείῳ
3705 3923 3822 3976 δια-

2247 3999 2493 4068 τρέχοντι
2519 4015 2532 4030 ·
2556 4001 2767 4072 τροχῶν
2792 4002 2852 4056 δὲ
2890 4005 3138 4075 πυρίνων
3175 4007 3252 4072 ὡς
3283 4009 3376 4063 τὸν
3410 4011 3666 4082 οὐράνιον
3727 4033 3822 4068 πε-

2250 4091 2598 4164 ριπολοῦντες
2621 4095 2759 4166 ὁμοῦ
2793 4099 2890 4151 καὶ
2917 4099 3196 4165 οίκοῦντες
3227 4105 3419 4175 τροχόν
3442 4121 3457 4136 ·
3491 4106 3665 4176 Φωνὴ
3718 4110 3822 4178 γὰρ

2249 4185 2405 4254 φησὶ,
2437 4184 2548 4254 τῆς
2571 4187 2841 4258 ,βροντῆς
2867 4204 2985 4246 σου
3011 4193 3083 4248 ἐν
3106 4192 3187 4260 τῷ
3240 4195 3431 4267 τροχῷ
3459 4212 3472 4227 '
3507 4199 3589 4252 διὸ
3636 4201 3732 4254 καὶ
3767 4203 3823 4253 ὲν
3863 4237 3873 4244 -

2249 4275 2457 4347 ἅρματι
2528 4279 2701 4350 πυρὸς
2741 4281 2922 4338 Ἠλίου
2971 4285 3002 4338 ὁ
3048 4285 3315 4359 Θεσόίτης
3377 4289 3486 4344 ἀπὸ
3533 4291 3641 4361 γῆς
3692 4293 3824 4346 ἀνα-

2248 4368 2586 4440 λαμϐάνεται
2607 4388 2622 4403 ’
2656 4374 2794 4446 ὅπερ
2824 4375 2993 4442 τύπος
3045 4373 3116 4452 ἦν
3146 4380 3343 4453 σαφὴς,
3380 4385 3440 4437 τδ
3479 4382 3580 4454 μὲν
3601 4384 3818 4454 τέθριπ-

2249 4474 2353 4512 πον
2382 4457 2536 4531 ἃρμα
2569 4463 2633 4516 ὲκ
2653 4461 2764 4516 τῶν
2797 4465 3081 4538 τεσσάρων
3103 4468 3407 4540 ’στοιχείων
3461 4461 3824 4544 συγκειμένης

2253 4551 2410 4623 ήμῶν
2438 4553 2677 4624 φύσεως,
2715 4557 2834 4627 μεθ’
2850 4551 2919 4630 ἦς
2945 4559 3040 4614 καὶ
3073 4561 3155 4624 είς
3174 4561 3401 4632 οὐρανὸν
3427 4562 3640 4617 ἀνωθεν
3663 4565 3824 4636 ἀνῆλυ

2250 4644 2342 4699 θεν
2367 4648 2398 4700 ό
2423 4646 2632 4719 ταύτην
2665 4649 2903 4721 φορέσας
2939 4653 3035 4706 καὶ
3060 4655 3357 4725 ἡνιοχήσας
3375 4655 3562 4722 καθὼς
3589 4658 3824 4728 ήῦου).ή-

2251 4736 2317 4808 θη
2345 4738 2478 4804 Θεὺς
2513 4740 2708 4810 Λόγος.
2729 4743 2792 4797 Ol
2821 4743 2880 4797 δὲ
2910 4745 3070 4798 ἵπποι
3095 4747 3207 4799 τῶν
3219 4747 3514 4817 βασιλικῶν
3537 4750 3829 4820 ὀχημάτων

2253 4831 2426 4899 ἁγίων
2448 4833 2704 4902 ἀγγέλων
2739 4835 2987 4908 ὑπῆρχον
3021 4837 3329 4908 ὑπόδειγμα
3357 4855 3373 4870 ⁸
3407 4839 3484 4894 Τὸ
3533 4842 3644 4911 γὰρ
3675 4842 3830 4912 ἅρμα

2256 4923 2361 4978 τοῦ
2389 4926 2560 4990 Θεοῦ,
2576 4928 2731 4996 φησὶ,
2754 4931 3197 4998 μυριοπλάσιον
3218 4931 3486 4999 χιλιάδες
3507 4933 3829 5000 εὐθηνούν-

2257 5031 2378 5070 των
2406 5019 2505 5073 καὶ
2543 5017 2943 5086 ἑορταζόντων
2965 5037 2980 5052 ·
3021 5017 3130 5074 εῐδε
3169 5022 3228 5076 δὲ
3282 5024 3378 5077 καὶ
3414 5023 3619 5095 Δανιὴλ
3673 5023 3750 5088 ὼς
3775 5024 3830 5076 ἐν

2256 5111 2446 5180 ὁράσει
2473 5111 2643 5179 ἄνδρα
2671 5111 2835 5166 πάλιν
2859 5113 3330 5184 ἀνθρωπόμορφον
3361 5115 3456 5168 ἰπὶ
3479 5115 3673 5186 θρόνου
3721 5117 3832 5169 ἑνι-

2257 5205 2544 5276 δρυμένον,
2573 5205 2665 5260 τὸν
2678 5205 2914 5260 Παλαιὸν
2939 5207 3051 5262 τῶν
3069 5207 3294 5280 ἡμερῶν
3317 5208 3452 5262 Θεόν
3474 5225 3488 5240 ·
3519 5208 3630 5264 Kal
3650 5209 3833 5278 χίλιαι

2258 5297 2551 5370 χιλιάδες,
2591 5300 2744 5370 φησι,
2777 5299 3292 5368 παρειστήκεισαν
3316 5298 3478 5366 αὐτῷ
3513 5300 3612 5355 καί
3633 5301 3835 5371 μύριαι

2263 5442 2334 5513 ζει
2357 5442 2496 5513 Dan.
2529 5441 2735 5512 “MSS
2756 5458 2909 5513 seqq.
3004 5443 3050 5475 "’
3076 5441 3224 5498 Psal.
3254 5459 3375 5506 cm,
3406 5444 3475 5511 4;
3507 5442 3673 5500 Hebr.
3711 5459 3749 5505 ι,
3778 5441 3828 5494 ’1.

589 5513 639 5549 ⁵³
677 5495 993 5592 mansi-gi;
1018 5495 1075 5568 8.
1126 5495 1178 5544 ’ί
1204 5495 1689 5576 νεειζιῖἰινως).
1765 5509 1810 5540 σο
1843 5495 1909 5563 I'V
1947 5495 2079 5578 υθέ.
2112 5495 2292 5580 mil“.
2360 5495 2922 5582 '«“i>’sa'.';;;-.i;i's'.
3001 5513 3044 5545 σί
3075 5495 3438 5579 marem:

664 5679 777 5750 (ll)
809 5678 886 5752 De
919 5679 1223 5752 substantia
1258 5679 1574 5752 angelorum
1589 5683 1903 5752 pollesunt
1935 5674 2162 5732 Patrum

592 5749 758 5807 varia:
789 5751 1091 5818 opiniones.
1129 5749 1558 5818 Videsis'saltem
1587 5749 1894 5806 Pctavium.

667 5821 782 5892 (12)
811 5813 1086 5890 intelligit,
1124 5834 1253 5891 puto
1275 5860 1290 5891 ,
1335 5813 1655 5878 Theodorus
1687 5821 2167 5880 Molaammedanos

2266 5682 2362 5753 qui
2386 5698 2451 5739 ex
2480 5684 2671 5739 intima
2688 5685 2815 5741 Asia
2847 5685 3115 5742 adversus
3138 5685 3386 5741 Graecum
3403 5687 3830 5747 Christianorum

2270 5756 2562 5826 imperium
2589 5757 2805 5828 magnis
2829 5757 3038 5815 viribus
3069 5758 3452 5814 adventabant.
