4050 6364
348 378 452 451 741
1285 390 1569 453 ORATIO
1597 390 1700 456 VI.
1727 389 1895 452 -lN
1958 390 2291 453 SANCTOS
2333 392 2701 456 ANGELOS.
3536 397 3645 465 742

338 504 632 579 μυριάδες
678 506 1107 577 ἐλειτούργουν
1167 506 1330 574 αὐτῷ
1356 525 1370 540 ο
1431 509 1571 565 ἀλλὰ
1623 510 1799 566 ταῦτα
1842 508 1940 581 μὲν

2047 505 2153 564 Sed
2194 510 2309 565 haec
2340 510 2581 580 quidem,
2609 519 2664 566 et
2689 523 3036 581 quacunque
3059 510 3374 583 bujusmodi
3401 524 3553 586 sunt,
3582 521 3639 576 in

351 602 449 657 καὶ
477 602 578 657 ὅσα
601 599 827 654 τοιαῦτα
854 602 914 654 ἐν
948 603 1016 673 τῇ
1046 600 1370 672 Παλαιᾷ,ὡς
1393 604 1452 656 ἐν
1469 602 1713 675 δράμασι
1735 604 1831 659 καὶ
1850 604 1940 657 ὁπ-

2058 598 2255 658 Vetero
2274 600 2630 658 Testamento
2647 601 2956 659 visionibus
2978 611 3032 658 et
3054 605 3491 674 apparitionibus
3508 608 3642 681 ligu-

347 693 568 757 τασίαις
590 691 947 747 διετυποῦντο
971 708 985 722 ·
1001 694 1128 747 ἐπεὶ
1142 691 1268 747 οὔτε
1296 694 1485 749 οὐσίαν
1511 694 1648 749 Θεοῦ
1675 694 1801 749 οὔτε
1814 712 1940 768 μορ-

2057 692 2355 761 rabantur;
2380 697 2641 764 quoniam
2668 695 2762 752 Dei
2786 697 3151 753 substantiam
3174 714 3354 769 neque
3379 700 3638 772 formam,

347 786 482 857 φὴν,
523 784 649 839 οὔτε
692 784 881 855 σχῆμα
908 782 1035 838 οὔτε
1067 782 1205 849 είδος
1242 784 1368 839 οὔτε
1407 785 1604 850 κάλλος
1640 804 1726 851 τις
1757 787 1865 841 τῶν
1893 789 1940 842 ἐκ

2051 798 2232 855 neque
2243 786 2497 856 figuram,
2516 802 2693 858 neque
2709 788 3160 860 spcciem,neque
3175 791 3639 860 pulchritudinem

352 878 524 947 σαρκὶ
566 869 677 956 εἶδε
722 874 1096 943 πώποτε,οῦτε
1120 876 1358 931 είδέσθαι
1382 876 1628 945 δύναται,
1654 875 1730 942 ῶς
1758 879 1786 931 6
1811 877 1940 947 ίερδς

2051 876 2348 947 quisquam
2394 877 2449 932 in
2492 894 2655 934 carne
2685 882 2879 937 vivens
2927 897 3171 952 unquam
3204 885 3437 952 aspexit,
3467 902 3645 956 neque
3736 903 3741 909 '

348 969 503 1041 ἡμᾶς
559 954 803 1023 δῗδάσκει
862 969 1035 1037 Λόγος
1059 982 1074 997 ·
1136 967 1254 1023 ἀλλ’
1310 967 1436 1024 οὔτε
1470 968 1707 1041 ἀγγέλου
1735 969 1836 1041 τὴν
1853 968 1948 1023 οὕ-

350 1062 476 1117 σίαν
508 1061 545 1131 ἡ
573 1078 660 1126 τις
701 1062 919 1133 ἴσχυσεν
951 1061 985 1133 ἢ
1013 1062 1295 1119 ἐθεάσατο.

432 1244 504 1302 θ’.
533 1242 747 1298 Οὐκοῦν
773 1243 935 1316 δεῦρο
964 1244 1076 1298 ἀπὸ
1101 1244 1201 1315 τῆς
1239 1246 1400 1309 σκιᾶς
1428 1246 1523 1300 tm
1574 1246 1676 1319 τὴν
1728 1246 1940 1318 Καινὴν
2024 1262 2025 1267 κ

345 1334 628 1405 Διαθήκην
650 1333 893 1403 διάϐηθι,
918 1335 1016 1388 καὶ
1046 1334 1146 1400 τὰς
1167 1335 1470 1405 ἀγγελικάς
1497 1337 1822 1411 τρανότερον
1836 1340 1945 1394 δια-

347 1427 535 1492 κονίας
556 1426 928 1481 κατόπτευσυν
960 1444 975 1460 ·
993 1428 1119 1494 ἥκει
1135 1428 1235 1499 μὲν
1246 1424 1342 1484 οὖν
1396 1446 1528 1483 ποτε
1553 1430 1831 1502 χοράρχης
1848 1429 1945 1484 καὶ

344 1520 457 1576 τῶν
520 1520 834 1593 προκρίτων
887 1523 917 1575 6
974 1520 1201 1594 ἔξαρχος
1251 1522 1351 1593 τῆς
1426 1524 1691 1578 ἀνωτάτω
1738 1522 1944 1597 φύτλης

344 1613 457 1667 τῶν
518 1613 832 1680 ἀσωμάτων
892 1612 1243 1685 λειτουργῶν,
1281 1616 1571 1686 ἑκφάντωρ
1635 1616 1943 1689 θεομύστης

344 1702 457 1756 τῶν
509 1703 839 1775 ἀπορρήτων
887 1700 984 1756 τοῦ
1041 1702 1179 1757 Θεοῦ
1247 1704 1385 1775 πρὸς
1451 1704 1776 1776 ἀνθρώπους
1838 1724 1939 1777 μυ-

347 1798 611 1869 στηρίων,
665 1795 911 1868 Γαϐριὴλ
974 1796 1005 1855 ὁ
1058 1796 1363 1861 θεοείκελος
1414 1796 1606 1869 λάτρις
1669 1798 1935 1870 φερέχαι-

348 1854 471 1963 ρος..
494 1854 800 1961 Χαβοποιδέ
1056 1889 1158 1961 τὴν
1238 1854 1490 1962 βροτείαν
1520 1854 1533 1869 ⁸
1555 1854 1718 1961 φύσιν
1742 1854 1766 1957 ⁸,
1808 1854 1929 1946 ’.καὶ
1965 1854 2010 1912 Β

344 1983 486 2055 πρὸς
556 1981 906 2055 πανάφθορον
970 1981 1186 2053 κόρηνο
1247 1982 1387 2054 πρὸς
1447 1983 1515 2054 ἢν
1578 1982 1752 2055 είσῄει
1828 1984 1928 2054 τὴν

348 2077 568 2148 μορφὴν
598 2074 768 2130 αὑτοῦ
808 2074 932 2131 κατ’
964 2074 1176 2143 οὐσίαν,
1218 2075 1292 2139 ὡς
1330 2073 1476 2135 ἐστιν
1519 2075 1827 2138 ἐπιδεικνὺς
1860 2076 1927 2145 τῇ

345 2169 679 2240 πανσέμνῳηο
708 2170 846 2240 μόνη
898 2168 1012 2239 γὰρ
1042 2169 1076 2240 ἡ
1122 2168 1266 2237 ,ἁγία
1303 2167 1589 2234 Θεοτόκος,
1609 2167 1686 2233 ῶς
1740 2185 1929 2237 φασιν,

344 2262 648 2332 ἀγγελικὴν
694 2261 772 2325 ῶς
815 2260 930 2315 ἔστι
960 2262 1057 2316 καὶ
1078 2261 1154 2325 ῶς
1181 2261 1429 2332 γέγονεν,
1464 2262 1667 2316 ἰδέσθαι
1707 2260 1930 2331 δεδύνη-

344 2371 460 2419 ται,
495 2353 564 2408 ἶν’
587 2355 654 2407 ικ
671 2352 768 2407 τοῦ
792 2352 1024 2417 κάλλους
1043 2352 1141 2407 τοῦ
1162 2353 1415 2409 δουλικοῦ
1445 2352 1849 2425 ύπερθαυμάσῃ
1869 2352 1932 2407 τὸ

347 2447 542 2511 κάλλος
563 2447 627 2502 τὸ
640 2448 975 2502 Δεσποτικόν
1005 2464 1021 2479 ⁸
1048 2446 1131 2501 διὸ
1157 2447 1256 2502 καὶ
1282 2446 1582 2519 προστάξει
1612 2447 1734 2519 θείᾳ
1758 2446 1931 2519 εἰσῄει

347 2540 489 2611 πρὸς
550 2540 726 2613 αὐτὴν
779 2542 810 2594 6
858 2540 1327 2612 ἀρχιστράτηγος,
1384 2540 1584 2605 κάλλος
1646 2542 1933 2613 ἀμήχανον

347 2636 489 2707 αὐτῇ
525 2633 961 2706 ἐνδεικνύμενος,
991 2635 1090 2688 καὶ
1127 2634 1349 2707 μορφὴν
1381 2634 1568 2689 αὐτῶν
1611 2634 1723 2689 τῶν
1772 2634 1930 2705 ἡλια-

347 2728 466 2783 κῶν
518 2726 755 2784 ἀκτίνων
818 2726 1208 2799 λαμπροτέραν
1281 2726 1658 2797 τυγχάνουσαν
1682 2769 1697 2793 ,
1750 2727 1936 2798 ἠρέμα

347 2818 779 2891 προσδιανοίγων
807 2820 875 2890 τῇ
934 2818 1161 2889 ἀφθόρφ
1189 2816 1290 2889 τὴν
1320 2817 1671 2891 πανάφθορον
1711 2817 1810 2888 τῆς
1856 2819 1937 2871 oi-

348 2913 507 2977 κείας
542 2911 764 2984 μορφῆς
798 2911 1044 2983 ίδιότητα
1067 2924 1083 2940 °
1114 2910 1239 2965 ὅθεν
1270 2908 1371 2965 καὶ
1399 2904 1542 2964 εῐδεν
1571 2905 1710 2973 εἶδος
1736 2910 1935 2982 μικροῦ

348 3007 447 3059 καὶ
467 3005 638 3060 ἀϊδίου
661 3006 943 3077 ἀπορροῆς
960 3002 1408 3075 ἀνταπαύγασμα
1426 3018 1439 3032 ·
1465 2996 1607 3057 εἶδεν
1620 3002 1771 3072 ὥραν
1796 3002 1939 3073 ὑπὲρ

346 3096 502 3169 ὥραν
530 3096 880 3169 ῶραῖσμένην
896 3095 1259 3170 ῶραιότητος·
1286 3090 1394 3150 εἶδε
1414 3093 1644 3158 κάλλους
1669 3092 1939 3165 λαμπηδό-

2047 970 2294 1039 aspicere
2319 979 2523 1042 potest,
2550 986 2652 1029 ceu
2683 988 2855 1030 sacrae
2898 989 3000 1030 nos
3025 975 3227 1032 docent
3254 974 3492 1031 Litterae.
3533 979 3639 1033 Sed

2049 1076 2120 1118 ne
2146 1064 2322 1135 angeli
2343 1065 2565 1137 quidem
2593 1068 2959 1123 substantiam
2996 1068 3290 1139 quisquam
3334 1071 3515 1140 potuit
3562 1071 3643 1124 vi-

2048 1153 2199 1210 dere.

2116 1244 2172 1301 9.
2206 1244 2316 1317 Age
2346 1245 2531 1317 itaque
2559 1247 2628 1302 ab
2654 1246 2864 1304 umbris
2887 1247 2955 1303 ad
2981 1246 3198 1305 Novum
3224 1248 3636 1309 Testamentum

2046 1337 2241 1400 transi,
2262 1345 2317 1389 et
2345 1337 2586 1406 angelica
2625 1339 3004 1408 perspicacius
3043 1342 3353 1398 ministeria
3388 1354 3637 1399 contem—

2044 1426 2213 1496 plare.
2243 1425 2403 1482 Venit
2433 1428 2733 1498 aliquando
2769 1429 2923 1484 chori
2955 1431 3155 1489 ductor
3179 1471 3196 1496 ,
3248 1443 3303 1489 et
3332 1436 3635 1491 electorum

2043 1519 2264 1588 superni
2282 1530 2460 1575 cmtus
2479 1521 2935 1591 incorporeorum
2956 1524 3331 1580 ministrorum
3358 1527 3633 1596 princeps,

2042 1608 2307 1681 mysticus
2337 1624 2669 1664 arcanorum
2707 1608 2803 1666 Dei
2845 1614 3233 1683 mysteriorum
3283 1616 3426 1685 apud
3460 1616 3639 1671 homi-

2041 1718 2140 1758 nes
2173 1703 2467 1767 revelator,
2500 1702 2751 1768 Gabriel,
2800 1704 2909 1759 Deo
2938 1706 3132 1761 similis
3163 1705 3421 1770 famulus.
3452 1710 3635 1780 gaudii

2040 1803 2096 1851 et
2114 1794 2314 1871 laetitiae
2336 1794 2566 1850 nuntius
2599 1795 2916 1851 mortalium
2949 1806 3194 1864 natura,
3236 1800 3303 1854 ad
3352 1801 3637 1872 integerri-

2038 1902 2183 1942 mam
2214 1886 2494 1957 puellam;
2544 1887 2614 1941 ad
2670 1903 2839 1958 quam
2894 1899 2979 1945 est
3036 1891 3342 1961 ingressus,
3396 1893 3634 1950 formam

2030 1992 2207 2043 suam,
2242 1978 2422 2047 qualis
2445 1977 2566 2049 ejus
2586 1978 2898 2035 substantia
2928 1990 3032 2046 est,
3072 1985 3395 2039 venerenda:
3420 1984 3635 2058 Virgini

2030 2068 2345 2124 ostendens.
2366 2068 2497 2124 Sola
2527 2070 2672 2125 enim
2711 2080 2901 2127 sancta
2935 2072 3190 2143 Deipara,
3230 2085 3290 2130 ut
3322 2077 3497 2143 aiunt,
3530 2093 3634 2133 an-

2030 2153 2259 2224 gelicam
2292 2145 2580 2221 uti'reapse
2596 2160 2701 2218 est,
2736 2163 2899 2224 utque
2916 2166 3098 2211 creata
3116 2155 3240 2225 fuit,
3260 2169 3510 2215 naturam
3551 2162 3636 2216 vi-

2030 2243 2160 2300 dere
2179 2244 2376 2314 potuit,
2395 2254 2456 2299 ut
2480 2244 2533 2299 in
2567 2244 2756 2300 famuli
2779 2244 3119 2304 formositate
3142 2248 3481 2306 Dominicam
3509 2254 3632 2322 pul-

2032 2337 2400 2392 chritudinem
2417 2337 2933 2395 admiraretur.ldeo
2948 2338 3133 2396 divino
3151 2344 3638 2416 mandatojngres-

2026 2432 2127 2485 'sus
2147 2440 2231 2485 est
2255 2430 2322 2484 ad
2340 2445 2461 2484 eam
2502 2430 2866 2502 archangelus
2889 2448 3161 2489 summam
3187 2436 3237 2491 ei
3270 2437 3633 2507 pulchritudi-

2033 2534 2157 2576 nem
2170 2520 2839 2595 ostendens,formamque
2864 2525 3009 2595 ipsis
3021 2527 3188 2583 radiis
3204 2529 3317 2584 sola
3328 2531 3477 2588 ribus
3498 2533 3635 2591 luci-

2035 2614 2245 2669 diorem
2268 2654 2283 2680 ,
2322 2615 2529 2671 sensim
2565 2618 2815 2687 aperiens
2842 2634 2992 2689 pura:
3032 2620 3238 2692 Virgini
3271 2625 3631 2694 purissimam

2035 2706 2402 2763 formositatis
2447 2722 2563 2764 sua:
2602 2709 3016 2779 proprietatem.
3072 2712 3232 2769 Unde
3280 2714 3448 2770 etiam
3499 2716 3636 2772 vidit

2036 2802 2301 2873 speciem,
2318 2801 2506 2857 aeterni
2528 2803 2922 2872 pr0pemodum
2949 2802 3137 2860 fluenti
3163 2805 3425 2861 reflexum
3452 2808 3636 2878 splen-

2036 2892 2250 2949 dorem.
2298 2892 2451 2955 Vidit
2497 2892 2896 2949 formositatem
2953 2895 3298 2953 formositate
3343 2901 3632 2968 majorem,

2038 2993 2295 3040 ornatum
2344 2985 2520 3055 ipsius
2562 2994 2848 3059 ornatus:
2878 2986 3014 3042 vidit
3061 2989 3414 3059 peregrinum
3455 2991 3635 3060 splen-

2039 3077 2228 3133 dorem
2251 3087 2520 3148 etprazter
2549 3078 2770 3133 solitum
2798 3095 2812 3132 :
2846 3079 2982 3134 vidit
3016 3079 3360 3151 incorporea:
3382 3083 3636 3138 substan-

347 3168 420 3244 να
451 3168 612 3261 ξένην
639 3187 675 3260 ἢ
701 3168 843 3244 κατά
882 3168 1173 3258 συνήθειαν
1202 3202 1220 3219 ο
1254 3179 1397 3239 εἶδεν
1429 3185 1618 3248 οὐσίας
1641 3183 1937 3252 ἀσωμάτου

2042 3169 2130 3225 tia:
2171 3168 2408 3241 fulgores
2462 3168 2738 3226 solaribus
2782 3172 3098 3240 superiores
3130 3190 3143 3226 :
3177 3173 3317 3228 vidit
3347 3175 3632 3231 rationalis

351 3279 727 3354 μαρμαρυγὰς
771 3276 1223 3351 ὑπερϐαλλούσας
1264 3278 1365 3342 τάς
1399 3278 1633 3349 ήλιακάς
1655 3292 1669 3308 ο
1708 3272 1817 3331 εἶδε
1846 3278 1934 3332 λο-

349 3374 511 3444 γικοῦ
565 3372 848 3445 ἑωσφόρον
885 3371 1117 3437 ἀείζωον
1145 3370 1327 3441 αὐγήν
1363 3386 1380 3402 ’
1412 3365 1523 3424 εἶδε
1567 3369 1742 3439 φλόγα
1770 3368 1934 3439 ψυχι-

348 3466 456 3539 κὴν
479 3505 497 3532 ,
528 3463 717 3536 νοεροῦ
756 3464 929 3534 φάους
961 3464 1487 3534 συναστράπτουσαν
1536 3460 1731 3532 αῐγλην
1764 3479 1780 3495 ο
1812 3461 1937 3515 ὅθεν

351 3558 429 3622 ῶς
454 3558 556 3613 οὒκ
586 3558 753 3614 ἀῦλον
783 3556 1179 3612 κατατέθεικεν
1209 3558 1244 3628 ἡ
1283 3556 1457 3611 πάνσε
1468 3572 1600 3627 μνος
1639 3553 1734 3609 τοῦ
1766 3553 1937 3623 ἀγγέ-

350 3651 445 3707 λου
488 3652 588 3723 τὴν
620 3650 857 3722 θεωρίαν
900 3648 1037 3720 ὁμοῦ
1068 3649 1167 3704 καὶ
1219 3648 1534 3720 συντυχίαν,
1566 3646 1643 3712 ῶς
1694 3646 1878 3702 ἰδοῦσα
1908 3645 1938 3700 ὃ

352 3745 486 3817 άλλη
526 3746 628 3799 οὐκ
658 3743 882 3809 ἐδέξατο
909 3742 1093 3813 φύσις.

296 3820 299 3823 Α
428 3835 480 3893 ι’.
511 3840 799 3909 Δεσμείται
841 3837 899 3890 δὲ
960 3836 1056 3890 καὶ
1097 3834 1375 3907 Ζαχαρίας
1419 3835 1487 3903 τῇ
1531 3830 1748 3903 ἀφωνία
1778 3829 1938 3899 ἀγίου

352 3932 667 4003 ἀπιστήσας
725 3928 959 3999 ἀγγέλου
988 3944 1004 3961 ο
1063 3927 1190 3982 ιπεὶ
1235 3926 1345 3998 γὰρ
1412 3924 1639 3996 ἔμελλεν
1672 3925 1756 3987 είς
1820 3921 1938 3991 φῶς

355 4023 723 4098 προέρχεσθαι
754 4024 818 4077 ἐκ
842 4021 1083 4094 γαστρὸς
1107 4022 1136 4074 6
1153 4020 1249 4075 τοῦ
1274 4019 1455 4090 φωτὸς
1482 4018 1795 4091 πρόδρομος
1842 4015 1938 4069 τοῦ

352 4116 612 4191 ἀληθινοῦ
656 4115 931 4187 Ἰωάννης,
965 4116 999 4185 ἡ
1027 4112 1199 4185 φωνὴ
1242 4111 1488 4183 δηλονότι
1531 4109 1639 4165 τοῦ
1667 4107 1941 4174 ,ϐοῶντος

353 4210 428 4264 ἐν
455 4208 532 4278 τῇ
560 4207 758 4278 ἐρήμῳ
791 4209 924 4279 ἡμῖν
954 4208 1070 4271 τοῖς
1119 4204 1179 4271 ἐξ
1236 4202 1406 4257 ἐθνῶν
1445 4200 1775 4273 Ἐκκλησίας
1795 4240 1810 4265 ,
1842 4199 1939 4254 τοῦ

354 4304 523 4373 νόμου
554 4302 786 4372 γέροντα
819 4299 996 4368 λέγων
1019 4316 1037 4334 ο
1070 4289 1134 4352 οὗ
1168 4297 1340 4352 τύπον
1380 4294 1665 4367 ὲκκληρῶν
1696 4295 1726 4347 6
1757 4292 1941 4363 πατὴρ

355 4391 657 4463 Ζαχαρίας,
702 4388 990 4461 προτίκτει
1053 4388 1151 4443 τοῦ
1209 4386 1450 4458 Χριστοῦ
1506 4387 1683 4459 μῆνας
1733 4385 1793 4453 ἒξ
1851 4385 1943 4438 τὸν

370 4483 627 4555 Ἰωάννην
656 4500 672 4515 ο
708 4486 832 4538 Οὐκ
880 4478 962 4553 ἦν
995 4481 1108 4553 γὰρ
1138 4480 1374 4546 ἐκεῖνος
1402 4481 1471 4535 τὸ
1523 4479 1652 4550 φῶς
1678 4496 1693 4511 ·
1732 4478 1827 4533 καὶ
1855 4476 1943 4531 διά

2039 3259 2259 3315 luciferi
2292 3275 2512 3331 semper
2540 3261 2726 3316 vivum
2755 3262 3102 3331 splendorem
3128 3281 3142 3318 :
3167 3263 3304 3320 vidit
3331 3266 3632 3323 animatam

2037 3349 2338 3416 ﬂammam,
2367 3351 2753 3408 intellectualis
2778 3351 2918 3407 lucis
2944 3352 3259 3410 rutilantem
3303 3356 3632 3415 claritatem.

2037 3440 2218 3509 Quare
2246 3450 2507 3513 tanquam
2540 3458 2649 3498 non
2682 3443 3097 3501 immaterialem
3124 3449 3437 3504 veneranda
3469 3447 3634 3522 Virgo

2037 3535 2253 3605 excepit
2290 3537 2469 3606 angeli
2505 3536 2771 3592 visionem
2808 3547 2973 3607 atque
3002 3554 3331 3609 occursum;
3380 3557 3481 3598 ceu
3510 3559 3632 3615 qua:

2038 3627 2272 3695 viderat,
2297 3631 2442 3697 quod
2477 3629 2569 3684 alii
2605 3645 2890 3702 nunquam
2923 3632 3153 3704 contigit
3180 3643 3416 3691 naturae.

2118 3827 2204 3884 10.
2238 3826 2423 3886 Mutus
2476 3830 2535 3885 lit
2562 3829 2882 3897 Zacharias,
2915 3831 3010 3902 qui
3057 3832 3253 3903 angelo
3283 3844 3478 3891 sancto
3521 3853 3629 3892 non

2038 3920 2347 3977 crediderat
2375 3939 2389 3976 :
2426 3922 2555 3991 quia
2590 3922 2799 3978 scilicet
2827 3938 3190 3992 processurus
3233 3934 3353 3980 erat
3375 3941 3440 3981 ex
3471 3936 3631 3982 utero

2040 4014 2095 4069 in
2131 4015 2334 4078 lucem,
2373 4029 2515 4069 vera:
2544 4014 2683 4069 lucis
2721 4030 3030 4084 prmcursor
3052 4014 3313 4083 Joannes,
3335 4034 3435 4073 eoa:
3466 4019 3631 4074 nimi-

2040 4120 2163 4159 rum
2191 4104 2477 4158 clamantis
2503 4105 2560 4157 in
2593 4105 2800 4158 deserto
2827 4104 2893 4169 ⁸³,
2944 4106 3105 4161 nobis
3151 4108 3245 4176 qui
3277 4123 3343 4163 ex
3385 4108 3628 4177 gentium

2042 4196 2287 4253 Ecclesia
2318 4212 2529 4259 sumus,
2553 4196 2690 4267 legis
2713 4205 3054 4253 senectutem
3090 4198 3418 4255 edicturus:
3461 4201 3625 4270 cujus

2042 4299 2229 4361 typum
2285 4304 2480 4360 gerens
2505 4287 2827 4345 .Zacharias
2871 4289 3158 4361 gignitsex
3182 4302 3309 4347 ante
3347 4292 3628 4348 Christum

2043 4381 2332 4438 mensibus
2380 4380 2697 4438 Joannem:
2752 4381 2880 4438 Non
2919 4386 3065 4440 enim
3111 4393 3227 4440 erat
3280 4385 3370 4440 ille
3412 4386 3626 4455 lux“;

2044 4473 2279 4542 ideoque
2310 4484 2438 4528 ante
2457 4489 2552 4529 sex
2591 4490 2810 4531 menses
2839 4478 3092 4547 suscepit
3128 4478 3300 4533 tilium
3332 4476 3628 4536 Joannem.

353 4574 519 4630 τοῦτο
569 4575 681 4646 πρὸ
726 4575 787 4640 ἐξ
825 4573 940 4645 ἔχει
977 4573 1071 4629 τὸν
1108 4572 1369 4644 Ἰωάννην
1395 4587 1409 4604 ·
1455 4570 1577 4642 μεθ’
1605 4570 1665 4624 δν
1698 4568 1937 4642 Χριστὸς

2041 4566 2172 4623 Post
2209 4582 2373 4637 quem
2398 4565 2654 4625 Christus
2683 4578 2845 4624 natus
2866 4578 2971 4636 est,
2989 4585 3089 4625 ceu
3122 4570 3353 4641 septima
3377 4574 3629 4641 quaedam

354 4667 575 4739 ἐτέχθη,
605 4667 682 4729 ὡς
708 4665 910 4737 ἑϐδόμη
959 4681 1049 4729 τις
1092 4664 1278 4735 ἡμέρα
1309 4680 1324 4695 ο
1358 4662 1523 4726 αὐτὸς
1550 4661 1661 4733 γάρ
1681 4662 1829 4715 ἑστιν
1858 4659 1935 4723 ὡς

2041 4656 2172 4714 dies.
2213 4656 2333 4727 Ipse
2366 4656 2513 4713 enim
2544 4674 2671 4714 vere
2700 4658 2858 4715 nobis
2887 4667 2975 4714 est
3000 4661 3230 4731 mystica
3264 4661 3629 4718 Sabbatomm

330 4806 333 4813 .
356 4759 575 4831 ἀληθῶς
596 4761 633 4830 ἠ
643 4757 760 4829 μῶν
793 4756 1033 4828 μυστικὴ
1049 4755 1160 4809 τῶν
1181 4754 1479 4809 Σαϐϐάτων
1505 4754 1837 4817 ἀνάπαυσις,
1869 4752 1937 4822 ἢν

2041 4750 2278 4820 requies,
2336 4750 2429 4804 cui
2477 4751 2753 4807 benedixit
2810 4753 3145 4808 universalis
3189 4752 3357 4821 Deus,
3410 4764 3466 4810 et
3507 4770 3627 4810 eam

357 4849 654 4919 εὐλόγησεν
686 4849 715 4902 6
740 4847 853 4903 τῶν
880 4847 1021 4901 ὅλων
1047 4847 1182 4909 Θεὸς
1215 4846 1311 4899 καὶ
1342 4846 1570 4917 ἡγίασεν
1594 4862 1608 4877 ·
1644 4846 1728 4899 ὅτι
1757 4845 1815 4897 ὲν
1841 4843 1939 4897 αύ-

2041 4842 2438 4909 sanctificavit;
2475 4843 2605 4913 quia
2631 4842 2684 4897 in
2712 4843 2829 4913 ipsa
2850 4852 2904 4897 et
2933 4852 3154 4913 propter
3186 4843 3358 4914 ipsam
3386 4844 3452 4899 ab
3478 4846 3628 4900 omni

354 4946 425 5014 τῇ
458 4943 555 4997 καὶ
591 4940 659 4995 δι’
679 4940 859 5011 αὐτῆς
871 4939 1224 4994 κατέπαυσεν
1250 4938 1358 4991 ἀπὸ
1381 4938 1603 4992 πάντων
1627 4936 1736 4992 τῶν
1761 4934 1939 5007 ἔργων

2041 4947 2204 5003 opere
2239 4947 2345 4987 suo
2366 4932 2654 5002 requievit.
2691 4932 2753 4986 Et
2787 4932 2905 5001 ipse
2935 4940 3019 4987 est
3048 4947 3239 5003 reapse
3267 4948 3426 4989 verus
3448 4937 3629 5006 magni

357 5034 526 5089 αὑτοῦ
550 5049 564 5064 ·
593 5033 690 5089 καὶ
736 5032 900 5095 αὐτός
943 5033 1094 5085 ἐστιν
1124 5030 1293 5094 ὅντως
1328 5029 1534 5102 ἀληθὴς
1557 5029 1659 5099 τῆς
1692 5026 1939 5098 μεγάλης

2044 5025 2257 5095 paterni
2292 5024 2506 5079 consilii
2532 5024 2917 5094 archangelus,
2952 5024 3069 5094 ipse
3093 5025 3359 5082 Dominus
3388 5041 3453 5083 ac
3484 5026 3630 5085 Deus

360 5127 560 5197 βουλῆς
597 5123 691 5179 τοῦ
708 5124 923 5197 Πατρδς
949 5122 1343 5193 ’Δρχάγγελος,
1367 5122 1463 5176 καὶ
1486 5120 1649 5184 αὐτὸς
1677 5120 1882 5192 Κύριος
1911 5121 1940 5173 6

2043 5117 2337 5175 virtutum.
2401 5114 2745 5187 Quapropter
2808 5116 3353 5187 ipsisubjiciuntur,
3396 5128 3451 5174 et
3512 5135 3631 5176 ser-

357 5222 491 5284 θεὺς
512 5218 799 5290 δυνάμεων
829 5234 844 5246 ’
876 5216 1068 5286 διόπερ
1101 5213 1250 5285 αύτῷ
1279 5214 1568 5268 ὑπείκουσι
1597 5215 1692 5268 καὶ
1713 5212 1936 5269 δουλεύ-

2046 5212 2225 5275 viunt,
2256 5221 2421 5280 atque
2477 5209 2797 5265 ministrant
2829 5211 3161 5268 omnimodis
3205 5221 3259 5268 et
3307 5213 3457 5268 omni
3505 5214 3629 5270 loco

357 5329 479 5367 ουσι
534 5310 631 5366 καὶ
689 5307 1030 5364 διακονοῦσιν
1101 5308 1162 5361 ὲν
1221 5307 1389 5361 παντὶ
1440 5308 1627 5377 τρόπῳ
1682 5307 1778 5361 καὶ
1845 5308 1936 5359 τό·

359 5416 445 5474 πφ
484 5402 587 5471 τῆς
634 5401 902 5469 ὲνσάρκου
961 5398 1277 5469 οἰκονομίας
1332 5397 1499 5451 αὐτοῦ
1541 5399 1592 5452 oi
1630 5398 1777 5466 ἅγιοι
1840 5399 1939 5452 καὶ

358 5495 734 5565 φιλάνθρωποι
761 5493 837 5555 ῶς
881 5489 1251 5561 φιλανθρώπῳ
1276 5490 1523 5561 Δεσπότῃ
1569 5490 1619 5543 οἱ
1669 5488 1894 5558 ἄγγελοι
1922 5506 1934 5518 ·

358 5587 455 5641 καί
495 5602 627 5640 ποτε
686 5585 787 5656 μὲν
836 5582 1006 5638 αὐτοῦ
1059 5581 1416 5652 γεννηθέντος
1445 5582 1511 5636 τὸ
1545 5581 1690 5637 κατά
1730 5583 1935 5653 σάρκα,

360 5676 587 5747 ἄγγελοι
639 5672 1089 5747 πρωτογνῶστως
1137 5676 1255 5736 τοῖς
1300 5673 1558 5744 ποιμέσιν
1606 5673 1937 5745 ἐπέστησαν,

366 5767 857 5840 μυσταγωγοῦντες
884 5765 1109 5828 τούτους
1137 5768 1208 5836 τῇ
1243 5766 1300 5818 ἐν
1326 5763 1573 5836 Βηθλεὲμ
1600 5765 1767 5820 αὐτοῦ
1797 5784 1933 5836 φατ-

430 5885 479 5920 ⁶³
511 5884 619 5941 lsa.
651 5898 739 5949 ιι,
774 5883 829 5938 5.
908 5883 953 5915 “
980 5881 1139 5939 Joan.
1171 5898 1211 5948 t,
1250 5884 1304 5938 8.

2046 5322 2142 5376 per
2172 5321 2339 5362 omne
2378 5305 2777 5361 incarnationis
2821 5316 3040 5376 tempus
3092 5308 3268 5363 sancti
3312 5317 3367 5363 et
3402 5307 3628 5378 benigni

2047 5413 2146 5453 ceu
2177 5404 2371 5453 sancto
2393 5405 2447 5450 et
2478 5395 2716 5467 benigno
2749 5395 2982 5454 Domino
3022 5398 3225 5468 angeli.
3260 5398 3473 5452 Etenim
3501 5410 3627 5452 nat-i

2045 5491 2143 5545 illo
2174 5489 2227 5543 in
2264 5503 2452 5554 carne,
2487 5489 2664 5560 angeli
2693 5490 2882 5559 prima:
2924 5490 3130 5546 notitia
3162 5500 3413 5545 auctores
3437 5500 3627 5559 pasto-

2042 5581 2198 5636 ribus
2227 5578 2472 5644 fnerunt,
2523 5580 2842 5636 nuntiantes
2885 5580 3050 5649 hujus
3081 5582 3223 5649 apud
3250 5579 3625 5635 Bethleemum

2044 5672 2100 5727 in
2131 5673 2359 5742 praesepi
2421 5671 2787 5726 nativitatem.
2841 5670 3074 5742 Moxque
3118 5671 3454 5727 admirantes
3505 5688 3624 5731 ma-

2044 5779 2210 5836 gnum
2242 5764 2362 5834 ejus
2392 5772 2446 5818 ct
2480 5762 2816 5832 insperatum
2855 5763 2908 5817 in
2952 5762 3282 5832 paupercula
3320 5761 3493 5817 forma
3523 5762 3625 5817 ltu-
