4050 6364
486 401 590 469 743

1683 396 1744 456 8.
1777 393 2174 456 THEODORI
2215 393 2568 456 STUDIT/E

3655 392 3766 458 7M

482 507 818 568 manationis
866 506 1224 580 'mysterium,
1280 505 1464 562 Gloria
1517 506 1574 560 in
1619 505 1843 560 excissis
1903 503 2070 558 Deo"

2179 506 2376 576 νοθέτῳ
2442 506 2698 576 γεννήσει
2729 521 2744 536 ·
2778 506 2875 559 καὶ
2921 498 3083 570 αὖθις
3133 504 3474 574 ἀγασθέντες
3506 507 3568 561 τδ
3620 510 3769 580 μέγα

482 599 773 672 magniﬁce
803 601 1059 670 elataque
1088 614 1221 654 voce
1271 599 1602 654 clamarunt.
1636 598 1770 652 ltem
1821 596 2072 667 angelus,

481 711 582 751 ceu
608 693 882 749 luminare
906 692 1132 748 caeleste
1181 691 1235 746 in
1279 691 1450 747 stellae
1491 692 1722 761 llguram
1749 703 2071 756 conversus,

481 788 588 842 viae
633 787 744 841 dux
799 785 908 840 fuit
936 785 1132 856 magis,
1187 797 1392 839 vocans
1421 783 1490 838 ad
1538 784 1680 837 viam
1722 798 1846 853 quae
1900 781 2072 836 dicit:

484 879 600 950 Ego
624 894 743 933 sum
774 878 859 934 via
889 878 954 933 ‘°.
983 875 1202 932 Rursus
1223 875 1512 930 oraculum
1541 873 1653 928 edit
1678 873 1927 944 angelus,
1951 879 2078 942 post

421 969 424 972 ’
482 987 772 1042 magorum
818 971 1148 1034 discessum,
1213 967 1478 1037 Josepho,
1522 976 1584 1022 ut
1625 981 1753 1022 cum
1805 965 1976 1021 Matre
2011 980 2077 1022 ac

483 1063 618 1120 Jesu
674 1063 728 1118 in
771 1061 1066 1134 Egyptutn
1121 1061 1404 1132 migraret.
1465 1058 1812 1128 Disceditque
1861 1057 2075 1129 fugiens

488 1155 637 1212 Deus
663 1157 732 1210 ab
762 1156 1004 1220 homine,
1055 1168 1258 1208 arcano
1305 1150 1624 1207 oeconomia:
1647 1151 1897 1216 consilio,
1929 1150 2076 1205 haud

483 1249 736 1320 equidem
771 1257 1004 1302 mortem
1060 1246 1278 1312 timens,
1315 1245 1408 1316 qui
1443 1253 1526 1299 est
1571 1229 1856 1298 hominum
1885 1243 2073 1312 judex,

485 1344 579 1400 sed
609 1343 706 1398 tibi
735 1341 965 1411 ﬁguram
1031 1339 1448 1409 exemplumque
1497 1337 1768 1408 praebens,
1834 1337 2078 1406 ﬁnesque

483 1436 702 1491 timoris
735 1443 790 1489 et
823 1433 998 1488 virilis
1033 1432 1226 1497 animi,
1256 1430 1606 1500 quandonam
1639 1429 1800 1485 etubi
1823 1438 1874 1484 et
1908 1444 2078 1500 quare

484 1526 891 1600 opportunitate
943 1526 1000 1579 in
1033 1524 1248 1579 cunctis
1279 1523 1541 1579 utendum
1595 1523 1684 1578 sit.
1735 1520 1854 1576 Non
1893 1531 2074 1577 tamen

485 1637 659 1693 usque
687 1621 752 1675 ad
785 1619 1082 1692 Egyptum
1121 1617 1498 1672 tantummodo
1529 1617 1848 1686 angelorum
1895 1614 2078 1670 famu-

483 1712 629 1768 latus
670 1711 960 1766 Dominum
998 1724 1158 1766 suum
1213 1708 1507 1764 comitatus
1552 1715 1658 1773 est,
1693 1707 1787 1763 sed
1819 1707 1980 1762 ctiam
2009 1723 2078 1762 ex

483 1797 722 1870 Egypto
755 1798 987 1854 reditum
1017 1797 1246 1868 angelus
1269 1793 1508 1866 Joseplto
1538 1795 1758 1852 indixit.

2179 599 2278 653 καὶ
2327 599 2633 670 παράδοξον
2681 599 2849 653 αὐτοῦ
2875 599 2977 669 τῆς
3004 600 3452 671 πτωχοπρεποῦς
3486 601 3768 674 ὲνανθρω-

2175 691 2397 761 πήσεως
2433 693 2752 762 μυστήριον,
2767 691 2849 756 τὸ,
2873 692 3049 756 Δόξα,
3071 691 3370 762 λαμπρῶς,
3390 693 3462 747 ἐν
3481 695 3764 764 ὑψίστοις

2179 779 2301 846 Θεῷ
2308 833 2324 860 ,
2347 782 2687 853 διαπρυσίως
2709 783 3012 853 έκέκραγον
3032 798 3048 814 ο
3069 783 3167 838 καὶ
3191 783 3422 854 ἄγγελος
3438 784 3514 848 ὡς
3541 786 3770 859 φωστὴρ

2177 875 2431 943 οὐράνιος
2469 876 2566 939 είς
2623 875 2856 947 ἀστέρος
2905 876 3081 930 τύπον
3135 877 3470 948 μορφωθεὶς,
3501 880 3606 950 τὴν
3649 880 3768 935 666v

2177 965 2431 1021 ὡδοποίει
2498 967 2699 1038 μάγοις
2773 955 2957 1022 καλῶν
3047 968 3184 1040 πρὸς
3271 969 3372 1042 τήν
3456 970 3576 1026 ὁδὸν
3665 974 3768 1044 τήν

2177 1058 2444 1128 λέγουσαν
2472 1074 2488 1090 ⁸
2533 1060 2679 1130 Ἐγώ
2741 1062 2858 1130 ειμι
2921 1059 3064 1128 ὁδός
3092 1077 3106 1092 ο
3146 1063 3512 1135 χρησμοτοδεῖ
3553 1065 3614 1120 δὲ
3671 1068 3768 1122 καὶ

2177 1151 2343 1205 πάλιν
2393 1147 2552 1217 αὖθις
2601 1153 2852 1222 ἄγγελος,
2886 1153 3362 1226 ἀναχωρησάντων
3408 1157 3520 1210 τῶν
3549 1159 3762 1229 μάγων,

2193 1233 2412 1314 Ἰωσὴφ,
2465 1245 2562 1298 σὺν
2621 1247 2688 1317 τῇ
2747 1246 2934 1317 Μητρὶ
2986 1247 3082 1300 καὶ
3149 1245 3328 1318 Ἰησοῦ
3383 1249 3484 1320 τήν
3534 1249 3766 1324 ἔπαρσιν

2178 1335 2456 1387 ποιεῖσθαι
2481 1333 2568 1387 ἐπ’
2601 1334 2880 1401 Αἴγυπτον
2903 1351 2920 1367 ο
2960 1335 3057 1388 καὶ
3081 1335 3292 1408 οἴχεται
3325 1339 3506 1408 φυγὰς
3533 1339 3674 1405 Θεὸς
3700 1344 3766 1396 ὲκ

2181 1424 2378 1497 βροτοῦ
2414 1428 2799 1494 οἰκονομικῶς,
2817 1427 2878 1481 οὐ
2903 1427 3145 1498 φρίττων
3165 1427 3361 1497 θνητὸν
3387 1431 3417 1485 6
3440 1433 3637 1506 κριτής
3654 1434 3765 1488 τῶν

2180 1515 2410 1588 βροτῶν,
2441 1517 2578 1571 ἀλλά
2605 1533 2692 1570 σοι
2714 1517 2886 1570 τύπον
2910 1517 3006 1570 καὶ
3028 1517 3216 1570 εἰκόνα
3245 1517 3446 1587 διδοὺς,
3469 1522 3566 1575 καὶ
3603 1523 3767 1596 ὅρους

2177 1608 2383 1671 δειλίας
2416 1608 2512 1662 καὶ
2542 1606 2818 1679 ἀνδρείας,
2847 1607 2979 1661 πότε
3002 1608 3100 1662 καὶ
3126 1609 3233 1664 1:06
3258 1611 3354 1664 καὶ
3391 1612 3587 1684 καιρὸν
3627 1615 3764 1668 εἰδέ-

2178 1715 2268 1752 ναι
2295 1701 2408 1762 τοίς
2435 1699 2604 1752 πᾶσιν
2632 1713 2648 1728 ·
2680 1699 2744 1750 οὐ
2775 1697 2940 1768 μέχρι
2964 1697 3023 1752 δὲ
3067 1698 3346 1768 Αἰγύπτου
3375 1703 3408 1772 ή
3447 1703 3560 1756 τῶν
3595 1704 3764 1772 ἀγγέ-

2179 1788 2286 1842 λων
2308 1788 2443 1860 πρὸς
2464 1788 2556 1842 τὸν
2583 1787 2794 1842 ἑαυτῶν
2822 1790 3103 1860 Δεσπότην
3126 1789 3462 1862 λειτουργία,
3499 1791 3635 1847 ἀλλὰ
3667 1795 3765 1848 καὶ

684 1889 888 1945 Deinde
913 1903 1044 1944 vero
1077 1855 1209 1959 quid
1240 1888 1264 1942 ?
1297 1855 1418 1942 Alia
1464 1903 1685 1959 quoque
1745 1890 1815 1943 ab
1870 1887 2076 1959 angelis

2179 1881 2274 1934 ἀπ’
2305 1855 2584 1950 Δίγύπτου
2607 1880 2841 1949 ἄγγελος
2868 1880 2950 1952 τῷ
2989 1855 3187 1952 Ἰωσὴφ
3215 1855 3411 1952 μηνύει
3436 1855 3538 1952 τήν
3561 1883 3760 1949 ἔξοδον.

487 1982 729 2037 factitata
769 1981 1028 2050 reperies.
1063 1979 1255 2052 Angeli
1289 1978 1560 2049 siquidem
1590 1981 1658 2035 ad
1691 1978 1877 2035 Jesum
1896 1981 2079 2050 bapti-

486 2082 672 2127 zatum
731 2069 1082 2126 ministrandi
1119 2069 1294 2140 gratia
1329 2069 1388 2124 in
1419 2070 1637 2126 deserto
1686 2080 2072 2126 accesserunt:

485 2178 596 2218 non
637 2161 785 2233 quod
817 2175 1057 2230 unquam
1086 2175 1116 2214 a
1142 2159 1373 2215 Domino
1409 2174 1512 2216 suo
1539 2155 1866 2226 abfuissent,
1895 2161 1988 2216 sed
2017 2170 2077 2216 ut

489 2266 568 2322 tu,
600 2272 632 2312 o
677 2255 874 2320 fidelis,
925 2253 1201 2317 crederes,
1272 2253 1557 2308 hominem
1619 2253 1953 2322 baptizatum
2021 2262 2075 2310 et

485 2349 811 2417 munditiem
844 2355 1286 2411 conservantcm,
1327 2346 1550 2415 angelos
1591 2345 1940 2400 invisibiliter
1969 2346 2076 2399 mi-

487 2441 693 2496 nistros
719 2438 1088 2508 custodesque
1137 2439 1358 2493 habere.
1404 2438 1557 2492 Unde
1588 2444 1642 2492 et
1694 2437 1748 2491 in
1785 2435 2075 2491 Probatica

486 2531 722 2601 piscina,
753 2527 820 2583 ad
880 2528 1134 2598 baptismi
1190 2529 1442 2597 figuram,
1478 2529 1707 2599 angelus
1763 2528 2078 2583 sanationes

487 2622 899 2692 faciebatzqua
959 2622 1014 2676 in
1068 2621 1280 2690 piscina
1331 2621 1513 2692 magni
1573 2620 1791 2676 consilii
1845 2621 2076 2690 angelus

488 2716 742 2772 Christus
774 2714 982 2770 homini
1033 2714 1146 2783 jam
1185 2715 1410 2786 triginta
1461 2724 1514 2769 et
1542 2722 1667 2768 octo
1715 2727 1892 2767 annos
1917 2725 2077 2782 para-

488 2809 653 2882 lytico
701 2808 936 2864 salutem
989 2806 1260 2862 contulit:
1295 2805 1413 2875 ipse
1463 2804 1746 2860 tricesimo
1788 2802 1913 2857 vitae
1962 2815 2079 2856 sua:

488 2918 636 2958 anno
665 2901 994 2971 baptizatus,
1020 2908 1074 2955 et
1107 2898 1252 2952 illius
1300 2897 1548 2969 quinque
1585 2910 1778 2952 sensus
1806 2894 1912 2951 fide
1951 2893 2078 2949 Tri-

489 2994 677 3049 nitatis
711 2992 1045 3064 prodigiose,
1070 3005 1296 3046 sanans.
1329 2988 1434 3045 Sed
1467 3003 1660 3058 parum
1708 2986 1900 3050 abfuit,
1943 2987 2077 3058 quin

487 3089 635 3160 quod
663 3098 748 3142 est
799 3102 909 3157 pra:
954 3085 1167 3140 caeteris
1211 3100 1490 3140 summum
1529 3094 1585 3140 et
1631 3083 1962 3148 mirabilius,
2019 3082 2078 3137 in

2255 1971 2342 2027 ια’.
2372 1970 2506 2028 Εἶτα
2537 1973 2589 2028 τί
2613 1989 2630 2040 ;
2671 1972 2770 2027 καὶ
2811 1973 2882 2027 τὰ
2917 1972 3055 2028 ἄλλα
3081 1975 3224 2046 περὶ,
3251 1974 3503 2045 ἀγγέλων
3533 1975 3715 2048 εὕροις
3744 1993 3761 2009 ο

2178 2065 2402 2136 ἄγγελοι
2440 2067 2538 2138 μὲν
2562 2067 2642 2139 τῷ
2686 2065 2865 2138 Ἰησοῦ
2896 2065 3254 2138 βαπτισθέντι
3285 2068 3346 2121 ὲν
3372 2069 3441 2141 τῇ
3463 2069 3662 2141 ιρήμῳ
3683 2071 3766 2135 εις

2177 2159 2458 2213 διακονίαν
2479 2158 2880 2231 προσέρχονται
2908 2175 2924 2190 ο
2945 2158 3047 2230 οὐχ
3073 2159 3158 2213 δτι
3181 2157 3404 2216 πώποτε
3429 2159 3528 2215 τοῦ
3553 2161 3763 2218 ἑαυτῶν

2177 2250 2452 2304 Δεσπότου
2486 2250 2829 2323 ἀπέστησαν,
2865 2251 2982 2306 ἀλλ’
3005 2253 3157 2316 ὅπως
3193 2253 3262 2308 σὺ
3286 2253 3572 2325 πιπωθῇς
3611 2255 3642 2308 6
3674 2270 3736 2308 πι

2179 2341 2326 2405 στὺς,
2355 2341 2441 2395 δτι
2492 2340 2820 2412 βαπτισθεὶς
2866 2342 2963 2396 καὶ
2999 2342 3288 2410 φυλάττων
3312 2343 3416 2412 τὴν
3471 2343 3761 2416 κάθαρσιν,

2177 2432 2445 2501 ἀγγέλους
2472 2431 2726 2506 ἀοράτως
2753 2434 2892 2504 πρὸς
2917 2433 3202 2490 διακονίαν
3226 2435 3322 2490 καὶ
3340 2437 3584 2508 τήρησιν
3599 2439 3763 2510 κομί-

2178 2523 2332 2589 ζεται
2355 2539 2370 2554 ο
2399 2524 2524 2578 ὅθεν
2568 2527 2664 2579 καί⁵
2716 2527 2776 2580 ὲν
2830 2529 2898 2599 τῇ
2933 2525 3250 2599 Προσατικῇ
3293 2527 3656 2601 κολυμσήθρᾳ
3685 2531 3764 2594 είς

2175 2615 2456 2670 τύποντοῦ
2479 2615 2861 2689 βαπτίσματος
2887 2618 3120 2688 ἄγγελος
3145 2619 3246 2684 τὰς
3272 2620 3443 2686 ἰάσεις
3461 2621 3764 2677 ἐνεδείκνυ-

2173 2724 2238 2762 το
2260 2749 2276 2774 ,
2302 2709 2362 2762 έν
2457 2711 2488 2763 6
2511 2709 2616 2781 τῆς
2649 2711 2898 2783 μεγάλης
2925 2711 3127 2783 βουλῆς
3154 2713 3422 2783 Ἀγγελος
3445 2717 3475 2769 6
3501 2714 3758 2788 Χριστὸς.

2175 2799 2265 2854 διὰ
2286 2818 2316 2854 τ
2324 2803 2583 2872 ριάκοντα
2604 2804 2702 2858 καὶ
2723 2802 2870 2862 ὀκτὼ
2889 2804 3034 2860 ἑτῶν
3050 2805 3129 2878 τῷ
3149 2807 3450 2880 παραλύτφ
3465 2809 3764 2880 ἐχαρίσατο

2178 2893 2360 2948 ῐασινο
2390 2897 2823 2966 τριακονταέτης
2873 2897 3297 2971 βαπτιζόμενος,
3324 2901 3421 2956 καὶ
3449 2901 3552 2966 τάς
3598 2901 3762 2956 πέντε

2175 2986 2372 3042 τούτου
2395 2989 2681 3062 αἰσθήσεις
2723 2993 2792 3062 τῇ
2837 2990 3026 3046 πίστει
3048 2992 3151 3064 τῆς
3177 2993 3410 3065 Τριάδος
3438 2995 3764 3067 παραδόξως

2183 3080 2436 3150 ἰώμενος.
2467 3081 2670 3155 Μικρῳ
2697 3085 2796 3137 καὶ
2831 3083 2965 3140 αὐτὸ
2983 3083 3048 3138 τὺ
3083 3083 3304 3140 πάντων
3325 3087 3762 3160 κορυφαιότατοι,

488 3178 663 3235 sacris
693 3176 944 3233 historiis
981 3178 1051 3233 de
1098 3177 1312 3247 angelis
1343 3175 1604 3240 relatum,
1638 3175 1902 3231 indictum
1935 3188 2077 3245 prte-

2180 3172 2278 3226 καὶ
2307 3172 2762 3246 θαυμασιώτερον
2791 3176 2850 3229 έν
2873 3175 3214 3247 πράγμασιν
3239 3176 3410 3249 ἱεροῖς
3426 3179 3558 3251 περὶ
3589 3179 3762 3248 ἀγγέ-

490 3271 736 3324 terirem.
788 3267 961 3334 Quale
1014 3281 1146 3322 vero
1201 3276 1287 3324 est
1351 3265 1499 3322 hoc?
1529 3263 1611 3321 llli
1665 3265 1876 3321 scilicet
1928 3263 2078 3319 circa

487 3361 694 3417 Christi
732 3359 1010 3415 vivilicum
1066 3359 1379 3430 sepulcrum
1409 3357 1771 3429 inexspectati
1799 3365 1854 3413 et
1886 3355 2078 3411 multi-

491 3455 697 3511 formes
727 3457 922 3527 angeli,
954 3471 1188 3526 quorum
1220 3471 1347 3511 vere
1381 3455 1654 3528 peregrini
1682 3463 1737 3512 et
1754 3455 1924 3510 relatu
1957 3469 2078 3510 ma-

487 3551 639 3621 jores
674 3549 894 3604 fuerunt
916 3563 982 3604 eo
1033 3549 1086 3603 in
1126 3549 1248 3604 loco
1281 3563 1564 3606 sermones
1593 3558 1758 3619 atque
1809 3547 2077 3618 prodigia.

490 3640 608 3707 Qua
644 3639 696 3694 iu
748 3655 808 3694 re
841 3638 971 3694 illud
1034 3638 1090 3693 in
1143 3639 1338 3709 primis
1403 3637 1594 3694 sedulo
1657 3637 2078 3701 animadvertes,

491 3729 770 3802 quomodo
798 3727 981 3784 cuncti
1031 3727 1252 3783 Christo
1279 3726 1465 3782 dilecti
1519 3727 1805 3799 terrigenae
1855 3742 2083 3784 currere

491 3823 622 3878 illuc
649 3821 923 3885 dicantur,
954 3819 1050 3876 sed
1090 3835 1342 3890 supernae
1389 3830 1598 3875 natura:
1655 3821 1864 3890 absque
1914 3835 2080 3876 cursu

490 3917 604 3972 illic
649 3915 910 3971 sedentes
940 3922 1257 3984 appareant.
1295 3901 1732 3983 Petrus‘itaque
1775 3927 2082 3983 exsurgens

489 4010 556 4064 ad
611 4014 1027 4063 monumentum
1084 4005 1391 4073 currebat;
1441 4003 1537 4061 sed
1587 4003 1731 4060 alius
1774 4003 2081 4073 discipulus

491 4101 656 4157 Petro
708 4101 872 4157 citius
952 4099 1334 4172 prmcucurrit.
1376 4097 1442 4154 Et
1489 4097 1684 4162 ‘Maria
1765 4095 2082 4168 Magdalene

490 4195 686 4260 currit,
718 4193 973 4264 venitque
1006 4191 1075 4247 ad
1133 4190 1412 4246 Simonem
1445 4189 1684 4246 Petrum.
1722 4189 1789 4244 Et
1836 4189 1956 4244 alia:
1974 4187 2083 4243 Ma-

490 4289 586 4342 riae
623 4286 923 4342 currebant
975 4284 1228 4340 nuntium
1265 4283 1503 4339 ferentes
1548 4281 1854 4353 discipulis.
1890 4279 1996 4336 Sed
2029 4281 2078 4336 ei

492 4381 598 4434 illa:
635 4377 778 4448 apud
805 4376 1051 4431 Marcum
1083 4376 1341 4431 mulieres
1396 4375 1604 4430 cursim
1636 4389 1667 4429 a
1721 4382 2080 4430 monumento

492 4471 764 4544 fugerunt.
807 4471 877 4524 At
905 4485 1014 4525 non
1044 4469 1118 4523 ita
1150 4469 1330 4540 angeli
1359 4483 1525 4523 cursu
1561 4475 1812 4538 utuntur,
1847 4467 1942 4522 sed
1967 4466 2080 4523 illic

494 4565 706 4630 sedent,
741 4563 883 4618 alius
916 4563 982 4618 ad
1007 4571 1195 4632 caput,
1223 4562 1366 4617 alius
1398 4562 1463 4616 ad
1483 4561 1600 4616 saxi
1630 4559 1819 4631 pedes,
1849 4561 2079 4616 ubicor-
2105 4549 2158 4610 D

494 4673 598 4730 pus
627 4656 755 4713 Jesu
792 4655 1064 4728 iacuerat,
1099 4661 1156 4709 et
1192 4653 1284 4708 alii
1311 4653 1534 4724 quidem
1578 4653 1744 4720 intra,
1790 4652 1958 4724 lapidi
1987 4651 2076 4708 in-

489 4751 688 4807 sideut.

563 4925 651 4979 12.
697 4923 838 4991 Quid
881 4938 1012 4994 ergo
1059 4922 1191 4978 hinc
1233 4920 1544 4978 discimus?
1588 4918 1796 4992 Nempe
1835 4937 1933 4978 eos
1979 4923 2075 4992 qui

493 5021 734 5074 nomium
763 5018 948 5072 divina
980 5015 1242 5088 mysteria
1283 5023 1672 5086 susceperunt,
1706 5032 1803 5072 ceu
1851 5016 2078 5088 terrige-

494 5122 596 5164 nas
618 5146 634 5174 ,
668 5107 868 5162 merito
900 5120 1160 5173 currere,
1190 5105 1336 5161 sicut
1365 5104 1532 5160 etiam
1568 5104 1774 5160 Paulus
1801 5106 1879 5160 ait
1905 5103 1951 5138 "
1973 5147 1990 5172 ,
2017 5114 2078 5161 ut

495 5198 977 5269 comprehendant.
1003 5197 1142 5252 Nam
1171 5196 1239 5252 ad
1275 5196 1534 5252 dilectum
1557 5198 1651 5268 qui
1683 5199 1875 5264 currit,
1906 5213 2074 5255 cursu

497 5292 694 5348 utitur.
723 5292 849 5348 Ideo
879 5293 1086 5349 sedisse
1120 5291 1382 5348 dicuntur
1403 5293 1548 5364 apud
1592 5293 1903 5364 sepulcrum
1949 5308 2076 5348 san-

495 5383 732 5439 ctissimi
756 5383 947 5456 langeli
970 5424 986 5448 ,
1022 5399 1120 5439 ceu
1151 5382 1261 5453 iam
1294 5384 1450 5456 gnari
1487 5384 1797 5440 divinorum
1829 5399 2079 5441 resurre-t

494 5477 694 5533 ctio'nis
741 5477 1174 5550 mysteriorum:
1221 5481 1316 5532 sed
1365 5475 1506 5532 alius
1547 5477 1768 5548 quidem
1805 5476 1872 5530 ad
1913 5483 2079 5546 caput

496 5571 688 5636 sedet,
723 5573 849 5642 quia
885 5556 1121 5628 fortasse
1153 5569 1550 5626 excelsioribus
1581 5570 1858 5641 mysteriis
1894 5569 2079 5624 initia-

493 5670 586 5718 tus
619 5680 634 5717 :
677 5663 818 5718 alius
853 5663 920 5719 ad
950 5664 1150 5735 pedes,
1191 5665 1319 5735 quia
1360 5665 1593 5719 fortasse
1621 5661 1945 5717 inferiorum
1977 5663 2073 5717 ali-

569 5867 617 5902 ”
645 5867 782 5927 Luc.
805 5886 865 5936 ιι,
901 5871 982 5926 ll.
1061 5871 1285 5928 “Joan.
1319 5887 1430 5940 xlv,
1461 5872 1518 5942 6,
1613 5872 1658 5905 ⁸⁷
1697 5869 1716 5924 Ι
1747 5871 1877 5926 Cor.
1913 5887 1988 5937 IX.
2019 5869 2113 5928 2-5-

2179 3261 2288 3316 λων
2341 3263 2664 3336 φερόμενον,
2689 3263 2772 3334 τῷ
2825 3265 2972 3338 λόγῳ
3036 3266 3398 3340 παρέδραμον
3420 3285 3438 3301 ο
3506 3271 3666 3324 ποῖον
3703 3270 3761 3324 δὲ

2177 3355 2378 3424 τοῦτο;
2407 3356 2532 3421 τοὺς
2577 3356 2723 3412 κατὰ
2763 3356 2857 3412 τὸν
2892 3359 2995 3429 τῆς
3023 3357 3176 3430 ζωῆς
3207 3358 3444 3431 Χριστοῦ
3474 3359 3761 3432 ζωηφόρον

2179 3448 2353 3520 τάφον
2379 3449 2722 3524 παραδόξους
2745 3466 2812 3504 τε
2837 3451 2933 3506 καὶ
2955 3449 3338 3523 πολυτρόπους
3363 3452 3656 3522 ἀγγέλους,
3685 3446 3762 3508 ῶν

2179 3543 2258 3608 ὡς
2286 3543 2502 3615 άληθῶς
2528 3543 2654 3609 ξένα
2679 3545 2776 3598 καὶ
2797 3544 2940 3616 ὑπὲρ
2980 3542 3146 3614 λόγον
3171 3543 3242 3598 τὰ
3281 3543 3425 3598 κατὰ
3447 3545 3613 3600 τόπον
3657 3564 3760 3618 κη-

2183 3635 2442 3708 ρύγματα
2470 3637 2567 3690 καὶ⁵
2593 3636 2876 3707 θαυμάσια
2903 3652 2918 3667 ·
2953 3638 3015 3689 έν
3041 3630 3128 3700 οἷς
3148 3640 3451 3709 σιωπήσεις
3481 3641 3762 3711 turpata;

2181 3731 2291 3802 1:96
2323 3729 2438 3784 τῶν
2480 3730 2658 3785 ἄλλων
2687 3731 2885 3797 έκεῖνο,
2913 3729 3036 3794 πῶς
3063 3730 3165 3803 μὲν
3202 3732 3442 3798 ἅπαντες
3465 3735 3518 3787 0i
3540 3733 3762 3806 Χριστῷ

2182 3823 2508 3893 προσφιλεῖς
2535 3825 3040 3895 γηγενεῖςτρέχιιν
3061 3825 3182 3878 ἐκεῖ
3202 3824 3473 3896 λέγονται,
3497 3827 3558 3880 αἱ
3581 3827 3638 3880 δέ
3661 3827 3762 3898 «9-3-

2183 3933 2297 3981 σεις
2343 3918 2400 3970 αῖ
2435 3917 2706 3987 άνώτεραι
2749 3915 2950 3988 ἀδρομὶ
2997 3916 3328 3983 καθέζεσθαι
3375 3919 3662 3988 φαίνονται
3687 3934 3704 3951 ·
3731 3919 3762 3972 6

2185 4011 2287 4083 μὲν
2316 4009 2412 4064 οὖν
2443 4011 2651 4080 Πέτρος
2675 4009 2918 4074 ἀναστὰς
2964 4009 3203 4083 ἔδραμεν
3229 4010 3328 4065 ἐπὶ
3360 4010 3423 4064 τὸ
3457 4014 3724 4082 μνημεῖον
3743 4027 3757 4041 ·

2180 4104 2210 4156 6
2233 4102 2291 4156 δὲ
2318 4101 2479 4166 ἄλλος
2504 4101 2756 4174 μαθητὴς
2791 4101 3106 4175 προέδραμε
3142 4103 3332 4174 τάχιον
3373 4103 3468 4157 τοῦ
3506 4104 3714 4175 Πέτρου
3743 4119 3758 4135 ο

2181 4195 2278 4249 καὶ
2331 4194 2519 4267 Μαρία
2557 4196 2592 4267 ή
2623 4193 2959 4268 Μαγδαληνὴ
2989 4195 3174 4267 τρέχει
3225 4197 3322 4250 καὶ
3355 4195 3573 4266 ἔρχεται
3626 4196 3761 4267 1:96;

2181 4287 2403 4359 Σίμωνα
2437 4286 2650 4360 Πέτρον
2675 4302 2692 4317 ·
2727 4287 2822 4342 καὶ
2854 4288 2913 4342 αι
2943 4287 3102 4342 ἄλλαι
3130 4288 3342 4358 Μαρίαι
3375 4287 3617 4359 ἔδραμον
3650 4289 3760 4341 άπ-

2180 4379 2544 4450 αγγέλλουσαι
2567 4381 2683 4445 τοῖς
2707 4379 2976 4452 μαθηταῖς
3003 4395 3020 4413 ο
3049 4378 3142 4434 καὶ
3167 4379 3226 4432 αῖ
3249 4379 3393 4433 κατὰ
3421 4379 3514 4434 τὸν
3537 4380 3760 4451 Μάρκον

2179 4473 2383 4543 ὁμοίως
2434 4473 2494 4527 έν
2529 4471 2717 4544 δρόμῳ
2764 4471 3120 4542 ἔφυγον-άπὸ
3167 4470 3262 4526 τοῦ
3295 4471 3564 4542 μνημείου
3594 4488 3610 4504 ’
3647 4471 3759 4526 ἀλλ’

2181 4567 2282 4638 οὐχ
2326 4565 2504 4629 οὕτως
2533 4564 2725 4621 ἐνθάδε
2755 4564 2944 4636 δρόμῳ
2987 4565 3346 4635 ἑμφαίνονται
3378 4564 3704 4636 καθήμενοι,
3733 4569 3762 4616 6

2181 4654 2238 4708 δὲ
2293 4653 2432 4725 πρὸς
2481 4655 2547 4725 τῇ
2599 4651 2832 4724 κεφαλῇ,
2863 4653 2958 4706 καὶ
3014 4653 3176 4718 ἄλλος
3225 4653 3366 4725 πρδς
3418 4657 3534 4718 τοῖς
3581 4654 3758 4719 ποσὶν,

2182 4743 2316 4796 ὅπου
2369 4743 2552 4797 ἔκειτο
2600 4742 2663 4796 τὸ
2692 4747 2854 4812 σῶμα
2878 4742 2975 4797 τοῦ
3013 4742 3190 4809 Ἰησοῦ
3211 4761 3226 4775 ·
3251 4744 3346 4798 καὶ
3374 4743 3425 4797 οί
3455 4743 3561 4815 μιν
3585 4743 3759 4808 ἐντὸς,

2179 4835 2230 4886 οῖ
2259 4832 2316 4887 δὲ
2347 4833 2505 4898 ἐκτὸς
2527 4833 2715 4888 έπάνω
2751 4831 2848 4887 τοῦ
2868 4831 3020 4888 λίθου
3050 4834 3376 4904 καθήμενοι.

2258 4925 2346 4997 ιβ’.
2377 4925 2443 4978 Τί
2460 4921 2554 4980 οὖν
2579 4925 2670 4979 διὰ
2706 4923 2912 4978 τούτων
2963 4924 3456 4996 μανθάνομενςὸτι
3500 4926 3551 4980 οἱ
3594 4927 3762 4998 μήπω

2179 5016 2250 5072 τὰ
2265 5017 2388 5072 θεῖα
2405 5015 2806 5079 καταλαϐόντες
2829 5016 3130 5087 μυστήρια,
3148 5016 3227 5080 ὡς
3247 5019 3517 5087 γηγενεῖς,
3537 5016 3763 5078 δικαίως

2178 5109 2488 5181 τρέχουσιν,
2518 5106 2595 5170 ὡς
2630 5105 2727 5160 καὶ
2757 5105 2971 5170 Παῦλός
3017 5123 3209 5177 φησιν,
3240 5107 3328 5161 ίνα
3368 5107 3718 5162 καταλάϐωσι
3741 5123 3759 5140 ο

2179 5199 2319 5272 πρὸς
2342 5199 2450 5270 γὰρ
2476 5199 2537 5252 τὸ
2567 5198 2906 5270 ποθούμενον
2935 5202 2965 5254 6
2995 5201 3209 5272 τρέχων
3247 5201 3430 5273 τρέχει
3450 5213 3467 5230 ⁶
3500 5199 3583 5254 διδ
3629 5201 3762 5255 καθ-

2179 5291 2347 5362 ῆσθαι
2374 5289 2622 5359 λέγονται
2659 5290 2718 5344 ὲν
2747 5289 2826 5362 τῷ
2857 5293 3019 5361 τάφῳ
3040 5291 3090 5344 oi
3130 5292 3383 5360 πανάγιοι
3415 5291 3659 5360 ἄγγελοι,
3686 5291 3761 5354 ὡς

2179 5383 2282 5454 ήδη
2310 5382 2672 5452 γινώσκοντες
2694 5381 2763 5436 τὰ
2787 5381 2909 5436 θεῖα
2939 5382 3042 5453 τῆς
3067 5383 3420 5447 ἀναστάσεως
3447 5387 3723 5454 μυστήρια
3743 5400 3758 5414 ·

2179 5474 2296 5529 ἀλλ’
2327 5477 2356 5528 6
2385 5473 2485 5547 μὲν
2511 5472 2650 5544 1:96;
2677 5477 2745 5546 τῇ
2773 5475 2985 5547 κεφαλῇ
3010 5475 3267 5546 κάθηται,
3293 5476 3424 5541 ἴσως
3437 5476 3512 5540 ῶς
3535 5477 3606 5530 τὰ
3628 5475 3762 5546 ὑψη-

2179 5567 2380 5638 λότερα
2416 5567 2766 5639 μεμυημένος
2794 5568 3069 5638 μυστήρια
3091 5584 3108 5600 ο
3145 5569 3174 5622 6
3203 5567 3259 5620 δὲ
3305 5569 3582 5639 πρὸςτοῖς
3613 5571 3759 5633 ποσὶ,

2179 5660 2322 5730 τάχα
2345 5658 2453 5714 τῶν
2475 5659 2805 5730 κατωτέρων
2835 5659 2998 5714 τινῶν
3023 5660 3342 5733 μυστηρίων
3363 5661 3457 5715 καὶ
3475 5657 3760 5714 διακονιῶν
