4050 6364
306 366 410 435 745

1253 358 1532 424 ORATIO
1565 359 1742 420 VI.-
1769 355 1854 420 IN
1894 356 2222 422 SANCTOS
2263 360 2625 423 ANGELOS.

3463 368 3568 435 7&6

306 476 618 551 λειτουργὸς
644 475 926 547 γινόμενος
945 489 959 507 ·
987 474 1083 530 καὶ
1106 473 1155 528 οἱ
1183 473 1280 545 μὲν
1296 471 1532 544 ὁρῶντες
1561 471 1637 535 ὡς
1652 471 1722 525 τὰ
1742 489 1879 540 κρυ-

2000 481 2122 540 ςιιιοι
2163 473 2568 542 mysteriorum
2590 483 2752 544 atque
2795 472 3094 531 olllciorum
3129 479 3379 536 minister
3404 492 3567 538 erat:

306 571 544 644 πτότερα
579 567 1002 631 διασκοποῦντες
1034 565 1316 637 θαυμάσια
1367 565 1468 634 τῆς
1513 564 1765 633 θεότητος
1789 578 1801 592 ο
1834 564 1883 615 oi

305 663 366 719 δὲ
391 663 567 727 ἐκτὸς,
601 661 732 726 ἴσως
755 661 832 725 ὥς
853 659 916 714 τὸ
936 660 1037 730 τῆς
1073 657 1406 730 σαρκώσεως
1433 657 1670 728 Χριστοῦ
1703 655 1886 724 θαῦμα

306 754 670 828 κηρύττοντες
690 769 704 783 ·
739 754 834 808 καὶΙ
855 751 1016 815 ἄλλος
1039 752 1098 806 ὲν
1125 752 1240 814 τοῖς
1277 750 1470 816 δεξιοῖς
1495 748 1754 818 κάθηται,
1779 748 1884 815 ψυ-

308 847 421 917 χῶν
449 845 676 900 δικαίων
700 843 796 898 καὶ
848 841 1041 910 δεξιῶν
1089 839 1225 894 Θεοῦ
1276 837 1636 911 μυσταγωγὸς
1667 837 1889 906 γινόμε-

307 950 440 1000 νοςο
477 935 616 990 ἀλλὰ
664 935 763 988 καὶ
824 933 1122 990 νεανίσκων
1182 933 1495 1002 προσώποις
1553 927 1890 1001 ὡραῖσμένοι

307 1029 565 1101 ὁρῶνται,
605 1027 716 1080 τῶν
767 1025 1067 1079 νεανίσκων
1109 1023 1204 1077 καὶ
1249 1021 1574 1094 ἀθραύστων
1617 1021 1712 1074 καὶ
1749 1020 1890 1088 ἀγη-

314 1121 492 1193 ράτων
521 1120 614 1174 καὶ
653 1117 971 1189 ἀφθάρτων,
1001 1115 1096 1170 καὶ
1137 1114 1198 1169 τὸ
1242 1113 1502 1176 εὐσταλὲς
1531 1113 1625 1166 καὶ
1662 1110 1890 1181 φιλάρε-

307 1229 403 1265 τον
425 1211 524 1280 τῆς
553 1210 762 1264 ἑαυτῶν
788 1208 1006 1280 φύσεως
1034 1206 1174 1278 πρὸς
1205 1205 1338 1260 Θεὸν
1360 1205 1449 1260 διὰ
1476 1207 1574 1276 τῆς
1605 1217 1890 1258 νεανισκο-

310 1301 514 1374 φανοῦς
541 1301 904 1372 αἰνιττόμενοι
959 1299 1148 1371 ὥρας⁹
1191 1297 1316 1351 ὃθεν
1369 1298 1462 1350 καὶ
1507 1297 1566 1349 ὲν
1598 1294 1890 1364 ἐσθήσεσιν

313 1393 785 1466 ἀστραπτούσαις,
817 1391 954 1463 ὁμοῦ
987 1409 1046 1444 τε
1072 1391 1162 1445 ἴνα
1189 1387 1406 1454 δείξωσι
1434 1387 1496 1440 τδ
1515 1384 1769 1458 λαμπρὸν
1797 1382 1892 1438 καὶ

310 1483 542 1538 ἄσπιλον
571 1483 668 1535 καὶ
691 1479 957 1553 ἐρωτικὸν
990 1480 1089 1552 τῆς
1115 1477 1355 1549 Χριστοῦ
1384 1475 1757 1538 ἀναστάσεως,
1793 1473 1891 1526 καὶ

309 1574 372 1630 τὺ
400 1574 644 1646 ᾶρρυπον
673 1573 768 1626 καὶ
815 1569 1021 1634 ἀπαθὲς
1066 1569 1162 1624 καὶ
1200 1567 1538 1638 ἀκηλίδωτον
1580 1565 1762 1635 χάριτι
1793 1563 1892 1633 τῆς

312 1665 521 1720 ἑαυτῶν
570 1664 822 1735 φύσεως·
856 1662 979 1716 ἐπεὶ
1037 1661 1148 1733 γὰρ
1200 1659 1454 1732 δεύτερον
1505 1658 1625 1729 φῶς
1665 1655 1805 1728 μετὰ
1831 1653 1892 1707 τὸ

310 1756 549 1831 πρῶτον,
582 1756 611 1808 ὃ
640 1757 760 1808 ὲστι
777 1753 838 1808 τὸ
859 1751 975 1824 φῶς
997 1751 1105 1806 τῶν
1136 1751 1352 1822 φώτων,
1375 1751 1594 1820 λέγεται
1619 1747 1850 1818 ἄγγελος
1877 1763 1890 1776 ·

1993 571 2048 615 et
2075 561 2167 616 alii
2200 562 2421 631 quidem
2456 573 2768 633 spectantes
2793 603 2810 628 ,
2841 566 3001 636 quasi
3031 569 3328 627 secretiora
3361 574 3570 630 riman-

1991 660 2073 708 tes
2098 653 2346 724 prodigia
2369 653 2674 709 divinitatis
2701 671 2716 710 :
2765 655 2858 710 alii
2889 665 3039 712 extra
3061 695 3076 724 ,
3115 658 3353 718 fortasse
3380 672 3570 735 utpote

1989 743 2389 800 incarnationis
2441 744 2644 800 Chriin
2690 747 2999 818 prodigium
3050 750 3410 818 praedicantes
3449 771 3464 809 :
3513 765 3570 812 et

1991 837 2131 894 alius
2159 837 2216 892 in
2243 836 2464 893 dextera
2496 844 2648 907 parte
2693 837 2882 904 sedet,
2929 839 3057 910 quia
3095 843 3369 910 justarum
3410 855 3467 900 et
3507 847 3564 902 in

1990 929 2213 985 dextera
2267 927 2366 985 Dei
2418 928 2869 985 collocandarum
2920 931 3228 989 animarum
3281 937 3564 1008 magister.

1992 1021 2098 1078 Sed
2125 1031 2179 1077 et
2203 1021 2630 1076 adolescentium
2657 1023 3013 1092 pulchrorum
3045 1023 3234 1082 formis
3259 1028 3448 1084 decori
3471 1047 3568 1102 apo

1991 1121 2186 1184 parent
2205 1152 2220 1178 ,
2249 1112 2678 1170 adolescentium
2705 1153 2720 1178 ,
2756 1116 2980 1186 inquam
3007 1158 3020 1178 ,
3051 1117 3526 1189 integerrimorum
3547 1161 3565 1188 ,

1992 1201 2130 1259 senii
2159 1211 2215 1256 et
2242 1203 2573 1272 corruptelae
2597 1207 2934 1275 expertium,
2965 1209 3057 1278 qui
3090 1220 3433 1270 constantem
3464 1231 3567 1271 na-

1991 1301 2129 1348 turae
2159 1308 2273 1349 suae
2301 1309 2428 1365 erga
2460 1295 2630 1350 Deum
2661 1296 2940 1364 virtutem,
2967 1299 3194 1369 juvenili
3227 1303 3568 1364 immanitate

1991 1383 2302 1453 designant.
2331 1383 2510 1451 Quare
2546 1393 2600 1439 et
2629 1385 2869 1442 vestibus
2900 1399 3164 1458 apparent
3195 1389 3528 1463 fulgentibus
3549 1435 3563 1460 ,

1992 1479 2054 1526 ut
2113 1471 2279 1526 simul
2337 1471 2714 1531 demonstrent
2759 1474 3120 1548 splendidam,
3157 1481 3567 1542 immaculatum

1993 1563 2396 1634 amabilemqne
2415 1565 2617 1622 Christi
2641 1570 3058 1625 resurrectionis
3078 1575 3346 1642 speciem;
3377 1589 3430 1631 et
3453 1580 3567 1634 col-

1994 1649 2158 1706 latam
2200 1651 2444 1720 ipsorum
2492 1665 2702 1711 natura:
2739 1672 2770 1712 a
2808 1657 2989 1714 divina
3009 1662 3185 1730 gratia
3211 1665 3566 1734 munditiem,

1995 1740 2518 1811 impassibilitatem,
2551 1753 2716 1815 atque
2741 1745 3178 1816 impeccantiam.
3215 1753 3428 1812 Etenim
3479 1775 3568 1816 εει

309 1849 503 1904 τούτου
537 1849 697 1920 χάριν
731 1848 824 1901 καὶ
855 1847 1144 1918 ἐσθήσεσιν
1175 1843 1643 1916 άστραπτούσαις,
1684 1841 1779 1894 καὶ
1819 1837 1894 1904 ὡς

2000 1833 2236 1889 cundum
2269 1834 2452 1892 lumen
2497 1847 2626 1908 post
2661 1841 2898 1910 primum
2925 1881 2940 1906 ,
2993 1843 3138 1913 quod
3180 1855 3265 1902 est
3297 1847 3566 1906 luminum

309 1942 586 2016 ἀστραπὴ,
620 1941 718 1994 καὶ
742 1940 818 2003 ὡς
861 1939 995 2010 χιὼν
1027 1940 1078 1993 οί
1119 1939 1371 2010 πανίεροι
1405 1929 1551 1990 οῦτοι
1601 1934 1890 2006 φωστῆρες

309 2038 425 2098 τοῖς
453 2033 628 2098 ἀξίοις
653 2029 1012 2101 ἑμφαίνονται
1038 2045 1053 2059 °
1085 2030 1145 2083 ἐν
1180 2023 1263 2090 οἷς
1292 2028 1352 2080 οὐ
1385 2027 1648 2097 πάρεστιν
1665 2025 1725 2077 οὐ
1749 2025 1892 2094 χρῶ-

315 2144 413 2197 μα,
451 2125 513 2180 ού
542 2123 721 2194 σῶμα,
752 2123 813 2176 ού
853 2120 1146 2192 πτέρυγες,
1174 2121 1274 2173 οὐκ
1300 2119 1556 2189 ὲνπηχείς
1582 2115 1890 2188 βραχίονες,

310 2217 372 2270 ού
414 2214 732 2284 θριξοφόρος
778 2210 1014 2282 κορυφὴ,
1064 2210 1164 2262 οὐκ
1213 2207 1398 2278 ὄρθιον
1435 2206 1750 2277 ἀνάστημα,
1785 2204 1894 2258 οὐδ’

311 2307 450 2371 ὅλως
476 2324 532 2360 τι
583 2306 692 2358 τῶν
723 2303 868 2356 κατὰ
909 2303 1008 2373 τὴν
1037 2299 1223 2354 ἒνυλον
1252 2299 1545 2370 ὁρωμένων
1573 2299 1609 2370 ἣ
1638 2297 1893 2367 κινουμέ-

311 2417 420 2454 νων
451 2397 634 2468 φύσιν.
666 2394 730 2450 Et
765 2392 1025 2456 πολλάκις
1049 2393 1108 2445 ἐν
1141 2390 1316 2454 θείαις
1367 2389 1655 2452 ὀπτασίαις
1679 2387 1893 2460 ἀνθρω-

311 2489 612 2560 πομόρφως
655 2483 1033 2556 ἐπιφαίνεσθαι
1081 2481 1352 2550 λέγονται,
1423 2481 1538 2534 ἀλλ’
1583 2477 1693 2534 οὐδ’
1725 2479 1896 2544 αὐτάς

309 2583 517 2645 ταύτας
545 2581 612 2644 ἃς
638 2579 1012 2651 περικείμενοι
1037 2574 1434 2650 προσηγορίας,
1459 2576 1558 2645 τῆς
1575 2573 1781 2628 τούτων
1801 2573 1894 2626 οὐ·

314 2675 440 2736 σίας
486 2670 832 2742 σημαντικάς
882 2667 1287 2739 ὑπειλήφαμεν,
1335 2665 1471 2720 ἀλλὰ
1514 2665 1653 2735 πρὸς
1695 2665 1794 2730 τὰς
1819 2666 1896 2718 οἱα

313 2765 470 2830 κείας
512 2764 714 2836 μᾶλλον
739 2762 1024 2835 ἐνεργείας
1072 2763 1138 2816 ὲκ
1175 2760 1334 2827 Θεοῦ,
1363 2761 1456 2814 καὶ
1489 2759 1599 2814 τῶν
1631 2758 1897 2827 θεολόγων

312 2855 526 2930 ἀνδρῶν
560 2855 892 2926 ἐκομίσαντο
915 2869 928 2884 ·
965 2852 1058 2907 καί
1089 2869 1152 2922 γε
1169 2851 1376 2923 ὤφελον
1396 2868 1410 2882 ⁶
1442 2851 1536 2905 καὶ
1553 2849 1801 2923 γὰρὲμοί
1833 2867 1897 2919 γε

315 2952 618 3006 σκόπευσον
638 2947 832 3013 οὕτως.
848 2947 1128 3016 Ἄγγελοι,
1140 2945 1580 3014 ὠςάγγέλλοντες
1590 2941 1687 2996 ἀνθ
1697 2941 1898 3015 ρώποις

311 3044 384 3096 τὰ
404 3041 526 3096 θεῖα
544 3039 885 3112 βουλεύματα
907 3040 1002 3092 καὶ
1018 3037 1241 3092 ἄλλοθεν
1256 3037 1567 3105 ἄγοντες.’Λ
1579 3034 1894 3106 ρχάγγελοι,

316 3135 404 3189 ἵνα
435 3136 499 3189 σὺ
520 3132 697 3204 μάθῃς
711 3133 806 3186 καὶ
823 3133 880 3185 ιν
906 3127 1218 3202 ἀνθρώποις
1236 3129 1392 3194 τάξιν
1420 3130 1512 3181 καὶ
1538 3128 1894 3192 κατάστασιν,

312 3222 384 3298 ἧς
430 3225 603 3289 τύπος
669 3222 767 3278 καὶ
819 3224 855 3294 ή
917 3221 1227 3291 Ἐκκλησία
1283 3219 1646 3292 καθέστηκεν.
1707 3221 1900 3292 Ἀρχαὶ

311 3316 372 3375 δὲ
416 3317 578 3374 πάλιν
628 3316 898 3384 λέγονται,
932 3312 1008 3376 ὡς
1031 3310 1358 3383 ὲξάρχουσαι
1386 3313 1522 3384 πρὸς
1551 3313 1901 3368 διδασκαλίαν

317 3410 414 3465 καὶ
443 3406 726 3477 φωτισμὸν
766 3403 877 3458 τῶν
903 3401 1198 3475 κατωτέρω
1222 3405 1683 3474 προσταγμάτων.
1706 3403 1891 3470 Ἐξού-

319 3501 458 3566 σίαι,
484 3499 560 3562 ὼς
575 3496 832 3570 βασιλικὰ
854 3496 951 3549 καὶ
989 3491 1287 3548 δεσποτικὰ
1320 3493 1701 3566 περικείμεναι
1735 3495 1901 3560 ἀξιώ-

321 3607 490 3664 ματα.
529 3587 824 3657 Δυνάμεις,
844 3585 921 3650 ὼς
949 3587 1135 3656 χάριτι
1158 3585 1338 3654 πάσης
1364 3583 1649 3648 ἀσθενείας
1677 3586 1773 3639 καὶ
1793 3587 1900 3640 πά-

319 3684 449 3748 θους
481 3683 578 3737 καί
611 3680 846 3734 Θανάτου
866 3678 1160 3748 άνώτεραι.
1191 3675 1406 3746 Θρόνοι,
1445 3675 1520 3740 ὡς
1560 3679 1904 3732 ὲπαναπαυο-

323 3776 488 3848 μένου
510 3772 606 3826 τοῦ
640 3769 776 3825 Θεοῦ
815 3771 884 3842 τῇ
923 3766 1131 3822 τούτων
1159 3767 1406 3838 πολιτείᾳ
1439 3767 1534 3821 καὶ
1562 3766 1898 3840 λειτουργίᾳ.

318 3867 678 3939 κυριότητες,
719 3864 794 3928 ὡς
831 3859 1338 3935 ὲμπεπιστευμὲναι
1377 3860 1482 3914 ὑπὸ
1529 3860 1625 3914 τοῦ
1659 3859 1794 3914 Θεοῦ
1821 3862 1902 3924 εἰς

320 3960 582 4032 πρόνοιαν
614 3961 710 4010 καὶ
733 3952 1008 4026 σωτηρίαν
1043 3952 1140 4007 καὶ
1175 3950 1547 4024 χειραγωγίαν
1582 3951 1662 4024 τῷ
1693 3952 1903 4024 ἀνθρω-

319 4054 466 4124 πίνῳ
499 4051 667 4121 γένει,
699 4048 795 4102 καὶ
822 4046 898 4110 ὡς
930 4044 1224 4100 ἀδούλωτοι
1263 4045 1447 4115 χάριτι
1493 4042 1676 4115 πάσης
1717 4044 1902 4098 λοιπὸν

320 4142 606 4218 ὲμπαθοῦς
633 4141 905 4212 κινήσεως
952 4139 1047 4192 καὶ
1082 4137 1434 4200 ἐκπτώσεως.
1462 4134 1740 4208 Σεραφὶμ,
1764 4136 1902 4208 ὅπερ

319 4243 390 4312 τῇ
425 4235 696 4306 Ἕσραιων
723 4231 875 4303 φωνῇ
901 4230 1150 4302 πύρωσις
1185 4228 1570 4301 ἑρμηνεύεται,
1601 4229 1677 4293 ὡς
1700 4230 1903 4300 ἑτέρων

321 4327 660 4400 καθαρτικαὶ
701 4325 800 4380 καὶ
839 4322 1168 4393 φωτιστικαὶ
1216 4321 1396 4374 ούσίαι
1441 4321 1772 4394 τυγχάνουσι
1796 4339 1810 4353 ·
1836 4323 1903 4376 τὰ

320 4423 381 4477 δὲ
408 4420 664 4477 ἀνώτατα
703 4418 924 4473 πάντων
957 4415 1053 4469 καὶ
1083 4414 1384 4487 πλησιόθεα
1416 4415 1701 4486 Χερουϐὶμ
1721 4454 1735 4480 ,
1767 4418 1902 4487 ὅπερ

321 4513 488 4570 πάλιν
511 4511 714 4583 πλῆθος
734 4509 1102 4581 ἑρμηνεύεται
1126 4505 1402 4577 γνώσεως.

400 4779 489 4850 ιγ’.
517 4777 736 4852 Ταύτην
759 4777 890 4850 ἡμῖν
915 4781 943 4834 ὁ
959 4778 1395 4851 ἀρχιστράτηγος
1422 4780 1529 4834 τῶν
1548 4779 1796 4852 ἀγγέλων
1817 4783 1907 4852 σή-

329 4891 496 4945 μερον
514 4872 644 4943 περὶ
663 4871 911 4941 ἀγγέλων
927 4873 1100 4924 εἰπεῖν
1139 4872 1457 4942 ὑφηγήσατο
1481 4889 1496 4903 ·
1528 4867 1690 4928 αὗταί
1708 4891 1768 4926 τε
1797 4873 1907 4926 τῶν

326 4965 634 5036 ἀσωμάτων
650 4965 807 5018 ἐννέα
817 4962 1023 5029 τάξεις,
1045 4963 1135 5036 καὶ
1155 4961 1355 5036 δεκάτη
1373 4966 1400 5018 ὁ
1427 4963 1521 5019 ἄνθ
1529 4982 1711 5036 ρωπος
1735 4983 1748 4996 ο
1769 4965 1906 5018 εἰσὶν

327 5057 420 5113 οῦν
437 5035 571 5112 δέκα
591 5055 824 5126 τάξειςῆ
853 5035 1118 5126 δραχμαὶ,
1143 5057 1270 5128 περὶ
1302 5035 1378 5111 ὧν
1412 5035 1576 5128 φησιν
1599 5060 1626 5111 ὁ
1649 5059 1902 5129 Χριστός.

337 5168 356 5202 ι
379 5149 448 5203 Et
455 5163 540 5210 τις
562 5148 700 5217 γυνὴ
720 5145 1180 5216 ἔχουσαδραχμὰς
1208 5147 1362 5212 δέκα,
1384 5149 1479 5200 ἐὰν
1519 5148 1759 5220 ἀπολέσῃ
1779 5149 1910 5218 μίαν

331 5241 390 5308 εξ
410 5240 687 5321 αὐτῶνηοὺ
700 5239 757 5291 δὲ
773 5238 958 5308 ἅψασα
975 5238 1167 5308 λύχνον
1189 5237 1522 5310 άναζητήσει
1545 5239 1749 5310 ταύτην
1773 5259 1788 5306 ;
1815 5240 1911 5294 καὶ

332 5331 426 5386 ιὰν
440 5330 500 5384 eli
509 5345 600 5403 ρῃ,
629 5331 984 5398 συγκαλεῐται
1007 5330 1105 5394 τὰς
1120 5329 1281 5400 φίλας
1293 5331 1387 5385 καὶ
1405 5331 1504 5395 τὰς
1525 5333 1792 5400 γείτονας,
1824 5333 1910 5385 λέ-

333 5439 524 5492 γουσα,
571 5421 894 5493 Συγχάρητέ
949 5439 1040 5492 μοι
1069 5423 1151 5476 ὅτι
1206 5417 1370 5495 ηὗρον
1415 5425 1515 5496 τὴν
1560 5424 1812 5497 δραχμὴν
1845 5423 1912 5498 ἢν

1994 1925 2203 1990 lumen,
2238 1925 2440 1983 dicitur
2472 1944 2596 1985 esse
2620 1930 2866 2002 angelus.
2907 1932 3198 2006 Propterea
3231 1948 3285 1994 et
3315 1940 3366 1994 in
3404 1944 3570 1998 vesti-

1992 2015 2096 2072 bus
2123 2017 2425 2088 splendidis
2445 2060 2460 2086 ,
2491 2031 2545 2076 et
2584 2023 2749 2078 veluti
2778 2021 2990 2096 fulgur,
3031 2035 3126 2082 aut
3155 2029 3282 2095 nix,
3331 2031 3447 2089 hmc
3476 2049 3569 2091 sa-

1993 2108 2306 2164 cratissima
2335 2109 2627 2166 luminaria
2655 2113 2834 2184 dignis
2861 2124 3124 2186 apparent
3154 2137 3167 2172 :
3201 2119 3404 2190 quibus
3435 2123 3570 2178 alio--

1993 2202 2088 2270 qui
2119 2216 2296 2272 neque
2325 2204 2479 2258 color
2503 2217 2620 2268 est,
2654 2223 2833 2276 neque
2863 2223 3082 2279 corpus,
3118 2226 3294 2282 neque
3321 2213 3440 2281 sim,
3474 2232 3570 2272 nc-

1995 2306 2102 2362 que
2130 2293 2359 2376 brachia
2389 2296 2473 2350 vel
2505 2297 2673 2352 cubiti
2699 2339 2714 2365 ,
2748 2314 2929 2370 neque
2957 2303 3158 2357 eomati
3185 2305 3436 2373 vertices,
3471 2324 3570 2365 ne-

1995 2401 2102 2457 que
2141 2395 2322 2442 erecta
2361 2397 2606 2456 statura,
2639 2406 2812 2462 neque
2845 2393 2994 2448 aliud
3037 2395 3336 2466 quidquam
3379 2416 3448 2456 ex
3487 2402 3573 2460 liis

1995 2493 2116 2546 qua:
2154 2479 2207 2532 in
2247 2481 2512 2535 materiali
2557 2493 2751 2537 natura
2783 2493 3086 2540 cernuntur
3115 2498 3212 2542 aut
3255 2503 3568 2548 moventur.
3610 2473 3612 2475 i

1997 2569 2066 2625 Et
2111 2587 2429 2643 quanquam
2476 2589 2618 2646 saepe
2658 2575 2714 2630 in
2755 2576 2955 2632 divinis
2992 2579 3298 2636 visionibus
3331 2583 3570 2640 humana

1993 2662 2182 2732 specie
2203 2679 2466 2734 apparere
2497 2664 2776 2732 dicuntur,
2801 2683 2910 2723 non
2932 2676 3113 2724 tamen
3145 2669 3244 2726 has
3265 2671 3412 2742 ipsas
3435 2689 3576 2745 quas

1998 2759 2193 2820 gerunt
2228 2753 2642 2823 appellationes,
2666 2765 2856 2810 eorum
2894 2757 3216 2814 substantiae
3253 2761 3574 2830 signiﬁcati-

1997 2854 2094 2897 vas
2129 2851 2386 2914 putamus
2411 2887 2425 2910 ,
2468 2844 2562 2900 sed
2600 2859 2695 2900 eas
2736 2846 2920 2916 potius
2955 2863 2988 2914 pa
3027 2852 3265 2921 prepriis
3303 2854 3394 2910 Dei
3437 2866 3572 2912 nutu

1999 2937 2444 3007 operationibus,
2470 2946 2634 3008 atque
2681 2954 2713 2994 a
2749 2941 3018 3014 theologis
3052 2943 3367 3004 hominibus
3396 2953 3575 3007 sortiti

2002 3039 2147 3084 sunt.
2182 3029 2248 3084 Et
2284 3031 2503 3101 quidem
2552 3033 2628 3086 ita
2668 3032 2787 3088 lieri
2833 3036 3098 3105 oportuit.
3151 3036 3286 3093 Nam
3321 3057 3530 3097 mecum
3558 3084 3574 3105 ,

2002 3139 2189 3194 quaeso
2209 3165 2224 3190 ,
2254 3124 2562 3180 considera.
2613 3125 2804 3197 Angeli
2837 3125 3096 3198 (nuntii)
3123 3129 3416 3196 dicuntur,
3447 3137 3576 3206 quia

2003 3213 2262 3270 nuntiant
2315 3215 2630 3272 hominibus
2673 3217 2855 3273 divina
2907 3220 3131 3276 consilia
3165 3262 3180 3288 ,
3244 3232 3299 3279 et
3355 3225 3578 3283 aliunde

2001 3306 2253 3362 aderunt.
2287 3307 2614 3378 Archangeli
2640 3351 2653 3374 ,
2687 3317 2747 3364 ut
2770 3310 2951 3367 discas
2992 3311 3046 3366 in
3083 3313 3400 3372 hominibus
3441 3333 3580 3390 quo-

2003 3414 2107 3470 que
2154 3399 2512 3456 constitutum
2553 3401 2798 3456 ordinem
2857 3415 2982 3458 esse
3029 3403 3260 3469 debere,
3304 3408 3460 3476 cujus
3499 3411 3576 3466 rei

2003 3500 2164 3562 typus
2189 3490 2428 3548 Ecclesia
2458 3500 2562 3547 est.
2587 3490 2932 3562 Principatus
2953 3495 3082 3551 item
3113 3497 3390 3563 dicuntur,
3419 3504 3576 3572 quasi

2002 3583 2278 3655 principes
2310 3584 2378 3639 ad
2408 3584 2775 3655 magisterium
2819 3595 2873 3641 et
2929 3587 3385 3647 illuminationem
3430 3593 3580 3648 ordi-

2003 3693 2133 3732 num
2163 3675 2505 3732 inl‘eriorum.
2537 3677 2860 3741 Potestates,
2892 3685 2952 3732 ut
2985 3679 3153 3749 regali
3193 3680 3581 3755 dominicaque

2003 3769 2267 3840 dignitate
2295 3767 2528 3838 praediti.
2562 3767 2840 3834 Virtutes,
2867 3779 2928 3824 ut
2958 3772 3148 3841 gratiae
3178 3773 3447 3831 beneticio
3478 3792 3578 3831 cu-

1999 3860 2224 3930 juslibet
2261 3860 2624 3925 inﬁrmitatis,
2669 3860 2942 3930 passionis
2965 3877 3030 3917 ac
3063 3864 3256 3921 mortis
3280 3865 3578 3924 immunes.

2004 3953 2207 4009 Throni
2230 3992 2249 4022 ,
2285 3967 2383 4008 ceu
2417 3951 2530 4009 Deo
2560 3953 2616 4006 in
2651 3954 2848 4007 horum
2885 3956 3302 4012 conversatione
3331 3966 3386 4012 et
3416 3960 3582 4014 mini-

2005 4050 2174 4106 sterio
2208 4045 2546 4104 considente.
2579 4045 2996 4102 Doniinationes
3023 4087 3038 4114 ,
3072 4063 3173 4104 ceu
3204 4049 3406 4120 quibus
3441 4051 3583 4110 Deus

2005 4139 2282 4197 commisit
2319 4153 2529 4204 curam,
2567 4139 2822 4206 salutem,
2854 4140 3322 4213 directionemque
3357 4144 3583 4200 humani

2006 4235 2245 4308 generis,
2277 4244 2332 4289 et
2355 4232 2485 4304 quia
2515 4232 2702 4303 gratiae
2735 4232 3000 4287 beneﬁcio
3035 4249 3315 4304 nunquam
3345 4236 3584 4292 servient

2007 4327 2103 4382 ulli
2142 4327 2461 4397 passionum
2498 4323 2668 4380 motui
2716 4332 2770 4378 ct
2824 4324 3024 4394 lapsui.
3059 4323 3348 4396 Seraphim
3377 4365 3392 4390 ,
3436 4329 3583 4398 quod

2009 4435 2207 4476 nomen
2235 4419 2289 4474 in
2323 4417 2677 4474 Hebraeorum
2719 4417 2905 4488 lingua
2951 4417 3162 4489 igneam
3203 4420 3586 4476 accensionem

1932 4546 1985 4605 Β
2011 4512 2436 4584 interpretamur
2457 4551 2472 4575 ,
2505 4522 2766 4581 tauquam
2799 4510 3032 4564 aliorum
3060 4511 3359 4581 purgativae
3384 4519 3438 4565 et
3460 4512 3588 4567 illu-

2015 4604 2323 4660 minatoriae
2373 4602 2710 4657 substantize.
2751 4599 3045 4656 Cherubim
3077 4641 3091 4663 ,
3140 4602 3284 4670 quod
3335 4601 3466 4656 item
3497 4618 3590 4654 vu-

2014 4696 2265 4752 eabnlum
2300 4696 2724 4764 interpretamur
2763 4691 3155 4762 plenitudinem
3183 4692 3444 4746 scientiae.
3544 4742 3552 4751 ,

2085 4787 2172 4841 15.
2209 4785 2360 4840 lianc
2388 4785 2546 4839 nobis
2578 4785 2738 4838 hodie
2761 4782 3046 4837 materiam
3081 4797 3329 4838 summus
3352 4781 3459 4836 dux
3493 4797 3592 4838 an-

2015 4879 2258 4951 gelorum
2297 4893 2362 4932 ex
2391 4875 2503 4930 alto
2534 4877 2732 4930 obtulit
2765 4872 2978 4929 dicendi
3008 4873 3075 4928 de
3097 4873 3325 4944 angelis.
3361 4872 3424 4928 Hi
3462 4885 3592 4931 sunt

2016 4987 2209 5027 novem
2261 4970 2713 5038 incorporeorum
2771 4965 3045 5022 ordines:
3104 4963 3351 5022 decimus
3405 4976 3590 5024 autem

2014 5065 2150 5120 ordo
2202 5063 2391 5118 homo.
2447 5059 2587 5115 Sunt
2634 5059 2818 5128 itaque
2861 5057 3048 5112 decem
3097 5055 3318 5112 ordines
3363 5059 3590 5116 totidem

2013 5155 2308 5217 tlrachmae,
2341 5154 2407 5207 de
2437 5153 2637 5222 quibus
2671 5151 2924 5205 Christus
2950 5148 3026 5204 ait
3055 5163 3070 5202 :
3109 5166 3128 5199 ι
3156 5147 3350 5204 Mulier
3382 5150 3590 5208 habens

2014 5249 2200 5303 decem
2239 5245 2555 5307 drachmas,
2576 5242 2621 5296 si
2654 5256 2818 5296 unam
2849 5256 2914 5294 ex
2948 5238 3032 5295 bis
3055 5239 3376 5310 perdiderit,
3410 5257 3592 5297 nonne

2016 5353 2244 5404 accensa
2279 5337 2500 5392 lucerna
2525 5342 2732 5408 quaeret
2759 5334 2926 5389 eam?
2958 5334 3026 5388 Et
3059 5333 3105 5388 si
3131 5333 3419 5396 invenerit,
3452 5337 3592 5389 ami-

2017 5447 2110 5490 cas
2141 5438 2434 5502 congregat
2463 5427 2783 5498 vicinasque
2802 5468 2816 5492 ,
2862 5426 3049 5482 dicens
3079 5443 3092 5481 :
3125 5426 3592 5495 Congratulaminl

334 5515 592 5570 ἀπώλεσα
621 5531 635 5545 ’
675 5532 694 5565 ι
730 5516 766 5586 ἦ
785 5531 870 5578 τις
892 5509 962 5586 ἦν
981 5517 1076 5568 καὶ
1098 5515 1159 5568 τὸ
1185 5517 1457 5587 πρόϐατον
1476 5517 1537 5570 τὸ
1556 5517 1833 5581 ἀπολωλὸς
1850 5519 1897 5571 ea

2022 5523 2155 5579 mihi
2179 5561 2195 5586 ,
2239 5522 2366 5592 quia
2400 5520 2583 5576 inveni
2615 5518 2934 5575 drachmam
2954 5532 3119 5588 quam
3169 5517 3534 5585 perdideram.
3566 5538 3585 5569 ι

335 5610 440 5666 τῶν
500 5607 1016 5680 ὲννενηκονταεννέα
1065 5608 1175 5662 τῶν
1223 5609 1298 5680 μὴ
1341 5610 1731 5664 ἀπολωλότων·
1772 5612 1912 5681 ὅπερ

337 5700 587 5772 ὀποιμὴν
618 5700 648 5751 ὁ
675 5699 841 5764 καλὸς
892 5701 988 5754 καὶ
1029 5698 1232 5769 ἀγαθὸς
1272 5703 1365 5756 καὶ
1402 5700 1784 5773 φιλάνθρωπος
1811 5703 1911 5773 οὐχ

342 5794 638 5865 ὑπερεῖδεν,
681 5791 799 5846 ἀλλ’
829 5790 1182 5864 άνιζήτησεη
1210 5796 1305 5847 καὶ
1357 5795 1532 5868 εὑρὼν
1579 5797 1669 5850 ἐπὶ
1706 5796 1772 5850 τὰ
1809 5795 1909 5866 δρη

667 5889 939 5946 PATROL.
972 5887 1089 5946 (in.
1125 5887 1317 5947 XCIX.

2024 5615 2168 5671 Idem
2209 5614 2456 5669 decimus
2484 5613 2640 5673 ordo.
2665 5626 2762 5668 seu
2791 5610 2976 5674 homo,
3000 5616 3086 5664 est
3113 5608 3232 5662 ovis
3257 5622 3381 5677 qua:
3415 5610 3594 5678 perie-

2021 5713 2104 5758 rat
2137 5703 2277 5758 iuter
2308 5702 2601 5770 nonaginta
2630 5713 2824 5754 novem
2868 5696 3168 5752 incolumes
3195 5711 3210 5761 ;
3247 5709 3412 5766 quam
3437 5711 3593 5769 egre-

2020 5795 2141 5865 gius
2185 5804 2369 5864 pastor
2393 5833 2408 5859 ,
2443 5794 2623 5849 bonus
2661 5800 2822 5861 atque
2861 5783 3146 5855 benignius,
3177 5801 3286 5841 non
3319 5788 3554 5858 neglexit
3574 5807 3621 5848 ,α

3076 5879 3150 5938 25
