4050 6364
471 353 573 418 ’147

1677 355 1739 415 S.
1777 351 2174 417 THEODORI
2209 358 2559 421 STUDIT/E

3640 368 3749 436 ’148

476 474 572 530 sed
619 472 986 544 conquisivit,
1034 471 1426 545 inventamque
1482 473 1537 527 in
1580 471 1864 528 montibus
1901 469 2049 527 colli«

2158 473 2253 529 καὶ
2277 488 2408 541 τους
2436 476 2661 548 βουνοὺς
2696 478 2823 544 τοὺς
2856 477 3203 552 Ἑλληνικοὺς
3243 484 3431 551 κακῶς
3461 487 3751 562 πλανῶμεν

408 556 417 565 ’
476 566 692 636 husque
716 564 955 621 ethnicis
984 565 1126 620 male
1156 572 1433 620 errantem
1474 573 1529 619 et
1566 563 1728 618 idolis
1762 561 2061 618 itnmolanv

477 665 587 712 tem
642 658 964 721 revocavit,
1006 668 1063 714 et
1100 657 1416 727 impositam
1458 654 1704 710 humeris
1744 654 1962 710 reduxit
1993 655 2063 711 ad

478 763 588 804 non
615 763 909 804 erroncum
940 764 1155 820 gregem
1185 764 1305 803 eam
1333 761 1458 819 qum
1478 745 1634 802 devia
1666 746 1875 815 fuerat,
1899 756 2065 818 atque

476 840 621 894 inter
655 838 867 895 caelites
906 839 1161 894 reducem
1194 839 1632 904 eonnumeravit,
1672 846 1727 893 et
1757 847 1964 894 alet-no
1987 854 2066 895 re~

474 948 584 1005 gno
613 932 871 1002 dignatus
903 939 1027 994 est;
1066 944 1178 999 quo
1207 930 1367 985 nobis
1389 931 1644 985 omnibus
1664 930 1825 1000 potiri
1850 932 2068 985 contin-

476 1031 588 1094 gat,
619 1022 792 1092 gratia
814 1028 869 1076 et
893 1018 1222 1089 benignitate
1250 1019 1466 1074 Domini
1491 1019 1666 1075 nostri
1687 1018 1814 1075 Jestt
1839 1019 2067 1087 Christi,

475 1127 601 1168 cum
633 1126 743 1183 quo
774 1110 949 1182 gloria
988 1108 1062 1165 sit
1091 1108 1238 1164 Patri
1269 1119 1326 1165 et
1359 1120 1553 1165 sancto
1583 1111 1797 1166 viviﬁco
1831 1111 2068 1166 consub-

474 1202 715 1258 stantiali
748 1200 999 1272 Spiritui,
1037 1216 1184 1257 nunc
1212 1213 1268 1258 et
1298 1217 1515 1273 semper
1557 1211 1613 1258 et
1646 1203 1700 1258 in
1734 1202 1936 1259 sacula
1964 1216 2067 1258 sa:-

472 1293 747 1348 culorum.
778 1292 975 1346 Amen.

632 1434 699 1491 In
723 1432 1055 1492 nativitatem
1072 1361 1522 1561 εοὲειξέἓοριιειω
1550 1431 1910 1490 Ρνωειιηοτὶε

1169 1518 1305 1561 avlts
1332 1522 1397 1560 az.

1169 1518 1397 1575 apltstw.

1704 1566 2027 1665 (mit...
2062 1552 2164 1648 fac.
2196 1593 2290 1647 cit.
2317 1608 2371 1664 p.
2404 1593 2519 1663 35.)

2168 585 2260 624 νον
2320 569 2417 624 καὶ
2467 568 2725 637 θυσιάζον
2790 571 3151 644 ἐπέστρεψεν,
3207 575 3305 629 καὶ
3360 577 3643 648 βαστάσας
3677 587 3745 658 τῇ

2171 661 2375 733 ποίμνῃ
2405 662 2473 733 τῇ
2501 661 2732 716 ἀπλανεϊ
2768 662 2832 715 τὸ
2883 664 3327 736 πεπλανημένον.
3357 669 3442 733 είς
3487 671 3753 745 οὐρανοὺς

2170 750 2468 822 ἀναγαγὼν
2512 753 2908 825 συνηρίθμησε,
2940 755 3039 808 καὶ
3090 756 3190 825 τῆς
3235 756 3516 826 βασιλείας
3541 763 3645 834 τῆς
3672 767 3753 820 αι.

2170 842 2336 897 ωνίου
2367 841 2708 913 κατηξίωσεν
2731 859 2746 874 ο
2771 838 2841 916 ἧς
2882 845 3096 912 γένοιτο
3146 845 3355 911 πάντας
3380 850 3529 919 ἡμᾶς
3557 854 3751 908 imm-

2172 934 2310 1004 χείν,
2340 933 2529 1006 χάριτι
2558 932 2654 987 καὶ
2687 933 3072 1007 φιλανθρωπίᾳ
3090 934 3187 989 τοῦ
3212 937 3420 1008 Κυρίου
3447 941 3608 1013 ἡμῶν
3644 944 3751 1013 ’1η.

2172 1022 2268 1078 σοῦ
2331 1023 2591 1096 Χριστοῦ,
2656 1024 2779 1097 μεθ’
2809 1020 2871 1082 οῦ
2915 1025 2995 1097 τῷ
3056 1027 3232 1101 Πατρὶ
3275 1032 3308 1100 ἡ
3338 1030 3488 1098 δόξαν
3520 1034 3637 1106 ἅμα
3670 1036 3752 1107 τῷ

2170 1113 2312 1184 ἁγίῳ
2344 1114 2432 1167 καὶ
2463 1112 2717 1186 ζωοποιῴ
2745 1116 3021 1188 ὁμοουσίῳ
3052 1117 3355 1190 Πνεύματι.
3383 1121 3480 1177 νῦν
3520 1126 3616 1179 καὶ
3633 1126 3748 1195 ἀεὶ,

2167 1204 2265 1257 καὶ
2290 1204 2372 1266 εἰς
2402 1205 2529 1267 τοὺς
2555 1203 2763 1267 αἰῶνας
2783 1206 2893 1258 τῶν
2913 1206 3149 1263 αίώνων.
3195 1210 3253 1265 Ἀ
3265 1212 3396 1282 μην.

2924 1367 2999 1420 Ζ’.

2162 1431 2264 1497 Εἰς
2301 1430 2370 1485 τὸ
2406 1430 2684 1501 γενέσιον
2707 1432 2813 1515 ἰοῦ
2844 1433 3039 1515 ἁγίου.
3059 1437 3370 1515 προφήτου
3402 1440 3750 1515 Προδρόμου

2699 1505 3042 1561 Βαπτιστοῦ
3083 1505 3213 1579 (15).

548 1693 601 1746 l.
640 1690 698 1747 Si
732 1691 906 1746 vocali
939 1689 1101 1747 alicui
1136 1689 1382 1745 lusciniae
1434 1703 1605 1743 verno
1646 1698 1895 1760 tempore
1927 1703 2049 1743 sua.

2233 1691 2306 1739 α’.
2350 1685 2560 1756 Ἀηδόνι
2587 1686 2695 1739 τινὶ
2749 1687 3054 1761 πολυφώνῳ
3083 1688 3259 1761 εῦηχα
3289 1691 3589 1767 κελᾳδούσῃ
3617 1699 3746 1769 περὶ

470 1783 611 1840 viter
666 1782 948 1839 resonanti
992 1792 1179 1837 nostra
1204 1779 1405 1836 similis
1433 1787 1583 1835 esset
1602 1780 1801 1846 oratio,
1829 1779 2054 1835 laudare

470 1873 813 1945 aliquantum
860 1888 1115 1944 magnam
1174 1871 1321 1926 illam
1378 1868 1628 1927 veritatis
1670 1885 1899 1937 vocem,
1931 1886 2054 1942 qua:

472 1967 635 2023 hodie
672 1966 919 2023 nascitur
943 2006 960 2031 ,
1017 1965 1245 2021 forsitan
1273 1971 1462 2035 posset
1491 1977 1507 2017 :
1542 1963 1637 2019 sed
1664 1978 1790 2019 cum
1829 1963 2053 2034 gracilis

472 2070 643 2132 atque
690 2059 899 2115 absona
930 2057 1004 2112 sit
1029 2056 1206 2112 oratio
1232 2067 1420 2111 nostra
1446 2093 1464 2123 ,
1496 2056 1773 2127 quomodo
1809 2056 2054 2113 laudabit

471 2167 730 2223 magnum
762 2150 928 2206 decus
958 2147 1349 2220 prophetarum
1376 2147 1401 2201 ἲ
1444 2149 1727 2218 quomodo
1753 2147 2054 2204 celebrabit

468 2243 726 2299 eximiam
754 2241 1126 2313 apostolorum
1158 2238 1480 2311 dignitatem
1506 2238 1530 2292 ?
1574 2240 1857 2307 quomodo
1882 2239 2052 2310 glori-

471 2336 654 2391 licabit
692 2336 1033 2406 peregrinam
1063 2340 1363 2404 martyrum
1412 2329 1688 2402 gloriam?
1734 2328 1908 2387 Porro
1946 2331 2051 2388 hoc

468 2427 603 2482 tnihi
655 2440 877 2497 quoque
921 2421 1385 2481 considerandum
1429 2432 1556 2489 est,
1606 2422 1756 2493 quod
1802 2423 1858 2478 in
1924 2423 2050 2480 aliis

465 2518 684 2590 quidem
715 2516 923 2575 sanctis
950 2558 967 2583 ,
1016 2516 1159 2572 alius
1197 2514 1366 2571 alium
1421 2515 1697 2582 laudavit,
1732 2515 1912 2572 celsus
1939 2515 2049 2571 cel-

464 2629 613 2679 sum,
651 2612 832 2668 minor
854 2611 1123 2666 minorem
1148 2627 1163 2664 :
1189 2611 1286 2666 sed
1310 2612 1432 2680 ejus
1461 2610 1558 2680 qui
1593 2625 1742 2665 nunc
1768 2610 2044 2676 laudatur,

464 2717 595 2764 ante
634 2720 830 2762 omnes
861 2705 979 2776 ipse
1005 2702 1283 2768 Christus,
1321 2702 1466 2759 Deus
1497 2719 1563 2759 ac
1597 2704 1824 2767 veritas,
1856 2702 2048 2758 laudes

462 2798 854 2871 pronuntiavit.
879 2797 967 2851 Ait
993 2796 1139 2851 enim
1162 2812 1177 2849 :
1204 2794 1382 2865 Major
1401 2793 1611 2850 Joanne
1630 2794 1880 2866 Baptista
1906 2796 2047 2850 inter

464 2900 617 2946 natos
659 2889 939 2943 mulierum
982 2904 1086 2942 non
1135 2888 1367 2941 surrexit
1398 2887 1464 2941 ⁸³.
1510 2885 1647 2952 Quia
1693 2888 1860 2957 igitur
1896 2894 2048 2942 tanta

464 2985 704 3055 suppetit
770 2995 968 3052 magno
1034 2978 1369 3035 Prtecursori
1420 2979 1798 3050 sublimisque
1834 2980 1958 3034 laus
2013 2993 2046 3034 a
2090 2960 2103 2969 ”
2152 2971 2452 3044 Προδρόμῳ
2485 2975 2623 3028 ἀνυπ

464 3090 734 3135 supremae
778 3071 1127 3129 auctoritatis
1169 3071 1391 3135 Verbo;
1450 3086 1581 3125 num
1639 3070 1687 3127 is
1740 3069 1921 3125 adhuc
1960 3068 2047 3124 in-
2073 3037 2117 3097 (ἶ
2153 3066 2230 3135 μή
2278 3082 2333 3119 τι
2369 3064 2479 3135 ἀρα
2510 3066 2623 3121 ὲνδε

2153 3069 2230 3135 μή
2278 3082 2333 3119 τι
2369 3069 2479 3137 ἀρα
2510 3069 2691 3137 ἐνδεής
2744 3070 2861 3121 ἐστι
2900 3069 3001 3139 τῆς
3032 3071 3308 3142 ἡμετέρας
3344 3070 3736 3145 βραχυλογίας,

464 3090 734 3147 supremae
778 3071 1127 3129 auctoritatis
1169 3071 1391 3138 Verbo;
1450 3086 1581 3125 num
1639 3070 1687 3127 is
1740 3069 1921 3125 adhuc
1960 3068 2047 3124 in-

466 3169 611 3240 diget
648 3166 848 3238 exiguo
880 3172 1069 3220 nostro
1098 3178 1376 3228 sermone,
1403 3175 1438 3217 ο
1471 3161 1705 3217 studiosi
1733 3160 2051 3218 auditores?

464 3258 655 3327 Absit;
711 3256 810 3316 sed
841 3257 1039 3315 servile
1067 3253 1435 3327 persolventes
1455 3254 1699 3309 debitum
1725 3295 1740 3320 ,
1790 3261 1847 3309 et
1868 3250 2049 3309 Patris

460 3353 676 3422 iussum
705 3359 1068 3420 exsequentes
1090 3387 1107 3415 ,
1153 3356 1209 3405 et
1234 3347 1389 3418 quasi
1433 3362 1499 3403 ex
1535 3347 1649 3403 sola
1684 3345 2049 3402 Prtecursoris

466 3443 744 3499 mentione
785 3438 1163 3496 sanctificandi
1206 3439 1419 3505 simus,
1474 3448 1718 3494 nostram
1759 3438 2047 3493 audaciam

463 3534 836 3591 ostendemus.

543 3627 604 3682 2.
635 3625 883 3698 Agedum
930 3626 1096 3695 igitur
1125 3623 1270 3680 diem
1297 3621 1495 3679 festum
1520 3622 1636 3693 jam
1668 3622 2005 3679 celebremus
2030 3662 2046 3690 ,

462 3716 532 3774 ad
603 3717 840 3773 natalem
895 3713 1276 3771 honorandum
1349 3712 1620 3783 frequenti
1696 3712 2047 3768 multitudine

463 3810 859 3867 conveniamus
884 3846 900 3873 ,
955 3822 1132 3875 neque
1163 3807 1364 3862 accolae
1391 3806 1771 3862 tantummodo
1794 3846 1811 3872 ,
1857 3819 2046 3861 verum

461 3904 628 3959 etiam
675 3902 929 3957 universa
978 3900 1365 3957 intellectualis
1410 3896 1672 3955 Jordanis
1722 3899 1897 3969 regio.
1952 3898 2048 3953 Vi-

460 3996 689 4050 deamus
738 3991 1084 4064 peregrinum
1143 3991 1509 4064 mysterium;
1568 4001 1880 4062 spectemus
1950 4007 2049 4047 ne-

460 4087 668 4160 gotium
718 4085 882 4141 hodie
940 4094 1139 4155 praeter
1205 4098 1426 4139 omnem
1507 4098 1656 4154 spem
1731 4090 2044 4154 patratum,

459 4180 873 4236 consideremus
902 4175 1182 4233 Zacharias
1212 4192 1301 4233 res
1321 4216 1337 4242 ,
1365 4176 1723 4248 vicissimque
1754 4191 2050 4233 narremus

459 4286 584 4343 quae
622 4268 911 4325 Elisabeta:
958 4280 1110 4325 sunt.
1176 4266 1294 4323 Non
1342 4283 1411 4324 ex
1451 4268 1713 4324 obscuris
1766 4284 1897 4340 ergo
1947 4284 2048 4339 pa-

459 4362 748 4428 rentibus,
793 4369 853 4416 ut
900 4360 1028 4416 hinc
1070 4360 1237 4415 etiam
1297 4359 1570 4415 maximus
1600 4368 1864 4431 appareat
1902 4357 2045 4415 Prae-
2075 4400 2122 4457 Β

459 4471 679 4525 cursor,
711 4454 808 4514 sed
831 4471 901 4513 ex
929 4455 1237 4511 illustribus
1261 4453 1590 4526 inelytisque
1614 4455 1877 4510 nascitur.
1902 4450 2040 4510 Nam

459 4548 598 4607 alter
621 4548 840 4620 quidem
886 4556 1009 4603 erat
1059 4546 1226 4602 veluti
1266 4546 1450 4602 Aaron
1506 4556 1727 4618 propter
1768 4561 1937 4603 canos
1988 4556 2044 4602 et

457 4628 784 4711 dignitatem
809 4677 826 4703 ,
877 4637 1204 4695 sacerdotali
1250 4646 1402 4694 veste
1428 4637 1654 4695 indutus
1687 4656 1702 4694 :
1732 4637 1995 4710 pectorali
2024 4676 2042 4704 ,

455 4732 685 4804 inquam
715 4774 730 4799 ,
789 4739 845 4786 et
899 4729 1341 4801 superhnmerali
1372 4770 1390 4794 ,
1460 4731 1660 4801 pedere
1686 4772 1702 4799 ,
1768 4731 2040 4788 fimbriato

358 4874 365 4879 .
456 4827 670 4889 tunica,
731 4821 948 4889 cidari,
991 4832 1156 4892 atque
1213 4837 1373 4891 zona,
1442 4840 1563 4894 qua:
1617 4824 1802 4880 omnia
1863 4841 2039 4890 auro,

457 4919 708 4990 gemmis,
724 4915 1022 4987 hyacintho
1042 4954 1058 4980 ,
1090 4915 1365 4989 byssoque
1387 4926 1544 4973 erant
1590 4919 1798 4973 variata
1832 4936 1846 4973 :
1875 4928 2041 4990 atque

456 5011 530 5066 ita
580 5010 632 5064 itt
671 5009 875 5066 Sancta
904 5019 1221 5065 sanctorum
1255 5008 1664 5083 ingrediebatur
1697 5025 1793 5081 per
1825 5019 2040 5081 tempus

525 5126 573 5160 ⁸³
606 5126 797 5182 Matth.
834 5140 910 5194 xt,
942 5125 1033 5182 ll.

524 5246 638 5318 (1'5)
679 5242 992 5318 grationetn
1034 5241 1176 5318 hanc
1201 5239 1536 5318 esltibtterat
1562 5234 1756 5317 Latine
1787 5243 2027 5318 tantum-

453 5306 631 5372 modo'
670 5313 1033 5371 Combelisius
1090 5315 1144 5366 in
1194 5307 1525 5364 Bibliotheca
1578 5306 1978 5360 concionatoria
2005 5346 2023 5369 ,

455 5396 497 5444 t.
532 5386 647 5453 νη,
685 5403 739 5456 p.
775 5384 897 5440 129.
936 5382 1048 5437 Nos
1093 5396 1243 5456 nunc
1281 5378 1469 5456 (frte-ee
1496 5377 1736 5456 primum
1776 5391 1843 5430 ex
1871 5373 2030 5456 Δνει.ιί-

452 5474 592 5513 cano
622 5445 806 5513 codice
837 5458 1106 5510 eruimus.
1140 5449 1260 5505 lam
1283 5445 1597 5505 Combeflsii
1625 5445 2032 5516 interpretatio-

454 5544 579 5584 nem
620 5540 762 5597 saepe
788 5525 1023 5581 libenter
1052 5521 1229 5597 secuti
1258 5534 1471 5579 sumus,
1501 5529 1647 5587 saepe
1671 5518 1836 5597 etiam
1865 5518 1935 5597 ah
1964 5530 2029 5570 ea

451 5584 832 5662 discessimus,
860 5605 981 5650 tum
1011 5594 1085 5648 ob
1127 5592 1264 5646 alias
1293 5603 1512 5651 causas,
1556 5584 1667 5662 titan
1700 5587 1827 5657 quia
1866 5584 2032 5641 Com-

453 5669 681 5725 belisitts
710 5656 930 5722 Graecas
966 5663 1238 5718 dictiones
1266 5672 1373 5714 non
1411 5673 1528 5728 una
1560 5656 1680 5712 vice
1710 5656 1874 5728 prave
1911 5672 2031 5711 om.

454 5741 586 5793 nino
628 5737 1029 5806 explicaverat;
1079 5730 1133 5788 id
1165 5731 1315 5802 quod
1342 5726 1669 5799 philellenes
1711 5726 1835 5783 vere
1867 5742 1898 5781 a
1944 5741 2031 5781 me

447 5809 563 5863 dici
596 5806 955 5877 cempericnt.

2155 1778 2258 1843 τάς
2304 1780 2529 1851 ὲαρινάς
2566 1780 2717 1851 ὥρας
2757 1780 2953 1846 ἐοικὼς
2999 1784 3135 1854 ημῖν
3192 1786 3222 1839 ὁ
3263 1784 3441 1856 λόγος,
3493 1783 3654 1861 εὗρεν
3679 1792 3748 1848 ἀν

2155 1869 2300 1941 τάχα
2336 1872 2401 1924 ἐκ
2440 1869 2639 1943 μικροῦ
2659 1873 2971 1944 ἀνυμνῆσαι
2999 1874 3102 1946 τὴν
3144 1877 3393 1950 μεγάλην
3431 1882 3618 1953 φωνὴν
3645 1885 3748 1954 τῆς

2155 1963 2419 2034 ἀληθείας
2443 1965 2687 2036 σήμερον
2710 1967 3153 2042 ἀποκυουμένηνο
3171 1972 3296 2025 ἐπεὶ
3317 1971 3374 2026 δέ
3403 1974 3552 2028 ἐστιν
3578 1977 3748 2045 ἰσχνο-

2154 2056 2293 2128 επὴς
2323 2056 2418 2110 καὶ⁸
2450 2055 2731 2125 δύσφωνος
2766 2058 2931 2128 ἄγαν,
2966 2059 3085 2126 πῶς
3117 2062 3351 2133 ὑμνήσει
3374 2064 3436 2117 τὸ
3467 2065 3612 2135 μέγα
3635 2067 3746 2122 τῶν

2155 2144 2454 2217 προφητῶν
2480 2146 2666 2213 κλέος
2704 2146 2820 2210 πῶς
2851 2148 3057 2203 αἰνέσει
3084 2149 3145 2204 τὸ
3168 2151 3445 2221 ὶξαίρετον
3476 2154 3585 2209 τῶν
3610 2158 3747 2212 ἀπο-

2156 2237 2360 2293 στόλων
2393 2239 2594 2309 γέρας;
2624 2239 2740 2305 πῶς
2772 2240 2991 2306 δοξάσει
3027 2243 3090 2297 τδ
3123 2244 3275 2312 ξένον
3307 2247 3415 2302 τῶν
3450 2250 3744 2323 μαρτύρων

2154 2329 2364 2397 σέϐας;
2418 2330 2528 2385 Καί
2562 2348 2653 2403 μοι
2693 2333 3002 2403 σκοπητέον
3033 2335 3216 2403 τοῦτο,
3244 2338 3328 2392 ὅτι
3357 2339 3451 2394 ἐπὶ
3490 2341 3594 2411 μὲν
3635 2342 3746 2398 τῶν

2152 2419 2330 2475 ἀλλων
2369 2421 2567 2490 ἀγίων,
2616 2421 2778 2489 ἀλλος
2827 2422 2993 2479 ἄλλου
3052 2425 3299 2499 διείληφε
3339 2430 3409 2485 τά
3461 2431 3741 2505 ἐγκώμια,

2152 2511 2357 2585 ὑψηλὸς
2383 2513 2614 2586 ὑψηλοῦ,
2634 2516 2731 2570 καὶ
2762 2517 2990 2589 μετρίου
3016 2518 3407 2592 μετριώτεροςο
3436 2522 3532 2577 τοῦ
3556 2524 3613 2578 δὲ
3645 2523 3743 2579 νῦν

2151 2605 2571 2678 εὐφημουμένου
2596 2607 2702 2680 πρὸ
2719 2608 2830 2662 τῶν
2860 2608 3058 2677 ἄλλων,
3090 2612 3253 2677 αὐτὸς
3280 2613 3518 2683 Χριστὸς
3545 2616 3574 2668 ὁ
3607 2615 3743 2683 Θεὸς

2150 2699 2185 2770 ἡ
2207 2697 2456 2770 ἀλήθειω
2489 2699 2624 2771 φησὶ
2656 2698 2786 2771 γάρ·
2817 2701 3045 2764 Μείζων
3072 2704 3357 2760 Ἰωάννου
3382 2706 3488 2762 τοῦ
3517 2710 3742 2765 Βοιατι-

2150 2789 2304 2843 στοῦ
2353 2789 2424 2844 ἐν
2479 2791 2793 2861 γεννητοῖς
2857 2796 3162 2862 γυναικῶν
3220 2797 3334 2850 οὐκ
3400 2796 3737 2868 ἐγήγερται.

2164 2880 2318 2933 Ἐπεὶ
2356 2880 2451 2935 οῦν
2484 2880 2741 2946 τοσοῦτος
2775 2882 3061 2955 περίεστιν
3089 2887 3118 2939 ὁ
3159 2884 3381 2951 ἔπαινος
3404 2886 3484 2958 τῷ
3514 2889 3738 2963 μεγάλῳ

2152 2971 2452 3044 Προδρόμῳ
2485 2974 2895 3046 ἀνυπέρϐλητος
2946 2977 3013 3030 ἐκ
3064 2975 3159 3030 τοῦ
3219 2976 3484 3033 ἀνωτάτω
3532 2980 3736 3050 Λόγου,

2148 3149 2195 3210 ὦ
2227 3157 2700 3231 φιλακροάμονεςς
2742 3162 2957 3231 ’Λπαγε
2977 3178 2991 3192 ·
3022 3160 3162 3217 ἀλλά
3218 3162 3464 3219 δουλικὸν
3506 3166 3738 3221 ἀποτιν-

2148 3251 2337 3316 νύντες
2386 3253 2581 3325 χρέος,
2641 3253 2735 3307 καὶ
2786 3254 3059 3328 Πατρικδν
3108 3254 3221 3326 (14)
3281 3256 3737 3329 ἀποπληροῦντες

2148 3344 2564 3414 ἔπίταγμα,καὶ
2592 3343 2668 3408 ῶς
2696 3345 3155 3418 ἀγιασθησόμενοι
3185 3348 3251 3402 ἐκ
3284 3348 3452 3419 μόνης
3483 3349 3582 3420 τῆς
3609 3352 3739 3422 περὶ

2146 3440 2239 3493 τὸν
2268 3439 2588 3512 Πρόδρομον
2615 3440 3001 3513 ὑπομνήσεως,
3038 3441 3100 3496 τὺ
3121 3442 3396 3515 τολμηρὸν
3424 3446 3457 3516 ὴ
3468 3444 3585 3517 μῶν
3618 3446 3740 3499 ἑπι-

2145 3530 2496 3603 δεικνύμεθα.

2220 3624 2288 3694 β’.
2327 3623 2500 3696 Δεῦρο
2525 3624 2591 3696 δὴ
2619 3618 2718 3679 οῦν
2751 3623 2941 3679 λοιπὸν
2976 3623 3076 3696 τὴν
3117 3624 3332 3697 ἡμέραν
3362 3626 3733 3697 ἐορτάσωμεν,

2145 3717 2217 3772 τὰ
2264 3717 2359 3771 τοῦ
2410 3716 2657 3786 γενεσίου
2702 3715 3189 3787 πανηγυρίσωμεν,
3226 3717 3328 3787 οὐχ
3373 3717 3424 3770 oi
3459 3717 3735 3788 περίοικοι

2152 3811 2334 3881 μόνον,
2365 3809 2503 3864 ἀλλά
2542 3808 2638 3864 καὶ
2687 3810 2839 3863 πᾶσα
2879 3809 2914 3879 ἡ
2942 3804 3038 3862 τοῦ
3083 3808 3277 3881 νοητοῦ
3306 3808 3573 3880 Ἰορδάνου
3622 3810 3736 3881 (l5)

2148 3904 2476 3975 περίχωρδςο
2502 3901 2701 3974 ἴδωμεν
2725 3900 2787 3956 τὸ
2813 3901 3145 3975 ξενοπρεπὲς
3181 3902 3505 3973 μυστήριον,
3535 3901 3735 3973 ἴδωμεν

2147 3998 2210 4054 τὸ
2257 3998 2577 4070 παραδόξως
2632 3997 2958 4067 τελούμενον
3007 3998 3272 4070 σήμερον,
3304 3998 3735 4071 κατανοήσωμεν

2148 4090 2218 4145 τὰ
2256 4089 2352 4144 τοῦ
2403 4089 2693 4163 Ζαχαρίου,
2727 4088 3297 4161 ἁνθομολογησώμεθα
3329 4089 3397 4143 τὰ
3440 4089 3540 4159 τῆς
3590 4086 3735 4144 Ἐλι-

2151 4181 2342 4238 σάὁετ.
2378 4181 2492 4236 Οὐκ
2519 4181 2577 4249 ἐξ
2604 4180 2847 4250 ἀγεννῶν
2874 4180 3056 4234 τοίνυν
3080 4179 3305 4250 γονέων,
3321 4178 3410 4234 ἵνα
3433 4179 3734 4234 κάντεῦθεν

2146 4273 2334 4346 δειχθῇ
2366 4274 2624 4346 μέγιστος
2650 4277 2680 4328 ὁ
2705 4273 3042 4346 Πρόδρομος,
3074 4271 3213 4327 ἀλλά
3260 4271 3355 4325 καὶ
3382 4271 3508 4324 λίαν
3531 4272 3731 4342 ὲπισήι

2153 4383 2270 4440 μων
2300 4364 2397 4419 καὶ
2421 4363 2737 4435 περιδόξων⁶
2778 4365 2808 4418 ὁ
2861 4363 2960 4435 μὲν
2990 4362 3101 4435 γὰρ
3133 4361 3345 4434 Ἀαρών
3373 4378 3458 4426 τις
3486 4361 3584 4417 καὶ
3634 4359 3732 4433 τὴν

2149 4459 2343 4515 πολιὰν
2397 4457 2494 4512 καὶ
2539 4456 2637 4529 τὴν
2666 4453 2844 4521 ἀξίαν,
2881 4453 2982 4527 τὴν
3012 4453 3297 4526 ἱερατικὴν
3335 4453 3532 4526 στολὴν
3557 4454 3732 4524 ημφιο

2149 4550 2402 4622 εσμὲνος,
2429 4548 2490 4603 τὸ
2518 4546 2872 4620 περιστήθιόν
2899 4561 3064 4617 φημι,
3088 4543 3188 4616 τὴν
3209 4544 3481 4615 ἐπωμίδα,
3509 4543 3604 4596 τὸν
3630 4558 3730 4597 πο-

2146 4643 2310 4714 δήρη,
2349 4639 2443 4694 τόν
2480 4655 2540 4694 τε
2566 4636 2992 4709 κοσσύμϐρωτον
3017 4636 3245 4707 χιτῶνα.
3283 4633 3384 4706 τὴν
3415 4632 3632 4704 κίδαριν
3669 4647 3730 4685 τε

2148 4736 2246 4790 καὶ
2281 4732 2484 4804 ζώνην,
2512 4729 2583 4785 ’ιά
2615 4730 2680 4783 ὲκ
2709 4726 2916 4799 χρυσοῦ
2939 4745 2999 4780 τε
3030 4727 3127 4782 καὶ
3164 4725 3327 4780 λίθων
3348 4725 3443 4779 καὶ
3471 4722 3728 4778 ὑακίνθου

2148 4825 2244 4880 καὶ
2291 4821 2494 4895 βύσσου
2545 4818 2962 4889 πεποικιλμέναο
2999 4817 3096 4872 καὶ
3142 4816 3315 4880 οὕτως
3344 4817 3423 4879 είς
3451 4815 3522 4869 τὰ
3563 4815 3729 4884 ’Δγια

2146 4916 2258 4972 τῶν
2288 4915 2460 4986 ἁγίων
2502 4911 2713 4973 εἰσιὼν,
2742 4909 2885 4964 κατά
2924 4909 3023 4983 τὴν
3053 4909 3364 4981 ὲφημερίαν
3390 4906 3489 4980 τῆς
3517 4909 3730 4978 ἱερουρ-

2147 5012 2275 5081 γίας
2305 5026 2321 5041 ’
2367 5008 2401 5079 ἡ
2445 5005 2501 5060 δὲ
2552 5003 2651 5075 τῆς
2684 5002 2901 5074 Σάρρας
2959 5000 3230 5073 ίαοκλεης,
3283 4999 3381 5053 καὶ
3439 4997 3639 5071 μᾶλλον
3673 4996 3727 5050 δὲ

2176 5235 2329 5321 ..(ιι).
2361 5233 2508 5291 Suis
2536 5240 2811 5321 coram?
2827 5225 3729 5321 7‘99!!!§‘".‘!i}ﬂ'!‘_ﬁ“3‘?_li'fff

2137 5297 2234 5363 nili
2280 5297 2566 5377 plerasque
2613 5304 2714 5360 has
2756 5303 3118 5374 panegyricas
3153 5300 3436 5355 orationes
3479 5297 3723 5352 dixisse'

2137 5392 2247 5421 mm
2295 5386 2539 5421 lnmnnrn
2597 5374 2814 5421 nnnnisi
2866 5372 3017 5421 iussn
3069 5371 3154 5421 vel
3210 5367 3453 5421 enisconi
3506 5367 3595 5421 sui
3639 5336 3724 5421 vei

2135 5392 2247 5449 quo
2280 5371 2539 5446 tempore
2596 5371 2815 5430 nonnisi
2858 5371 3018 5442 jussu
3069 5371 3154 5425 vel
3210 5371 3453 5505 episco8i
3506 5371 3595 5422 sui
3639 5371 3724 5421 vel

2136 5448 2349 5519 abbatis
2386 5445 2704 5519 monasterii
2754 5442 3067 5519 concionari
3099 5449 3334 5519 poterat.
3365 5509 3378 5519 _
3403 5511 3415 5519 _
3438 5452 3561 5519 nem
3605 5450 3724 5519 mo:

2134 5534 2252 5574 rem
2298 5514 2654 5587 ianregorio
2678 5528 2896 5587 quoque
2940 5504 3285 5568 Antio’elteno
3324 5504 3533 5565 videsis
3578 5504 3723 5577 apud

2137 5585 2643 5728 “⁰ῗιέ’)¹ῦό¹ἶέιξῖῗέἑ
2686 5654 2941 5781 bagtismi
3003 5650 3314 5724 symbolum
3380 5647 3433 5702 itt
3489 5645 3721 5701 mttsivis

2148 5727 2431 5781 Romanis.
2476 5726 2571 5781 llic
2603 5726 2733 5781 dicit
2797 5724 3072 5781 antizatos
3102 5736 3315 5779 omnes.
3355 5719 3410 5774 id
3445 5726 3532 5773 est
3562 5715 3721 5772 Chri-

2148 5715 2431 5784 llomanis.
2476 5726 2571 5785 llic
2603 5726 2733 5783 dicit
2757 5715 3072 5795 baptizatos
3102 5736 3315 5779 omncs.
3355 5719 3410 5774 id
3445 5726 3532 5773 est
3562 5715 3723 5772 Chri-

2147 5799 2378 5856 stiones.
