4050 6364
345 341 448 408 749

1023 343 1304 405 ORATIO
1341 343 1474 409 VII.
1514 368 1582 380 -·-
1617 346 1698 407 ΙΝ
1736 348 1795 407 S.
1819 343 2137 408 JOANNIS
2173 345 2384 406 BAPT.
2411 344 2929 410 NATIVITATEM

3493 359 3595 420 75.0

345 455 669 529 ὑπερκλεὴς,
725 455 800 518 ὡς
846 456 941 509 καὶ
989 459 1057 529 τῇ
1117 458 1422 530 Θεομήτορι
1478 460 1916 530 ἀγχιστεύουσα’

2024 458 2316 514 ministerii
2347 459 2455 514 sui.
2503 457 2600 515 Illa
2645 476 2776 516 vero
2813 462 2962 519 Saraa
3010 464 3180 534 gloria
3211 445 3466 537 aequalis,
3511 478 3591 534 vel

347 547 505 617 γεννᾷ
528 547 637 618 γὰρ
662 547 726 600 ἐκ
751 548 1090 618 στειρώσεως
1112 549 1231 602 κατ’
1249 550 1582 618 ἐπαγγελίαν
1605 551 1704 604 οὐκ
1735 551 1918 604 Ἰσαὰκ

344 638 526 692 δοῦλον
555 637 690 691 Θεοῦ
717 637 1008 706 κληθέντα,
1043 639 1162 692 ἀλλ’
1191 640 1447 710 Ἰωάννην
1474 641 1566 694 τὸν
1603 641 1756 711 φίλον
1783 643 1919 712 γνή-

346 751 455 788 σιον
484 731 688 802 Κυρίου
727 731 1168 802 χρηματίσαντα,
1195 733 1259 784 Ὢ
1287 732 1484 800 ἀγόνου
1517 732 1708 800 νηδύος
1741 733 1918 786 τοιοῦ-

343 842 432 878 τον
483 825 902 895 κυοφορησάσης
933 823 1095 876 παῖδα
1121 824 1132 876 l
1163 823 1208 876 ὦ
1259 823 1512 896 ἀκάρπου
1553 825 1792 895 ἀρούρας
1823 842 1919 895 τη-

344 915 603 985 λικαύτην
672 915 1054 986 βλαστησάσης
1111 916 1390 986 ἀσταχυνο
1456 916 1544 970 διὰ
1605 917 1759 970 τοῦτο
1817 917 1918 970 οὐκ

343 1008 678 1079 ἀποκνητέον
715 1008 786 1062 τὰ
827 1008 920 1061 τοῦ
979 1008 1496 1078 μεγαλοφωνοτάτου
1538 1011 1764 1064 Ἡσαΐου
1797 1028 1917 1064 και-

342 1099 557 1170 νότερόν
609 1116 726 1162 πως
774 1099 869 1152 καὶ
918 1099 1055 1170 πρὸς
1086 1099 1257 1170 αὐτὴν
1290 1101 1768 1172 ἀποφθέγξασθαι’
1799 1105 1918 1158 Εὐ-

340 1188 651 1260 φράνθητι,
681 1189 886 1266 στείρα
914 1191 953 1258 ἠ
985 1193 1058 1246 οὐ
1088 1192 1402 1251 τίκτουσας
1419 1194 1616 1262 ῥῆξον
1645 1195 1744 1248 καί
1766 1195 1917 1263 ,βόη-

339 1299 474 1349 σον,
494 1284 532 1351 ἡ
563 1284 672 1337 οὐκ
700 1282 1021 1350 ὠδίνουσα,
1049 1285 1127 1338 ὅτι
1165 1285 1464 1357 ἐξήνθησας
1491 1290 1555 1340 ἐκ
1583 1289 1679 1357 τῆς
1707 1288 1915 1358 ἐρήμου

343 1376 558 1446 μήτρας
585 1373 646 1428 τὸ
687 1374 872 1444 κρίνον
901 1374 998 1444 τῆς
1031 1375 1277 1443 ἁγνείας,
1316 1377 1377 1429 τὸ
1429 1377 1578 1446 ῥόδον
1615 1378 1717 1447 τῆς
1752 1395 1915 1431 πνευ-

341 1469 579 1538 ματικῆς
634 1465 912 1536 εύοδμίας,
973 1467 1063 1519 τὸν
1127 1467 1369 1537 λειμῶνα
1416 1469 1517 1540 τῆς
1570 1469 1914 1539 ἀγαθοφόρου

337 1559 687 1630 ἐγκρατείας,
714 1559 1146 1630 τδνήμεροφανῆ
1193 1561 1492 1633 λαμπτῆρα
1541 1563 1643 1632 τῆς
1677 1561 1913 1632 Χριστοῦ

337 1650 683 1718 ἐπιφανείας,
717 1650 972 1722 Ἰωάννην
1015 1653 1105 1707 τὸν
1138 1652 1534 1725 θεοπρόϐλητον
1571 1656 1914 1727 στρατιώτην

335 1741 430 1796 τοῦ
479 1742 732 1813 οὐρανίου
785 1743 1068 1812 βασιλέως,
1134 1744 1225 1798 τὸν
1263 1745 1483 1816 ἄριστον
1527 1745 1628 1816 τῆς
1675 1749 1912 1818 Χριστοῦ

2020 551 2204 620 potius
2249 553 2537 622 superior,
2577 563 2767 624 utpote
2799 553 2893 610 Dei
2930 555 3156 611 Matrem
3191 562 3591 632 propinquitate

2021 642 2368 711 contingens.
2423 641 2572 696 Parit
2640 645 2784 698 enim
2846 663 2909 701 ex
2969 647 3255 705 sterilitate
3295 657 3590 711 secundum

2019 732 2487 801 promissionem,
2547 733 2693 790 haud
2755 734 2998 792 lsaacum
3063 739 3156 795 Dei
3210 758 3430 798 servum
3495 764 3593 800 vo-

2020 833 2202 877 catum
2245 824 2326 886 ⁶⁹,
2380 825 2474 880 sed
2505 825 2767 882 Joannem
2819 829 2909 897 qui
2945 847 3107 886 verus
3141 831 3352 889 DOmini
3389 839 3597 893 exstitit

2021 914 2248 970 amicus.
2304 905 2370 970 0'
2402 917 2644 972 sterilem
2691 928 2906 976 uterum
2936 963 2950 989 ,
3001 925 3094 994 qui
3151 927 3310 981 talem
3361 931 3596 998 gestat-it

2019 1005 2192 1061 filium
2222 1009 2234 1060 !
2261 1007 2305 1063 Ο
2337 1007 2743 1066 infructuosum
2774 1029 2987 1083 agrum,
3018 1020 3109 1086 qui
3144 1019 3249 1074 tale
3273 1031 3592 1093 tantumque

2019 1097 2228 1165 spicum
2300 1099 2660 1166 germinavit!
2731 1101 3094 1168 Quamobrem
3148 1123 3253 1163 non
3319 1121 3401 1165 est
3457 1127 3591 1168 cun-

2018 1189 2278 1242 etandunt
2309 1190 2472 1244 verba
2505 1192 2591 1244 illa
2639 1195 2970 1250 vocalissimi
3005 1197 3156 1253 Isaiae
3186 1216 3322 1258 novo
3354 1205 3587 1274 quodam

2020 1284 2183 1338 modo
2205 1285 2270 1338 de
2289 1285 2404 1354 ipsa
2433 1287 2648 1342 dicere:
2677 1288 2906 1356 Laetare,
2925 1295 3124 1350 sterilis
3152 1314 3267 1366 qua:
3293 1316 3393 1353 non
3424 1304 3593 1370 paris;

2018 1391 2232 1445 erumpe
2261 1386 2310 1430 et
2350 1378 2681 1450 clama,'quw
2707 1398 2808 1435 non
2840 1387 3078 1450 par-turis
3110 1389 3192 1450 "°,
3231 1393 3488 1459 quoniam
3531 1410 3596 1449 ex

2018 1466 2231 1522 deserta
2264 1470 2492 1526 matrice
2522 1481 2613 1528 tua
2642 1473 2819 1530 lilium
2851 1476 3090 1534 effloruit
3111 1483 3444 1550 sanctitatis,
3473 1501 3594 1539 ro~a

2019 1558 2282 1627 spiritalis
2324 1562 2629 1626 suavitatis,
2659 1575 2875 1634 pratum
2911 1568 3058 1623 utilis
3084 1574 3430 1628 continentia:
3454 1615 3467 1636 ,
3502 1575 3591 1631 fax

2009 1643 2254 1704 interdiu
2289 1666 2508 1721 quoque
2554 1656 2850 1725 conspicua
2885 1657 3084 1714 Christi
3109 1661 3402 1730 adventus,
3441 1665 3576 1721 Joan

2017 1756 2115 1796 nes
2167 1757 2198 1796 a
2265 1741 2373 1798 Deo
2425 1745 2630 1802 electus
2688 1750 2845 1803 miles
2882 1751 3118 1806 caelestis
3148 1756 3320 1824 regis,
3352 1759 3589 1826 Optimus

334 1839 706 1903 νυμφαγωγὸν
733 1835 1089 1904 Ἐκκλησίας,
1116 1836 1206 1889 τὸν
1233 1813 1496 1908 ἀσίγητον
1529 1813 1784 1910 μάρτυρα
1817 1841 1914 1910 τῆς

2023 1831 2277 1889 Ecclesia:
2353 1833 2555 1892 Christi
2623 1842 3063 1912 parauymphus,
3115 1813 3267 1900 testis
3307 1813 3594 1920 itii-nquam

332 1923 506 1986 ὅντως
556 1925 834 1996 ἀληθείας,
867 1925 1118 1998 Ἰωάννην
1170 1928 1263 1982 τὸν
1321 1929 1644 2001 διαπρύσιον
1696 1935 1916 2001 κήρυκα

331 2018 437 2087 τῆς
470 2018 782 2089 μετανοίας,
813 2021 906 2073 τὸν
933 2022 994 2074 ὲν
1027 2021 1238 2092 σώματι
1267 2021 1498 2091 ἄγγελον
1532 2023 1626 2076 τοῦ
1681 2025 1912 2094 Κυρίου,

233 2146 236 2149 -
333 2110 427 2163 τὸν
467 2110 778 2181 ὲκφάντορα
796 2110 890 2164 τοῦ
911 2112 1108 2180 Ἀμνοῦ
1129 2111 1224 2165 τοῦ
1256 2113 1501 2184 αἴροντος
1522 2113 1619 2184 τὴν
1641 2115 1917 2184 ἁμαρτίαν

329 2200 429 2254 τοῦ
491 2203 718 2272 κόσμου·
767 2203 866 2256 καὶ
910 2203 1018 2255 οὐδ’
1058 2203 1124 2256 ἂν
1178 2204 1344 2258 αὐτοῦ
1403 2204 1756 2276 περιλάϐοιμι
1818 2206 1916 2268 τὰς

330 2293 512 2358 ἀξίας,
565 2294 670 2347 κᾶν
721 2293 891 2348 πλείω
925 2294 1223 2365 προσθείην
1271 2296 1369 2366 τῆς
1397 2295 1644 2367 κλήσεως
1691 2296 1760 2348 τά
1797 2295 1918 2348 ὀνό-

334 2401 506 2456 ματα·
543 2383 896 2456 πολυώνυμος
942 2385 1050 2456 γάρ
1075 2386 1158 2449 τίς
1203 2388 1338 2455 ἐστι,
1379 2387 1476 2441 καὶ
1520 2386 1827 2452 πολυάξιος,
1856 2387 1917 2440 τὸ

333 2477 526 2549 μεῖζον
571 2478 722 2550 παρὰ
755 2477 963 2542 πάντας
1000 2479 1128 2542 τοὺς
1185 2481 1442 2550 χριστοὺς
1478 2481 1684 2549 Κυρίου
1715 2480 1912 2550 κεκληο

333 2571 606 2642 ρωμένος.

399 2691 478 2754 γ’.
517 2686 629 2739 Καὶ
658 2685 792 2754 γοῦν
822 2688 1052 2756 τιμᾶται
1080 2685 1176 2738 καὶ
1201 2685 1386 2739 Ἰσαὰκ
1419 2684 1515 2738 τοῦ
1569 2686 1914 2754 προπάτορος

329 2781 390 2834 τὸ
415 2781 685 2848 γενέσιον,
724 2782 892 2852 ὅνπερ
936 2780 1128 2852 Σάρρα
1159 2778 1500 2833 συλλαϐοῦσα
1539 2779 1632 2832 καὶ
1680 2777 1915 2831 τεκοῦσα

331 2873 451 2927 υἱον
515 2874 596 2936 είς
636 2871 831 2944 γῆρας,
867 2867 988 2924 εἶτα
1053 2871 1148 2924 καὶ
1191 2871 1442 2933 εἰποῦσα,
1471 2869 1572 2933 Τίς
1597 2870 1923 2937 ἀναγγελεῖ

341 2965 606 3033 Ἀϐραὰμ
639 2963 729 3016 ὅτι
763 2961 1000 3030 θηλάζει
1030 2961 1228 3030 Σάρῤα
1287 2960 1562 3025 παιδίοις
1611 2962 1696 3028 ἐφ’
1725 2954 1771 3028 ᾧ
1822 2959 1916 3012 καὶ

334 3056 585 3126 μεγάλην
621 3055 787 3125 δοχὴν
813 3053 984 3107 ποιῶν
1016 3054 1263 3120 φαίνεται
1292 3053 1350 3105 ἐν
1381 3051 1566 3124 ἡμέρᾳ
1605 3052 1704 3122 τῆς
1747 3053 1916 3106 αὐτοῦ

2021 1918 2220 1996 tacitus
2246 1919 2366 1990 ejus
2389 1961 2404 1986 ,
2451 1939 2574 1994 qua:
2608 1941 2734 1981 vere
2767 1937 2868 1993 est,
2921 1932 3184 1996 veritatis,
3216 1918 3464 1992 Joannes
3481 1954 3594 2008 poe-

2019 2013 2260 2067 nitentia:
2317 2030 2556 2073 canorus
2616 2036 2828 2086 praeco,
2882 2037 3006 2076 cum
3063 2039 3294 2094 corpore
3375 2031 3600 2100 angelus

2022 2102 2271 2172 Domini,
2319 2107 2481 2162 index
2518 2110 2654 2180 Agv-i
2703 2113 2799 2182 qui
2863 2115 3000 2169 tollit
3053 2129 3330 2187 peccatum
3384 2123 3594 2180 mundi.

2021 2189 2209 2260 Neque
2264 2195 2473 2263 possim
2510 2199 2630 2268 ejus
2681 2202 2970 2272 complecti
3018 2205 3371 2276 dignitatem,
3425 2226 3599 2280 quan-

2023 2285 2224 2338 tumvis
2271 2288 2494 2343 nomina
2537 2293 2963 2362 appellationum
3019 2299 3372 2368 multiplicem
3411 2320 3424 2368 ;
3470 2319 3596 2373 per-

2021 2377 2221 2432 multos
2253 2380 2401 2434 enim
2439 2381 2624 2437 titulos
2649 2384 3051 2458 dignitatesque
3075 2390 3257 2458 habet,
3285 2395 3458 2464 majus
3482 2411 3594 2466 pra:

2019 2468 2274 2525 omnibus
2307 2469 2523 2528 Domini
2561 2475 2737 2532 unctis
2771 2476 3014 2533 officium
3048 2482 3292 2540 sortitus.

2091 2671 2143 2726 5.
2184 2671 2327 2728 Sane
2379 2676 2431 2728 iu
2469 2675 2678 2732 honore
2707 2679 2940 2735 habetur
2993 2682 3165 2739 Isaaei
3205 2701 3426 2756 quoque
3469 2703 3596 2758 pro-

2019 2763 2283 2830 genitoris
2340 2767 2616 2832 nativitas,
2687 2786 2848 2840 quem
2905 2789 3030 2829 ettm
3078 2779 3417 2848 concepisset
3459 2781 3595 2837 Sara

2020 2853 2191 2907 tilium
2224 2863 2279 2910 et
2308 2855 2361 2910 in
2395 2869 2676 2917 senectute
2694 2865 3018 2934 peperisset,
3039 2869 3178 2923 dixit
3210 2889 3223 2924 :
3262 2889 3279 2922 ι
3305 2871 3432 2936 Quis
3464 2889 3597 2927 nun-

2019 2943 2174 2998 tiabt’t
2204 2945 2505 3004 Abraltamo
2528 2954 2664 3022 quod
2687 2955 2829 3010 Sara
2852 2958 3076 3026 ﬁliolum
3107 2961 3260 3016 Iactet
3280 2965 3324 2995 '“
3349 2965 3371 3017 ?
3405 2984 3422 3016 ι
3459 2964 3598 3032 Quo-

2019 3037 2166 3092 circa
2201 3055 2458 3110 magnum
2487 3060 2704 3115 quoque
2733 3061 2954 3105 constat
2984 3063 3190 3121 patrem
3238 3055 3430 3112 fecisse
3460 3072 3596 3112 eon-

329 3146 844 3216 ἀπογαλακτίσεως.
896 3147 1007 3198 Καὶ
1062 3145 1291 3214 τιμᾶται
1335 3143 1498 3198 πάλιν
1556 3143 1794 3213 Σαμψὼν
1835 3143 1916 3216 [τὸ

2023 3128 2221 3184 vivium
2255 3132 2344 3186 die
2363 3132 2744 3193 ablactationis
2768 3140 2907 3208 ejus.
2947 3141 3254 3201 Honoratur
3286 3148 3413 3202 item
3443 3157 3599 3206 nata-

331 3237 602 3310 γενέσιον]
628 3237 724 3290 τοῦ
755 3235 1040 3307 τεχθέντος
1070 3235 1270 3290 Μανωὲ
1317 3236 1438 3289 κατ’
1469 3235 1824 3304 ἐπαγγελίαν,
1856 3239 1920 3290 ὲκ

333 3331 562 3402 στείρας
591 3329 686 3382 καὶ
712 3328 877 3391 αὐτὸς
908 3327 1308 3397 προερχόμενος
1327 3343 1343 3359 ο
1388 3326 1467 3392 ὃς,
1499 3328 1686 3395 φησιν,
1711 3328 1772 3380 οὐ
1804 3327 1921 3379 πίε-

331 3441 420 3478 ται
453 3417 602 3475 οἶνον
655 3419 750 3473 καὶ
797 3419 1011 3488 σίκερα,
1043 3417 1135 3470 καὶ
1162 3417 1222 3469 ού
1253 3417 1326 3486 μὴ
1364 3416 1513 3488 φάγῃ
1543 3419 1651 3470 πᾶν
1676 3416 1922 3486 ἀκάθαρο

331 3531 446 3568 τον·
491 3513 588 3567 καὶ
606 3511 769 3574 αὐτὸς
799 3509 1022 3580 ἄρξεται
1057 3509 1251 3574 σώζειν
1280 3508 1370 3562 τὸν
1397 3508 1616 3578 Ἰσραὴλ
1646 3509 1710 3560 ὲκ
1739 3508 1923 3577 χειρὸς

330 3604 678 3675 ἀλλοφύλων.
707 3603 826 3657 Ἔτι
854 3602 914 3656 δὲ
947 3601 1084 3672 πρὸς
1122 3601 1352 3665 τούτοις,
1389 3600 1476 3653 ἵνα
1500 3601 1569 3654 τὰ
1606 3599 1714 3654 τῶν
1747 3600 1928 3654 ἄλλων

333 3697 624 3769 παραθέω,
682 3695 776 3749 καὶ
818 3693 1076 3762 Σαμουὴλ
1113 3693 1207 3748 τοῦ
1243 3694 1311 3746 τὰ
1352 3693 1666 3763 ἔμπροσθεν
1699 3693 1923 3762 βλέπον-

337 3806 449 3854 τος,
474 3788 536 3842 ὃν
561 3787 746 3840 ἔτεκεν
779 3787 812 3856 ὴ
842 3785 1224 3854 πολυΰμνητος
1263 3784 1430 3836 Ἀννα
1455 3783 1532 3853 τῷ
1569 3782 1724 3854 ἀνδρὶ
1749 3783 1923 3852 αὐτῆς

347 3881 610 3951 Ἑλκανᾷ,
639 3878 949 3949 ἀναθεμένη
982 3879 1048 3931 ὲκ
1078 3876 1312 3948 βρέφους
1362 3875 1441 3946 τῷ
1486 3875 1624 3946 Θεῷ.
1657 3876 1801 3929 Ἀλλ’
1831 3875 1923 3928 οὓ-

333 3993 455 4040 ·ιτως
482 3975 583 4044 τῆς
599 3972 847 4027 Ἰωάννου
867 3971 1202 4041 τετυχήκασι
1233 3968 1673 4039 μεγαλειότητος,
1705 3971 1925 4037 ἀγαπη-

333 4068 438 4123 τοί·
483 4066 621 4120 διότι
647 4066 699 4119 oi.
735 4064 834 4135 μὲν
873 4063 981 4134 πρὸ
1009 4061 1176 4132 νόμου
1200 4060 1296 4114 τοῦ
1319 4059 1592 4130 γραπτοῦ,
1619 4061 1666 4112 οἱ
1695 4059 1752 4112 δὲ
1787 4059 1926 4128 μετά

334 4163 507 4231 νόμτυν
530 4177 544 4188 ·
576 4158 830 4228 Ἰωάννης
855 4155 912 4208 δὲ
940 4157 968 4208 ὁ
1012 4155 1128 4218 υίὸς
1160 4154 1432 4225 Ζαχαρίου
1467 4153 1561 4206 τοῦ
1609 4153 1802 4222 ἱερέως
1831 4153 1925 4204 καὶ

346 4252 632 4308 Ἐλιάάῖἲετ
680 4252 778 4320 τῆς
836 4248 1182 4318 θαυμασίας,
1235 4245 1572 4318 προεισόδιον
1619 4244 1779 4308 ἄνθος
1827 4246 1925 4314 τῆς

335 4343 582 4418 Χρισὲοῦ
607 4341 931 4413 παρουσίας,
961 4339 1218 4393 ἀνέθαλλε
1261 4339 1426 4410 μέσον
1451 4337 1616 4408 νόμου
1645 4336 1743 4391 καὶ
1769 4335 1925 4406 χάρι-

335 4459 428 4503 τος
463 4436 761 4508 ἀναφανείς
785 4449 799 4464 '
831 4431 1151 4505 προηύγασε
1189 4431 1300 4502 γὰρ
1325 4433 1353 4484 ὁ
1382 4428 1574 4500 νοητὸς
1622 4427 1921 4498 ἑωσφόρος,

2024 3223 2092 3278 lis
2133 3223 2438 3293 Samsonis,
2481 3245 2644 3298 quem
2677 3232 2873 3289 Manue
2919 3237 3086 3292 filittm
3117 3242 3358 3311 suscepit
3403 3258 3598 3299 secun-

2023 3315 2152 3370 dum
2202 3319 2647 3390 promissionem,
2685 3325 2752 3380 de
2789 3335 2960 3382 matre
2992 3330 3163 3384 sterili
3213 3333 3466 3388 similiter
3507 3350 3599 3389 or-

2025 3417 2138 3462 tum
2173 3426 2188 3476 ;
2217 3413 2333 3480 qui,
2366 3422 2426 3468 ut
2458 3412 2538 3476 ait
2580 3413 2864 3486 Scriptura
2886 3421 2952 3484 7',
3003 3423 3273 3480 bibiturus
3317 3442 3424 3480 non
3481 3438 3602 3484 erat

2027 3503 2212 3557 vinum
2263 3519 2444 3574 neque
2494 3507 2748 3572 siceram,
2790 3525 2889 3566 nec
2920 3512 3262 3568 immundum
3301 3517 3600 3586 quidquam

2026 3595 2456 3651 manducaturus
2485 3615 2500 3662 ;
2533 3599 2786 3670 idemque
2817 3601 3031 3658 initium
3071 3604 3316 3661 facturus
3352 3609 3599 3664 salvandi

2027 3686 2240 3742 lsraelis
2289 3687 2356 3742 de
2409 3690 2842 3761 alienigenarum
2879 3711 3066 3751 manu.
3116 3699 3312 3755 Praater
3368 3702 3488 3766 hos,
3543 3711 3604 3757 ut

2026 3777 2162 3833 alios
2209 3779 2480 3846 omittam,
2524 3780 2816 3850 Samuelis,
2870 3787 2964 3855 qui
3020 3803 3105 3843 res
3157 3789 3208 3843 in
3257 3800 3600 3848 antecessum

2027 3870 2262 3936 videbat,
2293 3873 2596 3928 honoratur
2624 3877 2825 3933 natalis
2851 3895 2866 3944 ;
2888 3895 3050 3948 quem
3081 3883 3288 3950 peperit
3315 3885 3602 3940 celeberri-

2026 3976 2116 4016 ma
2142 3961 2298 4018 Anna
2334 3965 2452 4019 viro
2499 3980 2599 4021 suo
2641 3965 2914 4032 llelcame.
2945 3979 2996 4025 et
3023 3973 3092 4027 ab
3125 3973 3354 4028 infantia
3386 3974 3494 4030 Deo
3523 3977 3604 4030 di-

2027 4056 2191 4112 cavit.
2225 4056 2330 4112 Sed
2363 4057 2452 4113 isti
2485 4075 2593 4114 non
2621 4065 2856 4117 assecuti
2893 4073 3022 4119 sunt
3062 4063 3292 4122 Joannis
3330 4068 3601 4123 excellen-

2027 4145 2184 4211 tiam,
2217 4162 2250 4199 ο
2275 4147 2462 4201 dilecti
2495 4165 2510 4213 ;
2556 4164 2684 4204 nam
2725 4153 2924 4221 partim
2974 4165 3100 4210 ante
3138 4154 3310 4225 legem
3341 4158 3602 4228 scriptam

2030 4238 2270 4305 fuerunt,
2301 4241 2497 4309 partim
2520 4254 2646 4311 post
2673 4245 2868 4315 legem.
2907 4244 3146 4304 Joannes
3177 4258 3356 4306 autem
3389 4250 3602 4309 Zacha-

2029 4331 2123 4385 rite
2154 4332 2456 4389 sacerdotis
2481 4343 2535 4390 et
2566 4336 2811 4392 mirifica;
2852 4338 3139 4396 Elisahela
3168 4340 3334 4411 ﬁlius;
3364 4344 3604 4414 pullula-

2029 4425 2106 4477 vit
2135 4422 2236 4479 llos
2269 4427 2585 4494 praecedens
2618 4429 2821 4486 Christi
2867 4433 3187 4498 adventum,
3216 4437 3432 4493 medius
3461 4438 3606 4494 inter

781 4485 1050 4595 ἀνατολὴν
1081 4523 1176 4576 τοῦ
1201 4485 1400 4576 "Illico
1429 4485 1528 4592 vi};
1549 4519 1916 4589 δικαιοσύνης·

2029 4512 2201 4584 legem
2227 4485 2287 4570 et
2308 4519 2536 4587 gratiam
2595 4535 2881 4590 apparens.
2943 4524 3201 4580 Praeluxit
3227 4527 3373 4581 enim
3398 4527 3606 4583 intelle-

335 4623 683 4695 προέδραμεν
710 4621 740 4672 ό
779 4614 1117 4682 στρατιώτης
1148 4613 1325 4685 δηλῶν
1350 4612 1450 4684 τὴν
1489 4611 1585 4666 τοῦ
1637 4610 1918 4682 παμϐασι-

334 4717 476 4780 λέως
510 4712 806 4783 ἐπιδημίαν
828 4723 844 4738 ·
895 4706 1059 4776 ἦλθεν
1103 4709 1132 4760 ὁ
1180 4705 1545 4778 νυμφαγωγὸς
1574 4705 1794 4774 μηνύων
1820 4705 1919 4774 τὴν

335 4805 662 4860 ἐπιστασίαν
696 4801 790 4856 τοῦ
818 4801 1076 4870 νυμφίουο
1107 4798 1201 4852 καὶ
1233 4797 1282 4850 οἱ
1311 4797 1410 4866 μὲν
1453 4795 1592 4865 μετά
1622 4812 1775 4857 τινας
1801 4810 1922 4846 και-

337 4900 468 4970 ροὺς
519 4897 622 4966 τῆς
671 4896 1049 4962 ἀποκυήσεως,
1080 4891 1114 4960 ἢ
1170 4886 1667 4960 προεφήτευσαν,ἢ
1725 4887 1918 4955 ἐτερα-

332 4991 671 5060 τούργησαν·
713 4989 742 5040 ὁ
784 4985 840 5039 δὲ
889 4985 970 5038 ἔτι
1029 4979 1552 5054 ὲγκυοφορούμενος,
1600 4978 1914 5046 Πνεύματος

336 5083 500 5151 ἁγίου
555 5078 962 5151 ἐμπέπλησται,
1023 5077 1116 5128 καὶ
1169 5069 1584 5142 θαυματουργὸς
1639 5068 1916 5122 ἀναδέδει-

336 5194 490 5230 κεαι.

406 5381 475 5436 ἃ.
511 5378 810 5450 Τοιγαροῦν
845 5377 989 5430 ἔοικέ
1039 5392 1127 5445 μοι
1159 5370 1397 5426 τοιοῦτόν
1441 5386 1515 5432 τι,
1551 5367 1614 5421 ἵν’
1645 5366 1722 5430 ώς
1751 5367 1807 5418 ὲν
1843 5364 1924 5416 εἰ·

337 5474 460 5529 κόνι
491 5472 832 5543 παραστήσω
862 5468 924 5522 τὸ
986 5463 1404 5538 μεγαλοπρεπὲς
1446 5460 1538 5516 τοῦ
1584 5457 1922 5528 Προδρόμουο

335 5566 532 5636 ὥσπερ
546 5582 631 5629 τις
649 5559 742 5618 οὖν
776 5559 1028 5634 βασιλεὺς
1049 5561 1114 5612 ἐκ
1146 5557 1255 5610 τῶν
1281 5553 1598 5622 ἀνακτόρων
1625 5547 1920 5620 βασιλικῶς

413 5766 460 5799 ”
493 5763 629 5822 Gen.
690 5779 839 5829 xxiv,
894 5761 960 5818 ιι
986 5779 1000 5828 ;
1031 5759 1164 5816 Dan.
1191 5773 1276 5823 nt,
1311 5755 1382 5811 55
1477 5753 1522 5786 ⁷ο
1558 5751 1662 5806 lsa.
1699 5763 1806 5817 Liv,
1847 5751 1894 5803 l.

2028 4606 2222 4662 ctualis
2277 4608 2490 4676 lucifer,
2541 4620 2722 4666 ortum
2773 4612 2918 4670 Solis
2963 4615 3189 4686 justitiae
3240 4618 3601 4688 signiﬁcans:

2028 4697 2308 4765 praecessit
2340 4699 2497 4754 miles
2527 4701 2672 4770 regis
2721 4705 3046 4761 universalis
3075 4707 3368 4762 adventum
3391 4709 3604 4765 denun-

2030 4787 2172 4842 tians
2213 4807 2227 4842 :
2289 4792 2438 4845 venit
2489 4797 2899 4865 paranymphus
2955 4812 3217 4866 sponsum
3260 4799 3452 4856 adesse
3475 4816 3604 4872 por-

2029 4882 2257 4936 tendens
2289 4923 2304 4938 .
2362 4883 2426 4938 Et
2472 4885 2562 4938 alii
2611 4888 2829 4956 quidem
2894 4889 3175 4958 aliquanto
3235 4896 3380 4960 post'
3410 4894 3608 4949 nativi-

2029 4980 2193 5025 tatem
2229 4983 2491 5043 tempore,
2543 4975 2630 5032 vel
2679 4977 3161 5047 prOpbetaverunt,
3211 4983 3293 5036 vel
3342 4982 3606 5039 miracula

2025 5065 2362 5130 ediderunt;
2425 5067 2513 5124 hic
2571 5078 2753 5126 autem
2809 5071 2988 5126 adhuc
3043 5084 3286 5142 gestatus
3343 5075 3398 5130 in
3425 5087 3604 5142 utero,

2029 5155 2232 5227 Spiritu
2262 5167 2452 5214 sancto
2481 5161 2718 5229 repletus
2751 5172 2888 5220 erat.
2921 5171 2975 5218 et
3003 5165 3380 5236 prodigiorum
3410 5177 3606 5224 auctor

2028 5251 2298 5320 apparuit.

2097 5366 2152 5420 4.
2181 5365 2549 5432 Quamobrem
2571 5368 2721 5424 venit
2745 5370 2876 5425 mihi
2910 5371 2964 5426 in
2990 5383 3250 5442 mentem,
3284 5384 3339 5428 ut
3365 5375 3604 5446 imagine

2029 5459 2262 5526 quadam
2297 5458 2754 5530 magnificentiam
2793 5461 3156 5520 Praecursoris
3189 5474 3598 5535 repraesentem.

2034 5550 2188 5606 Sicut
2215 5553 2361 5606 enim
2397 5569 2492 5607 rex
2524 5568 2590 5608 ex
2624 5555 2828 5623 palatio
2859 5557 3117 5627 regaliter
3153 5558 3472 5629 promdens,
3507 5560 3606 5614 lia-

1974 5751 2015 5781 τι
2043 5749 2178 5806 Gen.
2200 5767 2314 5818 χχι,
2337 5752 2388 5818 7,
2466 5751 2704 5810 "Judic.
2730 5769 2849 5823 xm,
2885 5755 2971 5812 14.
