4064 6372
405 391 504 464 151

1601 372 1661 432 S.
1697 367 2092 430 THEODORI
2130 366 2479 428 STUDITIE

3566 359 3675 426 752

403 516 495 570 bet
547 510 728 583 primo
790 504 1159 578 praecedentes
1231 497 1454 554 lictores
1505 499 1561 549 et
1609 483 1982 583 sceptriferos,

2092 485 2516 556 προερχόμενος,
2548 485 2662 557 ἔχει
2689 485 2789 558 μὲν
2820 483 3012 557 πρῶτα
3059 481 3396 555 ἡγουμένους
3447 477 3673 553 ῥαϐδού-

405 579 603 664 deinde
646 600 926 667 consules,
965 595 1254 670 praefectos
1306 597 1361 644 et
1403 585 1657 640 ordinum
1702 579 1980 644 ductores,

406 706 687 769 postremo
713 693 951 763 aliquem
980 686 1189 758 majore
1214 680 1478 753 dignitate
1507 674 1832 748 praeditum;
1863 679 1988 740 post

406 804 570 862 quem
605 786 793 844 statim
841 797 958 847 rex,
992 778 1214 835 nemine
1242 771 1530 842 iuterjecto
1570 771 1823 862 apparet,
1850 775 1988 862 auro

406 856 462 939 et
511 877 675 939 claris
722 874 998 947 lapidibus
1038 869 1297 940 fulgens;
1342 866 1418 920 ita
1438 873 1659 918 mecum
1707 857 1887 931 cogita
1921 856 1988 910 de

408 989 541 1031 vero
577 972 853 1038 unicoqne
887 963 1133 1022 omnium
1185 974 1313 1032 rege
1351 956 1571 1013 Christo
1617 949 1728 1007 Deo
1766 957 1980 1005 nostro.

407 1065 550 1123 Huic
603 1064 748 1119 enim
801 1073 898 1132 per
953 1067 1175 1112 carnem
1219 1051 1276 1106 in
1329 1047 1593 1103 mundum
1644 1044 1982 1112 ingressuro,

411 1160 809 1232 praecesserunt
877 1147 1226 1222 patriarchae,
1295 1140 1643 1232 Abrahamus
1692 1135 1984 1232 videlicet,

410 1229 651 1314 lsaacus,
701 1244 986 1300 Jacohus:
1031 1237 1229 1294 deinde
1272 1233 1488 1305 Moyses
1550 1229 1648 1286 Dei
1691 1229 1986 1298 interpres,

409 1345 589 1397 Aaron
611 1348 775 1410 atque
807 1331 1052 1396 Samuel,
1077 1337 1132 1386 et
1154 1327 1412 1383 universa
1445 1321 1835 1394 prophetarum
1869 1328 1991 1374 tur-

411 1441 502 1493 ba.
552 1431 875 1489 Postremus
915 1423 1166 1498 apparuit
1215 1417 1482 1482 Joannes,
1519 1425 1760 1486 moxque
1804 1413 1990 1471 statim

409 1527 659 1586 Christus
694 1521 956 1578 Dominus
987 1535 1002 1585 ;
1039 1517 1108 1574 de
1147 1529 1257 1587 quo
1281 1513 1373 1568 ille
1400 1511 1539 1567 dixit
1571 1528 1584 1565 :
1619 1507 1723 1574 Qui
1750 1516 1864 1577 post
1909 1517 1992 1560 me

410 1627 658 1676 venturus
683 1623 784 1680 est,
805 1623 927 1667 ante
948 1626 1030 1665 me
1045 1606 1219 1680 factus
1247 1614 1345 1673 est,
1372 1605 1499 1676 quia
1519 1603 1664 1672 prior
1685 1617 1765 1654 me
1790 1607 1904 1654 erat
1920 1597 1986 1651 ⁷³.

2088 592 2216 646 χους
2226 575 2380 641 τινὰς
2398 575 2491 630 καὶ⁷
2519 575 2994 648 σκηπτροφόρους,
3011 573 3204 628 ἔπειτα
3223 573 3484 637 ὑπάτους,
3503 573 3676 644 ὑπάρ-

2087 684 2217 738 χους
2265 684 2326 721 τε
2361 669 2458 722 καὶ
2514 665 2842 740 ταξιάρχους
2869 709 2885 735 ,
2929 669 3159 739 ἔσχατον
3183 663 3244 720 δέ
3273 681 3395 720 τινα
3427 664 3677 736 ἀξιωμα-

2085 757 2404 825 τικώτερον,
2444 756 2563 827 μεθ’
2583 755 2646 811 ὃν
2675 757 2837 822 εὐθὺς
2861 757 2890 811 6
2913 756 3171 828 βασιλεὺς
3200 753 3424 827 ἀμέσως
3457 755 3678 825 ἐπιφαί-

2089 861 2238 901 νεται
2272 848 2458 919 χρυσῷ
2496 848 2594 902 καὶ
2641 848 2809 912 λίθοις
2859 847 3110 918 διαυγέσι
3159 847 3674 918 καταλαμπόμενος,

2087 938 2236 994 οὕτω
2271 959 2361 1010 μοι
2392 942 2503 996 νόει
2533 944 2628 997 καὶ
2667 943 2762 996 ἐπὶ
2797 941 2893 996 τοῦ
2923 940 3180 1014 ἀληθινοῦ
3233 940 3330 995 καὶ
3371 939 3534 1012 μόνου
3568 940 3678 994 τῶν

2089 1031 2228 1087 ὅλων
2279 1032 2548 1103 βασιλέως
2591 1033 2832 1104 Χριστοῦ
2870 1033 2966 1087 τοῦ
3007 1032 3142 1088 Θεοῦ
3173 1032 3358 1104 ἡμῶνο
3389 1029 3679 1103 μέλλοντος

2089 1125 2200 1196 γὰρ
2232 1124 2399 1180 αὑτοῦ
2447 1125 2536 1179 διὰ
2595 1127 2798 1197 σαρκὸς
2849 1125 3074 1180 εἰσιέναι
3123 1127 3183 1178 ὲν
3229 1127 3297 1197 τῇ
3358 1121 3677 1199 οἰκουμένῃ,

2091 1219 2480 1289 προηγήσαντο
2503 1217 2604 1288 μὲν
2638 1221 2998 1289 πατριάρχαι,
3025 1211 3138 1272 οἷον
3161 1215 3436 1287 Ἁϐραάμ,
3464 1216 3677 1282 Ἰσαὰκ,

2103 1309 2318 1365 Ἰακώϐο
2351 1311 2542 1364 ἔπειτα
2571 1309 2813 1382 Μωῦσῆς
2834 1313 2862 1364 6
2891 1309 3230 1381 θεοφάντωρ,
3257 1307 3469 1381 Ἀαρών
3497 1323 3556 1362 τε
3583 1307 3680 1362 καὶ

2091 1402 2369 1481 Σαμουὴλ,
2406 1403 2502 1458 καὶ
2537 1405 2649 1468 πᾶς
2687 1403 2716 1457 6
2747 1403 3182 1475 τῶν,προφητῶν
3206 1402 3415 1472 ὅμιλοςο
3449 1399 3679 1466 ὕστατος

2089 1495 2148 1548 δέ
2174 1512 2294 1559 πως
2329 1497 2718 1568 πεφανέρωται
2744 1496 3023 1566 Ἰωάννηςο
3054 1494 3149 1549 καὶ
3175 1493 3338 1558 εὐθὺς
3355 1495 3384 1548 6
3401 1491 3681 1566 Δεσπότης

2091 1588 2328 1660 Χριστὸς
2363 1589 2494 1662 περὶ
2531 1583 2593 1644 οὗ
2625 1605 2813 1659 φησιν’
2857 1588 2920 1642 '0
2955 1587 3148 1642 ὀπίσω
3175 1603 3296 1656 μου
3328 1586 3678 1657 ἐρχόμενος,

413 1714 480 1769 Et
509 1712 603 1783 qui
633 1677 862 1765 ultimus
895 1677 1090 1760 ordine
1109 1708 1212 1765 est,
1240 1697 1508 1769 dignitate
1531 1693 1708 1762 major
1734 1707 1834 1763 pro
1865 1706 1989 1762 pro-

2092 1680 2437 1751 ἔμπροσθέν
2461 1699 2582 1752 μου
2615 1682 2886 1750 γέγονεν,
2917 1679 3010 1736 ὅτι
3042 1677 3274 1749 πρῶτός
3303 1697 3424 1750 μου
3456 1677 3557 1748 ἦν’
3584 1679 3681 1732 καὶ

413 1767 666 1878 portione
694 1798 924 1856 exstitit.
943 1795 1036 1852 Sic
1061 1808 1191 1864 ergo
1209 1801 1263 1847 et
1286 1767 1746 1878 prophetarumet
1769 1790 1988 1878 aposto-

2092 1775 2122 1827 6
2158 1773 2386 1845 ἔσχατος
2411 1777 2479 1846 τῇ
2527 1773 2680 1841 τάξει
2713 1774 2915 1846 μείζων
2947 1775 3013 1846 τῇ
3053 1773 3205 1844 ἀξίᾳ,
3231 1771 3371 1826 κατὰ
3401 1767 3463 1826 τὸ
3487 1771 3683 1826 ἀνάλοο

414 1835 503 1878 pol
519 1835 666 1860 uvuc
694 1835 924 1856 τιυιιιιι.
945 1835 1036 1852 μιν
1062 1835 1111 1849 νι
1125 1835 1190 1864 ον
1210 1835 1263 1847 υ-
1289 1835 1339 1860 ,ν-
1356 1835 1569 1860 vrum..-
1588 1835 1673 1841 η--
1698 1835 1744 1840 --
1771 1835 1825 1853 τ,
1847 1835 1862 1838 -
1880 1835 1896 1838 -
1912 1835 1919 1836 ,
1937 1835 1945 1836 ,

414 1901 594 1954 lorum
641 1901 695 1950 et
724 1891 958 1948 aliorum
1017 1885 1266 1942 omnium
1309 1881 1620 1954 pr:ecipuus
1665 1875 1790 1942 fuit,
1833 1875 1989 1946 juxta

2093 1883 2190 1936 γον
2218 1865 2631 1922 ἀποδέδεικταιο
2687 1865 2832 1921 οὕτω
2861 1865 3043 1920 τοίνυν
3085 1865 3180 1918 καὶ
3229 1862 3530 1936 προφητῶν
3585 1863 3682 1917 καὶ

415 2004 580 2045 verax
605 1985 843 2042 Verbum
878 1994 1110 2051 magnus
1141 1976 1454 2032 Prtecursor
1480 1989 1495 2039 ;
1531 1967 1748 2025 illorum
1771 1965 1989 2038 quidem

2092 1957 2410 2011 ἀποστόλων
2436 1959 2532 2012 καὶ
2560 1955 2670 2011 τῶν
2691 1957 2870 2012 ἀλλων
2920 1957 3176 2011 ἁπάντων
3207 1953 3510 2027 πρώτιστος
3539 1952 3682 2007 κατά

416 2092 477 2137 ιιι
519 2081 884 2148 subsequens,
936 2073 1132 2126 horum
1182 2076 1242 2121 ut
1283 2077 1601 2136 praecessor.
1660 2061 1768 2116 Sed
1813 2058 1989 2130 agcsis

2093 2048 2186 2102 τὸν
2237 2048 2411 2121 ἀληθῆ
2465 2049 2638 2118 Λόγον
2668 2049 2698 2103 6
2738 2047 2913 2119 μέγας
2964 2045 3302 2120 Πρόδρομος,
3330 2047 3438 2100 τῶν
3469 2043 3568 2116 μὲν
3603 2045 3683 2108 ὡς

415 2170 781 2242 evangelicam
824 2163 1130 2236 aperientes
1169 2157 1479 2222 historiam,
1523 2153 1814 2208 audiamus
1850 2165 1989 2220 qum-

2095 2139 2451 2210 ὲφεπόμενος,
2480 2139 2588 2194 τῶν
2617 2139 2676 2194 δὲ
2702 2141 2779 2204 ὡς
2811 2138 3244 2211 προηγούμενος·
3276 2133 3414 2192 ἀλλά
3443 2133 3552 2207 γὰρ
3581 2133 3682 2205 τὴν

416 2226 852 2318 nam‘Zacharite
878 2254 1132 2311 nuntiata
1159 2251 1291 2308 sint.

2096 2230 2463 2304 εὐαγγελικὴν
2511 2233 2752 2305 ἱστορίαν
2800 2231 3208 2296 ἀναπτύξαντες
3236 2271 3252 2298 ,
3313 2226 3682 2298 ἀκουσώμεῦα

2095 2323 2216 2376 τίνα
2248 2323 2319 2377 τὰ
2347 2323 2443 2378 τοῦ
2473 2323 2714 2396 Γαϐριὴλ
2762 2323 2902 2395 πρὸς
2947 2319 3040 2377 τὸν
3091 2321 3372 2394 Ζαχαρίαν
3401 2318 3683 2390 ἀπαγγελ-

2095 2410 2319 2484 λόμενα.

2167 2505 2231 2562 ε’.
2277 2507 2468 2577 Ὠφθη
2507 2505 2689 2576 αὐτῷ,
2725 2507 2910 2578 φησὶν,
2939 2506 3197 2578 ἄγγελος
3220 2505 3462 2575 Κυρίου,
3487 2503 3683 2573 ἑστὼς

2095 2599 2167 2654 ἐκ
2195 2599 2412 2665 δεξιῶν
2431 2599 2539 2655 τοῦ
2555 2599 2937 2670 θυμιάματος-ο
2956 2599 3056 2654 καὶ
3069 2598 3363 2670 ἐταράχθη
3377 2600 3680 2669 Ζαχαρίας

487 2528 542 2584 5.
589 2524 850 2596 Apparuit
893 2523 962 2590 ei,
1005 2520 1206 2592 inquit,
1247 2515 1466 2588 angelus
1509 2511 1749 2577 Domini,
1780 2521 1928 2567 stans
1961 2526 1995 2564 a

414 2620 619 2676 dextris
656 2616 846 2671 altaris
891 2612 1112 2670 incensi.
1169 2608 1238 2663 Et
1285 2606 1629 2663 conturbatus
1660 2613 1739 2660 est
1781 2603 1994 2658 Zacha-

416 2714 528 2769 rias
572 2710 770 2774 videns,
819 2716 869 2761 et
927 2705 1087 2760 timor
1117 2701 1274 2756 irruit
1307 2714 1465 2770 super
1497 2696 1750 2768 ipsum“.
1790 2695 1989 2766 Nempe

2100 2691 2262 2760 ίδὼν,
2297 2693 2396 2747 καὶ
2438 2695 2625 2764 φόϐος
2651 2692 2954 2748 ἐπέπεσεν
2979 2691 3073 2747 ἐπ’
3093 2693 3284 2748 αὐτόν
3302 2709 3318 2724 ⁸
3349 2692 3427 2756 ὡς
3471 2691 3681 2764 φοϐερά

415 2806 546 2877 quia
585 2799 846 2858 terribilis
875 2806 960 2854 est
985 2795 1232 2867 angelica
1257 2793 1418 2857 visio,
1449 2799 1504 2846 et
1533 2789 1761 2846 terribili
1784 2788 1838 2844 in
1869 2789 1989 2844 loco

2095 2803 2180 2850 τις
2212 2785 2308 2840 καὶ
2357 2787 2391 2858 ή
2423 2785 2691 2858 ἀγγελικὴ
2723 2784 2984 2851 όπτασία,
3034 2785 3128 2838 καὶ
3183 2785 3243 2840 ἑν
3276 2784 3494 2857 φοϐερῷ
3529 2786 3682 2858 τόπῳ

415 2874 659 2953 ostensa.
690 2890 864 2959 Quam
903 2887 1155 2944 terribilis
1188 2895 1288 2951 est,
1317 2884 1515 2956 inquit,
1546 2884 1694 2938 locus
1721 2880 1859 2937 iste!
1889 2898 1989 2937 non

2097 2880 2494 2948 καταφανεϊσα·
2516 2875 2609 2945 Ὠς
2639 2878 2892 2948 φοϐερὸς
2921 2877 3053 2947 γὰρ,
3077 2879 3262 2948 φησιν,
3298 2880 3332 2934 ό
3357 2879 3543 2945 τόπος
3574 2874 3681 2935 οὗ·

415 2999 493 3046 est
522 2989 606 3042 hic
651 2984 799 3041 aliud
840 2983 952 3039 nisi
990 2983 1178 3036 domus
1209 2978 1389 3035 Dei".
1423 2976 1608 3048 Neque
1653 2985 1738 3032 est
1785 2976 1989 3031 miran-

2095 2974 2240 3040 s'oc!
2271 2975 2384 3028 οὐκ
2426 2971 2560 3027 ἐστι
2608 2971 2807 3036 τοῦτο,
2837 2971 2974 3026 ἀλλ’
3004 2971 3042 3040 ἢ
3084 2971 3248 3037 οἶκος
3279 2970 3450 3026 Θεοῦ.
3474 2970 3587 3026 Καὶ
3615 2971 3678 3025 οὐ

416 3083 570 3146 dum,
628 3077 676 3134 si
728 3091 854 3133 cum
895 3075 1079 3146 justus
1126 3071 1385 3128 sacerdos
1422 3077 1589 3135 esset,
1629 3071 1882 3123 turbatus
1912 3076 1989 3125 est

2097 3065 2408 3137 θαυμαστὸν
2465 3065 2514 3118 εἰ
2560 3063 2767 3130 δίκαιος
2805 3063 2880 3117 ὢν
2935 3064 2964 3118 6
3011 3065 3192 3134 ἱερεὺς
3239 3062 3538 3134 ιταράχθη,
3586 3063 3681 3117 καὶ

417 3172 690 3240 timorque
720 3168 775 3222 in
804 3181 928 3223 eum
962 3165 1152 3232 irruit;
1183 3161 1452 3232 siquidem
1482 3167 1536 3215 et
1567 3157 1989 3216 Danicldeside-

2097 3155 2264 3228 φόϐος
2305 3156 2576 3210 ἐπέπεσεν
2622 3159 2708 3210 ἐπ’
2733 3155 2916 3220 αὐτὸν,
2958 3155 3094 3210 ὅπου
3133 3155 3230 3210 καὶ
3274 3153 3473 3226 Δανιὴλ
3497 3155 3528 3208 ό
3567 3155 3680 3208 τῶν

416 3263 625 3318 riorum
659 3259 762 3324 vir,
807 3257 998 3312 videns
1043 3254 1346 3324 obstupuit,
1369 3259 1424 3306 et
1454 3252 1507 3306 in
1543 3249 1740 3306 faciem
1792 3250 1996 3309 cadens

417 3369 512 3410 ore
555 3353 740 3408 hiante
771 3345 894 3414 fuit,
923 3357 1144 3418 propter
1173 3345 1434 3416 angelicae
1469 3342 1781 3400 eminentia:
1806 3344 1994 3414 splen-

417 3446 606 3502 dorem
652 3441 1133 3514 incomparabilem
1151 3440 1219 3494 ".
1245 3439 1513 3509 Apparuit
1545 3440 1614 3504 ei,
1659 3436 1857 3508 inquit,
1893 3454 1994 3492 an-

417 3538 563 3610 gelus
609 3535 846 3590 Domini.
877 3533 1018 3600 Quid
1050 3533 1117 3588 ad
1149 3533 1263 3587 haec
1317 3531 1474 3586 nobis
1514 3530 1706 3586 dicunt
1747 3530 1803 3586 hi
1830 3532 1996 3587 semi-

416 3627 730 3690 christiani,
754 3626 846 3696 qui
874 3623 1193 3696 angelorum
1229 3622 1495 3692 imagines
1529 3621 1647 3678 ﬁeri
1670 3621 1905 3678 uolunt?
1935 3623 1993 3678 Si

417 3721 642 3793 angelus
671 3718 742 3772 ab
771 3715 990 3770 homine
1017 3714 1169 3769 visus
1207 3712 1326 3776 fuit,
1349 3727 1480 3783 ergo
1509 3712 1738 3768 omnino
1761 3711 1991 3784 ﬁguram

419 3810 692 3873 induerat,
707 3805 852 3862 haud
873 3805 1031 3860 aliter
1045 3819 1211 3875 quam
1233 3803 1583 3859 cernebatur.
1605 3803 1770 3860 Visus
1788 3812 1872 3860 est
1887 3819 1990 3858 au-

417 3913 526 3959 tem
546 3901 639 3957 tali
657 3902 850 3970 ﬁgura,
866 3897 1014 3971 quali
1038 3905 1200 3954 antea
1220 3896 1391 3969 Moysi
1409 3898 1463 3951 in
1486 3905 1671 3952 monte
1693 3895 1825 3954 Sina
1843 3897 1992 3954 circa

412 3991 882 4065 propitiatorium,
929 3989 1229 4046 Cherubini
1252 3989 1308 4045 in
1339 3997 1468 4061 typo
1507 3989 1712 4046 ostensi
1745 3988 1989 4047 fuerunt.

414 4084 570 4152 Quod
599 4083 647 4138 si
674 4082 1052 4151 incorporeum
1073 4089 1130 4136 et
1148 4095 1255 4136 non
1285 4080 1600 4152 ﬁguratum,
1624 4078 1781 4149 juxta
1809 4083 1994 4135 osten-

414 4189 536 4232 sum
551 4169 1260 4245 typumdelineatur,quidni
1272 4184 1596 4241 corporeum
1610 4177 1666 4226 et
1677 4169 1988 4240 ﬁguratum,

412 4268 609 4330 colori,
643 4265 834 4332 tactui,
871 4264 1157 4334 tribusque
1191 4262 1631 4319 dimensionibus
1661 4262 1986 4330 obnoxium,

411 4360 595 4432 qualis
631 4357 736 4413 fuit
761 4353 1070 4412 Servatoris
1097 4355 1328 4426 species,
1360 4370 1471 4412 non
1504 4355 1884 4426 ﬁgurabimus,
1919 4354 1988 4412 ad

411 4453 717 4510 evidentem
759 4463 869 4506 non
907 4449 1265 4520 phantasticze
1301 4447 1699 4504 incarnationis
1746 4449 1866 4520 ejus
1894 4449 1991 4505 de-

2096 3245 2404 3318 ἐπιθυμιῶν
2429 3247 2595 3318 ἀνὴρ,
2638 3247 2764 3300 ἰδὼν
2793 3244 3103 3318 ἐθαμϐήθη,
3148 3245 3243 3299 ἐπὶ
3278 3243 3572 3318 πρόσωπόν
3617 3261 3681 3298 τε

2096 3337 2400 3404 πεπτωκὼς
2427 3339 2524 3393 καὶ
2553 3338 2762 3410 ἀχανὴς
2815 3338 3078 3408 γεγονὼς,
3108 3337 3174 3410 τῇ
3221 3333 3322 3410 τῆς
3379 3337 3682 3408 ἀγγελικῆς

2095 3433 2371 3505 ὑπεροχῆς
2393 3432 2712 3505 ἀσυγκρίτῳ
2747 3432 3116 3502 λαμπρότητι.
3151 3432 3342 3501 Ὠφθη
3367 3431 3552 3498 αὐτῷ,
3576 3447 3683 3503 φη-

2096 3521 2200 3584 σὶν,
2235 3521 2493 3590 ἅγγελος
2521 3513 2764 3588 Κυρίου.
2783 3521 2850 3572 Τί
2876 3519 3040 3588 φάσιν
3071 3521 3206 3591 ἡμῖν
3235 3517 3372 3590 πρὸς
3399 3519 3597 3585 ταῦτα,
3628 3521 3682 3572 οι

2097 3612 2173 3682 μὴ
2213 3609 2568 3675 εἰκονίζοντες
2623 3611 2940 3682 ἡμίχριστοι
2967 3609 3117 3683 (Ιϐ);
3144 3613 3192 3666 εί
3217 3606 3400 3667 ὦπται
3450 3611 3681 3682 ἄγγελος

2094 3701 2399 3774 ἀνθρώπῳ,
2432 3703 2650 3767 πάντως
2690 3705 2784 3757 καὶ
2827 3706 3125 3758 εἰκόνισται
3147 3703 3402 3776 οὐδαμῶς
3423 3703 3602 3770 ἄλλως
3642 3705 3678 3778 η

2093 3795 2170 3858 ὡς
2216 3788 2427 3849 ὦπται·
2461 3789 2642 3849 ὦπται
2689 3793 2749 3848 δὲ
2794 3797 2854 3850 ἐν
2896 3795 3074 3868 τοιᾷδε
3131 3799 3336 3868 μορφῇ,
3369 3795 3493 3850 καθ’
3522 3794 3560 3850 ἃ
3585 3797 3683 3850 καὶ

2093 3890 2302 3960 Μωῦσῇ
2339 3888 2606 3960 πρότερον
2635 3890 2694 3942 ἐν
2729 3888 2808 3960 τῷ
2841 3887 2959 3961 δρει
2993 3890 3122 3962 Σινᾷ
3154 3889 3225 3943 τὰ
3282 3889 3413 3960 περὶ
3445 3889 3507 3943 τὸ
3561 3888 3678 3942 ἱλα-

2096 3983 2317 4054 στήριον
2374 3982 2655 4053 Χερουϐὶμ
2699 3983 2760 4038 ὲν
2803 3981 2960 4050 τύπῳ
3002 3982 3367 4052 δεικνύμεναο
3410 3981 3507 4035 καὶ
3534 3983 3587 4034 εί
3616 3981 3680 4036 τὸ

2093 4073 2388 4145 ἀσώματον
2441 4073 2538 4128 καὶ
2575 4073 2986 4145 ἀσχημάτιστον
3017 4074 3158 4127 κατὰ
3195 4072 3288 4127 τὸν
3333 4069 3678 4143 δεδειγμένου

2093 4166 2264 4219 τύπον
2286 4167 2706 4240 περιγράφεται,
2735 4166 2852 4231 πῶς
2876 4167 2938 4220 τὸ
2967 4167 3286 4238 ὲνσὼματον
3311 4167 3408 4220 καὶ
3459 4181 3677 4238 σχημα-

2093 4256 2377 4326 τιζόμενον
2405 4257 2709 4311 ὑποπίπτον
2735 4259 2893 4329 χροιᾷ
2919 4274 2977 4312 τε
3004 4257 3099 4312 καὶ
3123 4259 3257 4329 ἁφῇ,
3280 4257 3374 4312 καὶ
3387 4259 3509 4321 ταῖς
3527 4258 3674 4330 τρισὶ

2093 4347 2464 4416 διαστάσεσιν,
2494 4342 2608 4404 οἷον
2632 4355 2693 4404 τὸ
2725 4351 2820 4404 τοῦ
2854 4352 3111 4423 Σωτῆρος
3157 4349 3318 4419 εἶδος,
3347 4352 3448 4405 οὐκ
3479 4352 3676 4428 atavi-

2096 4457 2263 4512 σομεν
2299 4443 2438 4515 πρὸς
2466 4444 2674 4515 ἐναργῆ
2723 4445 2826 4516 τῆς
2868 4445 3312 4516 ἁφαντασιάστου
3341 4444 3507 4498 αὐτοῦ
3538 4459 3674 4515 cap-

410 4542 909 4601 monstrationem?
952 4538 1140 4611 Neque
1183 4539 1266 4596 sic
1326 4555 1359 4596 ιι
1408 4540 1565 4596 nobis
1611 4540 1988 4596 circumscribi

2097 4533 2320 4598 κὼσεως
2353 4535 2628 4602 ἀπόδειξιν
2652 4537 2796 4603 ;Καὶ
2825 4538 2900 4608 μὴ
2932 4537 3413 4610 συμπεριγράφειν
3437 4535 3587 4609 ἡμᾶς
3615 4538 3675 4590 ὲν

409 4641 606 4708 ruent
627 4631 681 4688 hi
710 4632 862 4688 stulti
893 4631 1173 4694 deitatem,
1197 4645 1318 4700 quae
1340 4643 1518 4700 neque
1547 4629 1727 4685 verbis
1755 4629 1986 4700 exprimi

409 4734 611 4800 potest,
627 4738 806 4795 neque
830 4721 1244 4794 comprehendi,
1267 4721 1425 4791 cujus
1445 4722 1591 4777 nulla
1611 4730 1696 4777 est
1718 4721 1985 4790 positura,
2020 4757 2022 4760 μ

409 4816 562 4872 nulla
612 4815 810 4886 ﬁgura,
841 4814 1025 4868 nullus
1079 4813 1256 4878 locus,
1301 4812 1451 4868 nulla
1503 4811 1805 4883 quantitas,
1838 4813 1988 4869 nulla

405 4903 668 4979 qualitas,
719 4919 820 4960 nec
852 4903 1056 4972 aliquid
1086 4901 1237 4957 aliud
1279 4917 1347 4958 es
1391 4902 1481 4968 iis,
1513 4917 1636 4973 quae
1669 4910 1800 4958 sunt
1843 4903 1988 4958 intra

406 4998 548 5056 ﬁnes
573 4995 1126 5066 circumscriptionis,
1157 5003 1440 5064 propterea
1470 4994 1619 5065 quod
1657 4994 1729 5050 sit
1775 4995 1986 5051 inﬁnita

405 5101 464 5148 et
489 5087 1079 5156 incomprehensibilis.
1111 5085 1246 5141 Nam
1273 5103 1420 5142 nunc
1447 5088 1610 5144 etiam
1645 5087 1692 5143 si
1721 5088 1988 5159 simplicis

408 5183 648 5240 hominis
680 5181 972 5250 imaginem
1000 5179 1335 5252 efﬁngimus,
1361 5182 1505 5237 haud
1557 5191 1708 5238 certe
1742 5182 1984 5238 animam

407 5275 823 5334 immaterialem
849 5283 904 5329 et
930 5273 1115 5344 ﬁgura:
1143 5274 1456 5344 incapacem
1489 5275 1812 5346 ﬁguramus,
1835 5277 1985 5346 quod

406 5371 526 5426 ﬁeri
567 5383 797 5441 prorsus
835 5365 1052 5436 nequit;
1084 5364 1178 5421 sed
1208 5367 1427 5436 utrique
1455 5369 1844 5424 convenienter
1862 5383 1987 5439 quae

407 5470 538 5518 sunt
591 5457 812 5530 propria
865 5456 1204 5524 tribuimus;
1256 5471 1449 5527 nempe
1507 5458 1986 5530 incircumscripto

407 5552 1052 5621 ineircumscriptionem,
1077 5548 1496 5621 circumscripto
1512 5551 1985 5622 circumscriptio-

2091 4627 2268 4699 τούτῳ
2301 4629 2616 4699 ἡγήσωνται
2660 4631 2709 4683 οἱ
2755 4629 2990 4701 ἄφρονες
3033 4629 3135 4702 τὴν
3181 4629 3438 4702 θεότητα,
3465 4624 3536 4702 ἧς
3573 4628 3675 4683 οὐκ

2091 4719 2383 4791 ἔκφρασις,
2405 4721 2469 4775 οὐ
2499 4720 2822 4794 κατάληψις,
2856 4723 2918 4776 οὑ
2955 4722 3127 4788 θέσις,
3152 4723 3214 4776 οὗ
3248 4723 3457 4795 σχῆμα,
3495 4723 3558 4776 οὐ
3583 4722 3672 4776 τό·

2093 4828 2216 4879 πος,
2245 4813 2308 4866 οὐ
2353 4813 2610 4885 ποσότης,
2645 4815 2708 4868 οὐ
2763 4813 3088 4887 πηλικότης,
3137 4816 3237 4870 οὐκ
3286 4816 3416 4871 ἀλλο
3464 4833 3518 4870 τι
3562 4815 3673 4870 τῶν

2093 4905 2444 4978 περιγραφῆς
2476 4905 2624 4962 ἔνδον
2669 4905 2756 4960 διά
2794 4908 2854 4961 τδ
2882 4907 3114 4976 ἄπειρον
3154 4909 3247 4962 καὶ
3275 4908 3670 4980 ἀπερίληπτον

2095 4998 2218 5052 ἐπεὶ
2251 4998 2349 5053 καὶ
2377 4998 2609 5055 ἐνταῦθα
2634 4999 2726 5055 τὸν
2754 5000 2938 5064 ἁπλῶς
2969 5001 3256 5071 ἄνθρωπον
3293 4999 3673 5066 εἰκονίζοντες,

2095 5093 2157 5146 οὐ
2203 5085 2396 5163 τὸτῆς
2416 5091 2598 5164 ψυχῆς
2626 5091 2790 5146 άῦλον
2820 5095 2914 5147 καὶ
2956 5093 3198 5147 ἀνείδεον
3236 5093 3675 5162 συνεικινίζομεν

2095 5185 2335 5250 πάντως,
2365 5185 2425 5238 οὐ
2453 5183 2561 5255 γὰρ
2595 5183 2888 5256 ἐνδέχεται,
2928 5185 3064 5240 ἀλλὰ
3108 5186 3460 5256 καταλλήλως
3502 5185 3570 5238 τὰ
3598 5187 3676 5238 oi-

2096 5279 2218 5331 κεῖα
2275 5277 2554 5347 ἑκατέρως
2597 5277 2986 5348 ἀπονέμομεν·
3069 5277 3150 5348 τῷ
3203 5278 3572 5348 ἀπεριγρὰφῳ
3615 5276 3675 5328 τὸ

2096 5366 2501 5437 ἀπερίγραφον,
2531 5365 2624 5419 καὶ
2652 5366 2730 5436 τῷ
2759 5367 3125 5438 περιγραπτῷ
3147 5369 3207 5424 τὸ
3236 5369 3340 5421 ἀπε
3351 5368 3672 5438 ρίγραπτον,

2094 5459 2170 5523 ὡς
2199 5459 2228 5510 6
2249 5458 2347 5528 τῆς
2379 5457 2639 5529 ἀληθείας
2674 5458 2832 5527 λόγος
2873 5460 3231 5531 παρίστησιν.
3269 5461 3591 5515 Ἐπανιτέον
3619 5458 3676 5512 δὲ

2095 5547 2253 5614 αὖθις
2279 5552 2360 5610 εἰς
2385 5550 2448 5602 τὺ
2480 5549 2862 5622 προκείμενον.

405 5661 552 5714 nem,
587 5655 751 5717 prout
796 5642 1041 5698 veritatis
1094 5641 1233 5698 ratio
1265 5642 1424 5700 nobis
1479 5644 1694 5702 suadet.
1731 5644 1839 5701 Sed
1887 5648 1955 5702 ad
1986 5649 2326 5720 propositum
2352 5644 2533 5702 denuo
2563 5647 2942 5703 revertendum
2974 5659 3077 5705 est.

474 5759 700 5814 "Joan.
731 5775 767 5822 ι,
803 5757 890 5811 15.
968 5754 1013 5785 ⁷⁸
1042 5753 1175 5810 Luc.
1218 5771 1256 5822 ι,
1291 5755 1377 5822 ll,
1410 5755 1498 5812 12.
1575 5758 1620 5792 ⁷⁸
1648 5756 1788 5816 Gen.
1833 5776 1982 5818 xxv"

2092 5760 2171 5816 17.
2243 5761 2288 5792 ⁷⁸
2333 5759 2469 5814 Dan.
2509 5776 2566 5828 ι,
2597 5760 2650 5817 8.

471 5855 585 5928 (l6)
613 5855 888 5911 ilthltilul‘
920 5855 972 5910 in
1001 5855 1416 5922 lcouomachos,
1457 5864 1649 5912 contra
1699 5871 1834 5935 quos
1893 5868 2071 5916 exstat
2105 5858 2270 5916 etiam
2300 5857 2576 5929 peculiare
2616 5856 2844 5917 Studitae
2873 5861 3044 5922 nostri
3074 5879 3232 5934 opus.

2754 6111 2788 6144 Ι
