4064 6372
421 318 528 384 ’⁷53

1063 318 1344 380 ORATIO
1368 317 1501 381 VII.
1542 341 1610 353 ·-·
1647 316 1730 377 IN
1766 314 1828 376 S.
1862 311 2186 376 JOANNIS
2232 314 2442 378 ΒΑΡΤ.
2485 315 3020 378 ΝΑΤΙνΙΤΑΤΕΜ.

3569 263 3674 376 τοι

494 439 569 498 ς’.
606 427 754 486 Εἷπε
786 431 855 484 δὲ
894 430 1044 500 πρὸς
1068 429 1256 484 αὐτὸν
1278 432 1310 484 ό
1337 411 1592 500 ἅγγελος
1611 443 1626 458 ·
1651 425 1748 496 Μὴ
1791 423 2001 495 φοϐοῦ,

2175 426 2230 481 6.
2268 427 2417 481 Dixit
2459 435 2635 482 autem
2665 427 2714 481 ei
2748 426 2962 498 angelus
2987 441 3006 480 :
3038 423 3120 481 Ne
3147 427 3356 492 timeas,
3383 422 3670 492 Zacharia,

423 523 708 595 Ζαχαρία,
736 521 888 576 διότι
923 522 1292 590 εἰσηκούσθη
1319 522 1358 590 ἠ
1407 519 1621 588 δέησίς
1647 533 1784 572 σου.
1821 515 1998 580 Εὐθὺς

424 613 737 668 κατέστειλε
786 615 878 668 τὸν
927 612 1092 684 φόϐον
1138 614 1206 684 τῇ
1241 612 1454 677 πεύσει,
1510 605 1598 664 οἷα
1645 609 1679 679 ἡ
1729 607 1997 677 ἀγγελικὴ

423 705 661 758 δπτασία
701 704 841 776 μετά
873 705 934 759 τὸ
984 705 1238 774 φοὸἧσαι,
1288 705 1349 757 τὸ
1379 703 1552 756 δειλὸν
1596 697 1994 775 ἀφαιρουμένη·

425 797 520 851 καὶ
551 797 812 860 ἐναντίως
863 799 994 868 περὶ
1021 797 1122 870 τὴν
1147 796 1465 868 δαιμονικὴν
1495 794 1700 866 ἔφοδον.
1771 792 1865 861 Μὴ
1895 809 2001 864 φο·

427 889 556 959 σοῦ,
595 892 748 962 φησὶ,
786 891 1069 960 Ζαχαρία,
1109 889 1258 943 διότι
1303 887 1671 955 εἰσηκούσθη
1700 885 1736 954 ὴ
1789 884 2001 950 δέησις

427 1001 578 1040 σου·
613 984 712 1040 καί
763 984 803 1052 ὴ
853 982 1006 1054 γυνή
1053 999 1171 1039 σου
1224 981 1538 1038 Ἐλισάϐετ
1575 979 1858 1051 γεννήσει
1899 992 1999 1032 σοι

426 1075 578 1132 υἱόν.
608 1075 674 1130 Ὢ
697 1076 798 1148 τῆς
829 1074 1274 1147 ἐπιθυμουμένης
1303 1073 1639 1146 θεοπαρόχου
1673 1071 1994 1136 ἐπιτάξεωςί

425 1166 473 1220 ὣ
539 1167 638 1239 τῆς
703 1166 1036 1221 πολυεύκτου
1094 1163 1557 1236 ἁγγελοκομίστου
1611 1162 1994 1234 ύποσχέσεωςί

426 1259 688 1330 ἐπέτυχεν
713 1253 773 1314 οὗ
807 1259 1098 1313 ἐπεπόθειί
1134 1257 1332 1329 ῆνυσεν
1372 1255 1401 1310 δ
1427 1254 1700 1327 ἠντιϐόλει
1729 1271 1744 1286 ·
1780 1247 1937 1320 εὗρεν
1970 1251 2000 1305 ὃ

427 1348 705 1422 ἐπεζήτει·
738 1348 832 1402 τὸν
853 1349 956 1420 τῆς
981 1349 1204 1417 ἀγονίας
1237 1345 1544 1417 καινισμὸν,
1567 1344 1658 1399 τὸν
1687 1344 1785 1416 τῆς
1810 1344 1999 1396 εὐπαι-

425 1441 546 1506 δίας
576 1439 723 1516 [cod.
755 1439 1032 1515 ἀπαιδίας]
1059 1439 1350 1512 πορισμὸν,
1396 1440 1498 1494 οὐκ
1551 1435 1846 1508 ἀκολουθίᾳ
1897 1436 2000 1506 φύ-

428 1549 588 1600 σεως,
619 1533 734 1590 ἀλλ’
765 1533 1021 1606 ἐπιτυχίᾳ
1072 1533 1366 1598 ἐντεύξεως
1386 1547 1401 1562 ·
1431 1530 1552 1584 οὐδὲ
1601 1529 1710 1601 γὰρ
1750 1528 1996 1600 κατάρας

425 1621 494 1698 ἦν
525 1627 804 1698 ἐπιτίμιον
833 1627 868 1699 ή
918 1626 1230 1695 στείρωσις,
1269 1625 1472 1693 ἄπαγε,
1509 1621 1646 1678 ἀλλά
1694 1619 1994 1692 μυστηρίου

429 1717 668 1788 μεγάλου
719 1717 1188 1790 παρασημείωσις·
1223 1715 1316 1770 τοῦ
1344 1716 1451 1788 γὰρ
1477 1713 1748 1786 Ζαχαρίου
1781 1714 1993 1767 ἐπικει-

345 1851 354 1858 .
429 1811 594 1884 μένου
619 1813 740 1874 ταῖς
761 1813 992 1875 πυκναῖς
1027 1810 1162 1881 πρὸς
1190 1809 1322 1863 Θεὸν
1353 1807 1658 1878 ἱκετηρίαις
1681 1805 1998 1878 διαλυθῆναι

424 1903 523 1974 τὴν
552 1903 860 1973 στείρωσιν,
895 1903 1036 1974 τάχα
1066 1901 1439 1972 ἐπακηκοέναι
1462 1899 1625 1955 αὐτὸν
1651 1896 1813 1953 δοκῶ·
1848 1895 2001 1952 οὔπω

425 1995 840 2052 συντετέλεσται
888 1997 918 2049 ὁ
971 1993 1198 2067 καιρός·
1260 1990 1412 2046 οὔπω
1467 1989 1888 2062 συνετμήθησαν
1945 1989 2000 2042 αί

426 2085 632 2158 ἡμέραι
653 2088 752 2157 τῆς
781 2084 1122 2154 ἐπιφανείας·
1154 2083 1276 2137 τότε
1315 2078 1408 2137 οὖν
1431 2080 1652 2135 ἐλπισον
1677 2080 1778 2152 τὴν
1808 2096 1998 2134 τεκνο-

425 2177 634 2250 γονίαν,
693 2176 960 2250 Ζαχαρία,
1013 2176 1250 2247 ὁπηνίκα
1293 2174 1421 2248 ἔλθῃ
1464 2176 1498 2246 ἠ
1537 2172 1833 2246 προσδοκία
1890 2171 2001 2226 τῶν

425 2271 594 2326 ἐθνῶν
617 2287 633 2304 ·
659 2270 780 2326 τότε
811 2270 1034 2342 ἐκδέχου
1065 2269 1164 2342 τὴν
1193 2271 1610 2340 άποστείρωσιν,
1635 2269 1838 2324 ὁπόταν
1880 2268 2001 2340 ἥξει

427 2365 462 2435 ἡ
494 2362 652 2426 ἐλπὶς
680 2362 902 2417 πάντων
954 2361 1063 2416 τῶν
1109 2361 1364 2431 περάτων
1395 2359 1498 2432 τῆς
1525 2363 1627 2434 γῆς
1648 2377 1662 2392 ·
1705 2359 1892 2433 ἐπειδὴ
1944 2361 2000 2415 δέ

426 2446 563 2524 ἧκεν
599 2454 628 2509 δ
652 2453 862 2526 καιρὸς,
892 2451 1024 2508 λάϐε
1054 2453 1115 2510 τὸ
1147 2451 1488 2524 καταθύμιόν
1515 2451 1602 2507 διά
1634 2455 1736 2523 τῆς
1769 2453 1864 2507 τοῦ
1896 2453 2000 2508 Γα-

428 2544 590 2620 ϐριὴλ
621 2546 984 2620 προρρήσεως
1003 2559 1020 2574 ·
1051 2543 1464 2616 άνακαινίσθητι
1487 2545 1562 2608 ὡς
1601 2545 1758 2610 ἀετὸς
1786 2547 1854 2616 τῇ
1885 2545 2002 2600 νεό-

426 2652 570 2707 τητι·
600 2635 886 2710 γνώρισον,
931 2635 1087 2710 φησὶ,
1133 2637 1232 2710 τὴν
1285 2635 1575 2706 ὀμόζυγον·
1611 2637 2000 2705 Εὶσηκούσθη

428 2727 537 2800 γὰρ
581 2727 621 2798 ἠ
670 2721 883 2797 δέησις
922 2744 1062 2786 σου·
1105 2729 1206 2785 καί
1251 2730 1290 2798 ἡ
1341 2728 1494 2799 γυνή
1534 2742 1653 2784 σου
1693 2728 2002 2784 Ἐλισάόετ

428 2821 707 2892 γεννήσει
737 2836 838 2877 σοι
861 2822 1014 2890 υἱὸν,
1043 2825 1143 2878 καί
1183 2825 1464 2890 καλέσεις
1489 2824 1556 2878 τὸ
1585 2823 1776 2894 ὄνομα
1809 2823 2000 2880 αὐτοῦ

439 2911 748 2981 Ἰωάννην.
773 2912 1069 2987 Ἐγνὼρισε
1103 2915 1197 2970 καὶ
1220 2914 1457 2986 τοῦνομα
1478 2915 1508 2969 δ
1535 2914 1869 2987 κληθήσεται
1897 2915 2003 2981 κάξ

427 3001 595 3073 αὐτῆς
623 3002 724 3074 τῆς
746 3002 1100 3075 ἐτυμολογίας
1138 3003 1217 3058 ίδν
1237 3004 1466 3061 ἄνωθεν.
1529 3007 1544 3023 ’
1900 3019 1903 3022 '

2099 521 2350 590 quoniam
2371 519 2629 574 exaudita
2676 529 2752 574 est
2778 519 2950 574 oratio
2981 528 3072 572 tua
3087 519 3155 572 7".
3197 517 3393 572 Statim
3423 518 3672 572 timorem

2099 627 2166 668 eo
2194 613 2386 668 nuntio
2421 612 2763 683 compressit,
2799 612 2926 682 quia
2962 611 3100 667 visio
3132 611 3378 682 angelica
3420 619 3543 680 post
3579 625 3674 680 pa-

2101 719 2289 760 vorem
2318 719 2547 760 causam
2579 703 2804 764 timendi
2834 703 2974 760 solet
3012 704 3252 773 eripere;
3283 702 3428 773 quod
3476 703 3531 756 in
3561 702 3674 757 dre-

2100 796 2367 852 moniacis
2390 797 2713 854 occursibus
2742 805 2932 852 contra
2953 795 3031 853 tit.
3051 794 3133 851 Ne
3154 797 3364 863 timeas,
3384 793 3672 858 Zacharia,

2097 889 2347 960 quoniam
2374 889 2630 944 exaudita
2658 897 2734 944 est
2771 889 2945 944 oratio
2974 897 3088 952 tua,
3112 897 3160 943 et
3188 904 3326 944 uxor
3371 896 3464 942 tua
3495 887 3675 942 Etisa-

2100 981 2218 1037 betlt
2242 981 2416 1050 [ilium
2443 981 2540 1036 tibi
2563 983 2760 1052 pariet.
2815 980 2859 1035 0
2903 981 3269 1036 desideratum
3305 979 3452 1051 quod
3491 995 3522 1033 a
3565 979 3676 1036 Deo

2099 1074 2162 1130 ﬁt
2198 1075 2548 1130 mandatum!
2585 1087 2619 1129 ο
2669 1072 2824 1128 valde
2873 1073 3165 1144 optabilem
3194 1087 3319 1144 qua:
3371 1072 3440 1128 ab
3481 1070 3676 1144 angelo

2099 1166 2324 1224 aﬂ‘ertur
2350 1168 2804 1238 promissionem!
2835 1167 3136 1222 Asseeutus
3169 1175 3254 1222 est
3278 1166 3423 1236 quod
3456 1173 3679 1236 optave-

2101 1271 2188 1318 rat
2216 1280 2230 1319 :
2257 1261 2518 1330 obtinuit,
2559 1261 2708 1332 quod
2742 1262 2970 1332 rogabat
3000 1276 3015 1315 :
3045 1261 3254 1316 invenit
3289 1259 3436 1332 quod
3461 1274 3676 1330 quaare-
3735 1250 3739 1254 ’

2101 1353 2226 1422 bal;
2275 1351 2576 1409 sterilitatis
2611 1352 2994 1417 mutationem,
3040 1339 3394 1408 fecunditatis
3435 1351 3674 1418 donum;

2101 1457 2211 1499 non
2273 1451 2483 1498 natura:
2543 1443 2786 1514 sequela,
2846 1442 2942 1499 sed
3001 1457 3229 1513 precum
3271 1442 3680 1513 impetratione.

2101 1531 2220 1589 Non
2252 1533 2398 1594 enim
2429 1533 2827 1590 maledictionis
2848 1547 3008 1602 paena
3033 1541 3154 1590 erat
3195 1533 3478 1596 sterilitas,
3509 1529 3674 1596 absit,

2101 1624 2196 1680 sed
2239 1624 2420 1694 magni
2451 1625 2694 1695 mysterii
2725 1623 3074 1695 signiﬁcatio.
3107 1622 3320 1680 Etenim
3351 1621 3676 1678 Zachariam

2105 1715 2485 1786 frequentibus
2513 1717 2579 1772 ad
2618 1715 2791 1772 Deum
2835 1715 3092 1787 precibus
3125 1714 3444 1781 instantem,
3477 1720 3538 1768 ut
3569 1711 3678 1768 sol-

2106 1819 2324 1866 veretur
2349 1808 2629 1875 sterilitas,
2662 1807 2778 1864 luee
2810 1806 3049 1862 fortasse
3091 1804 3370 1862 inaudisse
3401 1804 3505 1860 sibi
3533 1803 3681 1858 dicta

2104 1913 2238 1976 puto
2288 1903 2574 1958 :nondum
2625 1901 2956 1972 completum
3002 1909 3086 1956 est
3133 1908 3398 1969 tempus:
3435 1897 3679 1952 nondum

2104 1996 2244 2054 ﬁniti
2281 2004 2411 2054 sunt
2439 1995 2555 2052 dies
2581 1996 2848 2051 adventus
2880 2011 2893 2050 :
2922 2002 3051 2050 tunc
3076 1993 3296 2048 demum
3325 1991 3498 2062 prolis
3527 1990 3680 2062 geni-

2104 2095 2284 2142 turam
2312 2102 2490 2158 spera,
2514 2102 2548 2144 o
2576 2085 2862 2153 Zacharia,
2900 2087 3122 2158 quando
3162 2086 3370 2144 venerit
3397 2093 3683 2157 exspecta-

2103 2177 2182 2231 tio
2204 2175 2445 2246 geutium
2472 2194 2487 2232 :
2523 2184 2654 2234 tunc
2675 2185 2934 2246 exspecta
2960 2175 3266 2232 sterilitatis
3292 2175 3681 2241 cessationem,

2103 2283 2228 2324 cum
2247 2268 2529 2326 advenerit
2545 2283 2670 2342 spes
2697 2271 2943 2325 omnium
2965 2270 3156 2326 ﬁnium
3185 2279 3362 2326 terrae.
3381 2270 3533 2326 Nunc
3557 2270 3681 2340 quia

2104 2371 2320 2432 tempus
2339 2362 2514 2430 adest,
2545 2377 2700 2419 sume
2725 2378 2840 2420 rem
2867 2372 3107 2434 optatam
3138 2379 3232 2434 per
3257 2363 3520 2420 Gabrielis
3542 2378 3682 2434 pra:-

2103 2453 2396 2510 dietionem
2425 2473 2439 2511 :
2471 2464 2762 2512 renovetur
2788 2465 2847 2512 ut
2889 2456 3083 2527 aquila:
3111 2456 3373 2527 juventus
3420 2464 3512 2512 tua
3545 2475 3556 2511 :
3590 2440 3685 2511 co-

2103 2561 2336 2617 gnosce,
2392 2547 2604 2618 inquit,
2660 2562 2889 2608 uxorem
2940 2557 3111 2605 tuam.
3174 2547 3383 2604 Etenim
3431 2547 3684 2603 exaudita

2101 2653 2178 2696 est
2223 2639 2395 2694 oratio
2424 2649 2536 2705 tua,
2579 2648 2630 2694 et
2666 2655 2800 2694 uxor
2830 2649 2922 2694 tua
2943 2629 3210 2694 Elisabetlt
3249 2641 3345 2695 tibi
3381 2639 3552 2712 [ilium
3584 2655 3686 2708 pa-

2103 2733 2224 2800 riet,
2265 2731 2574 2801 vocabisque
2619 2747 2806 2787 nomen
2864 2729 2979 2800 ejus
3026 2728 3304 2785 Joannem.
3353 2728 3687 2800 Significavit

2101 2827 2266 2883 etiam
2293 2838 2513 2892 nomen,
2547 2838 2658 2894 quo
2698 2821 3004 2888 vocabitur,
3042 2837 3108 2877 ex
3143 2822 3196 2877 vi
3227 2821 3399 2891 ipsius
3419 2819 3685 2892 etymolo-

2103 2914 2204 2986 gia:
2223 2913 2516 2985 procedere
2539 2911 2609 2968 ab
2635 2911 2764 2967 alto.

497 3091 565 3159 ζ’.
597 3089 747 3150 Eius
782 3094 851 3148 δὲ
875 3096 1176 3166 Ζαχαρίας
1227 3096 1376 3165 πρὸς
1427 3096 1538 3151 τὸν
1564 3097 1845 3168 ἄγγελον.
1873 3100 2002 3154 Λοι-

2178 3097 2229 3154 7.
2261 3097 2417 3152 Dixit
2464 3106 2640 3153 autem
2691 3095 2980 3154 Zacharias
3007 3097 3217 3168 angelo.
3261 3095 3400 3152 Exin
3430 3110 3556 3151 cum
3587 3111 3686 3151 an-

427 3186 529 3242 πδν
576 3187 685 3258 γὰρ
733 3186 882 3260 αὐτῷ
918 3188 994 3252 ὡς
1035 3189 1314 3261 ὁμοδούλῳ
1347 3191 1632 3264 παρρησίᾳ
1670 3190 2002 3262 διαλέγεται·

428 3280 590 3338 Κατὰ
616 3280 675 3336 τί
697 3277 1005 3352 γνώσομαι
1039 3282 1240 3349 τοῦτο;
1269 3282 1421 3352 Ἐγὼ
1449 3283 1562 3353 γάρ
1593 3286 1712 3354 ειμι
1737 3285 2004 3354 πρεσϐύ-

427 3388 556 3440 της,
599 3371 701 3427 καί
729 3373 768 3442 ἠ
803 3371 958 3445 γυνή
989 3391 1110 3444 μου
1164 3374 1563 3444 προϐεϐηκυῖα
1600 3375 1670 3430 ἐν
1698 3375 1830 3442 ταῖς
1860 3376 2004 3447 ἠμέ-

418 3481 557 3538 ραις
581 3463 794 3534 αὐτῆς.
838 3465 900 3520 Ἡ
937 3465 1036 3538 μὲν
1065 3467 1356 3538 πρόχειρος
1387 3469 1480 3524 καὶ
1513 3468 1755 3544 πατρικὴ
1787 3469 2006 3530 ἀπόδει-

429 3555 530 3620 ξις,
571 3555 830 3624 ἀπιστίας
883 3555 1139 3628 ἔγκλημα
1181 3559 1526 3630 καταγράφει
1560 3559 1640 3633 τῷ
1691 3561 1861 3630 ἱερεῖ·
1892 3566 1920 3616 ό
1951 3563 2008 3618 δὲ

426 3645 621 3719 παρὼν
659 3647 818 3718 λόγος
867 3649 968 3721 οὐχ
1025 3649 1380 3717 ὑποπίπτων,
1449 3651 1566 3708 ἀλλ’
1607 3654 1665 3708 ἐν
1709 3653 2008 3727 δοκιμασίᾳ

426 3738 853 3811 προερχόμενος,
899 3741 1095 3796 ταυτὸν
1150 3741 1478 3800 πεπονθέναι
1509 3744 1644 3815 φησὶ
1679 3745 1757 3816 τῷ
1787 3746 2008 3818 μεγάλῳ

425 3832 599 3906 Θωμᾷ
631 3833 840 3888 καὶτὸν
862 3834 1160 3906 Ζαχαρίαν·
1185 3834 1248 3888 οὐ
1273 3833 1435 3890 τοῦτο
1453 3831 1649 3908 γὰρῆν
1678 3837 1842 3891 αὐτὸν
1862 3837 2008 3904 είκὸς

429 3925 762 3996 ἠγνοηκέναι
813 3928 1101 4000 προφήτην
1134 3944 1196 3981 τε
1239 3926 1371 3983 ὄντα
1409 3928 1504 3982 καὶ
1531 3930 1599 3982 τὰ
1643 3928 1765 3986 θεῖα
1802 3947 2008 3986 πεπαι-

426 4017 708 4092 δευμένον,
727 4019 920 4090 ὅτιπερ
949 4018 1158 4075 δύναιτ’
1181 4018 1248 4074 ἂν
1275 4020 1408 4088 Θεὸς
1429 4019 1523 4074 καὶ
1555 4020 1719 4091 φύσιν
1755 4039 2008 4093 καινουρ-

427 4110 619 4183 ﬁant,
667 4111 764 4166 καὶ
794 4112 971 4184 γῆρας
1001 4111 1340 4182 νεοποιῆσαι,
1364 4109 1462 4166 καὶ
1491 4112 1659 4182 πόρον
1703 4113 1763 4166 ἐν
1786 4111 2008 4184 ἀμηχά-

429 4219 541 4265 νοις
562 4202 872 4274 διεκφᾶναι,
896 4203 973 4268 ὡς
997 4203 1091 4258 ἐπὶ
1115 4202 1372 4276 ’Δὸραὰμ
1403 4203 1498 4260 καὶ
1522 4204 1762 4276 Σάρρας,
1810 4202 1887 4268 ὡς
1915 4204 2010 4258 ἐπὶ

429 4293 532 4364 τῆς
557 4294 967 4368 Σουναμίτιδος,
989 4298 1086 4350 καὶ
1109 4295 1220 4352 τῶν
1255 4295 1431 4352 ἄλλων
1454 4297 1718 4351 ποικίλων
1749 4295 1844 4350 καὶ
1869 4313 2008 4350 παν-

427 4385 677 4446 τοδαπῶν
697 4382 862 4440 αὐτοῦ
893 4385 1216 4456 τεραστίων.
1242 4384 1382 4438 Ἀλλ’
1413 4383 1602 4456 ἐπειδὴ
1626 4386 1681 4438 αί
1707 4384 1814 4439 τῶν
1834 4384 2006 4455 μεγά-

2106 3189 2227 3261 gelo
2271 3198 2530 3262 tanquam
2580 3205 2848 3246 conservo
2892 3189 3134 3266 loquitur
3183 3205 3199 3244 :
3253 3187 3529 3256 Quomodo
3590 3188 3686 3242 hoc

2107 3283 2456 3354 cognoscam?
2473 3299 2565 3354 ego
2585 3284 2728 3338 enim
2756 3298 2912 3338 aenea:
2932 3297 3070 3347 sum,
3094 3291 3144 3337 et
3171 3297 3308 3337 uxor
3331 3297 3448 3340 mea
3478 3296 3688 3350 proces-

2106 3375 2176 3430 sit
2217 3376 2274 3430 in
2319 3376 2500 3432 diebus
2537 3376 2648 3431 suis
2663 3375 2732 3430 ⁷⁸.
2765 3375 3086 3434 Communis
3119 3374 3343 3447 quidem
3373 3384 3428 3432 et
3459 3372 3684 3429 Patrum

2107 3469 2460 3540 explanatio,
2503 3468 2906 3525 incredulitatis
2953 3483 3106 3524 reum
3158 3466 3292 3524 dicit
3325 3467 3685 3524 sacerdotem.

2107 3561 2178 3618 At
2206 3570 2396 3620 noster
2443 3577 2625 3622 sermo
2652 3561 2738 3618 his
2776 3576 2884 3616 non
2923 3561 3301 3632 acquieseens,
3329 3559 3424 3616 sed
3468 3557 3686 3630 experi-

2110 3657 2275 3710 menti
2325 3670 2491 3712 causa
2557 3655 2792 3711 ulterius
2844 3653 3222 3726 progrediens,
3280 3652 3418 3708 idem
3463 3665 3685 3722 passum

2110 3742 2429 3802 Zachariam
2454 3745 2552 3814 ait,
2573 3747 2716 3816 quod
2749 3759 3006 3815 magnum
3041 3741 3333 3798 Thomam.
3359 3741 3512 3798 Haud
3540 3742 3687 3798 enim

2108 3838 2404 3895 verisimile
2432 3848 2533 3902 est,
2557 3837 2873 3910 prophetam
2908 3835 2986 3892 rei
3020 3835 3218 3892 divinae
3265 3850 3497 3907 gnarum
3531 3835 3686 3907 igno-

2110 3945 2284 3996 rasse,
2315 3945 2480 4002 posse
2522 3929 2690 3984 Deum
2729 3939 2783 3983 et
2821 3939 3074 3986 naturam
3116 3928 3402 3994 innovare,
3445 3936 3500 3984 et
3528 3942 3690 3983 sene-

2109 4024 2245 4079 ctuti
2277 4025 2418 4078 vires
2442 4025 2773 4088 instaurare,
2802 4030 2856 4077 et
2886 4023 3089 4076 bonum
3133 4021 3337 4076 exitum
3383 4019 3690 4092 desperatis

2109 4111 2276 4166 rebus
2301 4111 2607 4179 ostendere,
2645 4120 2705 4166 ut
2748 4112 2799 4166 in
2829 4110 3142 4170 Abrahamo
3169 4111 3416 4181 Saraque
3455 4109 3604 4176 fecit,
3634 4119 3690 4165 et

2109 4205 2164 4262 in
2226 4204 2591 4272 Sunamitide,
2624 4213 2677 4260 et
2705 4191 2757 4261 in
2783 4204 2904 4262 aliis
2941 4204 3236 4270 cujuslibet
3261 4203 3478 4274 generis
3499 4187 3688 4276 prodi-

2109 4297 2326 4367 giorum
2376 4297 2616 4356 casibus.
2645 4295 2755 4354 Sed
2797 4297 2928 4368 quia
2969 4303 3386 4368 magnarum,et
3413 4310 3535 4368 quae
3561 4303 3691 4352 sunt

2113 4402 2310 4463 praeter
2339 4392 2678 4464 opinionem,
2701 4390 3170 4461 exspectationum
3200 4388 3615 4460 promissiones,
3641 4387 3690 4444 si

427 4477 537 4532 λων
567 4475 664 4532 καὶ
695 4453 1017 4548 παραδόξων
1047 4475 1388 4551 προσδοκιῶν
1414 4453 1738 4545 ἐπαγγελίαι
1779 4453 2002 4542 ἐξάπινα

2116 4491 2338 4554 repente
2372 4453 2665 4538 audiantur
2689 4479 3016 4538 conturbare
3057 4478 3172 4536 fere
3201 4478 3451 4535 animum
3483 4477 3686 4544 solent;

426 4571 760 4642 ἀκουόμεναι
803 4571 1092 4637 ταράττειν
1147 4587 1265 4634 πως
1311 4567 1534 4624 εἰώθασι
1569 4570 1668 4640 τὴν
1710 4568 1911 4642 ψυχὴν,
1945 4571 2006 4624 οὐ

427 4663 568 4734 πρὸς
599 4662 864 4728 ,ἀπιστίαν
892 4661 1352 4732 ἀναϐαλλόμενος,
1386 4655 1564 4734 οἴμαι,
1593 4661 1730 4716 άλλά
1756 4663 1892 4733 πρὸς
1918 4680 2008 4717 τε-

427 4754 646 4811 λείωσιν
671 4755 1154 4826 ἐπισπευδόμενος,
1182 4753 1345 4817 εὐθὺς
1378 4748 1467 4810 οἷα
1503 4755 1595 4827 ὑφ’
1624 4756 1817 4829 ἡδονῆς
1847 4758 2010 4824 ἁλοὺς

426 4847 702 4918 ἀναφωνεῖ
729 4849 824 4900 καὶ
846 4845 1066 4918 φράζει,
1088 4845 1250 4906 Κατὰ
1277 4847 1338 4900 τί
1349 4845 1652 4924 γνώσομαι
1681 4849 1859 4904 τοῦτο
1881 4850 2008 4921 ςΜὴ

425 4940 492 5008 δὴ
540 4938 904 5013 παραλογίσῃ.
960 4938 1228 5012 μηδαμῶς
1273 4937 1564 5012 διαψεύσῃ,
1618 4941 1760 4996 δίδου
1820 4959 1910 5012 μοι
1945 4944 2007 4997 τὸ

425 5027 720 5101 ἐπίσημον,
757 5029 966 5103 πάρεχέ
994 5047 1085 5102 μοι
1103 5030 1165 5082 τὸ
1190 5030 1469 5103 ἐνέχυρον·
1499 5031 1575 5097 ὡς
1615 5033 1782 5088 πάλαι
1811 5034 1840 5086 ό
1873 5035 2005 5100 Θεὸς

426 5120 505 5189 τῷ
524 5119 781 5193 Ἀϐραάμ
807 5125 944 5194 πρὸς
975 5123 1038 5176 τὸ
1068 5123 1320 5192 γενέσθαι
1357 5123 1518 5178 αὐτὸν
1544 5124 1755 5195 πατέρα
1791 5125 2005 5179 πολλῶν

426 5213 620 5281 ἐθνῶν,
644 5217 739 5271 καὶ
778 5219 844 5270 ἐκ
867 5216 966 5287 τῆς
989 5216 1189 5286 ὀσφύος
1217 5215 1388 5272 αὑτοῦ
1425 5216 1798 5282 ἐξελεύσεσθαι
1851 5219 2006 5290 βασι-

426 5303 559 5370 λεῖς,
583 5307 644 5360 τὸ
670 5306 771 5376 τῆς
796 5308 1099 5380 περιτομῆς
1127 5310 1352 5379 σημεῖον
1382 5323 1396 5338 ·
1435 5308 1526 5364 καὶ
1555 5311 1662 5382 πρὸ
1685 5311 1900 5378 τούτου,
1927 5314 2003 5379 ὡς

424 5397 506 5472 τῷ
544 5400 666 5456 Νῶε
717 5400 853 5473 πρὸς
882 5403 943 5457 τδ
977 5400 1054 5473 μὴ
1094 5402 1294 5470 ἐπάξαι
1331 5403 1718 5476 κατακλυσμὸν
1762 5407 1854 5462 ἐπὶ
1905 5411 2005 5480 τῆς

426 5492 552 5566 γῆς,
576 5493 636 5548 τὸ
657 5495 718 5549 ἐν
753 5496 822 5568 τῇ
853 5495 1052 5572 νεφέλη
1078 5495 1249 5567 τόξον·
1279 5497 1414 5570 πρὸς
1436 5497 1643 5564 τούτοις
1672 5498 1765 5554 καὶ
1795 5499 2003 5574 Μωῦσῇ

521 5748 564 5779 ⁷⁷
601 5747 735 5808 Luc.
770 5763 813 5813 t,
847 5749 930 5804 15.
1041 5750 1080 5782 ⁷⁸
1117 5747 1248 5812 ibid,
1289 5749 1371 5802 l8.

2113 4575 2408 4633 Zacharias
2435 4590 2541 4630 non
2574 4574 2959 4634 incredulitate
2992 4573 3275 4638 luesitans,
3309 4580 3370 4628 ut
3415 4586 3558 4638 reor,
3594 4570 3686 4626 sed

2112 4671 2180 4726 ad
2203 4669 2284 4724 rei
2308 4667 2696 4740 perfectionem
2723 4669 3011 4734 festinans,
3035 4667 3180 4723 illico
3204 4675 3462 4738 tanquam
3489 4664 3690 4736 gaudio

2112 4769 2397 4832 correptus
2421 4760 2692 4820 exclamat
2727 4759 2911 4830 aitque
2943 4776 2958 4814 :
2993 4757 3280 4825 Quomodo
3335 4756 3442 4814 hoc
3489 4770 3691 4828 cogno-

2113 4852 2306 4910 scam?
2341 4849 2420 4906 Ne
2456 4867 2542 4906 me
2575 4851 2837 4922 decipias,
2867 4864 2936 4905 ne
2963 4864 3052 4906 me
3077 4847 3258 4913 fallas,
3285 4847 3356 4904 da
3386 4847 3522 4904 mihi
3551 4847 3690 4903 indi-

2114 4946 2282 5012 cium,
2317 4943 2497 5018 praebe
2545 4942 2680 5000 mihi
2741 4941 2995 5008 arrham;
3050 4949 3110 4998 ut
3158 4939 3290 4996 olim
3324 4939 3467 4998 Deus
3511 4939 3688 4996 Abra-

2116 5040 2300 5106 hamo,
2323 5047 2383 5094 ut
2407 5036 2760 5108 persuaderet
2790 5035 2907 5091 fore
2935 5034 3088 5089 illum
3119 5033 3414 5090 multarum
3443 5032 3688 5104 gentium

2114 5140 2346 5204 patrem,
2374 5140 2429 5190 et
2459 5145 2528 5188 ex
2555 5130 2678 5201 ejus
2731 5128 2933 5184 lumbis
2965 5142 3118 5198 reges
3163 5126 3432 5189 orituros,
3470 5124 3691 5182 tradidit

2114 5223 2550 5282 circumcisionis
2601 5222 2818 5298 signum
2853 5229 2952 5278 :et
3006 5228 3130 5276 ante
3185 5220 3334 5274 hune
3377 5213 3596 5278 Noaclto
3630 5228 3691 5272 ut

2115 5317 2275 5374 ﬁdem
2304 5315 2524 5389 faceret,
2561 5328 2840 5383 nunquam
2873 5319 3059 5382 postea
3094 5311 3388 5366 adductum
3423 5307 3490 5362 iri
3523 5322 3688 5377 super

2115 5418 2316 5468 terram
2355 5406 2853 5475 diluvium,arcum
2877 5404 3116 5461 ostendit
3141 5403 3193 5458 in
3226 5402 3370 5460 nube
3406 5418 3419 5454 :
3451 5399 3688 5468 denique

2112 5501 2282 5574 Moysi
2311 5501 2518 5573 virgam
2549 5501 2603 5562 in
2629 5513 2859 5570 anguem
2886 5504 3178 5564 mutatam,
3205 5503 3258 5551 et
3281 5508 3408 5550 mox
3436 5506 3537 5548 suo
3569 5499 3684 5552 sta-
