4064 6372
442 378 549 446 7'55

1644 384 1704 446 S.
1744 378 2136 445 THEODORI
2166 378 2512 445 STUDITIE

3596 390 3702 456 756

446 497 524 551 tui
552 494 884 563 restitutam,
920 504 980 552 ut
1008 494 1249 571 ΑἰσχριῘί
1295 499 1598 570 crederent,
1622 501 1671 556 ei
1704 498 2026 573 apparuisse

2132 500 2226 573 τὴν
2270 501 2599 571 όφιωθεῖσαν
2667 504 2756 558 καὶ
2785 502 2982 559 θᾶττον
3023 502 3572 560 ἀποκατασταθεῖσαν
3604 508 3702 579 ρἀ

445 585 598 641 illum
628 586 721 658 qui
748 584 864 642 Est.

516 762 570 821 8.
599 762 667 819 Et
692 763 1006 835 respondens
1025 765 1241 836 angelus
1271 765 1410 819 dixit
1437 766 1485 820 ei
1513 782 1531 819 :
1562 765 1699 821 Ecce
1715 767 1820 822 eris
1845 777 2021 824 tacens

448 855 612 927 neque?
652 856 797 927 loqui
840 855 1039 919 valens,
1073 863 1350 925 propterea
1384 854 1524 924 quod
1566 855 1734 910 verbis
1763 857 1889 910 meis
1918 872 2022 911 non

448 950 724 1005 credidisti
776 947 1107 1018 (addendum
1175 955 1302 1011 est,
1364 947 1512 1017 quod
1577 947 2021 1020 subintelligitur,

449 1057 668 1113 nempe.
705 1041 1032 1112 simpliciter
1063 1050 1110 1096 et
1149 1040 1268 1096 sine
1308 1040 1713 1112 inquisitione),
1734 1059 1851 1112 qua:
1891 1051 2025 1098 tem-

446 1151 574 1206 pore
620 1150 718 1189 suo
751 1133 1233 1195 complebuntur".
1265 1133 1492 1205 Recepit
1536 1150 1670 1205 ergo
1727 1135 2024 1193 Zacharias

446 1227 664 1299 signum
698 1227 748 1281 ei
781 1230 859 1281 rei
889 1237 1348 1291 consentaneum,
1383 1242 1581 1299 nempe
1618 1228 1772 1286 vocis
1803 1230 2025 1286 caducae

445 1318 744 1384 silentium,
774 1334 869 1388 pro
906 1333 1035 1374 voce
1056 1319 1178 1373 viva
1203 1335 1267 1375 ac
1296 1320 1645 1376 substantiali
1672 1336 1795 1391 qua:
1822 1336 1947 1377 mox
1972 1323 2023 1378 ei

442 1410 705 1481 parienda
760 1420 897 1466 erat.
960 1410 1180 1467 interim
1245 1413 1586 1483 complicatis
1628 1414 1809 1480 labiis,
1840 1414 2027 1470 laudat

442 1502 674 1559 vocibus
707 1504 916 1559 auditui
953 1503 1236 1575 imperviis
1266 1506 1436 1576 prolis
1468 1506 1747 1561 datorem:
1772 1505 2026 1577 Egressus

446 1596 610 1659 enim,
639 1596 838 1667 inquit,
857 1595 1003 1667 loqui
1033 1613 1134 1652 non
1157 1608 1404 1669 poterat:
1429 1608 1479 1654 et
1509 1608 1863 1671 cognoverunt
1889 1601 2028 1671 quod

446 1689 697 1745 visionem
751 1688 965 1745 vidisset
996 1691 1050 1744 in
1081 1691 1274 1762 templo
1308 1705 1326 1745 :
1354 1704 1404 1746 et
1464 1692 1575 1762 ipse
1613 1701 1726 1747 erat
1776 1694 2023 1760 innuens,

446 1782 748 1854 mansitque
800 1792 978 1837 mulus
994 1784 1061 1839 ”.
1097 1783 1301 1839 Partim
1353 1784 1572 1855 quidem
1611 1800 1681 1841 ne
1724 1785 2027 1855 interroga-

448 1885 621 1941 retur,
652 1877 782 1948 quia
811 1874 1096 1932 i‘erendum
1145 1892 1256 1932 non
1285 1887 1403 1933 erat
1429 1887 1489 1932 ut
1516 1878 1656 1933 visio
1686 1879 1890 1948 passim
1925 1895 2026 1935 au-
2057 1855 2100 1912 Β

447 1968 658 2023 diretur
692 1985 705 2021 :
733 1969 931 2038 partim
986 1984 1138 2034 vero,
1174 1979 1234 2024 ut
1263 1967 1356 2039 qui
1401 1969 1806 2040 quodammodo
1833 1986 2025 2029 exces-

447 2065 599 2112 serat
649 2071 715 2112 ex
771 2058 1048 2124 sensibus,
1093 2067 1348 2130 totusque
1400 2059 1457 2114 in
1497 2074 1557 2115 se
1604 2059 1723 2129 ipso
1756 2060 2022 2116 visionem

446 2148 872 2213 ruminabatur,
927 2161 1111 2207 mutus
1172 2160 1318 2207 esset
1360 2150 1426 2206 ad
1472 2151 1823 2208 verberantes
1845 2168 2025 2209 aerem

448 2255 755 2297 sermones.
810 2239 921 2298 Nec
970 2242 1325 2298 inverisimile
1359 2252 1444 2299 est
1490 2242 1765 2314 prophetae
1792 2256 2025 2315 patrem,

448 2331 749 2402 prophetiae
784 2342 1166 2404 argumentum
1218 2335 1309 2391 hic
1336 2336 1668 2407 signiﬁcare,
1708 2337 1759 2393 id
1796 2348 1881 2394 est
1914 2336 2026 2395 ior-

448 2431 595 2479 tasse
629 2423 819 2495 legalis
864 2426 1046 2483 cultus
1093 2428 1478 2491 cessationem,
1515 2444 1630 2499 pra:
1659 2429 2029 2497 divulgatione

449 2514 629 2569 cultus
652 2516 956 2572 secundum
987 2519 1220 2589 gratiam
1248 2519 1302 2574 in
1339 2518 1568 2576 Joannis
1596 2522 1897 2578 nativitate.
1922 2520 2028 2577 Sed

444 2605 581 2675 jam,
610 2608 954 2665 intertnediis
980 2610 1229 2678 omissis,
1261 2626 1384 2681 qua:
1412 2613 1477 2667 ad
1507 2623 1832 2683 praesentem
1877 2614 2020 2671 diem

451 2712 562 2754 non
622 2701 915 2771 pertinent,
943 2718 1175 2773 quaeque
1224 2704 1369 2759 vires
1415 2713 1614 2760 nostra:
1643 2707 1898 2778 persequi
1930 2723 2027 2764 ne-

453 2801 681 2862 queunt,
711 2808 905 2850 rursus
932 2795 998 2849 ad
1029 2796 1080 2851 id
1115 2796 1263 2867 quod
1294 2797 1464 2854 instat
1492 2800 1795 2859 veniamus.

523 2977 575 3033 9.
618 2977 685 3032 Et
720 2979 923 3048 factum
967 2989 1068 3048 est,
1101 2980 1301 3052 inquit,
1328 2998 1448 3036 eum
1477 2984 1711 3038 audisset
1753 2982 2028 3039 Elisabetlt

450 3065 834 3122 salutationem
848 3070 1356 3133 Mariw,e:csultavit
1380 3070 1557 3140 infans
1575 3071 1772 3141 gaudio
1798 3072 1853 3126 in
1879 3081 2028 3126 utero

451 3160 641 3228 ejus".
678 3158 723 3215 0
754 3158 1014 3223 Joannes.
1053 3162 1177 3217 felix
1205 3162 1411 3228 infans,
1438 3164 1566 3234 vigil
1593 3165 1893 3237 embryon!
1920 3165 2027 3235 Qui
2054 3191 2100 3254 ρ

451 3266 511 3303 es
566 3251 617 3304 in
663 3259 838 3314 utero,
871 3255 1149 3323 quomodo
1195 3254 1250 3309 in
1300 3254 1544 3311 munilo?
1569 3257 1665 3328 qui
1694 3257 1936 3314 nondum
1967 3273 2028 3314 es

452 3345 749 3414 perfectus,
785 3346 1065 3416 quomodo
1094 3364 1152 3403 es
1184 3349 1674 3409 absolutissimus?
1706 3353 1799 3424 qui
1851 3369 2029 3411 seme-

452 3433 603 3500 stris,
648 3437 923 3505 quomodo
982 3436 1297 3508 longaevus?
1346 3441 1438 3511 qui
1488 3442 1727 3498 nondum
1788 3444 2031 3517 cogitare

455 3533 630 3595 potes,
661 3527 938 3593 quomodo
973 3543 1033 3582 es
1065 3529 1571 3598 prudentissimus?
1598 3531 1694 3602 qui
1725 3531 1875 3603 loqui
1918 3548 2027 3589 non

453 3626 633 3689 potes,
673 3620 951 3688 quomodo
979 3620 1231 3691 expedite
1268 3620 1533 3678 disseris?
1574 3622 1664 3678 dic
1709 3624 1891 3688 nobis.
1917 3624 2027 3691 dic,

452 3726 582 3781 age;
607 3712 897 3767 tenebroso
925 3713 1158 3768 materni
1190 3715 1329 3770 uteri
1360 3714 1481 3771 loco
1511 3715 1692 3771 adhuc
1714 3716 2029 3780 conclusus,

452 3803 718 3861 visualem
766 3804 876 3859 vim
934 3806 1175 3861 nondum
1231 3822 1517 3872 exercens,
1564 3824 1698 3864 aure
1741 3810 2028 3880 strepitum

454 3895 663 3952 nullum
686 3896 968 3964 hauriens,
986 3898 1230 3967 vocalem
1249 3914 1447 3956 sonum
1481 3899 1724 3955 nondum
1747 3901 2027 3964 emittens.

452 3987 806 4044 ambulatorii
855 3998 1037 4045 motus
1073 3991 1315 4045 nondum
1363 3992 1662 4063 particeps,
1700 3993 1873 4049 risum
1928 3994 2047 4049 ho-.

452 4078 619 4134 minis
671 4080 951 4150 proprium
1008 4081 1189 4137 adhuc
1235 4097 1348 4137 non
1402 4097 1689 4152 exserens;
1752 4086 2030 4156 quomodo

453 4174 653 4229 audis?
674 4174 958 4244 quomodo
1005 4189 1094 4229 res
1144 4174 1361 4231 divinas
1417 4176 1727 4245 eloqueris?
1752 4178 2031 4250 quomodo

450 4262 680 4320 exsilis?
709 4263 985 4333 quomodo
1029 4265 1312 4322 exsultas?
1344 4267 1636 4338 responde,
1671 4284 1706 4324 o
1738 4270 2034 4327 mirabilis-

454 4357 612 4412 sitne.
645 4355 899 4429 Magnum
960 4366 1063 4423 est,
1113 4359 1223 4426 ait,
1255 4349 1602 4432 mysterium,
1639 4371 1694 4418 et
1751 4372 1908 4421 actus
1962 4364 2033 4421 ab

453 4448 696 4503 humana
746 4459 990 4505 remotus
1021 4451 1532 4522 comprehensione.
1584 4453 1777 4512 Merito
1828 4456 2033 4513 iunovo

2124 593 2247 648 ὁδον
2276 595 2356 658 είς
2374 594 2435 648 τὸ
2464 594 2755 649 πιστεῦσαι
2776 598 2890 661 τοῖς
2913 595 3233 666 Αἰγυπτίοις
3256 589 3530 652 δτιῶπται
3553 597 3701 670 αὐτῷ

2121 686 2152 739 ό
2181 685 2310 741 Ὧν.

2193 783 2265 848 η’.
2302 776 2410 832 Καὶ
2438 776 2803 848 ἀποκριθεὶς,
2827 777 3010 847 φησὶν,
3036 781 3070 832 ό
3090 777 3349 848 ἄγγελος
3386 773 3560 833 εἶπεν
3595 780 3704 834 αὑ-

2122 866 2223 935 τῷ·
2249 867 2408 925 Ἰδοὺ
2463 869 2582 938 ἔσῃ
2632 866 2877 923 σιωπῶν
2914 867 3014 925 καὶ
3057 866 3147 939 μὴ
3203 868 3547 940 δυνάμενος
3591 872 3701 925 ,ια-

2121 960 2345 1032 λῆσαι,
2405 961 2538 1018 ἀνθ’
2569 955 2660 1016 ὧν
2721 962 3103 1029 ἡπίστευσας
3158 961 3284 1029 τοῖς
3346 962 3556 1033 ,πότοις
3583 978 3701 1032 μου

2127 1052 2477 1127 (προσθετέον
2534 1052 2675 1106 κατά
2725 1052 2787 1106 τὸ
2842 1052 3199 1126 σιωπώμενον
3254 1052 3448 1117 ἁπλῶς
3493 1069 3555 1106 τε
3607 1053 3703 1107 καὶ

2124 1143 2540 1210 ἀνεξετάστως),
2605 1143 2824 1211 οἵτινες
2883 1144 3392 1214 πληρωθήσονται
3448 1146 3538 1213 είς
3597 1146 3706 1199 τὸν

2124 1234 2335 1304 καιρὸν
2360 1233 2581 1289 αὐτῶν.
2608 1233 2809 1289 Ἔλαδε
2839 1234 3019 1289 τοίνυν
3048 1234 3112 1289 τδ
3141 1237 3412 1308 σημεῖονό
3428 1236 3704 1306 Ζαχαρίας

2124 1326 2464 1398 κατάλληλον
2505 1325 2586 1398 τῷ
2640 1327 2950 1397 πράγματι,
2989 1327 3203 1398 σιωπὴν
3233 1327 3475 1399 φθογγῆς
3503 1326 3705 1398 λυομέ-

2124 1437 2245 1492 νης,
2276 1418 2412 1490 πρὸς
2451 1418 2695 1492 φθογγὴν
2729 1418 2911 1483 ζῶσαν
2933 1419 3027 1473 καὶ⁵
3053 1419 3416 1493 ἐνυπόστατον
3442 1417 3707 1490 τεχθησο-

2129 1509 2298 1582 μένην
2326 1509 2496 1580 αὐτῷ·
2532 1511 2629 1563 καὶ
2660 1509 2984 1581 συμπτύξας
3002 1512 3071 1563 τά
3090 1508 3260 1580 ,χείλη
3307 1508 3474 1579 ὑμνεῖ
3498 1508 3706 1578 φωναῖς

2125 1600 2485 1666 ἀνακούστοις
2511 1600 2602 1656 τὸν
2644 1600 2740 1655 τοῦ
2777 1601 2936 1654 τόκου
2965 1600 3167 1671 δοτῆρα
3192 1616 3208 1631 °
3242 1597 3542 1664 ’Efslﬂdw
3571 1598 3704 1666 γὰρ,

2128 1694 2314 1766 φησὶν,
2349 1695 2461 1748 οὐκ
2485 1693 2750 1762 ἠδύνατο
2779 1691 3074 1763 λαλῆσαι·
3098 1689 3196 1747 καί
3233 1690 3591 1762 ἐπέγνωσαν
3616 1689 3708 1744 ὅτι

2129 1786 2430 1841 ὀπτασίαν
2450 1784 2712 1854 ἑώρακεν
2733 1785 2802 1839 ἐν
2830 1784 2910 1851 τῷ
2942 1782 3091 1849 ναῷ·
3123 1784 3225 1838 καί
3249 1784 3432 1852 αὐτὸς
3460 1779 3543 1855 ἦν
3574 1781 3705 1837 δια-

2128 1882 2342 1944 νεύων,
2384 1879 2482 1933 καί
2517 1879 2692 1948 ἔμενε
2721 1880 2942 1948 κωφός.
2970 1877 3047 1931 To
3075 1877 3176 1947 μὲν
3202 1876 3337 1949 πρὸς
3362 1877 3424 1930 τὸ
3466 1877 3543 1948 μὴ
3572 1877 3711 1948 ἐρω-

2126 1971 2347 2037 τᾶσθαι,
2369 1971 2445 2034 ὡς
2476 1971 2535 2025 ού
2562 1969 2829 2024 καθεκτὸν
2866 1970 2934 2024 τὰ
2982 1970 3083 2039 τῆς
3110 1969 3376 2032 ὀπτασίας
3419 1966 3708 2031 ἀκοντίζει

2130 2065 2277 2120 dear
2309 2064 2378 2119 τά
2407 2064 2463 2119 δὲ
2495 2065 2569 2129 ῶς
2596 2058 2710 2119 οἷον
2754 2060 3074 2135 ἐκδεδηκὼς
3110 2061 3220 2115 τῶν
3261 2061 3590 2133 αἰσθήσεων,
3613 2058 3708 2114 καὶ

2128 2155 2205 2218 εἰς
2241 2154 2435 2208 ἐαυτὸν
2474 2153 2593 2218 ὅλος
2637 2152 2699 2207 re
2722 2153 2919 2224 όραθὲν
2944 2152 3404 2223 συστρεφόμενος,
3437 2150 3710 2221 κωφεύειν

2127 2247 2240 2310 τοῖς
2277 2243 2638 2318 ἁεροκτύποις
2666 2244 2800 2315 λαλή
2811 2260 2979 2313 μασιν
3006 2259 3019 2273 ·
3057 2244 3210 2298 οὐδὲν
3234 2243 3290 2297 δέ
3321 2237 3434 2297 οἷον
3464 2242 3542 2306 ῶς
3569 2258 3709 2313 προ·

2130 2336 2487 2408 φητοπάτορα
2512 2334 2606 2389 καὶ
2629 2333 2969 2406 προφητείας
3012 2334 3174 2406 ἔργον
3204 2331 3486 2388 κάνταῦθα
3514 2335 3710 2403 gmw}-

2133 2429 2368 2501 μαίνεινο
2394 2428 2488 2481 καὶ
2514 2426 2672 2480 τοῦτό
2698 2428 2845 2480 ἐστιν
2866 2427 2999 2490 ἴσως
3027 2427 3060 2496 ή
3085 2426 3185 2498 τῆς
3206 2424 3438 2495 νομικῆς
3452 2422 3711 2496 λατρείας

2133 2520 2335 2584 παῦλα,
2354 2518 2491 2591 πρὸς
2519 2519 2620 2589 τὴν
2649 2519 2708 2571 ἐν
2736 2520 2802 2589 τῇ
2832 2517 3015 2589 χάριτι
3035 2515 3125 2570 διά
3154 2515 3255 2586 τῆς
3277 2516 3587 2587 γεννήσεως
3610 2513 3707 2567 toi"

2143 2611 2391 2666 Ἰωάννου
2434 2611 2757 2680 ἀνάρρησιν.
2790 2608 2986 2661 Τοίνυν
3017 2605 3469 2680 παραδραμόντες
3500 2603 3569 2657 τά
3619 2602 3709 2657 διά

2135 2704 2326 2774 μέσου,
2362 2701 2439 2766 ῶς
2469 2700 2596 2755 οὔτε
2644 2703 2712 2773 τῇ
2748 2699 2934 2773 ἡμέρᾳ
2978 2700 3272 2769 ἀνήκοντα,
3299 2697 3409 2757 οὐδ’
3437 2697 3576 2769 αὐτῇ
3612 2695 3709 2749 δυ-

2130 2794 2293 2864 νάμει
2327 2792 2486 2863 ἡμῶν
2514 2793 2737 2861 ἐφικτὰ,
2774 2788 2930 2856 αὖθις
2959 2792 3055 2846 ἐπὶ
3089 2792 3149 2845 τὸ
3182 2791 3508 2858 κατεπεῖγον
3555 2787 3709 2841 ἐλευ-

2131 2884 2377 2958 σώμεθα.

2201 2981 2266 3035 [ι’.
2309 2979 2416 3035 Καὶ
2439 2977 2697 3049 ἐγένετο,
2717 2978 2904 3048 φησὶν,
2930 2977 3010 3043 ὠς
3033 2976 3302 3046 ἤκουσεν
3332 2977 3366 3045 ἠ
3394 2973 3707 3031 Ἐλισάσετ

2129 3073 2238 3129 τὸν
2271 3072 2604 3141 ἀσπασμὸν
2625 3070 2739 3139 τῆς
2768 3072 3015 3141 Μαρίας,
3042 3070 3368 3139 ἐσκίρτησε
3396 3069 3461 3123 τὸ
3478 3068 3710 3138 ,βρέφος

2129 3165 2199 3220 ἐν
2224 3160 2579 3234 ἀγαλλιάσει
2604 3162 2675 3215 ἐν
2711 3161 2786 3231 τῇ
2826 3161 3025 3228 κοιλίᾳ
3055 3158 3266 3228 αὐτῆς.
3297 3154 3371 3212 Ὠ
3394 3158 3616 3230 Ἰωάννη
3646 3157 3711 3212 τὸ

2133 3257 2408 3329 μακάριον
2449 3255 2668 3326 βρέφος,
2716 3254 2777 3307 τὸ
2806 3253 3109 3325 ἀκοίμητον
3134 3252 3408 3324 ἐμϐρυονί
3460 3252 3520 3306 Ὀ
3543 3250 3711 3321 ἐγγά-

2132 3364 2336 3419 στριος,
2382 3345 2500 3411 πῶς
2548 3348 2874 3416 ἐγκόσμιοςς
2920 3347 2948 3399 ό
3001 3344 3309 3409 ἀτέλεστος,
3348 3343 3467 3408 πῶς
3509 3343 3712 3415 πληρέ-

2133 3455 2357 3504 στατος;
2381 3440 2410 3491 ό
2434 3438 2808 3509 ἐξαμηνιαῖος,
2837 3435 2952 3500 πῶς
2995 3433 3347 3506 πολυχρόνιος
3366 3451 3381 3501 ;
3400 3435 3429 3488 ό
3458 3432 3710 3504 ἀδιανόηο

2129 3548 2241 3598 τος,
2264 3530 2381 3595 πῶς
2402 3532 2424 3584 ἐ
2434 3530 2875 3602 μφρονέστατος;
2903 3528 2933 3581 ό
2964 3526 3304 3594 ἀδιάλεκτος,
3321 3526 3439 3590 πῶς
3468 3523 3710 3592 εὖλαλοςς

2131 3624 2341 3697 φράσον
2374 3625 2526 3695 ἡμῖν,
2558 3623 2786 3695 φράσον,
2801 3622 2859 3675 ἐν
2876 3618 3093 3692 ζοφερῷ
3117 3618 3304 3692 χωρίῳ
3322 3618 3418 3690 τῆς
3455 3615 3713 3690 μητρῴας

2130 3718 2323 3791 νηδύος
2355 3717 2731 3788 συνεχόμενος,
2763 3714 2863 3787 τὴν
2907 3714 3173 3787 ὁρατικὴν
3218 3713 3332 3781 ἐξιν
3364 3708 3520 3767 οὔπω
3560 3714 3688 3781 ἐνερ

2130 3812 2265 3883 γῶν,
2324 3810 2415 3865 τὸν
2444 3808 2772 3865 ἀκουστικὸν
2802 3807 2976 3878 ψόφον
3014 3807 3169 3862 οὔπω
3197 3805 3594 3878 εἰσδεχόμενος,
3622 3802 3716 3857 τὸν

2131 3901 2436 3975 φωνητικὸν
2470 3899 2708 3972 φθόγγον
2741 3897 2895 3954 οὔπω
2944 3898 3176 3967 ἐκδοῶν,
3204 3899 3305 3971 τὴν
3352 3911 3715 3967 περιπατητι-

2131 3992 2234 4065 κὴν
2262 3993 2477 4064 κίνησιν
2505 3989 2661 4045 οὔπω
2692 3988 3058 4062 μετειληφὼς,
3088 3990 3148 4043 τὺ
3169 3986 3493 4059 γελαστικὸν
3516 3984 3711 4055 ίδίωμα

2131 4084 2286 4139 οδπω
2334 4081 2773 4154 ἐπιτετηδευκὼς
2802 4098 2817 4115 ο
2850 4080 2968 4145 πῶς
2998 4081 3234 4154 ,διορᾷςς
3286 4079 3403 4144 πῶς
3463 4077 3707 4142 ἐπαῖειςς

2134 4178 2252 4241 πῶς
2278 4176 2584 4245 θεολογεῖς;
2617 4175 2735 4239 πῶς
2762 4174 3165 4245 περισκιρτᾷς;
3195 4172 3453 4235 ποταπῶς
3478 4168 3708 4240 ἀγάλλῃς

2132 4268 2429 4340 ἀπόκριναι
2449 4269 2601 4337 ἡμῖν,
2637 4266 2952 4338 ἀπόκριναι,
2971 4259 3016 4318 ὦ
3042 4265 3377 4333 πανάγαστε·
3407 4262 3589 4331 Μέγα,
3609 4278 3711 4334 φη-

2136 4362 2244 4426 σὶν,
2275 4360 2335 4414 τὸ
2362 4358 2686 4429 τελούμενον
2717 4359 3039 4430 μυστήριον,
3077 4357 3172 4411 καὶ
3230 4355 3335 4423 ἔξω
3366 4354 3711 4427 ἀνθρωπίνης

2134 4451 2495 4523 καταλήψεως
2514 4450 2576 4504 τὸ
2603 4449 2807 4521 δρᾶμα⁶
2841 4447 3155 4519 καινοτομῶ
3182 4447 3409 4511 εἰκότως
3432 4446 3532 4518 τὴν
3554 4444 3714 4514 φύσιν

454 4549 731 4608 naturam,
756 4552 980 4615 propter
1002 4560 1125 4600 eum
1150 4546 1243 4616 qui
1270 4555 1355 4603 est
1377 4548 1736 4606 innovaturus
1757 4565 1844 4607 res
1861 4567 2029 4622 supra

2133 4546 2222 4602 διὰ
2261 4545 2353 4599 τὸν
2405 4544 2747 4611 καινοτομεῖν
2793 4539 3063 4612 μέλλοντα
3091 4540 3231 4611 ὑπὲρ
3265 4538 3447 4610 φύσιν
3478 4537 3715 4610 ἔμδρυος

454 4645 729 4691 naturam.
764 4634 1007 4709 Embryo
1051 4652 1177 4692 cum
1211 4640 1338 4706 sim,
1371 4649 1612 4698 attamen
1666 4657 1856 4710 cerno,
1902 4644 2030 4716 quia

447 4726 675 4796 iustitiae
717 4726 888 4782 solem
938 4725 994 4781 in
1036 4739 1190 4782 utero
1247 4739 1515 4800 gestatum
1564 4730 1742 4787 video.
1796 4732 2030 4788 Aurium

453 4834 617 4874 sensu
635 4818 836 4890 polleo,
862 4820 1123 4890 quoniam
1152 4821 1318 4877 audio
1340 4837 1428 4878 me
1448 4838 1636 4878 vocem
1661 4824 1845 4896 magni
1870 4821 2033 4881 Verbi

457 4910 631 4967 nasci.
675 4910 865 4967 Clamo
894 4913 1023 4985 quia
1070 4914 1412 4984 unigenitum
1450 4911 1646 4969 Filium
1691 4913 1872 4971 Patris
1902 4930 2035 4970 con-

455 5003 636 5060 sidero
694 5003 1063 5061 incarnatum.
1118 5005 1355 5072 Exsilio,
1392 5009 1522 5077 quia
1557 5022 1742 5062 rerum
1783 5006 2031 5063 omnium

452 5094 768 5152 Creatorem
833 5098 1011 5154 sentio
1074 5098 1313 5155 hominis
1396 5098 1628 5154 formam
1705 5099 2031 5171 sumpsisse.

454 5189 706 5257 Exsulto,
743 5189 872 5261 quia
924 5189 1349 5263 Redetnptorem
1408 5192 1598 5247 mundi
1630 5191 1872 5263 intelligo
1912 5207 2036 5247 cor-

455 5293 733 5355 poratum.
768 5283 1106 5357 Principium
1136 5287 1316 5351 vobis,
1346 5285 1548 5357 inquit,
1576 5284 1827 5356 signiﬁco
1857 5284 1950 5338 Dei
1978 5283 2035 5338 in

458 5379 721 5451 mundum
761 5379 1060 5451 ingressus,
1114 5390 1172 5437 et
1204 5381 1503 5451 corporalis
1541 5394 1831 5451 processus
1860 5396 1874 5433 :
1902 5394 2038 5449 pree-

456 5485 622 5527 curro
670 5474 949 5536 adventui,
981 5484 1036 5529 et
1062 5473 1466 5544 quodammodo
1495 5473 1651 5528 vobis
1681 5486 1859 5543 praeco
1899 5486 2036 5526 con-

460 5563 780 5622 fessionem.
800 5565 1011 5624 Sumite
1030 5567 1326 5638 psalmum,
1359 5575 1420 5622 ut
1440 5581 1567 5623 cum
1592 5564 1800 5621 Davide
1821 5565 2034 5635 loquar,

457 5664 515 5713 et
558 5666 1127 5729 tympanum,utcum
1170 5663 1461 5731 propheta,
1490 5657 1809 5731 psalterium
1834 5656 2037 5729 jucun-

531 5847 577 5878 "
610 5849 744 5904 Luc.
784 5852 871 5907 '20.
946 5851 991 5884 ⁸⁰
1017 5850 1150 5907 lbid.
1176 5850 1266 5919 9.2,
1344 5852 1408 5907 ⁸³.
1443 5851 1579 5917 Ibid,
1611 5852 1704 5908 41.

2137 4645 2309 4714 [retro
2338 4634 2603 4709 ἔμϐρυον]
2628 4633 2706 4689 ῶν
2746 4633 2880 4706 ὁρῶ,
2915 4633 3216 4705 ἐπειδήπερ
3262 4632 3354 4687 τὶν
3384 4632 3488 4703 τῆς
3511 4633 3714 4685 δικαιο-

2139 4732 2305 4802 σύνης
2360 4730 2511 4801 ἥλιον
2566 4728 2750 4798 βλέπω
2803 4726 3247 4799 κυοφορούμενον
3280 4740 3294 4756 ³
3365 4723 3712 4795 ἐνωτίζομαι,

2137 4824 2438 4895 ἐπειδήπερ
2462 4822 2663 4884 ἐπαΐω,
2681 4820 2754 4881 ὡς
2778 4819 2933 4890 φωνὴ
2960 4817 3057 4873 τοῦ
3077 4817 3316 4893 μεγάλου
3340 4816 3515 4886 Λόγου
3540 4815 3719 4871 τικτό-

2144 4931 2326 4990 μενοςσ
2361 4910 2602 4976 ἀναδοῶ,
2631 4911 2929 4985 ἐπειδήπερ
2981 4910 3072 4965 τδν
3125 4907 3392 4982 μονογενῆ
3440 4907 3572 4962 Υίδν
3623 4905 3716 4960 τοῦ

2139 5010 2354 5082 Πατρδς
2405 5005 2656 5061 κατανοῶ
2687 5003 3061 5077 σαρκούμενον
3086 5019 3101 5036 ·
3158 5000 3390 5072 σκιρτῶ,
3422 5000 3718 5072 ἐπειδήπερ

2138 5104 2232 5157 τὸν
2268 5099 2365 5155 τοῦ
2398 5099 2599 5164 παντὸς
2634 5099 2873 5169 Ποιητὴν
2925 5096 3260 5167 αἰσθάνομαι
3318 5095 3716 5167 ἀνθρωπομορ-

2143 5195 2450 5265 φούμενονο
2485 5191 2814 5261 ἀγάλλομαι,
2847 5190 3146 5262 ἐπειδήπερ
3176 5189 3267 5243 τὸν
3298 5186 3597 5258 Λυτρωτην
3625 5183 3718 5239 τοῦ

2145 5286 2354 5357 κόσμου
2387 5283 2703 5354 διανοοῦμαι
2731 5280 3176 5354 σωματούμενον·
3207 5279 3383 5353 ἀρχὴν
3413 5280 3564 5350 ὑμῖν,
3614 5292 3720 5348 φη-

2147 5379 2253 5445 σὶν,
2286 5375 2624 5448 σημαίνομαι
2651 5374 2751 5445 τῆς
2781 5372 2876 5428 τοῦ
2901 5373 3037 5428 Θεοῦ
3068 5375 3127 5428 ὲν
3172 5373 3363 5445 κόσμῳ
3407 5368 3721 5450 εἰσαγωγῆς

2143 5469 2237 5524 καὶ
2267 5466 2590 5540 σωματικῆς
2625 5466 3059 5537 προσελεύσεωςο
3093 5463 3380 5537 προτρέχω
3406 5464 3505 5531 τῆς
3534 5461 3722 5533 ἐπιδη-

2147 5563 2295 5634 μίας,
2329 5560 2424 5617 καὶ
2445 5553 2557 5614 οἷον
2584 5558 2801 5631 ἐξάρχω
2831 5559 2960 5630 ὑμῖν
2991 5557 3090 5629 τῆς
3115 5556 3558 5628 ἐξομολογήσεως
3582 5569 3597 5584 ·
3628 5553 3721 5608 λά·

2144 5657 2268 5714 δετε
2299 5653 2536 5728 ψαλμὸν,
2564 5654 2863 5719 Δαυῖτικῶς
2888 5653 3085 5720 εἰπεῖν,
3108 5650 3204 5707 καὶ
3235 5648 3544 5722 τύμπανον,
3585 5662 3722 5719 προσ
