4064 6372
403 362 510 427 757

947 362 1226 422 ORATIO
1262 362 1426 423 VIII.
1459 391 1527 401 —
1567 366 1648 426 IN
1699 355 2330 429 DECOLLATIONEM
2358 354 2424 415 S.
2461 352 2783 415 JOANNIS
2831 351 3038 414 BAPT.

3526 320 3635 418 758

405 474 671 547 φητικῶς,
702 474 1000 547 ψαλτήριον
1031 478 1260 547 τερπνὸν
1308 478 1446 547 μετὰ
1490 477 1719 550 κιθάρας
1743 495 1757 508 ο
1810 482 1977 552 ᾅσατε

2083 471 2211 526 dum
2259 481 2387 522 cum
2417 465 2650 528 cithara,
2679 473 2894 520 cantate
2924 471 2976 518 et
3018 462 3231 533 psallite
3293 462 3392 530 illi,
3429 475 3650 520 narrate

404 565 554 636 αύτῷ
593 569 687 622 καὶ
718 566 925 637 ψάλατε
959 566 1129 638 αὐτῷ’
1164 567 1498 639 διηγήσασθε
1546 570 1724 624 πάντα
1749 570 1818 623 τὰ
1842 570 1974 624 Θαυ-

406 660 576 728 μάσια
596 659 782 714 αὑτοῦ.

476 747 678 814 ι’,Ἀρ’
712 745 828 814 οῦν,
867 749 1111 819 Ἰωάννη.
1169 749 1544 821 ὑπερανέστης
1599 752 1669 805 τὰ
1720 752 1974 820 ὲπίγεια;

401 841 720 911 προέκυψας
751 843 832 904 εἰς
854 841 925 894 τὰ
955 841 1183 912 οὐράνια
1216 857 1230 906 ;
1265 841 1754 912 ύπεραναὸέὸηκας
1803 845 1942 911 ἀγγε
1961 869 1975 879 ·

403 931 562 992 λικὰς
595 933 692 985 καὶ
726 931 1148 1004 πρωτουργικὰς
1183 933 1616 1002 διακοσμήσειςς
1649 935 1766 998 πῶς
1796 931 1886 987 οὖν
1912 952 1976 1004 γε

402 1017 590 1093 ὧνπερ
633 1022 734 1094 τὴν
785 1023 949 1092 φύσιν
980 1024 1080 1077 οὐκ
1126 1023 1417 1088 ὲπελάῦου,
1455 1023 1661 1077 τούτων
1694 1026 1790 1096 τὴν
1821 1025 1977 1090 τάξιν

402 1115 499 1168 καὶ
527 1114 684 1179 ἀξίαν
711 1113 1088 1186 ἀπεκληρώσω
1114 1131 1130 1180 ;
1163 1114 1220 1168 τὸ
1247 1115 1433 1178 αὐτοῖς
1463 1113 1522 1181 ἐξ
1551 1113 1745 1179 αἰῶνος
1784 1115 1978 1186 ἄδηλον

403 1199 497 1261 καὶ
538 1207 844 1274 ἀδίδακτον,
877 1207 1039 1270 εὐθὺς
1097 1206 1173 1271 ὡς
1219 1207 1358 1278 μετὰ
1401 1205 1534 1259 Θεὸν
1610 1208 1978 1279 διαπορθμεύ-

404 1315 504 1362 σας
598 1299 694 1353 καὶ
779 1298 1089 1368 διαγγείλας
1171 1299 1304 1369 ἡμῖν
1367 1296 1545 1351 ταῦτα
1598 1297 1676 1350 ἔτι
1754 1298 1977 1368 μαιευό-

405 1406 606 1459 μενος;
652 1390 768 1444 Οὐκ
797 1389 1165 1460 ἀεροπόνησα,
1202 1390 1389 1460 φησιν,
1422 1391 1523 1442 οὐκ
1550 1389 1980 1461 ὲνεφελοδρόμηο

403 1499 492 1546 σα,
521 1481 620 1554 οὐχ
655 1481 1061 1552 ὑπερουράνισα
1083 1524 1096 1547 ,
1130 1482 1228 1551 οὐχ
1252 1482 1675 1554 ὑπερανέστηκα
1711 1481 1820 1536 τῶν
1847 1482 1976 1552 φλο-

400 1573 580 1645 γερῶν
598 1574 696 1628 καὶ
729 1575 1042 1644 ἀσωμάτων
1065 1574 1350 1644 δυνάμεων
1378 1591 1392 1606 ⁸
1431 1574 1508 1646 μὴ
1547 1575 1706 1630 τοῦτο
1733 1575 1981 1629 ὁπονοεί-

403 1666 540 1733 σθω,
573 1665 690 1720 ἀλλ’
715 1668 744 1720 6
771 1665 961 1720 ἐπάνω
995 1666 1212 1720 πάντων
1257 1665 1354 1728 ὢν,
1392 1665 1488 1720 καὶ
1547 1666 1724 1736 μένων
1776 1667 1834 1720 ὲν
1867 1669 1978 1730 τοῖς

401 1755 677 1827 πατρῴοις
711 1756 929 1819 κόλποις
960 1757 1056 1810 σὺν
1097 1756 1237 1826 ἁγίῳ
1286 1756 1588 1826 Πνεύματι,
1620 1755 1798 1810 λαθὼν
1831 1757 1981 1811 ἀδια-

2082 559 2267 613 omnia
2295 556 2567 612 mirabilia
2598 557 2738 626 ejus.

2149 754 2237 808 10.
2271 751 2411 807 Num
2445 767 2598 820 ergo,
2637 765 2670 804 o
2703 749 2970 813 Joannes,
3000 763 3166 816 supra
3206 756 3420 802 terrena
3463 765 3652 805 exces-

2078 845 2240 900 sisti?
2272 843 2520 900 coelestia
2553 841 2883 911 inspexisti?
2913 839 3054 894 ultra
3083 838 3362 909 angelicas
3385 848 3438 894 et
3463 840 3653 909 primi-

2079 938 2264 1008 genias
2310 944 2592 992 creaturas
2637 932 2968 989 ascendisti?
3001 930 3285 997 Quomodo
3318 931 3485 1001 igitur
3511 948 3650 1002 quo-

2080 1043 2200 1083 rum
2241 1038 2499 1081 naturam
2535 1039 2646 1080 non
2677 1039 2738 1080 es
2771 1023 3024 1090 sortitus,
3071 1022 3264 1077 horum
3305 1023 3555 1078 ordinem
3589 1039 3656 1080 ac

2079 1117 2398 1190 dignitatem
2424 1114 2725 1185 recepisti?
2764 1115 2835 1169 ita
2868 1125 2927 1168 ut
2951 1113 3094 1182 quod
3125 1128 3155 1168 a
3189 1113 3388 1168 sazculo
3413 1113 3652 1185 ignotum

2079 1219 2196 1265 erat
2237 1219 2292 1263 et
2328 1223 2436 1261 non
2478 1207 2762 1271 traditum,
2793 1206 2978 1261 statim
3015 1205 3173 1276 quasi
3211 1215 3406 1274 praeter
3439 1203 3532 1260 Dei
3567 1206 3658 1260 in-

2080 1302 2334 1357 stitutum
2375 1300 2486 1355 huc
2513 1297 2786 1362 attuleris,
2818 1297 3088 1366 nobisque
3117 1298 3480 1364 nuntiaveris,
3527 1313 3654 1354 cum

2083 1401 2137 1448 tu
2180 1393 2360 1448 adhuc
2395 1390 2716 1447 obstetricio
2762 1404 2928 1460 opere
2986 1389 3254 1460 indigeas.
3315 1389 3435 1444 Non
3469 1404 3654 1445 aerem

2081 1487 2258 1552 inquit
2287 1487 2552 1552 verbero,
2596 1501 2703 1540 non
2747 1485 2998 1540 discurro
3050 1483 3264 1550 nubes,
3327 1501 3435 1539 non
3485 1484 3670 1540 coelos-

2083 1574 2420 1639 transcendi,
2458 1589 2568 1628 non
2600 1571 2808 1628 excessi
2845 1586 3008 1640 supra
3044 1572 3233 1640 igneas
3281 1571 3658 1639 incorporeas-

2081 1680 2189 1734 que
2223 1665 2476 1718 virtutes.
2524 1661 2694 1716 Nemo
2723 1661 2774 1715 id
2808 1659 3117 1729 suSpicetur
3151 1676 3165 1713 :
3200 1671 3321 1712 nam
3353 1657 3444 1728 qui
3491 1671 3657 1726 supra

2084 1770 2170 1811 res
2217 1770 2411 1810 omnes
2462 1762 2564 1818 est,
2618 1762 2907 1819 manetque
2966 1750 3020 1804 in
3075 1759 3304 1819 paterno
3360 1752 3483 1804 sinu
3534 1763 3656 1803 cum

403 1847 618 1911 στάτως
649 1848 896 1910 ἅπαντας
926 1848 1054 1911 τοὺς
1089 1847 1352 1918 πυρίνους
1389 1847 1738 1919 λειτουργοὺς
1787 1847 1978 1911 αὐτοῦ,

2086 1855 2280 1902 sancto
2310 1844 2540 1916 Spiritu,
2578 1844 2717 1898 clam
2757 1855 2985 1912 prorsus
3027 1841 3282 1896 omnibus
3332 1839 3505 1910 igneis
3551 1838 3658 1893 mi-

399 1937 480 2002 ὼς
512 1939 598 1992 ἐπ’
636 1939 795 1994 ἄλλον
819 1939 1047 2009 οὐρανὸν
1071 1939 1436 2010 εἰσεληλυθώς
1469 1939 1528 1992 ἐν
1554 1942 1620 2010 τῇ
1652 1939 1850 2010 γαστρὶ
1885 1939 1983 2010 τῆς

402 2032 762 2104 ἀειπαρθένου
778 2032 1018 2103 Μαρίας,
1037 2031 1362 2101 ἑνεφάνησεν
1382 2031 1570 2083 ἑαυτὸν
1592 2030 1684 2084 καὶ
1702 2047 1982 2100 μεμυστα-

401 2123 624 2194 γώγηκέ
653 2141 742 2194 μοι
778 2123 844 2176 τὰ
869 2121 1194 2193 τηλικαῦταο
1214 2118 1558 2192 μηνυτὴςοῦν
1594 2121 1710 2190 εἰμὶ
1735 2120 1826 2173 τοῦ
1854 2119 1982 2190 βρέ-

403 2229 557 2280 φους,
586 2213 689 2277 ὅτι,
727 2211 975 2266 Παιδίον
1009 2209 1290 2278 γεννᾶται
1325 2210 1489 2279 ἡμῖν,
1518 2211 1651 2276 υίὸς
1698 2211 1794 2266 καί
1842 2209 1984 2280 ὑμῖν

400 2305 581 2374 ἐδόθη
605 2305 748 2360 κατὰ
775 2307 867 2360 τὸν
895 2308 1068 2375 μέγαν
1108 2305 1356 2370 Ἡσαΐαν,
1390 2307 1418 2358 6
1446 2305 1554 2375 πρὸ
1581 2307 1792 2360 αἰώνων
1819 2307 1978 2370 Θεός·

406 2398 740 2469 στειροφυὴς
774 2398 932 2466 γόνος
968 2399 1245 2468 τυγχάνω,
1279 2397 1359 2450 ὅτι
1396 2397 1727 2467 παρθενικὺς
1763 2399 1792 2451 ὁ
1823 2398 1984 2461 τόκος

403 2487 818 2559 προελεύσεται.
851 2489 916 2542 Ὢ
971 2492 1070 2560 τῆς
1104 2488 1418 2559 ὑπερφυοῦς
1464 2489 1868 2560 μεγαλουργίας
1896 2505 1909 2520 ⁸
1938 2489 1983 2542 ὢ

400 2581 504 2650 τῆς
531 2581 841 2652 παραδόξου
877 2581 1277 2653 τερατουργίας
1311 2599 1324 2611 ·
1352 2575 1441 2634 οἷα
1491 2583 1624 2651 ἡμῖν
1653 2582 1713 2633 τὸ
1763 2582 1982 2636 ἅτικτον

405 2667 608 2740 βρέφος
663 2671 1081 2741 εὐαγγελίζεται
1136 2674 1424 2744 σήμερον;
1489 2673 1696 2742 πηλίκα
1755 2675 1890 2744 ἡμῖν
1954 2675 1982 2728 6

416 2762 698 2818 Ἐλισάσετ
725 2763 888 2828 τόκος
922 2764 1189 2832 θεολογῶν
1223 2765 1657 2836 προμεμήνυκε;
1701 2765 1982 2836 σκιρτάτω

407 2853 635 2925 ύφήλιος
657 2855 844 2910 ἅπασα
865 2894 881 2921 ,
911 2855 1192 2925 χορευέτω
1233 2858 1266 2926 ἡ
1312 2857 1608 2925 Ἐκκλησία
1642 2858 1938 2928 προεόρτια
1963 2899 1978 2921 ,

403 2945 722 3016 προεισόδια
748 2947 816 3000 τὰ
845 2946 1064 3014 γενέσια
1095 2946 1204 2999 τῶν
1234 2947 1471 3017 Χριστοῦ
1503 2946 1798 3015 γενεθλίων
1841 2964 1982 3000 παν-

402 3037 765 3110 ηγυρίζουσα,
783 3039 880 3092 καὶ
909 3039 1083 3108 χαρᾶς
1116 3037 1448 3110 πληρούσοω
1476 3039 1543 3093 τά
1570 3038 1863 3109 σύμπαντα
1889 3039 1980 3092 τὸν

2088 1937 2278 1992 nistris
2305 1936 2441 2004 suis,
2467 1935 2626 2005 quasi
2650 1935 2703 1988 in
2734 1931 2882 1987 aliud
2910 1933 3110 1988 coalum
3135 1942 3351 1986 uterum
3382 1931 3674 2001 ingressus.

2087 2043 2302 2099 semper
2325 2027 2574 2097 Virginis
2601 2027 2806 2092 Mariae,
2834 2025 3205 2080 manifestavit
3236 2040 3294 2079 se
3326 2023 3480 2086 mihi,
3501 2031 3662 2092 atque

2089 2123 2202 2174 haec
2239 2121 2366 2175 talia
2426 2129 2684 2190 tantaque.
2738 2119 2976 2175 edocuit.
3039 2117 3178 2188 Ergo
3218 2115 3448 2171 infantis
3498 2116 3660 2170 index

2086 2229 2234 2276 sum,
2288 2227 2484 2281 nempe
2525 2212 2668 2280 quod
2721 2211 2864 2265 Puer
2899 2211 3138 2264 nascitur
3184 2209 3366 2272 nobis,
3420 2217 3469 2261 et
3517 2206 3661 2278 ﬁlius

2084 2302 2244 2355 datus
2290 2311 2365 2356 est
2403 2301 2572 2365 nobis,
2609 2313 2769 2370 prout
2810 2317 3042 2372 magnus
3088 2298 3262 2355 Isaias
3295 2300 3462 2364 ait",
3517 2297 3664 2354 Deus

2085 2401 2213 2446 ante
2243 2393 2466 2448 smcula.
2504 2392 2682 2447 Natus
2714 2393 2779 2447 de
2819 2393 2992 2447 sterili
3030 2407 3175 2470 sum,
3210 2393 3335 2461 quia
3380 2405 3508 2445 mox
3548 2393 3661 2445 vir-

2085 2485 2276 2555 gineus
2307 2500 2525 2556 quoque
2557 2494 2750 2555 partus
2778 2484 3040 2554 prodibit.
3070 2483 3113 2538 Ο
3144 2499 3282 2553 opus
3312 2483 3663 2552 magniﬁcum

2083 2585 2138 2630 et
2193 2577 2642 2646 supernaturalel
2707 2591 2740 2631 o
2793 2576 3227 2642 inexspectatum
3293 2574 3659 2629 miraculum!

2083 2667 2277 2734 Qualia
2311 2669 2469 2726 nobis
2527 2668 2710 2724 infans
2761 2668 3002 2723 nondum
3051 2677 3213 2722 natus
3251 2668 3412 2722 hodie
3447 2681 3663 2721 annun-

2085 2761 2221 2816 tiatl
2256 2771 2495 2830 quantas
2529 2762 2688 2817 nobis
2721 2770 2910 2830 partus
2948 2759 3278 2814 Elisahetha:
3329 2775 3416 2814 res
3448 2758 3662 2813 divinas

2085 2855 2367 2924 praediciti
2411 2855 2665 2910 Exsultet
2711 2862 2850 2908 terra
2892 2854 3185 2916 universa.
3234 2851 3520 2923 pervigilio
3560 2851 3664 2906 hoc

2085 2946 2332 3001 Ecclesia
2361 2947 2520 3016 quasi
2550 2946 2767 3002 choreis
2794 2947 3037 3016 plaudat,
3079 2946 3429 2999 festivitatem
3455 2943 3666 3000 scilicet

2084 3036 2288 3092 Christi
2330 3039 2608 3093 natalibus
2641 3040 2900 3108 przeviam
2945 3039 3177 3094 solemni
3216 3038 3484 3092 concione
3523 3037 3666 3091 cele—

402 3131 653 3204 μηνυτὴν
695 3128 963 3201 δεξάμενα
1013 3131 1112 3203 τῆς
1159 3131 1253 3185 τοῦ
1307 3132 1700 3204 παμϐασιλέως
1754 3132 1978 3186 ἐπελεύ-

2088 3131 2254 3186 hrans
2290 3151 2302 3185 :
2340 3132 2526 3188 omnia
2569 3147 2796 3202 prorsus
2826 3131 3022 3201 gaudio
3056 3131 3328 3195 dililuant,
3355 3131 3485 3186 dum
3519 3129 3667 3186 indi-

404 3241 562 3287 σεως.

479 3321 569 3370 ια’.
633 3314 796 3384 Ἀλλ’,
831 3309 878 3370 ὦ
915 3315 1152 3388 μακάριε
1201 3316 1442 3386 Ἰωάννη,
1478 3318 1506 3370 6
1549 3316 1658 3370 τῶν
1705 3318 1981 3386 μεγίστων

406 3409 636 3479 μέγιστε
691 3393 1005 3482 προφήτης,
1034 3413 1063 3463 6
1113 3408 1425 3481 πρώτιστος
1477 3411 1534 3462 ὲν
1559 3410 1882 3476 ἀποστόλοις
1909 3428 1922 3440 ·
1953 3411 1983 3464 6

399 3501 512 3555 τῶν
569 3503 864 3575 μαρτύρων
910 3503 1246 3574 ἐξοχώτατος
1303 3503 1728 3574 μεγαλόμαρτυς
1758 3544 1772 3568 ,
1807 3505 1836 3556 6
1880 3503 1981 3574 τῆς

401 3595 614 3665 ἐρήμου
682 3594 1051 3664 θεοκόσμητος
1099 3594 1402 3665 πολιοῦχος,
1439 3597 1467 3648 6
1495 3595 1588 3648 τοῦ
1639 3595 1980 3662 ώραιοτάτου

401 3685 642 3754 νυμφίου
673 3685 827 3754 φίλος
861 3685 1243 3755 ἡγαπημένος,
1273 3686 1301 3737 6
1347 3683 1444 3738 τοῦ
1477 3685 1760 3754 άφράστου
1803 3686 1982 3755 φωτὸς

400 3777 598 3848 λύχνος
652 3777 1073 3849 ἡτοιμασμένος,
1106 3778 1134 3829 6
1160 3776 1254 3830 τοῦ
1286 3777 1520 3847 ἀμώμου
1575 3777 1774 3848 Ἀμνοῦ
1804 3779 1982 3850 κῆρυξ

404 3871 862 3940 πεπιστευμένος,
895 3870 923 3921 6
950 3869 1052 3939 τῆς
1084 3869 1355 3940 πατρικῆς
1382 3870 1565 3938 φωνῆς
1619 3871 1840 3941 ἄριστος
1879 3873 1979 3923 ὲπ-

400 3963 727 4034 ακροάμων,
770 3964 800 4016 6
850 3961 1154 4032 βαπτιστὴς
1197 3961 1437 4031 Χριστοῦ
1483 3962 1920 4031 κεκηρυγμένος,
1954 3965 1981 4016 6

417 4054 665 4127 Ἦρώδου
718 4053 1007 4122 ἀσελγείας
1055 4054 1275 4124 ἐλεγχος
1330 4055 1913 4124 πεπαρρησιασμένος,
1953 4056 1981 4107 6

401 4149 515 4210 τοῖς
543 4150 602 4200 ὲν
646 4147 776 4219 ᾅδου
807 4146 904 4218 τὴν
936 4147 1082 4218 ζωὴν
1105 4146 1506 4217 προμηνύσας,
1543 4148 1574 4218 ἡ
1607 4147 1979 4216 θεοσήμαντος

405 4239 641 4308 σάλπιγξ
665 4240 766 4308 τῆς
799 4239 1144 4309 οἰκουμένης,
1177 4240 1380 4309 ἢχησον
1405 4238 1501 4292 καὶ
1531 4237 1626 4290 νῦν
1656 4239 1788 4310 ἡμῖν
1817 4239 1976 4309 ούραε

401 4330 578 4398 νόοεν,
605 4333 725 4394 ταῖς
752 4332 1072 4403 ἰερωτάταις
1096 4331 1416 4402 πρεσϐείαις
1437 4371 1450 4390 ,
1486 4331 1580 4384 καὶ
1605 4331 1838 4402 εὐμενὴς
1890 4331 1982 4385 έσο

400 4423 481 4494 τῷ
532 4424 787 4496 ὲπᾴδοντί
839 4441 921 4477 σοι
969 4423 1087 4494 λαῷ
1121 4427 1188 4495 τῇ
1222 4441 1282 4476 τε
1312 4423 1576 4492 ἐλαχίστῃ
1607 4440 1704 4476 σου
1748 4422 1976 4495 ποίμνῃ,

2085 3238 2202 3278 cem
2248 3223 2533 3292 excipiunt
2577 3224 2848 3279 adventus
2891 3225 3035 3295 regis
3071 3223 3423 3279 universalis.

2157 3317 2242 3372 Η.
2282 3316 2410 3386 Sed,
2430 3335 2462 3373 ο
2483 3319 2643 3373 beate
2672 3317 2932 3383 Joannes,
2963 3318 3057 3390 qui
3083 3318 3452 3374 maximorum
3485 3316 3665 3371 maxi-

2086 3425 2210 3465 mus
2241 3412 2508 3481 propheta
2553 3425 2648 3478 es,
2691 3411 2900 3480 primus
2934 3412 3076 3466 inter
3116 3410 3412 3481 apostolos,
3460 3417 3668 3481 marty-

2087 3516 2206 3554 rum
2238 3517 2490 3556 sutnmus
2524 3517 2871 3572 magnusque
2900 3511 3128 3573 martyr,
3168 3501 3369 3556 deserti
3402 3500 3667 3555 divinitus

2083 3602 2384 3649 exornatus
2429 3604 2716 3664 patronus,
2767 3593 3154 3650 formosissimi
3204 3594 3391 3663 sponsi
3433 3591 3667 3648 dilectus

2083 3683 2314 3747 amicus,
2335 3684 2625 3740 ineﬂ'ahilis
2656 3685 2795 3741 lucis
2828 3686 3098 3741 instructa
3120 3686 3363 3750 lucerna,
3395 3686 3665 3738 immacu-

2083 3776 2178 3830 lati
2209 3775 2344 3847 Agni
2375 3793 2554 3848 praeco
2583 3779 2778 3842 iidelis,
2815 3789 3052 3848 paterna:
3091 3779 3244 3834 vocis
3288 3779 3539 3848 egregius
3568 3793 3666 3834 au-

2083 3869 2374 3935 scultator,
2441 3870 2643 3925 Christi
2699 3871 3002 3941 haptizator
3057 3871 3284 3936 electus,
3342 3869 3681 3925 Ilerodianaz-

2085 3960 2325 4016 libidinis
2367 3978 2492 4016 cum
2525 3962 2721 4018 fiducia
2757 3967 3140 4035 reprehensor,
3170 3966 3290 4017 vita:
3320 3963 3546 4016 nuntius
3581 3959 3668 4016 his

2083 4050 2172 4120 qui
2209 4051 2263 4104 in
2296 4051 2486 4107 inferis
2507 4062 2684 4120 erant,
2713 4056 2868 4108 turba
2894 4055 3097 4109 mundo
3123 4055 3294 4109 Deum
3325 4053 3663 4126 signiﬁcans,

2084 4159 2231 4198 nunc
2263 4159 2482 4214 quoque
2520 4145 2678 4201 nobis
2712 4146 2930 4202 coelitus
2977 4162 3200 4202 resones
3235 4163 3328 4218 per
3359 4145 3668 4202 sacratissi-

2083 4252 2201 4292 mas
2242 4237 2698 4306 intercessiones;
2741 4240 3014 4310 propitius
3048 4252 3164 4296 esto
3193 4240 3436 4296 laudanti
3477 4252 3528 4295 te
3567 4255 3665 4311 po-

2083 4327 2233 4397 pulo,
2285 4337 2340 4382 et
2388 4331 2588 4399 pusillo
2636 4332 2781 4402 gregi
2844 4343 2966 4396 tuo.
3017 4349 3140 4388 cum
3179 4333 3476 4388 excellente
3504 4332 3665 4388 Patre

2085 4433 2208 4472 meo
2245 4436 2259 4472 :
2291 4419 2397 4474 mei
2434 4436 2650 4492 quoque
2692 4422 3007 4492 pauperculi
3048 4422 3244 4478 audaci
3291 4422 3448 4476 ausui
3479 4421 3663 4475 indul-

405 4517 506 4569 σὶιν
531 4515 609 4588 τῷ
638 4516 949 4586 διαφέροντί
990 4533 1079 4586 μοι
1118 4514 1295 4586 Πατρί
1332 4514 1445 4584 (17)
1483 4513 1888 4585 συγγνωμονῶν
1920 4532 1978 4567 τε

2087 4527 2216 4581 gens
2245 4529 2258 4566 :
2285 4527 2386 4568 nec
2415 4514 2576 4568 veluti
2601 4515 2844 4569 oblatum
2875 4531 3094 4580 munus,
3119 4517 3211 4571 sed
3237 4515 3394 4585 quasi
3421 4513 3662 4569 debitum

402 4605 471 4663 αὖ
491 4609 588 4679 τῆς
600 4607 877 4679 τολμηρᾶς
903 4624 1007 4678 μου
1027 4607 1121 4660 τοῦ
1145 4605 1360 4677 πτωχοῦ
1379 4608 1768 4676 ἐγχειρήσεως,
1787 4607 1884 4676 οὒκ
1905 4606 1980 4671 ὡς

400 4700 764 4771 δωροφορίαν,
802 4699 918 4762 άλλῗ
945 4699 1019 4763 ώς
1053 4698 1204 4769 παρὰ
1236 4697 1428 4752 δούλου
1477 4699 1702 4769 ἀχρείου
1742 4699 1982 4771 ώφειλήν

402 4809 486 4847 σοι
517 4795 614 4848 σὺν
643 4792 797 4864 φόρῳ
833 4809 896 4845 τε
934 4793 1028 4845 καὶ
1047 4791 1197 4861 πόθῳ
1225 4791 1646 4864 προσαγομένην
1672 4808 1684 4821 ·
1713 4783 1757 4859 ᾧ
1785 4795 1817 4863 ἡ
1851 4793 1978 4858 δόξα

399 4885 497 4938 καὶ
521 4885 656 4955 τιμὴ
684 4887 780 4938 καὶ
825 4885 859 4955 ἡ
890 4883 1294 4954 προσκύνησις,
1319 4883 1416 4934 σὺν
1464 4881 1542 4950 τῷ
1571 4884 1978 4955 παντοκράτορι

399 4977 580 5047 Πατρὶ
617 4978 713 5030 καὶ
755 4976 1010 5046 παναγίῳ
1044 4974 1346 5044 Πνεύματι,
1379 4975 1474 5029 νῦν
1505 4975 1599 5029 καὶ
1629 4977 1741 5038 ἀεὶ,
1777 4977 1872 5029 καὶ
1900 4980 1978 5039 εἰς

397 5068 530 5131 τοὺς
559 5068 762 5128 αἰῶνας
793 5068 902 5122 τῶν
939 5066 1172 5120 αἰώνων.
1216 5067 1409 5135 Ἀμήν.

1152 5159 1233 5211 H'.
1343 5179 1354 5208 t

416 5250 738 5320 Ἐγκώμιον
769 5253 856 5316 εἰς
881 5250 999 5317 τὴν
1024 5249 1341 5318 ἀποτομὴν·
1368 5249 1478 5316 τῆς
1511 5249 1674 5317 ἱερᾶς
1706 5249 1979 5319 κεφαλῆς

401 5322 512 5376 τοῦ
537 5321 804 5392 μετά-λου
832 5320 1174 5375 Remum-ob
1207 5321 1464 5389 Χριστοῦ
1485 5321 1586 5374 καὶ
1606 5320 1966 5389 Προδρόμου.

2078 4603 2219 4657 servi
2275 4604 2484 4660 inutilis
2523 4608 2789 4661 tributum
2859 4609 2955 4662 tibi
3011 4616 3260 4662 amanter
3303 4607 3660 4678 persolutum,

2077 4697 2287 4766 excipe.
2335 4698 2433 4752 Cui
2485 4699 2655 4770 gloria
2703 4709 2757 4755 ct
2804 4700 2980 4754 honor
3023 4707 3188 4768 atque
3238 4699 3507 4764 adoratio,
3537 4714 3662 4753 cum

2077 4789 2454 4860 omnipotente
2488 4789 2650 4846 Patre
2690 4800 2746 4845 et
2790 4790 3136 4846 sanctissimo
3168 4789 3398 4859 Spiritu,
3429 4806 3573 4845 nunc
3610 4799 3664 4844 et

2079 4895 2296 4950 semper
2329 4891 2383 4936 et
2413 4896 2507 4951 per
2537 4882 2737 4936 saecula
2770 4882 3118 4936 saaculorum.
3151 4879 3340 4933 Amen.

2810 5165 2941 5221 Vill.

2089 5253 2350 5308 Laudatio
2381 5258 2431 5308 in
2455 5257 3186 5330 abscissionemsacrigapitis
3218 5257 3666 5330 magniBaptistw
3733 5308 3745 5320 .

2533 5338 2582 5381 et
2605 5329 2956 5384 Pra’cursoris
2987 5327 3205 5383 Christi.

1595 5465 1749 5534 (Anc.
1799 5465 1952 5532 ΜΑι.,
1986 5471 2084 5522 loc.
2123 5471 2214 5525 cit.
2257 5487 2309 5539 p.
2343 5471 2457 5540 45.)

473 5567 545 5613 α’.
576 5559 776 5630 Φαεινὴ
828 5560 924 5614 καὶ
973 5559 1305 5630 οεοχαρὴςή
1377 5561 1775 5630 συναγείρουσα
1833 5562 1980 5631 ἡμᾶς

399 5735 416 5745 ,ο
475 5679 520 5708 ⁸³
561 5676 662 5732 Isa.
699 5693 776 5743 ιχ,
812 5677 864 5731 6.

2163 5565 2213 5617 1.
2260 5564 2550 5634 Splendida
2586 5575 2640 5622 et
2693 5568 2780 5622 Dei
2838 5568 3034 5638 gaudio
3071 5567 3226 5636 plena
3256 5564 3367 5619 lucc
3403 5570 3488 5617 cst
3517 5561 3662 5620 cclc-

483 5798 592 5868 (17)
631 5797 702 5851 De
768 5799 869 5854 hoc
940 5800 1256 5856 monasterii
1314 5799 1489 5867 Patre,
1555 5803 1638 5856 vel
1700 5805 1949 5873 episcopo
2023 5806 2182 5860 etiam
2221 5803 2371 5858 initio
2413 5804 2694 5859 orationis.
