4064 6372
446 296 552 388 759
1613 304 1675 361 s.
1731 300 2033 364 meum

2185 302 2530 364 δΤυυιΤΑῑ
3589 293 3700 360 760

447 405 638 474 britas,
672 420 795 476 quae
826 420 928 463 nos
953 407 1020 463 ad
1049 408 1160 464 hoc
1190 409 1438 480 spiritale
1481 410 1676 468 festum
1706 413 1867 468 hodie
1893 427 2024 467 con-

2138 413 2269 482 πρὸς
2297 412 2605 483 ἐορτασμδν
2634 409 3007 481 πνευματικὸν
3034 411 3342 482 πανήγυρις
3365 408 3625 480 σήμερον,
3650 398 3700 460 ὦ

446 504 654 565 gregat,
681 511 716 550 ο
753 496 1450 570 philocltristi.Splendida,
1487 501 1820 574 inquam,ob
1845 501 2023 570 ipsum

447 589 735 644 tnemorati
761 603 978 654 nomen,
999 591 1094 661 qui
1121 591 1348 648 lucerna
1382 593 1569 648 lucens
1608 602 1662 646 et
1689 602 1773 648 est
1807 603 1860 647 et
1891 592 2024 646 dici-

451 691 562 746 tur,
589 681 788 752 etjure
823 683 1126 752 meritoque
1151 683 1229 738 sic
1251 683 1665 749 denominatur;
1700 699 1808 738 non
1839 692 2022 739 autem

449 772 573 841 quia
612 773 985 830 materialibus
1027 774 1220 830 faculis
1265 790 1556 845 corporeos
1583 778 1774 834 oculos
1805 785 2024 832 nostros

451 861 709 919 illustrat.
747 863 877 918 Nam
925 863 1134 920 illarum
1187 867 1404 936 quidem
1459 884 1568 924 non
1605 879 1690 924 est
1735 879 2026 939 perpetuus

451 954 729 1022 splendor,
764 957 889 1026 quia
925 958 1198 1016 contraria
1227 975 1442 1030 semper
1467 959 1806 1030 abrumpitur
1831 962 2027 1018 obscu-

451 1045 642 1112 ritate;
680 1046 773 1100 sed
829 1048 942 1100 here
997 1049 1362 1120 (solemnitas)
1408 1050 1604 1105 divina:
1646 1053 1831 1122 gratiae
1858 1051 2028 1110 radiis

451 1146 902 1208 congregatarum
955 1140 1119 1196 rnrda
1177 1156 1395 1211 semper
1431 1143 1730 1206 illuminat,
1763 1153 1925 1210 atque
1960 1143 2026 1198 ad

447 1226 672 1300 justitim
722 1230 1038 1284 exercitium
1092 1243 1303 1287 mentes
1337 1243 1559 1290 nostras
1611 1234 2029 1290 meditabundas

451 1318 701 1387 impellit,
730 1329 788 1374 ut
813 1319 1023 1375 beatam
1059 1322 1204 1377 illam
1231 1325 1542 1394 passionem
1591 1326 2030 1382 intellectualiter

452 1409 856 1479 quodammodo
885 1422 1217 1484 spectantes,
1247 1432 1470 1472 causam
1492 1417 1620 1473 hinc
1649 1419 1846 1474 laetitize
1872 1420 2030 1475 nobis

453 1499 872 1556 constituamus.
929 1501 1178 1558 Profecto
1230 1506 1455 1562 alterius
1503 1508 1796 1579 cujuslibet
1853 1510 2032 1580 gladio

450 1587 664 1654 effusus
699 1591 750 1646 in
782 1601 980 1646 terram
1022 1597 1246 1666 sanguis
1268 1638 1283 1662 ,
1319 1598 1522 1654 nullius
1581 1599 1816 1656 hominis
1854 1602 2030 1656 visum

452 1680 815 1751 exhilararet;
848 1700 1022 1756 neque
1048 1685 1115 1742 ad
1149 1702 1337 1742 aurem
1384 1689 1594 1745 delatus
1623 1700 1859 1746 utentem
1896 1691 2033 1747 solet

453 1771 731 1836 ltetilicare
769 1791 950 1833 sermo
987 1779 1292 1838 morientis.
1339 1778 1583 1853 Namque
1625 1783 1713 1838 ubi
1753 1784 2033 1853 sanguinis

453 1864 651 1930 ell‘usio
702 1867 825 1927 vita:
851 1869 1127 1940 jacturam
1183 1870 1304 1938 fert,
1360 1875 1636 1948 quomodo
1690 1875 2030 1947 id,inquam,

455 1959 734 2024 hominem
769 1977 866 2032 per
892 1977 950 2018 se
979 1966 1103 2021 vlta:
1138 1973 1415 2022 amantem
1463 1965 1792 2035 delectabit;
1836 1977 1890 2023 et
1923 1985 2033 2025 non

455 2053 638 2126 potius
668 2069 790 2108 cum
840 2055 1024 2112 vultus
1061 2056 1280 2116 tristitia
1309 2057 1377 2112 ad
1408 2058 1617 2120 luctum
1665 2059 1841 2116 trahet
1870 2069 2035 2132 atque

455 2141 522 2194 ad
567 2141 684 2210 ejus
714 2143 988 2212 passionis
1029 2144 1479 2202 miserationem?
1512 2147 1620 2202 nisi
1661 2148 1799 2204 forte
1837 2147 2035 2222 aliquis

455 2233 684 2292 exsistat
713 2236 794 2290 vel
820 2246 1002 2300 mente
1036 2238 1307 2296 alienatus
1337 2241 1422 2296 vel
1468 2240 1647 2300 ferino
1673 2259 1825 2298 more
1852 2243 2032 2300 illlbu-e

457 2336 568 2392 tus.
599 2336 658 2391 ut
687 2327 973 2386 brutorum
1023 2331 1232 2402 aliquot
1279 2343 1474 2389 natura
1512 2345 1612 2400 est,
1646 2351 1770 2406 qua:
1822 2346 2038 2407 specta-

455 2421 595 2484 culis
631 2421 734 2477 sibi
765 2423 996 2494 objectis
1029 2425 1310 2486 insaniunt
1340 2445 1354 2482 :
1387 2430 1552 2486 veluti
1585 2431 1733 2500 galli,
1767 2430 1859 2500 qui
1906 2431 2035 2484 dum

455 2515 543 2576 ειν-ἱ
603 2515 811 2574 similes
867 2518 1298 2586 interﬁciuntur,
1340 2523 1596 2594 gaudent,
1625 2533 1866 2589 cantant,
1890 2525 2037 2580 exsi-

455 2610 598 2672 liunt
622 2626 688 2670 eo
716 2614 1038 2685 simpliciter
1059 2617 1175 2674 visu
1205 2617 1472 2684 fruentes,
1497 2635 1674 2689 neque
1695 2630 2037 2691 reputantes,

455 2719 584 2766 unus
609 2706 854 2764 eamdem
881 2708 1081 2764 caedem
1107 2711 1172 2765 ad
1203 2711 1350 2780 ipsos
1384 2723 1787 2782 perventuram.
1808 2713 1879 2774 At
1910 2729 2038 2770 vero

450 2797 585 2872 justi
615 2797 720 2860 viri
764 2799 990 2871 sanguis
1018 2809 1075 2857 et
1105 2801 1242 2858 visui
1297 2803 1658 2871 delectabilis,
1708 2815 1762 2862 et
1812 2808 2039 2864 auribus

455 2892 597 2964 grati
627 2891 802 2948 instar
842 2894 1017 2950 nuntii
1049 2903 1154 2961 est,
1179 2904 1235 2951 et
1281 2896 1440 2958 labiis
1475 2897 1852 2956 honorabilis:
1883 2915 2038 2956 nam-

457 2997 566 3056 que
632 2983 794 3056 hujus
837 2985 1106 3054 amissio,
1149 2987 1478 3044 immortalis
1515 2990 1868 3060 meliorisque
1917 2992 2039 3047 vita:

457 3070 668 3126 confert
699 3075 1142 3144 acquisitionem.
1163 3075 1344 3148 Neque
1361 3087 1535 3149 gutta,
1558 3079 1803 3150 inquam,
1829 3089 2036 3134 tantum

459 3161 773 3234 sanguinis,
810 3179 996 3222 verum
1049 3166 1215 3228 etiam
1270 3183 1332 3223 os
1383 3178 1656 3233 sanctum,
1705 3181 1758 3224 et
1812 3169 2038 3227 membri

459 3253 694 3326 alicujus
733 3255 1022 3325 particula,
1048 3266 1102 3312 et
1134 3257 1454 3328 capillorum
1503 3258 1771 3328 reliquiae,
1796 3267 1850 3314 et
1881 3261 2041 3318 vesti-

460 3355 767 3412 mentorum
791 3362 913 3416 qua:
955 3347 1046 3410 ille
1069 3350 1297 3420 gestavit
1338 3359 1434 3406 ant
1467 3351 1894 3422 attigitl’rustum
1925 3368 2042 3424 per-

461 3447 673 3512 gratum
693 3449 775 3493 est
795 3448 847 3496 et
865 3440 1155 3510 expetibile
1169 3442 1341 3496 cuivis
1359 3443 1573 3513 pietatis
1591 3443 1856 3500 studioso.
1873 3443 2042 3513 Prop-

464 3541 611 3594 terea
658 3531 797 3592 alius
821 3533 1008 3597 aliam.
1037 3535 1278 3598 thesauri
1303 3538 1496 3604 instar,
1525 3547 1734 3608 partem
1761 3539 1842 3593 vel
1865 3557 2039 3598 mem-

461 3625 620 3690 brum
648 3626 728 3680 vel
750 3641 948 3697 eorpus
973 3637 1144 3686 totum
1169 3631 1222 3684 in
1249 3630 1500 3688 domibus
1520 3630 1604 3686 vel
1621 3631 1885 3697 ecclesiis,
1910 3648 2040 3690 san-

461 3712 750 3776 ctillcantis
762 3716 976 3770 virtutis
991 3727 1199 3785 ergo,et
1213 3717 1467 3776 salutaris
1480 3718 1679 3784 tutelae,
1695 3717 2041 3790 baberegau-

461 3797 571 3866 det,
595 3807 650 3856 et
678 3817 801 3856 curn
827 3803 1127 3860 reverentia
1144 3805 1209 3859 ad
1231 3805 1475 3861 cinerum
1499 3807 1785 3865 thesauros
1807 3808 2036 3875 accedit,

460 3901 516 3952 et
538 3892 800 3962 impervia
823 3896 987 3950 tactui
1017 3896 1246 3954 donaria
1276 3900 1691 3956 venerabundus
1722 3902 2008 3971 contingit.

530 3985 586 4042 2.
616 3984 764 4042 Talis
790 3988 949 4045 nobis
981 3999 1066 4046 est
1089 3989 1222 4064 justi
1241 3991 1428 4050 Abelis
1449 3992 1700 4062 sanguis.
1723 4009 2038 4063 quanquam

461 4079 552 4140 hic
603 4089 891 4151 parentum
940 4090 1066 4138 tunc
1111 4083 1326 4140 uoviter
1375 4084 1552 4140 oculis
1605 4085 1821 4141 oblatus
1871 4101 2038 4142 causa

461 4172 646 4234 luctus
670 4172 776 4229 fuit
797 4193 810 4228 :
831 4190 955 4229 cum
981 4177 1126 4231 enim
1159 4177 1443 4234 morientis
1469 4177 1703 4248 alicujus
1729 4178 2038 4248 passionem

462 4263 705 4331 nondum
743 4270 1106 4338 aspexissent,
1157 4269 1348 4340 quidni
1389 4269 1481 4326 lilii
1514 4279 1782 4344 patratam
1836 4273 2038 4328 credent

461 4356 936 4426 exborrescerent,
971 4359 1424 4430 lacrymarentur,
1484 4363 1871 4420 lamentatione
1907 4379 2036 4435 pro-

2064 1768 2106 1826 Β

2127 503 2470 574 φιλόχριστοι
2501 519 2515 533 ο
2541 503 2738 572 φαεινὴ
2763 503 2823 556 δέ
2852 503 2949 558 καὶ
2977 499 3037 568 ἐξ
3062 501 3230 572 αὐτῆς
3264 498 3582 570 ἐπωνυμίας
3602 495 3698 550 τοῦ

2129 595 2630 665 μνημονευομένου,
2661 594 2744 646 ὅτι
2769 591 2956 663 λύχνος
2989 593 3166 662 φωτός
3199 594 3315 646 ἐστί
3343 608 3406 660 γε
3430 591 3524 644 καλ⁵
3542 589 3698 657 λέγε-

2125 701 2238 747 ται,
2270 683 2496 744 εἰκότως
2527 681 3064 754 προσαγορευομένη·
3091 681 3152 734 οὐ
3181 681 3246 752 δή
3280 697 3382 734 που
3407 678 3472 732 τὸ
3491 677 3702 740 ὑλικαῖς

2130 777 2530 846 μαρμαρυγαῖς
2582 771 2980 845 περιαυγάζειν
3027 771 3126 836 τὰς
3180 769 3498 842 σωματικὰς
3543 767 3701 839 ἡμῶν

2127 865 2278 935 ὄψεις
2305 882 2318 896 ’
2351 866 2435 936 εἴη
2467 865 2574 936 γὰρ
2602 865 2809 920 τούτων
2847 865 2948 920 οὐκ
2987 863 3254 933 ἀειφανὴς
3287 863 3322 933 ἡ
3360 860 3566 930 λάμψις
3586 900 3602 925 9
3625 857 3703 928 τῷ

2128 958 2550 1027 ἀντιφράσσοντι
2601 957 2899 1027 σκιάσματι
2947 957 3207 1010 ἑκάστοτε
3246 953 3652 1022 διακοπτομένη
3685 967 3702 984 ο

2128 1049 2264 1105 ἀλλά
2288 1050 2348 1103 τὸ
2376 1051 2498 1114 ταῖς
2524 1050 2706 1105 ἀκτῖσι
2740 1053 2842 1121 τῆς
2869 1049 3023 1114 θείας
3057 1049 3281 1119 χάριτος
3305 1045 3705 1116 ἒναστράπτειν

2129 1143 2228 1206 τὰς
2270 1140 2495 1213 καρδίας
2530 1141 2639 1194 τῶν
2681 1141 3122 1211 συνεληλυθότων
3161 1140 3270 1206 ἀεὶ,
3301 1137 3398 1192 καὶ
3440 1135 3579 1208 πρὸς
3605 1136 3707 1206 τὴν

2130 1235 2224 1288 τοῦ
2273 1234 2483 1288 δικαίου
2533 1233 2762 1306 ἄθλησιν
2813 1235 3166 1304 ἀναπέμπειν
3216 1231 3316 1294 τάς
3359 1227 3709 1300 διανοητικάς

2131 1325 2288 1399 ἡμῶν
2347 1325 2621 1396 θεωρίας,
2683 1325 2753 1380 ἶν’
2817 1326 3003 1378 ἐκεῖνο
3068 1325 3132 1377 τδ
3195 1321 3467 1395 μακάριον
3539 1318 3712 1382 πάθος

2132 1419 2336 1489 νοερῶς
2363 1418 2482 1484 πῶς
2511 1418 2791 1490 ὀψόμενοι,
2820 1417 3078 1472 ὑπόθεσιν
3109 1415 3452 1487 εὐφροσύνης
3496 1411 3712 1474 ἑαυτοῖς

2134 1509 2588 1581 ὑποστησόμεθα’
2630 1509 2791 1566 ἀλλον
2831 1511 2930 1580 μὲν
2981 1507 3090 1578 γάρ
3125 1503 3266 1576 αἷμα
3309 1507 3435 1577 ῥυὲν
3477 1505 3584 1558 ὑπὸ
3607 1503 3713 1574 γῆν

2135 1600 2301 1671 ξίφει,
2328 1602 2427 1656 οὐκ
2456 1599 2521 1655 ἂν
2550 1599 2805 1672 τέρψειεν
2832 1599 3124 1670 ἀνθρώπου
3146 1598 3297 1664 θέαν,
3321 1596 3525 1658 οὖδέίς
3541 1593 3714 1664 ἀκοὴν

2136 1691 2304 1746 ἐλθὼν
2351 1696 2664 1746 σεπτοποιεῖ
2698 1692 2796 1764 τὴν
2829 1693 3050 1762 μνήμην
3079 1689 3173 1746 τοῦ
3213 1689 3538 1760 τεθνηκότος
3571 1689 3600 1742 ό
3626 1685 3716 1739 λό-

2135 1801 2230 1855 γος
2254 1802 2267 1816 ⁸
2295 1779 2356 1838 οὖ
2385 1786 2492 1855 γὰρ
2523 1791 2555 1856 ἡ
2585 1787 2684 1857 ῥοὴ
2715 1786 2861 1854 ζωῆς
2883 1786 3147 1858 στέρησιν
3171 1783 3352 1856 φέρει,
3385 1783 3502 1846 πῶς
3529 1780 3598 1836 ἂν
3621 1780 3714 1832 τὸν

2137 1882 2298 1952 φύσει
2344 1881 2606 1948 φιλόζωον
2648 1879 2854 1945 ἐλξειεν
2892 1876 3054 1932 τοῦτο
3082 1893 3100 1944 ;
3130 1873 3442 1930 τουναντίον
3484 1873 3542 1930 δὲ
3577 1873 3714 1942 μᾶλ-

2135 1981 2228 2036 λον
2275 1979 2334 2033 ὲν
2395 1973 2716 2043 στυγνότητι
2747 1967 3043 2040 προσώπου
3086 1969 3166 2032 είς
3189 1963 3370 2022 οἶκτον
3397 1965 3596 2033 ἀγάγοι
3622 1963 3717 2018 καὶ

2136 2067 2526 2136 ἐλεεινολογίαν
2550 2063 2646 2120 τοῦ
2690 2061 2916 2126 πάθους,
2945 2061 2996 2114 εί
3031 2059 3110 2130 μή
3143 2076 3196 2113 τι
3231 2075 3294 2127 γε
3321 2057 3430 2127 ἄρα
3453 2055 3560 2122 ἔξω
3585 2071 3717 2126 φρε-

2137 2159 2244 2213 νῶν
2268 2159 2302 2229 ἢ
2337 2155 2580 2226 θηριώδη
2625 2153 2717 2207 τὸν
2746 2150 2947 2222 τρόπον
2980 2148 3134 2222 εὖροι
3163 2147 3256 2202 τὸν
3294 2146 3537 2200 τοιοῦτον
3572 2144 3717 2198 κατὰ

2138 2251 2236 2321 τὴν
2264 2248 2372 2303 τῶν
2395 2244 2609 2316 κτηνῶν
2636 2243 2798 2312 φύσιν
2827 2239 3275 2310 ἀλογισταίνοντα
3299 2240 3412 2301 τοῖς
3435 2237 3679 2309 όραθεῖσι
3697 2253 3710 2268 ο

2140 2341 2394 2412 καθάπερ
2424 2339 2516 2393 ἐπὶ
2539 2336 2648 2390 τῶν
2679 2335 3060 2406 ἀλεκτρυόνων
3086 2335 3136 2388 oi
3172 2331 3283 2386 τῶν
3333 2330 3595 2401 ὁμοειδῶν
3619 2329 3716 2383 αῦο

2138 2436 2251 2498 τοῖς
2298 2428 2687 2502 σφαττομένων
2718 2427 3027 2498 χαίρουσιν,
3055 2424 3276 2495 ᾄδουσιν
3296 2462 3312 2488 ,
3338 2420 3713 2492 ἀποπηδῶσιν,

2141 2523 2391 2594 αἰσθήσει
2419 2520 2580 2592 μόνον
2608 2516 2906 2589 χρώμενοι,
2935 2515 3030 2570 καὶ
3052 2515 3113 2568 οῦ
3146 2513 3611 2582 συλλογιζόμενοι,
3635 2512 3718 2568 ὅτι

2141 2616 2235 2668 καὶ
2288 2612 2374 2667 ἐπ’
2400 2613 2598 2676 αὐτοὺς
2629 2611 2750 2682 ἥξει
2797 2611 2857 2664 τδ
2898 2607 3105 2672 πάθοςο
3143 2602 3283 2677 αἷμα
3328 2606 3384 2660 δέ
3413 2604 3606 2676 ἀνδρὸς
3635 2604 3718 2657 διη

2142 2705 2297 2759 καίου
2328 2704 2424 2766 καὶ
2453 2702 2575 2774 δψει
2605 2701 2856 2770 ἐραστὸν,
2890 2701 2986 2756 καὶ
3017 2699 3152 2754 ὠσὶν
3178 2697 3591 2768 εὐαγγελιστδν,
3621 2697 3715 2754 καὶ

2141 2797 2347 2869 χείλεσι
2385 2796 2768 2868 προσκυνητόν
2797 2811 2811 2825 °
2847 2795 2882 2865 ή
2907 2793 3018 2864 γὰρ
3051 2791 3245 2846 τούτου
3273 2789 3591 2861 ἀφαίρεσις,
3617 2788 3719 2857 τῆς

2141 2890 2337 2962 ἀγήρω
2360 2889 2454 2943 καὶ
2479 2889 2691 2958 ἀμείνω
2716 2886 2864 2956 ζωῆς
2890 2886 2989 2957 τὴν
3013 2884 3230 2958 μέθεξιν
3252 2881 3717 2952 ἀποκληροῦνταιο

2141 2983 2235 3037 καὶ
2287 2982 2350 3036 οῦ
2405 2981 2565 3051 μόνον
2622 2979 2687 3051 δή
2741 2996 2885 3049 φημι
2936 2979 3093 3049 ῥανὶς
3147 2977 3402 3047 αἵματος,
3443 2973 3580 3027 ἀλλά
3622 2971 3719 3025 καὶ

2142 3075 2322 3130 ὁτιοῦν
2363 3074 2519 3143 ἁγίου
2547 3073 2640 3126 καὶ
2670 3071 2916 3141 λάκισμα
2949 3069 3168 3141 μέλους,
3197 3069 3293 3123 καὶ
3316 3067 3504 3140 τριχὸς
3529 3064 3720 3134 λείψαη

2145 3186 2252 3235 νον,
2313 3168 2410 3220 καὶ
2469 3166 2642 3219 ὁτιοῦν
2671 3165 2752 3233 ἐφ’
2785 3159 2871 3226 οἷς
2907 3160 3277 3216 ἐνεδιδύσκετο
3319 3161 3352 3230 ἢ
3401 3159 3676 3228 ἐφάπτετο
3702 3199 3718 3222 ,

2144 3257 2620 3330 περισπούδαστόν
2661 3259 2782 3309 ἐστι
2812 3254 2908 3309 καὶ
2939 3253 3342 3324 ἐπιζητούμενον
3372 3251 3449 3321 τῷ
3474 3249 3721 3304 εὐσεϐεῖν

2143 3349 2491 3422 προελομένῳ
2513 3363 2526 3376 ⁸
2555 3347 2644 3402 διὰ
2692 3345 2852 3400 τοῦτο
2894 3346 3056 3413 ἄλλος
3106 3344 3238 3407 ἀλλο,
3287 3362 3340 3398 τι
3368 3342 3562 3410 ὥσπερ
3595 3341 3721 3397 τινὰ

2143 3441 2418 3514 θησαυρὸν
2461 3438 2683 3511 μέροςῆ
2721 3437 2908 3507 μόριον
2937 3437 2970 3509 ἢ
2997 3437 3057 3490 τὸ
3085 3437 3206 3490 ὅλον
3230 3435 3352 3490 κατ’
3385 3436 3568 3498 οἴκους
3597 3434 3630 3505 ἢ
3663 3435 3721 3486 ἐν

2141 3536 2262 3596 ταῖς
2312 3530 2654 3601 ἐκκλησίαις,
2713 3529 2849 3601 πρὸς
2899 3527 3226 3600 ἀγιαστικὴν
3281 3527 3563 3599 ἐνέργειαν
3622 3527 3720 3580 καὶ

2144 3624 2417 3696 σωστικὴν
2496 3622 2797 3694 ἀσφάλειαν
2881 3622 3126 3692 κατέχων
3214 3619 3720 3690 ἐγκαλλωπίζεται,

2143 3717 2585 3790 προσερχόμενος
2629 3715 2748 3786 μετ’
2784 3713 2966 3779 αἰδοῦς
2998 3716 3063 3786 τῇ
3119 3713 3521 3788 τεθαυρισμένη
3551 3714 3720 3776 κόνει,

2143 3809 2241 3864 καὶ
2304 3807 2682 3878 ἐφαπτόμενος
2740 3807 2890 3878 φόδῳ
2939 3805 3046 3860 τῶν
3085 3805 3383 3872 ἀψαύστων
3439 3804 3723 3875 ἀνάθημά·

2142 3919 2249 3957 των
2285 3903 2424 3973 (18).

2215 3995 2281 4066 β’.
2308 3994 2562 4048 Τοιοῦτον
2593 3995 2724 4066 ἡμῖν
2757 3991 2817 4044 τὸ
2845 3991 2940 4045 τοῦ
2978 3988 3192 4048 δικαίου
3229 3988 3396 4044 ’Λϐελ
3420 3982 3584 4058 αἷμα,
3617 3985 3724 4050 κᾶν

2144 4089 2364 4159 γονεῦσι
2415 4086 2719 4158 τηνικαῦτα
2751 4084 3040 4152 ξενοφανές
3077 4081 3360 4138 ὼπτάνετο
3401 4078 3722 4150 θρηνολόγη-

2147 4196 2223 4250 μα
2242 4195 2257 4213 ο
2289 4179 2452 4249 μήπω
2478 4176 2587 4245 γὰρ
2617 4172 2931 4246 ἑωρακότες
2952 4171 3249 4234 τεθνεῶτος
3280 4169 3474 4233 πάθος,
3504 4167 3623 4232 πῶς
3654 4165 3720 4219 ἂν

2143 4269 2237 4325 ἐπὶ
2262 4272 2330 4341 τῇ
2366 4267 2461 4322 τοῦ
2497 4267 2616 4322 υἱοῦ
2648 4267 2828 4337 σφαγῇ
2868 4264 2968 4318 οὐκ
2997 4263 3320 4334 ἐξέστησαν,
3341 4261 3442 4314 οὐκ
3485 4258 3718 4330 ἐδάκρυ-

2145 4379 2267 4429 σαν,
2289 4361 2351 4428 ob
2383 4360 2552 4432 γοερά
2572 4361 2808 4430 ἔφασαν,
2839 4357 3070 4424 ἐξάπινα
3101 4357 3242 4428 τάχα
3283 4351 3720 4426 προσϐλέψαντες

403 4471 414 4477 ’
461 4460 842 4520 sequerentur,
873 4451 1002 4507 dum
1033 4452 1326 4521 improviso
1358 4452 1590 4509 fortasse
1629 4463 1861 4514 stratum
1889 4457 2033 4512 humi

2145 4456 2287 4512 κατὰ
2339 4455 2443 4524 γῆς
2503 4453 2816 4525 ἐρῤιμένον,
2847 4450 3044 4520 αἵματί
3078 4466 3140 4518 γε
3187 4445 3616 4517 πεφοινιγμένον
3662 4444 3721 4508 ἐξ

458 4542 634 4600 tilium
660 4542 944 4614 vidissent,
965 4543 1219 4600 fraternis
1249 4553 1596 4602 cruentatum
1620 4547 1841 4613 ictibus,
1863 4558 1916 4604 et
1942 4565 2037 4606 ea-v

2144 4548 2441 4619 ἀδελφικῆς
2478 4545 2816 4618 μιαιφονίας,
2845 4542 3140 4599 κάντεῦθεν
3174 4541 3276 4612 τῆς
3306 4537 3544 4608 ζωτικῆς
3571 4537 3722 4606 ἐνερο

457 4643 682 4706 propter
712 4634 835 4690 vitae
869 4651 971 4690 usu
998 4636 1272 4706 privatum
1295 4637 1309 4691 ι
1334 4635 1483 4694 Talis
1516 4638 1642 4694 item
1675 4648 1731 4700 et
1757 4641 2033 4711 propheta:

2145 4643 2298 4711 γείας
2366 4639 2790 4710 ἐστερημένονς
2846 4633 3088 4692 τοιοῦτον
3154 4635 3216 4718 το
3275 4631 3370 4685 τοῦ
3440 4630 3722 4701 προφήτου

456 4725 648 4781 Amosi
679 4737 902 4782 sanctus
939 4728 1182 4798 sanguis,
1210 4743 1372 4798 quem
1406 4729 1500 4786 diu
1525 4730 1761 4790 fustibus
1786 4732 2036 4788 verbera-

459 4826 575 4870 tum
626 4815 773 4872 l'erro
815 4819 1076 4876 exstinxit
1127 4833 1222 4874 rex
1253 4819 1501 4882 Amasias
1533 4823 1678 4894 (l9);
1711 4823 1804 4896 qui
1845 4824 2036 4880 vatici-

2157 4732 2337 4804 ’Λμὼς
2384 4732 2538 4800 ᾶγιον
2594 4724 2757 4800 αἷμα,
2787 4728 2848 4782 ὃν
2881 4727 3090 4798 συχνῶς
3132 4724 3486 4796 τυμπανίσας
3543 4721 3722 4776 ἀνεῐλε

2145 4825 2287 4892 ξίφει
2329 4821 2590 4892 ’Δμασίας
2622 4820 2733 4890 (l9)
2773 4820 2803 4872 ό
2857 4816 3145 4890 βασιλεῦς*
3187 4814 3376 4884 ἐπειδὴ
3446 4812 3557 4883 γὰρ
3623 4810 3722 4879 τῆς

457 4907 675 4962 niorum
714 4907 836 4964 telis
877 4925 906 4963 a
939 4910 1204 4980 propheta
1229 4913 1524 4982 appetitus,
1547 4914 1759 4984 justum
1787 4915 1938 4970 clava
1977 4915 2030 4969 in

2145 4915 2484 4989 προφητείας
2542 4916 2663 4980 ταῖς
2721 4910 2927 4982 βολίσιν
2972 4909 3305 4978 ἐπλήττετο,
3367 4903 3574 4976 πλήξας
3629 4901 3720 4955 τὸν

455 4999 795 5068 temporibus
821 5016 1146 5071 percussum
1177 5003 1322 5058 letho
1361 5005 1608 5062 tradidit.
1634 5005 1784 5061 Talis
1827 5007 2034 5077 pariter

454 5092 734 5163 prophetae
760 5093 1000 5152 Micbaeae
1023 5103 1248 5150 sanctus
1279 5098 1525 5168 sanguis,
1546 5113 1708 5169 quem
1734 5098 2036 5171 praecipitio

454 5183 733 5244 interemit
760 5181 1015 5240 Joramus
1038 5186 1279 5247 Acbaabi
1299 5188 1466 5253 illius,
1484 5189 1667 5244 divina
1695 5189 2034 5244 conﬁdenter

454 5273 799 5332 nuntiantem
833 5277 1078 5334 :etenitn
1130 5279 1200 5336 ab
1253 5281 1380 5350 hoc,
1413 5289 1472 5338 ut
1515 5282 1592 5344 ait
1639 5281 1944 5352 Scriptura,
1968 5283 2035 5339 de

453 5377 740 5440 parentum
773 5369 1070 5428 sceleribus
1094 5374 1446 5445 arguebatur.
1471 5373 1618 5430 Talis
1651 5391 1871 5446 quoque
1900 5390 2029 5446 pro-

523 5506 640 5576 (18)
679 5504 839 5564 Vides
883 5505 983 5563 SS.
1038 5511 1397 5580 reliquiarum
1448 5511 1656 5567 laudari
1685 5529 1716 5567 a
1747 5511 2036 5568 Theodoro

451 5585 513 5634 ιιι
541 5590 858 5648 consuetam
885 5589 941 5632 et
971 5581 1186 5648 spiritui
1222 5583 1410 5635 utilem
1449 5583 1886 5638 venerationem.

525 5647 640 5715 (l9)
666 5647 782 5700 ltno
813 5664 942 5702 vero
963 5650 1215 5704 Amasias
1243 5650 1503 5707 sacerdos
1535 5650 1775 5709 Bethelis
1800 5667 2028 5709 accusa-

453 5715 528 5780 νῑι
558 5717 816 5772 Amosqu
851 5719 990 5788 apud
1018 5718 1404 5776 .Ieroboamum
1437 5736 1640 5796 regem.
1675 5723 1782 5780 Sed
1806 5725 1873 5782 de
1916 5725 2026 5781 vita

2140 5010 2350 5064 δίκαιον
2373 5008 2430 5060 ἐν
2454 5005 2674 5077 ῥοπάλῳ
2705 5002 2848 5057 κατὰ
2867 4999 2963 5054 τοῦ
2999 5001 3277 5070 κροτάφου
3304 4998 3520 5069 θανάτῳ
3546 5012 3720 5066 παρα-

2140 5102 2356 5156 δίδωσιν
2382 5117 2396 5131 ο
2433 5098 2672 5151 τοιοῦτον
2703 5096 2764 5148 τὸ
2813 5093 2908 5149 τοῦ
2943 5095 3223 5166 προφήτου
3259 5090 3498 5162 Μιχαίου
3560 5088 3715 5155 ἅγιον

2141 5185 2284 5260 αἷμα
2307 5230 2321 5256 ,
2349 5189 2408 5242 ὃν
2441 5187 2619 5242 ἀνεῖλε
2666 5187 2974 5259 κρημνίσας
3017 5184 3225 5254 Ἰωρὰμ
3259 5183 3373 5246 υἱὸς
3413 5177 3620 5251 Ἀχαάὃ
3648 5175 3714 5232 τὰ

2141 5282 2258 5336 θεῖα
2307 5278 2841 5352 παρρησιαζόμενον.
2868 5277 3103 5346 Ἥλεγχε
3144 5275 3254 5346 γὰρ
3284 5272 3447 5328 αὐτὸν
3479 5271 3571 5324 ἐπὶ
3598 5269 3715 5330 ταῖς

2137 5371 2416 5437 ἀσεϐείαις
2447 5371 2556 5426 τῶν
2613 5371 2868 5441 πατέρων
2911 5367 3099 5435 αὐτοῦ,
3137 5365 3316 5422 καθ’ἂ.
3352 5365 3662 5436 γέγραπται
3691 5401 3706 5425 ,

2141 5521 2194 5570 ct
2224 5511 2379 5570 obitu
2436 5507 2825 5580 prophetarum
2857 5506 3020 5564 variae
3042 5517 3097 5564 et
3139 5503 3411 5580 interdum
3445 5499 3718 5558 contradi-

2141 5591 2330 5637 centes
2354 5575 2601 5654 vet—erunt
2659 5587 2946 5654 auctorum
2979 5580 3265 5633 sententiae
3298 5575 3714 5654 lueruntnqnas

2141 5667 2208 5707 nc
2240 5651 2450 5722 prolixe
2499 5647 2754 5722 referam.
2788 5647 3015 5722 lectores
3049 5664 3204 5706 meos
3248 5647 3313 5701 tul
3347 5643 3575 5701 Calttteli
3599 5640 3715 5698 'Bt~

2139 5719 2338 5779 blic‘um
2377 5719 2768 5778 Dictiouarium
2797 5719 3010 5791 able-go.
