  <div class='ocr_page' id='page_1' title='image "/cluster/home/n/w/nwhite01/storage/ocr_20150623/99/hvd.32044024464356/386.png"; bbox 0 0 4064 6372; ppageno 0'>
   <div class='ocr_carea' id='block_1_1' title="bbox 230 315 3576 455">
    <p class='ocr_par' dir='ltr' id='par_1_1' title="bbox 230 315 3576 455">
     <span class='ocr_line' id='line_1_1' title="bbox 230 315 3576 455; baseline 0.018 -62"><span class='ocrx_word' id='word_1_1' title='bbox 230 327 374 452; x_wconf 56' lang='grc'><strong>761-</strong></span> <span class='ocrx_word' id='word_1_2' title='bbox 839 339 1124 403; x_wconf 78' lang='lat' dir='ltr'><strong>ORATIO</strong></span> <span class='ocrx_word' id='word_1_3' title='bbox 1153 345 1320 406; x_wconf 89' lang='lat' dir='ltr'><strong>VIII.</strong></span> <span class='ocrx_word' id='word_1_4' title='bbox 1352 347 1528 409; x_wconf 86' lang='lat' dir='ltr'><strong>—IN</strong></span> <span class='ocrx_word' id='word_1_5' title='bbox 1555 349 2206 422; x_wconf 82' lang='lat' dir='ltr'><strong>DECOLLATIONEM</strong></span> <span class='ocrx_word' id='word_1_6' title='bbox 2272 364 2334 426; x_wconf 89' lang='lat' dir='ltr'><strong>S.</strong></span> <span class='ocrx_word' id='word_1_7' title='bbox 2367 349 2636 436; x_wconf 78' lang='lat' dir='ltr'><strong>JOANN.</strong></span> <span class='ocrx_word' id='word_1_8' title='bbox 2673 375 2885 440; x_wconf 82' lang='grc' dir='ltr'><strong>ΒΑΡΤ.</strong></span> <span class='ocrx_word' id='word_1_9' title='bbox 3383 389 3490 455; x_wconf 83' lang='lat'><strong>762</strong></span> <span class='ocrx_word' id='word_1_10' title='bbox 3571 315 3576 319; x_wconf 22' lang='lat'><strong><em>.</em></strong></span> 
     </span>
    </p>
   </div>
   <div class='ocr_carea' id='block_1_2' title="bbox 230 437 1881 532">
    <p class='ocr_par' dir='ltr' id='par_1_2' title="bbox 230 437 1881 532">
     <span class='ocr_line' id='line_1_2' title="bbox 230 437 1881 532; baseline 0.016 -39"><span class='ocrx_word' id='word_1_11' title='bbox 230 437 466 532; x_wconf 82' lang='grc' dir='ltr'>τοιοῦτον</span> <span class='ocrx_word' id='word_1_12' title='bbox 521 442 616 498; x_wconf 86' lang='grc' dir='ltr'><strong>τοῦ</strong></span> <span class='ocrx_word' id='word_1_13' title='bbox 667 449 952 520; x_wconf 76' lang='grc' dir='ltr'>προφήτου</span> <span class='ocrx_word' id='word_1_14' title='bbox 1003 450 1222 506; x_wconf 75' lang='grc' dir='ltr'>Ἡσαΐου</span> <span class='ocrx_word' id='word_1_15' title='bbox 1263 454 1420 524; x_wconf 80' lang='grc' dir='ltr'>ἆγιον</span> <span class='ocrx_word' id='word_1_16' title='bbox 1475 455 1616 528; x_wconf 74' lang='grc' dir='ltr'>αἷμα</span> <span class='ocrx_word' id='word_1_17' title='bbox 1679 460 1806 532; x_wconf 87' lang='grc' dir='ltr'><strong>διχῆ</strong></span> <span class='ocrx_word' id='word_1_18' title='bbox 1836 465 1881 520; x_wconf 84' lang='lat' dir='ltr'><strong>A</strong></span> 
     </span>
    </p>
   </div>
   <div class='ocr_carea' id='block_1_3' title="bbox 229 531 1802 622">
    <p class='ocr_par' dir='ltr' id='par_1_3' title="bbox 229 531 1802 622">
     <span class='ocr_line' id='line_1_3' title="bbox 229 531 1802 622; baseline 0.015 -38"><span class='ocrx_word' id='word_1_19' title='bbox 229 531 604 604; x_wconf 78' lang='grc' dir='ltr'><strong>διαιρουμένου</strong></span> <span class='ocrx_word' id='word_1_20' title='bbox 650 537 756 593; x_wconf 82' lang='grc' dir='ltr'>ὑπὸ</span> <span class='ocrx_word' id='word_1_21' title='bbox 803 544 1108 613; x_wconf 85' lang='grc' dir='ltr'>πριστῆρος</span> <span class='ocrx_word' id='word_1_22' title='bbox 1171 546 1324 618; x_wconf 83' lang='grc' dir='ltr'>παρὰ</span> <span class='ocrx_word' id='word_1_23' title='bbox 1375 549 1647 622; x_wconf 82' lang='grc' dir='ltr'>Μανασσῆ</span> <span class='ocrx_word' id='word_1_24' title='bbox 1706 531 1802 607; x_wconf 75' lang='grc' dir='ltr'><strong>τοῦ</strong></span> 
     </span>
    </p>
   </div>
   <div class='ocr_carea' id='block_1_4' title="bbox 229 627 1804 710">
    <p class='ocr_par' dir='ltr' id='par_1_4' title="bbox 229 627 1804 710">
     <span class='ocr_line' id='line_1_4' title="bbox 229 627 1804 710; baseline 0.012 -28"><span class='ocrx_word' id='word_1_25' title='bbox 229 627 620 699; x_wconf 77' lang='grc' dir='ltr'>ἑκκεκληκότος</span> <span class='ocrx_word' id='word_1_26' title='bbox 666 633 807 704; x_wconf 78' lang='grc' dir='ltr'>πρὸς</span> <span class='ocrx_word' id='word_1_27' title='bbox 865 636 1518 710; x_wconf 77' lang='grc' dir='ltr'>είδωλολατρικὸνσέόας</span> <span class='ocrx_word' id='word_1_28' title='bbox 1583 645 1675 700; x_wconf 82' lang='grc' dir='ltr'><strong>τὸν</strong></span> <span class='ocrx_word' id='word_1_29' title='bbox 1707 648 1804 700; x_wconf 82' lang='grc' dir='ltr'>εὑ-</span> 
     </span>
    </p>
   </div>
   <div class='ocr_carea' id='block_1_5' title="bbox 227 719 1804 810">
    <p class='ocr_par' dir='ltr' id='par_1_5' title="bbox 227 719 1804 810">
     <span class='ocr_line' id='line_1_5' title="bbox 227 719 1804 810; baseline 0.013 -38"><span class='ocrx_word' id='word_1_30' title='bbox 227 719 634 792; x_wconf 81' lang='grc' dir='ltr'>παροίστρωτον</span> <span class='ocrx_word' id='word_1_31' title='bbox 672 726 769 780; x_wconf 71' lang='grc' dir='ltr'>καὶ</span> <span class='ocrx_word' id='word_1_32' title='bbox 823 727 1302 802; x_wconf 76' lang='grc' dir='ltr'><strong>εὐπαρακόμιστον</strong></span> <span class='ocrx_word' id='word_1_33' title='bbox 1341 734 1579 808; x_wconf 80' lang='grc' dir='ltr'>Ἰσραὴλ,</span> <span class='ocrx_word' id='word_1_34' title='bbox 1605 737 1666 791; x_wconf 77' lang='grc' dir='ltr'>οὐ</span> <span class='ocrx_word' id='word_1_35' title='bbox 1707 738 1804 810; x_wconf 78' lang='grc' dir='ltr'><strong>φέ-</strong></span> 
     </span>
    </p>
   </div>
   <div class='ocr_carea' id='block_1_6' title="bbox 231 814 1802 899">
    <p class='ocr_par' dir='ltr' id='par_1_6' title="bbox 231 814 1802 899">
     <span class='ocr_line' id='line_1_6' title="bbox 231 814 1802 899; baseline 0.014 -35"><span class='ocrx_word' id='word_1_36' title='bbox 231 827 413 881; x_wconf 89' lang='grc' dir='ltr'>ροντος</span> <span class='ocrx_word' id='word_1_37' title='bbox 458 814 674 870; x_wconf 80' lang='grc' dir='ltr'><strong>ἀκούειν</strong></span> <span class='ocrx_word' id='word_1_38' title='bbox 717 817 817 882; x_wconf 74' lang='grc' dir='ltr'>τὰς</span> <span class='ocrx_word' id='word_1_39' title='bbox 875 820 977 892; x_wconf 82' lang='grc' dir='ltr'><strong>τῆς</strong></span> <span class='ocrx_word' id='word_1_40' title='bbox 1071 825 1414 897; x_wconf 79' lang='grc' dir='ltr'>προφητείας</span> <span class='ocrx_word' id='word_1_41' title='bbox 1485 830 1802 899; x_wconf 84' lang='grc' dir='ltr'>ὲκφάνσεις.</span> 
     </span>
    </p>
   </div>
   <div class='ocr_carea' id='block_1_7' title="bbox 226 902 1803 989">
    <p class='ocr_par' dir='ltr' id='par_1_7' title="bbox 226 902 1803 989">
     <span class='ocr_line' id='line_1_7' title="bbox 226 902 1803 989; baseline 0.013 -33"><span class='ocrx_word' id='word_1_42' title='bbox 226 902 474 959; x_wconf 89' lang='grc' dir='ltr'>Τοιοῦτον</span> <span class='ocrx_word' id='word_1_43' title='bbox 505 906 566 960; x_wconf 76' lang='grc' dir='ltr'>τὸ</span> <span class='ocrx_word' id='word_1_44' title='bbox 590 907 687 962; x_wconf 88' lang='grc' dir='ltr'><strong>τοῦ</strong></span> <span class='ocrx_word' id='word_1_45' title='bbox 715 911 964 979; x_wconf 75' lang='grc' dir='ltr'>γενναίου</span> <span class='ocrx_word' id='word_1_46' title='bbox 1004 914 1270 989; x_wconf 80' lang='grc' dir='ltr'><strong>Ἐλεάζαρ</strong></span> <span class='ocrx_word' id='word_1_47' title='bbox 1303 919 1399 973; x_wconf 84' lang='grc' dir='ltr'><strong>σὺν</strong></span> <span class='ocrx_word' id='word_1_48' title='bbox 1427 920 1574 975; x_wconf 75' lang='grc' dir='ltr'>ἑπτὰ</span> <span class='ocrx_word' id='word_1_49' title='bbox 1612 923 1803 977; x_wconf 73' lang='grc' dir='ltr'>παισὶν</span> 
     </span>
    </p>
   </div>
   <div class='ocr_carea' id='block_1_8' title="bbox 228 997 1802 1086">
    <p class='ocr_par' dir='ltr' id='par_1_8' title="bbox 228 997 1802 1086">
     <span class='ocr_line' id='line_1_8' title="bbox 228 997 1802 1086; baseline 0.011 -34"><span class='ocrx_word' id='word_1_50' title='bbox 228 997 320 1052; x_wconf 77' lang='grc' dir='ltr'>καὶ</span> <span class='ocrx_word' id='word_1_51' title='bbox 353 999 526 1071; x_wconf 77' lang='grc' dir='ltr'>μητρὶ</span> <span class='ocrx_word' id='word_1_52' title='bbox 555 1000 808 1073; x_wconf 86' lang='grc' dir='ltr'>θεόφρονι</span> <span class='ocrx_word' id='word_1_53' title='bbox 831 1005 988 1082; x_wconf 72' lang='grc' dir='ltr'>ᾆγιον</span> <span class='ocrx_word' id='word_1_54' title='bbox 1020 1003 1182 1078; x_wconf 79' lang='grc' dir='ltr'>αἷμα,</span> <span class='ocrx_word' id='word_1_55' title='bbox 1213 1010 1242 1063; x_wconf 83' lang='grc' dir='ltr'><strong>ὃ</strong></span> <span class='ocrx_word' id='word_1_56' title='bbox 1265 1011 1481 1082; x_wconf 79' lang='grc' dir='ltr'>ἐξέχεεν</span> <span class='ocrx_word' id='word_1_57' title='bbox 1530 1014 1802 1086; x_wconf 79' lang='grc' dir='ltr'>’Δντίοχος</span> 
     </span>
    </p>
   </div>
   <div class='ocr_carea' id='block_1_9' title="bbox 227 1088 1800 1177">
    <p class='ocr_par' dir='ltr' id='par_1_9' title="bbox 227 1088 1800 1177">
     <span class='ocr_line' id='line_1_9' title="bbox 227 1088 1800 1177; baseline 0.014 -38"><span class='ocrx_word' id='word_1_58' title='bbox 227 1088 283 1141; x_wconf 79' lang='grc' dir='ltr'><strong>ὲν</strong></span> <span class='ocrx_word' id='word_1_59' title='bbox 315 1089 584 1156; x_wconf 75' lang='grc' dir='ltr'><strong>ποικίλοις</strong></span> <span class='ocrx_word' id='word_1_60' title='bbox 615 1092 898 1163; x_wconf 77' lang='grc' dir='ltr'>βασάνοις,</span> <span class='ocrx_word' id='word_1_61' title='bbox 932 1097 1006 1169; x_wconf 81' lang='grc' dir='ltr'>μὴ</span> <span class='ocrx_word' id='word_1_62' title='bbox 1042 1098 1226 1171; x_wconf 81' lang='grc' dir='ltr'>φέρων</span> <span class='ocrx_word' id='word_1_63' title='bbox 1268 1102 1368 1173; x_wconf 86' lang='grc' dir='ltr'>τὴν</span> <span class='ocrx_word' id='word_1_64' title='bbox 1398 1103 1542 1175; x_wconf 80' lang='grc' dir='ltr'>ὑπὲρ</span> <span class='ocrx_word' id='word_1_65' title='bbox 1580 1107 1800 1177; x_wconf 78' lang='grc' dir='ltr'>ἐντολῆς</span> 
     </span>
    </p>
   </div>
   <div class='ocr_carea' id='block_1_10' title="bbox 223 1179 1797 1261">
    <p class='ocr_par' dir='ltr' id='par_1_10' title="bbox 223 1179 1797 1261">
     <span class='ocr_line' id='line_1_10' title="bbox 223 1179 1797 1261; baseline 0.013 -28"><span class='ocrx_word' id='word_1_66' title='bbox 223 1179 353 1235; x_wconf 86' lang='grc' dir='ltr'>Θεοῦ</span> <span class='ocrx_word' id='word_1_67' title='bbox 388 1181 640 1238; x_wconf 81' lang='grc' dir='ltr'>ἔνστασιν</span> <span class='ocrx_word' id='word_1_68' title='bbox 694 1187 802 1241; x_wconf 87' lang='grc' dir='ltr'><strong>τῶν</strong></span> <span class='ocrx_word' id='word_1_69' title='bbox 859 1189 1168 1261; x_wconf 79' lang='grc' dir='ltr'><strong>ἀηττήτων,</strong></span> <span class='ocrx_word' id='word_1_70' title='bbox 1205 1191 1299 1258; x_wconf 73' lang='grc' dir='ltr'><strong>οὓς</strong></span> <span class='ocrx_word' id='word_1_71' title='bbox 1343 1196 1525 1250; x_wconf 82' lang='grc' dir='ltr'>πίστει</span> <span class='ocrx_word' id='word_1_72' title='bbox 1567 1197 1797 1254; x_wconf 85' lang='grc' dir='ltr'>θανάτου</span> 
     </span>
    </p>
   </div>
   <div class='ocr_carea' id='block_1_11' title="bbox 225 1273 1801 1360">
    <p class='ocr_par' dir='ltr' id='par_1_11' title="bbox 225 1273 1801 1360">
     <span class='ocr_line' id='line_1_11' title="bbox 225 1273 1801 1360; baseline 0.013 -34"><span class='ocrx_word' id='word_1_73' title='bbox 225 1273 459 1342; x_wconf 78' lang='grc' dir='ltr'>σφραγὶς</span> <span class='ocrx_word' id='word_1_74' title='bbox 503 1275 787 1332; x_wconf 80' lang='grc' dir='ltr'>ἐτελείωσε</span> <span class='ocrx_word' id='word_1_75' title='bbox 813 1295 831 1314; x_wconf 78' lang='grc' dir='ltr'><strong>ο</strong></span> <span class='ocrx_word' id='word_1_76' title='bbox 867 1280 1113 1337; x_wconf 82' lang='grc' dir='ltr'>τοιοῦτον</span> <span class='ocrx_word' id='word_1_77' title='bbox 1155 1287 1218 1339; x_wconf 85' lang='grc' dir='ltr'>τὸ</span> <span class='ocrx_word' id='word_1_78' title='bbox 1249 1284 1345 1340; x_wconf 83' lang='grc' dir='ltr'><strong>τοῦ</strong></span> <span class='ocrx_word' id='word_1_79' title='bbox 1380 1290 1662 1360; x_wconf 75' lang='grc' dir='ltr'><strong>προφήτου</strong></span> <span class='ocrx_word' id='word_1_80' title='bbox 1695 1293 1801 1346; x_wconf 86' lang='grc' dir='ltr'><strong>Ζα-</strong></span> 
     </span>
    </p>
   </div>
   <div class='ocr_carea' id='block_1_12' title="bbox 221 1363 1797 1454">
    <p class='ocr_par' dir='ltr' id='par_1_12' title="bbox 221 1363 1797 1454">
     <span class='ocr_line' id='line_1_12' title="bbox 221 1363 1797 1454; baseline 0.014 -38"><span class='ocrx_word' id='word_1_81' title='bbox 221 1363 408 1433; x_wconf 83' lang='grc' dir='ltr'>χαρίου</span> <span class='ocrx_word' id='word_1_82' title='bbox 443 1366 603 1435; x_wconf 80' lang='grc' dir='ltr'>ἅγιον</span> <span class='ocrx_word' id='word_1_83' title='bbox 635 1365 774 1440; x_wconf 79' lang='grc' dir='ltr'>αἷμα</span> <span class='ocrx_word' id='word_1_84' title='bbox 797 1372 826 1426; x_wconf 77' lang='grc' dir='ltr'><strong>ὃ</strong></span> <span class='ocrx_word' id='word_1_85' title='bbox 859 1373 964 1445; x_wconf 76' lang='grc' dir='ltr'>πρὸ</span> <span class='ocrx_word' id='word_1_86' title='bbox 993 1374 1090 1430; x_wconf 85' lang='grc' dir='ltr'><strong>τοῦ</strong></span> <span class='ocrx_word' id='word_1_87' title='bbox 1115 1376 1508 1452; x_wconf 81' lang='grc' dir='ltr'>θυσιαστηρίου</span> <span class='ocrx_word' id='word_1_88' title='bbox 1535 1385 1566 1452; x_wconf 78' lang='grc' dir='ltr'>ἠ</span> <span class='ocrx_word' id='word_1_89' title='bbox 1603 1383 1797 1454; x_wconf 83' lang='grc' dir='ltr'>πάροι-</span> 
     </span>
    </p>
   </div>
   <div class='ocr_carea' id='block_1_13' title="bbox 218 1456 1796 1543">
    <p class='ocr_par' dir='ltr' id='par_1_13' title="bbox 218 1456 1796 1543">
     <span class='ocr_line' id='line_1_13' title="bbox 218 1456 1796 1543; baseline 0.015 -37"><span class='ocrx_word' id='word_1_90' title='bbox 218 1471 307 1518; x_wconf 86' lang='grc' dir='ltr'><strong>νος</strong></span> <span class='ocrx_word' id='word_1_91' title='bbox 356 1456 466 1509; x_wconf 83' lang='grc' dir='ltr'>τῶν</span> <span class='ocrx_word' id='word_1_92' title='bbox 517 1458 785 1516; x_wconf 81' lang='grc' dir='ltr'>Ἰουδαίων</span> <span class='ocrx_word' id='word_1_93' title='bbox 831 1464 1054 1537; x_wconf 81' lang='grc' dir='ltr'><strong>ὠμότης</strong></span> <span class='ocrx_word' id='word_1_94' title='bbox 1123 1471 1367 1542; x_wconf 79' lang='grc' dir='ltr'>μαχαίρᾳ</span> <span class='ocrx_word' id='word_1_95' title='bbox 1415 1471 1634 1543; x_wconf 76' lang='grc' dir='ltr'>ἐξέχεε,</span> <span class='ocrx_word' id='word_1_96' title='bbox 1695 1475 1796 1530; x_wconf 84' lang='grc' dir='ltr'><strong>οὐκ</strong></span> 
     </span>
    </p>
   </div>
   <div class='ocr_carea' id='block_1_14' title="bbox 215 1548 1793 1634">
    <p class='ocr_par' dir='ltr' id='par_1_14' title="bbox 215 1548 1793 1634">
     <span class='ocr_line' id='line_1_14' title="bbox 215 1548 1793 1634; baseline 0.012 -32"><span class='ocrx_word' id='word_1_97' title='bbox 215 1548 514 1617; x_wconf 76' lang='grc' dir='ltr'>ἐνεγκοῦσα</span> <span class='ocrx_word' id='word_1_98' title='bbox 549 1551 647 1617; x_wconf 80' lang='grc' dir='ltr'>τὰς</span> <span class='ocrx_word' id='word_1_99' title='bbox 679 1554 781 1625; x_wconf 83' lang='grc' dir='ltr'><strong>τῆς</strong></span> <span class='ocrx_word' id='word_1_100' title='bbox 815 1561 1159 1631; x_wconf 84' lang='grc' dir='ltr'>προφητείας</span> <span class='ocrx_word' id='word_1_101' title='bbox 1190 1563 1462 1634; x_wconf 74' lang='grc' dir='ltr'><strong>ἐμφάσεις</strong></span> <span class='ocrx_word' id='word_1_102' title='bbox 1506 1566 1793 1632; x_wconf 75' lang='grc' dir='ltr'>ἀκοντίζε-</span> 
     </span>
    </p>
   </div>
   <div class='ocr_carea' id='block_1_15' title="bbox 215 1639 1796 1730">
    <p class='ocr_par' dir='ltr' id='par_1_15' title="bbox 215 1639 1796 1730">
     <span class='ocr_line' id='line_1_15' title="bbox 215 1639 1796 1730; baseline 0.009 -32"><span class='ocrx_word' id='word_1_103' title='bbox 215 1639 338 1698; x_wconf 82' lang='grc' dir='ltr'>σθαι</span> <span class='ocrx_word' id='word_1_104' title='bbox 369 1658 383 1672; x_wconf 76' lang='grc' dir='ltr'>ο</span> <span class='ocrx_word' id='word_1_105' title='bbox 423 1645 520 1696; x_wconf 75' lang='grc' dir='ltr'><strong>καὶ</strong></span> <span class='ocrx_word' id='word_1_106' title='bbox 555 1644 610 1696; x_wconf 88' lang='grc' dir='ltr'><strong>τί</strong></span> <span class='ocrx_word' id='word_1_107' title='bbox 631 1644 715 1700; x_wconf 78' lang='grc' dir='ltr'>δεῖ</span> <span class='ocrx_word' id='word_1_108' title='bbox 761 1665 852 1718; x_wconf 86' lang='grc' dir='ltr'><strong>μοι</strong></span> <span class='ocrx_word' id='word_1_109' title='bbox 893 1649 1124 1706; x_wconf 81' lang='grc' dir='ltr'>πλείστα</span> <span class='ocrx_word' id='word_1_110' title='bbox 1149 1653 1456 1723; x_wconf 74' lang='grc' dir='ltr'>ἀναλέγειν,</span> <span class='ocrx_word' id='word_1_111' title='bbox 1494 1657 1627 1730; x_wconf 77' lang='grc' dir='ltr'>παρ’</span> <span class='ocrx_word' id='word_1_112' title='bbox 1657 1653 1702 1728; x_wconf 81' lang='grc' dir='ltr'><strong>ᾧ</strong></span> <span class='ocrx_word' id='word_1_113' title='bbox 1734 1659 1796 1713; x_wconf 83' lang='grc' dir='ltr'>τὸ</span> 
     </span>
    </p>
   </div>
   <div class='ocr_carea' id='block_1_16' title="bbox 211 1733 1793 1821">
    <p class='ocr_par' dir='ltr' id='par_1_16' title="bbox 211 1733 1793 1821">
     <span class='ocr_line' id='line_1_16' title="bbox 211 1733 1793 1821; baseline 0.011 -33"><span class='ocrx_word' id='word_1_114' title='bbox 211 1733 316 1788; x_wconf 83' lang='grc' dir='ltr'><strong>τῶν</strong></span> <span class='ocrx_word' id='word_1_115' title='bbox 346 1733 663 1792; x_wconf 75' lang='grc' dir='ltr'>ἀποστόλων</span> <span class='ocrx_word' id='word_1_116' title='bbox 690 1741 988 1811; x_wconf 82' lang='grc' dir='ltr'>προφητῶν</span> <span class='ocrx_word' id='word_1_117' title='bbox 1019 1761 1080 1797; x_wconf 85' lang='grc' dir='ltr'><strong>τε</strong></span> <span class='ocrx_word' id='word_1_118' title='bbox 1124 1745 1221 1798; x_wconf 75' lang='grc' dir='ltr'>καὶ</span> <span class='ocrx_word' id='word_1_119' title='bbox 1263 1748 1558 1819; x_wconf 84' lang='grc' dir='ltr'>μαρτύρων</span> <span class='ocrx_word' id='word_1_120' title='bbox 1593 1750 1793 1821; x_wconf 83' lang='grc' dir='ltr'>συλλή-</span> 
     </span>
    </p>
   </div>
   <div class='ocr_carea' id='block_1_17' title="bbox 212 1826 1792 1915">
    <p class='ocr_par' dir='ltr' id='par_1_17' title="bbox 212 1826 1792 1915">
     <span class='ocr_line' id='line_1_17' title="bbox 212 1826 1792 1915; baseline 0.01 -34"><span class='ocrx_word' id='word_1_121' title='bbox 212 1826 340 1900; x_wconf 79' lang='grc' dir='ltr'>6ὄην</span> <span class='ocrx_word' id='word_1_122' title='bbox 359 1830 539 1888; x_wconf 79' lang='grc' dir='ltr'>ειπεῖν</span> <span class='ocrx_word' id='word_1_123' title='bbox 561 1830 716 1900; x_wconf 71' lang='grc' dir='ltr'>ἅγιον</span> <span class='ocrx_word' id='word_1_124' title='bbox 735 1827 900 1904; x_wconf 74' lang='grc' dir='ltr'>αἷμα,</span> <span class='ocrx_word' id='word_1_125' title='bbox 917 1834 946 1888; x_wconf 82' lang='grc' dir='ltr'><strong>ὃ</strong></span> <span class='ocrx_word' id='word_1_126' title='bbox 967 1837 1154 1892; x_wconf 71' lang='grc' dir='ltr'>πολλοὶ</span> <span class='ocrx_word' id='word_1_127' title='bbox 1171 1839 1503 1912; x_wconf 84' lang='grc' dir='ltr'>παλαμναῖοι</span> <span class='ocrx_word' id='word_1_128' title='bbox 1526 1842 1792 1915; x_wconf 70' lang='grc' dir='ltr'>πολυτρόε-</span> 
     </span>
    </p>
   </div>
   <div class='ocr_carea' id='block_1_18' title="bbox 209 1921 1790 2008">
    <p class='ocr_par' dir='ltr' id='par_1_18' title="bbox 209 1921 1790 2008">
     <span class='ocr_line' id='line_1_18' title="bbox 209 1921 1790 2008; baseline 0.011 -34"><span class='ocrx_word' id='word_1_129' title='bbox 209 1937 324 1986; x_wconf 85' lang='grc' dir='ltr'><strong>πως</strong></span> <span class='ocrx_word' id='word_1_130' title='bbox 348 1921 596 1994; x_wconf 68' lang='grc' dir='ltr'>ἐξέχεαν,</span> <span class='ocrx_word' id='word_1_131' title='bbox 631 1925 706 1991; x_wconf 85' lang='grc' dir='ltr'>ὡς</span> <span class='ocrx_word' id='word_1_132' title='bbox 741 1927 887 2002; x_wconf 80' lang='grc' dir='ltr'>ὕδωρ</span> <span class='ocrx_word' id='word_1_133' title='bbox 913 1929 1052 1984; x_wconf 79' lang='grc' dir='ltr'>πολὺ</span> <span class='ocrx_word' id='word_1_134' title='bbox 1085 1931 1322 1988; x_wconf 86' lang='grc' dir='ltr'>κυκλοῦν</span> <span class='ocrx_word' id='word_1_135' title='bbox 1367 1933 1467 2006; x_wconf 82' lang='grc' dir='ltr'>τὴν</span> <span class='ocrx_word' id='word_1_136' title='bbox 1502 1935 1593 1988; x_wconf 84' lang='grc' dir='ltr'>ὑπ’</span> <span class='ocrx_word' id='word_1_137' title='bbox 1626 1936 1790 2008; x_wconf 80' lang='grc' dir='ltr'>οὐρα-</span> 
     </span>
    </p>
   </div>
   <div class='ocr_carea' id='block_1_19' title="bbox 207 2014 1523 2099">
    <p class='ocr_par' dir='ltr' id='par_1_19' title="bbox 207 2014 1523 2099">
     <span class='ocr_line' id='line_1_19' title="bbox 207 2014 1523 2099; baseline 0.01 -31"><span class='ocrx_word' id='word_1_138' title='bbox 207 2014 314 2082; x_wconf 76' lang='grc' dir='ltr'>νὸν,</span> <span class='ocrx_word' id='word_1_139' title='bbox 345 2017 571 2088; x_wconf 78' lang='grc' dir='ltr'>καὶτῆς</span> <span class='ocrx_word' id='word_1_140' title='bbox 597 2019 858 2087; x_wconf 73' lang='grc' dir='ltr'>ἀσεϐείας</span> <span class='ocrx_word' id='word_1_141' title='bbox 885 2023 1129 2094; x_wconf 80' lang='grc' dir='ltr'>ὑπάρχον</span> <span class='ocrx_word' id='word_1_142' title='bbox 1167 2025 1523 2099; x_wconf 75' lang='grc' dir='ltr'>σϐεστήριονς</span> 
     </span>
    </p>
   </div>
   <div class='ocr_carea' id='block_1_20' title="bbox 274 2110 1788 2191">
    <p class='ocr_par' dir='ltr' id='par_1_20' title="bbox 274 2110 1788 2191">
     <span class='ocr_line' id='line_1_20' title="bbox 274 2110 1788 2191; baseline 0.007 -27"><span class='ocrx_word' id='word_1_143' title='bbox 274 2114 345 2177; x_wconf 79' lang='grc' dir='ltr'><strong>γ’.</strong></span> <span class='ocrx_word' id='word_1_144' title='bbox 385 2110 650 2166; x_wconf 87' lang='grc' dir='ltr'>Τοιοῦτον</span> <span class='ocrx_word' id='word_1_145' title='bbox 682 2113 857 2168; x_wconf 78' lang='grc' dir='ltr'>τὸτοῦ</span> <span class='ocrx_word' id='word_1_146' title='bbox 896 2114 1207 2170; x_wconf 80' lang='grc' dir='ltr'>Βαπτιστοῦ</span> <span class='ocrx_word' id='word_1_147' title='bbox 1237 2119 1476 2189; x_wconf 88' lang='grc' dir='ltr'>Χριστοῦ</span> <span class='ocrx_word' id='word_1_148' title='bbox 1519 2120 1613 2174; x_wconf 77' lang='grc' dir='ltr'><strong>καὶ</strong></span> <span class='ocrx_word' id='word_1_149' title='bbox 1646 2122 1788 2191; x_wconf 86' lang='grc' dir='ltr'>Προ-</span> 
     </span>
    </p>
   </div>
   <div class='ocr_carea' id='block_1_21' title="bbox 205 2195 1789 2278">
    <p class='ocr_par' dir='ltr' id='par_1_21' title="bbox 205 2195 1789 2278">
     <span class='ocr_line' id='line_1_21' title="bbox 205 2195 1789 2278; baseline 0.008 -27"><span class='ocrx_word' id='word_1_150' title='bbox 205 2195 404 2268; x_wconf 87' lang='grc' dir='ltr'>δρόμου</span> <span class='ocrx_word' id='word_1_151' title='bbox 435 2199 600 2268; x_wconf 79' lang='grc' dir='ltr'>ἅγιον</span> <span class='ocrx_word' id='word_1_152' title='bbox 632 2197 794 2268; x_wconf 74' lang='grc' dir='ltr'>αἷμα,</span> <span class='ocrx_word' id='word_1_153' title='bbox 825 2203 954 2274; x_wconf 73' lang='grc' dir='ltr'>περὶ</span> <span class='ocrx_word' id='word_1_154' title='bbox 979 2197 1042 2260; x_wconf 74' lang='grc' dir='ltr'>οὗ</span> <span class='ocrx_word' id='word_1_155' title='bbox 1072 2205 1207 2275; x_wconf 80' lang='grc' dir='ltr'>ἡμῖν</span> <span class='ocrx_word' id='word_1_156' title='bbox 1243 2207 1272 2259; x_wconf 85' lang='grc' dir='ltr'>ὁ</span> <span class='ocrx_word' id='word_1_157' title='bbox 1305 2207 1670 2278; x_wconf 84' lang='grc' dir='ltr'>προκείμενος</span> <span class='ocrx_word' id='word_1_158' title='bbox 1700 2210 1789 2264; x_wconf 88' lang='grc' dir='ltr'>λό-</span> 
     </span>
    </p>
   </div>
   <div class='ocr_carea' id='block_1_22' title="bbox 204 2289 1784 2371">
    <p class='ocr_par' dir='ltr' id='par_1_22' title="bbox 204 2289 1784 2371">
     <span class='ocr_line' id='line_1_22' title="bbox 204 2289 1784 2371; baseline 0.007 -27"><span class='ocrx_word' id='word_1_159' title='bbox 204 2306 296 2360; x_wconf 90' lang='grc' dir='ltr'><strong>γος</strong></span> <span class='ocrx_word' id='word_1_160' title='bbox 317 2307 330 2322; x_wconf 91' lang='grc'><strong>·</strong></span> <span class='ocrx_word' id='word_1_161' title='bbox 360 2289 389 2345; x_wconf 85' lang='grc' dir='ltr'><strong>δ</strong></span> <span class='ocrx_word' id='word_1_162' title='bbox 417 2291 730 2347; x_wconf 76' lang='grc' dir='ltr'>κεκένωκεν</span> <span class='ocrx_word' id='word_1_163' title='bbox 759 2293 838 2358; x_wconf 83' lang='grc' dir='ltr'>ὡς</span> <span class='ocrx_word' id='word_1_164' title='bbox 870 2294 1043 2366; x_wconf 85' lang='grc' dir='ltr'>μύρον</span> <span class='ocrx_word' id='word_1_165' title='bbox 1066 2295 1358 2361; x_wconf 79' lang='grc' dir='ltr'>πολυτελὲς</span> <span class='ocrx_word' id='word_1_166' title='bbox 1381 2297 1441 2364; x_wconf 80' lang='grc' dir='ltr'><strong>ἐξ</strong></span> <span class='ocrx_word' id='word_1_167' title='bbox 1477 2300 1624 2371; x_wconf 77' lang='grc' dir='ltr'>ἱεροῦ</span> <span class='ocrx_word' id='word_1_168' title='bbox 1653 2318 1784 2371; x_wconf 86' lang='grc' dir='ltr'>τρα-</span> 
     </span>
    </p>
   </div>
   <div class='ocr_carea' id='block_1_23' title="bbox 205 2383 1786 2464">
    <p class='ocr_par' dir='ltr' id='par_1_23' title="bbox 205 2383 1786 2464">
     <span class='ocr_line' id='line_1_23' title="bbox 205 2383 1786 2464; baseline 0.007 -28"><span class='ocrx_word' id='word_1_169' title='bbox 205 2383 366 2455; x_wconf 77' lang='grc' dir='ltr'>χήλου</span> <span class='ocrx_word' id='word_1_170' title='bbox 397 2384 698 2451; x_wconf 76' lang='grc' dir='ltr'>εὐωδιάζον</span> <span class='ocrx_word' id='word_1_171' title='bbox 721 2386 824 2457; x_wconf 75' lang='grc' dir='ltr'>τὴν</span> <span class='ocrx_word' id='word_1_172' title='bbox 851 2388 1184 2460; x_wconf 72' lang='grc' dir='ltr'>οἰκουμένην</span> <span class='ocrx_word' id='word_1_173' title='bbox 1207 2405 1220 2423; x_wconf 90' lang='grc'><strong>·</strong></span> <span class='ocrx_word' id='word_1_174' title='bbox 1251 2387 1412 2461; x_wconf 76' lang='grc' dir='ltr'>αἷμα,</span> <span class='ocrx_word' id='word_1_175' title='bbox 1441 2391 1470 2444; x_wconf 83' lang='grc' dir='ltr'><strong>ὃ</strong></span> <span class='ocrx_word' id='word_1_176' title='bbox 1502 2393 1786 2464; x_wconf 85' lang='grc' dir='ltr'>συνήθροι-</span> 
     </span>
    </p>
   </div>
   <div class='ocr_carea' id='block_1_24' title="bbox 208 2476 1786 2556">
    <p class='ocr_par' dir='ltr' id='par_1_24' title="bbox 208 2476 1786 2556">
     <span class='ocr_line' id='line_1_24' title="bbox 208 2476 1786 2556; baseline 0.007 -29"><span class='ocrx_word' id='word_1_177' title='bbox 208 2492 296 2530; x_wconf 87' lang='grc' dir='ltr'><strong>σεν</strong></span> <span class='ocrx_word' id='word_1_178' title='bbox 319 2476 380 2531; x_wconf 83' lang='grc' dir='ltr'><strong>οὐ</strong></span> <span class='ocrx_word' id='word_1_179' title='bbox 399 2477 644 2548; x_wconf 77' lang='grc' dir='ltr'>γαστρὸς</span> <span class='ocrx_word' id='word_1_180' title='bbox 660 2477 844 2550; x_wconf 79' lang='grc' dir='ltr'>ἡδονὴ,</span> <span class='ocrx_word' id='word_1_181' title='bbox 870 2480 972 2533; x_wconf 83' lang='grc' dir='ltr'><strong>οὐκ</strong></span> <span class='ocrx_word' id='word_1_182' title='bbox 1003 2479 1146 2534; x_wconf 81' lang='grc' dir='ltr'>οἴνου</span> <span class='ocrx_word' id='word_1_183' title='bbox 1173 2481 1496 2553; x_wconf 77' lang='grc' dir='ltr'><strong>μετάληψις,</strong></span> <span class='ocrx_word' id='word_1_184' title='bbox 1514 2483 1576 2536; x_wconf 84' lang='grc' dir='ltr'>οὑ</span> <span class='ocrx_word' id='word_1_185' title='bbox 1610 2485 1786 2556; x_wconf 82' lang='grc' dir='ltr'>κρεῶν</span> 
     </span>
    </p>
   </div>
   <div class='ocr_carea' id='block_1_25' title="bbox 202 2566 1786 2648">
    <p class='ocr_par' dir='ltr' id='par_1_25' title="bbox 202 2566 1786 2648">
     <span class='ocr_line' id='line_1_25' title="bbox 202 2566 1786 2648; baseline 0.008 -29"><span class='ocrx_word' id='word_1_186' title='bbox 202 2566 399 2639; x_wconf 77' lang='grc' dir='ltr'>ἐδωδὴ,</span> <span class='ocrx_word' id='word_1_187' title='bbox 427 2567 535 2624; x_wconf 85' lang='grc' dir='ltr'><strong>οῦκ</strong></span> <span class='ocrx_word' id='word_1_188' title='bbox 577 2569 740 2624; x_wconf 79' lang='grc' dir='ltr'>ἄλλου</span> <span class='ocrx_word' id='word_1_189' title='bbox 787 2572 932 2636; x_wconf 77' lang='grc' dir='ltr'>τινὸς</span> <span class='ocrx_word' id='word_1_190' title='bbox 979 2573 1088 2628; x_wconf 81' lang='grc' dir='ltr'><strong>τῶν</strong></span> <span class='ocrx_word' id='word_1_191' title='bbox 1132 2573 1405 2629; x_wconf 87' lang='grc' dir='ltr'>λιπαίνειν</span> <span class='ocrx_word' id='word_1_192' title='bbox 1447 2577 1540 2629; x_wconf 69' lang='grc' dir='ltr'><strong>καὶ</strong></span> <span class='ocrx_word' id='word_1_193' title='bbox 1569 2577 1786 2648; x_wconf 77' lang='grc' dir='ltr'>ἡδύνειν</span> 
     </span>
    </p>
   </div>
   <div class='ocr_carea' id='block_1_26' title="bbox 201 2659 1784 2740">
    <p class='ocr_par' dir='ltr' id='par_1_26' title="bbox 201 2659 1784 2740">
     <span class='ocr_line' id='line_1_26' title="bbox 201 2659 1784 2740; baseline 0.005 -24"><span class='ocrx_word' id='word_1_194' title='bbox 201 2659 464 2716; x_wconf 70' lang='grc' dir='ltr'>εἰωθότων</span> <span class='ocrx_word' id='word_1_195' title='bbox 501 2659 606 2725; x_wconf 78' lang='grc' dir='ltr'>τὰς</span> <span class='ocrx_word' id='word_1_196' title='bbox 651 2662 882 2732; x_wconf 78' lang='grc' dir='ltr'>ὀρέξεις,</span> <span class='ocrx_word' id='word_1_197' title='bbox 917 2663 1032 2718; x_wconf 82' lang='grc' dir='ltr'>ἀλλ’</span> <span class='ocrx_word' id='word_1_198' title='bbox 1063 2665 1122 2730; x_wconf 76' lang='grc' dir='ltr'><strong>ἐξ</strong></span> <span class='ocrx_word' id='word_1_199' title='bbox 1163 2667 1345 2720; x_wconf 82' lang='grc' dir='ltr'>αὐτῶν</span> <span class='ocrx_word' id='word_1_200' title='bbox 1387 2667 1496 2722; x_wconf 86' lang='grc' dir='ltr'>τῶν</span> <span class='ocrx_word' id='word_1_201' title='bbox 1532 2671 1784 2740; x_wconf 78' lang='grc' dir='ltr'>σπαργά-</span> 
     </span>
    </p>
   </div>
   <div class='ocr_carea' id='block_1_27' title="bbox 201 2752 1784 2830">
    <p class='ocr_par' dir='ltr' id='par_1_27' title="bbox 201 2752 1784 2830">
     <span class='ocr_line' id='line_1_27' title="bbox 201 2752 1784 2830; baseline 0.004 -24"><span class='ocrx_word' id='word_1_202' title='bbox 201 2768 301 2806; x_wconf 87' lang='grc' dir='ltr'><strong>νων</strong></span> <span class='ocrx_word' id='word_1_203' title='bbox 325 2752 490 2822; x_wconf 79' lang='grc' dir='ltr'>μέχρι</span> <span class='ocrx_word' id='word_1_204' title='bbox 521 2753 714 2818; x_wconf 80' lang='grc' dir='ltr'>τέλους</span> <span class='ocrx_word' id='word_1_205' title='bbox 741 2755 774 2825; x_wconf 83' lang='grc' dir='ltr'><strong>ή</strong></span> <span class='ocrx_word' id='word_1_206' title='bbox 801 2754 902 2825; x_wconf 88' lang='grc' dir='ltr'><strong>τῆς</strong></span> <span class='ocrx_word' id='word_1_207' title='bbox 937 2757 1268 2826; x_wconf 66' lang='grc' dir='ltr'>ἐγκρατείας</span> <span class='ocrx_word' id='word_1_208' title='bbox 1304 2758 1651 2830; x_wconf 78' lang='grc' dir='ltr'>ἐμπεποίηκε</span> <span class='ocrx_word' id='word_1_209' title='bbox 1681 2760 1784 2830; x_wconf 81' lang='grc' dir='ltr'><strong>χά·-</strong></span> 
     </span>
    </p>
   </div>
   <div class='ocr_carea' id='block_1_28' title="bbox 203 2837 1780 2918">
    <p class='ocr_par' dir='ltr' id='par_1_28' title="bbox 203 2837 1780 2918">
     <span class='ocr_line' id='line_1_28' title="bbox 203 2837 1780 2918; baseline 0.003 -17"><span class='ocrx_word' id='word_1_210' title='bbox 203 2858 282 2914; x_wconf 83' lang='grc' dir='ltr'><strong>ρις</strong></span> <span class='ocrx_word' id='word_1_211' title='bbox 303 2858 319 2875; x_wconf 89' lang='grc'><strong>·</strong></span> <span class='ocrx_word' id='word_1_212' title='bbox 345 2837 531 2902; x_wconf 77' lang='grc' dir='ltr'>Ἦλθε</span> <span class='ocrx_word' id='word_1_213' title='bbox 575 2844 704 2916; x_wconf 70' lang='grc' dir='ltr'>γὰρ,</span> <span class='ocrx_word' id='word_1_214' title='bbox 738 2845 926 2916; x_wconf 75' lang='grc' dir='ltr'>φησὶν,</span> <span class='ocrx_word' id='word_1_215' title='bbox 967 2849 1001 2900; x_wconf 85' lang='grc' dir='ltr'><em>ὁ</em></span> <span class='ocrx_word' id='word_1_216' title='bbox 1041 2848 1325 2916; x_wconf 79' lang='grc' dir='ltr'>Ἰωάννης</span> <span class='ocrx_word' id='word_1_217' title='bbox 1362 2850 1517 2918; x_wconf 78' lang='grc' dir='ltr'>μήτε</span> <span class='ocrx_word' id='word_1_218' title='bbox 1538 2850 1780 2916; x_wconf 77' lang='grc' dir='ltr'>ἐσθίων,</span> 
     </span>
    </p>
   </div>
   <div class='ocr_carea' id='block_1_29' title="bbox 199 2926 1782 3006">
    <p class='ocr_par' dir='ltr' id='par_1_29' title="bbox 199 2926 1782 3006">
     <span class='ocr_line' id='line_1_29' title="bbox 199 2926 1782 3006; baseline 0.006 -21"><span class='ocrx_word' id='word_1_219' title='bbox 199 2930 342 2999; x_wconf 78' lang='grc' dir='ltr'>μήτε</span> <span class='ocrx_word' id='word_1_220' title='bbox 370 2932 605 2986; x_wconf 73' lang='grc' dir='ltr'>πίνων·</span> <span class='ocrx_word' id='word_1_221' title='bbox 642 2926 785 3004; x_wconf 75' lang='grc' dir='ltr'>αἷμα</span> <span class='ocrx_word' id='word_1_222' title='bbox 810 2934 873 2988; x_wconf 84' lang='grc' dir='ltr'>τὸ</span> <span class='ocrx_word' id='word_1_223' title='bbox 916 2937 1260 3006; x_wconf 82' lang='grc' dir='ltr'>προκενωθὲν</span> <span class='ocrx_word' id='word_1_224' title='bbox 1301 2937 1400 2991; x_wconf 88' lang='grc' dir='ltr'><strong>τοῦ</strong></span> <span class='ocrx_word' id='word_1_225' title='bbox 1449 2939 1782 2994; x_wconf 82' lang='grc' dir='ltr'>Δεσποτικοῦ</span> 
     </span>
    </p>
   </div>
   <div class='ocr_carea' id='block_1_30' title="bbox 203 3019 1784 3098">
    <p class='ocr_par' dir='ltr' id='par_1_30' title="bbox 203 3019 1784 3098">
     <span class='ocr_line' id='line_1_30' title="bbox 203 3019 1784 3098; baseline 0.006 -25"><span class='ocrx_word' id='word_1_226' title='bbox 203 3021 290 3074; x_wconf 79' lang='grc' dir='ltr'>καὶ</span> <span class='ocrx_word' id='word_1_227' title='bbox 321 3019 602 3076; x_wconf 83' lang='grc' dir='ltr'>ἀθανάτου</span> <span class='ocrx_word' id='word_1_228' title='bbox 647 3023 914 3094; x_wconf 82' lang='grc' dir='ltr'>ποτηρίου</span> <span class='ocrx_word' id='word_1_229' title='bbox 941 3041 955 3055; x_wconf 88' lang='grc'><strong>·</strong></span> <span class='ocrx_word' id='word_1_230' title='bbox 998 3026 1167 3096; x_wconf 75' lang='grc' dir='ltr'>ἐχρῆν</span> <span class='ocrx_word' id='word_1_231' title='bbox 1207 3026 1317 3097; x_wconf 85' lang='grc' dir='ltr'><strong>γὰρ</strong></span> <span class='ocrx_word' id='word_1_232' title='bbox 1355 3028 1448 3086; x_wconf 77' lang='grc' dir='ltr'><strong>τὸν</strong></span> <span class='ocrx_word' id='word_1_233' title='bbox 1482 3028 1577 3084; x_wconf 84' lang='grc' dir='ltr'><strong>τοῦ</strong></span> <span class='ocrx_word' id='word_1_234' title='bbox 1605 3030 1784 3098; x_wconf 78' lang='grc' dir='ltr'>φωτὸς</span> 
     </span>
    </p>
   </div>
   <div class='ocr_carea' id='block_1_31' title="bbox 203 3111 1778 3192">
    <p class='ocr_par' dir='ltr' id='par_1_31' title="bbox 203 3111 1778 3192">
     <span class='ocr_line' id='line_1_31' title="bbox 203 3111 1778 3192; baseline 0.006 -28"><span class='ocrx_word' id='word_1_235' title='bbox 203 3111 498 3184; x_wconf 77' lang='grc' dir='ltr'>πρόδρομον</span> <span class='ocrx_word' id='word_1_236' title='bbox 537 3113 626 3170; x_wconf 82' lang='grc' dir='ltr'>διὰ</span> <span class='ocrx_word' id='word_1_237' title='bbox 652 3113 751 3185; x_wconf 86' lang='grc' dir='ltr'><strong>τῆς</strong></span> <span class='ocrx_word' id='word_1_238' title='bbox 767 3117 832 3170; x_wconf 78' lang='grc' dir='ltr'>ὲκ</span> <span class='ocrx_word' id='word_1_239' title='bbox 857 3115 1078 3187; x_wconf 84' lang='grc' dir='ltr'>στείρας</span> <span class='ocrx_word' id='word_1_240' title='bbox 1099 3119 1442 3190; x_wconf 81' lang='grc' dir='ltr'>αὐγαστικῆς</span> <span class='ocrx_word' id='word_1_241' title='bbox 1458 3119 1623 3177; x_wconf 85' lang='grc' dir='ltr'>αὐτοῦ</span> <span class='ocrx_word' id='word_1_242' title='bbox 1644 3138 1778 3192; x_wconf 75' lang='grc' dir='ltr'>προσ</span> 
     </span>
    </p>
   </div>
   <div class='ocr_carea' id='block_1_32' title="bbox 200 3203 1784 3282">
    <p class='ocr_par' dir='ltr' id='par_1_32' title="bbox 200 3203 1784 3282">
     <span class='ocr_line' id='line_1_32' title="bbox 200 3203 1784 3282; baseline 0.005 -24"><span class='ocrx_word' id='word_1_243' title='bbox 200 3203 313 3258; x_wconf 73' lang='grc' dir='ltr'>ὁδου</span> <span class='ocrx_word' id='word_1_244' title='bbox 336 3207 472 3268; x_wconf 83' lang='grc' dir='ltr'>,τοῖς</span> <span class='ocrx_word' id='word_1_245' title='bbox 516 3206 663 3277; x_wconf 73' lang='grc' dir='ltr'>ὑπὲρ</span> <span class='ocrx_word' id='word_1_246' title='bbox 701 3209 804 3276; x_wconf 75' lang='grc' dir='ltr'><strong>γῆς</strong></span> <span class='ocrx_word' id='word_1_247' title='bbox 855 3207 1112 3277; x_wconf 86' lang='grc' dir='ltr'>ὀφθέντα,</span> <span class='ocrx_word' id='word_1_248' title='bbox 1144 3210 1237 3264; x_wconf 75' lang='grc' dir='ltr'><strong>καὶ</strong></span> <span class='ocrx_word' id='word_1_249' title='bbox 1272 3213 1387 3276; x_wconf 83' lang='grc' dir='ltr'>τοῖς</span> <span class='ocrx_word' id='word_1_250' title='bbox 1431 3211 1545 3264; x_wconf 80' lang='grc' dir='ltr'>ὑπὸ</span> <span class='ocrx_word' id='word_1_251' title='bbox 1565 3213 1668 3282; x_wconf 87' lang='grc' dir='ltr'><strong>γῆν</strong></span> <span class='ocrx_word' id='word_1_252' title='bbox 1697 3213 1784 3266; x_wconf 85' lang='grc' dir='ltr'>διὰ</span> 
     </span>
    </p>
   </div>
   <div class='ocr_carea' id='block_1_33' title="bbox 203 3294 1784 3376">
    <p class='ocr_par' dir='ltr' id='par_1_33' title="bbox 203 3294 1784 3376">
     <span class='ocr_line' id='line_1_33' title="bbox 203 3294 1784 3376; baseline 0.005 -26"><span class='ocrx_word' id='word_1_253' title='bbox 203 3294 424 3352; x_wconf 81' lang='grc' dir='ltr'>θανάτου</span> <span class='ocrx_word' id='word_1_254' title='bbox 475 3297 703 3368; x_wconf 86' lang='grc' dir='ltr'>κήρυκα</span> <span class='ocrx_word' id='word_1_255' title='bbox 743 3300 1010 3372; x_wconf 85' lang='grc' dir='ltr'>φωτοειδῆ</span> <span class='ocrx_word' id='word_1_256' title='bbox 1057 3301 1397 3373; x_wconf 87' lang='grc' dir='ltr'>χρηματίσαι</span> <span class='ocrx_word' id='word_1_257' title='bbox 1442 3303 1590 3375; x_wconf 69' lang='grc'><strong>(20)·</strong></span> <span class='ocrx_word' id='word_1_258' title='bbox 1619 3297 1784 3376; x_wconf 78' lang='grc' dir='ltr'>αἷμα,</span> 
     </span>
    </p>
   </div>
   <div class='ocr_carea' id='block_1_34' title="bbox 203 3389 1776 3461">
    <p class='ocr_par' dir='ltr' id='par_1_34' title="bbox 203 3389 1776 3461">
     <span class='ocr_line' id='line_1_34' title="bbox 203 3389 1776 3461; baseline 0.004 -17"><span class='ocrx_word' id='word_1_259' title='bbox 203 3390 231 3444; x_wconf 83' lang='grc' dir='ltr'>ὀ</span> <span class='ocrx_word' id='word_1_260' title='bbox 249 3390 344 3461; x_wconf 84' lang='grc' dir='ltr'><strong>τῆς</strong></span> <span class='ocrx_word' id='word_1_261' title='bbox 368 3389 464 3444; x_wconf 87' lang='grc' dir='ltr'><strong>τοῦ</strong></span> <span class='ocrx_word' id='word_1_262' title='bbox 488 3389 666 3446; x_wconf 74' lang='grc' dir='ltr'>Ἀσελ</span> <span class='ocrx_word' id='word_1_263' title='bbox 693 3391 912 3461; x_wconf 81' lang='grc' dir='ltr'>σφαγῆς</span> <span class='ocrx_word' id='word_1_264' title='bbox 935 3391 1320 3457; x_wconf 81' lang='grc' dir='ltr'>πολυπλασίως</span> <span class='ocrx_word' id='word_1_265' title='bbox 1343 3395 1424 3456; x_wconf 86' lang='grc' dir='ltr'><strong>είς</strong></span> <span class='ocrx_word' id='word_1_266' title='bbox 1451 3394 1520 3448; x_wconf 83' lang='grc' dir='ltr'>τὰ</span> <span class='ocrx_word' id='word_1_267' title='bbox 1537 3389 1651 3448; x_wconf 81' lang='grc' dir='ltr'>ὦτα</span> <span class='ocrx_word' id='word_1_268' title='bbox 1670 3398 1776 3450; x_wconf 83' lang='lat' dir='ltr'><strong>Ku-</strong></span> 
     </span>
    </p>
   </div>
   <div class='ocr_carea' id='block_1_35' title="bbox 205 3481 1782 3558">
    <p class='ocr_par' dir='ltr' id='par_1_35' title="bbox 205 3481 1782 3558">
     <span class='ocr_line' id='line_1_35' title="bbox 205 3481 1782 3558; baseline 0.005 -23"><span class='ocrx_word' id='word_1_269' title='bbox 205 3481 315 3553; x_wconf 88' lang='grc' dir='ltr'>ρίου</span> <span class='ocrx_word' id='word_1_270' title='bbox 349 3482 592 3538; x_wconf 75' lang='grc' dir='ltr'>Σαϐαὼθ</span> <span class='ocrx_word' id='word_1_271' title='bbox 617 3483 975 3555; x_wconf 76' lang='grc' dir='ltr'>διαϐεϐόηται</span> <span class='ocrx_word' id='word_1_272' title='bbox 1001 3501 1016 3516; x_wconf 79' lang='grc' dir='ltr'><strong><em>ο</em></strong></span> <span class='ocrx_word' id='word_1_273' title='bbox 1049 3485 1144 3538; x_wconf 84' lang='grc' dir='ltr'><strong>τοῦ</strong></span> <span class='ocrx_word' id='word_1_274' title='bbox 1167 3487 1276 3556; x_wconf 75' lang='grc' dir='ltr'><strong>γὰρ</strong></span> <span class='ocrx_word' id='word_1_275' title='bbox 1295 3486 1458 3558; x_wconf 71' lang='grc' dir='ltr'>ἔργου</span> <span class='ocrx_word' id='word_1_276' title='bbox 1489 3489 1521 3557; x_wconf 81' lang='grc' dir='ltr'><strong>ὴ</strong></span> <span class='ocrx_word' id='word_1_277' title='bbox 1544 3489 1782 3558; x_wconf 84' lang='grc' dir='ltr'>ποίησις,</span> 
     </span>
    </p>
   </div>
   <div class='ocr_carea' id='block_1_36' title="bbox 202 3575 1784 3653">
    <p class='ocr_par' dir='ltr' id='par_1_36' title="bbox 202 3575 1784 3653">
     <span class='ocr_line' id='line_1_36' title="bbox 202 3575 1784 3653; baseline 0.004 -24"><span class='ocrx_word' id='word_1_278' title='bbox 202 3575 378 3645; x_wconf 80' lang='grc' dir='ltr'>φωνῆς</span> <span class='ocrx_word' id='word_1_279' title='bbox 413 3577 692 3648; x_wconf 77' lang='grc' dir='ltr'>μυστικῆς</span> <span class='ocrx_word' id='word_1_280' title='bbox 722 3578 872 3630; x_wconf 67' lang='grc' dir='ltr'>ὲστιν</span> <span class='ocrx_word' id='word_1_281' title='bbox 910 3577 1325 3650; x_wconf 77' lang='grc' dir='ltr'>ἀναϐόμὸησις,</span> <span class='ocrx_word' id='word_1_282' title='bbox 1361 3581 1423 3634; x_wconf 74' lang='grc' dir='ltr'>οὐ</span> <span class='ocrx_word' id='word_1_283' title='bbox 1460 3581 1548 3636; x_wconf 81' lang='grc' dir='ltr'>διὰ</span> <span class='ocrx_word' id='word_1_284' title='bbox 1600 3600 1784 3653; x_wconf 82' lang='grc' dir='ltr'>φωνη-</span> 
     </span>
    </p>
   </div>
   <div class='ocr_carea' id='block_1_37' title="bbox 203 3666 1786 3742">
    <p class='ocr_par' dir='ltr' id='par_1_37' title="bbox 203 3666 1786 3742">
     <span class='ocr_line' id='line_1_37' title="bbox 203 3666 1786 3742; baseline 0.004 -23"><span class='ocrx_word' id='word_1_285' title='bbox 203 3667 362 3720; x_wconf 85' lang='grc' dir='ltr'>τικῶν</span> <span class='ocrx_word' id='word_1_286' title='bbox 383 3667 642 3738; x_wconf 78' lang='grc' dir='ltr'>ὀργάνων</span> <span class='ocrx_word' id='word_1_287' title='bbox 673 3666 964 3740; x_wconf 81' lang='grc' dir='ltr'>προϊοῦσα,</span> <span class='ocrx_word' id='word_1_288' title='bbox 991 3669 1130 3724; x_wconf 80' lang='grc' dir='ltr'>ἀλλὰ</span> <span class='ocrx_word' id='word_1_289' title='bbox 1163 3672 1230 3740; x_wconf 82' lang='grc' dir='ltr'>τῇ</span> <span class='ocrx_word' id='word_1_290' title='bbox 1255 3673 1356 3742; x_wconf 81' lang='grc' dir='ltr'><strong>τῆς</strong></span> <span class='ocrx_word' id='word_1_291' title='bbox 1387 3673 1664 3742; x_wconf 72' lang='grc' dir='ltr'>ἐνεργείας</span> <span class='ocrx_word' id='word_1_292' title='bbox 1694 3673 1786 3726; x_wconf 86' lang='grc' dir='ltr'>δυ-</span> 
     </span>
    </p>
   </div>
   <div class='ocr_carea' id='block_1_38' title="bbox 202 3755 1786 3836">
    <p class='ocr_par' dir='ltr' id='par_1_38' title="bbox 202 3755 1786 3836">
     <span class='ocr_line' id='line_1_38' title="bbox 202 3755 1786 3836; baseline 0.004 -22"><span class='ocrx_word' id='word_1_293' title='bbox 202 3759 352 3831; x_wconf 80' lang='grc' dir='ltr'>νάμει</span> <span class='ocrx_word' id='word_1_294' title='bbox 379 3760 790 3831; x_wconf 72' lang='grc' dir='ltr'>ἀκουτιζομένη</span> <span class='ocrx_word' id='word_1_295' title='bbox 816 3777 831 3792; x_wconf 83' lang='grc'>⁶</span> <span class='ocrx_word' id='word_1_296' title='bbox 862 3755 1024 3831; x_wconf 73' lang='grc' dir='ltr'>αἷμα,</span> <span class='ocrx_word' id='word_1_297' title='bbox 1071 3762 1129 3816; x_wconf 74' lang='grc' dir='ltr'>τὸ</span> <span class='ocrx_word' id='word_1_298' title='bbox 1163 3765 1521 3836; x_wconf 80' lang='grc' dir='ltr'>πατριαρχῶν</span> <span class='ocrx_word' id='word_1_299' title='bbox 1561 3765 1661 3835; x_wconf 78' lang='grc' dir='ltr'>μὲν</span> <span class='ocrx_word' id='word_1_300' title='bbox 1697 3767 1786 3820; x_wconf 84' lang='lat' dir='ltr'><strong>al-</strong></span> 
     </span>
    </p>
   </div>
   <div class='ocr_carea' id='block_1_39' title="bbox 199 3851 1784 3924">
    <p class='ocr_par' dir='ltr' id='par_1_39' title="bbox 199 3851 1784 3924">
     <span class='ocr_line' id='line_1_39' title="bbox 199 3851 1784 3924; baseline 0.004 -20"><span class='ocrx_word' id='word_1_301' title='bbox 199 3851 592 3923; x_wconf 84' lang='grc' dir='ltr'>δεσιμώτερον,</span> <span class='ocrx_word' id='word_1_302' title='bbox 629 3851 929 3922; x_wconf 82' lang='grc' dir='ltr'>προφητῶν</span> <span class='ocrx_word' id='word_1_303' title='bbox 957 3851 1014 3906; x_wconf 74' lang='grc' dir='ltr'>δὲ</span> <span class='ocrx_word' id='word_1_304' title='bbox 1052 3853 1519 3924; x_wconf 86' lang='grc' dir='ltr'>τιμαλφέστερον,</span> <span class='ocrx_word' id='word_1_305' title='bbox 1563 3857 1660 3909; x_wconf 71' lang='grc' dir='ltr'><strong>καὶ</strong></span> <span class='ocrx_word' id='word_1_306' title='bbox 1703 3857 1784 3910; x_wconf 90' lang='grc' dir='ltr'>δι-</span> 
     </span>
    </p>
   </div>
   <div class='ocr_carea' id='block_1_40' title="bbox 202 3940 1782 4014">
    <p class='ocr_par' dir='ltr' id='par_1_40' title="bbox 202 3940 1782 4014">
     <span class='ocr_line' id='line_1_40' title="bbox 202 3940 1782 4014; baseline 0.003 -19"><span class='ocrx_word' id='word_1_307' title='bbox 202 3941 366 3996; x_wconf 87' lang='grc' dir='ltr'>καίων</span> <span class='ocrx_word' id='word_1_308' title='bbox 394 3940 698 4012; x_wconf 83' lang='grc' dir='ltr'>ὁσιώτερον</span> <span class='ocrx_word' id='word_1_309' title='bbox 722 3957 738 3972; x_wconf 78' lang='grc' dir='ltr'><strong>ο</strong></span> <span class='ocrx_word' id='word_1_310' title='bbox 767 3941 894 3994; x_wconf 72' lang='grc' dir='ltr'>ἐπεὶ</span> <span class='ocrx_word' id='word_1_311' title='bbox 924 3941 1020 3995; x_wconf 78' lang='grc' dir='ltr'>καὶ</span> <span class='ocrx_word' id='word_1_312' title='bbox 1060 3943 1378 3997; x_wconf 82' lang='grc' dir='ltr'>ἀποστόλων</span> <span class='ocrx_word' id='word_1_313' title='bbox 1408 3946 1782 4014; x_wconf 75' lang='grc' dir='ltr'>προφερέστε-</span> 
     </span>
    </p>
   </div>
   <div class='ocr_carea' id='block_1_41' title="bbox 205 4033 1783 4111">
    <p class='ocr_par' dir='ltr' id='par_1_41' title="bbox 205 4033 1783 4111">
     <span class='ocr_line' id='line_1_41' title="bbox 205 4033 1783 4111; baseline 0.002 -21"><span class='ocrx_word' id='word_1_314' title='bbox 205 4051 310 4106; x_wconf 85' lang='grc' dir='ltr'>ρον,</span> <span class='ocrx_word' id='word_1_315' title='bbox 349 4037 444 4092; x_wconf 63' lang='lat' dir='ltr'><strong>ita).</strong></span> <span class='ocrx_word' id='word_1_316' title='bbox 487 4033 796 4106; x_wconf 83' lang='grc' dir='ltr'>μαρτύρων</span> <span class='ocrx_word' id='word_1_317' title='bbox 834 4034 1246 4107; x_wconf 83' lang='grc' dir='ltr'>εὐκλεέστερον,</span> <span class='ocrx_word' id='word_1_318' title='bbox 1267 4037 1342 4102; x_wconf 85' lang='grc' dir='ltr'>ὼς</span> <span class='ocrx_word' id='word_1_319' title='bbox 1373 4038 1402 4090; x_wconf 85' lang='grc' dir='ltr'><strong>ό</strong></span> <span class='ocrx_word' id='word_1_320' title='bbox 1436 4038 1589 4106; x_wconf 84' lang='grc' dir='ltr'>λόγος</span> <span class='ocrx_word' id='word_1_321' title='bbox 1632 4040 1783 4111; x_wconf 75' lang='grc' dir='ltr'>παρὰ</span> 
     </span>
    </p>
   </div>
   <div class='ocr_carea' id='block_1_42' title="bbox 203 4125 1782 4201">
    <p class='ocr_par' dir='ltr' id='par_1_42' title="bbox 203 4125 1782 4201">
     <span class='ocr_line' id='line_1_42' title="bbox 203 4125 1782 4201; baseline 0.003 -20"><span class='ocrx_word' id='word_1_322' title='bbox 203 4125 290 4181; x_wconf 86' lang='grc' dir='ltr'><strong>τοῦ</strong></span> <span class='ocrx_word' id='word_1_323' title='bbox 337 4127 583 4199; x_wconf 83' lang='grc' dir='ltr'>μεγάλου</span> <span class='ocrx_word' id='word_1_324' title='bbox 624 4126 801 4194; x_wconf 84' lang='grc' dir='ltr'>Λόγου</span> <span class='ocrx_word' id='word_1_325' title='bbox 838 4126 946 4199; x_wconf 47' lang='grc' dir='ltr'>τὴν.</span> <span class='ocrx_word' id='word_1_326' title='bbox 967 4129 1276 4200; x_wconf 88' lang='grc' dir='ltr'>μαρτυρίαν</span> <span class='ocrx_word' id='word_1_327' title='bbox 1303 4129 1457 4200; x_wconf 85' lang='grc' dir='ltr'>φέρει</span> <span class='ocrx_word' id='word_1_328' title='bbox 1480 4147 1494 4160; x_wconf 76' lang='grc' dir='ltr'><strong>ο</strong></span> <span class='ocrx_word' id='word_1_329' title='bbox 1527 4125 1684 4201; x_wconf 75' lang='grc' dir='ltr'>αἷμα,</span> <span class='ocrx_word' id='word_1_330' title='bbox 1719 4132 1782 4186; x_wconf 81' lang='grc' dir='ltr'><strong>τὸ</strong></span> 
     </span>
    </p>
   </div>
   <div class='ocr_carea' id='block_1_43' title="bbox 205 4219 1780 4295">
    <p class='ocr_par' dir='ltr' id='par_1_43' title="bbox 205 4219 1780 4295">
     <span class='ocr_line' id='line_1_43' title="bbox 205 4219 1780 4295; baseline 0.004 -22"><span class='ocrx_word' id='word_1_331' title='bbox 205 4221 376 4291; x_wconf 78' lang='grc' dir='ltr'>πάσης</span> <span class='ocrx_word' id='word_1_332' title='bbox 420 4219 801 4289; x_wconf 79' lang='grc' dir='ltr'>ἀνθοσαφικῆς</span> <span class='ocrx_word' id='word_1_333' title='bbox 842 4219 1095 4290; x_wconf 84' lang='grc' dir='ltr'>εὐχροίας</span> <span class='ocrx_word' id='word_1_334' title='bbox 1137 4221 1496 4295; x_wconf 77' lang='grc' dir='ltr'>χαριέστερον</span> <span class='ocrx_word' id='word_1_335' title='bbox 1544 4223 1780 4295; x_wconf 74' lang='grc' dir='ltr'>ὡραΐξον</span> 
     </span>
    </p>
   </div>
   <div class='ocr_carea' id='block_1_44' title="bbox 200 4311 1778 4383">
    <p class='ocr_par' dir='ltr' id='par_1_44' title="bbox 200 4311 1778 4383">
     <span class='ocr_line' id='line_1_44' title="bbox 200 4311 1778 4383; baseline 0.003 -19"><span class='ocrx_word' id='word_1_336' title='bbox 200 4313 293 4383; x_wconf 76' lang='grc' dir='ltr'>τὴν</span> <span class='ocrx_word' id='word_1_337' title='bbox 331 4312 424 4366; x_wconf 81' lang='grc' dir='ltr'><strong>τοῦ</strong></span> <span class='ocrx_word' id='word_1_338' title='bbox 472 4311 718 4383; x_wconf 78' lang='grc' dir='ltr'>Χριστοῦ</span> <span class='ocrx_word' id='word_1_339' title='bbox 761 4312 1114 4382; x_wconf 83' lang='grc' dir='ltr'>Ἐκκλησίαν,</span> <span class='ocrx_word' id='word_1_340' title='bbox 1153 4313 1294 4382; x_wconf 77' lang='grc' dir='ltr'>ὑπὲρ</span> <span class='ocrx_word' id='word_1_341' title='bbox 1349 4315 1563 4368; x_wconf 84' lang='grc' dir='ltr'>δικαίου</span> <span class='ocrx_word' id='word_1_342' title='bbox 1607 4332 1778 4369; x_wconf 69' lang='grc' dir='ltr'>κενωο</span> 
     </span>
    </p>
   </div>
   <div class='ocr_carea' id='block_1_45' title="bbox 202 4403 1774 4476">
    <p class='ocr_par' dir='ltr' id='par_1_45' title="bbox 202 4403 1774 4476">
     <span class='ocr_line' id='line_1_45' title="bbox 202 4403 1774 4476; baseline 0.003 -20"><span class='ocrx_word' id='word_1_343' title='bbox 202 4403 286 4459; x_wconf 81' lang='grc' dir='ltr'><strong>θὲν</strong></span> <span class='ocrx_word' id='word_1_344' title='bbox 318 4406 410 4459; x_wconf 75' lang='grc' dir='ltr'><strong>ἐπὶ</strong></span> <span class='ocrx_word' id='word_1_345' title='bbox 452 4405 605 4458; x_wconf 83' lang='grc' dir='ltr'>τέλει</span> <span class='ocrx_word' id='word_1_346' title='bbox 633 4404 726 4459; x_wconf 85' lang='grc' dir='ltr'><strong>τοῦ</strong></span> <span class='ocrx_word' id='word_1_347' title='bbox 768 4403 1002 4458; x_wconf 77' lang='grc' dir='ltr'>παλαιοῦ</span> <span class='ocrx_word' id='word_1_348' title='bbox 1052 4405 1244 4474; x_wconf 85' lang='grc' dir='ltr'>νόμου,</span> <span class='ocrx_word' id='word_1_349' title='bbox 1279 4405 1500 4475; x_wconf 78' lang='grc' dir='ltr'>καὶτῆς</span> <span class='ocrx_word' id='word_1_350' title='bbox 1528 4405 1774 4476; x_wconf 87' lang='grc' dir='ltr'>Χριστοῦ</span> 
     </span>
    </p>
   </div>
   <div class='ocr_carea' id='block_1_46' title="bbox 201 4497 1392 4569">
    <p class='ocr_par' dir='ltr' id='par_1_46' title="bbox 201 4497 1392 4569">
     <span class='ocr_line' id='line_1_46' title="bbox 201 4497 1392 4569; baseline 0.002 -19"><span class='ocrx_word' id='word_1_351' title='bbox 201 4499 494 4569; x_wconf 78' lang='grc' dir='ltr'>παρουσίας</span> <span class='ocrx_word' id='word_1_352' title='bbox 521 4498 864 4569; x_wconf 84' lang='grc' dir='ltr'>προεισόδιον</span> <span class='ocrx_word' id='word_1_353' title='bbox 905 4497 1065 4561; x_wconf 77' lang='grc' dir='ltr'>ἄνθος</span> <span class='ocrx_word' id='word_1_354' title='bbox 1101 4497 1392 4569; x_wconf 80' lang='grc' dir='ltr'>τυγχάνον.</span> 
     </span>
    </p>
   </div>
   <div class='ocr_carea' id='block_1_47' title="bbox 264 4583 1771 4658">
    <p class='ocr_par' dir='ltr' id='par_1_47' title="bbox 264 4583 1771 4658">
     <span class='ocr_line' id='line_1_47' title="bbox 264 4583 1771 4658; baseline -0.002 -15"><span class='ocrx_word' id='word_1_355' title='bbox 264 4589 324 4645; x_wconf 87' lang='grc' dir='ltr'><strong>δ’.</strong></span> <span class='ocrx_word' id='word_1_356' title='bbox 361 4590 501 4645; x_wconf 81' lang='grc' dir='ltr'>Ἀλλ’</span> <span class='ocrx_word' id='word_1_357' title='bbox 549 4591 701 4652; x_wconf 82' lang='grc' dir='ltr'>ὅπως</span> <span class='ocrx_word' id='word_1_358' title='bbox 743 4589 924 4653; x_wconf 86' lang='grc' dir='ltr'>τοῦτο,</span> <span class='ocrx_word' id='word_1_359' title='bbox 979 4589 1077 4642; x_wconf 73' lang='grc' dir='ltr'><strong>καὶ</strong></span> <span class='ocrx_word' id='word_1_360' title='bbox 1125 4589 1192 4641; x_wconf 93' lang='grc' dir='ltr'>δι’</span> <span class='ocrx_word' id='word_1_361' title='bbox 1234 4583 1294 4642; x_wconf 78' lang='grc' dir='ltr'>οὗ</span> <span class='ocrx_word' id='word_1_362' title='bbox 1353 4605 1518 4652; x_wconf 80' lang='grc' dir='ltr'>τινος,</span> <span class='ocrx_word' id='word_1_363' title='bbox 1553 4589 1648 4642; x_wconf 79' lang='grc' dir='ltr'>καὶ</span> <span class='ocrx_word' id='word_1_364' title='bbox 1686 4589 1771 4658; x_wconf 79' lang='grc' dir='ltr'><strong>ἐφ’</strong></span> 
     </span>
    </p>
   </div>
   <div class='ocr_carea' id='block_1_48' title="bbox 201 4676 1774 4758">
    <p class='ocr_par' dir='ltr' id='par_1_48' title="bbox 201 4676 1774 4758">
     <span class='ocr_line' id='line_1_48' title="bbox 201 4676 1774 4758; baseline -0.001 -21"><span class='ocrx_word' id='word_1_365' title='bbox 201 4676 334 4758; x_wconf 73' lang='grc' dir='ltr'>ᾗπερ</span> <span class='ocrx_word' id='word_1_366' title='bbox 371 4683 638 4737; x_wconf 79' lang='grc' dir='ltr'>ὑποθέσει</span> <span class='ocrx_word' id='word_1_367' title='bbox 676 4681 1000 4742; x_wconf 84' lang='grc' dir='ltr'>κεκένωται,</span> <span class='ocrx_word' id='word_1_368' title='bbox 1052 4681 1461 4750; x_wconf 82' lang='grc' dir='ltr'>μεθαρμοστέος</span> <span class='ocrx_word' id='word_1_369' title='bbox 1502 4684 1634 4750; x_wconf 78' lang='grc' dir='ltr'>ἡμῖν</span> <span class='ocrx_word' id='word_1_370' title='bbox 1665 4681 1774 4736; x_wconf 83' lang='grc' dir='ltr'><strong>ἀπὸ</strong></span> 
     </span>
    </p>
   </div>
   <div class='ocr_carea' id='block_1_49' title="bbox 201 4770 1772 4845">
    <p class='ocr_par' dir='ltr' id='par_1_49' title="bbox 201 4770 1772 4845">
     <span class='ocr_line' id='line_1_49' title="bbox 201 4770 1772 4845; baseline -0.001 -17"><span class='ocrx_word' id='word_1_371' title='bbox 201 4777 300 4828; x_wconf 86' lang='grc' dir='ltr'><strong>τῶν</strong></span> <span class='ocrx_word' id='word_1_372' title='bbox 353 4775 516 4845; x_wconf 83' lang='grc' dir='ltr'>ἱερῶν</span> <span class='ocrx_word' id='word_1_373' title='bbox 568 4772 920 4842; x_wconf 77' lang='grc' dir='ltr'>Εὑαγγελίων</span> <span class='ocrx_word' id='word_1_374' title='bbox 957 4771 1204 4840; x_wconf 81' lang='grc' dir='ltr'>ὁλόγος·</span> <span class='ocrx_word' id='word_1_375' title='bbox 1253 4770 1316 4825; x_wconf 89' lang='lat'><strong>&#39;0</strong></span> <span class='ocrx_word' id='word_1_376' title='bbox 1339 4771 1452 4840; x_wconf 75' lang='grc' dir='ltr'><strong>τὰρ</strong></span> <span class='ocrx_word' id='word_1_377' title='bbox 1497 4771 1772 4840; x_wconf 80' lang='grc' dir='ltr'>Ἡρώδης,</span> 
     </span>
    </p>
   </div>
   <div class='ocr_carea' id='block_1_50' title="bbox 201 4862 1773 4936">
    <p class='ocr_par' dir='ltr' id='par_1_50' title="bbox 201 4862 1773 4936">
     <span class='ocr_line' id='line_1_50' title="bbox 201 4862 1773 4936; baseline 0.005 -26"><span class='ocrx_word' id='word_1_378' title='bbox 201 4867 349 4935; x_wconf 69' lang='grc' dir='ltr'>φησὶ,</span> <span class='ocrx_word' id='word_1_379' title='bbox 378 4866 695 4936; x_wconf 73' lang='grc' dir='ltr'>κρατήσας</span> <span class='ocrx_word' id='word_1_380' title='bbox 720 4867 828 4918; x_wconf 76' lang='grc' dir='ltr'><strong>τὸν</strong></span> <span class='ocrx_word' id='word_1_381' title='bbox 869 4862 1163 4931; x_wconf 70' lang='grc' dir='ltr'>Ἰωάννην</span> <span class='ocrx_word' id='word_1_382' title='bbox 1185 4863 1409 4930; x_wconf 73' lang='grc' dir='ltr'>ἔδησεν</span> <span class='ocrx_word' id='word_1_383' title='bbox 1451 4864 1640 4918; x_wconf 77' lang='grc' dir='ltr'>αὑτὸν</span> <span class='ocrx_word' id='word_1_384' title='bbox 1673 4864 1773 4920; x_wconf 82' lang='grc' dir='ltr'><strong>καί</strong></span> 
     </span>
    </p>
   </div>
   <div class='ocr_carea' id='block_1_51' title="bbox 202 4955 1772 5028">
    <p class='ocr_par' dir='ltr' id='par_1_51' title="bbox 202 4955 1772 5028">
     <span class='ocr_line' id='line_1_51' title="bbox 202 4955 1772 5028; baseline -0.001 -18"><span class='ocrx_word' id='word_1_385' title='bbox 202 4956 358 5013; x_wconf 79' lang='grc' dir='ltr'>ἔθετο</span> <span class='ocrx_word' id='word_1_386' title='bbox 380 4958 450 5012; x_wconf 75' lang='grc' dir='ltr'><strong>ἐν</strong></span> <span class='ocrx_word' id='word_1_387' title='bbox 468 4955 723 5028; x_wconf 67' lang='grc' dir='ltr'>φυλακῇ</span> <span class='ocrx_word' id='word_1_388' title='bbox 742 4956 839 5009; x_wconf 79' lang='grc' dir='ltr'>διὰ</span> <span class='ocrx_word' id='word_1_389' title='bbox 884 4955 1212 5022; x_wconf 78' lang='grc' dir='ltr'>’Πρωδιὰδα</span> <span class='ocrx_word' id='word_1_390' title='bbox 1239 4955 1356 5023; x_wconf 78' lang='grc' dir='ltr'><strong>τὴν</strong></span> <span class='ocrx_word' id='word_1_391' title='bbox 1381 4955 1635 5025; x_wconf 73' lang='grc' dir='ltr'>γυναῖκα</span> <span class='ocrx_word' id='word_1_392' title='bbox 1677 4959 1772 5009; x_wconf 83' lang='grc' dir='ltr'><strong>Φι-</strong></span> 
     </span>
    </p>
   </div>
   <div class='ocr_carea' id='block_1_52' title="bbox 201 5048 1779 5119">
    <p class='ocr_par' dir='ltr' id='par_1_52' title="bbox 201 5048 1779 5119">
     <span class='ocr_line' id='line_1_52' title="bbox 201 5048 1779 5119; baseline 0.002 -18"><span class='ocrx_word' id='word_1_393' title='bbox 201 5049 420 5105; x_wconf 75' lang='grc' dir='ltr'>λιππου</span> <span class='ocrx_word' id='word_1_394' title='bbox 445 5051 556 5105; x_wconf 81' lang='grc' dir='ltr'><strong>τοῦ</strong></span> <span class='ocrx_word' id='word_1_395' title='bbox 596 5048 863 5117; x_wconf 65' lang='grc' dir='ltr'>ἀδελφοῦ</span> <span class='ocrx_word' id='word_1_396' title='bbox 895 5048 1110 5103; x_wconf 82' lang='grc' dir='ltr'>αὐτοῦ.</span> <span class='ocrx_word' id='word_1_397' title='bbox 1142 5049 1351 5119; x_wconf 79' lang='grc' dir='ltr'>Ἔλεγε</span> <span class='ocrx_word' id='word_1_398' title='bbox 1394 5050 1505 5119; x_wconf 71' lang='grc' dir='ltr'>γὰρ</span> <span class='ocrx_word' id='word_1_399' title='bbox 1544 5048 1705 5114; x_wconf 85' lang='grc' dir='ltr'><strong>αὐτῷ</strong></span> <span class='ocrx_word' id='word_1_400' title='bbox 1745 5052 1779 5104; x_wconf 85' lang='grc' dir='ltr'><strong>ό</strong></span> 
     </span>
    </p>
   </div>
   <div class='ocr_carea' id='block_1_53' title="bbox 214 5139 1778 5211">
    <p class='ocr_par' dir='ltr' id='par_1_53' title="bbox 214 5139 1778 5211">
     <span class='ocr_line' id='line_1_53' title="bbox 214 5139 1778 5211; baseline 0.002 -16"><span class='ocrx_word' id='word_1_401' title='bbox 214 5139 518 5211; x_wconf 64' lang='grc' dir='ltr'>Ἰωάννης,</span> <span class='ocrx_word' id='word_1_402' title='bbox 561 5143 685 5196; x_wconf 80' lang='grc' dir='ltr'><strong>Οὐκ</strong></span> <span class='ocrx_word' id='word_1_403' title='bbox 716 5141 923 5206; x_wconf 80' lang='grc' dir='ltr'>ἔξεστί</span> <span class='ocrx_word' id='word_1_404' title='bbox 958 5156 1058 5195; x_wconf 88' lang='grc' dir='ltr'>σοι</span> <span class='ocrx_word' id='word_1_405' title='bbox 1086 5141 1250 5208; x_wconf 76' lang='grc' dir='ltr'>ἔχειν</span> <span class='ocrx_word' id='word_1_406' title='bbox 1290 5143 1632 5209; x_wconf 56' lang='grc' dir='ltr'>αὐτήνκαὶ</span> <span class='ocrx_word' id='word_1_407' title='bbox 1683 5147 1778 5198; x_wconf 79' lang='grc' dir='ltr'><strong>θέ-</strong></span> 
     </span>
    </p>
   </div>
   <div class='ocr_carea' id='block_1_54' title="bbox 202 5234 1779 5304">
    <p class='ocr_par' dir='ltr' id='par_1_54' title="bbox 202 5234 1779 5304">
     <span class='ocr_line' id='line_1_54' title="bbox 202 5234 1779 5304; baseline 0.001 -16"><span class='ocrx_word' id='word_1_408' title='bbox 202 5235 318 5288; x_wconf 69' lang='grc' dir='ltr'>λων</span> <span class='ocrx_word' id='word_1_409' title='bbox 348 5235 536 5289; x_wconf 77' lang='grc' dir='ltr'>αὑτὸν</span> <span class='ocrx_word' id='word_1_410' title='bbox 584 5234 956 5296; x_wconf 75' lang='grc' dir='ltr'>ἀποκτεῖναι,</span> <span class='ocrx_word' id='word_1_411' title='bbox 1003 5235 1268 5303; x_wconf 67' lang='grc' dir='ltr'>ἐφοϐήθη</span> <span class='ocrx_word' id='word_1_412' title='bbox 1313 5237 1423 5288; x_wconf 77' lang='grc' dir='ltr'><strong>τὸν</strong></span> <span class='ocrx_word' id='word_1_413' title='bbox 1457 5236 1662 5304; x_wconf 74' lang='grc' dir='ltr'>ὄχλον,</span> <span class='ocrx_word' id='word_1_414' title='bbox 1689 5236 1779 5290; x_wconf 85' lang='grc' dir='ltr'>ὅτι</span> 
     </span>
    </p>
   </div>
   <div class='ocr_carea' id='block_1_55' title="bbox 202 5322 1776 5398">
    <p class='ocr_par' dir='ltr' id='par_1_55' title="bbox 202 5322 1776 5398">
     <span class='ocr_line' id='line_1_55' title="bbox 202 5322 1776 5398; baseline 0.003 -20"><span class='ocrx_word' id='word_1_415' title='bbox 202 5323 394 5394; x_wconf 73' lang='grc' dir='ltr'>ὥσπερ</span> <span class='ocrx_word' id='word_1_416' title='bbox 413 5325 738 5396; x_wconf 68' lang='grc' dir='ltr'>προφήτην</span> <span class='ocrx_word' id='word_1_417' title='bbox 770 5326 959 5379; x_wconf 80' lang='grc' dir='ltr'>αὐτὸν</span> <span class='ocrx_word' id='word_1_418' title='bbox 1005 5322 1192 5394; x_wconf 71' lang='grc' dir='ltr'>εἶχον.</span> <span class='ocrx_word' id='word_1_419' title='bbox 1245 5326 1467 5396; x_wconf 84' lang='grc' dir='ltr'>Πρῶτον</span> <span class='ocrx_word' id='word_1_420' title='bbox 1507 5327 1776 5398; x_wconf 80' lang='grc' dir='ltr'>ζητείσθω</span> 
     </span>
    </p>
   </div>
   <div class='ocr_carea' id='block_1_56' title="bbox 266 5439 1392 5506">
    <p class='ocr_par' dir='ltr' id='par_1_56' title="bbox 266 5439 1392 5506">
     <span class='ocr_line' id='line_1_56' title="bbox 266 5439 1392 5506; baseline 0.002 -14"><span class='ocrx_word' id='word_1_421' title='bbox 266 5439 308 5471; x_wconf 83' lang='grc'><strong>⁸⁸</strong></span> <span class='ocrx_word' id='word_1_422' title='bbox 342 5439 538 5494; x_wconf 83' lang='lat' dir='ltr'><strong>Matth.</strong></span> <span class='ocrx_word' id='word_1_423' title='bbox 572 5456 650 5506; x_wconf 74' lang='grc' dir='ltr'>χι,</span> <span class='ocrx_word' id='word_1_424' title='bbox 685 5440 770 5495; x_wconf 75' lang='grc'><strong>18.</strong></span> <span class='ocrx_word' id='word_1_425' title='bbox 847 5439 1098 5496; x_wconf 71' lang='lat' dir='ltr'><strong>l“Matth.</strong></span> <span class='ocrx_word' id='word_1_426' title='bbox 1127 5457 1237 5506; x_wconf 76' lang='lat' dir='ltr'><strong>xlv,</strong></span> <span class='ocrx_word' id='word_1_427' title='bbox 1270 5441 1303 5494; x_wconf 79' lang='grc'><strong>5</strong></span> <span class='ocrx_word' id='word_1_428' title='bbox 1338 5439 1392 5494; x_wconf 80' lang='lat'><strong>5.</strong></span> 
     </span>
    </p>
   </div>
   <div class='ocr_carea' id='block_1_57' title="bbox 268 5555 1770 5634">
    <p class='ocr_par' dir='ltr' id='par_1_57' title="bbox 268 5555 1770 5634">
     <span class='ocr_line' id='line_1_57' title="bbox 268 5555 1770 5634; baseline 0.005 -23"><span class='ocrx_word' id='word_1_429' title='bbox 268 5555 378 5634; x_wconf 60' lang='lat'><strong>(20)</strong></span> <span class='ocrx_word' id='word_1_430' title='bbox 408 5556 568 5634; x_wconf 78' lang='lat' dir='ltr'><strong>Quod</strong></span> <span class='ocrx_word' id='word_1_431' title='bbox 623 5557 862 5634; x_wconf 73' lang='lat' dir='ltr'><strong>Baptista</strong></span> <span class='ocrx_word' id='word_1_432' title='bbox 914 5562 1220 5634; x_wconf 65' lang='lat' dir='ltr'><strong>esstinctus</strong></span> <span class='ocrx_word' id='word_1_433' title='bbox 1269 5563 1642 5634; x_wconf 61' lang='lat' dir='ltr'><strong>praedicaverit</strong></span> <span class='ocrx_word' id='word_1_434' title='bbox 1683 5565 1770 5619; x_wconf 81' lang='lat' dir='ltr'><strong>de-</strong></span> 
     </span>
    </p>
   </div>
   <div class='ocr_carea' id='block_1_58' title="bbox 204 5627 1766 5698">
    <p class='ocr_par' dir='ltr' id='par_1_58' title="bbox 204 5627 1766 5698">
     <span class='ocr_line' id='line_1_58' title="bbox 204 5627 1766 5698; baseline 0.007 -19"><span class='ocrx_word' id='word_1_435' title='bbox 204 5629 362 5698; x_wconf 81' lang='lat' dir='ltr'><strong>tentis</strong></span> <span class='ocrx_word' id='word_1_436' title='bbox 417 5627 562 5698; x_wconf 86' lang='lat' dir='ltr'><strong>apud</strong></span> <span class='ocrx_word' id='word_1_437' title='bbox 622 5628 826 5685; x_wconf 79' lang='lat' dir='ltr'><strong>inferos</strong></span> <span class='ocrx_word' id='word_1_438' title='bbox 873 5632 1181 5693; x_wconf 85' lang='lat' dir='ltr'><strong>animabus.</strong></span> <span class='ocrx_word' id='word_1_439' title='bbox 1226 5627 1497 5690; x_wconf 75' lang='lat' dir='ltr'><strong>sententia</strong></span> <span class='ocrx_word' id='word_1_440' title='bbox 1545 5635 1766 5690; x_wconf 82' lang='lat' dir='ltr'><strong>Patrum</strong></span> 
     </span>
    </p>
   </div>
   <div class='ocr_carea' id='block_1_59' title="bbox 208 5697 1770 5775">
    <p class='ocr_par' dir='ltr' id='par_1_59' title="bbox 208 5697 1770 5775">
     <span class='ocr_line' id='line_1_59' title="bbox 208 5697 1770 5775; baseline 0.008 -26"><span class='ocrx_word' id='word_1_441' title='bbox 208 5697 406 5775; x_wconf 75' lang='lat' dir='ltr'><strong>aliquot</strong></span> <span class='ocrx_word' id='word_1_442' title='bbox 423 5697 550 5775; x_wconf 63' lang='lat' dir='ltr'><strong>fuit,</strong></span> <span class='ocrx_word' id='word_1_443' title='bbox 577 5714 768 5775; x_wconf 83' lang='lat' dir='ltr'><strong>nempe</strong></span> <span class='ocrx_word' id='word_1_444' title='bbox 799 5699 1112 5775; x_wconf 53' lang='grc' dir='ltr'><strong>ΔΗίιιροιχιί,</strong></span> <span class='ocrx_word' id='word_1_445' title='bbox 1147 5702 1422 5775; x_wconf 82' lang='lat' dir='ltr'><strong>Origenis,</strong></span> <span class='ocrx_word' id='word_1_446' title='bbox 1457 5715 1511 5760; x_wconf 91' lang='lat' dir='ltr'><strong>et</strong></span> <span class='ocrx_word' id='word_1_447' title='bbox 1551 5705 1770 5762; x_wconf 76' lang='lat' dir='ltr'><strong>Eusebii</strong></span> 
     </span>
    </p>
   </div>
   <div class='ocr_carea' id='block_1_60' title="bbox 207 5767 1773 5852">
    <p class='ocr_par' dir='ltr' id='par_1_60' title="bbox 207 5767 1773 5852">
     <span class='ocr_line' id='line_1_60' title="bbox 207 5767 1773 5852; baseline 0.008 -32"><span class='ocrx_word' id='word_1_448' title='bbox 207 5767 573 5835; x_wconf 69' lang='lat' dir='ltr'><strong>Alexandrini,</strong></span> <span class='ocrx_word' id='word_1_449' title='bbox 615 5779 671 5828; x_wconf 87' lang='lat' dir='ltr'><strong>ut</strong></span> <span class='ocrx_word' id='word_1_450' title='bbox 697 5767 751 5830; x_wconf 87' lang='lat' dir='ltr'><strong>in</strong></span> <span class='ocrx_word' id='word_1_451' title='bbox 787 5767 981 5844; x_wconf 70' lang='lat' dir='ltr'><strong>Spicil.</strong></span> <span class='ocrx_word' id='word_1_452' title='bbox 1015 5767 1172 5836; x_wconf 71' lang='lat' dir='ltr'><strong>Rem.</strong></span> <span class='ocrx_word' id='word_1_453' title='bbox 1212 5767 1372 5842; x_wconf 41' lang='lat' dir='ltr'><strong>tilX,</strong></span> <span class='ocrx_word' id='word_1_454' title='bbox 1480 5775 1607 5845; x_wconf 83' lang='lat'><strong>685,</strong></span> <span class='ocrx_word' id='word_1_455' title='bbox 1633 5776 1773 5836; x_wconf 53' lang='lat' dir='ltr'><strong>dixi.</strong></span> 
     </span>
    </p>
   </div>
   <div class='ocr_carea' id='block_1_61' title="bbox 1911 466 3488 558">
    <p class='ocr_par' dir='ltr' id='par_1_61' title="bbox 1911 466 3488 558">
     <span class='ocr_line' id='line_1_61' title="bbox 1911 466 3488 558; baseline 0.025 -39"><span class='ocrx_word' id='word_1_456' title='bbox 1911 466 2086 533; x_wconf 80' lang='lat' dir='ltr'><strong>phetae</strong></span> <span class='ocrx_word' id='word_1_457' title='bbox 2121 472 2272 530; x_wconf 83' lang='lat' dir='ltr'><strong>Isaiae</strong></span> <span class='ocrx_word' id='word_1_458' title='bbox 2301 487 2528 538; x_wconf 84' lang='lat' dir='ltr'><strong>sanctus</strong></span> <span class='ocrx_word' id='word_1_459' title='bbox 2552 485 2778 554; x_wconf 76' lang='lat' dir='ltr'><strong>sanguis</strong></span> <span class='ocrx_word' id='word_1_460' title='bbox 2806 486 3064 547; x_wconf 79' lang='lat' dir='ltr'><strong>bifariam</strong></span> <span class='ocrx_word' id='word_1_461' title='bbox 3087 507 3238 551; x_wconf 81' lang='lat' dir='ltr'><strong>serra</strong></span> <span class='ocrx_word' id='word_1_462' title='bbox 3267 497 3488 558; x_wconf 78' lang='lat' dir='ltr'><strong>dissecti</strong></span> 
     </span>
    </p>
   </div>
   <div class='ocr_carea' id='block_1_62' title="bbox 1907 559 3490 650">
    <p class='ocr_par' dir='ltr' id='par_1_62' title="bbox 1907 559 3490 650">
     <span class='ocr_line' id='line_1_62' title="bbox 1907 559 3490 650; baseline 0.021 -35"><span class='ocrx_word' id='word_1_463' title='bbox 1907 575 1938 616; x_wconf 90' lang='lat' dir='ltr'><strong>a</strong></span> <span class='ocrx_word' id='word_1_464' title='bbox 1966 559 2240 632; x_wconf 79' lang='lat' dir='ltr'><strong>Manasse,</strong></span> <span class='ocrx_word' id='word_1_465' title='bbox 2269 569 2361 638; x_wconf 90' lang='lat' dir='ltr'><strong>qui</strong></span> <span class='ocrx_word' id='word_1_466' title='bbox 2386 570 2453 626; x_wconf 87' lang='lat' dir='ltr'><strong>ad</strong></span> <span class='ocrx_word' id='word_1_467' title='bbox 2474 572 2872 634; x_wconf 82' lang='lat' dir='ltr'><strong>idololatricum</strong></span> <span class='ocrx_word' id='word_1_468' title='bbox 2897 583 3105 640; x_wconf 89' lang='lat' dir='ltr'><strong>cultum</strong></span> <span class='ocrx_word' id='word_1_469' title='bbox 3123 590 3490 650; x_wconf 78' lang='lat' dir='ltr'><strong>concitaverat</strong></span> 
     </span>
    </p>
   </div>
   <div class='ocr_carea' id='block_1_63' title="bbox 1905 651 3488 754">
    <p class='ocr_par' dir='ltr' id='par_1_63' title="bbox 1905 651 3488 754">
     <span class='ocr_line' id='line_1_63' title="bbox 1905 651 3488 754; baseline 0.023 -48"><span class='ocrx_word' id='word_1_470' title='bbox 1905 651 2268 754; x_wconf 77' lang='lat' dir='ltr'><strong>insanientem</strong></span> <span class='ocrx_word' id='word_1_471' title='bbox 2305 659 2464 718; x_wconf 81' lang='lat' dir='ltr'><strong>facile</strong></span> <span class='ocrx_word' id='word_1_472' title='bbox 2508 667 2914 740; x_wconf 86' lang='lat' dir='ltr'><strong>volubilemque</strong></span> <span class='ocrx_word' id='word_1_473' title='bbox 2967 673 3244 747; x_wconf 85' lang='lat' dir='ltr'><strong>lsraelem,</strong></span> <span class='ocrx_word' id='word_1_474' title='bbox 3282 687 3488 754; x_wconf 88' lang='lat' dir='ltr'><strong>quique</strong></span> 
     </span>
    </p>
   </div>
   <div class='ocr_carea' id='block_1_64' title="bbox 1905 747 3487 830">
    <p class='ocr_par' dir='ltr' id='par_1_64' title="bbox 1905 747 3487 830">
     <span class='ocr_line' id='line_1_64' title="bbox 1905 747 3487 830; baseline 0.02 -32"><span class='ocrx_word' id='word_1_475' title='bbox 1905 747 2252 814; x_wconf 87' lang='lat' dir='ltr'><strong>propheticas</strong></span> <span class='ocrx_word' id='word_1_476' title='bbox 2279 754 2603 812; x_wconf 87' lang='lat' dir='ltr'><strong>rvelationes</strong></span> <span class='ocrx_word' id='word_1_477' title='bbox 2625 758 2818 816; x_wconf 88' lang='lat' dir='ltr'><strong>audire</strong></span> <span class='ocrx_word' id='word_1_478' title='bbox 2845 777 2953 818; x_wconf 93' lang='lat' dir='ltr'><strong>non</strong></span> <span class='ocrx_word' id='word_1_479' title='bbox 2982 747 3314 826; x_wconf 53' lang='lat' dir='ltr'><strong>sustinebat:</strong></span> <span class='ocrx_word' id='word_1_480' title='bbox 3336 747 3487 830; x_wconf 68' lang='lat' dir='ltr'><strong>Talis</strong></span> 
     </span>
    </p>
   </div>
   <div class='ocr_carea' id='block_1_65' title="bbox 1903 837 3487 924">
    <p class='ocr_par' dir='ltr' id='par_1_65' title="bbox 1903 837 3487 924">
     <span class='ocr_line' id='line_1_65' title="bbox 1903 837 3487 924; baseline 0.02 -34"><span class='ocrx_word' id='word_1_481' title='bbox 1903 837 2068 892; x_wconf 87' lang='lat' dir='ltr'><strong>etiam</strong></span> <span class='ocrx_word' id='word_1_482' title='bbox 2106 839 2265 897; x_wconf 76' lang='lat' dir='ltr'><strong>fortis</strong></span> <span class='ocrx_word' id='word_1_483' title='bbox 2299 841 2543 900; x_wconf 85' lang='lat' dir='ltr'><strong>Eleazari</strong></span> <span class='ocrx_word' id='word_1_484' title='bbox 2569 863 2692 904; x_wconf 90' lang='lat' dir='ltr'><strong>cum</strong></span> <span class='ocrx_word' id='word_1_485' title='bbox 2720 861 2928 923; x_wconf 82' lang='lat' dir='ltr'><strong>septem</strong></span> <span class='ocrx_word' id='word_1_486' title='bbox 2963 857 3403 921; x_wconf 82' lang='lat' dir='ltr'><strong>adolescentibus</strong></span> <span class='ocrx_word' id='word_1_487' title='bbox 3428 875 3487 924; x_wconf 88' lang='lat' dir='ltr'><strong>et</strong></span> 
     </span>
    </p>
   </div>
   <div class='ocr_carea' id='block_1_66' title="bbox 1902 929 3484 1016">
    <p class='ocr_par' dir='ltr' id='par_1_66' title="bbox 1902 929 3484 1016">
     <span class='ocr_line' id='line_1_66' title="bbox 1902 929 3484 1016; baseline 0.019 -33"><span class='ocrx_word' id='word_1_488' title='bbox 1902 929 2071 986; x_wconf 84' lang='lat' dir='ltr'><strong>divini</strong></span> <span class='ocrx_word' id='word_1_489' title='bbox 2121 933 2287 988; x_wconf 89' lang='lat' dir='ltr'><strong>animi</strong></span> <span class='ocrx_word' id='word_1_490' title='bbox 2331 945 2536 1008; x_wconf 82' lang='lat' dir='ltr'><strong>matre,</strong></span> <span class='ocrx_word' id='word_1_491' title='bbox 2589 953 2812 1000; x_wconf 88' lang='lat' dir='ltr'><strong>sanctus</strong></span> <span class='ocrx_word' id='word_1_492' title='bbox 2863 963 3024 1016; x_wconf 87' lang='lat' dir='ltr'><strong>quem</strong></span> <span class='ocrx_word' id='word_1_493' title='bbox 3059 951 3365 1012; x_wconf 77' lang='lat' dir='ltr'><strong>Antiochus</strong></span> <span class='ocrx_word' id='word_1_494' title='bbox 3398 959 3484 1014; x_wconf 86' lang='lat' dir='ltr'><strong>di-</strong></span> 
     </span>
    </p>
   </div>
   <div class='ocr_carea' id='block_1_67' title="bbox 1905 1021 3486 1110">
    <p class='ocr_par' dir='ltr' id='par_1_67' title="bbox 1905 1021 3486 1110">
     <span class='ocr_line' id='line_1_67' title="bbox 1905 1021 3486 1110; baseline 0.02 -35"><span class='ocrx_word' id='word_1_495' title='bbox 1905 1025 2077 1078; x_wconf 78' lang='lat' dir='ltr'><strong>versis</strong></span> <span class='ocrx_word' id='word_1_496' title='bbox 2127 1026 2462 1085; x_wconf 83' lang='lat' dir='ltr'><strong>cruciatibus</strong></span> <span class='ocrx_word' id='word_1_497' title='bbox 2515 1021 3014 1110; x_wconf 37' lang='lat' dir='ltr'><strong>eli‘udit&#39;sanguis,</strong></span> <span class='ocrx_word' id='word_1_498' title='bbox 3052 1044 3182 1099; x_wconf 88' lang='lat' dir='ltr'><strong>dum</strong></span> <span class='ocrx_word' id='word_1_499' title='bbox 3227 1059 3486 1106; x_wconf 81' lang='lat' dir='ltr'><strong>constan-</strong></span> 
     </span>
    </p>
   </div>
   <div class='ocr_carea' id='block_1_68' title="bbox 1904 1115 3484 1207">
    <p class='ocr_par' dir='ltr' id='par_1_68' title="bbox 1904 1115 3484 1207">
     <span class='ocr_line' id='line_1_68' title="bbox 1904 1115 3484 1207; baseline 0.019 -38"><span class='ocrx_word' id='word_1_500' title='bbox 1904 1115 2032 1172; x_wconf 86' lang='lat' dir='ltr'><strong>tiam</strong></span> <span class='ocrx_word' id='word_1_501' title='bbox 2085 1117 2412 1176; x_wconf 87' lang='lat' dir='ltr'><strong>invictorum</strong></span> <span class='ocrx_word' id='word_1_502' title='bbox 2465 1123 2746 1182; x_wconf 90' lang='lat' dir='ltr'><strong>hominum</strong></span> <span class='ocrx_word' id='word_1_503' title='bbox 2802 1146 2900 1200; x_wconf 91' lang='lat' dir='ltr'><strong>pro</strong></span> <span class='ocrx_word' id='word_1_504' title='bbox 2951 1133 3043 1189; x_wconf 86' lang='lat' dir='ltr'><strong>Dei</strong></span> <span class='ocrx_word' id='word_1_505' title='bbox 3092 1136 3209 1207; x_wconf 80' lang='lat' dir='ltr'><strong>lege</strong></span> <span class='ocrx_word' id='word_1_506' title='bbox 3260 1142 3484 1198; x_wconf 83' lang='lat' dir='ltr'><strong>moleste</strong></span> 
     </span>
    </p>
   </div>
   <div class='ocr_carea' id='block_1_69' title="bbox 1902 1204 3483 1296">
    <p class='ocr_par' dir='ltr' id='par_1_69' title="bbox 1902 1204 3483 1296">
     <span class='ocr_line' id='line_1_69' title="bbox 1902 1204 3483 1296; baseline 0.017 -36"><span class='ocrx_word' id='word_1_507' title='bbox 1902 1204 2027 1270; x_wconf 79' lang='lat' dir='ltr'><strong>fert,</strong></span> <span class='ocrx_word' id='word_1_508' title='bbox 2067 1221 2204 1277; x_wconf 88' lang='lat' dir='ltr'><strong>quos</strong></span> <span class='ocrx_word' id='word_1_509' title='bbox 2249 1210 2302 1264; x_wconf 88' lang='lat' dir='ltr'><strong>in</strong></span> <span class='ocrx_word' id='word_1_510' title='bbox 2361 1211 2466 1266; x_wconf 83' lang='lat' dir='ltr'><strong>ﬁde</strong></span> <span class='ocrx_word' id='word_1_511' title='bbox 2514 1215 2742 1283; x_wconf 80' lang='lat' dir='ltr'><strong>perfecit</strong></span> <span class='ocrx_word' id='word_1_512' title='bbox 2795 1224 2990 1278; x_wconf 81' lang='lat' dir='ltr'><strong>mortis</strong></span> <span class='ocrx_word' id='word_1_513' title='bbox 3039 1204 3302 1296; x_wconf 79' lang='lat' dir='ltr'><strong>sigillum.</strong></span> <span class='ocrx_word' id='word_1_514' title='bbox 3337 1232 3483 1288; x_wconf 86' lang='lat' dir='ltr'><strong>Talis</strong></span> 
     </span>
    </p>
   </div>
   <div class='ocr_carea' id='block_1_70' title="bbox 1899 1297 3480 1391">
    <p class='ocr_par' dir='ltr' id='par_1_70' title="bbox 1899 1297 3480 1391">
     <span class='ocr_line' id='line_1_70' title="bbox 1899 1297 3480 1391; baseline 0.016 -38"><span class='ocrx_word' id='word_1_515' title='bbox 1899 1297 2134 1369; x_wconf 83' lang='lat' dir='ltr'><strong>denique</strong></span> <span class='ocrx_word' id='word_1_516' title='bbox 2165 1302 2442 1372; x_wconf 82' lang='lat' dir='ltr'><strong>prophetae</strong></span> <span class='ocrx_word' id='word_1_517' title='bbox 2465 1304 2743 1364; x_wconf 57' lang='lat' dir='ltr'><strong>Zacharias</strong></span> <span class='ocrx_word' id='word_1_518' title='bbox 2768 1324 2994 1370; x_wconf 85' lang='lat' dir='ltr'><strong>sanctus</strong></span> <span class='ocrx_word' id='word_1_519' title='bbox 3037 1321 3283 1389; x_wconf 76' lang='lat' dir='ltr'><strong>sanguis,</strong></span> <span class='ocrx_word' id='word_1_520' title='bbox 3316 1339 3480 1391; x_wconf 85' lang='lat' dir='ltr'><strong>quem</strong></span> 
     </span>
    </p>
   </div>
   <div class='ocr_carea' id='block_1_71' title="bbox 1899 1393 3482 1481">
    <p class='ocr_par' dir='ltr' id='par_1_71' title="bbox 1899 1393 3482 1481">
     <span class='ocr_line' id='line_1_71' title="bbox 1899 1393 3482 1481; baseline 0.017 -35"><span class='ocrx_word' id='word_1_521' title='bbox 1899 1401 2024 1448; x_wconf 84' lang='lat' dir='ltr'><strong>ante</strong></span> <span class='ocrx_word' id='word_1_522' title='bbox 2039 1393 2210 1450; x_wconf 85' lang='lat' dir='ltr'><strong>altare</strong></span> <span class='ocrx_word' id='word_1_523' title='bbox 2227 1411 2429 1453; x_wconf 87' lang='lat' dir='ltr'><strong>vesano</strong></span> <span class='ocrx_word' id='word_1_524' title='bbox 2443 1396 2756 1457; x_wconf 73' lang='lat' dir='ltr'><strong>Judzeorum</strong></span> <span class='ocrx_word' id='word_1_525' title='bbox 2781 1407 3076 1465; x_wconf 83' lang='lat' dir='ltr'><strong>crudelitas</strong></span> <span class='ocrx_word' id='word_1_526' title='bbox 3117 1413 3296 1481; x_wconf 88' lang='lat' dir='ltr'><strong>gladio</strong></span> <span class='ocrx_word' id='word_1_527' title='bbox 3344 1416 3482 1472; x_wconf 68' lang='grc' dir='ltr'>επα-</span> 
     </span>
    </p>
   </div>
   <div class='ocr_carea' id='block_1_72' title="bbox 1897 1485 3477 1567">
    <p class='ocr_par' dir='ltr' id='par_1_72' title="bbox 1897 1485 3477 1567">
     <span class='ocr_line' id='line_1_72' title="bbox 1897 1485 3477 1567; baseline 0.018 -29"><span class='ocrx_word' id='word_1_528' title='bbox 1897 1485 1995 1550; x_wconf 87' lang='lat' dir='ltr'><strong>dit,</strong></span> <span class='ocrx_word' id='word_1_529' title='bbox 2034 1486 2159 1542; x_wconf 88' lang='lat' dir='ltr'><strong>dum</strong></span> <span class='ocrx_word' id='word_1_530' title='bbox 2219 1491 2600 1548; x_wconf 88' lang='lat' dir='ltr'><strong>vaticiniorum</strong></span> <span class='ocrx_word' id='word_1_531' title='bbox 2654 1497 2903 1554; x_wconf 88' lang='lat' dir='ltr'><strong>notitiam</strong></span> <span class='ocrx_word' id='word_1_532' title='bbox 2937 1505 3127 1560; x_wconf 87' lang='lat' dir='ltr'><strong>audire</strong></span> <span class='ocrx_word' id='word_1_533' title='bbox 3173 1520 3477 1567; x_wconf 85' lang='lat' dir='ltr'><strong>recusaret.</strong></span> 
     </span>
    </p>
   </div>
   <div class='ocr_carea' id='block_1_73' title="bbox 1900 1577 3479 1670">
    <p class='ocr_par' dir='ltr' id='par_1_73' title="bbox 1900 1577 3479 1670">
     <span class='ocr_line' id='line_1_73' title="bbox 1900 1577 3479 1670; baseline 0.014 -34"><span class='ocrx_word' id='word_1_534' title='bbox 1900 1577 2007 1637; x_wconf 83' lang='lat' dir='ltr'><strong>Sed</strong></span> <span class='ocrx_word' id='word_1_535' title='bbox 2035 1594 2138 1634; x_wconf 90' lang='lat' dir='ltr'><strong>cur</strong></span> <span class='ocrx_word' id='word_1_536' title='bbox 2164 1596 2253 1637; x_wconf 92' lang='lat' dir='ltr'><strong>me</strong></span> <span class='ocrx_word' id='word_1_537' title='bbox 2281 1583 2436 1652; x_wconf 85' lang='lat' dir='ltr'><strong>plura</strong></span> <span class='ocrx_word' id='word_1_538' title='bbox 2489 1601 2775 1643; x_wconf 88' lang='lat' dir='ltr'><strong>recensere</strong></span> <span class='ocrx_word' id='word_1_539' title='bbox 2815 1602 3050 1661; x_wconf 81' lang='lat' dir='ltr'><strong>Oportet,</strong></span> <span class='ocrx_word' id='word_1_540' title='bbox 3084 1609 3281 1666; x_wconf 69' lang='lat' dir='ltr'><strong>praeter</strong></span> <span class='ocrx_word' id='word_1_541' title='bbox 3312 1618 3479 1670; x_wconf 85' lang='lat' dir='ltr'><strong>quam</strong></span> 
     </span>
    </p>
   </div>
   <div class='ocr_carea' id='block_1_74' title="bbox 1897 1669 3481 1754">
    <p class='ocr_par' dir='ltr' id='par_1_74' title="bbox 1897 1669 3481 1754">
     <span class='ocr_line' id='line_1_74' title="bbox 1897 1669 3481 1754; baseline 0.013 -31"><span class='ocrx_word' id='word_1_542' title='bbox 1897 1669 2223 1738; x_wconf 88' lang='lat' dir='ltr'><strong>compendio</strong></span> <span class='ocrx_word' id='word_1_543' title='bbox 2266 1671 2450 1728; x_wconf 83' lang='lat' dir='ltr'><strong>dicere</strong></span> <span class='ocrx_word' id='word_1_544' title='bbox 2473 1673 2542 1728; x_wconf 90' lang='lat' dir='ltr'><strong>de</strong></span> <span class='ocrx_word' id='word_1_545' title='bbox 2567 1676 2962 1747; x_wconf 82' lang='lat' dir='ltr'><strong>apostolorum,</strong></span> <span class='ocrx_word' id='word_1_546' title='bbox 2992 1669 3382 1754; x_wconf 85' lang='lat' dir='ltr'><strong>prophetarum</strong></span> <span class='ocrx_word' id='word_1_547' title='bbox 3414 1703 3481 1744; x_wconf 87' lang='lat' dir='ltr'><strong>ac</strong></span> 
     </span>
    </p>
   </div>
   <div class='ocr_carea' id='block_1_75' title="bbox 1899 1771 3477 1842">
    <p class='ocr_par' dir='ltr' id='par_1_75' title="bbox 1899 1771 3477 1842">
     <span class='ocr_line' id='line_1_75' title="bbox 1899 1771 3477 1842; baseline 0.014 -28"><span class='ocrx_word' id='word_1_548' title='bbox 1899 1773 2196 1832; x_wconf 85' lang='lat' dir='ltr'><strong>martyrum</strong></span> <span class='ocrx_word' id='word_1_549' title='bbox 2247 1771 2442 1820; x_wconf 89' lang='lat' dir='ltr'><strong>sancto</strong></span> <span class='ocrx_word' id='word_1_550' title='bbox 2501 1771 2788 1838; x_wconf 75' lang='lat' dir='ltr'><strong>sanguine,</strong></span> <span class='ocrx_word' id='word_1_551' title='bbox 2843 1786 3002 1842; x_wconf 84' lang='lat' dir='ltr'><strong>quem</strong></span> <span class='ocrx_word' id='word_1_552' title='bbox 3061 1775 3272 1832; x_wconf 88' lang='lat' dir='ltr'><strong>scelesti</strong></span> <span class='ocrx_word' id='word_1_553' title='bbox 3320 1781 3477 1836; x_wconf 91' lang='lat' dir='ltr'><strong>multi</strong></span> 
     </span>
    </p>
   </div>
   <div class='ocr_carea' id='block_1_76' title="bbox 1899 1852 3478 1938">
    <p class='ocr_par' dir='ltr' id='par_1_76' title="bbox 1899 1852 3478 1938">
     <span class='ocr_line' id='line_1_76' title="bbox 1899 1852 3478 1938; baseline 0.013 -31"><span class='ocrx_word' id='word_1_554' title='bbox 1899 1852 2190 1909; x_wconf 72' lang='lat' dir='ltr'><strong>homicidae</strong></span> <span class='ocrx_word' id='word_1_555' title='bbox 2234 1855 2563 1923; x_wconf 78' lang='lat' dir='ltr'><strong>eﬂ&#39;uderunt,</strong></span> <span class='ocrx_word' id='word_1_556' title='bbox 2593 1862 2753 1930; x_wconf 88' lang='lat' dir='ltr'><strong>quasi</strong></span> <span class='ocrx_word' id='word_1_557' title='bbox 2808 1878 2963 1934; x_wconf 62' lang='lat' dir='ltr'><strong>aqua:</strong></span> <span class='ocrx_word' id='word_1_558' title='bbox 2995 1869 3205 1938; x_wconf 87' lang='lat' dir='ltr'><strong>copiam</strong></span> <span class='ocrx_word' id='word_1_559' title='bbox 3237 1871 3290 1924; x_wconf 88' lang='lat' dir='ltr'><strong>iu</strong></span> <span class='ocrx_word' id='word_1_560' title='bbox 3321 1882 3478 1929; x_wconf 74' lang='lat' dir='ltr'><strong>teme</strong></span> 
     </span>
    </p>
   </div>
   <div class='ocr_carea' id='block_1_77' title="bbox 1895 1945 3477 2028">
    <p class='ocr_par' dir='ltr' id='par_1_77' title="bbox 1895 1945 3477 2028">
     <span class='ocr_line' id='line_1_77' title="bbox 1895 1945 3477 2028; baseline 0.011 -26"><span class='ocrx_word' id='word_1_561' title='bbox 1895 1945 2150 2013; x_wconf 83' lang='lat' dir='ltr'><strong>circuitu,</strong></span> <span class='ocrx_word' id='word_1_562' title='bbox 2169 1948 2372 2019; x_wconf 86' lang='lat' dir='ltr'><strong>quique</strong></span> <span class='ocrx_word' id='word_1_563' title='bbox 2386 1950 2680 2020; x_wconf 86' lang='lat' dir='ltr'><strong>impietatis</strong></span> <span class='ocrx_word' id='word_1_564' title='bbox 2704 1957 3114 2028; x_wconf 70' lang='lat' dir='ltr'><strong>exstinguenda:</strong></span> <span class='ocrx_word' id='word_1_565' title='bbox 3129 1961 3236 2016; x_wconf 85' lang='lat' dir='ltr'><strong>vim</strong></span> <span class='ocrx_word' id='word_1_566' title='bbox 3254 1963 3477 2020; x_wconf 68' lang='lat' dir='ltr'><strong>habuit?</strong></span> 
     </span>
    </p>
   </div>
   <div class='ocr_carea' id='block_1_78' title="bbox 1967 2103 3477 2192">
    <p class='ocr_par' dir='ltr' id='par_1_78' title="bbox 1967 2103 3477 2192">
     <span class='ocr_line' id='line_1_78' title="bbox 1967 2103 3477 2192; baseline 0.013 -34"><span class='ocrx_word' id='word_1_567' title='bbox 1967 2104 2019 2158; x_wconf 78' lang='lat'><strong>3.</strong></span> <span class='ocrx_word' id='word_1_568' title='bbox 2061 2103 2207 2160; x_wconf 86' lang='lat' dir='ltr'><strong>Talis</strong></span> <span class='ocrx_word' id='word_1_569' title='bbox 2239 2116 2322 2162; x_wconf 88' lang='lat' dir='ltr'><strong>est</strong></span> <span class='ocrx_word' id='word_1_570' title='bbox 2355 2105 2716 2178; x_wconf 87' lang='lat' dir='ltr'><strong>Baptizatoris</strong></span> <span class='ocrx_word' id='word_1_571' title='bbox 2753 2111 2957 2170; x_wconf 87' lang='lat' dir='ltr'><strong>Christi</strong></span> <span class='ocrx_word' id='word_1_572' title='bbox 3007 2115 3477 2192; x_wconf 76' lang='lat' dir='ltr'><strong>Prtecursorisque</strong></span> 
     </span>
    </p>
   </div>
   <div class='ocr_carea' id='block_1_79' title="bbox 1895 2200 3478 2278">
    <p class='ocr_par' dir='ltr' id='par_1_79' title="bbox 1895 2200 3478 2278">
     <span class='ocr_line' id='line_1_79' title="bbox 1895 2200 3478 2278; baseline 0.011 -27"><span class='ocrx_word' id='word_1_573' title='bbox 1895 2204 2118 2252; x_wconf 85' lang='lat' dir='ltr'><strong>sanctus</strong></span> <span class='ocrx_word' id='word_1_574' title='bbox 2182 2200 2429 2268; x_wconf 80' lang='lat' dir='ltr'><strong>sanguis,</strong></span> <span class='ocrx_word' id='word_1_575' title='bbox 2476 2201 2542 2254; x_wconf 86' lang='lat' dir='ltr'><strong>de</strong></span> <span class='ocrx_word' id='word_1_576' title='bbox 2595 2219 2706 2271; x_wconf 89' lang='lat' dir='ltr'><strong>quo</strong></span> <span class='ocrx_word' id='word_1_577' title='bbox 2753 2206 2913 2260; x_wconf 87' lang='lat' dir='ltr'><strong>nobis</strong></span> <span class='ocrx_word' id='word_1_578' title='bbox 2950 2207 3040 2264; x_wconf 87' lang='lat' dir='ltr'><strong>hic</strong></span> <span class='ocrx_word' id='word_1_579' title='bbox 3069 2209 3352 2268; x_wconf 83' lang='lat' dir='ltr'><strong>institutus</strong></span> <span class='ocrx_word' id='word_1_580' title='bbox 3393 2222 3478 2278; x_wconf 84' lang='lat' dir='ltr'><strong>est</strong></span> 
     </span>
    </p>
   </div>
   <div class='ocr_carea' id='block_1_80' title="bbox 1894 2290 3477 2372">
    <p class='ocr_par' dir='ltr' id='par_1_80' title="bbox 1894 2290 3477 2372">
     <span class='ocr_line' id='line_1_80' title="bbox 1894 2290 3477 2372; baseline 0.012 -32"><span class='ocrx_word' id='word_1_581' title='bbox 1894 2303 2074 2346; x_wconf 87' lang='lat' dir='ltr'><strong>sermo</strong></span> <span class='ocrx_word' id='word_1_582' title='bbox 2105 2305 2120 2349; x_wconf 83' lang='lat'><strong>:</strong></span> <span class='ocrx_word' id='word_1_583' title='bbox 2157 2290 2249 2360; x_wconf 90' lang='lat' dir='ltr'><strong>qui</strong></span> <span class='ocrx_word' id='word_1_584' title='bbox 2298 2291 2601 2350; x_wconf 79' lang='lat' dir='ltr'><strong>exhaustus</strong></span> <span class='ocrx_word' id='word_1_585' title='bbox 2637 2294 2740 2350; x_wconf 78' lang='lat' dir='ltr'><strong>fuit</strong></span> <span class='ocrx_word' id='word_1_586' title='bbox 2796 2307 2853 2351; x_wconf 91' lang='lat' dir='ltr'><strong>ut</strong></span> <span class='ocrx_word' id='word_1_587' title='bbox 2876 2300 3170 2367; x_wconf 87' lang='lat' dir='ltr'><strong>pretiosum</strong></span> <span class='ocrx_word' id='word_1_588' title='bbox 3233 2319 3477 2372; x_wconf 85' lang='lat' dir='ltr'><strong>unguen-</strong></span> 
     </span>
    </p>
   </div>
   <div class='ocr_carea' id='block_1_81' title="bbox 1896 2385 3477 2452">
    <p class='ocr_par' dir='ltr' id='par_1_81' title="bbox 1896 2385 3477 2452">
     <span class='ocr_line' id='line_1_81' title="bbox 1896 2385 3477 2452; baseline 0.011 -18"><span class='ocrx_word' id='word_1_589' title='bbox 1896 2389 2009 2434; x_wconf 86' lang='lat' dir='ltr'><strong>tum</strong></span> <span class='ocrx_word' id='word_1_590' title='bbox 2043 2397 2106 2436; x_wconf 82' lang='lat' dir='ltr'><strong>ex</strong></span> <span class='ocrx_word' id='word_1_591' title='bbox 2147 2397 2304 2438; x_wconf 86' lang='lat' dir='ltr'><strong>sacra</strong></span> <span class='ocrx_word' id='word_1_592' title='bbox 2337 2385 2573 2448; x_wconf 82' lang='lat' dir='ltr'><strong>cervice,</strong></span> <span class='ocrx_word' id='word_1_593' title='bbox 2612 2396 2667 2441; x_wconf 90' lang='lat' dir='ltr'><strong>et</strong></span> <span class='ocrx_word' id='word_1_594' title='bbox 2697 2396 2964 2446; x_wconf 89' lang='lat' dir='ltr'><strong>terrarum</strong></span> <span class='ocrx_word' id='word_1_595' title='bbox 2989 2391 3176 2448; x_wconf 85' lang='lat' dir='ltr'><strong>orbem</strong></span> <span class='ocrx_word' id='word_1_596' title='bbox 3211 2396 3477 2452; x_wconf 80' lang='lat' dir='ltr'><strong>suavitate</strong></span> 
     </span>
    </p>
   </div>
   <div class='ocr_carea' id='block_1_82' title="bbox 1893 2469 3570 2552">
    <p class='ocr_par' dir='ltr' id='par_1_82' title="bbox 1893 2469 3570 2552">
     <span class='ocr_line' id='line_1_82' title="bbox 1893 2469 3570 2552; baseline 0.012 -30"><span class='ocrx_word' id='word_1_597' title='bbox 1893 2469 2132 2540; x_wconf 81' lang='lat' dir='ltr'><strong>perfudit</strong></span> <span class='ocrx_word' id='word_1_598' title='bbox 2166 2489 2179 2526; x_wconf 87' lang='lat'><strong>:</strong></span> <span class='ocrx_word' id='word_1_599' title='bbox 2213 2475 2458 2544; x_wconf 78' lang='lat' dir='ltr'><strong>sanguis,</strong></span> <span class='ocrx_word' id='word_1_600' title='bbox 2487 2491 2649 2544; x_wconf 88' lang='lat' dir='ltr'><strong>quem</strong></span> <span class='ocrx_word' id='word_1_601' title='bbox 2680 2493 2789 2533; x_wconf 89' lang='lat' dir='ltr'><strong>non</strong></span> <span class='ocrx_word' id='word_1_602' title='bbox 2817 2479 3027 2534; x_wconf 87' lang='lat' dir='ltr'><strong>ventris</strong></span> <span class='ocrx_word' id='word_1_603' title='bbox 3062 2482 3308 2552; x_wconf 86' lang='lat' dir='ltr'><strong>voluptas</strong></span> <span class='ocrx_word' id='word_1_604' title='bbox 3341 2487 3474 2540; x_wconf 79' lang='lat' dir='ltr'><strong>adu-</strong></span> <span class='ocrx_word' id='word_1_605' title='bbox 3567 2492 3570 2494; x_wconf 64' lang='grc'>⁷</span> 
     </span>
    </p>
   </div>
   <div class='ocr_carea' id='block_1_83' title="bbox 1893 2564 3470 2640">
    <p class='ocr_par' dir='ltr' id='par_1_83' title="bbox 1893 2564 3470 2640">
     <span class='ocr_line' id='line_1_83' title="bbox 1893 2564 3470 2640; baseline 0.01 -24"><span class='ocrx_word' id='word_1_606' title='bbox 1893 2564 2060 2628; x_wconf 88' lang='lat' dir='ltr'><strong>navit,</strong></span> <span class='ocrx_word' id='word_1_607' title='bbox 2098 2579 2208 2617; x_wconf 89' lang='lat' dir='ltr'><strong>non</strong></span> <span class='ocrx_word' id='word_1_608' title='bbox 2265 2566 2376 2620; x_wconf 89' lang='lat' dir='ltr'><strong>vini</strong></span> <span class='ocrx_word' id='word_1_609' title='bbox 2435 2569 2695 2637; x_wconf 86' lang='lat' dir='ltr'><strong>sumptio,</strong></span> <span class='ocrx_word' id='word_1_610' title='bbox 2729 2586 2841 2624; x_wconf 89' lang='lat' dir='ltr'><strong>non</strong></span> <span class='ocrx_word' id='word_1_611' title='bbox 2905 2573 3152 2630; x_wconf 89' lang='lat' dir='ltr'><strong>carnium</strong></span> <span class='ocrx_word' id='word_1_612' title='bbox 3180 2591 3329 2640; x_wconf 87' lang='lat' dir='ltr'><strong>esus,</strong></span> <span class='ocrx_word' id='word_1_613' title='bbox 3362 2593 3470 2632; x_wconf 87' lang='lat' dir='ltr'><strong>non</strong></span> 
     </span>
    </p>
   </div>
   <div class='ocr_carea' id='block_1_84' title="bbox 1893 2653 3473 2727">
    <p class='ocr_par' dir='ltr' id='par_1_84' title="bbox 1893 2653 3473 2727">
     <span class='ocr_line' id='line_1_84' title="bbox 1893 2653 3473 2727; baseline 0.011 -21"><span class='ocrx_word' id='word_1_614' title='bbox 1893 2653 2039 2708; x_wconf 84' lang='lat' dir='ltr'><strong>aliud</strong></span> <span class='ocrx_word' id='word_1_615' title='bbox 2097 2656 2395 2726; x_wconf 84' lang='lat' dir='ltr'><strong>quidquam</strong></span> <span class='ocrx_word' id='word_1_616' title='bbox 2439 2658 2822 2727; x_wconf 75' lang='lat' dir='ltr'><strong>pinguei‘acere</strong></span> <span class='ocrx_word' id='word_1_617' title='bbox 2869 2663 3091 2719; x_wconf 85' lang='lat' dir='ltr'><strong>solitum</strong></span> <span class='ocrx_word' id='word_1_618' title='bbox 3139 2674 3192 2722; x_wconf 85' lang='lat' dir='ltr'><strong>et</strong></span> <span class='ocrx_word' id='word_1_619' title='bbox 3227 2681 3473 2722; x_wconf 84' lang='lat' dir='ltr'><strong>commo-</strong></span> 
     </span>
    </p>
   </div>
   <div class='ocr_carea' id='block_1_85' title="bbox 1895 2746 3472 2824">
    <p class='ocr_par' dir='ltr' id='par_1_85' title="bbox 1895 2746 3472 2824">
     <span class='ocr_line' id='line_1_85' title="bbox 1895 2746 3472 2824; baseline 0.007 -22"><span class='ocrx_word' id='word_1_620' title='bbox 1895 2746 2137 2802; x_wconf 87' lang='lat' dir='ltr'><strong>tionibus</strong></span> <span class='ocrx_word' id='word_1_621' title='bbox 2198 2748 2400 2803; x_wconf 79' lang='lat' dir='ltr'><strong>nostris</strong></span> <span class='ocrx_word' id='word_1_622' title='bbox 2436 2749 2670 2804; x_wconf 89' lang='lat' dir='ltr'><strong>blandiri</strong></span> <span class='ocrx_word' id='word_1_623' title='bbox 2705 2768 2718 2817; x_wconf 94' lang='lat'><strong>;</strong></span> <span class='ocrx_word' id='word_1_624' title='bbox 2754 2753 2849 2808; x_wconf 87' lang='lat' dir='ltr'><strong>sed</strong></span> <span class='ocrx_word' id='word_1_625' title='bbox 2906 2771 3068 2824; x_wconf 88' lang='lat' dir='ltr'><strong>quem</strong></span> <span class='ocrx_word' id='word_1_626' title='bbox 3131 2757 3200 2812; x_wconf 87' lang='lat' dir='ltr'><strong>ab</strong></span> <span class='ocrx_word' id='word_1_627' title='bbox 3243 2757 3472 2814; x_wconf 85' lang='lat' dir='ltr'><strong>incuna-</strong></span> 
     </span>
    </p>
   </div>
   <div class='ocr_carea' id='block_1_86' title="bbox 1891 2838 3472 2919">
    <p class='ocr_par' dir='ltr' id='par_1_86' title="bbox 1891 2838 3472 2919">
     <span class='ocr_line' id='line_1_86' title="bbox 1891 2838 3472 2919; baseline 0.006 -23"><span class='ocrx_word' id='word_1_628' title='bbox 1891 2838 2036 2896; x_wconf 83' lang='lat' dir='ltr'><strong>bulis</strong></span> <span class='ocrx_word' id='word_1_629' title='bbox 2067 2854 2238 2908; x_wconf 88' lang='lat' dir='ltr'><strong>usque</strong></span> <span class='ocrx_word' id='word_1_630' title='bbox 2270 2841 2338 2896; x_wconf 88' lang='lat' dir='ltr'><strong>ad</strong></span> <span class='ocrx_word' id='word_1_631' title='bbox 2369 2841 2492 2895; x_wconf 51' lang='lat' dir='ltr'><strong>vita).</strong></span> <span class='ocrx_word' id='word_1_632' title='bbox 2547 2843 2709 2898; x_wconf 78' lang='lat' dir='ltr'><strong>tinent</strong></span> <span class='ocrx_word' id='word_1_633' title='bbox 2740 2844 3084 2906; x_wconf 65' lang='lat' dir='ltr'><strong>abstinentiae</strong></span> <span class='ocrx_word' id='word_1_634' title='bbox 3127 2850 3298 2919; x_wconf 85' lang='lat' dir='ltr'><strong>gratia</strong></span> <span class='ocrx_word' id='word_1_635' title='bbox 3338 2865 3472 2908; x_wconf 83' lang='lat' dir='ltr'><strong>con-</strong></span> 
     </span>
    </p>
   </div>
   <div class='ocr_carea' id='block_1_87' title="bbox 1892 2929 3473 3012">
    <p class='ocr_par' dir='ltr' id='par_1_87' title="bbox 1892 2929 3473 3012">
     <span class='ocr_line' id='line_1_87' title="bbox 1892 2929 3473 3012; baseline 0.008 -27"><span class='ocrx_word' id='word_1_636' title='bbox 1892 2929 2061 2987; x_wconf 81' lang='lat' dir='ltr'><strong>fecit:</strong></span> <span class='ocrx_word' id='word_1_637' title='bbox 2099 2929 2249 2986; x_wconf 82' lang='lat' dir='ltr'><strong>Venit</strong></span> <span class='ocrx_word' id='word_1_638' title='bbox 2299 2933 2457 2998; x_wconf 75' lang='lat' dir='ltr'><strong>enim,</strong></span> <span class='ocrx_word' id='word_1_639' title='bbox 2506 2933 2785 3002; x_wconf 82' lang='lat' dir='ltr'><strong>Scriptura</strong></span> <span class='ocrx_word' id='word_1_640' title='bbox 2820 2937 3016 3007; x_wconf 89' lang='lat' dir='ltr'><strong>inquit.</strong></span> <span class='ocrx_word' id='word_1_641' title='bbox 3043 2938 3276 2998; x_wconf 76' lang='lat' dir='ltr'><strong>Joannes</strong></span> <span class='ocrx_word' id='word_1_642' title='bbox 3311 2957 3473 3012; x_wconf 78' lang='lat' dir='ltr'><strong>neque</strong></span> 
     </span>
    </p>
   </div>
   <div class='ocr_carea' id='block_1_88' title="bbox 1893 3021 3470 3100">
    <p class='ocr_par' dir='ltr' id='par_1_88' title="bbox 1893 3021 3470 3100">
     <span class='ocr_line' id='line_1_88' title="bbox 1893 3021 3470 3100; baseline 0.008 -24"><span class='ocrx_word' id='word_1_643' title='bbox 1893 3021 2220 3076; x_wconf 67' lang='lat' dir='ltr'><strong>manducone</strong></span> <span class='ocrx_word' id='word_1_644' title='bbox 2256 3033 2418 3093; x_wconf 75' lang='lat' dir='ltr'><strong>neque</strong></span> <span class='ocrx_word' id='word_1_645' title='bbox 2472 3023 2649 3078; x_wconf 84' lang='lat' dir='ltr'><strong>bibens</strong></span> <span class='ocrx_word' id='word_1_646' title='bbox 2672 3026 2718 3058; x_wconf 85' lang='grc'><strong>⁸³</strong></span> <span class='ocrx_word' id='word_1_647' title='bbox 2747 3045 2760 3081; x_wconf 91' lang='lat'>:</span> <span class='ocrx_word' id='word_1_648' title='bbox 2790 3029 3037 3098; x_wconf 78' lang='lat' dir='ltr'><strong>sanguis,</strong></span> <span class='ocrx_word' id='word_1_649' title='bbox 3076 3032 3168 3100; x_wconf 88' lang='lat' dir='ltr'><strong>qui</strong></span> <span class='ocrx_word' id='word_1_650' title='bbox 3203 3031 3470 3089; x_wconf 88' lang='lat' dir='ltr'><strong>Dominici</strong></span> 
     </span>
    </p>
   </div>
   <div class='ocr_carea' id='block_1_89' title="bbox 1894 3113 3468 3190">
    <p class='ocr_par' dir='ltr' id='par_1_89' title="bbox 1894 3113 3468 3190">
     <span class='ocr_line' id='line_1_89' title="bbox 1894 3113 3468 3190; baseline 0.007 -23"><span class='ocrx_word' id='word_1_651' title='bbox 1894 3113 2218 3169; x_wconf 88' lang='lat' dir='ltr'><strong>immortalis</strong></span> <span class='ocrx_word' id='word_1_652' title='bbox 2251 3115 2433 3184; x_wconf 88' lang='lat' dir='ltr'><strong>poculi</strong></span> <span class='ocrx_word' id='word_1_653' title='bbox 2461 3116 2713 3172; x_wconf 77' lang='lat' dir='ltr'><strong>eﬂusioni</strong></span> <span class='ocrx_word' id='word_1_654' title='bbox 2743 3122 2974 3188; x_wconf 71' lang='lat' dir='ltr'><strong>praeivit.</strong></span> <span class='ocrx_word' id='word_1_655' title='bbox 3007 3120 3300 3190; x_wconf 87' lang='lat' dir='ltr'><strong>Oportebat</strong></span> <span class='ocrx_word' id='word_1_656' title='bbox 3322 3125 3468 3180; x_wconf 88' lang='lat' dir='ltr'><strong>enim</strong></span> 
     </span>
    </p>
   </div>
   <div class='ocr_carea' id='block_1_90' title="bbox 1892 3203 3470 3282">
    <p class='ocr_par' dir='ltr' id='par_1_90' title="bbox 1892 3203 3470 3282">
     <span class='ocr_line' id='line_1_90' title="bbox 1892 3203 3470 3282; baseline 0.005 -22"><span class='ocrx_word' id='word_1_657' title='bbox 1892 3205 2030 3262; x_wconf 88' lang='lat' dir='ltr'><strong>lucis</strong></span> <span class='ocrx_word' id='word_1_658' title='bbox 2083 3203 2500 3276; x_wconf 75' lang='lat' dir='ltr'><strong>praecursorem,</strong></span> <span class='ocrx_word' id='word_1_659' title='bbox 2562 3218 2852 3279; x_wconf 89' lang='lat' dir='ltr'><strong>postquam</strong></span> <span class='ocrx_word' id='word_1_660' title='bbox 2903 3213 3183 3282; x_wconf 89' lang='lat' dir='ltr'><strong>splendida</strong></span> <span class='ocrx_word' id='word_1_661' title='bbox 3244 3229 3345 3268; x_wconf 87' lang='lat' dir='ltr'><strong>sua</strong></span> <span class='ocrx_word' id='word_1_662' title='bbox 3403 3215 3470 3270; x_wconf 87' lang='lat' dir='ltr'><strong>de</strong></span> 
     </span>
    </p>
   </div>
   <div class='ocr_carea' id='block_1_91' title="bbox 1887 3298 3470 3372">
    <p class='ocr_par' dir='ltr' id='par_1_91' title="bbox 1887 3298 3470 3372">
     <span class='ocr_line' id='line_1_91' title="bbox 1887 3298 3470 3372; baseline 0.004 -18"><span class='ocrx_word' id='word_1_663' title='bbox 1887 3298 2057 3354; x_wconf 82' lang='lat' dir='ltr'><strong>sterili</strong></span> <span class='ocrx_word' id='word_1_664' title='bbox 2093 3308 2268 3353; x_wconf 82' lang='lat' dir='ltr'><strong>matre</strong></span> <span class='ocrx_word' id='word_1_665' title='bbox 2318 3300 2598 3357; x_wconf 84' lang='lat' dir='ltr'><strong>nativitate</strong></span> <span class='ocrx_word' id='word_1_666' title='bbox 2630 3311 2786 3358; x_wconf 68' lang='lat' dir='ltr'><strong>terra:</strong></span> <span class='ocrx_word' id='word_1_667' title='bbox 2816 3313 3162 3372; x_wconf 87' lang='lat' dir='ltr'><strong>apparuerat,</strong></span> <span class='ocrx_word' id='word_1_668' title='bbox 3190 3305 3470 3360; x_wconf 85' lang='lat' dir='ltr'><strong>subterra-</strong></span> 
     </span>
    </p>
   </div>
   <div class='ocr_carea' id='block_1_92' title="bbox 1887 3391 3470 3465">
    <p class='ocr_par' dir='ltr' id='par_1_92' title="bbox 1887 3391 3470 3465">
     <span class='ocr_line' id='line_1_92' title="bbox 1887 3391 3470 3465; baseline 0.004 -20"><span class='ocrx_word' id='word_1_669' title='bbox 1887 3392 2004 3445; x_wconf 91' lang='lat' dir='ltr'><strong>neis</strong></span> <span class='ocrx_word' id='word_1_670' title='bbox 2029 3406 2252 3460; x_wconf 85' lang='lat' dir='ltr'><strong>quoque</strong></span> <span class='ocrx_word' id='word_1_671' title='bbox 2301 3391 2438 3448; x_wconf 88' lang='lat' dir='ltr'><strong>locis</strong></span> <span class='ocrx_word' id='word_1_672' title='bbox 2489 3408 2586 3462; x_wconf 87' lang='lat' dir='ltr'><strong>per</strong></span> <span class='ocrx_word' id='word_1_673' title='bbox 2611 3403 2839 3449; x_wconf 87' lang='lat' dir='ltr'><strong>mortem</strong></span> <span class='ocrx_word' id='word_1_674' title='bbox 2875 3410 3030 3450; x_wconf 85' lang='lat' dir='ltr'><strong>suam</strong></span> <span class='ocrx_word' id='word_1_675' title='bbox 3063 3396 3470 3465; x_wconf 67' lang='lat' dir='ltr'><strong>prmdicatorem</strong></span> 
     </span>
    </p>
   </div>
   <div class='ocr_carea' id='block_1_93' title="bbox 1885 3481 3467 3558">
    <p class='ocr_par' dir='ltr' id='par_1_93' title="bbox 1885 3481 3467 3558">
     <span class='ocr_line' id='line_1_93' title="bbox 1885 3481 3467 3558; baseline 0.004 -22"><span class='ocrx_word' id='word_1_676' title='bbox 1885 3481 2156 3538; x_wconf 85' lang='lat' dir='ltr'><strong>illustrem</strong></span> <span class='ocrx_word' id='word_1_677' title='bbox 2218 3481 2356 3536; x_wconf 80' lang='lat' dir='ltr'><strong>ﬁeri.</strong></span> <span class='ocrx_word' id='word_1_678' title='bbox 2421 3482 2679 3554; x_wconf 78' lang='lat' dir='ltr'><strong>Sanguis,</strong></span> <span class='ocrx_word' id='word_1_679' title='bbox 2715 3485 2808 3554; x_wconf 87' lang='lat' dir='ltr'><strong>qui</strong></span> <span class='ocrx_word' id='word_1_680' title='bbox 2858 3487 3030 3540; x_wconf 89' lang='lat' dir='ltr'><strong>multo</strong></span> <span class='ocrx_word' id='word_1_681' title='bbox 3093 3487 3268 3556; x_wconf 79' lang='lat' dir='ltr'><strong>magis</strong></span> <span class='ocrx_word' id='word_1_682' title='bbox 3299 3501 3467 3558; x_wconf 87' lang='lat' dir='ltr'><strong>quam</strong></span> 
     </span>
    </p>
   </div>
   <div class='ocr_carea' id='block_1_94' title="bbox 1883 3573 3468 3640">
    <p class='ocr_par' dir='ltr' id='par_1_94' title="bbox 1883 3573 3468 3640">
     <span class='ocr_line' id='line_1_94' title="bbox 1883 3573 3468 3640; baseline 0.003 -8"><span class='ocrx_word' id='word_1_683' title='bbox 1883 3574 2070 3632; x_wconf 84' lang='lat' dir='ltr'><strong>Abelis</strong></span> <span class='ocrx_word' id='word_1_684' title='bbox 2131 3573 2331 3640; x_wconf 83' lang='lat' dir='ltr'><strong>caedes,</strong></span> <span class='ocrx_word' id='word_1_685' title='bbox 2365 3574 2435 3628; x_wconf 90' lang='lat' dir='ltr'><strong>ad</strong></span> <span class='ocrx_word' id='word_1_686' title='bbox 2477 3589 2640 3630; x_wconf 83' lang='lat' dir='ltr'><strong>aures</strong></span> <span class='ocrx_word' id='word_1_687' title='bbox 2678 3575 2891 3632; x_wconf 90' lang='lat' dir='ltr'><strong>Domini</strong></span> <span class='ocrx_word' id='word_1_688' title='bbox 2946 3577 3186 3633; x_wconf 83' lang='lat' dir='ltr'><strong>Sabaoth</strong></span> <span class='ocrx_word' id='word_1_689' title='bbox 3221 3579 3468 3638; x_wconf 82' lang='lat' dir='ltr'><strong>clamat:</strong></span> 
     </span>
    </p>
   </div>
   <div class='ocr_carea' id='block_1_95' title="bbox 1883 3666 3467 3739">
    <p class='ocr_par' dir='ltr' id='par_1_95' title="bbox 1883 3666 3467 3739">
     <span class='ocr_line' id='line_1_95' title="bbox 1883 3666 3467 3739; baseline 0.003 -17"><span class='ocrx_word' id='word_1_690' title='bbox 1883 3681 2012 3722; x_wconf 88' lang='lat' dir='ltr'><strong>nam</strong></span> <span class='ocrx_word' id='word_1_691' title='bbox 2049 3666 2292 3736; x_wconf 88' lang='lat' dir='ltr'><strong>peractio</strong></span> <span class='ocrx_word' id='word_1_692' title='bbox 2328 3667 2532 3736; x_wconf 89' lang='lat' dir='ltr'><strong>operis,</strong></span> <span class='ocrx_word' id='word_1_693' title='bbox 2567 3668 2812 3739; x_wconf 69' lang='lat' dir='ltr'><strong>mysticae</strong></span> <span class='ocrx_word' id='word_1_694' title='bbox 2871 3669 3160 3738; x_wconf 83' lang='lat' dir='ltr'><strong>cujusdam</strong></span> <span class='ocrx_word' id='word_1_695' title='bbox 3197 3671 3348 3726; x_wconf 88' lang='lat' dir='ltr'><strong>vocis</strong></span> <span class='ocrx_word' id='word_1_696' title='bbox 3380 3680 3467 3728; x_wconf 85' lang='lat' dir='ltr'><strong>est</strong></span> 
     </span>
    </p>
   </div>
   <div class='ocr_carea' id='block_1_96' title="bbox 1884 3758 3467 3830">
    <p class='ocr_par' dir='ltr' id='par_1_96' title="bbox 1884 3758 3467 3830">
     <span class='ocr_line' id='line_1_96' title="bbox 1884 3758 3467 3830; baseline 0.002 -17"><span class='ocrx_word' id='word_1_697' title='bbox 1884 3758 2220 3823; x_wconf 86' lang='lat' dir='ltr'><strong>resonantia,</strong></span> <span class='ocrx_word' id='word_1_698' title='bbox 2262 3773 2370 3812; x_wconf 88' lang='lat' dir='ltr'><strong>non</strong></span> <span class='ocrx_word' id='word_1_699' title='bbox 2413 3773 2510 3827; x_wconf 85' lang='lat' dir='ltr'><strong>per</strong></span> <span class='ocrx_word' id='word_1_700' title='bbox 2534 3759 2743 3814; x_wconf 84' lang='lat' dir='ltr'><strong>vocalia</strong></span> <span class='ocrx_word' id='word_1_701' title='bbox 2794 3775 2997 3829; x_wconf 82' lang='lat' dir='ltr'><strong>organa</strong></span> <span class='ocrx_word' id='word_1_702' title='bbox 3050 3761 3327 3830; x_wconf 84' lang='lat' dir='ltr'><strong>prodiens,</strong></span> <span class='ocrx_word' id='word_1_703' title='bbox 3371 3762 3467 3818; x_wconf 86' lang='lat' dir='ltr'><strong>sed</strong></span> 
     </span>
    </p>
   </div>
   <div class='ocr_carea' id='block_1_97' title="bbox 1883 3849 3470 3922">
    <p class='ocr_par' dir='ltr' id='par_1_97' title="bbox 1883 3849 3470 3922">
     <span class='ocr_line' id='line_1_97' title="bbox 1883 3849 3470 3922; baseline 0.001 -16"><span class='ocrx_word' id='word_1_704' title='bbox 1883 3851 1954 3906; x_wconf 91' lang='lat' dir='ltr'><strong>ob</strong></span> <span class='ocrx_word' id='word_1_705' title='bbox 1991 3864 2106 3906; x_wconf 72' lang='lat' dir='ltr'><strong>sua:</strong></span> <span class='ocrx_word' id='word_1_706' title='bbox 2150 3849 2402 3906; x_wconf 70' lang='lat' dir='ltr'><strong>etiicaciae</strong></span> <span class='ocrx_word' id='word_1_707' title='bbox 2449 3852 2706 3906; x_wconf 88' lang='lat' dir='ltr'><strong>virtutem</strong></span> <span class='ocrx_word' id='word_1_708' title='bbox 2739 3853 2947 3912; x_wconf 86' lang='lat' dir='ltr'><strong>audita.</strong></span> <span class='ocrx_word' id='word_1_709' title='bbox 2977 3851 3210 3922; x_wconf 83' lang='lat' dir='ltr'><strong>Sanguis</strong></span> <span class='ocrx_word' id='word_1_710' title='bbox 3237 3857 3470 3922; x_wconf 78' lang='lat' dir='ltr'><strong>patriar-</strong></span> 
     </span>
    </p>
   </div>
   <div class='ocr_carea' id='block_1_98' title="bbox 1882 3941 3469 4013">
    <p class='ocr_par' dir='ltr' id='par_1_98' title="bbox 1882 3941 3469 4013">
     <span class='ocr_line' id='line_1_98' title="bbox 1882 3941 3469 4013; baseline 0.002 -16"><span class='ocrx_word' id='word_1_711' title='bbox 1882 3941 2003 3998; x_wconf 89' lang='lat' dir='ltr'><strong>chis</strong></span> <span class='ocrx_word' id='word_1_712' title='bbox 2034 3941 2394 3997; x_wconf 87' lang='lat' dir='ltr'><strong>venerabilior</strong></span> <span class='ocrx_word' id='word_1_713' title='bbox 2418 3981 2432 4006; x_wconf 92' lang='lat'><strong>,</strong></span> <span class='ocrx_word' id='word_1_714' title='bbox 2469 3943 2776 4012; x_wconf 80' lang='lat' dir='ltr'><strong>prophetis</strong></span> <span class='ocrx_word' id='word_1_715' title='bbox 2832 3943 3244 4010; x_wconf 12' lang='lat' dir='ltr'><strong>honorabiliorl,</strong></span> <span class='ocrx_word' id='word_1_716' title='bbox 3301 3943 3469 4013; x_wconf 84' lang='lat' dir='ltr'><strong>justis</strong></span> 
     </span>
    </p>
   </div>
   <div class='ocr_carea' id='block_1_99' title="bbox 1882 4034 3470 4103">
    <p class='ocr_par' dir='ltr' id='par_1_99' title="bbox 1882 4034 3470 4103">
     <span class='ocr_line' id='line_1_99' title="bbox 1882 4034 3470 4103; baseline 0 -13"><span class='ocrx_word' id='word_1_717' title='bbox 1882 4034 2163 4090; x_wconf 88' lang='lat' dir='ltr'><strong>sanctior:</strong></span> <span class='ocrx_word' id='word_1_718' title='bbox 2197 4049 2322 4088; x_wconf 85' lang='lat' dir='ltr'><strong>nam</strong></span> <span class='ocrx_word' id='word_1_719' title='bbox 2357 4041 2412 4088; x_wconf 91' lang='lat' dir='ltr'><strong>et</strong></span> <span class='ocrx_word' id='word_1_720' title='bbox 2442 4035 2701 4102; x_wconf 87' lang='lat' dir='ltr'><strong>apostolis</strong></span> <span class='ocrx_word' id='word_1_721' title='bbox 2759 4035 3103 4103; x_wconf 68' lang='lat' dir='ltr'><strong>praestantior</strong></span> <span class='ocrx_word' id='word_1_722' title='bbox 3125 4045 3302 4102; x_wconf 86' lang='lat' dir='ltr'><strong>est,et</strong></span> <span class='ocrx_word' id='word_1_723' title='bbox 3325 4051 3470 4090; x_wconf 89' lang='lat' dir='ltr'><strong>mar-</strong></span> 
     </span>
    </p>
   </div>
   <div class='ocr_carea' id='block_1_100' title="bbox 1883 4125 3457 4198">
    <p class='ocr_par' dir='ltr' id='par_1_100' title="bbox 1883 4125 3457 4198">
     <span class='ocr_line' id='line_1_100' title="bbox 1883 4125 3457 4198; baseline -0.001 -16"><span class='ocrx_word' id='word_1_724' title='bbox 1883 4127 2095 4198; x_wconf 83' lang='lat' dir='ltr'><strong>tyribus</strong></span> <span class='ocrx_word' id='word_1_725' title='bbox 2147 4126 2403 4194; x_wconf 88' lang='lat' dir='ltr'><strong>nobilior,</strong></span> <span class='ocrx_word' id='word_1_726' title='bbox 2435 4136 2495 4182; x_wconf 90' lang='lat' dir='ltr'><strong>ut</strong></span> <span class='ocrx_word' id='word_1_727' title='bbox 2525 4127 2704 4193; x_wconf 73' lang='lat' dir='ltr'><strong>iuagni</strong></span> <span class='ocrx_word' id='word_1_728' title='bbox 2739 4125 2901 4186; x_wconf 83' lang='lat' dir='ltr'><strong>Verbi</strong></span> <span class='ocrx_word' id='word_1_729' title='bbox 2935 4127 3158 4184; x_wconf 88' lang='lat' dir='ltr'><strong>verbum</strong></span> <span class='ocrx_word' id='word_1_730' title='bbox 3201 4133 3457 4186; x_wconf 87' lang='lat' dir='ltr'><strong>testatur.</strong></span> 
     </span>
    </p>
   </div>
   <div class='ocr_carea' id='block_1_101' title="bbox 1881 4217 3454 4292">
    <p class='ocr_par' dir='ltr' id='par_1_101' title="bbox 1881 4217 3454 4292">
     <span class='ocr_line' id='line_1_101' title="bbox 1881 4217 3454 4292; baseline -0.001 -14"><span class='ocrx_word' id='word_1_731' title='bbox 1881 4224 2116 4292; x_wconf 78' lang='lat' dir='ltr'><strong>Sanguis</strong></span> <span class='ocrx_word' id='word_1_732' title='bbox 2152 4221 2396 4292; x_wconf 88' lang='lat' dir='ltr'><strong>qualibet</strong></span> <span class='ocrx_word' id='word_1_733' title='bbox 2433 4221 2639 4276; x_wconf 87' lang='lat' dir='ltr'><strong>coloria</strong></span> <span class='ocrx_word' id='word_1_734' title='bbox 2699 4221 2935 4278; x_wconf 86' lang='lat' dir='ltr'><strong>tinctura</strong></span> <span class='ocrx_word' id='word_1_735' title='bbox 2990 4220 3212 4292; x_wconf 83' lang='lat' dir='ltr'><strong>gratior,</strong></span> <span class='ocrx_word' id='word_1_736' title='bbox 3243 4217 3454 4276; x_wconf 89' lang='lat' dir='ltr'><strong>Christi</strong></span> 
     </span>
    </p>
   </div>
   <div class='ocr_carea' id='block_1_102' title="bbox 1884 4310 3462 4381">
    <p class='ocr_par' dir='ltr' id='par_1_102' title="bbox 1884 4310 3462 4381">
     <span class='ocr_line' id='line_1_102' title="bbox 1884 4310 3462 4381; baseline -0.001 -15"><span class='ocrx_word' id='word_1_737' title='bbox 1884 4311 2189 4368; x_wconf 87' lang='lat' dir='ltr'><strong>Ecclesiam</strong></span> <span class='ocrx_word' id='word_1_738' title='bbox 2247 4321 2566 4375; x_wconf 85' lang='lat' dir='ltr'><strong>venustans,</strong></span> <span class='ocrx_word' id='word_1_739' title='bbox 2614 4325 2711 4380; x_wconf 88' lang='lat' dir='ltr'><strong>pro</strong></span> <span class='ocrx_word' id='word_1_740' title='bbox 2759 4311 2974 4381; x_wconf 70' lang='lat' dir='ltr'><strong>iustitia</strong></span> <span class='ocrx_word' id='word_1_741' title='bbox 3025 4311 3325 4366; x_wconf 80' lang='lat' dir='ltr'><strong>exhaustus</strong></span> <span class='ocrx_word' id='word_1_742' title='bbox 3355 4310 3462 4364; x_wconf 85' lang='lat' dir='ltr'><strong>sub</strong></span> 
     </span>
    </p>
   </div>
   <div class='ocr_carea' id='block_1_103' title="bbox 1883 4401 3465 4472">
    <p class='ocr_par' dir='ltr' id='par_1_103' title="bbox 1883 4401 3465 4472">
     <span class='ocr_line' id='line_1_103' title="bbox 1883 4401 3465 4472; baseline -0.001 -14"><span class='ocrx_word' id='word_1_743' title='bbox 1883 4403 2083 4458; x_wconf 82' lang='lat' dir='ltr'><strong>veteris</strong></span> <span class='ocrx_word' id='word_1_744' title='bbox 2144 4401 2278 4472; x_wconf 80' lang='lat' dir='ltr'><strong>legis</strong></span> <span class='ocrx_word' id='word_1_745' title='bbox 2313 4401 2497 4465; x_wconf 77' lang='lat' dir='ltr'><strong>tinem,</strong></span> <span class='ocrx_word' id='word_1_746' title='bbox 2525 4411 2578 4456; x_wconf 89' lang='lat' dir='ltr'><strong>et</strong></span> <span class='ocrx_word' id='word_1_747' title='bbox 2629 4401 2830 4458; x_wconf 88' lang='lat' dir='ltr'><strong>Christi</strong></span> <span class='ocrx_word' id='word_1_748' title='bbox 2864 4401 3200 4457; x_wconf 89' lang='lat' dir='ltr'><strong>advenientis</strong></span> <span class='ocrx_word' id='word_1_749' title='bbox 3249 4401 3465 4471; x_wconf 78' lang='lat' dir='ltr'><strong>ingres-</strong></span> 
     </span>
    </p>
   </div>
   <div class='ocr_carea' id='block_1_104' title="bbox 1809 4494 2728 4562">
    <p class='ocr_par' dir='ltr' id='par_1_104' title="bbox 1809 4494 2728 4562">
     <span class='ocr_line' id='line_1_104' title="bbox 1809 4494 2728 4562; baseline -0.005 -9"><span class='ocrx_word' id='word_1_750' title='bbox 1809 4509 1852 4562; x_wconf 81' lang='grc' dir='ltr'>ι)</span> <span class='ocrx_word' id='word_1_751' title='bbox 1881 4512 2002 4552; x_wconf 91' lang='lat' dir='ltr'><strong>sum</strong></span> <span class='ocrx_word' id='word_1_752' title='bbox 2034 4494 2184 4551; x_wconf 80' lang='lat' dir='ltr'><strong>ﬂoris</strong></span> <span class='ocrx_word' id='word_1_753' title='bbox 2229 4496 2402 4550; x_wconf 85' lang='lat' dir='ltr'><strong>instar</strong></span> <span class='ocrx_word' id='word_1_754' title='bbox 2423 4509 2728 4550; x_wconf 84' lang='lat' dir='ltr'><strong>exornans.</strong></span> 
     </span>
    </p>
   </div>
   <div class='ocr_carea' id='block_1_105' title="bbox 1953 4584 3461 4656">
    <p class='ocr_par' dir='ltr' id='par_1_105' title="bbox 1953 4584 3461 4656">
     <span class='ocr_line' id='line_1_105' title="bbox 1953 4584 3461 4656; baseline -0.005 -12"><span class='ocrx_word' id='word_1_755' title='bbox 1953 4589 2005 4644; x_wconf 75' lang='grc'><strong>4.</strong></span> <span class='ocrx_word' id='word_1_756' title='bbox 2045 4589 2149 4642; x_wconf 85' lang='lat' dir='ltr'><strong>Sed</strong></span> <span class='ocrx_word' id='word_1_757' title='bbox 2181 4587 2292 4656; x_wconf 87' lang='lat' dir='ltr'><strong>jam</strong></span> <span class='ocrx_word' id='word_1_758' title='bbox 2321 4585 2598 4656; x_wconf 88' lang='lat' dir='ltr'><strong>quomodo</strong></span> <span class='ocrx_word' id='word_1_759' title='bbox 2625 4585 2714 4641; x_wconf 89' lang='lat' dir='ltr'><strong>hic</strong></span> <span class='ocrx_word' id='word_1_760' title='bbox 2740 4585 2986 4655; x_wconf 83' lang='lat' dir='ltr'><strong>sanguis,</strong></span> <span class='ocrx_word' id='word_1_761' title='bbox 3013 4593 3066 4638; x_wconf 83' lang='lat' dir='ltr'><strong>et</strong></span> <span class='ocrx_word' id='word_1_762' title='bbox 3085 4584 3244 4654; x_wconf 89' lang='lat' dir='ltr'><strong>cujus</strong></span> <span class='ocrx_word' id='word_1_763' title='bbox 3273 4598 3461 4653; x_wconf 90' lang='lat' dir='ltr'><strong>opera,</strong></span> 
     </span>
    </p>
   </div>
   <div class='ocr_carea' id='block_1_106' title="bbox 1877 4676 3456 4752">
    <p class='ocr_par' dir='ltr' id='par_1_106' title="bbox 1877 4676 3456 4752">
     <span class='ocr_line' id='line_1_106' title="bbox 1877 4676 3456 4752; baseline -0.004 -14"><span class='ocrx_word' id='word_1_764' title='bbox 1877 4691 1929 4738; x_wconf 86' lang='lat' dir='ltr'><strong>et</strong></span> <span class='ocrx_word' id='word_1_765' title='bbox 1953 4696 2120 4752; x_wconf 87' lang='lat' dir='ltr'><strong>quam</strong></span> <span class='ocrx_word' id='word_1_766' title='bbox 2180 4679 2251 4734; x_wconf 88' lang='lat' dir='ltr'><strong>ob</strong></span> <span class='ocrx_word' id='word_1_767' title='bbox 2282 4693 2506 4733; x_wconf 83' lang='lat' dir='ltr'><strong>causam</strong></span> <span class='ocrx_word' id='word_1_768' title='bbox 2565 4679 2862 4734; x_wconf 83' lang='lat' dir='ltr'><strong>exhaustus</strong></span> <span class='ocrx_word' id='word_1_769' title='bbox 2912 4676 3095 4742; x_wconf 79' lang='lat' dir='ltr'><strong>fuerit,</strong></span> <span class='ocrx_word' id='word_1_770' title='bbox 3141 4676 3456 4745; x_wconf 71' lang='lat' dir='ltr'><strong>explanabit</strong></span> 
     </span>
    </p>
   </div>
   <div class='ocr_carea' id='block_1_107' title="bbox 1879 4763 3461 4837">
    <p class='ocr_par' dir='ltr' id='par_1_107' title="bbox 1879 4763 3461 4837">
     <span class='ocr_line' id='line_1_107' title="bbox 1879 4763 3461 4837; baseline -0.004 -11"><span class='ocrx_word' id='word_1_771' title='bbox 1879 4781 2064 4827; x_wconf 88' lang='lat' dir='ltr'><strong>nostra</strong></span> <span class='ocrx_word' id='word_1_772' title='bbox 2083 4772 2149 4824; x_wconf 88' lang='lat' dir='ltr'><strong>de</strong></span> <span class='ocrx_word' id='word_1_773' title='bbox 2167 4769 2340 4824; x_wconf 84' lang='lat' dir='ltr'><strong>sacris</strong></span> <span class='ocrx_word' id='word_1_774' title='bbox 2357 4766 2666 4837; x_wconf 84' lang='lat' dir='ltr'><strong>Evangeliis</strong></span> <span class='ocrx_word' id='word_1_775' title='bbox 2691 4767 2920 4822; x_wconf 88' lang='lat' dir='ltr'><strong>deducta</strong></span> <span class='ocrx_word' id='word_1_776' title='bbox 2948 4765 3144 4822; x_wconf 89' lang='lat' dir='ltr'><strong>oratio.</strong></span> <span class='ocrx_word' id='word_1_777' title='bbox 3176 4785 3195 4817; x_wconf 74' lang='grc' dir='ltr'><strong>ι</strong></span> <span class='ocrx_word' id='word_1_778' title='bbox 3227 4763 3461 4820; x_wconf 72' lang='lat' dir='ltr'><strong>Herodes</strong></span> 
     </span>
    </p>
   </div>
   <div class='ocr_carea' id='block_1_108' title="bbox 1876 4857 3461 4932">
    <p class='ocr_par' dir='ltr' id='par_1_108' title="bbox 1876 4857 3461 4932">
     <span class='ocr_line' id='line_1_108' title="bbox 1876 4857 3461 4932; baseline -0.005 -14"><span class='ocrx_word' id='word_1_779' title='bbox 1876 4868 2044 4927; x_wconf 85' lang='lat' dir='ltr'><strong>enim,</strong></span> <span class='ocrx_word' id='word_1_780' title='bbox 2083 4862 2262 4932; x_wconf 89' lang='lat' dir='ltr'><strong>inquit</strong></span> <span class='ocrx_word' id='word_1_781' title='bbox 2285 4859 2588 4930; x_wconf 87' lang='lat' dir='ltr'><strong>Scriptura,</strong></span> <span class='ocrx_word' id='word_1_782' title='bbox 2630 4861 2792 4913; x_wconf 80' lang='lat' dir='ltr'><strong>tenuit</strong></span> <span class='ocrx_word' id='word_1_783' title='bbox 2835 4858 3116 4922; x_wconf 83' lang='lat' dir='ltr'><strong>Joannem,</strong></span> <span class='ocrx_word' id='word_1_784' title='bbox 3140 4868 3188 4914; x_wconf 83' lang='lat' dir='ltr'><strong>et</strong></span> <span class='ocrx_word' id='word_1_785' title='bbox 3219 4857 3461 4930; x_wconf 75' lang='lat' dir='ltr'><strong>alligavit</strong></span> 
     </span>
    </p>
   </div>
   <div class='ocr_carea' id='block_1_109' title="bbox 1877 4948 3460 5020">
    <p class='ocr_par' dir='ltr' id='par_1_109' title="bbox 1877 4948 3460 5020">
     <span class='ocr_line' id='line_1_109' title="bbox 1877 4948 3460 5020; baseline -0.004 -12"><span class='ocrx_word' id='word_1_786' title='bbox 1877 4971 1998 5010; x_wconf 83' lang='lat' dir='ltr'><strong>eum</strong></span> <span class='ocrx_word' id='word_1_787' title='bbox 2032 4994 2048 5019; x_wconf 90' lang='lat'><strong>,</strong></span> <span class='ocrx_word' id='word_1_788' title='bbox 2079 4963 2128 5006; x_wconf 76' lang='lat' dir='ltr'><strong>et</strong></span> <span class='ocrx_word' id='word_1_789' title='bbox 2160 4953 2334 5020; x_wconf 83' lang='lat' dir='ltr'><strong>posuit</strong></span> <span class='ocrx_word' id='word_1_790' title='bbox 2355 4952 2412 5004; x_wconf 80' lang='lat' dir='ltr'><strong>in</strong></span> <span class='ocrx_word' id='word_1_791' title='bbox 2441 4965 2649 5004; x_wconf 82' lang='lat' dir='ltr'><strong>carcere</strong></span> <span class='ocrx_word' id='word_1_792' title='bbox 2699 4959 2912 5019; x_wconf 82' lang='lat' dir='ltr'><strong>propter</strong></span> <span class='ocrx_word' id='word_1_793' title='bbox 2943 4948 3298 5002; x_wconf 79' lang='lat' dir='ltr'><strong>IIerodiadom</strong></span> <span class='ocrx_word' id='word_1_794' title='bbox 3329 4963 3460 5002; x_wconf 73' lang='lat' dir='ltr'><strong>uxo-</strong></span> 
     </span>
    </p>
   </div>
   <div class='ocr_carea' id='block_1_110' title="bbox 1883 5039 3459 5115">
    <p class='ocr_par' dir='ltr' id='par_1_110' title="bbox 1883 5039 3459 5115">
     <span class='ocr_line' id='line_1_110' title="bbox 1883 5039 3459 5115; baseline -0.004 -13"><span class='ocrx_word' id='word_1_795' title='bbox 1883 5064 1992 5102; x_wconf 84' lang='lat' dir='ltr'><strong>rem</strong></span> <span class='ocrx_word' id='word_1_796' title='bbox 2019 5045 2254 5115; x_wconf 81' lang='lat' dir='ltr'><strong>Philippi</strong></span> <span class='ocrx_word' id='word_1_797' title='bbox 2289 5043 2473 5113; x_wconf 82' lang='lat' dir='ltr'><strong>fratris</strong></span> <span class='ocrx_word' id='word_1_798' title='bbox 2505 5042 2629 5108; x_wconf 79' lang='lat' dir='ltr'><strong>sui.</strong></span> <span class='ocrx_word' id='word_1_799' title='bbox 2672 5041 2885 5096; x_wconf 85' lang='lat' dir='ltr'><strong>Dicebat</strong></span> <span class='ocrx_word' id='word_1_800' title='bbox 2910 5044 3049 5096; x_wconf 86' lang='lat' dir='ltr'><strong>enim</strong></span> <span class='ocrx_word' id='word_1_801' title='bbox 3076 5040 3159 5095; x_wconf 84' lang='lat' dir='ltr'><strong>illi</strong></span> <span class='ocrx_word' id='word_1_802' title='bbox 3189 5039 3459 5096; x_wconf 73' lang='lat' dir='ltr'><strong>Joannes:</strong></span> 
     </span>
    </p>
   </div>
   <div class='ocr_carea' id='block_1_111' title="bbox 1880 5131 3456 5196">
    <p class='ocr_par' dir='ltr' id='par_1_111' title="bbox 1880 5131 3456 5196">
     <span class='ocr_line' id='line_1_111' title="bbox 1880 5131 3456 5196; baseline -0.005 -3"><span class='ocrx_word' id='word_1_803' title='bbox 1880 5139 2002 5194; x_wconf 88' lang='lat' dir='ltr'><strong>Non</strong></span> <span class='ocrx_word' id='word_1_804' title='bbox 2033 5139 2152 5191; x_wconf 81' lang='lat' dir='ltr'><strong>licet</strong></span> <span class='ocrx_word' id='word_1_805' title='bbox 2203 5136 2297 5190; x_wconf 78' lang='lat' dir='ltr'><strong>tibi</strong></span> <span class='ocrx_word' id='word_1_806' title='bbox 2319 5151 2434 5190; x_wconf 85' lang='lat' dir='ltr'><strong>eam</strong></span> <span class='ocrx_word' id='word_1_807' title='bbox 2465 5135 2697 5188; x_wconf 85' lang='lat' dir='ltr'><strong>habere:</strong></span> <span class='ocrx_word' id='word_1_808' title='bbox 2726 5144 2773 5186; x_wconf 90' lang='lat' dir='ltr'><strong>et</strong></span> <span class='ocrx_word' id='word_1_809' title='bbox 2808 5133 2978 5188; x_wconf 81' lang='lat' dir='ltr'><strong>volens</strong></span> <span class='ocrx_word' id='word_1_810' title='bbox 3009 5131 3161 5186; x_wconf 86' lang='lat' dir='ltr'><strong>illum</strong></span> <span class='ocrx_word' id='word_1_811' title='bbox 3205 5132 3456 5196; x_wconf 83' lang='lat' dir='ltr'><strong>occidere,</strong></span> 
     </span>
    </p>
   </div>
   <div class='ocr_carea' id='block_1_112' title="bbox 1881 5221 3456 5301">
    <p class='ocr_par' dir='ltr' id='par_1_112' title="bbox 1881 5221 3456 5301">
     <span class='ocr_line' id='line_1_112' title="bbox 1881 5221 3456 5301; baseline -0.006 -13"><span class='ocrx_word' id='word_1_812' title='bbox 1881 5235 2056 5288; x_wconf 80' lang='lat' dir='ltr'><strong>timuit</strong></span> <span class='ocrx_word' id='word_1_813' title='bbox 2076 5229 2348 5301; x_wconf 77' lang='lat' dir='ltr'><strong>populant,</strong></span> <span class='ocrx_word' id='word_1_814' title='bbox 2369 5231 2490 5300; x_wconf 83' lang='lat' dir='ltr'><strong>quia</strong></span> <span class='ocrx_word' id='word_1_815' title='bbox 2503 5229 2640 5282; x_wconf 86' lang='lat' dir='ltr'><strong>sicut</strong></span> <span class='ocrx_word' id='word_1_816' title='bbox 2660 5227 2963 5295; x_wconf 52' lang='lat' dir='ltr'><strong>proli/ictam</strong></span> <span class='ocrx_word' id='word_1_817' title='bbox 2987 5242 3104 5279; x_wconf 85' lang='lat' dir='ltr'><strong>eum</strong></span> <span class='ocrx_word' id='word_1_818' title='bbox 3118 5223 3372 5280; x_wconf 81' lang='lat' dir='ltr'><strong>habebant</strong></span> <span class='ocrx_word' id='word_1_819' title='bbox 3387 5221 3456 5278; x_wconf 73' lang='lat'><strong>“.</strong></span> 
     </span>
    </p>
   </div>
   <div class='ocr_carea' id='block_1_113' title="bbox 1879 5314 3456 5393">
    <p class='ocr_par' dir='ltr' id='par_1_113' title="bbox 1879 5314 3456 5393">
     <span class='ocr_line' id='line_1_113' title="bbox 1879 5314 3456 5393; baseline -0.008 -15"><span class='ocrx_word' id='word_1_820' title='bbox 1879 5324 2166 5393; x_wconf 63' lang='lat' dir='ltr'><strong>Quaeratur</strong></span> <span class='ocrx_word' id='word_1_821' title='bbox 2192 5321 2428 5392; x_wconf 87' lang='lat' dir='ltr'><strong>primum</strong></span> <span class='ocrx_word' id='word_1_822' title='bbox 2447 5319 2570 5390; x_wconf 86' lang='lat' dir='ltr'><strong>quis</strong></span> <span class='ocrx_word' id='word_1_823' title='bbox 2598 5318 2700 5374; x_wconf 89' lang='lat' dir='ltr'><strong>istc</strong></span> <span class='ocrx_word' id='word_1_824' title='bbox 2727 5317 2986 5382; x_wconf 80' lang='lat' dir='ltr'><strong>Herodes,</strong></span> <span class='ocrx_word' id='word_1_825' title='bbox 3022 5315 3227 5370; x_wconf 85' lang='lat' dir='ltr'><strong>etenim</strong></span> <span class='ocrx_word' id='word_1_826' title='bbox 3262 5314 3456 5368; x_wconf 87' lang='lat' dir='ltr'><strong>homo-</strong></span> 
     </span>
    </p>
   </div>
   <div class='ocr_carea' id='block_1_114' title="bbox 1875 5548 3461 5634">
    <p class='ocr_par' dir='ltr' id='par_1_114' title="bbox 1875 5548 3461 5634">
     <span class='ocr_line' id='line_1_114' title="bbox 1875 5548 3461 5634; baseline -0.009 -16"><span class='ocrx_word' id='word_1_827' title='bbox 1875 5577 2001 5618; x_wconf 90' lang='lat' dir='ltr'><strong>mus</strong></span> <span class='ocrx_word' id='word_1_828' title='bbox 2035 5579 2050 5628; x_wconf 91' lang='lat'><strong>;</strong></span> <span class='ocrx_word' id='word_1_829' title='bbox 2093 5560 2296 5634; x_wconf 88' lang='lat' dir='ltr'><strong>quibus</strong></span> <span class='ocrx_word' id='word_1_830' title='bbox 2319 5558 2600 5634; x_wconf 79' lang='lat' dir='ltr'><strong>addendos</strong></span> <span class='ocrx_word' id='word_1_831' title='bbox 2625 5563 2932 5634; x_wconf 68' lang='lat' dir='ltr'><strong>estauctor</strong></span> <span class='ocrx_word' id='word_1_832' title='bbox 2981 5559 3244 5634; x_wconf 73' lang='lat' dir='ltr'><strong>tractatus</strong></span> <span class='ocrx_word' id='word_1_833' title='bbox 3277 5548 3351 5634; x_wconf 69' lang='grc' dir='ltr'>ρο</span> <span class='ocrx_word' id='word_1_834' title='bbox 3387 5564 3461 5634; x_wconf 64' lang='grc' dir='ltr'>τεο</span> 
     </span>
    </p>
   </div>
   <div class='ocr_carea' id='block_1_115' title="bbox 1877 5619 3458 5697">
    <p class='ocr_par' dir='ltr' id='par_1_115' title="bbox 1877 5619 3458 5697">
     <span class='ocr_line' id='line_1_115' title="bbox 1877 5619 3458 5697; baseline -0.009 -10"><span class='ocrx_word' id='word_1_835' title='bbox 1877 5619 2246 5687; x_wconf 58' lang='lat' dir='ltr'><strong>muneratione</strong></span> <span class='ocrx_word' id='word_1_836' title='bbox 2298 5629 2480 5683; x_wconf 85' lang='lat' dir='ltr'><strong>statim</strong></span> <span class='ocrx_word' id='word_1_837' title='bbox 2521 5637 2644 5697; x_wconf 87' lang='lat' dir='ltr'><strong>post</strong></span> <span class='ocrx_word' id='word_1_838' title='bbox 2675 5626 2893 5697; x_wconf 68' lang='lat' dir='ltr'><strong>obitum</strong></span> <span class='ocrx_word' id='word_1_839' title='bbox 2938 5622 3226 5697; x_wconf 75' lang='lat' dir='ltr'><strong>animabus</strong></span> <span class='ocrx_word' id='word_1_840' title='bbox 3258 5619 3458 5684; x_wconf 87' lang='lat' dir='ltr'><strong>danda,</strong></span> 
     </span>
    </p>
   </div>
   <div class='ocr_carea' id='block_1_116' title="bbox 1878 5693 3460 5772">
    <p class='ocr_par' dir='ltr' id='par_1_116' title="bbox 1878 5693 3460 5772">
     <span class='ocr_line' id='line_1_116' title="bbox 1878 5693 3460 5772; baseline -0.009 -14"><span class='ocrx_word' id='word_1_841' title='bbox 1878 5705 2006 5759; x_wconf 91' lang='lat' dir='ltr'><strong>item</strong></span> <span class='ocrx_word' id='word_1_842' title='bbox 2043 5702 2201 5772; x_wconf 86' lang='lat' dir='ltr'><strong>apud</strong></span> <span class='ocrx_word' id='word_1_843' title='bbox 2224 5693 2548 5772; x_wconf 51' lang='lat' dir='ltr'><strong>nosScriptI</strong></span> <span class='ocrx_word' id='word_1_844' title='bbox 2599 5707 2699 5754; x_wconf 77' lang='lat' dir='ltr'><strong>cet.</strong></span> <span class='ocrx_word' id='word_1_845' title='bbox 2731 5708 2768 5750; x_wconf 84' lang='grc' dir='ltr'>ι.</span> <span class='ocrx_word' id='word_1_846' title='bbox 2805 5693 2918 5760; x_wconf 86' lang='lat' dir='ltr'><strong>VII,</strong></span> <span class='ocrx_word' id='word_1_847' title='bbox 2963 5710 3018 5766; x_wconf 89' lang='lat' dir='ltr'><strong>p.</strong></span> <span class='ocrx_word' id='word_1_848' title='bbox 3047 5693 3176 5760; x_wconf 71' lang='grc'><strong>266,</strong></span> <span class='ocrx_word' id='word_1_849' title='bbox 3209 5701 3264 5747; x_wconf 88' lang='lat' dir='ltr'><strong>ct</strong></span> <span class='ocrx_word' id='word_1_850' title='bbox 3311 5707 3460 5752; x_wconf 82' lang='lat' dir='ltr'><strong>nunc</strong></span> 
     </span>
    </p>
   </div>
   <div class='ocr_carea' id='block_1_117' title="bbox 1886 5770 2585 5853">
    <p class='ocr_par' dir='ltr' id='par_1_117' title="bbox 1886 5770 2585 5853">
     <span class='ocr_line' id='line_1_117' title="bbox 1886 5770 2585 5853; baseline -0.009 -21"><span class='ocrx_word' id='word_1_851' title='bbox 1886 5770 2122 5853; x_wconf 76' lang='lat' dir='ltr'><strong>denique</strong></span> <span class='ocrx_word' id='word_1_852' title='bbox 2164 5770 2505 5830; x_wconf 77' lang='lat' dir='ltr'><strong>Theodorus.</strong></span> <span class='ocrx_word' id='word_1_853' title='bbox 2583 5781 2585 5783; x_wconf 81' lang='grc'><strong>’</strong></span> 
     </span>
    </p>
   </div>
  </div>
