4064 6372
542 366 648 431 763

1727 369 1786 428 S.
1823 368 2216 433 THEODORI
2264 373 2609 434 STUDlT.‘E

3689 361 3798 427 764

545 479 726 550 nymia
761 478 1167 552 ambiguitatem
1217 479 1425 535 inducit
1483 478 1781 550 quominus
1830 495 1954 534 vera
2003 496 2122 550 per-

2228 483 2310 546 τίς
2347 478 2501 548 οὗτος
2534 485 2562 536 6
2609 482 2872 554 Ἡρώδης,
2919 481 3017 550 τῆς
3051 481 3375 552 ὁμωνυμίας
3405 476 3677 546 ἀσάφειαν
3699 477 3798 547 ὲμο

544 585 679 626 sona
708 571 1079 640 dignoscatur.
1115 569 1380 626 Nimirum
1413 580 1496 625 est
1521 569 1609 624 hic
1637 571 1927 624 tetrarcha.
1958 569 2117 626 Nam-

543 677 650 732 que
698 663 859 727 hujus
891 664 1168 732 paterqui
1205 662 1437 717 infantes
1485 662 1778 724 interemit,
1802 661 1970 716 multo
1997 673 2123 719 ante

545 754 774 808 obierat.
806 755 916 807 Cur
953 754 1042 807 hic
1065 762 1245 808 autem
1274 769 1302 806 a
1333 752 1544 806 Joanne
1591 752 2124 822 reprehendebatur?

545 844 693 916 quia,
727 845 962 915 legitima
991 843 1162 912 ejecta
1186 842 1438 912 conjuge,
1467 842 1642 895 Aretze
1673 842 1816 912 regis
1835 841 1958 906 tilia,
1997 840 2122 897 Phi-

545 934 674 1004 lippi
738 933 919 988 fratris
982 949 1206 987 uxorem
1242 933 1599 988 Herodiadem
1630 933 1732 988 sibi
1789 944 1978 988 contra
2042 933 2123 989 fas

547 1027 984 1094 desponsaverat.
1053 1023 1325 1079 Licuisset
1376 1025 1425 1078 ei
1467 1025 1654 1094 utique
1701 1024 1994 1078 liberorum
2029 1039 2123 1079 ex-

546 1126 749 1186 pertem
786 1116 982 1171 ducere
1017 1116 1071 1170 in
1115 1116 1432 1186 coniugium
1492 1117 1562 1170 ob
1601 1115 1978 1171 suscitandqu
2013 1116 2121 1172 fra-

549 1207 615 1262 tri
651 1221 859 1268 semen,
883 1205 1038 1274 juxta
1089 1205 1382 1261 Mosaicam
1437 1208 1610 1276 legem
1654 1225 1668 1272 ;
1701 1207 1794 1261 sed
1828 1207 2122 1262 liberorum

541 1298 654 1367 jam
714 1308 940 1353 matrem
978 1314 1084 1353 non
1143 1299 1340 1354 licebat
1373 1317 1386 1353 :
1420 1314 1583 1368 porro
1614 1307 1732 1352 erat
1789 1300 1914 1354 huic
1960 1300 2123 1355 filiola

546 1387 876 1459 homonyma
953 1386 1242 1452 llerodias,
1299 1389 1503 1460 aspidis
1563 1389 1740 1452 fetus,
1793 1390 2121 1445 diabolicum

545 1479 862 1548 perditionis
917 1495 1030 1535 sua:
1092 1480 1537 1534 instrumentum.
1599 1478 1747 1535 Justa
1804 1481 1966 1551 igitur
2027 1483 2123 1536 abs

545 1569 752 1626 Joanne
772 1571 1119 1642 reprehensio
1147 1571 1347 1635 fiebat;
1376 1579 1430 1625 et
1453 1569 1668 1640 quidem
1699 1573 1988 1625 monitoria
2015 1588 2120 1625 non

548 1661 962 1726 contumeliosa,
999 1661 1336 1716 medicinalis
1365 1675 1471 1714 non
1501 1658 1776 1714 vulnifica.
1805 1659 1947 1725 Quid
1978 1662 2120 1713 enim

549 1752 763 1808 aiebat?
796 1750 917 1807 Non
952 1753 1070 1806 licet
1099 1752 1192 1806 tibi
1218 1768 1333 1805 eam
1367 1751 1553 1804 habere
1586 1768 1604 1816 ;
1635 1760 1795 1818 atque
1852 1752 1917 1805 ad
1949 1751 2118 1821 legem

2225 574 2486 644 ποιούσης
2506 573 2598 628 τοῦ
2619 573 2970 642 όφειλομένου
2995 570 3288 642 προσώπου
3311 568 3602 640 δηλοῦσθαι
3623 585 3638 600 ·
3663 567 3800 620 615-

2222 666 2468 736 τράρχης
2493 663 2738 735 δηλονότι
2759 681 2774 695 ·
2804 666 2832 716 ὁ
2869 663 2978 731 γὰρ
3007 662 3195 716 τούτου
3243 662 3447 730 πατὴρ,
3489 661 3518 713 6
3546 659 3654 712 τῶν
3702 676 3798 728 νη-

2225 758 2362 808 πίων
2415 757 2710 826 ἀναιρέτης
2755 751 3160 824 τετελευτηκὼς
3207 749 3276 825 ἧν
3317 753 3515 806 πάλαι·
3549 751 3693 813 τίνος
3738 750 3798 803 δὲ

2223 845 2384 915 χάριν
2413 845 2675 914 ἠλέγχετο
2720 843 2873 914 παρὰ
2921 842 3016 896 τοῦ
3067 842 3314 896 Ἰωάννου
3342 859 3356 907 ;
3381 842 3462 895 ὄτι
3504 839 3606 906 τὴν
3642 839 3801 908 νομίο

2227 952 2342 1004 μως
2377 933 2738 1002 συναφθεῖσαν
2762 931 2910 1002 αύτῷ
2957 933 3191 1000 γυναῖκα
3237 928 3593 991 ὲκδεδιωκὼς,
3630 927 3801 997 ἤγουν

2222 1024 2319 1092 τὴν
2367 1023 2647 1092 θυγατέρα
2689 1023 2884 1093 Ἀρέτα
2928 1021 3020 1075 τοῦ
3075 1019 3495 1091 βασιλέως,τὴν
3521 1017 3618 1070 τοῦ
3647 1017 3804 1070 ἀδελ-

2230 1111 2333 1180 φοῦ
2357 1111 2629 1164 Φιλίππου
2673 1112 2979 1184 Ἡρωδιάδα
3006 1111 3339 1183 παρανόμως
3359 1111 3605 1180 ἐγήματο
3629 1126 3642 1139 ⁸
3671 1107 3803 1179 ὲξῆν

2223 1202 2332 1271 γάρ
2359 1203 2523 1255 αὑτὸν
2552 1203 2757 1257 ἄπαιδα
2793 1199 2960 1256 οὖσαν
2990 1201 3292 1271 ἀγαγέσθαι
3333 1203 3412 1264 εἰς
3442 1200 3631 1270 βίωσιν
3660 1199 3803 1269 πρὸς

2223 1292 2521 1347 ἀνάστασιν
2560 1293 2849 1364 ἀδελφικοῦ
2872 1294 3210 1364 σπέρματος,
3235 1293 3376 1345 κατὰ
3397 1291 3488 1344 τὸν
3516 1289 3803 1360 μωσαῖκδν

2223 1383 2419 1452 νόμον·
2452 1385 2727 1438 ὑπόπαιδα
2777 1385 2834 1438 δὲ
2880 1385 3294 1456 τυγχάνουσαν,
3339 1382 3592 1453 οὐδαμῶς
3645 1381 3798 1452 (21)·
3861 1383 3868 1390 ’

2221 1471 2290 1546 ἦν
2326 1476 2384 1529 δὲ
2421 1477 2558 1547 αὐτῇ
2602 1477 2930 1547 θυγάτριον,
2957 1478 2992 1546 ἠ
3039 1474 3328 1547 ὁμώνυμος
3397 1474 3693 1546 Ἡρωδιὰς,
3739 1474 3805 1527 τὸ

2225 1568 2443 1635 ἔγγονον
2473 1569 2573 1638 τῆς
2606 1569 2854 1632 ἀσπίδος,
2891 1569 2953 1622 τὸ
2980 1567 3289 1621 διαϐολικδν
3321 1567 3553 1638 ὄργανον
3584 1568 3688 1637 τῆς
3715 1567 3804 1618 οί-

2224 1658 2375 1720 κείας
2402 1657 2682 1721 ἀπωλείας
2701 1673 2715 1688 ⁸
2748 1657 2944 1711 ούκοῦν
2973 1657 3200 1720 εἰκότως
3226 1659 3254 1710 6
3280 1657 3502 1726 ἐλεγχος
3531 1656 3683 1726 παρά
3702 1653 3803 1707 τοῦ

2237 1749 2483 1803 Ἰωάννου
2504 1766 2518 1780 ·
2549 1751 2644 1804 καὶ
2667 1747 2821 1814 οὗτος
2857 1749 3332 1822 ὑπομνηματικδς,
3365 1748 3482 1802 ἀλλ’
3510 1749 3609 1817 οὐχ
3638 1747 3804 1816 ὕϐρι-

549 1843 898 1912 provocabat,
944 1842 1022 1898 sic
1054 1841 1164 1896 fere
1186 1842 1376 1897 dicens
1413 1859 1426 1896 :
1465 1841 1664 1895 videsis
1711 1849 1764 1894 et
1793 1855 1956 1895 nosce
1987 1843 2116 1910 quid

2228 1841 2425 1904 στικδς,
2462 1841 2828 1910 ἰατρευτικδς,
2865 1841 2979 1894 ἀλλ’
3017 1841 3079 1894 ού
3108 1839 3572 1911 τραυματοποιός.
3595 1839 3661 1891 Τί
3689 1838 3807 1908 γάρ

550 1932 643 1988 tibi
680 1933 765 1988 lex
797 1932 1043 2002 imperet.
1087 1931 1144 1986 Si
1192 1933 1384 2000 fratres
1429 1930 1588 1984 simul
1617 1930 1875 1996 habitent,
1904 1941 1952 1985 et
1983 1949 2118 1986 unus

547 2041 612 2078 ex
649 2024 731 2077 his
777 2025 1056 2089 moriatur,
1100 2039 1190 2076 nec
1229 2040 1400 2076 semen
1439 2024 1486 2076 ei
1531 2023 1735 2092 fuerit;
1763 2039 1866 2076 non
1907 2023 2120 2076 dabitur

545 2118 794 2172 exstincti
834 2132 968 2170 uxor
1005 2119 1112 2170 viro
1161 2116 1300 2168 haud
1335 2116 1778 2186 propinquo;sed
1830 2117 1929 2169 viri
1974 2116 2119 2169 illius

547 2209 716 2275 frater
769 2207 1092 2276 ingredietur
1121 2207 1190 2258 ad
1213 2223 1349 2269 eam,
1377 2216 1642 2276 sumetque
1672 2207 1771 2260 sibi
1807 2223 2042 2266 uxorem,
2071 2216 2119 2260 et

546 2313 664 2351 cum
698 2296 794 2350 illa
833 2297 1086 2350 habitabit
1113 2314 1132 2350 :
1158 2305 1206 2350 et
1236 2299 1282 2350 si
1322 2297 1495 2366 ﬁlium
1548 2299 1740 2366 pariet,
1776 2300 2120 2352 constituetur

545 2404 612 2444 ea:
641 2389 876 2458 defuncti
925 2391 1154 2453 nomine,
1188 2399 1234 2442 et
1274 2405 1378 2443 non
1405 2388 1662 2443 delabitur
1695 2406 1879 2443 nomen
1916 2390 2029 2458 ejus
2057 2405 2121 2445 ex

549 2481 726 2536 Israel
756 2482 823 2536 ⁸⁸.
870 2480 994 2536 Haec
1050 2482 1143 2536 tibi
1191 2482 1275 2536 lex
1316 2482 1665 2552 imperat;tu
1712 2498 1842 2537 vero
1896 2497 2118 2536 uxorem

548 2573 781 2638 duxisti,
819 2589 938 2643 qua!
969 2575 1134 2628 filiam
1167 2590 1234 2627 ex
1273 2572 1438 2628 fratre
1473 2582 1569 2627 tuo
1600 2583 1904 2643 susceptam
1936 2575 2117 2628 habet.

547 2662 624 2718 Ne
653 2666 836 2734 itaque
875 2665 1198 2735 legislatoris
1221 2665 1594 2734 praescriptum
1631 2665 2118 2735 prtetergrediaris;

547 2772 725 2824 neque
759 2773 1051 2826 purpuram
1094 2759 1337 2812 macules
1371 2757 1638 2826 sanguine
1669 2758 1896 2821 illicito;
1921 2768 2118 2811 etcum

547 2849 760 2904 eateris
787 2849 1033 2919 exemplo
1053 2864 1175 2903 esse
1192 2849 1411 2912 debeas,
1444 2865 1573 2904 cave
1600 2865 1667 2902 ne
1697 2849 1934 2904 subditis
1954 2864 2117 2903 causa

548 2939 806 3008 peccandi
843 2939 1093 2995 elliciaris
1127 2957 1141 2992 :
1172 2941 1398 3010 ideoque
1456 2941 1658 3008 justam
1712 2941 2117 2994 damnationem

547 3030 793 3100 patiaris,
829 3032 1076 3100 quoniam
1109 3033 1406 3085 districtum
1443 3031 1706 3101 judicium
1752 3047 1836 3086 eos
1867 3033 1957 3102 qui
1987 3033 2116 3086 enti-

549 3127 699 3172 uente
723 3119 982 3188 dignitate
1015 3131 1134 3173 sunt
1165 3131 1336 3174 manet
1360 3122 1424 3176 ⁸⁸.

2226 1950 2422 2004 φησινς
2453 1935 2574 1986 Οὐκ
2599 1933 2804 1993 ἔξεστί
2828 1949 2927 1987 σοι
2953 1933 3119 2002 ἔχειν
3145 1932 3340 1998 αὐτὴν
3367 1947 3381 1961 ⁸
3414 1930 3510 1983 ἐπὶ
3525 1930 3626 2000 τὴν
3647 1929 3805 1982 Θείαν

2225 2025 2384 2077 αὑτὸν
2422 2025 2740 2095 νομοθεσίαν
2773 2026 2980 2090 ἄνεισι,
3010 2023 3239 2078 τοιαῦτά
3274 2041 3394 2086 πως
3429 2023 3608 2090 λέγων
3632 2036 3647 2052 '
3691 2019 3806 2073 Ἴδε

2224 2116 2318 2168 καὶ
2345 2115 2609 2184 ὲπίγνωθι
2639 2115 2692 2168 τί
2723 2133 2804 2169 σοι
2845 2118 2873 2170 6
2923 2118 3089 2186 νόμος
3131 2113 3608 2185 παρακελεύεται·
3658 2113 3808 2166 Ἐὰν

2225 2207 2292 2260 δὲ
2335 2207 2726 2262 κατοικοῦσιν
2780 2207 3030 2278 ἀδελφοί
3071 2208 3169 2261 ἐπὶ
3201 2209 3268 2259 τὸ
3304 2207 3473 2270 αὐτὸ,
3510 2205 3608 2260 καὶ
3647 2206 3806 2258 ἀπο-

2227 2299 2376 2367 θάνῃ
2407 2295 2495 2366 εἷς
2529 2300 2599 2365 ἐξ
2633 2299 2854 2364 αὐτῶν,
2888 2299 3124 2368 σπέρμα
3159 2298 3227 2352 δὲ
3249 2297 3335 2365 μὴ
3371 2298 3466 2365 εἴη
3487 2295 3666 2362 αὐτῷ.
3688 2298 3806 2349 οὐκ

2226 2391 2455 2459 ἐστινὴ
2490 2392 2646 2462 γυνὴ
2689 2391 2794 2446 τοῦ
2827 2395 3184 2458 τεθνηκότος
3227 2389 3344 2453 ἕξω
3377 2388 3548 2456 ἀνδρί
3590 2386 3670 2455 μὴ
3701 2387 3806 2455 ἐγ-

2225 2480 2442 2551 γίζοντι
2465 2501 2478 2514 ·
2516 2487 2548 2538 ό
2573 2483 2840 2552 ἀδελφὸς
2867 2481 2974 2536 τοῦ
2994 2482 3216 2551 ἀνδρὸς
3241 2479 3431 2548 αὐτῆς
3451 2481 3815 2534 είσελεύσευ

2227 2575 2489 2642 ταιπρύς
2532 2575 2762 2642 αὐτὴν,
2791 2576 2889 2631 καὶ
2937 2576 3195 2645 λήψεται
3247 2575 3440 2642 αὐτὴν
3466 2572 3658 2638 ἐαυτῷ
3699 2591 3813 2642 rv-

2225 2664 2423 2729 ναῒκα,
2438 2667 2532 2720 καὶ
2548 2666 2903 2733 συνοικήσει
2921 2665 3098 2735 αὐτῇ
3120 2667 3216 2721 καὶ
3233 2666 3406 2720 ἐσται
3429 2666 3516 2730 τὸ,
3541 2664 3809 2728 παιδίον,

2227 2757 2259 2810 ὃ
2319 2757 2396 2812 ἂν
2432 2758 2647 2828 τεχθῇ,
2686 2760 3202 2826 κατασταθήσεται
3239 2760 3308 2813 ἐκ
3333 2741 3462 2812 ’τοῦ
3514 2760 3816 2827 ὀνόματος

2227 2849 2334 2903 τοῦ
2373 2853 2887 2918 τετελευτηκότος,
2917 2853 3016 2906 καὶ
3052 2855 3163 2906 οὐκ
3203 2850 3704 2920 ἐξαλειφθήσεται
3741 2850 3816 2903 τὸ

2229 2939 2416 3008 ὄνομα
2463 2943 2650 2997 αὐτοῦ
2684 2944 2766 3012 se
2808 2943 3080 3012 Ἰσραήλ.
3117 2943 3306 2997 Ταῦτά
3347 2960 3430 2996 σοι
3452 2945 3480 2996 6
3504 2943 3667 3013 νόμος
3705 2959 3816 2992 πα-

2233 3030 2581 3099 ρακελεύεται
2607 3049 2622 3064 ·
2656 3037 2720 3086 σὺ
2745 3033 2801 3086 δὲ
2840 3034 3137 3103 είσοικήσω
3179 3032 3278 3106 τὴν
3327 3032 3556 3102 ἔχουσαν
3597 3030 3816 3083 παιδίον

2229 3121 2292 3172 ὲκ
2319 3120 2414 3174 τοῦ
2439 3123 2669 3192 ἀδελφοῦ
2707 3141 2826 3177 σου.
2873 3124 2965 3194 Μὴ
2999 3124 3055 3176 δὲ
3096 3123 3349 3195 παραθῇς
3391 3123 3484 3177 τοῦ
3518 3121 3814 3190 νομοθέτου

545 3212 640 3264 τὸν
661 3213 783 3284 ὅρον
803 3228 816 3242 ’
849 3211 970 3282 μηδ’
1005 3213 1172 3282 αὐτὴν
1190 3213 1480 3282 ἁλουργίδα
1511 3213 1742 3286 μολύνῃς
1768 3214 1960 3285 αἵματι
1985 3213 2186 3284 ἀνοσίῳ
2212 3231 2226 3244 ·
2282 3216 2420 3285 μήτε
2443 3215 2595 3288 μὴνὸ
2621 3215 2800 3281 ἄλλοις
2859 3217 3028 3280 τύπος
3071 3215 3333 3286 εὐνομίας
3393 3216 3624 3286 ὀφείλων
3676 3212 3816 3266 καθο

548 3305 920 3370 εστάναι,τοῖς
947 3304 1051 3356 ὑπὸ
1076 3307 1232 3376 χεῖρα
1257 3304 1427 3368 αἴτιος
1464 3306 1690 3376 ὀφθείης
1719 3305 2099 3378 παρανομίας·
2140 3307 2245 3360 κάν
2307 3310 2483 3379 τούτῳ
2551 3309 2794 3372 ὑποίσοις
2835 3309 2896 3363 τὸ
2954 3311 3130 3380 κρῖμα
3169 3308 3398 3373 ἔνδικον,
3432 3307 3554 3360 Ὀτι
3615 3307 3818 3376 κρίσις

561 3396 861 3464 ἀπότομος
881 3395 952 3448 ἐν
972 3395 1098 3462 τοῖς
1119 3395 1485 3464 ὑπερέχουσι
1525 3397 1769 3466 γίνεται.
2165 3399 2210 3458 C

624 3491 678 3545 5.
717 3489 810 3544 ille
866 3499 1046 3544 autem
1096 3491 1332 3558 potentia
1376 3492 1584 3556 elatus,
1644 3489 1812 3546 Deum
1863 3495 2125 3552 exsistere

2302 3501 2362 3548 ε’.
2403 3491 2462 3545 'O
2491 3491 2548 3544 δὲ
2585 3489 2700 3560 ἅμα
2738 3485 2818 3558 τῷ
2861 3487 3074 3556 κράτει,
3101 3485 3195 3538 καὶ
3220 3485 3282 3537 τὸ
3324 3479 3465 3538 εἶναι
3508 3483 3642 3536 Θεὸν
3687 3484 3816 3535 ἐπι-

551 3582 771 3644 oblitus,
807 3579 1039 3643 furebat,
1077 3583 1156 3636 ira
1193 3582 1476 3645 aestuabat,
1513 3583 1989 3651 reprehensionem
2040 3601 2125 3642 re-

2229 3583 2587 3656 λελησμένος,
2632 3578 2848 3650 ἐμάνη,
2880 3578 3090 3648 ἐξήφθη
3128 3577 3206 3646 τῷ
3255 3575 3437 3645 θυμῷ,
3481 3575 3819 3628 ἀπεσείσατο

551 3673 800 3743 pellebat.
832 3671 950 3727 Non
979 3683 1061 3728 est
1091 3673 1334 3730 imitatus
1365 3673 1650 3741 Davidem,
1682 3675 1772 3744 qui
1803 3691 1833 3730 a
1864 3678 2125 3747 pr0pheta

2229 3679 2319 3732 τὸν
2350 3677 2578 3744 ἔλεγχον
2601 3688 2616 3702 ⁸
2644 3671 2746 3724 οὐκ
2805 3670 3118 3740 ἐμιμήσατο
3154 3667 3247 3719 τὸν
3291 3665 3478 3732 Δαὸὶδ,
3521 3665 3580 3727 ὃς
3621 3665 3816 3737 ἐπειδὴ

552 3763 794 3820 Nathane
821 3765 887 3818 de
935 3764 1184 3818 adulterii
1231 3765 1465 3818 crimine
1509 3775 1823 3834 eoargutus,
1853 3767 1906 3820 in
1937 3783 2127 3823 vocem

553 3857 699 3912 illam
730 3856 906 3925 erupit
934 3873 948 3909 :
982 3854 1202 3910 Peccavi
1234 3855 1456 3910 Domino
1482 3857 1742 3924 ":cujus
1782 3858 1852 3912 ob
1907 3857 2131 3913 humili-

553 3955 716 4001 tatem
743 3945 1006 4000 Dominus
1037 3955 1316 4016 peccatum
1339 3947 1639 4002 transtulit.
1677 3947 1780 4002 Sed
1814 3948 1921 4014 hic,
1955 3950 2132 4020 inquit

555 4036 856 4108 Scriptura,
910 4037 1333 4106 comprehensum
1396 4037 1659 4092 Joannem
1713 4040 1936 4094 vinculis
2007 4058 2130 4095 con-

554 4131 770 4184 strinxit
792 4141 839 4184 et
864 4130 1064 4182 carceri
1109 4131 1422 4184 tradidit”.
1455 4129 1738 4185 Hominem
1787 4133 2130 4202 philosophia

555 4223 814 4276 invictum
855 4220 1269 4290 comprehendit
1306 4221 1353 4276 is
1383 4222 1476 4292 qui
1508 4222 1742 4278 luxuriae
1770 4225 2024 4294 passione
2059 4236 2134 4283 te-

554 4312 782 4367 nebatur
814 4328 827 4365 :
872 4311 1145 4366 hominem
1174 4310 1430 4376 liberum,
1462 4321 1648 4380 utpote
1693 4315 1843 4368 omni
1881 4316 2133 4384 passione

564 4404 837 4468 solutum,
871 4403 1116 4469 alligavit
1176 4403 1222 4457 is
1260 4403 1353 4473 qui
1410 4403 1841 4474 intemperantiae
1904 4408 2134 4464 vinculis

556 4494 886 4548 constrictus
901 4501 1018 4547 erat
1051 4512 1063 4547 :
1088 4493 1366 4548 custodem
1395 4495 1916 4567 praedicatorcmque
1943 4497 2120 4554 Eccle.

555 4585 650 4641 site
711 4586 929 4640 tradidit
958 4587 1239 4650 custodia},
1269 4587 1314 4640 is
1367 4587 1460 4656 qui
1518 4587 1853 4657 impurorum
1910 4601 2133 4647 actuum

554 4678 886 4746 mancipium
941 4687 1075 4734 erat.
1139 4677 1363 4747 Propter
1416 4678 1704 4733 llerodiam
1759 4679 1990 4751 Philippi
2024 4685 2133 4763 [ra-

2232 3768 2480 3840 ἠλέγχθη
2534 3765 2687 3835 παρὰ
2744 3762 2934 3815 Νάθαν
2982 3760 3075 3814 τοῦ
3130 3761 3409 3830 προφήτου
3442 3759 3535 3810 ἐπὶ
3566 3757 3819 3828 μοιχείας

2232 3859 2568 3929 ἐγκλήματι,
2609 3856 2827 3925 ἐκείνην
2857 3851 3190 3924 προεϐάλετο
3219 3853 3320 3918 τὴν
3347 3849 3552 3920 φωνὴν,
3599 3849 3819 3918 Ἦμάρ-

2231 3963 2386 4014 τηκα
2415 3944 2495 4010 τῷ
2524 3944 2721 4012 Κυρίῳ
2747 3957 2761 3970 ’
2797 3935 2860 3994 οὗ
2897 3940 2986 3994 διὰ
3013 3940 3112 4010 τὴν
3141 3939 3468 3993 ταπείνωσιν
3496 3941 3591 3992 καὶ
3607 3938 3820 4010 Κύριος

2233 4035 2608 4108 παρεκδίϐασε
2629 4034 2688 4086 τὸ
2711 4031 3014 4103 ἁμάρτημα
3041 4047 3054 4061 ·
3088 4031 3231 4084 ἀλλὰ
3295 4034 3636 4099 Κρατήσας,
3657 4031 3816 4101 φησὶ,

2232 4131 2340 4184 τὸν
2382 4127 2695 4193 Ἰωάννην,
2731 4125 2960 4191 ἔδησεν
2997 4124 3184 4177 αὐτὸν
3221 4124 3320 4176 καὶ
3355 4123 3576 4189 ἔθηκεν
3609 4123 3679 4175 ἐν
3706 4140 3792 4191 φυ

2231 4220 2414 4288 λακῇ.
2483 4219 2789 4288 Ἐκράτησε
2841 4215 2932 4269 τὸν
2977 4214 3266 4284 φιλοσοφίᾳ
3329 4214 3822 4284 ἀκράτητον,ὁκε.

2234 4311 2576 4383 κρατημένος
2600 4309 2680 4380 τῷ
2716 4307 2877 4361 πάθει
2907 4307 3004 4375 τῆς
3036 4304 3324 4373 ἀσελγείας
3352 4322 3364 4336 ο
3385 4304 3542 4374 ἔδησε
3567 4304 3660 4357 τὸν
3681 4305 3820 4356 ἀπο-

2231 4405 2527 4474 λελυμένον
2571 4406 2638 4473 τῇ
2689 4401 3096 4472 ἁπροσπαθεία,
3127 4401 3154 4451 6
3181 4397 3466 4466 δεδεμένος
3502 4399 3568 4468 τῇ
3601 4413 3821 4468 μαγγαο

2233 4498 2323 4568 νία
2349 4497 2445 4568 τῆς
2465 4494 2762 4556 ἀκολασίας
2788 4509 2800 4521 ·
2838 4492 2993 4546 ἔθετο
3024 4492 3080 4545 ἐν
3113 4490 3330 4561 φυλακῇ
3354 4490 3444 4543 τὸν
3477 4489 3698 4557 φύλακα
3724 4490 3821 4542 καὶ

2232 4591 2452 4659 κήρυκα
2481 4587 2582 4656 τῆς
2609 4585 2965 4655 Ἐκκλησίας,
2996 4586 3022 4638 6
3067 4583 3465 4653 καθειργμένος
3510 4584 3578 4652 τῇ
3620 4581 3820 4651 πράξει

2232 4683 2333 4752 τῆς
2389 4679 2771 4748 ἀκαθαρσίαςο
2817 4677 2921 4730 Διά
2973 4675 3298 4743 Ἡρωδιάδα
3361 4674 3663 4728 Φιλιππου
3709 4673 3820 4727 τοῦ

557 4769 652 4821 tris
668 4767 751 4820 sui
767 4768 810 4799 "
834 4765 1242 4832 ;Herodiadem,
1264 4767 1507 4836 inquam,
1529 4768 1712 4825 Dalilte
1733 4773 1977 4827 moribus
1996 4775 2121 4828 simi

2241 4771 2509 4840 ἀδελφοῦ
2535 4771 2756 4825 αὐτοῦ’
2806 4768 3110 4838 Ἡρωδιάδα
3158 4767 3257 4836 τὴν
3276 4767 3376 4836 τῆς
3429 4765 3628 4818 Δαλιδά
3690 4765 3821 4833 ὁμό-

553 4859 685 4924 lem,
713 4866 768 4912 et
794 4858 995 4913 diaboli
1024 4859 1341 4928 eomplicem
1370 4877 1383 4912 :
1408 4861 1523 4929 ipsa
1542 4862 1685 4916 enim
1709 4863 2035 4919 torisocium
2060 4883 2122 4920 ve

2247 4882 2468 4934 τροπον,
2507 4862 2723 4916 καὶτοῦ
2766 4861 3015 4915 διαϐόλου
3065 4861 3497 4929 συμπράκτορα⁶
3529 4857 3669 4929 αὕτη
3707 4859 3820 4929 γάρ

556 4949 737 5018 potius
759 4949 1051 5004 ascititium
1067 4950 1131 5003 ad
1147 4947 1374 5004 Joannis
1392 4951 1574 5005 odium
1602 4952 1837 5021 impulit.
1860 4954 1979 5008 Non
1999 4954 2125 5019 fere,

2241 4958 2333 5009 τὸν
2367 4955 2675 5025 σύγκοιτον,
2713 4954 2916 5025 μᾶλλον
2941 4953 2998 5006 δὲ
3029 4951 3282 5006 σύνθετον
3313 4950 3524 5021 ὤτρυνε
3553 4951 3693 5022 πρὸς
3715 4950 3818 5020 τὴν

556 5038 754 5108 inquit,
780 5039 1073 5108 vituperari
1109 5055 1230 5109 qua:
1258 5055 1379 5094 sum
1405 5041 1593 5111 regina
1625 5057 1654 5096 a
1685 5041 1964 5098 Zachariae
1999 5044 2125 5099 tilio.

2235 5047 2332 5101 τοῦ
2356 5048 2603 5100 Ἰωάννου
2649 5046 2845 5116 μανίαν
2867 5061 2880 5075 ⁸
2911 5044 2987 5098 Οὐ
3011 5043 3181 5113 φέρω,
3217 5042 3371 5112 φησὶ,
3401 5039 3809 5111 κωμῳδεῖσθαι,

554 5129 730 5184 'l‘rade
783 5130 989 5183 carceri
1025 5130 1262 5200 linguam
1305 5145 1428 5200 quae
1480 5145 1567 5184 me
1605 5130 1847 5186 dill‘amat
1879 5150 1893 5186 :
1924 5133 2125 5202 perime

2236 5137 2524 5209 βασίλισσα
2573 5137 2938 5207 τυγχάνουσα,
2974 5135 3079 5187 ύπδ
3125 5134 3218 5186 τοῦ
3267 5132 3457 5194 παιδὸς
3499 5131 3772 5201 Ζαχαρίου
3798 5146 3811 5158 ·

465 5207 485 5222 ⁸
555 5219 740 5272 statim
782 5220 994 5290 spiculo
1037 5221 1188 5274 illum
1221 5221 1316 5290 qui
1360 5220 1476 5276 suis
1513 5222 1750 5276 animam
1805 5239 1984 5278 meam
2015 5239 2127 5279 ser-

555 5315 810 5370 monibus
837 5330 935 5371 ceu
967 5317 1085 5371 telis
1105 5317 1379 5370 vulnerat.
1417 5317 1651 5388 Cumque
1693 5334 1811 5372 eum
1855 5318 2004 5372 vellet
2048 5334 2130 5372 oc-

515 5454 518 5457 .
555 5412 746 5478 cidere,
773 5412 948 5466 timuit
987 5414 1259 5483 populum,
1283 5415 1409 5482 quia
1437 5414 1702 5483 propheta:
1723 5414 1836 5467 loco
1868 5430 1988 5467 eum
2034 5414 2129 5468 ha-

554 5506 739 5559 bebant
765 5505 833 5560 ’°.
860 5503 978 5561 Non
1008 5507 1151 5562 enim
1179 5506 1224 5560 si
1250 5507 1469 5574 quando
1499 5507 1684 5562 volunt
1722 5522 1874 5578 reges
1899 5523 2124 5576 pravum

2239 5232 2405 5293 κάθες
2433 5229 2532 5301 τὴν
2562 5229 2818 5298 γλῶσσαν
2849 5229 2909 5281 ὲν
2938 5227 3152 5297 φυλακῇ
3186 5226 3284 5297 τὴν
3329 5224 3429 5294 ἐμὲ
3464 5222 3815 5293 στηλ.ιεύου-

2238 5339 2366 5375 σαν·
2399 5324 2614 5375 κτεῖνον
2636 5321 2694 5372 ἐν
2713 5321 2869 5389 τάχει
2923 5321 3095 5389 αἰχμῇ
3139 5318 3231 5370 τὸν
3285 5314 3424 5386 ἐμοῦ
3479 5315 3581 5384 τὴν
3635 5314 3815 5385 ψυχὴν

2233 5417 2347 5476 τοῖς
2397 5414 2577 5482 λόγοις
2630 5413 2706 5477 ὡς
2746 5411 2922 5482 βέλεσι
2965 5408 3430 5483 τραυματίζοντα.
3474 5407 3583 5462 Kal
3618 5407 3816 5461 θέλων

2233 5506 2418 5561 αὐτὸν
2447 5504 2814 5570 ἀποκτεῖναι,
2837 5503 3098 5574 ἐφοϐήθη
3131 5501 3238 5555 τὸν
3258 5501 3468 5570 ὄχλον,
3498 5500 3584 5553 ὅτι
3610 5499 3813 5565 ὥσπερ

621 5618 668 5652 ⁸⁸
701 5619 853 5674 Deut.
889 5637 1012 5683 xxv,
1045 5621 1098 5675 5.
1161 5622 1207 5652 ⁸⁸
1228 5619 1354 5690 Sap.
1386 5637 1461 5686 vt,
1493 5623 1545 5676 6.
1616 5624 1658 5656 ⁸⁷
1689 5623 1816 5693 Reg.
1848 5641 1945 5691 xu,
1979 5625 2063 5680 15.

2229 5623 2388 5679 latth.
2466 5637 2574 5689 xw,
2601 5623 2654 5677 5.
2727 5622 2774 5653 ⁸³
2804 5620 2933 5676 ibid.
2965 5620 3022 5676 9.
3092 5620 3137 5651 ⁸ο
3161 5617 3290 5673 ibid.
3321 5617 3374 5673 5.

627 5709 738 5776 (21)
770 5709 1039 5780 Josephus
1070 5712 1230 5766 llebr.
1267 5715 1387 5768 loco
1421 5729 1546 5769 mox
1573 5715 1809 5771 citando.

627 5780 739 5847 (2:!)
779 5779 932 5835 Errat
963 5779 1303 5846 Theodorus,
1337 5801 1459 5841 nam
1522 5785 1717 5842 diserte
1775 5787 1910 5842 hanc
1949 5787 2119 5842 lleroc

2233 5716 2410 5771 tliatlis
2432 5715 2597 5770 filiam
2651 5713 2884 5784 appellat
2941 5711 3219 5774 Salotnen,
3255 5724 3362 5784 non
3428 5706 3807 5766 lle-rodiadem,

2228 5785 2424 5856 Just-ph
2460 5785 2638 5853 Antiq.
2675 5781 2769 5840 lib.
2793 5797 2947 5847 xvm,
3006 5797 3125 5850 cap.
3157 5797 3227 5845 τι,
3261 5781 3314 5836 4.
