4064 6372
856 372 1141 440 ORATIO
1183 382 1346 443 VIII.
1391 408 1459 419 —
1483 384 1566 446 IN
1597 385 2234 451 DECOLLATIONEM
2263 390 2325 452 S.
2358 390 2629 459 JOANN.
2652 394 2868 457 BAPT.

250 474 576 574 προφήτην
596 479 782 535 αὐτόν
800 478 998 553 εἶχονο
1033 488 1094 541 οὐ
1128 490 1238 562 γὰρ
1279 492 1445 564 ἡνίκα
1494 493 1829 565 βουληθῶσιν

1932 496 2133 567 aliquid
2172 513 2354 570 agere,
2384 501 2567 555 statim
2612 500 2876 573 impetum
2927 518 3087 560 suum
3111 503 3167 559 in
3210 516 3348 574 opus
3375 516 3507 558 con-

249 569 307 621 οι
336 569 666 641 κρατοῦντες
694 573 901 644 πρᾶξαί
920 595 972 631 τι
999 577 1108 634 τῶν
1136 582 1406 646 ἐκτόπων,
1431 585 1594 649 εὐθὺς
1621 585 1721 656 τὴν
1741 587 1831 657 όρ-

253 660 366 732 μὴν
384 664 476 753 εἰς
504 662 665 735 ἔργον
687 665 934 735 ἄγουσιν,
967 671 1107 753 αθίδοϊ
1147 676 1244 729 καὶ
1289 676 1442 747 φόϐῳ
1461 677 1555 731 τοῦ
1585 677 1829 750 ὑπηκόου

251 751 684 846 ἀναϐαλλόμενοι
717 758 814 812 καὶ
840 751 1142 827 κλωθέντες
1166 767 1248 831 εἰς
1281 769 1510 833 ἑαυτοὺς
1537 770 1629 824 τὸν
1660 769 1832 846 ἐφαρ-

254 843 494 913 μόζοντα
524 849 716 919 καιρὸν
743 850 843 921 τῆς
882 854 1210 926 μοχθηρίας.

329 942 406 1003 ς’.
435 939 741 995 Γενεσίων
780 941 850 996 δὲ
901 944 1212 1015 ἀγομένων
1250 949 1358 1005 τοῦ
1403 951 1686 1022 Ἡρώδου,
1718 954 1829 1025 ὠρ-

251 1024 490 1095 χήσατο
516 1029 556 1097 ἠ
578 1029 846 1100 θυγάτηρ
889 1033 1002 1102 τῆς
1045 1033 1394 1107 Ἡρωδιάδος
1435 1043 1507 1096 ἐν
1534 1044 1616 1111 τῷ
1638 1024 1828 1116 μέσῳ,

250 1117 356 1172 καί
376 1116 565 1188 ἤρεσε
612 1121 695 1188 τῷ
729 1124 974 1195 Ἡρώδῃ.
997 1126 1140 1183 ὅθεν
1158 1131 1286 1199 μεθ’
1327 1132 1511 1202 ὅρκου
1526 1136 1829 1209 ὡμολόγη-

250 1225 370 1301 (rer
399 1211 555 1283 αὐτῇ
582 1213 792 1271 δοῦναι
821 1216 854 1271 ὃ
880 1218 991 1273 ἐὰν
1006 1220 1345 1292 αἰτήσηται.
1371 1226 1502 1281 Ὅτε
1537 1229 1706 1301 ἐχρῆν
1733 1231 1831 1284 αὖ·

248 1299 349 1354 τὸν
372 1303 556 1359 δοῦναι
580 1304 739 1372 δόξαν
755 1310 833 1379 τῷ
854 1310 976 1381 θεῷ
992 1315 1073 1377 είς
1086 1315 1208 1369 τόδε
1240 1320 1582 1390 προαχθέντα
1608 1299 1668 1375 τὸ
1689 1323 1826 1392 φῶς,

248 1393 378 1486 τότε
415 1398 510 1452 τοῦ
540 1400 771 1466 σκότους
789 1402 857 1455 τά
884 1403 1020 1476 ἔργα
1054 1407 1364 1474 ἀσπάζεται
1388 1428 1404 1445 ο
1435 1411 1702 1484 θυμηδίας
1719 1414 1829 1486 γάρ

248 1484 283 1538 ὁ
306 1488 497 1558 καιρὸς
524 1490 626 1545 οὐκ
647 1492 926 1566 ὀρχήσεως
948 1498 1044 1551 καὶ
1076 1499 1312 1569 μάλιστα
1336 1503 1707 1571 γυναικώδους
1737 1484 1830 1560 ἐπὶ

248 1582 553 1655 ἀῤῥενικῆς
607 1583 852 1654 θέαςοὲξ
896 1582 965 1661 ἧς
1015 1591 1069 1645 τί
1109 1591 1169 1647 τὸ
1221 1594 1582 1666 τικτόμενον;
1621 1596 1785 1671 ὅρκος
1810 1615 1825 1630 ’

248 1671 319 1726 ἐκ
340 1670 548 1742 Strob;
581 1674 743 1744 φόνος
770 1693 785 1708 ·
816 1677 972 1733 ἄνελε
1009 1681 1109 1746 τὰς
1141 1683 1303 1754 ῥίζας
1350 1686 1450 1757 τῆς
1481 1670 1698 1755 κακίας,
1736 1692 1830 1745 καὶ

247 1761 314 1816 οὐ
345 1762 639 1835 βλαστήσει
685 1769 901 1839 καρπὸς
931 1770 1034 1840 τῆς
1071 1773 1304 1845 ἀνομίας
1325 1793 1341 1808 ο
1376 1776 1486 1831 τῶν
1510 1778 1744 1849 πρώτων
1771 1783 1827 1837 δὲ

1934 585 2138 651 ferunt,
2164 591 2463 647 reverentia
2499 605 2755 664 memque
2792 594 3143 650 subditorum
3193 593 3507 650 diﬂ‘erentes

1932 684 2096 748 atque
2127 679 2267 735 intra
2306 697 2366 737 se
2398 683 2549 754 ipsos
2579 685 2864 742 molientes
2893 684 3152 743 idoneum
3183 686 3368 742 futuro
3392 698 3508 739 ma-

1930 767 2108 826 leﬁcio
2142 779 2375 842 tempus.

2001 949 2055 1005 6.
2084 949 2220 1004 Dum
2243 961 2415 1006 autem
2441 962 2723 1025 agerentur
2770 953 2996 1011 Herodis
3023 955 3251 1020 natalia,
3289 956 3523 1022 saltavit,

1930 1037 2055 1112 ﬁlia
2095 1040 2418 1098 Herodiadis
2442 1046 2497 1098 in
2525 1045 2698 1100 medio
2757 1048 3015 1114 convivio,
3065 1047 3366 1120 placuitque
3401 1046 3508 1103 He-

1930 1127 2069 1192 rodi,
2124 1126 2255 1183 adeo
2282 1139 2341 1184 ut
2381 1146 2499 1185 cum
2526 1132 2833 1202 juramento
2877 1136 3179 1205 promiserit
3202 1152 3257 1192 se
3280 1141 3328 1192 et
3355 1136 3508 1191 datu-

1929 1236 2047 1274 rum
2090 1220 2345 1293 quidquid
2396 1223 2707 1292 petisset".
2749 1226 2972 1283 Scilicet
3006 1243 3133 1283 cum
3178 1229 3507 1298 oportuisset

1928 1324 2053 1365 eum
2088 1312 2218 1366 dare
2259 1313 2486 1383 gloriam
2527 1312 2637 1370 Deo
2661 1314 2749 1371 die
2773 1316 2899 1382 hoc,
2930 1332 3042 1388 quo
3086 1320 3141 1374 in
3186 1319 3365 1375 lucem
3389 1320 3506 1374 edi-

1930 1410 2022 1458 tus
2047 1401 2246 1471 fuerat,
2286 1404 2631 1462 tenebrarum
2667 1409 2861 1465 maluit
2898 1425 3063 1482 opera
3090 1412 3338 1483 exsequi.
3378 1412 3508 1469 Erat

1928 1495 2152 1565 insuper
2177 1495 2378 1553 laetitiae
2417 1499 2638 1568 quidem
2671 1508 2886 1572 tempus
2912 1503 3039 1568 hoc,
3066 1519 3173 1560 non
3202 1513 3380 1560 tamen
3407 1505 3508 1561 sal-

1927 1587 2144 1643 tationis
2191 1587 2491 1659 praesertim
2540 1588 2758 1647 femine
2791 1594 2844 1647 in
2875 1594 3122 1649 virorum
3182 1605 3503 1666 conspectu.

1926 1678 2097 1750 Cujus
2152 1681 2229 1735 rei
2276 1698 2525 1752 quaenam
2560 1686 2783 1755 sequela
2813 1684 2950 1741 fuit?
2977 1701 3176 1756 nempe
3225 1688 3509 1759 jusjuran-

1926 1773 2079 1828 dum.
2125 1773 2263 1842 Quid
2288 1774 2415 1831 inde
2457 1776 2623 1831 vero?
2649 1778 3027 1834 homicidium.
3083 1778 3255 1834 Aufer
3288 1780 3508 1837 malitias

248 1857 520 1925 φυέντων,
559 1860 954 1934 ἀναδοθήσεται
984 1866 1229 1938 δηλονότι
1259 1870 1320 1924 τὸ
1341 1871 1512 1944 πέρας
1547 1873 1656 1927 τῶν
1684 1892 1828 1946 πρα-

1933 1864 2163 1931 radices,
2209 1875 2266 1922 et
2303 1882 2410 1921 non
2454 1868 2744 1938 pullulabit
2793 1870 3005 1926 fructus
3034 1869 3344 1940 iniquitatis
3388 1879 3508 1930 :et-

248 1951 500 2021 τμάτων.
550 1954 882 2025 *Ωρχήσατο
906 1958 943 2027 ἡ
977 1961 1238 2030 θυγάτηρ
1254 1963 1365 2032 τῆς
1398 1966 1742 2036 Ἡρωδιάδος
1761 1969 1832 2024 ἐν
1863 2002 1868 2007 -

250 2040 336 2106 τῷ
382 2043 571 2111 μέσῳ,
634 2047 731 2100 καί
785 2046 969 2117 ἤρεσε
1042 2050 1123 2117 τῷ
1171 2051 1434 2126 Ἡρώδῃι
1461 2058 1555 2109 καὶ
1610 2059 1665 2111 τί
1719 2060 1829 2131 γὰρ

249 2132 447 2206 ἔμελλε
470 2139 869 2194 πεπαιδεῦσθαι
900 2142 1052 2214 παρά
1098 2147 1198 2218 τῆς
1238 2147 1502 2220 τεκούσης
1530 2150 1563 2221 ἡ
1594 2166 1830 2222 μαστρο-

250 2226 472 2297 πόρινος
526 2227 792 2300 θυγάτηρ,
842 2232 877 2302 ἦ
930 2234 993 2286 τὸ
1041 2234 1386 2308 ἐξορχεῖσθαι
1414 2255 1429 2305 ;
1462 2239 1557 2292 καὶ
1605 2241 1829 2295 τοσοῦτο

249 2312 685 2386 ἑξησκημμὲνως
719 2319 865 2390 ἔχειν
894 2323 1024 2393 περὶ
1061 2323 1161 2396 τὴν
1207 2325 1541 2397 ὀρχήστραν,
1567 2328 1707 2383 ὥστε
1733 2332 1827 2384 καὶ

248 2405 449 2477 ἀρέσαι
494 2406 572 2478 τῷ
611 2409 861 2484 Ἠρὼδῃς
901 2411 1025 2467 ὅθεν
1088 2415 1208 2481 μεθ’
1262 2418 1426 2489 ὅρκου
1476 2419 1827 2494 ὡμολόγησεν

249 2496 390 2568 αὐτῇ
414 2496 595 2551 δοῦναι
624 2499 652 2552 ὅ
679 2501 776 2554 ἐὰν
795 2503 1018 2575 αίτήσῃ.
1051 2505 1287 2579 Τοιαύτη
1331 2509 1439 2581 γὰρ
1462 2511 1495 2582 ἡ
1528 2513 1829 2583 προπέτεια

247 2585 364 2640 τῶν
399 2587 885 2662 ἐκϐακχευομένων
930 2596 1045 2658 τοῖς
1099 2595 1299 2652 πάθεσι
1333 2599 1431 2667 τῆς
1471 2602 1732 2672 ἀτιμίας,
1764 2605 1827 2659 ἀ-

251 2679 639 2757 περισκέπτως
662 2684 1118 2757 ἀποφαινομένων
1135 2691 1280 2744 κατὰ
1296 2693 1495 2756 παντὸς
1516 2687 1723 2760 οὗτινος
1740 2696 1828 2749 δό⁸

251 2769 429 2835 ξειεν·
462 2774 496 2841 ἡ
539 2773 596 2826 δὲ
638 2775 1075 2844 προδιδασθεῖσα
1121 2780 1226 2835 ὑπὸ
1271 2783 1368 2852 τῆς
1415 2785 1622 2855 μητρὸς
1653 2787 1826 2857 αὐτῆς

253 2862 478 2932 ἥρπαζε
505 2862 597 2920 τὸν
627 2865 726 2937 τῆς
762 2871 1078 2938 μιαιφονίας
1115 2871 1342 2928 θάνατον
1369 2873 1426 2927 ὃν
1449 2873 1609 2929 ὤδινε
1658 2878 1827 2933 πάλαι

226 2952 546 3011 ιάποτεκεῖν
576 2957 608 3027 ἡ
636 2958 976 3027 ὲχιδνοτόκος
1010 2962 1282 3034 Ἥρωδιάς
1306 2984 1319 2999 ·
1343 2968 1435 3021 καὶ
1462 2968 1597 3039 πρὸς
1620 2970 1679 3023 τὸ
1697 2972 1826 3025 ἑαυ-

249 3048 353 3115 τῆς
388 3046 677 3119 θυγάτριον
691 3051 1169 3125 διαθερμανθεῐσα,
1193 3056 1338 3113 ἔοικε
1360 3061 1584 3115 τοιαῦτα
1611 3062 1788 3133 λέγειν
1809 3082 1822 3097 ·

256 3137 366 3192 Ἴδε
391 3141 421 3193 ό
448 3143 661 3213 καιρὸς,
685 3143 899 3210 τέκνον,
928 3148 958 3200 ὁ
982 3147 1414 3222 ὲπιζητούμενος
1438 3156 1569 3225 ἡμῖν
1585 3174 1598 3187 σ
1622 3157 1827 3228 ἤνυσας

1933 1956 2077 2012 enim
2119 1955 2264 2011 facto
2302 1957 2482 2024 initio,
2514 1960 2589 2014 rei
2633 1976 2853 2031 quoque
2891 1961 3157 2017 terminus
3210 1974 3509 2031 conseque-

1933 2056 2041 2103 tur.
2092 2048 2323 2104 Saltavit
2366 2048 2690 2107 Herodiadis
2729 2053 2847 2123 ﬁlia
2879 2055 2935 2107 in
2972 2054 3142 2109 ntedio
3183 2055 3434 2119 convivio,
3458 2062 3507 2108 et

1930 2139 2134 2194 Herodi
2159 2142 2380 2210 placuit.
2420 2140 2563 2208 Quid
2605 2144 2749 2199 enim
2807 2145 2951 2199 aliud
2999 2145 3191 2201 edocta
3247 2144 3443 2201 fuisset
3475 2161 3507 2202 a

1926 2241 2101 2288 matre
2137 2233 2245 2287 tilia
2294 2232 2531 2301 lenonia,
2557 2250 2720 2307 quam
2753 2236 2989 2291 saltare?
3014 2236 3125 2292 imo
3146 2245 3200 2292 et
3228 2245 3511 2307 tant0pere

1928 2325 1984 2379 in
2032 2339 2098 2379 eo
2136 2324 2265 2379 ludo
2300 2327 2561 2392 exerceri,
2608 2337 2666 2383 ut
2716 2328 2819 2396 ipsi
2866 2328 3065 2384 Herodi
3104 2327 3375 2398 placeret?
3414 2328 3507 2399 qui

1928 2415 2132 2472 idcirco
2180 2416 2231 2471 ei
2268 2418 2470 2488 recepit
2517 2419 2781 2489 quidquid
2835 2420 3171 2488 postulasset
3223 2432 3511 2475 concessu-

1927 2523 2072 2566 rum.
2123 2507 2249 2564 Haec
2300 2510 2502 2580 quippe
2544 2518 2630 2565 est
2680 2510 3065 2565 bacchantium
3098 2510 3155 2566 in
3197 2508 3508 2580 ignominiaa

1925 2602 2275 2672 passionibus
2310 2602 2610 2667 temeritas,
2659 2611 2719 2657 ut
2764 2603 3167 2660 inconsiderate
3213 2603 3507 2659 decernant

1926 2690 1996 2746 de
2037 2707 2095 2747 re
2135 2691 2406 2761 qualibet,
2436 2701 2598 2761 prout
2629 2692 2809 2747 visum
2861 2692 3051 2749 fuerit.
3104 2693 3288 2748 Puella
3324 2704 3508 2747 veros

1928 2790 2103 2836 matre
2124 2797 2223 2837 sua
2272 2782 2551 2845 instincta,
2579 2782 2922 2837 occasionem
2957 2781 3190 2850 arripuit
3217 2786 3505 2836 cruentam

1927 2890 2116 2931 necem
2189 2874 2528 2944 postulandi,
2569 2890 2732 2945 quam
2778 2871 2986 2942 jamdiu
3033 2872 3278 2942 viperina
3332 2879 3510 2927 mater

1927 2963 2194 3021 Herodias
2226 2964 2500 3034 parturire
2545 2963 2793 3036 parabat.
2818 2963 3014 3025 Cerne,
3042 2972 3140 3028 ait,
3172 2978 3206 3018 o
3238 2962 3344 3017 lilia
3379 2968 3513 3016 tem-

1928 3070 2030 3125 pus
2062 3053 2222 3108 nobis
2247 3054 2566 3123 expetitum.
2616 3051 2753 3106 Item
2779 3051 2915 3106 mihi
2963 3058 3204 3121 optatam
3235 3050 3370 3121 pede
3411 3048 3514 3104 sal-

1928 3150 2080 3199 tante
2138 3141 2421 3198 coniecisti
2463 3158 2478 3207 ;
2519 3141 2764 3197 dolorem
2820 3154 3002 3195 meum
3050 3138 3355 3194 artificioso
3416 3145 3513 3190 tuo

252 3229 338 3301 τῷ
363 3231 485 3285 ποδὶ
523 3233 587 3287 τὸ
626 3234 750 3305 ἐμοὶ
778 3236 1123 3310 φιλούμενον,
1147 3224 1467 3309 πέπαυκάςν
1485 3264 1590 3317 μου
1635 3224 1697 3303 τὸ
1730 3250 1827 3302 ἀλ-

1936 3242 2100 3290 cantu
2130 3234 2356 3290 sedasti.
2386 3235 2570 3288 Terrae
2602 3231 2939 3287 infodiamus
2967 3231 3245 3317 hominem
3287 3228 3381 3299 qui
3411 3242 3512 3317 nos

253 3326 437 3395 τεινδν
484 3326 563 3398 τῷ
598 3329 835 3401 τεχνικῷ
882 3348 977 3386 σου
1022 3332 1339 3406 λυρίσματι.
1388 3338 1697 3411 Κρύψωμεν
1749 3345 1830 3404 είς

254 3417 365 3488 γῆν
408 3417 499 3471 τὸν
531 3420 682 3489 ἡμᾶς
723 3421 1263 3490 στηλιτεύοντα’“ῐθι
1315 3428 1504 3499 τάχιον
1547 3429 1718 3486 ταῦτα
1745 3432 1831 3487 λέ-

253 3523 431 3578 γουσα
453 3528 466 3541 ·
490 3513 602 3579 Δός
613 3530 717 3581 μοι
731 3507 849 3570 ὦδε
865 3515 964 3569 ἐπὶ
987 3516 1196 3572 πίνακι
1212 3517 1328 3588 τὴν
1343 3508 1623 3591 κεφαλὴν
1638 3522 1832 3580 Ἰωάνα

254 3617 374 3656 νου
396 3603 501 3657 τοῦ
534 3605 905 3661 Βαπτιστοῦ.
935 3608 999 3660 ’Ὠ
1026 3608 1229 3678 μανίας
1253 3609 1558 3682 ὐπερθολῆς
1590 3614 1829 3687 αἴτημαι

259 3687 548 3766 μονονουχὶ
565 3697 650 3750 ὅτι
680 3697 758 3769 μὴ
787 3699 1058 3771 ἑντρυφᾷν
1084 3697 1201 3774 εἶχε
1227 3703 1305 3775 τῷ
1342 3706 1546 3777 φονικῷ
1565 3707 1798 3778 θεάματι
1815 3727 1830 3743 ο

255 3785 621 3857 ἑδυσχέρηνεν
656 3788 690 3860 ἡ
736 3789 935 3860 μαινὰς
991 3794 1086 3845 καὶ
1149 3794 1476 3869 φονεύτριαο
1509 3799 1608 3870 οὐχ
1651 3800 1834 3856 ίκανδν

254 3878 371 3949 γὰρ
408 3878 490 3931 ὅτι
521 3879 675 3948 ξίφος
721 3881 970 3937 διελάσαι
1002 3884 1070 3937 τά
1096 3884 1194 3939 τοῦ
1229 3887 1374 3957 ίεροῢ
1401 3892 1675 3962 τραχήλου
1701 3894 1832 3966 ᾑρε-

254 3969 595 4026 sciam-alita
629 3973 734 4044 γάρ
783 3978 878 4028 καὶ
928 3976 1023 4030 ἰπὶ
1081 3978 1274 4034 πίνακι
1335 3981 1557 4054 δοθῆναί
1616 4003 1700 4040 σοι
1737 3988 1839 4060 τὴν

257 4063 422 4134 ἁγίαν
484 4066 729 4139 κεφαλὴν
775 4070 1242 4143 ὲπραγματεύσω.
1287 4078 1352 4130 Ὠ
1396 4079 1692 4145 ἀτάσθαλε,
1742 4085 1838 4139 καὶ

249 4155 361 4226 τῆς
390 4157 630 4222 Ἰεζάϐελ
656 4159 1033 4234 ἀπηνέστερον
1079 4165 1139 4218 τὸ
1167 4161 1300 4237 ἦθος
1332 4167 1529 4239 ἔχουσα
1556 4171 1570 4224 l

329 4247 401 4312 ζ’.
429 4251 537 4304 Kal
590 4251 891 4321 ἐλυπήθη,
961 4257 1129 4327 φησὶν
1150 4299 1165 4324 ,
1207 4263 1241 4314 d
1263 4260 1571 4331 βασιλεύς
1590 4282 1606 4298 ο
1636 4263 1735 4320 διὰ
1771 4265 1840 4322 δὲ

255 4340 404 4406 τοὺς
430 4341 651 4410 ὅρκους
674 4346 775 4399 καὶ
804 4346 949 4414 τοὺς
974 4352 1533 4422 συνανακειμένους
1552 4356 1841 4414 ἐκέλευσε

259 4429 515 4501 δοθῆναι
537 4448 555 4465 θ
584 4435 683 4489 καί
710 4436 956 4506 πέμψας
981 4439 1393 4510 ἀπεκεφάλισα
1421 4445 1530 4533 tor
1562 4447 1842 4520 Ἰωάννην

1930 3323 2195 3379 diti'amat.
2231 3321 2398 3392 Perge
2427 3322 2608 3377 statim
2639 3322 2712 3376 ita
2737 3321 2953 3376 dictura
2982 3337 2997 3375 :
3027 3318 3109 3373 Da
3136 3316 3269 3372 milii
3301 3318 3358 3371 in
3409 3316 3510 3370 hoc

1931 3415 2078 3468 disco
2113 3412 2337 3467 Joannis
2370 3412 2628 3482 Baptista:
2670 3421 2827 3481 caput
2858 3410 2937 3466 “.
2981 3407 3027 3463 0
3051 3407 3255 3464 summi
3306 3405 3509 3462 furoris

1912 3505 2253 3576 postulatio!
2283 3502 2400 3560 Nisi
2430 3518 2499 3560 ex
2528 3512 2758 3559 cruento
2785 3498 3101 3573 spectaculo
3118 3498 3358 3555 fructum
3381 3512 3517 3554 ocu-

1933 3601 2000 3656 lis
2044 3600 2497 3669 cousequere'tur,
2552 3597 2694 3653 haud
2746 3595 2945 3653 satiata
2996 3593 3140 3651 foret
3200 3592 3513 3649 truculenta

1936 3704 2157 3746 lumnas.
2190 3688 2309 3744 Non
2341 3689 2479 3744 satis
2519 3688 2617 3744 tibi
2649 3687 2777 3754 fuit,
2807 3686 2954 3760 quod
2998 3685 3268 3743 cervicem
3299 3696 3515 3741 sacram

1934 3780 2115 3851 gladio
2162 3794 2350 3836 secare
2391 3778 2637 3834 incitasti
2678 3796 2695 3844 ;
2734 3778 2829 3835 sed
2863 3786 2922 3834 et
2953 3777 3010 3833 in
3058 3776 3212 3833 disco
3262 3781 3513 3832 sanctum

1935 3882 2100 3946 caput
2122 3873 2220 3929 tibi
2245 3872 2361 3928 dari
2395 3870 2624 3927 curasti.
2657 3867 2705 3925 0
2731 3870 2982 3935 scelesta,
3008 3878 3062 3924 et
3095 3868 3212 3938 ipsa
3260 3865 3516 3922 Jezabole

1935 3966 2296 4024 crudeliorem
2319 3964 2558 4019 indolem
2587 3961 2815 4033 gerens!

2007 4254 2063 4308 7.
2098 4251 2165 4307 Et
2187 4251 2531 4305 contristatus
2558 4257 2654 4313 est,
2694 4248 2873 4320 inquit
2903 4247 3215 4318 Scriptura,
3263 4260 3360 4302 rea:
3382 4261 3402 4302 :
3423 4246 3517 4303 sed

1937 4354 2153 4417 propter
2176 4341 2578 4414 jusjurandum,
2606 4350 2657 4396 et
2672 4350 2887 4412 propter
2917 4341 3080 4396 simul
3112 4339 3515 4405 discumbentes,

1939 4438 2058 4492 dari
2072 4436 2276 4505 jussit:
2309 4433 2902 4505 missoquespicalatore
2925 4432 3203 4488 decollavit
3257 4432 3518 4488 Joannem

258 4524 336 4578 ἐν
379 4523 457 4595 τῇ
500 4526 781 4598 φυλακῇ·
836 4530 935 4585 καί
981 4531 1208 4602 ἠνέχθη
1257 4536 1296 4603 ἠ
1353 4523 1592 4607 cessatur)
1643 4543 1833 4598 αὐτοῦ

1938 4533 1993 4587 in
2019 4546 2264 4586 carcere:
2314 4540 2365 4584 et
2411 4529 2732 4584 allatumest
2777 4528 3072 4600 caputeius
3113 4528 3169 4581 in
3197 4527 3365 4591 disco,
3413 4527 3518 4581 da-

255 4615 363 4672 ὲπὶ
394 4619 623 4686 πίνακι,
650 4622 752 4675 καὶ
791 4621 970 4693 ἐδόθη
1015 4624 1096 4691 τῷ
1137 4628 1404 4696 κορασίῳ
1425 4645 1440 4661 ο
1477 4631 1575 4684 καὶ
1620 4631 1833 4707 ἤνεγκε

1951 4636 2165 4696 tumque
2186 4622 2395 4702 puellae,
2426 4638 2545 4694 qua:
2567 4623 2636 4675 ad
2667 4631 2890 4676 matrem
2926 4621 3116 4675 detulit
3143 4621 3210 4673 ⁸³.
3238 4618 3282 4675 Ο
3318 4619 3519 4689 iniqua:

256 4707 530 4779 τῇμητρί
552 4710 765 4780 αὐτῆς.
799 4714 864 4768 ’Ὤ
900 4715 1216 4787 διαδολικῆς
1252 4727 1612 4794 παρασκευῆς
1645 4728 1843 4783 ἀποτέ-

256 4805 459 4873 λεσμα,
489 4806 575 4869 τίς
600 4807 631 4860 ό
659 4808 979 4877 ἐπενεγκὼν
1003 4800 1146 4865 κατά
1167 4812 1266 4882 τῆς
1307 4812 1457 4879 θείας
1505 4819 1748 4890 κεφαλῆς
1780 4824 1842 4876 τὸ

257 4896 610 4967 ἀναιρετικὸν
658 4896 846 4969 ξίφος;
874 4902 904 4954 ό
936 4900 1187 4973 δεύτερος
1224 4903 1408 4975 Δωὴκ,
1442 4906 1471 4958 ὀ
1509 4894 1708 4982 ἄνομος
1733 4912 1841 4964 ὑπ-

256 4984 491 5056 ηρέτης,
528 4987 625 5040 καὶ
658 4986 718 5040 οὐ
750 4990 997 5063 μιμητὴς
1016 4991 1128 5044 τῶν
1147 4993 1533 5065 ἐφεστηκότων
1552 4999 1844 5071 ἐμφρόνως

258 5074 438 5129 Σαοὺλ
477 5074 557 5145 τῷ
584 5076 816 5146 βασιλεῖ,
852 5078 1016 5149 ἡνίκα
1065 5081 1401 5149 προσέττατε
1426 5084 1553 5148 τοὺς
1582 5085 1678 5138 τοῦ
1703 5083 1842 5138 Θεοῦ

257 5167 555 5236 προφήτας
586 5164 1045 5223 ἀποκτείνεσθαι..
1080 5170 1190 5225 Kal
1237 5171 1466 5244 ἠνέχθη
1510 5175 1551 5243 ἠ
1607 5175 1843 5246 κεφαλὴ

256 5255 453 5313 αὐτοῦ
489 5257 589 5312 ἐπὶ
621 5258 849 5314 πίνακι.
890 5259 1208 5331 Συμπόσιον
1238 5263 1457 5336 είποιμι
1497 5264 1529 5336 ἢ
1577 5267 1844 5339 φονευτή-

263 5365 383 5420 ριον
414 5349 479 5405 τὸ
524 5350 773 5405 τοιοῦτον
815 5352 1074 5425 ἀριστον;
1108 5358 1441 5429 δαιτυμόνας
1483 5360 1845 5434 καλέσαιμιῆ

258 5441 647 5513 παλαμναίους
706 5445 835 5509 τοὺς
904 5450 1406 5521 συνανακειμένους
1481 5451 1846 5522 οἱνόφλυγας;

1937 4716 2242 4773 molitionis
2276 4715 2456 4769 exitus
2484 4718 2499 4769 l
2533 4714 2668 4780 Quis
2705 4714 2869 4770 divall
2893 4713 3054 4784 capiti
3086 4711 3284 4768 lethale
3312 4711 3516 4766 ferrum

1938 4800 2123 4863 intulit
2143 4806 2168 4856 ἳ
2199 4802 2387 4859 Novus
2414 4803 2582 4875 Deeg,
2614 4804 2880 4860 scelestus
2907 4802 3182 4868 minister,
3206 4800 3350 4856 haud
3373 4809 3520 4855 certe

1939 4901 2182 4956 imitator
2215 4897 2431 4953 illorum
2455 4897 2552 4967 qui
2605 4897 2793 4952 sobrie
2826 4896 3149 4951 restiterunt
3191 4894 3306 4965 regi
3337 4892 3514 4956 Sauli,

1944 4991 2035 5047 Dei
2057 4990 2348 5062 prophetas
2377 4988 2552 5044 occidi
2583 4988 2818 5060 iubenti.
2863 4986 2932 5042 Et
2975 4986 3204 5041 allatum
3249 4993 3328 5039 est
3362 4994 3522 5055 caput

1941 5084 2056 5154 ejus
2088 5083 2145 5137 in
2200 5082 2369 5136 disco.
2421 5081 2604 5135 Dicam
2676 5094 2745 5134 ne
2817 5079 3151 5146 convivium,
3205 5091 3275 5133 an
3332 5074 3520 5148 potius

1944 5174 2195 5247 supplicii
2225 5174 2407 5229 locum
2439 5172 2729 5244 prandium
2759 5172 2864 5228 hoc
2887 5171 2913 5225 ἳ
2954 5171 3211 5227 convivas
3240 5184 3309 5224 ne
3333 5166 3520 5239 appel--

1944 5266 2073 5333 lem,
2106 5281 2177 5320 an
2206 5265 2491 5320 carniﬁces
2543 5264 2640 5335 qui
2678 5262 2881 5319 inﬂatis
2932 5263 3062 5319 vino
3094 5262 3250 5318 venis
3298 5272 3521 5315 accum-

1946 5359 2119 5414 bunt!
2171 5357 2217 5412 0
2268 5355 2645 5429 spectaculum
2700 5356 2948 5412 novum!
2997 5370 3031 5410 o
3087 5353 3244 5410 triste
3296 5351 3521 5408 visum!

1949 5448 2101 5504 Illinc
2147 5449 2263 5505 avis
2293 5448 2688 5520 apponebatur,
2740 5445 2871 5502 hinc
2928 5443 3308 5516 propheticum
3359 5446 3526 5511 caput

261 5533 331 5588 Ὠ
361 5534 551 5589 καινὸν
577 5535 763 5609 θέαμα
782 5555 797 5570 ·
829 5538 875 5593 ὣ
916 5541 1153 5613 πονηρὸν
1191 5543 1376 5615 ὅραμα
1401 5560 1418 5578 ο
1443 5543 1656 5599 ἐκεῖθεν
1698 5544 1833 5618 ὅρνις

1950 5540 2331 5598 exhibebatur.
2378 5538 2533 5595 Illinc
2580 5538 2768 5594 vinum
2833 5550 3115 5592 meracum
3168 5532 3521 5598 fundebatur,

264 5626 615 5697 παρετίθετο,
641 5628 890 5685 ἐντεῦθεν
915 5634 1231 5705 προφητικὴ
1254 5633 1470 5707 κεφαλὴ
1485 5635 1680 5706 ἤγετο·
1705 5637 1833 5692 ἐκεῖ·

1954 5632 2084 5689 hinc
2112 5632 2295 5703 justus
2347 5630 2572 5704 sanguis
2626 5630 2786 5701 quasi
2834 5627 2957 5686 fons
3012 5624 3215 5687 saliens
3244 5623 3521 5681 manabat.

331 5806 374 5839 ἰ
402 5805 592 5863 .llattlt.
630 5758 744 5872 iw,
771 5806 827 5861 6.
896 5810 939 5842 ³¹
965 5809 1095 5865 ibid.
1134 5810 1186 5865 8.
1263 5810 1305 5843 ⁵³
1340 5809 1473 5865 ibid.
1520 5809 1606 5865 Il.
