4064 6372
609 357 711 423 767

1788 355 1847 416 So
1910 350 2306 416 THEODORI
2359 299 2706 415 STUDlT/i/i

3758 357 3882 424 768

610 471 787 540 Quam
815 469 1093 528 terrificus
1125 467 1384 524 nuntius!
1427 481 1590 538 quam
1616 464 1902 521 horribilis
1957 464 2033 519 rei
2062 480 2184 518 nar-

2304 461 2382 515 isv
2434 459 2577 529 οἶνος
2630 464 2818 536 ὲχέετο
2867 466 3129 538 ἄκρατος,
3169 466 3422 524 ἐντεῦθεν
3477 463 3621 540 αἷμα
3666 471 3888 530 δίκαιον

611 563 778 622 ratio!
814 563 1111 632 Datumque
1141 571 1217 618 est
1243 559 1452 630 puellm,
1476 573 1523 614 et
1548 558 1643 614 illa
1666 559 1857 614 detulit
1877 557 1946 612 ad
1971 569 2190 614 matrem

611 671 783 710 suaet.
821 653 954 710 iiem
1019 669 1292 711 summam
1359 651 1785 708 absurditatem!
1845 651 2037 706 Datum
2109 663 2194 708 est

613 747 995 803 inaestimabile
1049 756 1213 816 caput
1243 761 1339 815 pro
1381 745 1474 798 vili
1497 751 1666 810 actu;
1715 744 1945 814 impurae
1999 745 2190 816 profa-

613 855 805 909 naque
843 838 1078 900 feminae,
1115 853 1202 893 res
1229 847 1418 893 sancta
1461 844 1517 891 et
1561 836 1788 898 intacta,
1822 835 1954 904 ipsis
1975 837 2192 905 angelis

615 930 974 988 honorabilia.
1021 930 1217 984 Attulit
1277 928 1344 984 ad
1393 937 1623 984 matrem
1684 944 1880 988 suam:
1940 927 2193 983 videlicet

612 1019 814 1076 obtulit
861 1017 1018 1086 quasi
1072 1017 1315 1072 edulium
1368 1017 1623 1088 ingluviei
1678 1018 1873 1072 matris
1916 1032 2038 1088 quae
2067 1033 2194 1088 pro-

611 1115 790 1185 pheta:
834 1126 1020 1168 necem
1067 1110 1477 1180 discupiverat:
1517 1110 1774 1177 Comede,
1831 1101 2108 1180 inquiens,
2159 1128 2193 1168 ο

613 1214 810 1270 mater,
845 1219 1040 1262 carnes
1065 1204 1168 1258 viri
1214 1203 1307 1274 qui
1341 1203 1460 1258 sine
1481 1219 1648 1260 carne
1683 1204 1821 1260 vixit
1854 1220 1870 1270 ;
1908 1205 2034 1260 bibe
2060 1221 2192 1262 san-

610 1297 832 1368 guinem
880 1298 1022 1370 ejus,
1056 1297 1150 1370 qui
1185 1297 1480 1368 exsanguis
1528 1297 1583 1351 in
1649 1297 1760 1353 vita
1799 1297 1918 1352 fuit.
1950 1298 2193 1354 Tandem

610 1391 914 1464 aliquando
946 1391 1198 1446 silentem
1242 1391 1508 1446 habemus
1534 1391 1775 1464 linguam
1819 1390 2062 1448 hominis
2095 1391 2191 1462 qui

612 1497 714 1540 nos
741 1483 958 1554 publica
997 1483 1219 1540 infamia
1242 1483 1582 1552 aspergebat.

681 1573 736 1630 8.
776 1573 840 1629 Et
866 1575 1186 1638 accedentes,
1219 1574 1393 1643 inquit
1412 1574 1719 1646 Scriptura,
1744 1575 1996 1646 discipuli
2023 1577 2192 1646 illius,

612 1665 883 1724 sublatum
929 1683 1117 1738 corpus
1165 1667 1450 1736 sepultura:
1515 1668 1845 1723 tradiderunt
1864 1671 1929 1724 ³⁵.
1999 1669 2194 1741 Specta

618 1773 853 1824 mecum,
889 1758 1136 1817 studiose
1168 1760 1408 1826 auditor,
1450 1760 1651 1830 pietant
1690 1762 1742 1818 in
1795 1763 2032 1830 imagine
2057 1763 2192 1832 justi

2299 554 2596 625 κρουνηδδν
2625 554 2875 628 ἐφέρετο.
2916 555 3006 620 Ὠς
3040 555 3307 630 φοϐεράή
3340 557 3594 628 ἀγγελία,
3630 562 3726 616 καὶ
3755 581 3892 634 φρι-

2300 645 2404 717 κτὴ
2439 648 2473 716 ἡ
2506 647 2783 716 ὲξηγορεα.
2802 646 2910 702 Καὶ
2938 647 3116 715 ἐδόθη
3149 648 3230 718 τῷ
3256 652 3541 722 κορασίῳ,
3567 654 3666 707 καί
3695 654 3888 726 ἠνεγ-

2299 756 2371 792 κε
2431 738 2510 806 τῇ
2531 739 2711 809 μητρὶ
2736 739 2948 809 αὐτῆς.
2970 741 3075 794 Φεῦ
3103 742 3202 813 τῆς
3219 743 3450 808 ἀτοπίας
3471 762 3484 774 ·
3509 745 3668 817 ἐδόθη
3699 750 3735 819 ἡ
3763 750 3892 804 ἀτί-

2302 849 2472 902 μητος
2505 831 2649 902 κάρα
2677 833 2818 904 ὑπὲρ
2847 833 3046 905 ἀτίμου
3069 833 3349 906 πράξεως,
3373 839 3442 910 τῇ
3471 840 3658 908 ἐναγεῖ
3678 843 3772 896 καὶ
3793 842 3892 912 βε-

2300 923 2450 995 ϐήλῳ
2473 925 2508 996 ή
2539 924 2678 996 ἁγνὴ
2723 926 2818 979 καὶ
2857 925 3136 996 ἄψαυστος
3173 929 3270 984 καὶ
3299 932 3412 994 τοῖς
3448 930 3704 1000 ἀγγέλοις
3733 934 3892 988 αἰδέ-

2300 1033 2462 1087 σιμος
2487 1032 2500 1045 ’
2532 1016 2628 1070 καὶ
2653 1016 2855 1087 ήνεγκε
2897 1020 2964 1088 τῇ
2993 1019 3166 1090 μητρὶ
3213 1019 3408 1090 αὐτῆς,
3436 1021 3604 1074 οἱονεὶ
3633 1023 3894 1095 παρέθη-

2299 1127 2396 1164 κεν
2433 1109 2509 1172 ὡς
2555 1109 2816 1181 ἐδέσματι
2856 1110 3244 1184 ἐμφορηθῆναι
3287 1115 3354 1184 τῇ
3399 1113 3621 1187 ὀργώσῃ
3662 1115 3754 1171 τὸν
3786 1117 3894 1172 τοῦ

2299 1203 2582 1273 προφήτου
2601 1202 2833 1257 Θάνατον
2857 1204 3042 1274 “Mys,
3072 1203 3330 1276 λέγουσα,
3377 1223 3422 1260 ω
3445 1207 3650 1280 μῆτερ,
3673 1208 3895 1282 σάρκας

2299 1295 2396 1350 τοῦ
2425 1297 2688 1369 ἀσάρκως
2736 1295 3038 1367 βιώσαντος
3063 1314 3077 1330 ·
3114 1299 3208 1352 πίε
3242 1294 3384 1371 αἷμα
3429 1299 3524 1354 τοῦ
3553 1301 3854 1372 ἀναίμονος
3874 1319 3891 1334 ο

2301 1389 2498 1461 ἔχομεν
2537 1389 2628 1444 διὰ
2682 1389 2886 1455 παντὸς
2934 1391 3308 1464 σεσιγημένην
3356 1391 3458 1464 τὴν
3494 1394 3744 1464 γλῶτταν
3784 1396 3893 1450 τοῦ

2301 1482 2450 1552 ἡμᾶς
2482 1480 2956 1552 στηλιτεύσαντος.

2369 1573 2442 1640 η’.
2462 1569 2571 1623 Καὶ
2600 1572 3072 1638 προσελθόντες.
3095 1574 3284 1646 φησὶν,
3312 1575 3366 1628 οι
3388 1573 3650 1644 μαθηταὶ
3668 1574 3888 1640 αὑτοῦ,

2307 1659 2457 1730 ῇραν
2478 1661 2544 1714 τὸ
2566 1660 2757 1730 σῶμα,
2790 1661 2892 1718 καὶ
2919 1661 3158 1734 ἔθαψαν
3195 1665 3364 1722 αὑτό.
3397 1666 3540 1737 Ὅρα
3571 1683 3686 1738 μοι,
3718 1659 3766 1722 ὧ
3792 1683 3890 1735 φι-

2300 1752 2557 1829 λοῖστωρ,
2591 1755 3164 1828 είκονογραφουμένην
3181 1757 3280 1829 τὴν
3310 1758 3490 1829 ταφὴν
3518 1759 3612 1814 τοῦ
3643 1759 3888 1825 δικαίου,

618 1849 718 1909 viri
766 1852 1129 1924 sepulturam,
1183 1851 1460 1924 simulque
1540 1852 1935 1910 lconomachos
1987 1857 2191 1927 castiga

2304 1828 2392 1898 mi.
2429 1847 2555 1910 τοὺς
2584 1845 2684 1916 μὲν
2705 1825 3480 1923 είκονομάχους-ὲπιρράπιξε
3521 1852 3598 1915 ὼς
3621 1851 3889 1923 ἀληθείας

615 1957 716 2000 ceu
765 1945 1012 2002 veritatis
1063 1946 1271 2002 hostes.
1329 1943 1578 2016 Cumque
1639 1948 1830 2006 sedulo
1905 1949 2194 2006 historiam

618 2034 820 2104 pictam
877 2035 1206 2109 inSpoxeris,
1263 2036 1390 2092 hinc
1442 2038 1539 2092 tibi
1600 2037 1837 2094 fructum
1901 2055 2192 2110 compara:

615 2124 890 2196 quomodo
909 2142 976 2184 ex
1010 2141 1234 2182 carcere
1267 2129 1588 2198 producitur
1621 2141 1846 2186 sanctus
1872 2133 1954 2186 vir
1989 2133 2198 2189 catenis

617 2219 868 2276 vinctus:
899 2219 1174 2294 quomodo
1218 2219 1463 2276 carnifex
1499 2219 1739 2292 gladium
1775 2223 2068 2280 crudeliter
2101 2226 2190 2280 in—

611 2310 790 2366 tendit
819 2311 876 2366 in
909 2325 1132 2368 sacrum
1157 2311 1417 2367 verticem
1446 2329 1460 2368 :
1489 2314 1771 2383 quomodo
1800 2315 2109 2372 abscissum
2143 2325 2201 2372 et

614 2401 843 2458 odorato
865 2417 1058 2460 cruore
1094 2419 1327 2462 manans
1351 2415 1515 2476 caput
1545 2405 1745 2462 furenti
1770 2407 2061 2464 Herodiadi
2087 2419 2200 2465 tra-

613 2492 801 2550 ditur:
833 2493 1111 2563 quomodo
1151 2509 1370 2550 sacrum
1411 2510 1619 2565 corpus
1659 2498 1914 2553 manibus
1949 2497 2198 2569 discipu-

611 2586 792 2644 lorum
826 2587 1107 2658 sepelitur,
1161 2595 1512 2654 tnmstorum,
1555 2591 2046 2662 illacrymantium,
2081 2595 2199 2664 glo—

611 2678 782 2736 batim
829 2680 1126 2736 astantium
1159 2695 1174 2744 ;
1205 2680 1336 2734 dum
1391 2680 1532 2737 alius
1583 2683 1748 2752 pedes
1803 2685 1996 2754 tangit,
2055 2685 2198 2742 alius

613 2780 778 2842 caput
807 2773 1016 2842 reliquo
1031 2771 1244 2841 corpori
1268 2787 1460 2828 rursus
1477 2776 1876 2836 accommodat.
1907 2777 2050 2832 aiius
2069 2778 2197 2834 thu-

615 2863 812 2928 rilicat,
843 2873 898 2917 et
923 2861 1176 2918 funebria
1211 2864 1416 2934 psallit.
1459 2865 1572 2919 Illic
1621 2882 1764 2932 sum,
1805 2882 1840 2922 ο
1896 2868 2195 2938 auditores,

615 2957 814 3012 mentis
840 2971 976 3012 mea:
1005 2957 1239 3023 visione,
1271 2971 1552 3026 cernoque
1591 2960 1932 3029 sepulturam
1974 2962 2109 3032 justi
2140 2963 2195 3024 in

617 3064 752 3120 pace
795 3058 1136 3116 versantem,
1178 3060 1238 3108 ut
1289 3051 1371 3110 ait
1405 3049 1690 3122 Scriptura
1718 3054 1786 3107 ⁸³.
1818 3054 1998 3110 Cerno
2029 3071 2198 3128 ange-

617 3142 780 3197 licam
815 3140 961 3225 illam
997 3141 1216 3207 faciem,
1255 3143 1415 3211 cujus
1440 3145 1585 3198 oculi
1613 3159 1713 3198 ceu
1765 3145 1874 3200 duo
1904 3147 2195 3205 luminaria
2225 3168 2267 3225 α

615 3219 1016 3297 occubuerunt.
1041 3242 1099 3290 et
1121 3235 1282 3305 cujus
1333 3243 1443 3292 tota
1471 3237 1650 3292 vultus
1681 3239 1892 3307 species
1939 3241 2197 3299 bonitatis

617 3333 780 3396 typus
807 3324 1040 3379 videtur.
1072 3325 1246 3381 Video
1294 3327 1626 3393 exanimem,
1670 3330 1816 3398 quod
1868 3331 2066 3387 attinet
2131 3334 2196 3388 ad

616 3415 933 3485 temporalis
974 3417 1098 3471 vita:
1145 3418 1439 3484 actionem,
1491 3419 1736 3490 apprime
1769 3429 1951 3477 tamen
1987 3424 2201 3480 anima-

617 3518 732 3564 tum
770 3509 916 3578 quod
946 3510 1137 3566 attinet
1175 3511 1242 3565 ad
1273 3512 1476 3569 divinae
1503 3514 1694 3583 gratiae
1718 3515 2026 3584 pretiosum
2065 3518 2201 3572 odo-

617 3617 756 3657 rem.
791 3602 988 3658 Sacras
1011 3603 1134 3658 illas
1165 3605 1456 3660 deosculer
1483 3622 1704 3671 manus,
1741 3625 1975 3678 quarum
2020 3619 2202 3667 tactus

615 3701 842 3762 peccato
891 3693 994 3748 fuit
1040 3695 1304 3760 intactus,
1345 3703 1399 3750 et
1441 3711 1678 3765 quarum
1733 3697 1902 3768 digito
1959 3698 2050 3754 ille
2107 3700 2201 3769 qui

617 3787 759 3840 tullit
813 3794 1095 3855 peccatum
1157 3788 1346 3842 mundi
1423 3789 1742 3846 hominibus
1791 3792 2202 3848 demonstratus

617 3875 742 3931 fuit.
781 3877 962 3933 Adero
1007 3878 1262 3948 pulchros
1297 3879 1461 3950 pedes
1495 3880 1640 3945 illos,
1666 3895 1905 3951 quorum
1937 3882 2043 3938 fuit
2083 3885 2204 3942 otii-

617 3971 764 4025 cium
791 3970 933 4025 bona
959 3971 1245 4026 nuntiandi
1270 3972 1466 4028 incolis
1495 3982 1674 4040 terrae,
1705 3984 1762 4030 et
1788 3991 1818 4030 a
1857 3975 2069 4046 quibus
2104 3993 2204 4048 pa-

618 4070 735 4117 rata
768 4060 866 4116 fuit
891 4062 974 4116 via
1016 4062 1228 4117 Domini
1271 4063 1553 4122 adventui.
1583 4063 1817 4135 Jamque
1847 4066 2096 4122 omittam
2123 4069 2207 4122 di-

619 4168 746 4209 cere
775 4153 842 4208 de
872 4155 1168 4210 venerabili
1201 4165 1416 4222 catena,
1448 4174 1554 4228 qua
1604 4158 1883 4214 revinctus
1936 4159 2039 4216 fuit
2069 4175 2208 4231 prte-

619 4247 999 4306 stanlissimus
1031 4248 1171 4304 inter
1223 4249 1472 4310 homines
1522 4251 1790 4322 angelus:
1825 4253 2018 4310 omitto
2074 4253 2204 4310 item

621 4337 1000 4394 bonorabilem
1032 4341 1267 4409 discum;
1296 4342 1352 4396 in
1387 4357 1497 4414 quo
1530 4343 1633 4401 fuit
1685 4345 1988 4414 repositum
2029 4348 2206 4418 augu-

621 4437 767 4485 stum
791 4429 924 4488 illud
952 4439 1006 4488 et
1034 4447 1170 4488 auro
1209 4435 1502 4502 pretiosius
1528 4444 1712 4504 caput.
1741 4435 1885 4504 Quin
1919 4440 2056 4496 adeo
2083 4457 2206 4498 car-

2298 1937 2526 2008 ὲχθρούς
2547 1956 2560 1970 ·
2597 1938 2847 2009 ἐναργῶς
2888 1939 2944 1992 δὲ
2977 1939 3069 1994 ὕπ’
3095 1941 3220 2012 δψιν
3263 1941 3558 2014 λαμϐάνων
3604 1944 3703 2014 τὴν
3737 1945 3890 1998 ίστο·

2302 2031 2444 2099 ρίαν,
2476 2029 2705 2102 πορίζου
2747 2032 2807 2086 τὸ
2842 2031 3121 2102 ὠφέλιμον
3147 2048 3160 2063 ·
3195 2031 3314 2098 πῶς
3345 2035 3408 2087 ὲκ
3450 2033 3700 2105 φυλακῆς
3741 2035 3890 2106 αῐρεο

2298 2138 2386 2174 ται
2425 2123 2453 2175 ὁ
2483 2120 2637 2189 ἅγιος
2691 2122 3138 2200 σιδηροδέσμιοςο
3165 2123 3286 2190 πῶς
3333 2125 3363 2178 ὁ
3410 2123 3754 2195 παλαμναῖος
3799 2126 3890 2178 ὲν-

2299 2215 2498 2268 ατείνει
2520 2215 2582 2268 τὸ
2616 2214 2766 2283 ξίφος
2793 2215 3134 2288 ἀπηνοειδῶς
3175 2218 3319 2270 κατά
3346 2219 3447 2288 τῆς
3473 2217 3629 2288 ἱερᾶς
3647 2218 3888 2286 κορωνί-

2299 2305 2420 2371 δος·
2455 2306 2575 2370 πῶς
2627 2307 3016 2379 ἀποτμηθεῖσα
3037 2309 3073 2380 ὴ
3105 2307 3421 2381 μυροφόρος
3448 2308 3596 2380 κάρα
3641 2308 3891 2364 ὲπιδέδο-

2299 2416 2390 2454 ται
2418 2401 2486 2471 τῇ
2518 2398 2938 2474 κορυϐαντιὼσῃ
2984 2401 3278 2471 Ἡρωδιάδι
3297 2417 3312 2432 ο
3353 2402 3502 2466 ὅπως
3531 2401 3587 2456 δὲ
3615 2401 3892 2458 θάπτεται

2299 2491 2360 2544 τὸ
2392 2490 2536 2561 ἱερὸν
2587 2492 2752 2564 σῶμα
2780 2493 2937 2563 χερσὶ
2988 2491 3099 2547 τῶν
3142 2493 3362 2548 οἰκείων
3409 2492 3696 2564 μαθητῶν,
3723 2495 3892 2549 οἱονεὶ

2299 2581 2671 2654 δακρυόντων,
2721 2582 3175 2654 ψυχαλγούντων,
3204 2583 3487 2654 στοιχηδὸν
3523 2585 3892 2656 περιϊσταμέ-

2301 2689 2435 2727 νωνο
2463 2673 2560 2730 καὶ
2595 2671 2691 2726 τοῦ
2743 2674 2843 2745 μὲν
2887 2675 3274 2746 ἐφαπτομένου
3315 2674 3532 2741 ποδῶν,
3564 2673 3660 2728 τοῦ
3690 2673 3753 2728 δὲ
3790 2674 3893 2746 τὴν

2301 2763 2548 2836 κεφαλὴν
2575 2764 2986 2837 ὲφαρμόζοντος
3018 2764 3096 2836 τῷ
3122 2765 3300 2836 λοιπῷ
3345 2767 3558 2837 σκήνει,
3587 2765 3778 2836 ἑτέρου
3803 2765 3896 2820 θυ-

2304 2856 2537 2925 μιῶντος
2565 2858 2750 2912 καὶτὰ
2778 2858 3066 2930 ἑπικήδεια
3109 2858 3518 2929 ὲπιψάλλοντος.
3563 2859 3713 2912 Ἐκεῖ
3741 2859 3891 2930 εἰμὶ,

2300 2946 2346 3004 ὦ
2377 2953 2672 3024 ἀκροαταὶ,
2714 2955 2783 3026 τῇ
2819 2953 3143 3026 διανοητικῇ
3181 2953 3405 3026 θεωρίᾳ,
3439 2954 3534 3008 καὶ
3579 2953 3768 3026 βλέπω
3789 2954 3895 3025 τὴν

2299 3043 2482 3116 ταφὴν
2510 3046 2606 3097 τοῦ
2631 3043 2846 3098 δικαίου
2881 3043 2940 3098 ἐν
2967 3046 3160 3118 εἰρήνῃ
3193 3039 3363 3100 οὖσαν
3383 3044 3529 3100 κατά
3551 3044 3613 3100 τδ
3637 3061 3894 3115 γεγραμ-

2304 3140 2466 3208 μένον
2492 3153 2508 3170 ο
2538 3135 2650 3208 ὁρῶ
2697 3136 2759 3191 τὸ
2805 3137 3102 3206 ἀγγελικὸν
3149 3138 3328 3192 ἐκεῖνο
3363 3137 3686 3208 πρόσωπον.
3716 3129 3780 3192 οὗ
3833 3138 3888 3190 οι

2300 3227 2574 3296 ὀφθαλμοὶ
2597 3226 2673 3288 ὡς
2702 3225 2797 3281 δύο
2819 3227 3112 3300 φωστῆρες
3137 3227 3422 3294 δύσαντες,
3461 3228 3556 3282 καὶ
3579 3219 3649 3282 οὗ
3681 3228 3744 3282 τὸ
3770 3228 3892 3286 δλον

2301 3315 2440 3382 εἶδος
2460 3319 2561 3389 τῆς
2579 3319 2759 3389 ὅψεως
2781 3320 3177 3392 χρηστοφανῶς
3199 3321 3626 3376 ἀποτετύπωται
3647 3337 3660 3350 ·
3684 3319 3896 3375 ἄπνουν

2305 3411 2407 3482 μὲν
2447 3411 2546 3482 τῆς
2591 3414 2862 3484 ὲπικήρου
2919 3412 3161 3484 ζωτικῆς
3201 3413 3492 3485 ἐνεργείας
3517 3452 3533 3478 ,
3565 3411 3798 3466 εὔπνουν
3833 3412 3895 3468 δὲ

2303 3504 2386 3556 ὅτι
2419 3503 2660 3573 μάλιστα
2683 3507 2748 3575 τῇ
2771 3506 2871 3575 τῆς
2917 3503 3074 3569 θείας
3109 3503 3338 3576 χάριτος
3383 3506 3636 3577 μυρωδίᾳ
3664 3521 3680 3536 ⁸
3716 3505 3897 3561 ἀσπά-

2303 3595 2472 3666 ζομαι
2518 3594 2618 3660 τὰς
2663 3595 2817 3668 ἱερὰς
2865 3599 3054 3668 χεῖρας
3096 3596 3334 3666 ὲκείνας,
3363 3591 3441 3654 ὧν
3475 3599 3508 3668 ὴ
3540 3597 3657 3669 ἁφὴ
3687 3597 3896 3656 ἀνέπαο

2305 3705 2404 3757 φος
2430 3691 2497 3760 τῇ
2541 3689 2812 3760 ἁμαρτίᾳ,
2845 3689 2940 3744 καὶ
2981 3682 3058 3744 ὧν
3102 3689 3182 3760 τῷ
3227 3688 3478 3762 δακτύλῳ
3504 3691 3533 3744 ὁ
3569 3691 3742 3760 αἴρων
3795 3690 3894 3761 τὴν

2303 3779 2580 3854 ἁμαρτίαν
2605 3780 2699 3836 τοῦ
2723 3781 2929 3852 κόσμου
2953 3783 3066 3844 τοῖς
3083 3779 3394 3852 ἀνθρώποις
3425 3780 3840 3852 καθυπεδείχθη
3863 3799 3880 3814 ο

2307 3874 2602 3945 προσκυνῶ
2650 3874 2778 3937 τοὺς
2815 3873 3052 3947 ὡραίους
3093 3874 3263 3940 πόδας
3299 3874 3568 3940 ἐκείνους,
3599 3868 3677 3929 ὧν
3707 3873 3769 3928 τὸ
3798 3875 3894 3927 εὐ-

2306 3965 2694 4034 αγγελίζεσθαι
2721 3966 2788 4020 τὰ
2807 3964 2993 4036 ἀγαθά
3017 3967 3127 4029 τοῖς
3159 3965 3253 4019 ἐπὶ
3291 3964 3419 4035 γῆς,
3444 3966 3538 4018 καὶ
3564 3964 3633 4018 δι’
3655 3957 3734 4018 ὧν
3761 3981 3896 4033 προσ

2309 4058 2644 4131 κατηρτίσθη
2674 4061 2704 4132 ἡ
2731 4059 2852 4123 ὁδὸς
2885 4062 2983 4131 τῆς
3019 4057 3116 4112 τοῦ
3149 4059 3355 4126 Κυρίου
3387 4057 3730 4128 παρουσίας·
3756 4075 3896 4128 παρ-

2309 4151 2438 4205 είτω
2472 4168 2565 4223 μοι
2609 4151 2747 4222 πρὸς
2789 4151 3166 4222 προσκύνησιν
3197 4150 3288 4204 καὶ
3318 4150 3352 4222 ή
3388 4149 3550 4221 τιμία
3581 4149 3776 4214 ἅλυσις
3809 4151 3895 4219 ἐφ’

2308 4238 2343 4320 ᾖ
2376 4244 2652 4318 ὲδεσμήθη
2688 4247 2716 4302 ὁ
2748 4244 3126 4318 πολυτίμητος
3159 4245 3219 4297 ἐν
3267 4242 3582 4314 ἀνθρώποις
3621 4241 3856 4312 ἄγγελος
3877 4259 3893 4274 ·

2310 4338 2556 4410 παρείτω
2605 4355 2697 4410 μοι
2740 4339 2840 4394 καὶ
2885 4339 2920 4411 ὴ
2953 4337 3231 4408 σεϐασμία
3263 4336 3446 4402 πίναξ,
3478 4335 3565 4406 ἐφ’
3596 4329 3630 4409 ᾖ
3656 4334 3897 4406 ἐπετέθη

2309 4433 2344 4504 ή
2370 4430 2599 4506 χρυσίου
2647 4430 3062 4501 τιμαλφεστέρα
3107 4427 3488 4492 πανσέόαστος
3541 4427 3694 4498 κάρα
3720 4442 3735 4456 ·
3768 4427 3894 4480 οὐδὲ

625 4520 802 4576 nilicis
824 4537 1041 4592 quoque
1067 4539 1276 4588 ensem,
1302 4525 1396 4593 qui
1436 4541 1535 4596 per
1567 4543 1782 4583 sacrum
1813 4529 2017 4586 collum
2053 4541 2200 4590 actus

2312 4543 2376 4596 γε
2408 4523 2508 4597 τὴν
2555 4523 2836 4596 μάχαιραν
2879 4521 2974 4576 τοῦ
3019 4520 3372 4592 παλαμναίου
3415 4517 3514 4590 τὴν
3561 4515 3896 4572 διελάσασαν

625 4610 747 4675 fuit,
776 4612 949 4668 sicubi
971 4613 1252 4676 invenero,
1282 4615 1424 4670 haud
1451 4615 1840 4674 inhonoratum
1872 4622 2203 4694 relinquam.

625 4701 1008 4774 Sedetipsam
1050 4704 1296 4773 humum,
1351 4709 1405 4764 in
1461 4725 1568 4780 qua
1625 4713 1919 4772 thesaurus
1968 4717 2060 4773 hic
2105 4716 2210 4773 fuit.

624 4805 1006 4860 conservatus,
1055 4798 1103 4853 si
1147 4800 1367 4868 quando
1417 4801 1716 4870 incurram,
1770 4807 2092 4876 amplectar,
2150 4821 2209 4866 ut

625 4888 800 4957 gratia
825 4888 1077 4944 fertilem.
1110 4889 1155 4946 0
1184 4890 1399 4948 beatum
1432 4896 1768 4966 sepulcrum,
1804 4909 1860 4958 et
1887 4915 1999 4958 non
2044 4901 2203 4958 triste

624 4991 842 5045 saxum,
897 4979 1042 5048 quod
1104 4981 1480 5042 beatissimum
1511 4986 1646 5044 illud
1705 5003 1906 5058 corpus
1957 4991 2209 5048 contines

624 5069 1038 5139 smaragdorum
1106 5077 1641 5149 margaritarumque
1698 5083 1919 5138 cumulo
1978 5083 2212 5139 rutilan-

627 5159 740 5221 tius
765 5162 779 5214 i
814 5161 926 5222 lllic
952 5165 1137 5235 itaque
1165 5166 1450 5224 visibiliter
1478 5171 1698 5241 quidem
1727 5174 1919 5230 aderat
1961 5177 2210 5248 discipu-

627 5257 804 5310 lorum
838 5257 1012 5324 turba,
1045 5259 1390 5318 invisibiliter
1419 5271 1599 5320 autem
1645 5267 1964 5338 angelorum
2010 5270 2202 5326 multi.

637 5349 794 5414 tudo,
827 5349 919 5420 qui
951 5351 1340 5424 homonymum
1392 5357 1497 5412 sibi
1559 5359 1612 5412 in
1659 5375 1889 5430 corpore
1923 5363 2199 5432 angcium,

700 5442 748 5478 ⁸⁸
778 5441 971 5500 Matth.
999 5458 1111 5512 xxv,
1154 5447 1238 5501 15.
1316 5448 1362 5482 νυ
1387 5447 1494 5506 lsa.
1527 5465 1656 5514 Lm,
1688 5449 1743 5506 2.

705 5600 817 5675 (25)
859 5601 1014 5658 Patet
1076 5604 1380 5672 expositam
1434 5602 1602 5661 fuisse
1658 5603 1708 5658 in
1759 5604 1962 5675 templo
2013 5604 2210 5675 pictam

635 5672 929 5741 imaginem
985 5675 1226 5746 martyrii
1285 5675 1708 5746 sepulturaeque
1761 5672 2034 5746 Baptistae,
2071 5677 2213 5730 unde

635 5750 818 5806 captat
868 5743 1212 5798 occasionem
1266 5743 1621 5800 concinnatur
1667 5743 1990 5804 Theodorus
2041 5749 2210 5802 incre-

644 5812 805 5888 pandi
841 5827 992 5870 morc
1021 5829 1122 5870 suo
1161 5816 1570 5876 iconomachos.

2311 4618 2452 4672 κατὰ
2481 4616 2574 4671 τοῦ
2609 4616 2758 4688 ἱεροῦ
2799 4612 3078 4688 τραχήλου
3111 4615 3160 4668 εἰ
3195 4609 3436 4684 εὕροιμι,
3476 4608 3898 4681 ἀπροσκύνητον

2312 4709 2536 4780 ὲάσαιμι
2562 4709 2696 4781 (24),
2730 4707 2851 4762 οὐδὲ
2873 4725 2938 4777 γε
2984 4705 3252 4776 τοῦδαφος
3288 4703 3379 4772 ὑφ’
3410 4695 3473 4755 οὗ
3518 4701 3842 4772 ἐφρουρήθη
3871 4703 3899 4754 ὁ

2313 4800 2588 4873 θησαυρὸς
2635 4803 2684 4854 εί
2731 4800 3019 4872 ἐπέτυχον,
3060 4799 3136 4870 μὴ
3165 4797 3287 4868 οὐχ).
3325 4794 3800 4868 προσεπτυξάμην
3824 4793 3899 4857 ὡς

2315 4895 2668 4966 μεταδοτικδν
2691 4893 2939 4965 χάριτος.
2957 4889 3034 4945 Ὠ
3067 4889 3312 4962 μακάριε
3342 4889 3485 4959 τάφε
3513 4887 3610 4941 καὶ
3639 4887 3703 4940 οὐ
3732 4887 3899 4954 man

2311 4987 2450 5052 λίθε,
2477 4987 2536 5052 ὃς
2569 4988 2718 5060 ἔχεις
2743 4988 2806 5041 τὸ
2829 4985 3235 5058 τρισμακάριον
3264 4983 3446 5037 ἐκεῖνο
3483 4980 3710 5051 σκῆνος,
3757 4979 3905 5049 ὑπὲρ

2315 5084 2645 5156 σμαράγδων
2675 5083 2770 5140 καὶ¹
2812 5079 3116 5154 μαργάρων
3137 5077 3376 5150 σωρείας
3409 5073 3560 5129 ἔνδον
3585 5073 3892 5143 συνειλημ-

2317 5178 2480 5249 μένον
2505 5195 2518 5208 ’
2551 5179 2670 5234 ἐκεῖ
2691 5175 2992 5249 τοιγαροῦν
3014 5176 3200 5248 παρῆν
3217 5171 3429 5246 ὁρατῶς
3457 5170 3558 5241 μὲν
3582 5170 3613 5224 ὁ
3645 5168 3760 5223 τῶν
3791 5185 3901 5238 μα-

2314 5271 2495 5341 θητῶν
2521 5273 2730 5342 ὄμιλος,
2757 5272 3008 5344 ἀοράτως
3025 5270 3084 5324 δὲ
3111 5267 3361 5338 ἀγγέλων
3383 5263 3620 5334 πληθὺς,
3637 5263 3731 5317 τὸν
3753 5261 3901 5334 δμώ-

2315 5382 2486 5436 νυμον
2515 5365 2679 5420 αὑτὸν
2706 5364 2938 5434 ἄγγελον
2965 5365 3026 5418 ἔν
3052 5359 3291 5432 σώματι,
3323 5357 3415 5412 τὸν
3443 5353 3538 5412 τοῦ
3567 5354 3784 5425 Κυρίου
3814 5353 3903 5423 φί-

2392 5604 2506 5675 (24)
2534 5602 2970 5660 Vides-Studita:
3009 5613 3196 5659 nostro
3217 5602 3761 5675 coquitastanquam
3808 5616 3897 5656 sa-

2321 5673 2446 5731 cras
2471 5675 2734 5745 reliquias
2769 5685 3015 5730 catenam
3043 5673 3366 5744 discumque
3387 5673 3455 5728 ad
3476 5673 3732 5745 Baptista:
3759 5687 3904 5745 inar-

2323 5692 2446 5731 cras
2471 5689 2734 5745 reliquias
2769 5689 3015 5730 catenam
3043 5689 3366 5744 discumque
3387 5689 3455 5728 au
3476 5689 3732 5800 uapttslte
3759 5689 3899 5725 mar-

2323 5748 2520 5816 tyrium
2555 5748 2886 5816 pertinentes
2914 5764 2927 5807 ;
2956 5745 3024 5801 de
3052 5747 3252 5814 quibus
3286 5745 3520 5816 aliisque
3589 5741 3899 5810 aciaudiul,

2325 5818 2396 5872 Dc
2426 5817 2566 5872 cultu
2595 5816 2650 5872 δ.
2681 5817 2839 5872 Joan.
2879 5816 3029 5885 Iiapl.
3071 5818 3288 5874 dissert.
3325 5817 3380 5872 6.
