4064 6372
176 361 280 427 769

813 365 1094 428 omne
1120 361 1465 428 ναι-ΙΝ
1487 359 2122 424 DECOLLATIONEM
2162 359 2229 426 s.
2250 348 2516 428 JOANN.
2559 367 2766 429 BAPT.

3331 374 3437 439 770

175 485 266 537 λον
292 481 542 552 γνήσιον,
575 481 670 535 τὸν
699 482 1072 553 νυμφαγωγὸν
1111 481 1208 536 τοῦ
1237 481 1498 554 νυμφίου,
1525 478 1619 532 τὸν
1643 475 1756 533 ἀεί-

1864 493 2184 549 germanum
2204 480 2424 538 Domini
2448 483 2708 551 amicum,
2733 482 2926 556 Sponsi
2959 489 3390 560 paranymphum
3416 509 3432 560 ;

175 591 354 648 φωτον
387 573 582 645 λύχνον
627 573 722 628 τοῦ
756 575 1038 646 άφράστου
1069 574 1270 645 φωτὸς,
1302 574 1401 645 τὴν
1432 573 1612 639 ζῶσαν
1637 587 1752 644 φω-

173 670 271 740 νήν
293 667 391 722 τοῦ
419 668 658 739 μεγάλου
691 667 877 737 λόγου,
897 669 990 722 τὸν
1019 669 1306 740 προφήτου
1338 669 1753 741 περισσότερον,

168 759 266 814 τὸν
291 759 519 830 μείζονα
566 760 628 812 έν
672 760 961 831 γεννητοῖς
1002 759 1284 830 γυναικῶν
1334 757 1755 830 εὐφημούντων,

173 849 568 922 γεραιρόντων,
593 849 910 919 ἀναγόντων
941 850 1081 922 πρὸς
1107 851 1361 922 οὐρανὸν,
1391 850 1490 906 καὶ
1537 852 1623 914 είς
1652 851 1754 922 τὴν

171 945 370 1014 ἀγήρω
402 943 581 1014 χαρὰν
621 943 1074 1015 άποκομιζόντων
1098 959 1115 976 ο
1146 943 1374 1014 τοιαύτη
1417 943 1518 1016 μὲν
1556 936 1652 998 οῦν
1683 944 1758 1006 ὠς

175 1035 396 1104 εἴρηται
419 1032 676 1106 εἰρηναία
709 1033 916 1105 ήταφὴ
954 1034 1052 1089 τοῦ
1085 1035 1324 1103 δικαίου,
1359 1032 1758 1106 ἀγαλλιάσιμὸς

171 1144 234 1180 τε
267 1129 364 1182 καὶ
384 1127 465 1198 τῷ
490 1127 684 1198 κόσμῳ
707 1127 999 1198 σωτήριος.

246 1219 314 1274 θ’.
357 1219 718 1290 Ἥρώδηςδὲδ
740 1220 1050 1290 παράφρων
1070 1215 1180 1291 ἄρά
1213 1237 1279 1289 γε
1318 1220 1617 1275 κάντεῦθεν
1657 1221 1758 1290 τῆς

171 1310 331 1381 δίκης
347 1311 408 1364 τὸ
441 1311 726 1380 ἀπόκριμα
746 1309 1040 1378 διέφυγεν;
1067 1310 1128 1363 ού
1153 1309 1251 1379 μὲν
1277 1305 1372 1364 οὖν
1391 1325 1404 1340 ·
1431 1310 1549 1364 ἀλλ’
1577 1310 1653 1373 ὼς
1675 1310 1756 1362 εἴ-

171 1421 340 1476 ρηται
359 1403 470 1474 (ἳό)
486 1403 575 1456 διὰ
590 1403 763 1456 ταῦτα
789 1403 894 1456 ὑπὸ
913 1402 1110 1465 παντὸς
1134 1401 1228 1454 τοῦ
1272 1401 1518 1472 ὑπηκόου
1551 1403 1757 1471 ἀνταρ-

171 1496 301 1550 σίαν
333 1495 576 1558 ἀποστάς
593 1494 1036 1563 κατασφάττεται
1057 1507 1072 1524 ο
1103 1491 1197 1547 τοῦ
1239 1492 1376 1546 Θεοῦ
1399 1494 1480 1557 είς
1507 1491 1758 1546 παιδείαν

167 1591 290 1652 τοῖς
325 1589 404 1652 εἰς
468 1586 695 1658 ὕστερον
749 1586 1130 1657 βασιλεύσουσι
1182 1586 1250 1640 τὰ
1303 1585 1420 1639 κατ’
1460 1585 1623 1640 αὐτὸν
1663 1585 1760 1639 ἑκ·-

173 1679 682 1752 δειματοῦντος,ὡς
714 1679 779 1732 ἂν
811 1679 886 1750 μὴ
908 1681 1021 1743 τοῖς
1049 1679 1256 1749 ὁμοίοις
1290 1678 1489 1732 πάθεσι
1528 1677 1758 1750 περιπέ-

169 1785 344 1824 σειεν.
379 1767 521 1822 Ἀλλ’
543 1765 792 1821 ἐντεῦθεν
814 1766 1146 1834 ἐπανελθὼν,
1159 1767 1507 1838 ἁρμόζουσαν
1619 1782 1759 1838 παρ-

166 1859 312 1932 ούσῃ
332 1860 513 1930 ἡμέρᾳ
531 1861 716 1930 φωνὴν
733 1855 893 1929 δεῦρο
909 1857 1243 1929 ἐκϐοήσομαι
1269 1875 1284 1891 ο
1309 1859 1557 1930 Σήμερον
1578 1860 1758 1914 Ἰωάν-
1788 1840 1832 1896 Β

167 1969 272 2021 νης
300 1954 328 2004 6
356 1950 666 2022 Πρόδρομος
691 1949 832 2022 ὑπὲρ
846 1949 1108 2019 ἀληθείας
1127 1951 1224 2022 τὴν
1253 1951 1500 2022 κεφαλὴν
1521 1949 1760 2023 ἀποτεμ-

168 2045 402 2113 νόμενος
422 2043 810 2115 μακαρίξεται,
833 2041 929 2096 καὶ
960 2039 1206 2114 Ἡρώδης
1225 2043 1253 2095 6
1271 2043 1584 2113 παράνομος
1603 2061 1760 2113 κωμ-

167 2134 481 2207 ῳδούμενος
516 2135 837 2208 διασύρεται
862 2152 876 2166 ·
905 2133 1146 2206 σήμερον
1183 2135 1443 2206 Ἰωάννης
1467 2137 1496 2188 6
1521 2135 1760 2207 Προδρο-

170 2244 280 2296 μος
310 2228 368 2280 ἐν
385 2229 506 2291 ταῖς
527 2226 784 2281 ἁπάντων
796 2225 1074 2294 γλώσσαις
1112 2225 1189 2299 τῷ
1204 2226 1299 2280 τοῦ
1315 2225 1551 2298 ὲλεγμοῦ
1565 2227 1758 2300 διηγή-

173 2335 317 2390 ματι
342 2319 773 2390 τετίμηται,.κα“ι
803 2317 1048 2391 Ἡρώδης
1076 2319 1106 2372 6
1129 2315 1466 2391 πανέκφρων
1503 2320 1594 2390 ὑφ’
1627 2321 1758 2374 ἑκά-

169 2429 310 2465 στου
345 2411 455 2465 τῶν
491 2411 846 2482 φοϐουμένων
865 2411 958 2465 τδν
985 2411 1191 2484 Κύριον
1219 2413 1284 2484 τῇ
1326 2411 1543 2484 μοιχείᾳ
1568 2414 1756 2484 στηλι-

168 2505 471 2574 τευόμενος
518 2504 812 2576 ἠτίμωται.
863 2505 1112 2578 Σήμερον
1163 2507 1197 2578 η
1253 2505 1463 2577 κεφαλή
1508 2506 1753 2560 Ἰωάννου

168 2594 268 2648 τοῦ
310 2595 628 2667 Προδρόμου
663 2596 758 2650 ἐπὶ
811 2598 1004 2652 πίνακι
1058 2598 1392 2669 προφέρεται
1442 2598 1584 2668 ἱερὸν
1611 2599 1752 2668 σφά-

169 2704 319 2756 γιον,
348 2687 441 2740 καὶ
482 2687 749 2758 Ἡρωδιὰς
796 2687 830 2760 ή
865 2687 1190 2761 μοιχεύτρια
1233 2687 1610 2759 στηλιτεύεται
1657 2691 1756 2744 καὶ

171 2779 246 2850 μὴ
283 2773 582 2850 βουλομένη
631 2778 862 2861 αἰώνια.⁸
898 2780 1146 2853 Σήμερον
1185 2779 1434 2834 Ἰωάννου
1481 2779 1575 2833 τοῦ
1623 2783 1759 2852 Προ-

169 2869 382 2941 δρόμου
411 2869 468 2922 τὸ
500 2863 641 2940 αἷμα
689 2870 832 2942 ὑπὲρ
875 2869 1127 2942 φυλακῆς
1157 2870 1302 2925 θείου
1344 2872 1508 2943 νόμου
1549 2871 1754 2943 χέεται,

169 2961 271 3014 καὶ
307 2961 336 3013 6
357 2962 452 3014 τοῦ
489 2961 805 3034 Προδρόμου
842 2961 1122 3026 ἁντίθετος
1149 2962 1236 3018 διὰ
1264 2964 1362 3035 τῆς
1390 2961 1757 3036 ἀντιπραγίας

171 3049 403 3116 ἐνδίκως
429 3052 826 3124 θριαμϐεύεται
849 3067 866 3085 ⁸
899 3055 1142 3126 σήμερον
1179 3055 1434 3126 Ἰωάννης
1459 3059 1486 3109 6
1516 3056 1754 3128 Πρόδρο-

174 3164 275 3218 μσς
307 3147 396 3201 διὰ
421 3146 520 3217 τὴν
547 3147 684 3218 πρὸς
721 3147 966 3219 Ἡρώδην
989 3148 1131 3219 ὑπὲρ
1178 3149 1392 3203 δικαίου
1439 3151 1755 3221 παρρησίαν

169 3238 582 3302 άποκτιίνεται,
622 3239 714 3292 καὶ
746 3237 988 3309 βασιλεῖς
1033 3239 1135 3310 τῆς
1174 3239 1278 3310 γῆς
1312 3239 1420 3292 τῶν
1453 3241 1600 3294 ἰδίων
1627 3255 1754 3294 συν-

172 3329 388 3396 θρόνων
423 3329 498 3400 μὴ
517 3327 939 3399 διαζεύγνυσθαι
1000 3331 1381 3402 παιδευόμενοι
1424 3333 1516 3387 τὸν
1541 3332 1757 3398 διαζευ-

172 3419 378 3491 χθέντα
403 3420 745 3477 ἀποπτύουσι
764 3440 778 3454 ·
816 3424 1058 3495 σήμερον
1095 3424 1352 3496 Ἰωάννης
1377 3427 1406 3478 6
1443 3425 1756 3497 Πρόδρομος

173 3515 326 3588 αῐρει
361 3517 593 3585 σημεῖον
637 3516 732 3570 ἐπὶ
775 3517 874 3587 τῆς
898 3517 1027 3585 γῆς,
1061 3517 1156 3570 καὶ
1187 3517 1624 3588 παραγγέλλεται
1648 3519 1754 3581 πᾶς

171 3607 466 3679 ἅνθρωπος
499 3609 787 3680 ἀρκεῖσθαι
821 3612 886 3682 τῇ
927 3610 1034 3690 ίᾷᾳ
1058 3611 1280 3678 γυναικὶ
1297 3612 1394 3666 καὶ
1440 3612 1756 3684 περαιτέρω

173 3699 249 3773 μὴ
275 3701 482 3773 χωρεῖν
508 3718 522 3731 ⁸
555 3704 799 3774 σήμερον
843 3701 1094 3774 Ἰωάννης
1117 3705 1144 3756 6
1174 3701 1491 3775 Πρόδρομος
1517 3705 1599 3768 είς
1627 3703 1754 3776 ᾅδου

171 3794 416 3856 κάτεισι.
452 3796 546 3849 καὶ
576 3796 626 3848 oi
657 3797 842 3868 νεκροὶ
863 3797 1036 3868 χαρὰν
1069 3799 1171 3868 τῆς
1195 3795 1430 3868 Χριστοῦ
1452 3796 1756 3870 παρουσίας

169 3887 545 3959 ἀνεκλάλητον
619 3887 1030 3952 ἀκουτίζονταιο
1077 3888 1319 3959 σήμερον
1363 3887 1617 3958 Ἰωάννην
1661 3887 1756 3943 τὸν

170 3977 493 4050 Πρόδρομον
520 3979 980 4051 καρατομηθέντα
1023 3979 1111 4033 διὰ
1147 3977 1499 4050 δικαιοσύνην
1525 3977 1660 4033 Θεοῦ
1703 3980 1754 4034 oi

168 4071 399 4146 οὐρανοὶ
425 4071 904 4144 ὲπευφράνθησαν,
935 4071 1214 4143 ἄνθρωποι
1242 4069 1298 4125 δὲ
1326 4073 1420 4126 ἐπὶ
1456 4073 1562 4142 γῆς
1591 4071 1756 4144 ὑμνο-

169 4163 428 4235 λογοῦσιν
453 4166 642 4237 ὲόρτια
666 4181 682 4195 ’
712 4165 808 4220 καί
859 4182 950 4236 μοι
987 4165 1136 4219 δοκεῖ
1156 4167 1184 4219 6
1217 4165 1393 4236 μέγας
1430 4167 1525 4220 τοῦ
1551 4167 1754 4240 Κυρίου

171 4260 489 4332 Πρὸδρομος
541 4258 600 4324 ὲξ
653 4257 900 4330 οὐρανῶν
959 4257 1108 4329 ἡμᾶς
1163 4258 1506 4326 ἐποπτεύειν,
1541 4259 1636 4313 καὶ
1679 4257 1757 4322 ὡς

171 4347 463 4423 ὕμνῳδοὺς
511 4347 678 4404 αὐτοῦ
721 4349 890 4414 θείοις
938 4351 1276 4421 χαρίσμασιν
1302 4348 1662 4420 ἀμείϐεσθαι·
1696 4350 1756 4404 ὲν

169 4449 490 4522 προφήταις
526 4445 602 4510 ὡς
631 4446 807 4518 ἀστὴρ
844 4445 1069 4510 ἑωθινὸς
1111 4445 1346 4518 διᾴττων
1375 4463 1435 4500 τε
1464 4447 1560 4500 καὶ
1581 4447 1753 4518 ὑπερ·-

1856 574 2246 630 candelabrum
2274 589 2488 646 semper
2519 577 2761 634 lucidum
2800 577 3092 635 inell'abills
3141 577 3303 644 lucis.
3343 595 3438 637 vo-

1857 679 1976 720 rem
2005 667 2180 722 vivam
2220 668 2404 738 magni
2434 666 2621 734 Verbi,
2653 669 2806 724 illum
2839 671 2963 740 plus
2991 686 3156 740 quam
3196 674 3436 742 proplle~

1858 769 1991 825 tam,
2019 761 2284 831 majorem
2315 761 2470 817 illum
2519 761 2572 817 in
2612 763 2756 819 natis
2797 763 3112 828 mulierum,
3157 764 3438 819 collauda-

1857 849 2008 915 bant,
2044 851 2413 916 celebrabant,
2445 853 2500 907 in
2519 853 2714 908 coelum
2747 853 3027 920 tollebant,
3049 859 3103 908 et
3122 854 3188 908 ad
3213 854 3439 910 immoro

1861 943 1967 997 tale
1999 943 2258 1013 gaudium
2283 945 2704 1000 transferebant.
2745 945 2896 1001 Talis
2929 947 3116 1017 itaque
3166 945 3268 1000 fuit
3294 946 3431 1017 justi

1857 1033 1960 1088 viri
1989 1034 2212 1101 paciﬁca
2241 1035 2540 1106 sepultura,
2575 1036 2780 1092 mundo
2819 1037 3033 1093 laetiﬁca
3057 1044 3114 1093 et
3157 1038 3434 1094 salutaris.

1927 1211 1983 1268 9.
2009 1207 2153 1266 Num
2191 1223 2356 1282 porro
2385 1212 2614 1270 insanus
2671 1211 2938 1279 Herodes,
2995 1215 3048 1270 in
3109 1217 3211 1270 hac
3269 1216 3436 1272 etiam

1867 1310 2082 1360 terrena
2137 1306 2377 1362 statione
2441 1307 2665 1362 ultionis
2721 1323 2940 1378 pmnam
2989 1308 3174 1378 fugit?
3218 1308 3442 1366 Minime

1860 1397 2107 1468 gentium
2141 1413 2158 1464 ;
2197 1398 2315 1462 sed,
2357 1406 2415 1451 ut
2436 1398 2661 1462 dicitur,
2694 1408 2915 1468 propter
2937 1399 3041 1454 hoc
3063 1397 3276 1456 facinus
3304 1400 3438 1456 sub-

1859 1487 2101 1542 diturum
2169 1487 2413 1544 omnium
2471 1489 2796 1544 seditionem
2861 1498 3143 1559 expertus,
3217 1493 3442 1548 occisus

1861 1576 1965 1632 fuit
1996 1595 2011 1632 :
2043 1571 2154 1634 Deo
2189 1578 2260 1634 ob
2310 1576 2622 1634 futurorum
2675 1593 2864 1649 regum
2929 1579 3294 1636 eruditionem
3348 1599 3440 1639 res

1860 1667 2028 1740 hujus
2071 1669 2136 1725 ad
2166 1678 2430 1726 terrorem
2491 1677 2851 1740 proponente,
2890 1685 2960 1725 ne
3003 1671 3056 1726 in
3090 1673 3242 1742 paria
3303 1673 3438 1728 faci-

1859 1773 1995 1818 nora
2033 1762 2343 1818 incurrant.
2383 1761 2490 1819 Sed
2537 1761 2663 1818 inde
2715 1763 3027 1836 digrediens
3079 1766 3440 1826 conveniente

1860 1857 2110 1925 praesenti
2134 1856 2240 1912 diei
2267 1871 2402 1914 voce
2427 1870 2524 1929 age
2539 1857 2653 1928 jam
2677 1859 2997 1916 exclamabo
3027 1857 3235 1932 :lilodie
3264 1857 3435 1918 Joan-

1860 1960 1960 2001 nes
2014 1943 2373 2012 Praacursor,
2419 1949 2596 2018 capite
2641 1949 2890 2006 veritatis
2943 1965 3109 2007 causa
3166 1951 3438 2019 minutus,

1858 2037 2052 2093 beatus
2082 2038 2320 2094 dicitur:
2359 2033 2602 2096 Herodes
2631 2051 2760 2097 'vero
2787 2042 2984 2113 impius
3013 2043 3276 2100 conviciis
3303 2045 3440 2100 lace-

1859 2139 2055 2199 ratur;
2099 2130 2261 2187 hodie
2303 2131 2544 2188 Joannes
2576 2131 2890 2190 Praecursor
2943 2134 3190 2190 omnium
3239 2135 3440 2207 linguis

1859 2232 2081 2293 propter
2113 2223 2258 2295 regis
2293 2225 2610 2295 reprehensi
2640 2228 3220 2283 commemorationem
3263 2229 3439 2284 hono—

1858 2322 2051 2369 ratur:
2086 2313 2328 2371 Herodes
2355 2324 2533 2371 autem
2563 2331 2802 2373 vesanus
2845 2317 2914 2372 ab
2960 2319 3218 2375 omnibus
3252 2321 3438 2375 Domi-

1859 2419 1991 2460 num
2025 2408 2364 2472 timentibus,
2423 2407 2681 2464 adulterii
2745 2410 3144 2480 vituperatione
3195 2413 3438 2469 dehone-

1858 2507 2070 2566 statur;
2103 2499 2264 2554 hodie
2284 2497 2512 2556 Joannis
2539 2501 2904 2558 Praecursoris
2931 2501 2986 2557 in
3012 2504 3163 2560 disco
3195 2505 3436 2560 cireum-

1857 2587 2033 2646 fertur
2083 2605 2242 2648 sacra
2299 2593 2567 2649 laniena:
2613 2591 2879 2651 l‘lerodias
2947 2605 3128 2652 autem
3187 2597 3434 2654 adultera

1857 2693 2062 2740 aeterno
2092 2685 2387 2755 Oppi-obrio
2442 2687 2528 2742 vel
2593 2687 2786 2744 nolens
2845 2687 3203 2758 cumulatur;
3274 2689 3436 2747 hodie

1857 2773 2084 2832 Joannis
2112 2777 2479 2834 Praecursoris
2541 2780 2769 2850 Sanguis
2795 2789 3016 2852 propter
3059 2779 3258 2838 divinae
3303 2781 3436 2855 legis

1857 2869 2261 2926 observantiam
2305 2871 2576 2935 funditur,
2617 2869 2988 2930 Praecursoris
3015 2883 3197 2931 autem
3235 2876 3435 2931 adver-

1858 2959 2039 3015 sarius
2067 2969 2294 3030 propter
2321 2961 2594 3018 contraria
2643 2963 2783 3018 facta
2839 2963 3206 3034 ignominiose
3244 2964 3435 3020 tradu-

1858 3049 2040 3118 citur;
2074 3052 2235 3107 hodie
2269 3049 2510 3109 Joannes
2551 3053 2872 3110 Praecursor
2905 3064 3126 3126 propter
3159 3071 3315 3111 suam
3342 3059 3436 3112 de-

1859 3140 2380 3212 fendendaejustitia:
2402 3159 2587 3199 coram
2611 3143 2820 3201 llcrode
2847 3145 3102 3200 ﬁduciam
3124 3146 3431 3213 occiditur;

1860 3245 2014 3304 reges
2041 3242 2221 3290 autem
2255 3245 2432 3300 terrae,
2461 3236 2758 3305 quominus
2786 3251 2816 3291 a
2860 3237 3119 3309 regnandi
3161 3227 3434 3293 conserti-

1858 3323 1960 3380 bus
2014 3323 2382 3382 dissocientur
2442 3327 2666 3393 eruditi,
2699 3343 2824 3383 eum
2872 3329 2964 3399 qui
3009 3345 3068 3384 se
3116 3329 3436 3384 dissociat-it

1856 3425 2259 3473 contemnunt:
2300 3417 2478 3482 hodie,
2514 3418 2754 3475 Joannes
2803 3417 3121 3474 Praecursor
3173 3419 3433 3474 vexillum

1857 3509 1911 3564 in
1944 3518 2087 3564 terra
2118 3507 2336 3578 attollit,
2366 3521 2531 3581 atque
2579 3510 2760 3566 omnis
2804 3511 2966 3566 homo
3019 3511 3348 3566 admonetur
3374 3519 3435 3566 ut

1855 3603 2077 3674 pr0pria
2118 3619 2290 3659 uxore
2334 3611 2644 3668 contentus,
2697 3603 2925 3660 ulterius
2982 3618 3090 3658 non
3130 3604 3429 3674 procedat;

1857 3691 2020 3749 hodie
2047 3693 2286 3750 Joannes
2316 3693 2631 3750 Praecursor
2669 3694 2735 3748 ad
2788 3691 2996 3749 inferas
3050 3693 3348 3760 descendit,
3379 3703 3436 3750 et

1857 3787 2058 3842 mortui
2087 3789 2346 3859 gaudium
2385 3795 2608 3858 propter
2655 3787 2860 3842 Christi
2905 3785 3200 3841 adventum
3253 3787 3435 3856 perci-

1855 3881 2016 3953 piunt
2048 3879 2355 3937 ineffabile:
2389 3879 2550 3937 hodie
2580 3881 2651 3936 ob
2692 3880 2965 3936 Joannem
2993 3881 3170 3951 capite
3211 3891 3436 3952 promer

1855 3971 2122 4044 justitiam
2177 3971 2450 4028 minutum
2492 3973 2616 4028 coeli
2687 3973 2959 4038 laetantur,
3039 3971 3314 4043 simulque
3374 3975 3430 4028 in

1859 4077 2002 4122 terra
2035 4065 2288 4122 homines
2311 4063 2532 4121 festales
2555 4066 2788 4135 hymnos
2805 4065 3012 4120 dicunt.
3053 4065 3120 4119 Et
3160 4063 3436 4137 mihiqui-

1857 4157 1980 4214 dem
2017 4158 2227 4213 videtur
2274 4171 2506 4228 magnus
2539 4155 2758 4211 Domini
2808 4151 3130 4211 Praecursor
3171 4155 3238 4210 de
3275 4155 3434 4212 caelis

1857 4263 1958 4304 nos
1996 4247 2261 4318 aspicere,
2289 4254 2454 4318 atque
2499 4257 2560 4303 ut
2586 4259 2716 4302 suos
2754 4257 3007 4302 cantores
3041 4247 3245 4304 divinis
3271 4247 3436 4304 donis

1859 4337 2219 4394 remunerari.
2260 4335 2361 4394 llic
2396 4337 2538 4392 inter
2566 4335 2880 4408 prophetas,
2935 4337 3090 4394 stella
3141 4345 3224 4393 est
3252 4346 3434 4393 matu-

1859 4432 1973 4488 tina
2002 4432 2318 4488 discurrens
2351 4439 2404 4487 et
2435 4431 2785 4487 illuminans:
2817 4435 2956 4486 inter
2998 4433 3301 4503 apostolos.
3349 4433 3432 4489 sol

172 4516 466 4612 αυγάξωνο
496 4542 554 4594 ὲν
589 4516 912 4603 imam,
962 4539 1037 4602 ὡς
1081 4516 1236 4608 ἥλιος
1275 4539 1334 4590 ἐν
1384 4537 1537 4610 μέσῳ
1584 4516 1754 4610 ήλίων

1857 4529 1941 4580 est
1970 4524 2026 4578 in
2053 4523 2249 4578 mediis
2295 4521 2504 4578 solibus
2554 4519 2881 4591 praefulgens
2907 4529 2961 4576 et
2990 4535 3158 4592 supra
3205 4530 3434 4578 carteros

171 4633 517 4704 προλάμπων
564 4631 658 4686 καὶ
699 4630 1079 4703 ὑπερλάμπων
1106 4647 1119 4660 ·
1153 4631 1211 4683 ὲν
1246 4624 1514 4702 μάρτυσιν
1558 4631 1632 4697 ὡς
1658 4633 1752 4686 οὐ·

171 4726 342 4797 ρανὺς
382 4723 806 4794 πεποικιλμένος
855 4723 971 4786 τοῖς
1015 4721 1236 4794 ἄστροις
1273 4723 1385 4776 τῶν
1416 4721 1748 4794 θαυμάτωνο

171 4819 229 4872 ἐν
271 4819 510 4882 δικαίοις
557 4817 632 4881 ὠς
663 4817 882 4882 πολλοῖς
923 4817 1025 4886 τῆς
1062 4817 1410 4890 δικαιοσύνης
1439 4819 1754 4891 αὐχήμασιν

174 4909 627 4984 ὑψικομώτερος,
684 4909 792 4964 τῶν
827 4911 1035 4980 κέδρων
1073 4909 1168 4964 τοῦ
1208 4911 1444 4965 Λιϐάνου
1483 4912 1754 4984 ὑπερφαί-

170 5023 277 5058 νων
302 5021 317 5036 ο
353 5006 382 5057 6
415 5005 590 5075 χαρὰν
634 5003 993 5068 ὲξακουτίσας
1041 5003 1284 5074 σήμερον
1318 5008 1388 5076 τῇ
1432 5005 1747 5076 οἰκουμένῃ.

172 5097 234 5150 Et
264 5098 380 5166 γὰρ
423 5096 609 5150 πολλοὶ
643 5096 736 5149 ἐπὶ
781 5098 850 5167 τῇ
897 5097 1152 5165 γεννήσει
1211 5094 1377 5149 αὐτοῦ
1420 5098 1751 5167 χαρήσονται

170 5191 314 5243 κατὰ
347 5189 416 5242 τὰ
448 5189 622 5256 λόγια,
650 5187 912 5256 ἀνάλογον
942 5187 1009 5240 ἂν
1031 5187 1119 5258 εἴη
1161 5188 1254 5240 καὶ
1273 5190 1331 5240 ὲν
1361 5191 1427 5258 τῇ
1465 5188 1632 5242 αὐτοῦ
1664 5206 1753 5241 τε-

169 5277 390 5331 λειώσει
413 5279 511 5348 τὴν
538 5277 708 5350 αὐτὴν
744 5276 968 5329 ἔσεσθαι
1011 5275 1374 5347 εὐφροσύνην,
1411 5278 1475 5348 ἣν
1505 5293 1750 5349 πανηγυ-

171 5371 348 5440 ρίζειν
380 5367 683 5439 ὴξιὼμεθα,
709 5367 825 5421 ὅσοι
866 5369 923 5418 ἐν
971 5364 1234 5437 ἱερατικῴ
1259 5383 1316 5418 τε
1353 5365 1744 5438 καὶέρημικῷ,

169 5463 228 5513 ἐν
265 5459 542 5530 μοναδικῷ
565 5475 626 5512 τε
659 5459 755 5512 καὶ
778 5456 951 5528 λαῖκῷ
973 5457 1216 5527 τάγματι
1258 5456 1424 5509 πᾶσιν
1457 5455 1752 5526 ἀνήκοντος

239 5579 290 5613 ⁸⁸
319 5577 455 5632 Luc.
494 5591 557 5642 ιι,
598 5575 688 5630 10.

243 5675 362 5742 (25)
394 5673 586 5728 Merito
643 5673 784 5742 hanc
854 5677 1039 5725 narrat
1090 5678 1362 5742 tanquam
1424 5671 1746 5742 popularem

169 5740 523 5801 traditionem
554 5743 622 5798 de
655 5740 888 5797 Herodis
918 5756 1054 5795 nece
1087 5740 1412 5795 ΤΙιεοιΙοτιιε
1441 5757 1458 5806 ;
1484 5741 1572 5794 ille
1601 5743 1747 5795 enim

171 5829 367 5886 reapse
397 5830 500 5871 non
540 5816 595 5869 in
627 5813 826 5870 civium
847 5811 1139 5868 rebellione
1163 5811 1254 5867 sed
1287 5811 1340 5864 in
1375 5809 1632 5880 Hispania
1651 5825 1751 5865 ex-

1856 4615 2113 4671 radians:
2151 4615 2295 4670 inter
2321 4621 2613 4684 martyres,
2646 4612 2808 4667 veluti
2829 4613 3028 4666 cmlum
3047 4619 3131 4666 est
3161 4613 3434 4669 sideribus

1854 4707 2125 4764 variatum
2174 4706 2606 4763 miraculorum:
2643 4706 2785 4760 inter
2833 4705 3038 4775 justus,
3089 4717 3189 4760 ceu
3246 4705 3432 4760 multis

1851 4801 2082 4874 justitize
2107 4799 2447 4856 ornamentis
2476 4799 2582 4854 alte
2603 4798 2985 4865 irondescens,
3021 4798 3214 4852 Libani
3237 4798 3434 4854 cedros

1855 4895 2089 4952 excedit.
2129 4891 2232 4949 ilic
2264 4893 2426 4948 hodie
2455 4892 2664 4946 mundo
2700 4893 2958 4946 universo
2992 4881 3432 4961 gaudium'inti-

1857 4991 1993 5044 mat.
2031 4981 2168 5040 Nam
2198 4984 2242 5040 si
2264 4983 2421 5037 multi
2461 4983 2514 5036 in
2546 4981 2829 5035 nativitate
2845 4981 2964 5050 ejus
2981 4980 3218 5052 gavisuri
3251 4993 3427 5048 erant,

1853 5081 2012 5147 juxta
2040 5079 2285 5135 divinum
2319 5075 2540 5131 eﬂ‘atum
2565 5074 2646 5142 ’°;
2682 5087 3106 5130 consentaneum
3127 5074 3197 5129 sit
3229 5073 3281 5128 in
3310 5076 3429 5146 ejus

1859 5185 2077 5242 quoque
2140 5165 2612 5224 consummatione
2679 5164 2924 5219 eamdem
2979 5179 3100 5220 esse
3161 5165 3428 5232 laetitiam,

1857 5279 2021 5335 quam
2053 5277 2152 5318 nos
2186 5259 2528 5315 solemnitate
2559 5257 2660 5311 hac
2692 5255 2967 5311 celebrare
3001 5255 3151 5326 digni
3189 5256 3426 5324 fuimus,

1855 5366 2122 5428 quotquot
2145 5351 2518 5417 sacerdotalis,
2559 5358 2654 5406 aut
2692 5347 2980 5416 eremitici,
3007 5359 3102 5404 aut
3130 5351 3428 5404 menacha-

1861 5449 1948 5513 lis,
1975 5457 2070 5504 aut
2099 5447 2264 5504 etiam
2293 5445 2419 5502 laici
2469 5443 2677 5500 ordinis
2709 5457 2920 5509 sumus,
2981 5441 3164 5496 cuncti
3220 5441 3428 5496 scilicet

1855 5665 1943 5790 ῗιῦι
1977 5662 2134 5726 obiit,
2168 5658 2456 5785 ut9diserte
2489 5651 2762 5727 Iosephus
2787 5661 2998 5716 narrat,
3027 5649 3105 5705 De
3136 5648 3268 5705 bello
3287 5646 3422 5707 Iud.

1876 5752 1892 5790 ι
1936 5773 1950 5790 ο
1987 5749 2048 5790 il.
2074 5747 2194 5790 ean.
2258 5768 2273 5783 .

1876 5747 1950 5790 tl).
1987 5749 2048 5801 ιι,
2074 5747 2194 5802 cap.
2219 5747 2273 5785 υ.
