4064 6372
603 363 707 425 ’ΠΙ

1795 367 1855 426 S.
1881 367 2276 428 THEODORI
2323 369 2672 430 STUDlT/E

3766 363 3872 426 772

607 487 764 527 sacra
813 473 918 530 hac
973 473 1496 530 commemoratione
1556 474 1814 545 gaudium
1871 476 2137 533 afferente
2165 498 2216 542 ;⁴

2317 479 2378 533 οὔ
2411 480 2763 550 μνημοσὺνου
2788 480 2849 533 τὸ
2877 479 3198 551 ἀγαλλίαμα
3222 495 3236 511 ο
3261 477 3630 549 διαφερόντως
3654 475 3713 530 δὲ
3739 476 3874 548 ἡμῖν

607 567 880 637 praecipue
897 581 1030 621 vero
1064 567 1225 624 nobis
1252 568 1348 638 qui
1370 583 1541 623 sacrae
1568 569 1714 624 illius
1733 570 1866 626 tedis
1889 572 2184 628 contuber-

2319 570 2503 634 οἴςτοῦ
2541 571 2690 641 ἱεροῦ
2748 571 2912 626 αὑτοῦ
2939 571 3219 642 οίκου(26)
3249 569 3588 633 θιασώταιςο
3623 563 3686 623 οὐ
3710 585 3874 639 μετα-

610 662 763 718 nales
792 678 808 726 ;
850 659 1007 730 cujus
1029 668 1320 730 propterea
1384 661 1877 718 intercessionibus
1908 663 2186 718 validiori-

610 753 932 810 busutinam
963 751 1242 808 fruamur!
1265 754 1318 807 in
1339 751 1560 808 Christo
1579 751 1708 808 Jesu
1728 753 1962 811 Domino
1976 765 2188 812 nostro.

618 845 721 901 Cui
781 844 954 917 gloria
980 852 1035 898 et
1071 852 1333 913 potestas,
1363 859 1486 898 cum
1529 842 1691 900 Patre
1743 854 1798 900 et
1841 847 2190 903 sanctissimo

611 935 827 990 viviﬁco
852 932 1080 1004 Spiritu,
1119 947 1265 987 nunc
1286 941 1343 988 et
1364 949 1582 1004 semper
1609 943 1665 990 et
1697 950 1796 1006 per
1843 935 2061 994 inﬁnita
2085 954 2189 993 sa:-

614 1030 734 1086 cula
767 1028 1112 1085 saeculorum.
1147 1028 1346 1080 Amen.

1354 1117 1449 1172 1X.

613 1212 882 1268 Laudatio
903 1211 962 1265 in
993 1210 1055 1266 S.
1084 1208 1350 1265 Joannem
1377 1212 1674 1280 apostolum
1701 1222 1750 1266 et
1791 1215 2191 1285 evangelistam.

2290 661 2557 731 σχοίημεν
2583 661 2692 715 τῶν
2719 661 3026 730 πρεσϐειῶν
3062 661 3142 715 ἐτι
3187 661 3333 732 μάλα
3377 659 3785 729 ἐκτενέστερον,
3817 659 3876 712 ἐν

2292 754 2516 823 Χριστῷ
2557 753 2732 823 Ἰησοῦ
2777 751 2858 824 τῷ
2893 753 3083 825 Κυρίῳ
3126 752 3322 825 ήμῶνο
3355 745 3400 820 ᾧ
3435 755 3470 823 ἡ
3511 751 3641 816 δόξα
3681 753 3778 804 καὶ
3813 752 3878 804 τ’)

2294 845 2517 915 κράτος,
2576 844 2676 898 σὺν
2719 843 2798 915 τῷ
2845 844 3024 914 Ila-cpi.
3074 846 3170 898 καὶ
3205 843 3284 916 τῷ
3338 843 3592 914 παναγίῳ
3621 842 3719 896 καὶ
3747 840 3880 905 ζωο-

2296 935 2436 1005 ποιῷ
2458 936 2762 1006 Πνεὺματι,
2793 934 2890 991 νῦν
2925 936 3022 989 καὶ
3045 935 3152 999 ἀεὶ,
3184 936 3281 990 καὶ
3324 935 3406 1000 είς
3435 935 3562 999 τοὺς
3587 932 3880 1004 ἀτελευτή-

2298 1044 2425 1090 τους
2447 1027 2654 1090 αίῶνας
2685 1028 2795 1082 τῶν
2827 1026 3062 1081 αἰώνων.
3107 1028 3300 1098 Ἀμήν.

3055 1115 3133 1169 Θ’.

2294 1211 2626 1282 Ἐγνιώμιον
2645 1213 2733 1278 εις
2755 1209 2862 1264 τὸν
2875 1208 3067 1282 μέγ-αν
3085 1206 3382 1282 Ἰωᾴοςιξην
3401 1208 3509 1282 τὸΥ
3528 1207 3885 1282 ἀπόστολον

2508 1286 2605 1336 καὶ
2633 1276 3078 1350 εὐαγγελιστὶιν
3109 1278 3215 1332 τοῦ
3245 1276 3502 1346 Χριστοῦ
3531 1277 3662 1348 (27).

1861 1369 2018 1439 (Asc.
2043 1372 2174 1426 MAI.
2206 1372 2307 1430 loc.
2333 1377 2423 1430 cit.
2459 1392 2512 1446 p.
2540 1376 2653 1445 62.)

686 1461 740 1514 1.
779 1458 917 1513 Cum
959 1459 1159 1513 etelum
1205 1459 1365 1515 nobis
1412 1459 1476 1514 ad
1525 1459 1858 1518 laudationis
1899 1478 2194 1533 argumen-

616 1560 730 1606 tum
785 1551 1128 1620 propositum
1175 1551 1266 1616 sit,
1314 1551 1440 1620 quis
1485 1566 1670 1607 sermo
1719 1553 2046 1621 invenietur,
2097 1556 2193 1625 qui

616 1643 992 1700 encomiorum
1025 1643 1367 1698 altitudinem
1402 1659 1624 1714 aequare
1654 1647 1866 1715 possit?
1887 1647 2040 1714 Quod
2067 1662 2196 1703 vero

623 1735 902 1807 ingenium
945 1733 1473 1810 admagnitudinem
1498 1751 1556 1791 se
1590 1737 1813 1792 extollat
1842 1737 2198 1794 nobilissimae

618 1827 839 1883 laudis?
871 1826 1016 1881 Fors
1049 1827 1164 1896 ipsa
1198 1827 1461 1882 duntaxat
1490 1830 1800 1898 argumenti
1847 1831 2200 1901 aggressione

623 1921 964 1984 fatiscemus,
996 1929 1254 1990 tanquam
1285 1935 1348 1976 ea
1384 1929 1658 1978 tentantes
1697 1939 1819 1993 quae
1853 1900 2014 1980 nemo
2047 1940 2201 1981 asse-
2228 1900 2274 1958 Β

623 2012 716 2084 qui
748 2011 946 2083 possit,
986 2026 1050 2066 ac
1081 2012 1176 2082 qui
1229 2012 1284 2066 in
1334 2012 1658 2069 immensam
1698 2015 2079 2071 celsitudinem
2123 2017 2204 2072 vi-

622 2105 853 2160 deamus
901 2104 1177 2172 prosilire.
1233 2101 1357 2158 Non
1409 2104 1558 2160 hunc
1597 2118 1778 2160 autem
1823 2107 2010 2176 polum
2056 2109 2202 2172 dico,

624 2211 788 2268 quem
819 2195 1102 2252 stellarum
1136 2197 1294 2252 chori
1331 2197 1486 2254 vario
1516 2198 1716 2253 decore
1753 2208 2071 2269 perornant,
2105 2215 2206 2256 nec

623 2303 788 2360 quem
830 2288 914 2344 sol
957 2286 1218 2357 aurigans
1267 2289 1547 2359 reciproco
1597 2304 1764 2344 cursu
1793 2290 2039 2359 quotidie
2083 2305 2208 2360 per-

623 2390 813 2450 agrat;
869 2390 926 2435 at
968 2395 1146 2450 neque
1187 2395 1349 2450 quem
1402 2380 1534 2436 luna
1581 2390 1812 2437 cornuta
1855 2397 2206 2452 percurrens,

625 2471 732 2526 dici
783 2469 999 2541 fulgore
1047 2480 1266 2526 noctem
1324 2471 1686 2530 collucentem
1736 2483 1994 2546 praestat;
2050 2475 2208 2545 cujus

625 2563 882 2619 miraculi
935 2564 1087 2620 visus
1133 2563 1395 2633 magister
1446 2565 1685 2630 exsistit,
1718 2568 1847 2622 dum
1907 2569 1961 2622 in
2020 2582 2206 2622 rerum

571 2725 582 2734 '
626 2663 935 2710 creatarum
964 2653 1432 2723 pulchritudinem
1465 2665 1736 2723 penetrat,
1764 2657 2121 2726 animumque
2143 2656 2208 2710 ad

628 2745 924 2805 creationis
963 2750 1244 2798 auctorem
1297 2745 1669 2800 transmittit:
1701 2745 1832 2814 quin
1867 2746 2049 2814 potius
2077 2745 2209 2799 illud

629 2837 862 2893 dixerim
892 2835 1119 2901 coelum,
1145 2835 1304 2906 cujus
1327 2835 1497 2890 stellae
1527 2845 1789 2906 perpetuo
1811 2836 2054 2894 lucentes
2081 2845 2212 2892 sunt

629 2930 926 2985 multarum
1002 2929 1263 2983 virtutum
1348 2937 1584 2996 turmae,
1648 2929 1913 2998 bonaeque
1979 2927 2212 2986 actionis

630 3021 916 3092 splendore
943 3020 1213 3092 fulgentes
1243 3034 1258 3072 :
1290 3029 1343 3073 et
1373 3019 1532 3089 cujus
1556 3020 1662 3085 sol,
1684 3021 1991 3091 evangelica
2017 3035 2214 3091 nempe

629 3114 971 3186 praedicatio,
1029 3113 1098 3168 ad
1155 3112 1307 3166 orbis
1365 3121 1638 3166 terrarum
1689 3112 1828 3167 ﬁnes
1886 3113 2210 3181 pervadens,

2371 1476 2440 1526 α’.
2470 1469 2714 1540 Οὐρανοῦ
2755 1467 3120 1541 προκειμένου
3150 1467 3282 1536 ἡμῖν
3309 1466 3389 1528 εἰς
3424 1464 3684 1518 ὑπόθεσιν
3707 1465 3886 1533 ἐγκω-

2303 1563 2450 1634 μίου,
2482 1563 2567 1625 τίς
2597 1563 2707 1631 ἄρα
2749 1559 3060 1630 ἐξευρεθείη
3114 1559 3270 1627 λόγος
3301 1558 3379 1628 τῷ
3407 1557 3530 1627 ὕψει
3561 1556 3672 1609 τῶν
3695 1557 3883 1626 ,ἐγκωρ

2305 1651 2444 1722 μίων
2499 1650 2905 1721 συνεπαρθῆναι
2967 1649 3315 1716 δυνάμενοςς
3377 1649 3507 1701 ποία
3565 1649 3623 1701 δὲ
3673 1647 3884 1701 διάνοια

2305 1743 2509 1813 ὑφάψοι
2559 1741 2621 1795 τὺ
2647 1740 2742 1796 τοῦ
2782 1739 3049 1812 μεγέθους
3085 1741 3183 1810 τῆς
3225 1736 3544 1810 ὑπερφυοῦς
3585 1738 3879 1803 αἰνέσεωςς

2303 1835 2445 1905 τάχα
2501 1834 2567 1888 ἂν
2621 1834 3003 1903 ἁποκάμοιμεν
3054 1831 3147 1884 καὶ
3208 1831 3368 1900 μόνον
3419 1831 3519 1900 τῆς
3571 1828 3884 1890 ὑποθέσεως

2303 1925 2697 1997 κατάρξασθαι,
2729 1925 2806 1988 ὡς
2855 1923 2963 1977 τῶν
3018 1923 3323 1993 ἀνεφίκτων
3365 1922 3760 1992 ἐφαπτόμενοι,
3792 1924 3885 1976 καὶ

2303 2020 2383 2084 εἰς
2409 2016 2809 2088 ἀπειροπληθὲς
2834 2015 2968 2085 ὕψος
3009 2015 3183 2085 πηδᾷν
3206 2012 3612 2083 δοκιμάζοντεςο
3639 2013 3740 2066 καὶ
3781 2015 3885 2084 μὴν

2303 2111 2365 2165 οὐ
2389 2111 2538 2164 τόνδε
2564 2112 2710 2181 φημὶ
2739 2109 2830 2162 τὸν
2852 2107 3034 2173 πόλον,
3067 2106 3126 2160 ὃν
3159 2106 3398 2178 ἀστρῷοι
3429 2109 3641 2177 χορεῖαι
3681 2107 3886 2178 ἐκπρει

2304 2203 2425 2267 πῶς
2483 2201 2994 2266 καταποκίλλουσιν,
3035 2199 3142 2252 οὐδ’
3169 2201 3337 2271 ὅνπερ
3387 2199 3538 2269 ἥλιος
3567 2199 3889 2269 ἁρματηλαεο

2306 2297 2413 2351 τῶν
2441 2297 2534 2351 τὸν
2560 2297 2838 2367 ἐφήμερον
2869 2293 3076 2349 διανὺει
3101 2293 3336 2359 δίαυλον,
3369 2293 3552 2346 οὐδὀὑ
3583 2293 3694 2364 μὴν
3722 2294 3888 2363 ὅνπερ

2309 2389 2506 2460 σελήνη
2565 2387 2851 2459 μηνοειδὴς
2895 2385 3186 2440 διαθέουσα
3230 2385 3552 2456 ἡμεροφανῆ
3591 2384 3693 2455 τὴν
3722 2384 3892 2441 νύκτα

2309 2479 2701 2553 ἀπεργάζεται·
2731 2473 2794 2534 οὐ
2814 2479 2908 2533 τοῦ
2931 2477 3209 2548 θαύματος
3230 2479 3323 2532 καὶ
3347 2478 3381 2548 ἠ
3404 2477 3527 2547 ὄψις
3545 2478 3890 2543 διδάσκαλος,

2308 2579 2421 2638 τοῖς
2451 2575 2551 2645 τῆς
2597 2573 2827 2637 κτίσεως
2860 2571 3252 2641 ἐμϐαθύνουσαη
3299 2569 3546 2636 κάλλεσι,
3599 2571 3698 2624 καὶ⁵
3758 2570 3892 2641 πρὶς

2309 2667 2400 2721 τὸν
2440 2666 2541 2737 τῆς
2584 2665 2952 2737 δημιουργίας
2977 2663 3152 2717 αἴτιον
3194 2662 3283 2716 τὸν
3309 2661 3432 2715 νοῦν
3467 2662 3890 2732 ὰναπέμπουσα·

2311 2757 2426 2812 ἀλλ’
2457 2757 2685 2828 οὐρανὸν
2715 2757 2920 2810 ἐκεῖνον
2949 2756 3190 2825 λέγοιμι,
3234 2748 3296 2808 οὐ
3340 2753 3568 2824 ἀστέρες
3616 2755 3896 2822 ἀειφανεῖς

2312 2847 2420 2901 τῶν
2449 2847 2660 2918 ἀρετῶν
2688 2845 2896 2904 σύνοδοι
2926 2844 3158 2909 πολλῶν,
3189 2843 3268 2914 τῷ
3307 2845 3434 2914 φάει
3465 2844 3565 2913 τῆς
3594 2843 3896 2914 εὐπραξίας

2313 2937 2786 3002 ἀποστιλϐοὖντες,
2844 2939 2936 2991 καὶ
2973 2933 3144 3007 οὗπερ
3197 2937 3371 3006 ἣλιος,
3426 2937 3488 2989 τὸ
3541 2937 3899 3005 εὐαγγελικδν

2314 3033 2598 3105 κήρυγμα.
2630 3033 2710 3094 εἰς
2757 3031 2824 3084 τά
2870 3031 2970 3099 τῆς
3021 3029 3346 3101 οἰκουμένης
3393 3029 3624 3101 διᾴττων
3663 3030 3897 3100 πέρατα,

2319 3123 2727 3196 μυριοπλασίως
2755 3123 2906 3193 ἡλίου
2937 3123 3328 3194 φωτεινότερον
3355 3124 3670 3192 φρυκτωρεῖ
3695 3122 3899 3190 κόσμον

631 3206 782 3261 mille
821 3205 1078 3275 partibus
1128 3202 1368 3258 lucidius
1425 3202 1536 3257 sole
1586 3203 1854 3257 mundum
1903 3203 2211 3264 collustrat,

2317 3217 2513 3288 ὁρατόν
2543 3233 2604 3268 τε
2637 3216 2731 3267 καὶ
2756 3215 3010 3287 ἀόρατον.
3046 3213 3368 3286 Σεληνιαίου
3393 3213 3504 3285 γὰρ
3535 3212 3716 3282 φωτὸς
3750 3211 3901 3266 οὔπω

633 3308 746 3353 tum
777 3297 920 3352 hunc
953 3295 1131 3351 oculis
1160 3295 1496 3364 subjectum,
1535 3304 1648 3348 tum
1689 3294 1842 3348 illum
1878 3294 1995 3348 sola
2032 3294 2216 3362 cogni-

636 3401 749 3446 tum
784 3401 987 3446 mente.
1028 3387 1148 3444 Non
1176 3388 1321 3443 enim
1361 3387 1540 3442 lunari
1585 3387 1794 3442 lumine
1831 3401 1969 3457 Opus
2001 3385 2051 3441 ei
2088 3393 2213 3442 est:

633 3481 838 3554 quippe
876 3497 999 3536 cum
1050 3495 1119 3535 ne
1169 3495 1278 3534 nox
1322 3479 1542 3548 quidem
1589 3478 1831 3548 excipiat
1879 3477 2050 3543 diem,
2091 3474 2218 3544 quia

635 3574 1020 3646 splendoribus
1052 3575 1368 3629 illustratur
1397 3572 1489 3640 qui
1516 3587 1799 3642 nunquam
1829 3570 2110 3626 occidunt.

706 3667 764 3720 2.
796 3666 866 3722 At
889 3667 1031 3723 scire
1082 3668 1250 3724 vultis
1276 3668 1530 3738 quisnam
1558 3665 1646 3720 hic
1671 3666 1745 3720 sit
1766 3663 2057 3733 magniﬁce
2087 3659 2220 3716 adeo

637 3759 967 3830 praedicatus
1011 3761 1034 3814 ?
1086 3759 1352 3814 Nimirum
1418 3757 1657 3814 Joannes
1721 3765 1824 3821 est,
1884 3754 2218 3818 auditores;

638 3850 898 3915 Joannes,
952 3852 1196 3922 inquam,
1230 3865 1491 3921 perquam
1518 3848 1850 3904 excellenter
1893 3847 2226 3916 apostolus;

640 3944 1098 4016 evangelistarutn
1131 3943 1613 4012 praestantissimus
1638 3959 1654 4009 ;
1676 3941 1768 3995 Dei
1797 3939 2000 4010 aquila,
2028 3953 2224 4010 magna

641 4039 735 4094 illa
770 4038 966 4109 pennis
1019 4038 1204 4092 aureis
1235 4035 1463 4108 praedita
1501 4052 1517 4102 ;
1557 4035 1797 4090 caelestis
1847 4031 2101 4104 profundi
2141 4032 2227 4086 in-

641 4116 961 4202 vestigator,
989 4145 1152 4201 quem
1189 4130 1380 4184 nullus
1413 4127 1637 4199 assequi
1662 4136 1842 4198 potest
1882 4145 1895 4182 :
1938 4125 2102 4180 homo
2132 4123 2224 4194 qui

642 4224 989 4280 Clterubinos
1027 4222 1496 4292 contemplatione
1548 4220 1849 4289 superavit,
1888 4218 1984 4288 qui
2035 4216 2227 4272 aeterni

645 4315 811 4370 Verbi
843 4315 1221 4370 exsistentiam
1283 4314 1492 4384 angelis
1538 4312 1676 4382 ipsis
1703 4310 1999 4373 nuntiavit,
2063 4323 2228 4364 voca-

645 4407 894 4462 lissimus
922 4406 1169 4461 veritatis
1194 4420 1373 4476 praeco
1407 4420 1422 4469 ;
1455 4419 1612 4458 mens
1647 4402 1898 4456 sublimia
1932 4411 2225 4470 spectans;

649 4499 834 4568 lingua
869 4499 1027 4568 ignea
1063 4515 1077 4562 ;
1118 4511 1182 4551 os
1211 4496 1400 4550 divino
1435 4508 1688 4550 sermone
1714 4493 2044 4549 instructum
2072 4509 2088 4560 ;
2121 4491 2229 4546 im-

2315 3306 2582 3368 δέδεκται,
2614 3305 2696 3357 ὅτι
2729 3304 2866 3374 μηδὲ
2892 3303 2990 3368 νὺξ
3040 3303 3139 3373 τὴν
3169 3301 3296 3372 περὶ
3326 3302 3458 3356 αὐτὸ
3511 3301 3730 3372 ἡμέραν
3759 3295 3901 3356 οἶδεν

2317 3399 2701 3469 διαδέχεσθαι,
2758 3396 3094 3461 ἁνεπιδύτως
3159 3396 3253 3452 τοῦ
3321 3397 3493 3466 φάους
3565 3393 3904 3468 μαρμαρὺσο

2323 3506 2529 3553 σοντος.

2395 3670 2461 3737 β’.
2499 3667 2607 3720 Καὶ
2639 3666 2690 3719 τί
2720 3661 2875 3730 οὗτος
2907 3667 2936 3720 ὁ
2970 3666 3539 3740 μεγαληγοροιῳενος,
3571 3665 3767 3737 μαθεῖν
3790 3665 3904 3737 βού-

2322 3759 2515 3824 λεσθε;
2551 3759 2831 3831 Ἰωάννης,
2881 3755 2925 3812 ὦ
2980 3759 3192 3831 ἄνδρες,
3223 3762 3250 3812 6
3280 3759 3545 3831 ὑπερλίαν
3583 3759 3903 3826 ἀπόστολος,

2324 3850 2431 3902 τῶν
2469 3850 2872 3918 εὐαγγελιστῶν
2911 3853 2938 3905 6
2970 3851 3434 3922 προφερέστατος,
3458 3852 3487 3904 6
3520 3850 3615 3903 τοῦ
3647 3849 3783 3904 Θεοῦ
3810 3854 3909 3904 ἀε-

2324 3943 2437 4006 τὸς,
2464 3944 2492 3996 ό
2541 3943 2736 4013 μέγας,
2786 3944 2814 3996 6
2858 3943 3260 4014 χρυσοπτέρυξ,
3289 3944 3316 3996 6
3340 3943 3433 3995 τοῦ
3461 3943 3714 4014 οὐρανίου
3744 3941 3906 4013 βυθοῦ

2326 4036 2622 4107 ἐρευνητὴς
2648 4035 2943 4105 άφθαστος,
2980 4037 3009 4089 6
3033 4035 3291 4090 ἐπέκεινα
3322 4035 3432 4088 τῶν
3460 4036 3746 4107 Χερουϐὶμ
3771 4037 3905 4094 ἀνα-

2327 4127 2492 4198 νήξας
2513 4130 2578 4199 τῇ
2609 4127 2812 4199 θεωρίᾳ
2839 4127 3150 4199 ἄνθρωπος,
3173 4129 3201 4180 6
3221 4126 3318 4198 τῆς
3345 4125 3439 4179 τοῦ
3463 4126 3640 4195 Λόγου
3667 4127 3904 4198 ἀναρχοι

2329 4217 2614 4290 ὑπάρξεως
2651 4218 2746 4271 καὶ
2773 4217 3028 4286 ἀγγέλοις
3058 4217 3305 4286 ἄγγελοςο
3332 4219 3360 4270 6
3391 4216 3908 4288 μεγαλοφωνότατος

2328 4315 2428 4384 τῆς
2455 4309 2713 4382 ἀληθείας
2747 4310 2924 4380 κῆρυξ
2953 4312 2980 4362 6
3022 4309 3146 4372 νοῦς
3188 4311 3216 4363 6
3247 4307 3652 4380 ὑψίϐλεπτος,ὴ
3687 4309 3910 4378 γλῶσσα

2333 4407 2366 4472 ἡ
2397 4403 2638 4476 πύρινος,
2670 4403 2730 4457 τὸ
2754 4402 2927 4474 στόμα
2955 4401 3016 4456 τὸ
3062 4402 3417 4472 θεόφραστον,
3467 4403 3567 4473 τῆς
3622 4402 3815 4470 σοφίας
3850 4401 3912 4454 τὸ

2331 4497 2557 4570 ἄπειρον
2596 4496 2848 4564 πέλαγος,
2872 4493 2979 4548 τῶν
3004 4494 3291 4565 δογμάτων
3317 4496 3345 4548 6
3373 4494 3532 4564 βυθὸς
3555 4495 3582 4546 6
3613 4492 3908 4561 ἄφθαστος,

648 4604 896 4645 mensum
943 4587 1224 4658 sapientiae
1257 4587 1482 4658 pelagus
1517 4603 1534 4653 ;
1561 4586 1874 4656 dogmatum
1907 4583 2216 4654 imperscru-

2334 4589 2434 4660 τῆς
2459 4587 2712 4657 γνώσεως
2747 4587 2809 4640 τὸ
2841 4587 3044 4658 δοχεῖον
3072 4587 3134 4640 τὸ
3165 4587 3441 4657 μέγιστον,
3487 4588 3521 4656 ἡ
3557 4585 3910 4656 κοσμοφανὴς

647 4682 832 4738 tabilis
858 4697 1056 4752 gurges
1087 4697 1102 4748 ;
1132 4679 1378 4735 scientia:
1403 4678 1856 4748 conceptaculum
1884 4676 2181 4730 maximum
2209 4717 2224 4742 ,

649 4773 832 4844 fulgur
879 4771 1116 4843 Spiritus
1168 4771 1375 4826 mundo
1429 4771 1729 4838 relucens;
1777 4770 1966 4841 gratia:
2025 4770 2228 4824 tonitru

650 4866 913 4921 inundum
939 4874 1286 4936 perstrepens
1309 4883 1324 4932 ;
1345 4865 1596 4920 sublimis
1619 4864 1984 4920 Ecclesiarum
2017 4862 2232 4918 colum-

649 4973 742 5024 na,
779 4957 872 5012 Dei
905 4956 1276 5012 firmissimum
1324 4955 1739 5011 fundamentum
1774 4971 1790 5020 ;
1847 4954 2101 5009 humanae
2129 4967 2230 5006 na-

651 5057 786 5104 turae
807 5049 1095 5116 praedatrix
1123 5063 1318 5118 sagena
1351 5063 1366 5114 ;
1395 5046 1694 5118 piscatoria
1734 5047 2041 5100 animarum
2067 5059 2234 5098 arun-

650 5139 724 5193 do
775 5138 842 5192 ad
895 5152 1068 5207 usque
1112 5137 1313 5192 caelum
1387 5137 1716 5206 attingens;
1768 5150 1920 5190 serra
1970 5135 2232 5188 adversus

650 5245 841 5287 omnes
881 5230 1136 5295 haereses,
1193 5237 1456 5300 perpetuo
1523 5237 1674 5284 motu
1725 5228 1927 5297 agitata
1973 5242 1990 5293 ;
2037 5233 2232 5280 acutus

652 5321 888 5392 gladius,
953 5321 1248 5391 impietatis
1309 5319 1521 5374 zizania
1572 5320 1855 5374 dissecans
1912 5334 1927 5384 ;
1977 5317 2222 5372 caelestis

585 5461 589 5465 .
653 5413 822 5470 clavis
847 5413 1140 5484 impietatis
1183 5423 1390 5469 turmas
1417 5411 1713 5467 occludens
1754 5429 1766 5463 :
1815 5409 2001 5464 divino
2032 5409 2230 5464 robore

725 5529 840 5599 (26)
874 5528 1096 5585 Scilicet
1135 5527 1312 5584 Studii
1367 5526 1783 5599 monasterium,
1820 5533 2058 5599 ct_sacra
2084 5526 2226 5599 :edes

658 5593 878 5654 titulum
925 5601 985 5655 S.
1025 5599 1252 5656 Joannis
1282 5599 1536 5667 Baptistae
1564 5598 1842 5666 gerebant.
1873 5593 2226 5667 Confer§tu~

654 5671 782 5724 diue
846 5673 1015 5726 nostri
1058 5671 1237 5724 Vitam
1269 5678 1323 5723 et
1347 5663 1520 5738 Opera
1554 5663 1640 5721 od.
1677 5667 1958 5738 Sirmond.
1991 5681 2043 5734 p.
2075 5663 2160 5738 i8_,
2183 5672 2237 5738 et

656 5741 780 5796 6I8.
813 5741 939 5796 Item
963 5742 1224 5810 Cangium
1250 5735 1652 5806 Constantium).
1678 5737 1858 5810 christ.
1887 5737 1982 5791 lib.
2003 5752 2076 5810 ty,
2104 5735 2238 5798 tit4,

656 5813 746 5866 ed.
787 5811 962 5866 Paris.
1017 5807 1247 5883 p.105.
1301 5811 1376 5866 De
1406 5810 1596 5864 eodem
1643 5807 1949 5878 SJiaptista
2003 5807 2242 5876 hymnus

2334 4681 2594 4754 ἀστραπὴ
2625 4681 2718 4734 τοῦ
2754 4680 3093 4750 Πνεύματος,
3119 4681 3153 4752 ὴ
3183 4679 3536 4748 οίκουμενικὴ
3575 4676 3774 4747 βροντὴ
3811 4679 3911 4748 τῆς

2334 4774 2578 4846 χάριτος,
2628 4770 2738 4825 τῶν
2771 4769 3111 4840 Ἐκκλησιῶν
3156 4771 3184 4822 6
3237 4768 3430 4831 στύλος
3462 4770 3502 4832 ό,
3528 4766 3852 4839 ἀκρότατος,
3883 4767 3914 4820 6

2333 4865 2428 4918 τοῦ
2457 4863 2591 4917 Θεοῦ
2621 4862 2998 4934 στερεοπαγὴς
3019 4861 3288 4933 θεμέλιος,
3315 4862 3348 4932 ἠ
3372 4859 3673 4930 ἀγρευτικὴ
3701 4860 3914 4928 σαγήνη

2335 4957 2436 5026 τῆς
2469 4953 2817 5026 ἀνθρωπίνης
2851 4954 3088 5022 φύσεως,
3137 4955 3165 5008 6
3218 4952 3524 5016 ἁλιευτικὸς
3573 4951 3682 5003 τῶν
3723 4948 3917 5018 ψυχῶν

2337 5050 2720 5120 οὐρανομήκης
2773 5047 3058 5118 κάλαμος,
3110 5047 3138 5099 6
3191 5046 3333 5099 κατά
3401 5044 3593 5098 πασῶν
3646 5043 3917 5113 αἱρέσεων

2338 5142 2514 5212 πρίων
2542 5141 2870 5210 ἀεικίνητος,
2902 5140 2934 5210 ἡ
2963 5137 3030 5190 τὰ
3071 5137 3168 5207 τῆς
3203 5135 3458 5200 ἀσεϐείας
3489 5135 3704 5199 ζιζάνια
3733 5131 3918 5186 διατέ-

2337 5249 2542 5302 μνουσα
2567 5231 2714 5297 ὀξεῖα
2741 5232 3008 5301 μάχαιρα,
3037 5231 3070 5300 ἡ
3099 5228 3170 5282 τά
3189 5229 3286 5297 τῆς
3313 5228 3501 5292 ἁθεῒας
3527 5225 3919 5298 στρατεύματα

2333 5322 2737 5392 διατειχίζουσα
2787 5321 2934 5383 κλεῖς
2980 5321 3256 5388 οὐράνιος,
3315 5321 3347 5390 ἡ
3405 5317 3743 5388 σφενδονῶσα
3789 5316 3921 5380 τοὺς

2334 5414 2560 5483 νοητοὺς
2595 5411 2764 5481 θήρας
2806 5409 3092 5481 θεοσθενὴς
3123 5409 3352 5472 διάνοια,
3389 5411 3416 5461 ό
3449 5407 3760 5474 πελαγίζων
3820 5422 3922 5459 πο-

2332 5523 2778 5594 (ιιιοηιιθᾲθκςιίιίῐ
2803 5522 2972 5594 nostri
2999 5521 3288 5594 Theodori.
3323 5519 3425 5574 Vll.
3461 5535 3513 5588 p.
3544 5518 3633 5574 τε.

2413 5585 2523 5662 (‘27)
2547 5591 2768 5648 Graecus
2807 5593 2970 5661 hujus
2990 5592 3256 5662 orationis
3293 5585 3475 5662 textus
3502 5585 3920 5662 nuncprimum

2340 5658 2519 5733 prodit
2551 5680 2565 5726 ;
2598 5658 2976 5733 interpretatio
3011 5675 3192 5718 autem
3223 5658 3756 5733 LatinaCombetisii
3809 5668 3918 5733 est,

2343 5729 2372 5787 a
2408 5733 2561 5857 "obliti
2604 5729 2783 5790 tamen
2831 5749 2937 5788 non
2973 5748 3188 5803 parum,
3219 5731 3524 5803 etquidem
3585 5729 3923 5795 necessario,

2345 5819 2490 5857 vana
2521 5818 2572 5857 a.
2751 5833 2766 5844 -

2345 5818 2572 5859 \‘ill‘lala.
