4064 6372
229 333 336 396 773

1057 329 1338 393 ORATIO
1357 330 1460 392 IX.
1497 356 1568 368 -
1586 329 1964 391 LAUDATIO
2001 330 2063 392 S.
2098 327 2359 390 JOANN.
2383 327 2656 390 EVANG.

3381 327 3485 392 774

227 443 404 514 ταμδς
443 443 539 513 τῆς
569 440 662 496 τοῦ
693 441 826 496 Θεοῦ
879 441 1076 512 σοφίας
1101 444 1170 497 τὰ
1202 445 1442 512 νάματα,
1481 445 1510 497 6
1530 443 1631 513 τῆς
1661 459 1804 513 παρ-

1915 440 2133 496 animus
2185 438 2458 510 spiritales
2499 439 2704 494 bestias
2745 439 2892 494 velut
2934 438 3098 494 l’uuda
3163 439 3426 510 impetens
3464 457 3480 503 ;

229 532 414 597 θενίας
459 533 586 596 ναὸς
617 530 1024 604 καθαρώτατος,
1059 535 1087 586 6
1137 533 1214 603 τῷ
1245 535 1414 595 ὅντως
1442 533 1656 604 ὲραστῷ
1688 532 1807 585 λίαν

227 625 514 694 ἀγαπητὸς
549 626 644 679 καὶ
688 626 1020 697 ὲπιστήθιος,
1057 628 1086 680 6
1117 629 1294 696 μέγας
1344 625 1438 678 τοῦ
1473 625 1806 692 Εὑαγγελίου

229 715 600 786 ώραιόδρομος
639 717 808 786 ἣλιος,
855 720 888 789 ἡ
929 717 1123 788 εὔηχος
1149 717 1286 788 λύρα
1315 716 1410 770 καὶ
1444 716 1676 784 σάλπιγξ
1712 715 1806 769 τοῦ

230 805 569 876 Πνεύματοςο
625 807 720 860 καὶ
767 807 818 859 τί
870 808 953 860 δεῖ
1001 807 1210 875 λέγειν;
1257 797 1365 859 οὐδ’
1395 809 1445 860 εί
1519 807 1810 878 μυριοστὸν

233 894 402 964 φαίην
453 896 752 964 κατάλογον
784 896 1072 967 δυνηθείην
1117 897 1184 950 ἂν
1222 897 1533 966 ἐξιχνεῦσαι
1579 897 1687 948 τῶν
1721 897 1812 963 ὲγ-

233 987 461 1055 κωμίων
498 988 597 1055 τὴν
623 987 881 1041 ἄὸυσσον·
917 987 1047 1056 φέρε
1071 987 1158 1059 δὴ,
1199 991 1355 1059 φέρε,
1381 989 1442 1040 ού
1473 988 1534 1041 τὸ
1563 988 1683 1041 ὅλον
1727 989 1806 1040 εί-

235 1081 381 1140 πείν,
418 1079 575 1131 τοῦτο
603 1079 710 1150 γὰρ
737 1081 837 1151 ἤδη
865 1081 1090 1151 ἄπορον,
1129 1082 1190 1134 οὐ
1247 1084 1314 1152 τῇ
1363 1082 1470 1151 ἐμῇ
1513 1081 1808 1152 ἀγλωττίᾳ,

235 1169 373 1221 ἀλλὰ
399 1169 506 1240 γὰρ
532 1171 626 1223 καὶ
649 1165 730 1233 οἷς
759 1171 1054 1242 ὑψηγορείν
1079 1171 1333 1242 δύναμις,
1363 1173 1699 1242 ἡττωμένοις
1733 1171 1812 1242 τῷ

239 1261 461 1331 μεγέθει
510 1262 605 1315 τοῦ
657 1263 954 1333 θαύματος,
987 1264 1068 1317 ὃτι
1103 1264 1236 1334 μηδὲ
1281 1263 1416 1332 ὕψος
1449 1262 1682 1334 ούρανοῦ
1716 1280 1813 1334 με-

233 1352 458 1422 τρητόν·
490 1353 594 1407 κᾶν
619 1353 733 1422 δοίη
767 1354 850 1417 τίς
895 1354 1174 1425 συναίρειν
1203 1353 1296 1408 τὸν
1333 1354 1574 1417 ἔπαινον,
1605 1353 1813 1423 βραχέα

233 1442 295 1494 δέ
321 1460 444 1496 τινα
482 1446 551 1497 ὲκ
591 1443 701 1497 τῶν
736 1444 1108 1514 εύαγγελικῶν
1151 1445 1432 1514 λειμώνων
1462 1444 1812 1514 μελισσειδῶς

233 1532 377 1603 ἄνθη
407 1534 757 1606 λογήσαντες,
781 1536 1068 1590 καὶταῦτα
1087 1534 1177 1591 οἷά
1206 1554 1325 1590 τινα
1348 1536 1399 1588 σί
1408 1535 1550 1605 μδλα
1579 1535 1813 1609 λογικῶς

234 1623 812 1695 κηροπλαστήσαντες,
844 1627 936 1680 καὶ
983 1628 1060 1690 ὡς
1114 1627 1533 1698 ἁπαρτήσαντες
1561 1627 1626 1696 τῇ
1679 1626 1815 1678 ἀπο-

1910 532 2110 587 lluvius
2136 530 2231 586 Dei
2261 531 2544 600 sapientia;
2584 530 2744 585 latice
2770 529 3055 584 exundans
3091 548 3104 597 ;
3154 516 3484 599 virginitatis

1911 623 2332 677 mundissimum
2382 623 2642 692 templum
2681 622 2800 688 ;ei,
2855 622 2947 692 qui
2995 638 3180 676 revera
3234 621 3484 675 amabilis

1910 721 2016 776 est,
2045 711 2202 766 valde
2232 712 2452 776 charus,
2483 727 2547 766 ac
2577 728 2740 781 supra
2770 713 3013 782 ejusdem
3044 721 3232 782 pectus
3266 728 3482 768 recum-

1913 805 2048 860 bens
2078 822 2092 869 ;
2138 819 2368 873 magnus
2398 803 2675 874 Evangelii
2723 804 2804 859 sol
2837 805 3080 873 speciose
3115 805 3429 858 discurrens
3465 823 3481 872 ;

1912 910 2112 951 sonora
2144 894 2383 964 Spiritus
2438 895 2556 965 lyra
2586 909 2651 948 ac
2679 896 2834 948 tuba.
2864 897 2933 948 At
2956 893 3086 964 quid
3127 911 3264 964 opus
3291 904 3372 949 est
3403 895 3486 948 di-

1912 1001 2036 1042 cere
2065 986 2087 1038 ?
2115 983 2194 1039 Ne
2221 985 2268 1038 si
2293 985 2445 1039 mille
2469 984 2687 1052 quidem
2723 985 2894 1039 titulis
2932 993 3152 1038 auctum
3184 986 3484 1057 catalogum

1912 1089 2215 1142 contexam,
2239 1077 2356 1147 ejus
2373 1079 2574 1148 possim
2593 1078 3184 1148 pervestigarelaudum
3205 1079 3483 1149 abyssum.

1911 1173 2024 1241 Age
2050 1186 2201 1236 vero,
2235 1187 2352 1241 age,
2386 1185 2495 1224 non
2521 1179 2580 1224 ut
2607 1170 2860 1224 universa
2890 1171 3137 1226 dicamus
3167 1171 3184 1244 (
3209 1172 3310 1227 hoc
3338 1173 3482 1228 enim

1911 1262 2314 1326 inconcessum,
2344 1261 2540 1315 nedum
2584 1260 2716 1313 milii
2766 1261 2857 1329 qui
2903 1261 3173 1315 sermonis
3207 1277 3272 1316 ac
3296 1261 3488 1318 facun-

1916 1353 2021 1408 diae
2044 1354 2269 1421 penuria
2295 1354 2506 1416 laboro,
2534 1351 2626 1406 sed
2650 1360 2704 1405 et
2729 1352 2796 1405 iis
2814 1353 2907 1422 qui
2938 1353 3200 1423 altiloquii
3232 1353 3485 1409 facultate

1912 1439 2135 1508 pollent,
2185 1455 2323 1508 quos
2359 1447 2566 1494 tantum
2597 1439 2731 1493 illud
2787 1441 3112 1495 miraculum
3148 1443 3352 1511 ingenti
3383 1459 3484 1498 sua

1915 1531 2291 1600 magnitudine
2343 1530 2558 1596 vineit;
2601 1531 2820 1600 quando
2859 1548 3034 1601 neque
3086 1535 3315 1589 altitudo
3361 1535 3485 1590 coeli

1913 1621 2178 1690 ejusmodi
2207 1629 2308 1688 est,
2331 1630 2392 1676 ut
2413 1636 2532 1677 eam
2557 1623 2798 1676 metiaris
2826 1622 2873 1693 ).
2900 1623 3054 1689 Quod
3079 1625 3124 1678 si
3161 1627 3316 1680 nobis
3349 1641 3482 1681 cono

234 1713 457 1787 στολικῇ
505 1719 809 1789 πανηγύρει
838 1719 1026 1790 ὥσπερ
1058 1721 1164 1774 τινὶ
1218 1719 1467 1789 βασιλίδι,
1508 1719 1802 1787 ἐπίκουρον

1914 1711 2157 1774 cedatur,
2195 1721 2405 1782 partem
2442 1712 2679 1780 aliquam
2727 1712 2949 1766 laudum
3003 1714 3268 1779 conferre,
3313 1731 3483 1785 pauca

231 1803 328 1856 τὸν
355 1785 486 1872 περὶ
516 1800 577 1857 οὗ
599 1785 806 1876 ὁνλόγος
835 1785 1227 1880 λαμϐάνοντες,
1277 1811 1664 1879 προσενεγκεῖν
1692 1785 1811 1876 ἥδι-

1913 1803 2162 1871 (ιυιῐξάοιιι
2191 1819 2254 1856 ex
2290 1802 2706 1872 Evangeliorum
2754 1806 2924 1872 pratis
2966 1805 3017 1858 in
3072 1808 3287 1860 modum
3319 1824 3482 1876 apum

230 1906 342 1944 στα
371 1891 733 1965 θαρσήσομεν.

1912 1897 2292 1964 decerpentes,
2337 1911 2400 1951 ac
2437 1896 2581 1950 velut
2614 1896 2666 1948 in
2701 1896 3026 1962 quibusdam
3070 1898 3292 1954 alveolis
3331 1915 3484 1954 ceras

229 1979 517 2050 ingeniose
564 1985 850 2058 ﬁngentes,
883 1998 1047 2058 atque
1113 1989 1242 2044 huic
1306 1986 1638 2045 solemnitati
1697 1985 2031 2055 apostolicae,
2104 1996 2361 2050 tanquam
2439 1987 2642 2058 regina:
2698 1985 2936 2051 cuidam,
2991 1987 3480 2058 circumponentes,

227 2075 413 2146 ipsum
445 2081 714 2136 sermonis
745 2083 1022 2150 auspicetn
1051 2082 1392 2148 adhibentes,
1449 2081 1514 2136 de
1567 2091 1678 2149 quo
1707 2076 1866 2132 nobis
1901 2085 1985 2132 est
2035 2077 2404 2135 instituendus
2449 2093 2630 2134 sermo
2673 2093 2689 2144 ;
2736 2077 3094 2135 libentissime
3130 2080 3323 2136 oﬂ‘crre
3351 2097 3484 2152 pra:-

225 2180 541 2223 sumemus.

304 2339 374 2402 γ’.
408 2333 647 2404 Πατρίδα
679 2333 777 2404 μὲν
813 2335 867 2388 εί
893 2353 978 2400 τις
1010 2335 1330 2407 ὲπιζητήσοι
1377 2338 1667 2408 ἐγκωμίων
1723 2338 1810 2390 v6-

228 2441 362 2494 μοις
415 2425 847 2497 ἐπερειδόμενος,
898 2422 1080 2500 ἀφ’ἦς
1128 2431 1156 2481 6
1205 2430 1504 2494 ἀπόστολος
1551 2433 1630 2494 εἰς
1693 2431 1810 2498 φῶς

224 2516 514 2587 ἐλήλυθεν,
550 2518 611 2570 οὐ
663 2521 941 2590 περιφανῆ
985 2519 1190 2587 ταύτην
1238 2519 1484 2592 εύρήσοι,
1519 2521 1655 2575 ἀλλὰ
1699 2523 1809 2593 γὰρ

223 2606 331 2658 καὶ
383 2605 504 2660 λίαν
547 2607 779 2678 ἄσημον,
823 2609 922 2678 τὴν
967 2609 1281 2662 Γαλιλαίαν·
1314 2609 1638 2680 κοινοτέρως
1679 2611 1806 2682 γάρ·

226 2697 390 2768 ὅμως
424 2699 701 2753 κάνταῦθα
736 2700 1099 2772 περίϐλεπτος
1125 2702 1153 2753 6
1184 2701 1503 2765 ἀπόστολοςσ
1537 2701 1654 2765 πῶς
1716 2703 1810 2755 κοιλ¹

222 2789 344 2843 τίνι
373 2791 592 2862 spring);
633 2794 713 2846 ὅτι
744 2792 804 2856 ἐξ
835 2787 902 2863 ἦς
945 2793 1133 2846 οὐδένα
1165 2795 1453 2864 προφήτην
1483 2793 1806 2866 ὲγηγέρθαι,

221 2881 344 2934 οὐδ’
370 2883 430 2934 οὐ
469 2883 576 2952 μήν
621 2901 674 2936 τι
733 2884 936 2952 ἀγαθὸν
971 2879 1112 2938 εἶναι
1146 2885 1422 2949 Ἰουδαίοις
1480 2904 1540 2939 τε
1587 2889 1681 2941 καὶ¹
1733 2887 1809 2958 τῷ

223 2971 451 3042 ἀληθῶς
475 2973 783 3047 Ἰσραηλίτῃ
829 2974 984 3046 ᾤετο,
1019 2976 1251 3030 ἐνταῦθα
1285 2979 1539 3048 Χριστὸς,
1571 2982 1604 3050 ὴ
1658 2981 1809 3051 πηγὴ

223 3065 420 3134 πάσης
475 3066 830 3136 ἀγαθότητος,
880 3069 938 3120 ὲν
985 3069 1184 3138 γαστρὶ
1216 3070 1492 3136 Παρθένου
1525 3072 1623 3141 τῆς
1652 3073 1808 3142 ἀρχι-

225 3155 568 3224 προφήτιδος
596 3155 1048 3225 συλλαμϐάνεταν
1083 3151 1186 3210 ὧδε
1217 3159 1530 3228 μορφωθεὶς
1575 3161 1653 3231 τῷ
1683 3161 1808 3215 καθ’

225 3248 385 3318 ἡμᾶς
411 3247 542 3301 είδει
577 3248 961 3319 ὲντέθραπται,
991 3253 1102 3313 τοῖς
1141 3251 1392 3319 γονεῦσιν
1429 3253 1808 3322 ὑποτασσόμε-

223 3356 352 3404 νος,
379 3339 480 3408 τῆς
509 3339 718 3404 πόλεως
741 3341 834 3409 ἀφ’
865 3337 934 3413 ἦς
972 3341 1071 3412 τὴν
1093 3341 1282 3412 κλῆσιν
1328 3345 1566 3414 είληφενο
1594 3346 1810 3414 (Ναζω-

227 3433 384 3500 ραῖος
437 3431 563 3502 γὰρ)
607 3431 712 3484 ὑπὸ
740 3431 837 3502 τὴν
873 3432 1186 3499 Γαλιλαίαν,
1217 3435 1294 3498 ὡς
1314 3435 1414 3505 τῆς
1439 3437 1632 3509 κώμης
1666 3438 1809 3509 Βηθ-

225 3521 402 3578 σαϊδὰ
454 3523 822 3594 ὑποτελούσης
881 3525 1134 3594 μάλιστα.
1200 3527 1290 3590 Ὠς
1350 3528 1680 3597 ἀξιάγαστον
1749 3531 1810 3583 τὸ

222 3617 468 3684 ἔδαφοςι
507 3616 584 3680 ὡς
639 3619 950 3689 μακαριστὴ
1003 3621 1037 3688 ἡ
1084 3619 1310 3689 πατρίςί
1365 3623 1464 3690 τῆς
1487 3595 1886 3693 Ἃδαμιαίαςο

224 3708 500 3779 πατρίδος
522 3708 946 3780 αἰδεσιμώτερον
968 3709 1373 3782 διαλάμπουσα,
1409 3712 1484 3777 ὡς
1507 3714 1600 3766 τὸν
1626 3714 1685 3780 ἐξ
1717 3714 1809 3767 οὑ-

226 3798 406 3869 ρανοῦ
449 3799 701 3871 δεύτερον
730 3799 906 3870 ’Δδὰμ
939 3801 1036 3854 σὺν
1085 3800 1163 3870 τῷ
1197 3802 1418 3875 Ἰωάννῃ
1449 3807 1820 3877 προικοφορή-

226 3905 405 3942 σασα.
442 3888 601 3952 Γένος
643 3888 752 3941 οὐδ’
784 3889 917 3942 αὐτὸ
969 3890 1447 3962 εὐκαταφρόνητον
1479 3913 1493 3926 ο
1544 3895 1699 3962 πῶς;
1731 3897 1814 3950 ὅτι

222 3979 350 4035 ἀπὸ
371 3980 660 4034 Ζεϐεδαίου
693 3981 786 4034 καὶ
809 3979 1075 4052 Σαλώμης
1093 3982 1392 4054 ὁμαίμονος
1412 3986 1649 4056 Χριστοῦ
1673 3987 1814 4041 κατά

224 4074 424 4143 σάρκα
467 4072 495 4124 ὁ
547 4072 979 4143 εὐφημούμενος.
1013 4074 1077 4126 Ὢ
1123 4075 1237 4138 πῶς
1280 4076 1491 4145 εὐαγῶς
1528 4080 1814 4151 ἀμφότερα

223 4167 316 4227 είς
353 4162 546 4217 ταυτὸν
569 4163 925 4233 σμνέδραμεν,
957 4165 1047 4218 τὸν
1078 4166 1194 4220 υίδν
1224 4169 1319 4220 τοῦ
1351 4169 1641 4237 νυμφῶνος
1670 4172 1816 4225 ἀδελ-

222 4256 429 4326 φιδοῦν
475 4255 712 4328 Χριστοῦ
748 4255 1098 4329 ἐξευρεθῆναι
1141 4259 1582 4330 ἁρμοδιώτατονί
1628 4265 1724 4318 καί
1749 4281 1814 4332 γε

221 4351 348 4404 τῶν
383 4349 477 4416 ἀφ’
509 4350 658 4419 ἡλίου
702 4349 976 4402 ἀνατολῶν
1012 4348 1264 4420 Ἰωάννης
1292 4353 1694 4425 εὐγενέστερος,
1723 4357 1814 4426 γέ-

222 4460 327 4507 νος
359 4441 495 4494 Θεοῦ
525 4440 923 4512 χρηματίζεται
971 4442 1383 4515 ἀμφοτέρωθεν.
1425 4446 1618 4518 ὐρᾶτε
1652 4449 1814 4520 ἡλίκα

222 4534 483 4604 ἀνεφάνη
512 4534 580 4588 τὰ
627 4534 852 4600 δόξαντα
889 4529 1028 4588 εἶναι
1069 4536 1373 4607 φαυλότερα
1423 4542 1488 4610 τῇ
1543 4542 1815 4614 φιλοπόνῳ

222 4625 475 4697 ἐργασίᾳ
504 4626 848 4698 πλεκόμενα;
897 4629 982 4692 τίς
1025 4631 1058 4700 ἡ
1104 4630 1422 4701 ἀνατροφῆς
1453 4633 1814 4705 ἐπιτήδευμα,

223 4723 366 4790 ἣτις
392 4719 487 4773 καὶ
514 4713 625 4774 οἷον
655 4720 1008 4785 ὲπιδεικτέον,
1041 4723 1090 4774 εί
1119 4721 1227 4792 ἄρα
1247 4723 1540 4777 κάντεῦθεν
1563 4727 1688 4780 καθ’
1705 4729 1817 4798 εἱρ-

227 4813 343 4883 μὸν
381 4810 554 4881 βαίνει
587 4812 616 4862 6
639 4811 818 4879 λόγος.

308 5077 357 5130 δ’
367 5118 383 5132 .
419 5078 582 5130 Οὐδὲν
619 5077 969 5148 ἀπορώτερον
1006 5072 1084 5146 ὦν
1130 5081 1288 5150 ἴσμεν
1329 5081 1386 5134 ὲν
1430 5081 1531 5152 βίῳ
1579 5084 1816 5152 μεθόδων

223 5172 556 5239 ἁλιευτικῆς
604 5170 820 5241 τέχνης,
851 5169 974 5248 οὔτε
1018 5171 1124 5241 μὴν
1171 5171 1272 5239 τῆς
1307 5173 1436 5242 περὶ
1477 5173 1648 5244 αὐτὴν
1684 5176 1817 5230 ἁνα-

221 5263 453 5334 τροφῆς
479 5263 897 5333 ἀγροικότερονο
937 5264 1072 5317 διότι
1116 5264 1226 5317 τῶν
1260 5265 1360 5334 μὲν
1397 5265 1573 5320 ἄλλων
1611 5269 1816 5339 τεχνῶν

224 5358 291 5413 ,αἱ
319 5356 696 5426 προχειρξσεις
733 5354 870 5424 πρὸς
890 5355 967 5426 τῷ
997 5355 1446 5426 ἐμπολιτεύεσθαι
1478 5359 1571 5412 καὶ
1600 5359 1818 5414 πλείονα

223 5444 514 5516 πορισμὸν
543 5443 623 5513 τῷ
657 5444 873 5516 τεχνίτῃ
906 5445 1272 5516 εἰσφέρουσιν,
1307 5447 1372 5500 ἄν
1399 5463 1458 5498 τε
1492 5445 1726 5514 λογικῶς
1754 5449 1818 5502 ἄν

217 5555 292 5593 τε
330 5535 654 5607 πρακτικῶς
681 5535 884 5591 είποιέν
912 5553 995 5599 τις
1015 5553 1029 5568 ο
1066 5538 1161 5606 τῆς
1191 5536 1269 5602 δὲ,
1302 5537 1437 5608 πρὸς
1465 5537 1542 5608 τῷ
1577 5539 1815 5604 ίδιάζων,

217 5629 339 5686 καὶ
389 5629 422 5698 ἡ
450 5629 558 5682 τῶν
593 5627 871 5698 ἐδωδίμων
912 5629 1087 5698 σπάνη
1131 5629 1448 5698 ἐφάμιλλος,
1479 5629 1553 5694 ὼς
1582 5632 1816 5704 πληροῦ-

226 5719 373 5776 σθαι
408 5721 466 5774 τὸ
496 5717 596 5774 τοῦ
624 5719 950 5792 γράμματος
977 5721 1104 5787 πᾶς,
1125 5723 1362 5794 Μόχθος
1389 5722 1702 5790 ἀνθρώπου
1733 5727 1817 5792 εὶς

1982 2333 2036 2388 ὅ.
2080 2332 2320 2388 Patriam
2373 2334 2616 2404 quidem,
2660 2349 2725 2390 ex
2758 2350 2866 2404 qua
2909 2335 3187 2404 apostolus
3218 2335 3271 2390 in
3309 2337 3480 2393 lucem

1913 2425 2132 2492 prodiit,
2163 2427 2208 2479 si
2237 2425 2362 2494 quis
2395 2426 2784 2479 encomiorum
2832 2426 3044 2495 legibus
3071 2427 3270 2493 nitens,
3303 2429 3485 2497 inqui-

1911 2517 2134 2571 rendam
2169 2516 2387 2580 dixerit,
2421 2516 2564 2570 baud
2599 2517 2742 2570 illam
2777 2517 3072 2571 admodum
3101 2518 3363 2574 illustrem
3397 2520 3483 2574 in-

1909 2608 2119 2660 venerit
2150 2624 2164 2660 :
2205 2607 2336 2675 quin
2365 2607 2532 2660 etiam
2564 2607 2856 2662 obscuram
2885 2609 3043 2662 valde
3071 2618 3126 2663 et
3159 2610 3481 2680 ignobilem,

1911 2712 2104 2765 nempe
2131 2695 2412 2752 Galilaeam
2437 2715 2449 2751 :
2477 2699 2820 2753 communior
2840 2699 2988 2754 enim
3027 2701 3141 2756 haec
3167 2711 3250 2756 est
3276 2699 3477 2770 Opinio.

1909 2793 1978 2846 At
2007 2792 2133 2846 hinc
2176 2801 2352 2846 tamen
2387 2793 2700 2861 spectabilis
2739 2795 2960 2848 exsistit
2986 2796 3294 2864 apostolus.
3335 2796 3486 2863 Quo-

1911 2883 2104 2948 modo,
2141 2892 2235 2936 aut
2299 2899 2404 2952 qua
2449 2885 2708 2939 ratione?
2762 2885 2898 2952 Quia
2953 2888 3095 2942 unde
3125 2889 3307 2943 nullus
3357 2904 3485 2943 sur-

1911 2974 2117 3028 rexisse
2159 2973 2445 3043 propheta,
2465 2976 2551 3044 jac
2581 2991 2681 3030 nec
2711 2976 2839 3030 boni
2870 2979 3084 3047 quidem
3108 2979 3312 3050 aliquid
3342 2995 3482 3046 esse,

1909 3063 2111 3122 Jndaeis
2129 3066 2333 3134 pariter
2349 3082 2414 3121 ac
2435 3082 2564 3121 vero
2587 3067 2865 3134 lsraelitae,
2884 3071 3189 3136 videbatur,
3205 3073 3315 3128 illic
3326 3072 3486 3128 Chri-

1911 3165 2028 3210 stus
2050 3156 2218 3211 totius
2248 3157 2505 3212 bonitatis
2553 3156 2676 3214 fons
2710 3159 2764 3212 in
2795 3160 3034 3229 Virginis
3066 3162 3328 3231 principis
3357 3177 3486 3232 pro-

1909 3246 2174 3316 pbetissa:
2217 3257 2375 3303 utero
2405 3258 2728 3319 concepttts,
2780 3250 3002 3320 illisque
3034 3268 3156 3307 cum
3189 3255 3484 3309 humanam

1912 3339 2180 3396 induisset
2232 3340 2464 3396 formam
2505 3343 2830 3411 parentibus
2863 3344 3170 3413 subjectus,
3224 3347 3485 3402 educatus

1910 3440 2038 3497 est;
2090 3447 2213 3486 cum
2263 3433 2454 3488 civitas
2503 3450 2570 3488 ex
2637 3449 2745 3503 qua
2798 3434 2888 3490 ille
2935 3451 3235 3506 cognomen
3277 3440 3486 3508 accepit

1913 3522 2258 3593 (Nazarenus
2279 3527 2422 3580 enim
2449 3527 2751 3596 appellatus
2780 3527 2899 3598 est)
2930 3527 3166 3586 Galilaaze
3189 3532 3482 3599 provincia:

1915 3625 2060 3672 esset
2095 3634 2109 3672 :
2141 3619 2228 3672 cui
2253 3618 2473 3686 quidem
2509 3617 2814 3674 Bethsaidae
2840 3635 3012 3689 pagus
3039 3622 3312 3689 subjectus
3341 3634 3482 3680 erat.

1915 3705 2088 3771 Quam
2138 3707 2360 3778 dignum
2405 3708 2764 3762 admiratione
2813 3709 2990 3764 solum
3037 3712 3050 3766 !
3096 3711 3268 3778 Quam
3324 3714 3485 3770 beata

1915 3799 2093 3866 patria
2143 3797 2390 3853 lAdami
2452 3799 2626 3868 patria
2689 3800 3058 3856 venerabilius
3094 3802 3377 3874 ell‘ulgens,
3429 3816 3488 3862 ut

1915 3905 2036 3958 quae
2081 3890 2381 3944 secundum
2418 3906 2448 3945 e
2489 3891 2629 3945 coelo
2654 3890 2923 3946 Adamum
2960 3908 3084 3948 cum
3119 3893 3331 3951 Joanne
3361 3913 3486 3966 pro—

1915 3983 2117 4038 tulerit.
2175 3982 2358 4038 Genus
2410 4001 2480 4037 ne
2532 3985 2711 4053 ipsum
2782 3985 3001 4054 quidem
3055 3991 3484 4059 contemptibile.

1915 4071 2200 4138 Quomodo
2220 4075 2242 4126 ?
2262 4073 2556 4137 Nimirum,
2587 4076 2732 4143 quod
2761 4076 2829 4142 is,
2861 4092 3024 4146 quem
3053 4078 3356 4147 laudamus,
3388 4098 3488 4138 na-

1913 4177 2003 4221 tus
2037 4166 2107 4220 sit
2141 4176 2294 4236 patre
2343 4165 2632 4231 Zebedaeo,
2660 4183 2726 4222 ac
2765 4178 2942 4223 matre
2990 4167 3225 4236 Salome,
3262 4173 3484 4240 Christi,

1915 4261 1961 4314 si
1984 4275 2200 4316 carnem
2228 4269 2461 4329 spectes,
2489 4261 2918 4330 consanguinea.
2944 4261 2988 4317 Ο
3005 4279 3168 4332 quam
3210 4275 3396 4322 sancte
3421 4283 3488 4324 ac

1913 4353 2171 4424 praeclare
2193 4354 2356 4408 ambo
2377 4362 2792 4417 concurrerunt,
2821 4363 2879 4408 ut
2900 4356 3123 4410 thalami
3145 4355 3308 4422 illius,
3328 4359 3488 4416 Chri-

1914 4444 1983 4500 sti
2013 4444 2374 4499 consobrinus
2419 4443 2756 4498 inveniretur
2790 4445 2803 4498 !
2841 4445 2978 4500 adeo
3005 4454 3066 4500 ut
3090 4444 3333 4503 Joannes
3361 4449 3486 4503 uni-

1915 4538 2088 4592 versis
2110 4537 2180 4591 ab
2207 4545 2328 4591 ortu
2372 4536 2506 4591 solis
2535 4536 2771 4591 nobilior
2817 4537 3066 4603 exsistat,
3091 4539 3184 4608 qui
3210 4541 3488 4609 utrimque

1914 4626 2008 4681 Dei
2050 4641 2218 4696 genus
2261 4625 2352 4682 sit.
2384 4625 2589 4680 Videtis
2617 4637 2819 4696 quanta
2870 4627 2986 4682 haec
3015 4639 3332 4698 appareant,
3363 4645 3488 4699 quae

1915 4715 2240 4770 videbantur
2273 4716 2792 4784 contemptibiliora,
2851 4717 3099 4774 studioso
3149 4734 3312 4788 opere
3340 4735 3487 4776 nunc

1914 4815 2167 4862 contexta
2194 4807 2216 4859 ?
2241 4805 2384 4872 Quid
2441 4807 2579 4860 ultra
2605 4805 2628 4858 ?
2657 4806 2792 4862 Vitae
2826 4809 3090 4873 studium,
3121 4811 3394 4881 quodnam
3421 4813 3488 4868 il—

1845 4929 1892 4986 Β
1920 4898 2011 4952 lud
2061 4912 2126 4952 ac
2173 4897 2331 4966 quale
2380 4897 2547 4951 fuerit
2591 4897 2989 4953 ostendendum
3026 4909 3109 4954 est.
3153 4917 3170 4967 ;
3216 4901 3484 4972 siquidem

1923 4989 2051 5046 hinc
2088 5002 2304 5058 quoque
2329 4988 2593 5043 orationis
2620 4989 2790 5044 series
2828 4989 3096 5059 procedit.

1989 5081 2045 5134 4.
2069 5079 2214 5134 Inter
2243 5079 2547 5134 studiorum
2572 5095 2635 5135 ac
2667 5079 3066 5150 professionum
3092 5089 3216 5136 nota
3241 5083 3400 5140 nobis
3429 5085 3484 5140 in

1919 5171 2120 5227 saeculo
2168 5186 2387 5241 genera,
2419 5171 2714 5241 piscatoria
2741 5181 2857 5226 arte
2885 5187 3116 5243 egenum
3141 5173 3311 5243 magis
3337 5191 3353 5238 ;
3386 5190 3488 5230 nec

1918 5263 2218 5333 quidquam
2243 5262 2349 5316 vita
2367 5263 2654 5332 piscationi
2679 5263 2894 5318 addicta
2926 5264 3186 5320 rusticius
3209 5264 3484 5320 invenias:

1920 5353 2180 5408 nimirum
2246 5354 2477 5408 aliarum
2513 5355 2712 5408 artium
2769 5355 2968 5420 studia,
3013 5365 3209 5424 praeter
3262 5357 3385 5410 vita;
3421 5371 3488 5410 ac

1919 5445 2355 5500 conversationis
2425 5445 2718 5511 rationem,
2789 5446 2966 5515 majus
3020 5462 3235 5515 quoque
3277 5447 3484 5501 lucrum

1920 5538 2112 5592 artiﬁci
2145 5538 2457 5602 conferunt,
2495 5538 2611 5594 sive
2640 5538 2763 5609 quis
2800 5538 3066 5592 rationem
3091 5537 3341 5601 aestimet,
3375 5535 3488 5591 sive

1921 5630 2227 5686 actionem:
2265 5630 2557 5701 piscatoria
2587 5641 2768 5686 autem
2796 5644 2907 5697 ars,
2935 5643 3117 5700 parem
3142 5645 3264 5685 cum
3294 5629 3487 5684 solitu-

1925 5723 2050 5778 dine
2098 5723 2488 5798 parcimoniam
2537 5723 2722 5788 habet,
2752 5731 2810 5777 ut
2841 5721 3128 5791 impleatur
3173 5719 3315 5792 quod
3355 5721 3489 5778 scri-
