4064 6372
559 306 666 372 775

1760 318 1818 376 S.
1852 317 2252 381 THEODORI
2283 322 2630 385 STUDITE

3719 341 3824 406 776

558 426 710 490 ptum
741 426 858 473 cst:
893 419 1078 474 Omnis
1112 420 1261 475 labor
1288 423 1512 478 hominis
1541 425 1594 478 in
1626 439 1714 479 ore
1741 426 1855 496 ejus
1881 427 1948 484 ’⁸.
1992 427 2134 486 Sunt

2246 435 2298 490 πὸ
2348 439 2544 507 στόμα
2583 437 2804 493 αὐτοῦ’
2838 439 2931 494 καὶ
2965 442 3075 513 γάρ
3107 446 3212 499 είσι
3257 445 3682 519 ρακοδοτοῦντες
3728 457 3822 510 καὶ

559 527 798 582 namque
823 514 1021 582 pannis
1034 514 1221 581 obsiti,
1252 530 1316 570 ac
1328 517 1570 572 vestibus
1590 518 1825 587 detritis,
1851 521 2142 590 squallenti

559 618 742 666 coma,
781 618 845 658 ac
872 602 1066 660 adusta
1103 605 1264 671 facie,
1297 607 1460 663 nudis
1491 609 1720 678 pedibus
1745 611 2142 681 discurrentes,

556 692 850 759 littoribus,
910 709 976 751 ac
1031 697 1207 767 magis
1245 697 1506 754 solitariis
1557 699 1693 757 locis
1765 702 2140 772 immorantes,

557 788 723 840 modo
762 787 982 856 quidem
1040 803 1205 858 super
1256 800 1441 858 petras
1479 791 1756 857 sedentes,
1788 795 1950 850 modo
2001 797 2142 854 imos

559 878 822 948 gurgites,
884 879 1029 934 unde
1084 881 1320 949 praedam
1355 893 1695 952 exspectant,
1766 887 2139 957 dispicientes.

558 967 834 1036 Quorsum
866 970 982 1025 haec
1015 979 1124 1024 tam
1149 971 1440 1042 diligenter
1490 977 1719 1045 exposui
1747 977 2057 1035 ?Nimirum
2085 991 2144 1038 ut

558 1061 844 1116 ostendam
885 1061 1020 1115 nihil
1047 1077 1172 1118 esse
1214 1063 1438 1133 dignum
1472 1067 1892 1137 vituperatione.
1920 1074 2141 1130 tametsi

559 1151 798 1206 Joannes
832 1151 969 1206 hanc
991 1154 1296 1209 exercuerit
1328 1164 1522 1211 artem.
1555 1157 1751 1215 Transi
1789 1170 1844 1214 tu
1879 1161 2142 1231 spiritalis

557 1255 755 1295 sensus
780 1240 1134 1309 investigator
1161 1241 1226 1294 ad
1250 1242 1520 1297 visibilem
1543 1247 1875 1314 metaphora:
1897 1249 2140 1316 modum,

560 1344 928 1402 occurretque
969 1333 1196 1387 scientia
1225 1335 1410 1405 generi
1441 1351 1768 1402 congruens.
1802 1339 1968 1395 David
2015 1355 2142 1395 cum

558 1423 713 1492 prius
735 1433 922 1493 pastor
943 1424 1125 1478 ovium
1157 1434 1324 1490 esset,
1363 1428 1711 1496 postmodum
1741 1444 1770 1482 a
1796 1429 1906 1484 Deo
1936 1431 2143 1487 electus

560 1525 667 1577 est,
696 1531 910 1586 pascere
935 1513 1102 1568 Iacob
1132 1531 1339 1570 servum
1361 1533 1539 1582 suum,
1571 1527 1621 1572 et
1657 1517 1829 1573 Israel
1860 1521 2144 1575 haredita-

562 1616 664 1662 tem
693 1622 845 1660 suam
869 1608 934 1662 ".
963 1606 1096 1661 Mihi
1139 1622 1359 1677 quoque
1405 1607 1668 1664 Joannem
1709 1612 2020 1678 considera,
2073 1615 2142 1669 ab

2244 529 2624 600 ὲρικνωμένοι,
2654 531 2933 602 αὐχμηροὶ
2978 534 3078 606 τὴν
3127 537 3304 607 κόμην
3348 540 3442 593 καὶ
3481 539 3823 612 όψίκαυστοι,

2243 619 2710 689 γυμνοποδοΰντες
2750 622 2885 693 όμοῦ
2918 625 3016 678 καὶ
3041 626 3385 696 άναθέοντες,
3415 631 3612 697 ἀκταῖς
3639 652 3701 688 τε
3730 638 3826 692 καὶ

2242 709 2679 781 ἐρημικωτέροις
2728 711 2917 777 τόποις
2959 714 3418 787 ἀνδιατρίϐοντες·
3452 720 3528 790 πῆ
3573 723 3674 792 μὲν
3721 725 3816 778 πέ-

2241 818 2401 872 τραις
2452 802 2976 874 ὑπερκαθεζόμενοι,
3031 807 3110 879 πῆ
3157 808 3215 862 δὲ
3270 810 3465 880 βυθοὺς
3513 814 3822 886 διορῶντες,

2242 893 2536 946 κάντεῦθεν
2572 893 2671 965 τὴν
2713 895 2890 968 ἄγραν
2917 897 3223 969 ἀνέχοντες.
3263 901 3422 967 Τίνος
3471 899 3568 959 οὖν
3617 907 3828 961 εἵνεκεν

2241 985 2666 1056 περιεργότερον
2691 989 3152 1057 ὑπεῖπονααῦτας
3184 994 3267 1046 δτι
3295 997 3345 1047 εί
3378 997 3469 1049 καὶ
3491 997 3699 1069 ταύτην
3726 1000 3827 1071 τὴν

2240 1078 2438 1148 τέχνην
2461 1079 2702 1150 μέτεισιν
2730 1083 2759 1134 6
2797 1081 3072 1154 Ἰωάννης,
3100 1085 3160 1137 οὐ
3192 1089 3510 1158 νεμεσητόν.
3538 1089 3826 1162 Μετάϐηθι

2241 1167 2335 1220 ἐπὶ
2367 1167 2459 1222 τὸν
2483 1169 2584 1240 τῆς
2615 1175 2932 1242 μεταφορᾶς
2962 1173 3164 1244 τρόπον
3191 1175 3487 1249 θεωρητδν,
3527 1181 3625 1236 καὶ
3653 1183 3825 1253 εὑρή-

2243 1277 2359 1324 σεις
2399 1261 2804 1331 συμϐαίνουσαν
2837 1265 2914 1335 τῷ
2955 1265 3103 1331 γένει
3147 1266 3248 1338 τὴν
3275 1269 3609 1341 ἐπιστήμην.
3658 1275 3828 1328 Δαϐὶδ

2242 1353 2446 1422 ποιμὴν
2491 1353 2756 1424 πρότερον
2809 1356 3133 1426 προϐάτων,
3179 1356 3303 1414 εἶτα
3354 1357 3460 1415 ὕπδ
3517 1363 3654 1418 Θεοῦ
3703 1380 3828 1420 ποι-

2235 1446 2469 1515 μαίνων
2503 1446 2614 1500 τὸν
2636 1446 2862 1502 δοῦλον
2897 1450 3086 1504 αὑτοῦ
3115 1452 3216 1506 καί
3259 1452 3498 1523 Ἰσραὴλ
3529 1457 3646 1525 τὴν
3675 1463 3826 1528 κλη-

2235 1536 2529 1604 ρονομίαν
2553 1537 2762 1591 αὐτοῦ.
2795 1537 3004 1607 Σκέψαι
3041 1555 3132 1610 μοι
3160 1541 3254 1594 καὶ
3287 1543 3540 1614 Ἰωάννην
3569 1546 3683 1601 ἀπὺ
3727 1549 3828 1618 τῆς

2239 1628 2436 1696 ἀλόγου
2460 1629 2542 1692 είς
2566 1628 2788 1700 λογικὴν
2816 1629 2922 1683 ὑπὸ
2937 1631 3032 1686 τοῦ
3061 1633 3298 1702 μεγάλου
3320 1636 3497 1704 Λόγου
3530 1655 3826 1712 μετενηνεο

560 1698 964 1754 irrationalium
1029 1699 1291 1767 piscium,
1339 1700 1404 1753 ad
1461 1701 1808 1756 rationalium
1855 1716 2138 1773 capturam

2246 1718 2444 1786 γμένον
2479 1698 2810 1787 θεοπρεπῶς
2854 1718 3074 1775 άλιίανο
3097 1698 3160 1774 οὗ
3183 1722 3294 1794 γάρ
3315 1698 3627 1795 ποιμαίνειν

561 1805 760 1860 magno
790 1787 970 1844 Verbo
998 1797 1249 1855 vocante,
1299 1797 1462 1858 prout
1486 1790 1656 1844 Deum
1679 1791 1929 1856 decebat,
1961 1801 2141 1848 trans-

2246 1781 2465 1880 ﬁ‘TﬂVGE
2508 1809 2602 1862 καί
2629 1781 2799 1864 ’τισιν
2823 1810 2993 1881 ὁρίοις
3021 1781 3427 1885 διειλημμένας·
3449 1816 3644 1884 φυλὰς,
3685 1781 3825 1873 ἀλλά

563 1883 756 1936 latum.
789 1878 911 1935 Non
935 1881 1079 1935 enim
1129 1881 1336 1937 electus
1370 1881 1474 1936 fuit
1523 1890 1584 1937 ut
1610 1883 1758 1938 hunc
1779 1883 2000 1939 illumve
2028 1899 2143 1954 gre-

563 1988 680 2041 gem
732 1979 1002 2040 pasceret,
1059 1979 1155 2024 aut
1204 1971 1536 2041 quibusdam
1575 1973 1828 2028 terminis
1874 1972 2139 2030 discretas

564 2062 764 2125 tribus,
794 2061 886 2116 sed
931 2071 990 2115 ut
1013 2061 1202 2116 orbem
1228 2063 1541 2118 universum
1569 2064 1871 2133 piscatione
1898 2076 2138 2136 caperet.

577 2153 752 2209 Venite
773 2155 942 2219 enim,
964 2153 1160 2223 inquit,
1178 2163 1294 2224 post
1324 2169 1426 2218 me,
1449 2165 1497 2207 et
1527 2156 1724 2224 faciam
1746 2173 1833 2212 vos
1855 2157 2140 2227 piscatores

563 2247 833 2301 hominum
865 2247 903 2302 ⁸.
933 2245 1170 2301 Tametsi
1201 2258 1382 2300 autem
1409 2249 1721 2304 communis
1749 2249 1852 2304 fuit
1883 2251 2096 2304 vocatio
2123 2267 2138 2316 ;

563 2341 631 2395 ad
667 2355 792 2395 eum
819 2349 1001 2394 tamen
1045 2355 1078 2394 a
1117 2340 1278 2396 nobis
1318 2340 1624 2396 reducenda
1655 2351 1760 2408 est,
1786 2341 1853 2397 de
1887 2357 1998 2412 quo
2027 2343 2143 2399 haec

561 2443 648 2489 est
711 2434 959 2488 instituta
1017 2433 1247 2499 oratio;
1298 2433 1445 2502 quod
1495 2435 1662 2489 etiam
1709 2435 1766 2488 in
1811 2435 2142 2505 quibusdam

563 2525 688 2581 aliis
726 2523 1219 2580 universalioribus
1256 2523 1541 2580 vocabulis
1591 2524 1727 2591 ﬂet;
1787 2541 1898 2580 non
1943 2535 2001 2580 ut
2027 2541 2144 2596 prae

563 2613 829 2684 apostolis
857 2611 980 2667 aliis
1005 2613 1257 2682 tbeologo
1287 2612 1380 2682 jus
1413 2612 1776 2679 vind‘icemus,
1815 2629 1879 2669 ex
1914 2614 2001 2669 bis
2021 2629 2143 2684 qua!

563 2705 900 2776 peculiarius
927 2705 994 2759 de
1027 2703 1148 2772 ipso
1183 2705 1512 2772 exponimus
1549 2722 1564 2771 ;
1600 2704 1743 2760 absit
1772 2723 1786 2759 :
1820 2720 1946 2760 nam
1967 2720 2145 2776 neque

565 2799 815 2854 accensis
843 2813 875 2852 e
899 2797 1178 2852 communi
1220 2797 1406 2867 aliquo
1433 2798 1638 2854 lumine
1675 2797 1907 2863 facibus,
1941 2798 2146 2854 idcirco

564 2893 747 2947 minor
765 2898 856 2945 est
877 2889 1185 2961 splendoris
1212 2905 1281 2946 ex
1309 2905 1421 2945 uno
1450 2891 1607 2961 plena
1629 2891 1998 2962 participatio.

635 2983 690 3037 5.
739 2980 1196 3051 Quandoquidem
1237 2995 1370 3036 vero
1397 2996 1630 3051 magnus
1670 2981 1760 3036 hic
1805 2981 2084 3052 apostolus
2112 2995 2144 3034 a

566 3075 678 3132 Deo
720 3077 962 3145 piscator
1005 3073 1340 3129 constitutus
1395 3082 1499 3137 est,
1541 3087 1639 3144 age
1693 3073 1977 3129 videamus
2014 3088 2140 3129 eum

563 3166 876 3238 allegorice,
899 3165 1054 3234 quasi
1090 3165 1148 3220 in
1178 3164 1448 3230 navicula,
1467 3165 1521 3219 in
1549 3166 1875 3235 corpusculo
1893 3179 1992 3220 suo
2013 3165 2143 3221 reti-

564 3259 823 3324 cientem,
847 3273 957 3313 non
975 3257 1206 3312 discissa
1227 3257 1383 3319 retia,
1406 3255 1502 3312 sed
1521 3257 1832 3325 evangelica
1853 3256 2142 3312 verricula.

565 3349 826 3418 Quaenam
856 3348 1068 3404 arundo
1103 3349 1128 3402 ?
1161 3347 1424 3403 doctrinm
1474 3348 1740 3404 calamus.
1777 3346 2039 3414 Quisnam
2067 3347 2147 3418 pi-

566 3441 842 3497 scatorios
908 3440 1186 3494 funiculus
1235 3439 1259 3492 ?
1306 3439 1590 3509 theologia
1631 3453 1826 3494 nexus.
1879 3439 2142 3505 Quisnam

567 3533 768 3587 hamus
797 3532 820 3585 ?
852 3531 1124 3601 tripartita
1166 3543 1324 3584 crux.
1355 3531 1628 3600 [Quaenam
1661 3545 1787 3586 esca
1819 3530 1843 3583 ?
1871 3545 2000 3585 caro
2029 3529 2145 3586 dei-

569 3625 706 3687 I’era,
743 3638 852 3693 qua
886 3623 1166 3678 inescatus
1189 3636 1423 3692 magnus
1461 3622 1550 3677 ille
1577 3631 1732 3678 cetus
1752 3622 1930 3677 Bcliar
1954 3631 2146 3692 captus

566 3726 670 3773 est.
715 3715 927 3783 Quaeris
976 3729 1144 3786 super
1191 3729 1355 3783 quam
1380 3714 1568 3770 sedeat
1605 3724 1812 3785 petram
1844 3716 1868 3770 ?
1896 3714 2142 3770 Firmam

566 3811 702 3868 mihi
728 3811 850 3865 ﬂdel
881 3808 1169 3864 considera
1193 3807 1393 3863 sedem.
1421 3805 1594 3862 Orem
1613 3809 1918 3863 mirabilem
1954 3809 1967 3862 l
2006 3805 2143 3863 Ver-

567 3903 801 3958 riculum
843 3900 1000 3972 jacit,
1029 3915 1137 3956 non
1172 3899 1228 3954 in
1281 3900 1426 3955 hunc
1463 3899 1685 3955 illumve
1713 3901 1916 3963 sinum,
1961 3899 2068 3966 sed,
2091 3899 2144 3953 in

567 3996 752 4053 surculi
793 4007 945 4050 mare
983 3994 1322 4049 universum.
1354 3993 1612 4048 Extendit
1654 3993 1924 4047 calamum
1956 4007 2060 4045 non
2090 3991 2145 4046 in

569 4089 845 4145 Modicum
885 4086 1109 4158 aliquod
1149 4086 1415 4156 spatium,
1455 4087 1549 4141 sed
1587 4085 1640 4139 in
1680 4087 1814 4140 lines
1860 4085 2010 4140 orbis
2037 4094 2146 4139 ter-

569 4195 757 4236 rarum
797 4195 812 4234 :
869 4177 1114 4232 immittit
1161 4176 1468 4232 funiculum
1492 4189 1600 4230 non
1633 4175 1686 4229 in
1744 4177 2012 4246 gurgitem
2045 4173 2148 4228 im-

570 4287 848 4338 mensum,
880 4269 976 4327 sed
1000 4270 1055 4324 in
1089 4269 1264 4339 ipsam
1286 4269 1582 4338 impietatis
1603 4268 1883 4339 abyssum.
1912 4265 1994 4321 Tu
2011 4265 2144 4320 mihi

571 4363 896 4434 locupletem
967 4369 1250 4431 capturam
1301 4360 1587 4414 considera
1659 4373 1724 4414 ex
1778 4358 2148 4430 singularibus

2240 1899 2350 1971 γάρ
2392 1903 2490 1970 τὴν
2537 1900 2864 1972 οἰκουμένην
2915 1903 3154 1959 ἁλιεύειν
3199 1906 3450 1962 ἃπασαν*
3485 1907 3666 1963 Δεῦτε
3691 1911 3822 1982 γὰρ,

2242 1996 2430 2065 φησὶν,
2477 1995 2671 2048 ὀπίσω
2712 2013 2851 2066 μου,
2907 1999 3005 2052 καί
3035 2002 3268 2066 ποιήσω
3302 2001 3460 2071 ὑμᾶς
3504 2004 3694 2071 ἁλιεῖς
3727 2005 3830 2059 ἀνι

2242 2085 2492 2155 optimo»-
2515 2101 2530 2114 ο
2593 2087 2642 2138 εί
2700 2085 2760 2142 δὲ
2804 2089 2886 2141 ὅτι
2941 2091 3085 2144 κατά
3141 2093 3321 2147 κοινοῦ
3372 2097 3405 2165 ἠ
3446 2093 3662 2164 κλῆσις,
3706 2098 3826 2151 ἀλλ’

2240 2180 2375 2250 ἡμῖν
2426 2195 2485 2231 τε
2532 2182 2726 2236 ἀκτέον
2773 2179 2978 2250 ταύτην
3022 2182 3116 2234 ἐπὶ
3153 2183 3245 2236 τὸν
3290 2186 3418 2256 περὶ
3451 2181 3514 2241 οὗ
3554 2189 3584 2242 6
3631 2187 3824 2256 λόγος’

2242 2272 2431 2344 ὥσπερ
2457 2274 2554 2327 καὶ
2577 2274 2669 2327 ἐπί
2695 2290 2836 2326 τισιν
2867 2273 3057 2335 άλλαις
3085 2277 3476 2348 γενικωτέραις
3503 2283 3730 2349 φωναῖς,
3763 2285 3825 2334 οὐ

2243 2365 2627 2419 πλεονεκτοῦσι
2658 2364 2806 2436 παρά
2827 2365 2953 2428 τοὺς
2981 2362 3200 2430 λοιποὺς
3225 2367 3562 2434 ἀποστόλους
3594 2370 3674 2442 τῷ
3703 2371 3824 2425 θεο-

2242 2455 2387 2528 λόγῳ
2418 2457 2516 2519 τὰς
2554 2455 2612 2509 δὲ
2649 2455 2735 2509 διὰ
2765 2453 2867 2523 τῆς
2904 2457 3286 2528 μερικωτέρας
3328 2459 3672 2531 ἀναλήψεως.
3718 2462 3826 2517 άπ-

2243 2563 2345 2614 αγε
2364 2563 2378 2578 ·
2413 2545 2492 2600 δτι
2527 2545 2664 2618 μηδὲ
2693 2545 2975 2612 πλεονεξία
3001 2550 3116 2612 τοῖς
3146 2548 3255 2602 ἀπὺ
3275 2549 3454 2604 κοινοῦ
3483 2551 3663 2620 φωτὸς
3692 2553 3826 2606 άναο

2243 2639 2426 2708 φθεῖσι
2459 2637 2835 2710 λαμπτῆρσιν,
2868 2640 2902 2708 ὴ
2933 2638 3024 2706 ὑφ’
3054 2640 3173 2704 ἑνὸς
3195 2639 3351 2711 όλικη
3374 2642 3473 2713 τῆς
3505 2645 3828 2715 λαμπρότη-

2240 2745 2333 2794 τος
2358 2729 2595 2801 μέθεξις.
3087 2731 3108 2746 '

2313 2981 2378 3032 ε’.
2418 2974 2570 3028 Ἐπεὶ
2593 2974 2651 3028 δὲ
2677 2975 2912 3047 κατέστη
2937 2974 3044 3030 ὑπὸ
3068 2974 3206 3030 Θεοῦ
3236 2978 3421 3042 ἁλιεὺς
3438 2980 3468 3032 ό
3489 2977 3666 3050 μέγας
3690 2977 3829 3035 ἀπό·

2246 3066 2452 3130 στολος,
2506 3065 2665 3138 δεῦρο
2717 3066 2918 3137 ἴδωμεν
2975 3068 3140 3122 αὑτὸν
3199 3069 3578 3141 άλληγορικῶς
3637 3070 3715 3135 ὡς
3765 3074 3828 3126 ὲν

2246 3156 2415 3227 πλοίῳ
2447 3157 2505 3210 ὲν
2542 3156 2678 3228 τῷδε
2707 3156 2784 3228 τῷ
2817 3156 3028 3228 σαρκίῳ
3056 3159 3456 3230 καταρτίζοντα
3492 3163 3555 3214 οὐ
3593 3161 3829 3232 διερρω-

2243 3253 2376 3320 γότα
2397 3251 2608 3317 δίκτυα,
2632 3252 2770 3305 ἀλλά
2801 3253 2872 3306 τά
2902 3253 3236 3322 εὐαγγελικά
3256 3253 3625 3326 άπαρτίζοντα
3650 3257 3829 3326 ἀμφί-

2245 3341 2484 3414 ϐληστρα
2503 3359 2519 3375 ο
2553 3342 2636 3406 τίς
2668 3344 2696 3396 6
2725 3342 3008 3415 κάλαμοςς
3037 3345 3065 3398 6
3092 3344 3379 3416 δογμάτων
3418 3346 3577 3413 δόναξ
3601 3362 3614 3376 ·
3662 3347 3745 3410 τίς
3789 3349 3825 3417 ἠ

2243 3433 2451 3506 ὀρμιά;
2490 3435 2525 3505 ή
2571 3433 2744 3504 πλοκὴ
2776 3433 2876 3503 τῆς
2906 3433 3184 3504 θεολογίας
3210 3453 3224 3466 ·
3262 3437 3315 3489 τί
3345 3437 3406 3490 τδ
3434 3435 3762 3508 ἀγκιστρονς
3797 3442 3828 3492 6

2243 3529 2505 3600 τρίμερος
2549 3529 2778 3599 σταυρός
2803 3543 2818 3560 ⁸
2858 3529 2912 3582 τί
2944 3528 3008 3582 τὸ
3033 3529 3261 3602 δέλεαρ;
3300 3533 3334 3602 η
3375 3531 3633 3605 θεοφόρος
3661 3530 3826 3603 σάρξ,

2243 3622 2302 3674 ὲν
2329 3616 2690 3695 ᾖδελεασθεὶς
2727 3620 2994 3694 ἐχειρώθη
3046 3621 3109 3676 τὸ
3167 3624 3310 3693 μέγα
3341 3624 3505 3695 κῆτος
3544 3627 3574 3679 6
3600 3625 3825 3696 Βελίαρ.

2246 3715 2438 3786 Ζητεϊς
2479 3715 2537 3768 ὲν
2617 3711 3043 3784 ὑπερκαθίζεται
3069 3717 3283 3786 πέτρας
3315 3715 3423 3770 νόει
3456 3733 3548 3787 μοι
3577 3717 3679 3788 τὴν
3705 3733 3828 3770 στε-

2249 3807 2378 3875 ρεάν
2403 3806 2564 3876 ἕδραν
2589 3806 2688 3876 τῆς
2714 3804 2970 3868 πίστεως.
2998 3806 3062 3858 Ὢ
3086 3805 3181 3859 τοῦ
3209 3805 3519 3878 θαύματοςῐ
3552 3809 3737 3880 ῥίπτει
3763 3809 3830 3862 τδ

2244 3899 2656 3972 ἀμφίϐληστρον
2699 3901 2800 3954 οὐκ
2847 3902 2927 3966 εἰς
2967 3901 3113 3956 τόνδε
3158 3904 3251 3957 τὸν
3289 3905 3488 3958 κόλπον
3519 3907 3615 3960 καὶ
3647 3906 3826 3972 τόνδε,

2245 3991 2362 4046 ἀλλ’
2400 3993 2482 4056 είς
2509 3992 2600 4046 τοῦ
2635 3991 2752 4064 βίου
2785 3993 2887 4064 τὴν
2920 3993 3224 4049 θάλασσαν·
3257 3996 3488 4050 ἐκτείνει
3519 3997 3613 4050 τδν
3655 3998 3830 4053 κάλα-

2249 4101 2349 4155 μον
2369 4084 2468 4138 οὐκ
2497 4086 2578 4149 είς
2612 4085 2809 4157 μικρόν
2833 4101 2936 4139 που
2960 4085 3272 4159 διάμετρον,
3302 4087 3418 4142 ἀλλ’
3441 4091 3522 4153 εἰς
3553 4089 3696 4144 αὐτὰ
3725 4091 3831 4161 τῆς

2245 4176 2569 4248 οἰκουμένης
2598 4177 2668 4232 τὰ
2690 4178 2937 4249 τέρματα
2958 4190 2974 4207 ο
3009 4176 3232 4232 ὲνίεισιν
3252 4178 3354 4249 τὴν
3387 4179 3592 4250 ὁρμιὰν
3621 4179 3725 4234 οὐκ
3745 4184 3829 4245 εἰς

2233 4268 2411 4339 -βάθος
2450 4268 2937 4340 ὲπιμετρούμενον,
2962 4267 3079 4324 ἀλλ’
3102 4270 3190 4322 ἐπ’
3222 4270 3395 4340 αὐτὴν
3437 4272 3536 4342 τῆς
3567 4272 3830 4336 ἀσεϐείας

2247 4358 2345 4430 τὴν
2364 4358 2615 4414 ἄϐυσσον.
2649 4359 2761 4414 Θέα
2787 4375 2878 4430 μοι
2901 4357 3000 4431 τὴν
3031 4360 3205 4432 ἄγραν
3234 4361 3491 4415 πλούσιον
3518 4361 3583 4415 ἐκ
3613 4363 3834 4432 μοναδι-

570 4454 776 4526 pariter
818 4464 884 4507 ac
928 4449 1264 4520 promiscuis
1306 4446 1590 4502 collectam
1621 4462 1637 4513 ;
1671 4459 1888 4501 crassos
1927 4446 2052 4501 dico
2077 4445 2146 4500 dc

2249 4450 2361 4505 κῶν
2389 4468 2448 4505 τε
2482 4453 2573 4505 καὶ
2607 4451 2909 4522 μιγαδικῶν
2941 4451 3436 4524 συνηθροισμένην,
3469 4453 3597 4516 τοὺς
3629 4453 3830 4524 ἁδρούς

573 4545 777 4618 popqu
804 4556 866 4598 ac
901 4539 1150 4612 gregales
1179 4555 1197 4606 ;
1227 4537 1474 4592 moribus
1488 4537 1697 4592 scilicet
1722 4547 1884 4607 atque
1901 4535 2147 4592 atl‘ectio—

571 4639 736 4693 nibus
768 4636 974 4701 varios,
1017 4647 1083 4688 ex
1144 4629 1453 4686 minoribus
1504 4628 1940 4699 majoribusque,
1990 4637 2148 4683 etate

574 4730 834 4784 nimirum
873 4741 938 4781 ac
966 4725 1230 4795 dignitate
1268 4741 1286 4778 ι
1328 4722 1468 4777 alios
1505 4721 1724 4792 quidem
1773 4723 1956 4791 pravis
1989 4735 2150 4776 exas-

574 4828 794 4892 peratos
838 4816 1125 4881 doctrinis,
1175 4824 1434 4884 tanquam
1463 4828 1496 4868 e
1523 4813 1694 4882 petris
1745 4813 1849 4868 sub
1879 4813 2043 4868 undis
2067 4813 2150 4866 Ia-

576 4909 834 4971 tentibus,
868 4909 938 4962 ab
970 4907 1249 4977 impietate
1271 4907 1416 4976 capit
1445 4923 1460 4974 ;
1492 4905 1628 4960 alios
1660 4904 1860 4959 mentis
1887 4904 2150 4975 simplici-

576 5011 685 5057 tate
742 5001 1073 5070 interceptos
1129 5008 1390 5070 tanquam
1457 5013 1552 5069 per
1581 5011 1733 5052 mare
1803 4997 2152 5065 cursitaates,

576 5090 850 5147 verriculo
889 5089 1116 5144 includit
1144 5105 1160 5143 :
1191 5099 1246 5144 et
1302 5087 1522 5158 quidem
1555 5086 1699 5142 haud
1728 5087 1848 5142 neci
1906 5087 2150 5153 tradens,

579 5183 681 5240 sed
701 5181 1133 5246 viviﬁcans,non
1173 5180 1401 5236 iusalsis
1448 5179 1650 5250 peccati
1671 5179 1830 5250 aquis
1848 5179 2153 5244 continens,

580 5277 674 5332 sed
704 5275 758 5330 in
800 5273 1051 5330 dulcibus
1093 5273 1350 5344 baptismi
1419 5272 1636 5327 ﬂuentis
1679 5273 1860 5326 vivere
1906 5270 2152 5326 faciens:

541 5424 544 5428 ,
580 5367 714 5438 quin
745 5379 920 5435 neque
939 5364 1280 5434 corruptibili
1311 5365 1542 5434 pecunia
1571 5362 1879 5433 acquirens,
1909 5362 2004 5417 sed
2029 5364 2156 5415 ado-

582 5457 788 5529 ptionis
833 5455 1198 5527 chirographo
1243 5470 1272 5510 a
1325 5455 1526 5509 diaboli
1583 5455 1848 5509 servitute
1887 5453 2156 5521 eximens,

580 5563 704 5604 cum
753 5557 913 5604 antea
965 5547 1107 5618 capti
1150 5555 1469 5602 tenerentur
1523 5544 1591 5600 ad
1643 5545 1807 5616 hujus
1844 5543 2156 5600 arbitrium.

582 5641 628 5695 0
663 5655 774 5695 rem
820 5639 1155 5694 mirabilem!
1187 5637 1321 5703 Quis
1359 5651 1389 5691 a
1443 5635 1645 5691 srcculo
1687 5643 1971 5706 capturum
2012 5633 2159 5706 ejus-

2251 4559 2398 4612 φημι
2423 4541 2519 4594 τοῦ
2543 4540 2675 4594 λαοῦ
2701 4541 2796 4594 καὶ
2817 4539 3126 4609 ἀγελαίους,
3162 4537 3414 4609 πολυειδῆ
3439 4557 3496 4593 τε
3531 4540 3623 4592 καὶ
3648 4540 3833 4593 ποικί-

2249 4632 2362 4698 λον,
2392 4633 2538 4687 ἔθεσι
2571 4632 2716 4701 λέγω
2747 4633 2845 4686 καὶ
2869 4632 3121 4696 πάθεσιν,
3157 4635 3222 4686 ἐκ
3256 4633 3472 4704 μικρῶν
3499 4647 3557 4684 τε
3588 4634 3684 4685 καὶ
3730 4648 3832 4702 με-

2252 4723 2456 4791 γάλων,
2481 4722 2722 4789 ἡλικίαις
2752 4721 2952 4794 δηλαδὴ
2986 4724 3081 4776 καὶ
3111 4722 3360 4787 τάξεσιν·
3386 4721 3480 4786 οὓς
3513 4723 3612 4793 μὲν
3637 4735 3830 4793 τετρα·

2253 4812 2578 4884 χυνομένους
2617 4812 2852 4882 δόγμασι
2903 4811 3237 4882 μοχθηριῶν,
3272 4813 3348 4876 ὡς
3379 4811 3442 4877 ἐξ
3479 4811 3701 4881 ὑφάλων
3732 4813 3833 4881 τῆς

2255 4905 2442 4969 ἀθεῖας
2477 4905 2689 4976 πετρῶν
2713 4904 3034 4974 λαμϐάνων·
3063 4903 3158 4967 οὓς
3204 4903 3261 4956 δὲ
3292 4903 3680 4975 λεληῖσμένους
3726 4907 3834 4972 ἀφ-

2257 4997 2468 5066 ελότητι
2509 4996 2746 5058 διανοίας
2774 4991 2863 5048 οἷα
2894 4993 3435 5065 πελαγοδρομοῦντας
3479 4995 3795 5066 σαγηνεύων
3816 5009 3833 5025 °

2257 5089 2352 5142 καὶ
2391 5088 2563 5142 ταῦτα
2593 5088 2652 5140 οὐ
2685 5086 2951 5152 θανατῶν,
2984 5087 3120 5140 ἀλλὰ
3168 5088 3262 5139 καὶ
3293 5087 3597 5156 ζωογονῶν,
3636 5088 3739 5140 οὐκ
3778 5088 3838 5140 ὲν

2261 5182 2527 5252 ἁλμυροῖς
2559 5179 2712 5232 ὕδασι
2741 5181 2839 5250 τῆς
2867 5181 3139 5250 ἁμαρτίας
3173 5180 3432 5250 συνέχων,
3473 5180 3589 5234 ἀλλ’
3620 5180 3680 5234 δν
3707 5179 3842 5248 γλυ-

2261 5273 2384 5327 κέσι
2411 5272 2614 5342 νάμασι
2643 5271 2737 5324 τοῦ
2769 5270 3141 5341 βαπτίσματος
3169 5270 3448 5326 ὲνδιαιτιῖεν
3467 5285 3483 5302 ο
3507 5271 3617 5324 οὐδ’
3636 5271 3700 5323 οὐ
3728 5270 3841 5343 μὴν

2263 5362 2548 5435 ἀργυρίοις
2575 5360 2832 5433 φθαρτοῖς
2857 5359 3206 5432 ὲπεμπολῶν,
3239 5361 3353 5415 ἀλλ’
3386 5362 3678 5432 ὑπογραφῇ
3722 5361 3840 5414 talo-

2262 5451 2449 5515 θεσίας
2471 5454 2536 5505 ὲκ
2555 5451 2654 5522 τῆς
2681 5449 2778 5504 τοῦ
2805 5451 3054 5506 διαϐόλου
3077 5450 3324 5516 δουλείας
3357 5451 3679 5518 ἐλευθερῶν,
3710 5467 3845 5521 προ-

2263 5543 2684 5615 εζωγρημένους
2712 5543 2806 5596 ὑπ’
2838 5541 3003 5598 αὑτοῦ
3032 5544 3130 5622 ιῑίς⁴
3151 5542 3213 5596 τὸ
3241 5543 3455 5598 ἐκείνου
3503 5543 3735 5614 θέλημα.
3773 5544 3842 5596 Ὢ

2262 5636 2356 5689 τοῦ
2401 5636 2716 5706 δράματοςί
2771 5637 2856 5701 τίς
2904 5635 3200 5708 ὴκουτίσθη
3240 5636 3482 5694 τοιοῦτον
3520 5638 3744 5709 θήραμα
3783 5639 3846 5700 ἐξ

651 5755 697 5788 ’⁸
733 5754 906 5809 Eccle.
944 5769 1018 5819 vt,
1052 5753 1104 5806 7.
1180 5753 1228 5842 ’ξ
1275 5751 1420 5805 Psal.
1453 5766 1657 5814 Lxxvtt,
1684 5749 1772 5806 91.
1855 5751 1868 5781 ¹
1907 5747 2095 5804 Matth.
2137 5763 2212 5815 tv,
2242 5747 2319 5802 l9.
