4064 6372
378 299 474 366 777

1162 305 1446 368 ORATIO
1478 305 1580 368 1X.
1604 329 1672 343 -
1709 309 2091 372 LAUDATIO
2129 310 2190 371 S.
2228 310 2547 374 JOANNIS
2574 315 2848 376 EVANG.

3530 294 3671 380 773'

371 417 601 482 αἱῶνοςς
649 416 732 481 τες
763 417 903 486 ἔγνω
944 417 1262 490 τηλικοῦτον
1308 422 1726 494 μεγαλέμπορον
1759 424 1949 493 ἀλιέας

2061 425 2208 480 modi
2243 425 2455 482 audiit?
2487 426 2623 494 Quis
2662 427 2849 491 talem,
2895 427 3227 498 copiosaque
3258 429 3396 485 adeo
3431 432 3637 487 instru-

370 511 454 564 ὅτι
493 512 568 582 μὴ
611 510 973 574 ἑκατοντάδας
1019 512 1178 581 μόνον
1229 513 1321 566 καὶ
1363 514 1626 584 χιλιάδας,
1673 514 1810 570 ἀλλὰ
1846 513 1956 588 γὰρ

372 604 552 658 πάντα
579 603 647 656 τὰ
675 601 802 670 ἔθνη
833 602 869 656 ἀ
905 602 1235 673 μαθητεύειν
1265 605 1560 677 ἐπιστεύθη
1604 607 1953 678 προσάγοντα

369 693 450 764 τῷ
507 691 808 763 πρωθαλιεῖ
855 693 1100 764 Δεσπότῃ
1145 692 1397 765 Χριστῷ·
1440 696 1540 750 οὐκ
1575 691 1685 768 ἄρα
1727 697 1956 763 εἰκότως

371 785 669 857 προῦλεγον
705 787 780 858 μὴ
808 782 920 840 οἷόν
949 787 1009 840 τέ
1039 804 1104 858 με
1129 788 1463 857 ἐφικνεῖσθαι
1487 789 1587 860 τῆς
1619 789 1951 856 ὑποθέσεως,

367 877 474 931 κᾶν
503 877 658 949 ἄκρῳ
683 878 848 932 οἱονεὶ
879 879 1128 952 δακτύλῳ
1157 902 1172 950 ς

2061 529 2209 571 ctum
2277 532 2458 573 merce
2511 519 2841 588 piscatorem
2883 519 3144 588 agnovit?
3181 520 3634 589 Quandoquidem

2061 624 2170 662 non
2199 622 2482 674 centenos,
2525 610 2611 665 vel
2654 609 2910 664 millenos
2939 619 3176 675 tantum,
3219 611 3312 665 sed
3350 611 3639 665 universas

2059 711 2271 772 gentes,
2322 717 2553 771 quarum
2585 702 2957 758 docendarum
2989 702 3258 757 creditum
3301 718 3503 757 munus
3549 717 3641 756 ac-

2059 793 2224 863 cepit,
2260 795 2326 848 ad
2362 794 2641 850 Christum
2687 795 2977 850 Dominum
3022 811 3087 850 ac
3121 796 3420 866 principem
3458 797 3640 864 pisca-

2061 889 2242 935 torum
2277 881 2524 938 adducit.
2565 882 2757 938 Nonnc
2803 884 2966 955 igitur
3001 885 3126 954 jure
3162 886 3468 957 meritoque
3515 895 3640 940 ante

368 977 644 1045 dicebam,
688 981 868 1051 majus
907 980 1012 1037 hoc
1053 991 1432 1054 argumentum
1475 997 1597 1038 esse
1648 996 1812 1052 quam
1850 994 1948 1049 pro
1985 993 2104 1034 mea
2137 978 2418 1043 facultate,
2445 981 2525 1036 vel
2555 982 2602 1036 si
2633 991 2880 1038 extremo
2905 983 3070 1038 veluti
3135 983 3308 1054 digito
3361 983 3636 1056 attingere

367 1073 567 1128 velim?

441 1167 518 1228 ς’.
559 1162 766 1232 Σκέψαι
802 1180 892 1233 μοι
917 1165 1013 1217 καὶ
1044 1164 1218 1220 τᾶλλα
1252 1167 1582 1239 εἱρμολογίᾳ
1616 1168 1814 1238 ἀρίστῃ
1857 1165 1949 1218 ἀλ-

2125 1161 2181 1215 6.
2222 1159 2350 1216 Μίὴί
2378 1174 2598 1231 quoque
2631 1160 2735 1216 alia
2772 1162 3020 1232 expende
3046 1163 3324 1232 egregiam
3367 1179 3468 1235 per
3502 1165 3638 1220 alle-

367 1254 766 1325 ληγορούμενα.
809 1256 1164 1324 Ὺμεῑς’ἐστε
1192 1258 1260 1312 τὸ
1293 1258 1421 1328 φῶς
1454 1259 1562 1314 τοῦ
1595 1263 1828 1329 κόσμου
1857 1273 1871 1288 ο
1893 1257 1949 1310 τὸ

2053 1249 2264 1320 goriam
2316 1251 2562 1306 seriatim
2603 1253 2872 1321 exposita.
2927 1254 3024 1308 Vos
3073 1256 3206 1309 estis
3243 1256 3338 1310 lux
3386 1259 3612 1313 mundi”

369 1346 485 1415 φῶς
518 1347 799 1400 ὲλαστικὸν
828 1353 1074 1415 σκότους,
1120 1351 1427 1421 ὀφθαλμῶν
1487 1352 1631 1422 liii/ig,
1687 1351 1949 1422 σωμάτων

2055 1341 2198 1408 Lux,
2237 1343 2584 1398 tenebrarum
2628 1345 2925 1416 expultrix,
2955 1347 3243 1402 oculorum
3285 1349 3635 1416 illuminatio,

369 1438 752 1503 ἀνακαίνωσις,
779 1440 989 1509 ἐφετὸν,
1011 1441 1270 1510 ἀγαστόν.
1297 1443 1365 1496 Τί
1384 1438 1476 1497 οὖν
1506 1442 1826 1502 Ἀπόστολος
1848 1461 1864 1508 ;
1894 1442 1949 1495 ού

2058 1449 2352 1504 corporum
2384 1435 2712 1492 refocillatio
2742 1455 2754 1492 :
2784 1438 3163 1493 desiderabilis
3205 1442 3433 1496 omnino
3461 1458 3552 1497 res
3581 1453 3636 1498 et

367 1530 518 1600 μειοῖ
557 1531 746 1594 σκότος
805 1531 1216 1606 ἀντικείμενον;
1265 1534 1365 1588 οὐκ
1425 1533 1667 1605 ὀμματοϊ
1711 1533 1948 1602 τυφλοὺς

2057 1525 2434 1582 admirabilis!
2461 1526 2605 1594 Quid
2637 1543 2768 1600 ergo
2798 1529 3125 1598 Apostolus?
3153 1528 3346 1585 Nonne
3380 1533 3635 1588 tenebras

368 1621 756 1692 ἀμφοτέρωθεν
781 1641 796 1689 ;
821 1625 889 1677 ὀύ
923 1623 1092 1696 ρῶσιν
1126 1627 1356 1699 παρέχει
1406 1625 1696 1696 σώμασιν;
1761 1625 1823 1678 οὐ
1859 1625 1948 1679 διὰ

2054 1617 2402 1674 adversarias
2444 1620 2683 1674 minuit?
2717 1620 2906 1675 Nonne
2947 1622 3225 1692 utrimque
3258 1623 3418 1678 crecis
3451 1625 3632 1680 visum

367 1711 544 1767 ταῦτα
576 1714 833 1786 στερκτὸς
864 1717 959 1769 καὶ
1013 1717 1367 1789 θαυμαστός;
1426 1717 1586 1772 τοῦτο
1629 1714 1698 1790 ἦν
1756 1717 1865 1786 ἄρα
1920 1717 1948 1770 ὃ

2052 1711 2329 1765 restituit?
2360 1709 2553 1766 Nonne
2591 1713 2757 1766 robur
2804 1713 3133 1782 corporibus
3173 1713 3400 1770 tribuit?
3440 1714 3632 1770 Nonne

365 1805 603 1875 Χριστὸς
667 1811 1021 1878 παρεγγυᾶτο
1053 1827 1069 1842 ο
1108 1810 1540 1876 Ἀσθενοῦντας
1570 1810 1943 1878 θεραπεύετε,

363 1897 627 1967 λεπροὺς
688 1899 1046 1969 καθαρίζετε,
1111 1901 1390 1971 δαιμόνια
1419 1902 1784 1955 ἐκϐάλλετε·
1833 1901 1945 1954 δω-

351 1990 512 2058 ρεὰν
534 1990 797 2057 ἐλάϐετε,
835 1991 1062 2062 δωρεὰν
1091 1994 1247 2048 δότε.
1296 1993 1497 2046 Ἐννόει
1533 2010 1622 2062 μοι
1642 1993 1713 2046 τὰ
1775 1992 1946 2064 μυρία

367 2081 500 2152 γένη
533 2082 639 2136 τῶν
669 2085 1013 2154 νοσημάτων,
1075 2088 1168 2138 καὶ
1235 2084 1344 2156 ὄψῃ
1383 2084 1452 2138 τὰ
1499 2086 1701 2155 ἄπειρα
1761 2083 1943 2156 πλήθη

363 2173 476 2226 τῶν
509 2172 803 2244 θαυμάτων
833 2173 941 2227 τῶν
968 2174 1026 2240 ἐξ
1049 2174 1354 2246 ἑκασταχοῦ
1389 2173 1646 2246 βοτρυδὸν
1681 2174 1944 2246 ἀγεληδὸν

365 2265 506 2338 πρὸς
531 2265 592 2319 τὸ
615 2266 844 2336 ἄμισθόν
874 2284 934 2320 τε
970 2269 1064 2322 καὶ
1097 2268 1303 2323 ἄλυπον
1341 2269 1578 2339 ἰατρεῖον
1629 2268 1731 2338 τῆς
1764 2285 1943 2341 σωτη-

365 2356 490 2428 ρίας
521 2357 880 2430 συρρεόντων,
909 2359 990 2412 ὃτι
1023 2359 1158 2430 μηδὲ⁹
1190 2362 1388 2430 τομαῖς
1416 2377 1474 2413 τε
1529 2361 1623 2414 καὶ
1680 2359 1943 2415 καύσεσιν

359 2449 396 2518 ἦ
425 2465 538 2502 τισι
583 2452 1064 2520 φαρμακοποσῐαις
1097 2453 1130 2524 ἡ
1159 2453 1269 2505 τῶν
1303 2452 1568 2521 ἀλγεινῶν
1625 2453 1897 2522 φυγαδεία
1923 2494 1938 2519 ,

363 2540 549 2594 πίστει
579 2541 636 2594 δὲ
685 2541 823 2614 μόνῃ
863 2543 957 2597 καὶ
993 2543 1152 2612 λόγου
1195 2543 1443 2614 μάστιγι.
1500 2545 1563 2597 Ὢ
1608 2544 1710 2614 τῆς
1773 2561 1942 2616 μεγα-

357 2631 630 2704 λοδωρεᾶς
659 2634 674 2688 !
705 2634 828 2702 ἄρτι
857 2635 1076 2704 τυφλὸς,
1106 2634 1294 2706 βλέπει
1322 2636 1382 2689 τὸ
1419 2635 1555 2704 φῶς,
1593 2635 1855 2706 ἐξαπίνης
1877 2636 1940 2690 τὸ

359 2724 612 2793 ἀεινεφὲς
638 2725 998 2796 ἀποθέμενος,
1036 2727 1129 2778 καὶ
1159 2726 1343 2796 χαίρει
1369 2726 1512 2798 δρῶν
1537 2725 1608 2780 ea
1653 2728 1745 2780 ὑπ’
1776 2728 1939 2799 ούρα-

359 2813 452 2868 νὸν
480 2814 648 2886 κάλλη
689 2832 748 2868 τε
778 2816 874 2869 καὶ⁷
908 2815 1157 2886 θεάματα
1181 2833 1194 2847 ο
1228 2816 1352 2885 ἄρτι
1373 2815 1564 2886 χωλὸς,
1595 2815 1938 2886 παραχρῆμα

361 2909 732 2980 περεοποδεῖ,
770 2910 864 2962 καὶ
897 2909 1056 2982 γήθει
1108 2908 1400 2980 ἀλλόμενος
1424 2907 1501 2972 ὡς
1531 2907 1729 2976 ἔλαφος
1757 2925 1772 2942 ο
1812 2906 1938 2979 ἄρτι

361 2999 469 3070 μὲν
525 2999 838 3070 μογιλάλος,
906 3000 1016 3053 τῶν
1049 2999 1263 3070 δεσμῶν
1296 2999 1394 3070 τῆς
1445 2997 1696 3069 γλώσσης
1754 2997 1937 3061 λυθεὶς

2047 1802 2118 1858 ob
2143 1803 2260 1858 haec
2295 1817 2486 1858 amore
2518 1804 2717 1873 dignus
2755 1813 2807 1858 et
2843 1804 3247 1860 admiratione?
3285 1805 3399 1862 Hoc
3444 1808 3633 1878 utique

2046 1893 2303 1951 Christus
2330 1895 2626 1952 mandabat
2654 1916 2666 1951 :
2697 1895 2950 1966 Inﬁrmos
2975 1907 3177 1962 curate,
3211 1898 3444 1968 leprosos
3475 1917 3630 1954 mun-

2047 1986 2206 2053 date,
2263 1989 2530 2043 dwmones
2585 1989 2793 2059 ejicile;
2854 1990 3021 2060 gratis
3090 1991 3405 2060 accepistis,
3461 1993 3632 2062 gratis

2049 2078 2235 2132 dale’.
2283 2078 2586 2149 Considera
2653 2081 2790 2135 mihi
2841 2081 3264 2136 innumerabilia
3311 2083 3628 2138 morborum

2046 2187 2272 2243 genera,
2308 2182 2678 2245 occurretque
2707 2175 2923 2229 infinita
2955 2175 3350 2232 miraculorum
3387 2179 3545 2248 copia
3573 2177 3628 2232 in

2043 2262 2360 2320 hominibus
2385 2272 2750 2334 patratorum,
2776 2266 2871 2336 qui
2901 2265 3149 2322 conferta
3179 2268 3532 2324 multitudine
3556 2269 3627 2324 ad

2045 2354 2344 2424 gratuitum
2384 2355 2632 2426 nihilque
2667 2357 2930 2412 molestiae
2961 2358 3250 2415 facientem
3277 2361 3470 2416 salutis
3509 2377 3628 2416 me-

2042 2444 2224 2500 dicum
2257 2446 2578 2514 conﬂuunt;
2604 2448 2733 2517 quia
2765 2450 3028 2504 nimirum
3061 2467 3171 2506 non
3204 2449 3354 2508 ferro
3381 2468 3448 2508 ac
3479 2454 3623 2524 igne,

2044 2545 2138 2590 aut
2176 2538 2497 2606 potionibus
2539 2541 2870 2610 quibusdam
2918 2542 3147 2598 medicis
3181 2545 3405 2602 morbos
3432 2547 3622 2617 abigit,

2043 2629 2139 2683 sed
2179 2630 2296 2684 sola
2330 2630 2436 2685 ﬁde
2465 2645 2531 2686 ac
2574 2633 2846 2689 sermonis
2873 2633 3110 2705 ﬂagello.
3137 2633 3184 2691 Ο
3213 2639 3341 2692 doni
3373 2641 3624 2710 magniﬁ-

2041 2721 2318 2776 centiam!
2385 2723 2543 2779 Nunc
2608 2739 2787 2781 caicus
2863 2726 3157 2798 derepente
3210 2729 3394 2787 lumen
3451 2734 3619 2799 videt,

2039 2828 2166 2868 cum
2220 2815 2418 2870 nubem
2466 2816 2780 2886 impositam
2833 2819 3009 2874 oculis
3059 2836 3273 2890 semper
3316 2823 3620 2892 habuisset,

2041 2903 2352 2976 gaudetque
2397 2907 2715 2963 sublunaria
2774 2911 2890 2966 haec
2934 2912 3132 2966 decora
3197 2929 3260 2968 ac
3309 2917 3618 2984 spectacula

2039 2995 2335 3066 aspiciens.
2366 2995 2554 3067 Nuper
2585 2998 2837 3066 claudus,
2867 3000 3116 3068 solidatis
3147 3003 3354 3072 plantis
3395 3004 3614 3060 firmum

357 3088 672 3158 ὀρθολεκτεί
698 3091 1100 3162 εύχαριστήρια
1124 3108 1138 3121 ο
1175 3091 1299 3162 ἄρτι
1334 3090 1390 3144 δὲ
1454 3089 1730 3162 ξηρόχειρ,
1774 3089 1933 3158 ὑγια-

2039 3088 2230 3158 recipit
2261 3105 2534 3160 gressum,
2577 3092 2850 3162 gestitque
2873 3093 3076 3150 saliens
3109 3105 3170 3150 ut
3200 3111 3416 3152 cervus.
3457 3097 3618 3154 Modo

357 3181 508 3245 σθεὶς
533 3180 700 3252 ἄμφω
725 3182 802 3235 τὼ
828 3185 979 3254 χεῖρε
1011 3183 1147 3254 πρὸς
1175 3183 1266 3238 τὸν
1304 3184 1362 3236 ὲν
1385 3182 1630 3255 οὐρανοῖς
1657 3181 1936 3252 Δεσπότην

353 3272 475 3344 ᾅδει
509 3271 778 3344 εύκτήρια
806 3291 820 3303 ·
856 3275 983 3346 ἄρτι
1021 3275 1119 3345 μὲν
1159 3272 1684 3346 ύδεριῶν,κενοῦται
1708 3272 1803 3326 τοῦ
1829 3274 1934 3326 πά-

355 3365 484 3430 θους
513 3366 589 3429 ὡς
621 3367 872 3438 τάχιστα,
917 3367 1010 3420 καὶ
1048 3368 1131 3430 εἰς
1155 3367 1253 3438 τὴν
1274 3366 1508 3438 ἀρχαίαν
1539 3366 1754 3435 ὑγίειαν
1781 3366 1932 3420 ἄνει-

354 3477 442 3515 σιν
461 3476 475 3490 ’
509 3460 638 3532 ἄρτι
667 3461 722 3514 δὲ
762 3461 961 3533 λεπρὸς
989 3459 1328 3531 ἀποσύρεται
1362 3459 1462 3529 τῆς
1489 3458 1794 3530 λώδης,καὶ
1808 3457 1930 3527 βλέ-

351 3569 476 3606 πων
503 3553 604 3624 τὴν
633 3551 831 3607 ἑαυτοῦ
877 3553 1306 3626 νεουργηθεῖσαν
1363 3556 1544 3623 σάρκα
1595 3551 1890 3620 ἀγάλλεται
1912 3565 1929 3582 ο

350 3645 478 3718 ἄρτι
507 3649 606 3716 μὲν
642 3647 974 3718 παράλυτος,
1005 3646 1319 3718 ἄρτιασθεὶς
1348 3645 1660 3715 ὲπωμάδιον
1689 3643 1844 3715 φέρει
1871 3643 1932 3697 τὸ

343 3739 602 3793 κλινίδιον
628 3755 642 3769 ⁸
661 3740 852 3810 ἄρτιδὲ
869 3739 953 3793 δαι
961 3740 1156 3811 μονῶν,
1175 3739 1268 3792 τοῦ
1288 3738 1595 3809 πνεύματος
1610 3737 1925 3808 καθαρθεὶς,

351 3835 645 3904 σωφρόνως
663 3833 874 3898 δοξάζει
898 3833 988 3887 τὸν
1011 3831 1215 3902 Κύριον
1244 3848 1259 3864 ο
1276 3829 1400 3902 ἄρτι
1419 3831 1518 3902 μὲν
1545 3831 1815 3902 ἡμιθανὴς
1832 3831 1928 3883 ἀσ-

341 3927 616 3997 θμαίνων,
634 3926 809 3992 ὲξόδια
823 3925 1174 3998 ἀναθρώσκεν
1189 3925 1418 3998 τάχιστα
1448 3941 1463 3956 ο
1484 3923 1609 3995 ἄρτι
1636 3923 1694 3976 δὲ
1711 3922 1924 3993 νεκρὸς,

343 4020 413 4073 ὲκ
467 4019 673 4090 φθορᾶς
723 4019 948 4088 ἀνέθορε
986 4017 1054 4072 τὰ
1075 4019 1134 4071 ὲν
1163 4017 1289 4090 ᾅδου
1323 4015 1627 4084 λογοθετῶν
1649 4018 1760 4080 τοῖς
1783 4015 1926 4086 ὑπὲρ

345 4111 456 4182 γῆν
476 4113 572 4165 καὶ
596 4111 850 4183 ζωάρχην
889 4111 1020 4165 Θεὸν
1047 4109 1586 4182 ἀνθομολογούμενός
1621 4125 1635 4140 ο
1667 4109 1794 4179 ἄρτι
1826 4107 1924 4179 μὲν

343 4202 770 4275 ἑτερόφθαλμος,
785 4201 1156 4275 όρθοόλεπτεῖ,
1178 4203 1271 4255 καὶ
1293 4200 1639 4272 μονόμματος
1655 4198 1924 4269 διδυμομ-

341 4299 532 4367 ματεῖ,
559 4297 654 4348 καὶ
679 4294 838 4366 ἄθριξ
875 4296 1183 4366 καρηκομεῖ
1203 4310 1216 4324 ⁸
1251 4293 1377 4364 ἄρτι
1400 4291 1458 4345 δὲ
1490 4290 1711 4362 κυρτὸς,
1733 4288 1923 4362 ὀρθού-

346 4404 456 4453 cat,
483 4389 580 4442 καὶ
605 4387 787 4457 κωφὸς
812 4386 1171 4449 ὠτακουστεί,
1217 4385 1312 4438 καὶ
1360 4381 1612 4453 πυρετῶν
1658 4381 1915 4453 ἔρρωται,

335 4482 439 4536 καὶ
494 4482 663 4555 ῥιγῶν
700 4481 996 4552 εύκρατεῖ’
1031 4481 1156 4552 ἄρτι
1199 4480 1386 4549 στεῖρα
1438 4477 1763 4536 παιδοποιεί,
1817 4473 1913 4528 καὶ

330 4575 714 4648 αἱμορροοῦσα
748 4573 996 4639 εύπαθεῖ,
1043 4573 1137 4626 καὶ
1182 4570 1516 4626 δυστοκοῦσα
1562 4569 1796 4631 εὐτοκεῖ,
1822 4567 1918 4620 καὶ

332 4667 711 4742 καρκινόσαρξ
741 4666 1118 4742 εὖσωμ[ατ]εἴ,
1137 4667 1232 4720 καὶ
1253 4666 1361 4719 πᾶν
1382 4663 1671 4734 κολόϐωμα
1691 4659 1918 4729 φυσικὸν

325 4759 677 4832 ἀρτιάζεται,
693 4760 786 4814 καὶ
798 4761 946 4814 πᾶσα
967 4759 1209 4828 μαλακία
1233 4759 1508 4828 ὑποχωρεῖ
1529 4755 1619 4810 καὶ
1637 4757 1744 4809 πᾶν
1758 4754 1919 4824 ψυχι-

323 4847 431 4903 κὸν
451 4850 624 4914 πάθος
653 4850 965 4916 ὲξωστατεῖ.
995 4848 1100 4902 Ἐῶ
1121 4847 1300 4918 λέγειν
1317 4847 1415 4910 τὰς
1440 4846 1498 4898 ὲν
1519 4845 1734 4922 ἀλόγοις
1757 4844 1918 4908 ζώοις

321 4942 803 5013 θαυματουργξας,
837 4942 936 5004 τάς
984 4957 1043 4994 τε
1084 4940 1192 4994 τῶν
1248 4937 1531 5010 στοιχείων
1581 4937 1772 5008 ἄρσεις
1817 4937 1914 4990 καὶ

320 5015 676 5106 μεταθέσεις,
716 5031 780 5105 ἧς
809 5053 952 5097 τινος
983 5031 1076 5088 οὖν
1123 5033 1288 5104 ἄλλης
1342 5032 1556 5102 φύσεως
1612 5031 1913 5103 παραδοξο-

335 5127 531 5179 ποιίαν
559 5143 575 5159 ·
603 5127 637 5198 ἦ
679 5128 788 5199 γὰρ
822 5128 922 5179 ούκ
947 5126 1145 5197 ἀληθὲς
1173 5126 1233 5179 τὸ
1261 5125 1367 5180 ὑπὸ
1388 5126 1483 5178 τοῦ
1509 5125 1716 5194 Κυρίου
1758 5125 1910 5194 εἰρη-

319 5218 516 5290 μένον,
540 5218 671 5271 ⁸Ὀτι
695 5219 764 5284 ὃς
793 5219 870 5272 ἂν
891 5220 1032 5285 εἴπῃ
1057 5217 1135 5283 τῷ
1157 5218 1278 5288 ὄρει
1307 5218 1516 5284 τούτῳ,
1552 5218 1786 5284 Ἄρθητι
1809 5213 1908 5267 καὶ

307 5309 590 5378 βλήθητι
625 5313 713 5377 εις
750 5310 866 5379 τὴν
903 5310 1248 5375 θάλασσαν,
1281 5309 1379 5363 καὶ
1405 5308 1489 5379 μὴ
1520 5305 1791 5376 διακριθῇ
1841 5304 1911 5357 ἐν

313 5399 406 5471 τῇ
437 5403 652 5472 καρδίᾳ
680 5405 889 5468 αὑτοῦ,
923 5402 1086 5458 ἀλλὰ
1114 5404 1428 5457 πιστεύσει
1465 5402 1556 5456 ὅτι
1583 5399 1622 5454 d
1648 5398 1810 5468 λέγει
1831 5397 1912 5466 γί-

312 5512 510 5562 νεται,
541 5497 712 5550 ἔσται
739 5497 900 5561 αὐτῷ
933 5497 964 5550 δ
1033 5497 1112 5551 ἂν
1158 5495 1322 5565 εἴπῃ.
1396 5495 1540 5568 Ὀρα
1577 5511 1666 5564 μοι
1721 5483 1907 5545 λοιπὸν

313 5588 421 5643 καί
446 5587 572 5660 ὅρος
606 5591 686 5655 εἰς
711 5591 877 5661 ὑγρὸν
903 5590 1302 5662 μεταιρόμενον
1327 5589 1509 5660 τυχὸν,
1546 5587 1640 5642 καὶ
1686 5581 1754 5641 αὖ
1795 5587 1905 5639 πά-

393 5778 418 5810 ⁶
439 5773 628 5830 Matth.
661 5791 715 5841 v,
749 5775 837 5832 Μ.
911 5777 932 5806 ³
958 5775 1147 5832 Matth.
1179 5793 1232 5842 Χ,
1268 5776 1322 5831 8.

690 5868 961 5928 ΡΑΤιιοι.
1013 5870 1129 5930 Gn.
1169 5868 1389 5930 XCIX.

2038 3185 2258 3250 blaesus,
2296 3187 2494 3258 lingua:
2523 3188 2756 3244 vinculis
2803 3190 3020 3254 solutis,
3063 3193 3318 3261 expedito
3363 3209 3618 3251 sermone

2035 3280 2339 3350 gratiarum
2395 3282 2630 3337 actionis
2671 3282 2860 3338 laudes
2910 3284 3114 3354 pangit.
3181 3283 3343 3339 Modo
3402 3286 3613 3341 aridam

2036 3388 2260 3428 manum
2299 3375 2526 3438 habens,
2562 3391 2730 3430 sanus
2756 3372 3004 3440 effectus,
3052 3392 3249 3433 manus
3281 3377 3471 3435 ambas
3495 3389 3615 3434 ten-

2033 3465 2171 3521 dens
2221 3465 2287 3520 ad
2333 3465 2624 3520 Dominum
2688 3467 2742 3520 in
2795 3468 2950 3524 cmlis
3003 3469 3379 3534 exsistentem,
3425 3487 3614 3542 preces

2031 3559 2199 3614 canit.
2244 3558 2405 3615 Modo
2458 3559 2824 3632 hydmpicus,
2878 3576 3043 3632 quam
3099 3563 3367 3620 citissime
3419 3566 3613 3622 morbo

2031 3660 2317 3720 vacuatur,
2369 3661 2424 3708 et
2464 3655 2531 3707 ad
2573 3653 2864 3723 pristinam
2912 3655 3201 3710 sanitatem
3251 3657 3415 3711 redit.
3451 3657 3612 3714 Modo

2030 3745 2299 3812 leprosus,
2349 3746 2504 3817 plaga
2551 3761 2650 3802 sua
2698 3737 2969 3816 eripitur,
3026 3748 3329 3820 vidensque
3379 3767 3602 3806 carnem

2029 3849 2184 3890 suam
2211 3848 2556 3904 renovatum,
2587 3839 2851 3894 exsultat.
2883 3837 3042 3894 Modo
3071 3842 3432 3913 paralyticus,
3455 3853 3610 3898 artu-

2027 3927 2131 3981 bus
2175 3927 2492 3983 instauratis
2527 3929 2787 3984 lectulum
2826 3929 2880 3983 in
2926 3931 3187 3987 humeros
3239 3933 3401 3987 tollit.
3446 3933 3610 3990 Modo

2025 3999 2420 4082 daemoniaeus:
2452 4033 2484 4072 a
2521 4018 2714 4088 spiritu
2759 4021 3078 4084 mundatus,
3135 4019 3319 4075 sobria
3360 4037 3427 4077 ac
3473 4038 3608 4077 sana

2026 4119 2206 4164 mente
2236 4098 2530 4165 Dominum
2569 4110 2774 4166 laudat.
2803 4110 2963 4166 Modo
3008 4113 3399 4169 semimortuus
3429 4124 3484 4170 et
3514 4131 3607 4170 su-

2025 4218 2211 4272 prema
2237 4203 2400 4258 verba
2420 4203 2534 4273 jam
2563 4203 2772 4270 dicens,
2794 4201 3082 4260 confestim
3108 4207 3414 4262 revalescit.
3445 4207 3604 4264 Modo

2025 4300 2314 4359 mortuus,
2351 4307 2385 4348 a
2446 4294 2803 4363 corruptione
2849 4295 3010 4349 velox
3075 4299 3344 4368 resurgit,
3407 4315 3601 4355 eorum

2027 4384 2294 4440 rationem
2339 4400 2462 4455 qua:
2493 4395 2621 4441 sunt
2660 4386 2714 4440 in
2764 4385 2981 4442 inferno
3013 4389 3245 4446 reddens
3282 4391 3602 4450 hominibus

2024 4475 2080 4531 in
2120 4486 2266 4530 terra
2310 4477 2646 4545 constitutis,
2690 4497 2753 4534 ac
2787 4480 2908 4534 vitae
2956 4483 3167 4536 auctori
3198 4479 3311 4537 Deo
3357 4486 3599 4541 vicissim

2022 4569 2309 4624 conﬁtens.
2360 4569 2519 4624 Modo
2560 4571 2729 4625 altero
2770 4572 2934 4629 laesus
2978 4575 3160 4639 oculo,
3219 4586 3365 4631 recte
3413 4578 3598 4644 videt;

2021 4677 2307 4731 unumque
2336 4662 2555 4717 oculum
2587 4679 2617 4716 a
2660 4673 2855 4718 natura
2893 4667 3140 4725 sortitus.
3177 4667 3393 4723 duobus
3425 4672 3599 4726 oculis

2022 4753 2558 4824 intuetur:glaber,
2616 4770 2830 4810 comam
2886 4759 3078 4813 nutrit.
3124 4756 3285 4813 Modo
3333 4760 3596 4818 incurvus

2021 4845 2271 4915 erigitur,
2301 4846 2579 4916 surdoque
2609 4847 2934 4916 aperiuntur
2965 4863 3127 4902 aures
3154 4865 3168 4913 ;
3193 4847 3362 4906 febris
3396 4852 3594 4910 ardore

2019 4949 2259 4995 aestuans
2319 4939 2460 4994 bene
2483 4941 2660 5006 valet;
2693 4941 2972 4994 contrario
2999 4941 3124 4996 item
3157 4941 3359 5013 frigore
3407 4945 3594 5016 algens

2020 5034 2478 5104 temperationem
2533 5034 2827 5087 humorum
2887 5034 3098 5104 recipit.
3150 5033 3310 5090 Modo
3365 5040 3590 5106 sterilis,

2018 5127 2223 5196 prolem
2271 5125 2502 5194 suscipit
2531 5143 2544 5178 :
2578 5125 2863 5195 fluensque
2904 5127 3189 5196 sanguine,
3225 5127 3589 5185 valetudinem

2016 5213 2248 5277 obtinet,
2294 5221 2455 5282 atque
2493 5215 2560 5268 ad
2593 5223 2808 5282 partum
2841 5213 3096 5281 difﬁcilis,
3129 5217 3376 5286 expedita
3409 5219 3592 5274 reddi-

2019 5313 2145 5372 tur;
2185 5305 2612 5364 hzemorrhoissa
2643 5317 2906 5374 sanatur;
2934 5318 3280 5364 cancromate
3308 5311 3588 5376 laborans,

2017 5411 2224 5467 corpus
2257 5398 2533 5468 integrum
2583 5408 2904 5470 recuperat;
2951 5400 3230 5469 quodlibet
3254 5409 3462 5455 natura:
3493 5402 3589 5456 de-

2016 5491 2329 5546 trimentum
2361 5493 2596 5550 sarcitur
2613 5531 2629 5559 ,
2654 5509 2718 5548 ac
2743 5508 2937 5548 omnes
2970 5493 3264 5564 languores
3288 5494 3582 5560 recedunt;

2011 5584 2212 5640 animas
2244 5585 2380 5643 item
2421 5587 2600 5644 morbi
2643 5601 2836 5643 omnes
2862 5586 3160 5658 pelluntur.
3183 5583 3348 5640 Mitto
3380 5583 3585 5668 dicere.

3183 5861 3261 5916 εει

3187 5899 3235 5917 αθ
