4064 6372
530 237 636 302 779
1528 297 1538 306 .
1723 240 1782 300 S.
1808 239 2202 300 THEODORI
2239 235 2606 308 ISTUDIT/E
3693 241 3804 304 780

531 367 654 424 quae
679 365 808 422 erga
843 350 1035 407 hrutos
1065 351 1375 407 animantes
1401 352 1664 408 miracula
1701 362 1912 423 patrata
1935 363 2062 409 sunt

2214 353 2299 408 λιν
2326 354 2488 426 βυθὸν
2517 355 2907 426 ξηραινόμενον
2931 355 3024 409 δια)⁸
3054 358 3135 421 εἰς
3169 355 3469 428 χλοηφόρον
3496 356 3680 412 πεδίον
3705 374 3801 428 με·
3835 413 3840 416 .

529 445 924 501 elementorum
981 444 1110 500 item
1159 445 1227 501 dc
1267 460 1370 502 suo
1417 455 1565 502 statu
1606 449 2008 503 commotiones
2051 464 2093 502 at

2217 446 2608 518 τατιθὲμενον·
2643 447 2738 501 καὶ
2782 487 2796 502 .
2845 486 2858 501 .
2905 487 2918 503 .
2957 449 3106 519 ριγὲς
3152 449 3297 520 ὕδωρ
3340 448 3553 520 ἀθρόως
3582 449 3648 503 ὲκ
3689 465 3801 503 πυο

533 536 943 604 translationes,
989 545 1043 592 et
1081 536 1304 594 alterius
1345 539 1592 607 cujusvis
1632 547 1842 594 naturae
1879 541 2088 595 miracu

2217 540 2373 612 θμῶν
2402 540 2671 612 πηγὰζον,
2714 541 2923 612 πέτραν
2948 559 3008 594 τε
3034 541 3361 613 σχιζομένην
3404 542 3502 595 καὶ
3534 541 3626 595 τδν
3676 559 3800 612 χρι-

531 627 666 682 Ιιιω.
710 625 904 682 Nonne
955 631 1103 684 enim
1149 627 1281 683 illud
1333 629 1560 683 veritate
1613 629 1836 694 nititur,
1882 628 2030 700 quod
2085 647 2093 682 :

2225 631 2488 704 στοφόρον
2528 632 2964 706 ἀποπέμπουσαν
2989 649 3004 666 '
3037 633 3131 686 καὶ
3153 634 3268 687 εῖτι
3291 633 3417 688 ἄλλο
3446 633 3586 687 κατά
3612 634 3802 706 χρείαν

528 719 762 776 Domino
808 721 1016 776 dictum
1058 730 1182 776 est:
1219 720 1470 790 Quisquis
1514 721 1707 774 dixerit
1742 722 1909 776 monti
1938 721 2060 774 huic
2091 765 2093 774 .

2221 724 2332 778 τῶν
2361 727 2442 788 είς
2484 725 2669 778 πίστιν
2736 725 3004 779 ἑλκόντων
3051 725 3178 790 τοὺς
3210 725 3614 797 μαθητιῶντας,
3646 725 3799 780 οῦδὲν

534 812 758 879 Tollere,
806 825 855 868 et
907 815 1116 868 mittere
1169 813 1224 866 in
1255 829 1423 877 mare,
1458 824 1504 867 et
1551 829 1654 866 non
1697 813 2023 868 hwsitaverit
2061 815 2093 867 i1

2216 815 2594 889 ἀδυνατούσης
2634 817 2736 887 τῆς
2763 817 2915 882 θείας
2949 818 3196 890 χάριτος.

529 910 688 964 corde
714 926 832 975 suo,
858 909 948 964 sed
981 908 1285 973 crediderit,
1319 909 1446 978 quia
1472 908 1610 978 quod
1676 909 1872 964 dixerit
1910 911 2030 978 ﬁat,
2058 911 2146 979 [iet
2186 911 2234 964 ei
2273 911 2616 982 quodcunque
2643 912 2840 966 dixerit
2900 914 2963 966 ³”.
2991 912 3110 966 .Iam
3141 913 3275 968 mihi
3309 921 3362 967 et
3390 921 3628 967 montem
3663 910 3800 966 forte

528 1004 718 1060 videas
750 1003 802 1056 in
832 1016 1004 1070 aquas
1034 1000 1389 1066 translatum,
1419 999 1776 1071 vicissimque
1802 1002 2110 1057 exsiccatos
2151 1002 2292 1058 imos
2352 1004 2617 1074 gurgites,
2648 1013 2813 1074 atque
2847 1004 2902 1059 in
2969 1020 3222 1074 campum
3253 1003 3584 1060 herbilerum
3615 1012 3798 1058 muta-

527 1108 614 1152 tos
647 1112 662 1151 :
693 1095 828 1165 quin
857 1101 911 1148 et
947 1107 1144 1162 aquam
1178 1104 1404 1162 repente
1429 1109 1460 1148 a
1527 1093 1697 1149 fundo
1764 1095 2177 1162 scaturientem,
2220 1096 2562 1167 scissamquc
2618 1105 2851 1168 petram,
2893 1107 2948 1154 et
2993 1098 3268 1152 hominem
3312 1097 3535 1154 Christo
3573 1098 3796 1168 plenum

527 1199 892 1248 assectantem
915 1189 938 1219 ⁸
965 1206 978 1242 :
1010 1203 1074 1242 ac
1101 1188 1148 1243 si
1175 1188 1308 1259 quid
1351 1189 1499 1244 aliud
1535 1190 1820 1260 discipulis
1887 1191 1956 1245 ad
1989 1191 2150 1246 ﬁdem
2194 1193 2474 1248 trahendis
2537 1193 2792 1249 idoneum
2824 1196 2972 1265 justa
3007 1193 3258 1264 exigebat
3287 1193 3620 1260 necessitas;
3673 1208 3797 1247 cum

527 1283 663 1338 nihil
693 1281 788 1346 sit,
819 1279 966 1350 quod
991 1280 1176 1334 divina
1208 1281 1382 1350 gratia
1411 1290 1668 1350 praestare
1698 1297 1806 1336 non
1842 1283 2038 1352 possit.

594 1375 650 1428 7.
689 1375 759 1426 At
802 1386 872 1428 ne
903 1373 1136 1443 singulis
1175 1373 1300 1444 plus
1342 1389 1498 1442 aequo
1530 1374 1854 1437 immorans,
1896 1374 2093 1429 audito

2285 1372 2348 1437 ζ’.
2394 1371 2534 1426 Ἀλλ’
2575 1373 2665 1426 ἴνα
2692 1373 2766 1444 μὴ
2792 1373 2883 1425 ἐπὶ
2907 1373 3092 1426 πλεῖον
3124 1371 3476 1444 ἐνδιατρίϐων
3502 1374 3616 1436 τοῖς
3651 1371 3798 1426 κατά

525 1469 680 1524 ribus
716 1468 933 1523 taedium
980 1482 1184 1530 creem,
1229 1466 1296 1520 ad
1347 1466 1493 1521 aliud
1515 1468 1680 1522 etiam
1727 1478 1966 1522 transeo.
2015 1469 2093 1523 Vo.

2215 1466 2379 1536 μέρος
2406 1465 2666 1536 διακορὴς
2685 1465 2894 1534 γίνοιμι
2941 1467 3056 1529 τοῖς
3085 1464 3394 1530 ἀκούουσιν,
3427 1463 3514 1517 ἐπ’
3572 1464 3703 1516 ἄλλο
3730 1463 3796 1533 δὴ

525 1565 653 1619 estis
697 1562 781 1618 eat
831 1563 1043 1616 teme".
1098 1560 1195 1616 llic
1247 1575 1467 1631 quoque
1521 1561 1840 1631 metaphora
1892 1564 1961 1616 ab
2008 1564 2093 1617 illi:

2213 1557 2306 1610 καὶ
2327 1555 2617 1627 τρέψομαι.
2665 1557 2866 1626 Ὑμεῖς
2893 1557 3039 1610 ἐστε
3065 1556 3132 1610 τὸ
3162 1555 3315 1622 ἅλας
3343 1553 3454 1624 τῆς
3505 1553 3638 1624 γῆς.
3699 1555 3796 1610 Ἐκ

526 1666 743 1728 sumpta
789 1665 894 1721 est,
937 1671 1058 1725 quae
1103 1657 1168 1710 ad
1205 1669 1365 1709 usum
1414 1655 1787 1710 necessarium
1843 1656 2110 1710 veniunt:

2211 1648 2320 1700 τῶν
2369 1647 2687 1715 ἀναγκαίων
2731 1647 2988 1718 εἴληπται
3046 1645 3325 1702 κάνταῦθα
3359 1647 3393 1716 ἡ
3458 1645 3793 1716 μεταφορὰ·

525 1747 986 1818 quemadmodum
1033 1746 1198 1802 etiam
1252 1746 1360 1801 alio
1406 1747 1524 1800 loco
1559 1764 1574 1801 :
1614 1745 1817 1802 llabete
1857 1748 1914 1801 in
1958 1748 2093 1802 vobis

2203 1739 2392 1811 ὥσπερ
2419 1742 2512 1794 καὶ
2545 1738 2806 1810 ἀλλαχοῦ,
2842 1741 3054 1809 Ἔχετε
3072 1738 3226 1805 ἅλας
3255 1740 3327 1793 ἐν
3346 1738 3605 1804 ἑαυτοῖςο
3632 1737 3795 1792 τοῦτο

525 1843 671 1898 sat“.
720 1839 839 1896 Hoc
873 1849 1056 1896 autem
1100 1839 1233 1909 quid
1273 1838 1420 1894 aliud
1452 1854 1617 1908 quam
1659 1839 1948 1896 charitatis
1991 1840 2103 1896 sit?

526 1951 648 2006 quae
677 1935 840 1991 etiam
885 1941 969 1989 est
1005 1931 1290 2002 plenitudo
1325 1930 1482 2002 legis,
1529 1939 1590 1986 ut
1629 1945 1786 1987 sacer
1821 1932 2102 2001 apostolus

527 2027 729 2083 Paulus
764 2026 923 2082 docet
943 2025 982 2078 ⁷.
1015 2024 1170 2079 Sicut
1208 2022 1356 2079 enim
1387 2023 1595 2093 absque
1640 2023 1754 2079 sale
1789 2024 1946 2093 panis
1993 2039 2100 2079 non

526 2117 967 2183 manducabitur,
1010 2124 1068 2170 ut
1115 2128 1215 2169 nec
1247 2114 1359 2170 fere
1403 2114 1688 2185 quisquam
1738 2115 1880 2171 alius
1922 2114 2100 2182 cibus,

523 2213 606 2266 sic
643 2210 814 2280 liquet
856 2208 1063 2276 absque
1091 2207 1385 2262 dilectione
1415 2206 1553 2260 nihil
1581 2207 1882 2276 praestitum
1916 2208 1982 2262 iri
2017 2223 2106 2263 eo-

523 2319 649 2358 rum
678 2317 801 2373 quaa
833 2300 944 2357 Deo
985 2309 1208 2370 accepta
1247 2307 1397 2354 sunt.
1435 2298 1621 2354 Talem
1669 2315 1728 2355 se
1767 2300 1926 2356 nobis
1949 2301 2104 2356 evhi-

524 2396 647 2452 buit
675 2393 980 2464 apostolus,
1027 2391 1381 2447 adamantino
1416 2393 1600 2446 animo
1630 2391 1909 2462 praeditus,
1939 2401 2102 2463 atque

522 2490 578 2542 in
613 2485 1006 2542 certaminibus
1045 2483 1264 2554 pietatis
1303 2497 1471 2539 causa
1501 2483 1775 2553 susceptis
1813 2483 2100 2554 insupera-

524 2575 673 2641 bilis,
709 2590 886 2645 neque
929 2573 1211 2643 prosperis
1246 2579 1492 2627 mutatus
1532 2587 1710 2643 neque
1743 2573 2012 2638 adversis,
2046 2572 2098 2627 id

522 2674 610 2722 est
659 2665 985 2720 infatuatus.
1033 2661 1246 2718 Videsis
1279 2663 1729 2730 :persecutiones
1767 2663 2095 2733 patiebatur,

524 2773 626 2813 nec
665 2759 734 2812 ab
782 2771 972 2812 eorum
1002 2757 1096 2826 qui
1134 2756 1608 2828 persequebantur
1644 2769 1832 2809 amore
1877 2753 2098 2811 recede-

523 2849 650 2914 bat;
692 2847 992 2903 ducebatur
1017 2849 1082 2902 ad
1106 2864 1260 2918 reges
1287 2857 1340 2904 et
1362 2847 1638 2918 praesides,
1671 2861 1772 2901 nec
1797 2845 2095 2916 quidquam

522 2939 590 2994 de
623 2939 874 2995 animosa
910 2938 1263 2996 confessione
1307 2938 1623 2995 remittebat
1655 2957 1668 2992 :
1704 2939 1874 3009 virgis
1921 2938 2095 2994 caede-

2203 1833 2345 1902 δὲξτί
2375 1831 2500 1886 ἄλλο
2533 1832 2565 1903 ἢ
2595 1832 2782 1903 ἀγάπη
2813 1831 2878 1885 ἂν
2937 1831 3044 1900 εἴη,
3094 1831 3218 1902 ἥτις
3278 1829 3375 1884 καὶ
3411 1830 3580 1901 νόμου
3641 1830 3786 1900 πλή-

2206 1943 2386 1996 ρωμα,
2419 1923 2495 1987 ῶς
2523 1941 2658 1994 φησι
2694 1923 2905 1986 Παῦλος
2935 1925 2962 1976 ό
3006 1923 3150 1994 ίερδς
3179 1922 3476 1986 ἀπόστολος
3502 1939 3518 1988 ;
3575 1921 3666 1984 Ὧς
3694 1917 3792 1976 οὖν

2203 2018 2325 2070 οῦτε
2354 2018 2516 2089 ἄρτος
2546 2015 2887 2087 βρωθήσεται
2920 2015 3048 2069 ἄνευ
3083 2015 3228 2080 ἁλὸς,
3251 2013 3334 2068 ὅτι
3402 2013 3543 2084 μηδέ
3586 2031 3638 2067 τι
3667 2029 3791 2083 σχεο

2203 2109 2291 2161 δὸν
2323 2107 2434 2162 τῶν
2467 2107 2746 2178 ἐδωδίμων
2775 2123 2789 2138 ο
2826 2106 2970 2160 οῦτω
2995 2107 3152 2178 δῆλον
3177 2107 3258 2160 ὃτι
3285 2107 3380 2160 καὶ
3411 2106 3632 2177 ἀγάπης
3663 2105 3789 2176 δίχα

2203 2201 2356 2255 οὐδὲν
2388 2201 2495 2255 τῶν
2527 2199 2790 2269 θεοφιλῶν
2824 2198 3290 2271 ὲξεργασθήσεται
3316 2215 3332 2232 ·
3363 2198 3602 2254 τοιοῦτον
3653 2199 3788 2270 ἡμῖν

2204 2293 2400 2347 ἑαυτὸν
2429 2293 2760 2364 παρίστησιν
2791 2292 2820 2343 ό
2881 2291 3203 2354 Ἀπόστολος
3245 2291 3619 2363 ἀδαμαντίνην
3649 2291 3789 2362 ἔχων

2203 2386 2368 2439 οἱονεὶ
2395 2385 2494 2454 τὴν
2526 2384 2706 2455 ψυχὴν
2745 2383 2841 2438 καὶ
2883 2382 3332 2452 ἁκαταγώνιστον
3371 2385 3430 2436 ἐν
3469 2385 3583 2446 τοῖς
3641 2383 3788 2452 ὑπὲρ

2203 2475 2462 2546 ἀληθείας
2491 2475 2701 2544 ἀγῶσι*
2738 2473 2833 2527 καὶ
2869 2475 3226 2546 μηδοποτέρῳ
3262 2474 3349 2528 διὰ
3393 2473 3503 2530 τῶν
3535 2473 3728 2538 δεξιῶν
3750 2474 3787 2545 ἦ

2201 2566 2509 2638 ἀριστερῶν
2567 2566 3046 2636 μεταϐαλλόμενος
3103 2567 3274 2636 ἤγουν
3335 2565 3783 2637 μωραινόμενος·

2203 2661 2398 2713 σκόπει
2433 2675 2447 2690 ⁸
2477 2659 2782 2726 ὲδεδίωκτο,
2811 2663 2906 2713 καὶ
2934 2659 3042 2714 τῶν
3073 2661 3380 2714 διωκόντων
3439 2659 3534 2714 τοῦ
3607 2661 3782 2714 πόθου

2199 2753 2300 2804 οὐκ
2329 2751 2596 2820 ἀφίστατο
2619 2767 2633 2782 ο
2661 2751 2754 2804 ἐπὶ
2803 2752 3045 2822 βασιλεῖς
3093 2753 3188 2805 καὶ
3245 2751 3520 2822 ἡγεμόνας
3573 2752 3743 2823 ἤγετο
3766 2793 3784 2817 ,

2199 2845 2293 2897 καὶ
2324 2847 2422 2915 τῆς
2453 2843 2722 2915 εύθάρσου
2746 2843 3039 2915 ὁμολογίας
3079 2847 3181 2898 ούκ
3219 2843 3532 2898 ὲλλέλειπτο
3557 2863 3568 2875 ·
3637 2847 3786 2915 ἐμα-

2201 2934 2434 3000 στίζετο,
2473 2937 2702 2999 καὶτοῖς
2727 2936 3022 3000 κολασταῖς
3056 2935 3217 3007 ίητὴρ
3247 2936 3593 3006 ἐγνωρίζετο.
3629 2935 3786 2990 ὡνει·

521 3032 704 3099 batur,
741 3046 806 3087 ac
848 3032 1270 3087 verberantibus
1313 3045 1433 3087 sese
1467 3030 1739 3085 medicum
1770 3030 2044 3100 praebebat
2078 3049 2091 3085 :

2196 3023 2393 3090 δίζετο,
2424 3026 2921 3098 προύπηλακίζετο,
2963 3026 3057 3081 καὶ
3113 3029 3226 3091 τοῖς
3280 3027 3566 3098 ὑϐρισταῖς
3618 3027 3785 3091 δόξαν

521 3123 790 3182 conviciis
809 3123 1187 3195 appetebatur,
1215 3134 1269 3178 et
1292 3123 1528 3179 ludibrio
1555 3122 1881 3187 habebatur,
1906 3123 2094 3178 illuso-

521 3218 784 3288 ribusque
800 3217 1028 3288 gloriam
1053 3217 1316 3284 curabat;
1352 3215 1957 3286 magistrumimitatus,
1999 3217 2092 3287 qui

519 3306 684 3360 etiam
708 3306 839 3360 dum
868 3315 1165 3376 pateretur,
1197 3305 1617 3362 crucilixoribus
1644 3306 1855 3362 veniam
1878 3322 1908 3362 a
1936 3306 2096 3362 Patre

519 3395 870 3466 precabatur.
915 3395 1335 3452 Praetendebant
1372 3396 1449 3452 illi
1495 3397 1756 3468 gladium,
1803 3398 1920 3469 ipse
1953 3398 2094 3469 obji-

519 3489 698 3546 ciebat
748 3489 1053 3545 doctrinam
1107 3510 1121 3546 :
1164 3489 1242 3546 illi
1296 3490 1474 3562 ignem
1531 3492 1919 3554 minabantur,
1979 3493 2094 3563 ipse

519 3580 839 3637 charitatcm
883 3581 1162 3651 augebat:
1205 3581 1284 3636 illi
1322 3582 1527 3649 minas,
1573 3583 1694 3654 ipse
1731 3599 1923 3654 preces
1962 3601 1976 3638 :
2010 3583 2092 3638 illi

520 3671 905 3740 alnictionem,
953 3675 1057 3730 iste
1101 3673 1297 3730 salutis
1356 3689 1549 3730 eorum
1590 3675 1686 3747 qui
1740 3675 2090 3746 amigebant,

519 3764 666 3820 sitim
712 3781 822 3837 prae
863 3781 922 3821 se
952 3765 1158 3822 ferebat
1185 3786 1202 3823 :
1231 3767 1497 3824 molestiis
1540 3767 1914 3824 delectabatur
1943 3787 1956 3823 :
1991 3785 2093 3824 an-

519 3859 716 3929 gustiis
735 3859 1088 3914 dilatahatur.
1121 3858 1264 3926 Quin
1294 3859 1450 3925 adeo,
1483 3875 1550 3916 ne
1579 3876 1608 3915 a
1637 3862 2094 3932 prosperitatibus

519 3951 736 4021 quidem
767 3949 820 4006 ei
866 3950 1096 4006 Ieutatio
1138 3950 1312 4007 defuit
1337 3969 1349 4005 :
1379 3953 1712 4022 sequebatur
1750 3954 1896 4007 enim
1937 3953 2093 4025 signa

517 4040 662 4096 edita
720 4055 786 4096 ac
836 4041 1084 4112 prodigia
1135 4056 1244 4096 non
1302 4042 1548 4114 vulgaris
1602 4043 1778 4098 honor
1818 4058 1886 4100 ac
1938 4060 2091 4100 com-

517 4135 815 4189 mendatio.
869 4133 939 4188 At
993 4149 1172 4205 neque
1223 4133 1470 4191 adversis
1515 4135 1767 4208 refriguit
1825 4136 2087 4202 charitas,

516 4239 694 4294 neque
723 4223 980 4279 laudibus
1008 4225 1250 4280 emollita
1281 4235 1366 4281 est
1395 4265 1410 4288 ,
1444 4225 1538 4282 sed
1567 4226 1709 4281 idem
1746 4227 1800 4282 in
1835 4228 2090 4285 omnibus

513 4315 771 4387 perstitit,
817 4314 884 4370 ad
913 4317 1182 4386 cujusque
1220 4319 1442 4372 modum
1489 4318 1674 4372 varius
1704 4329 1869 4388 atque
1901 4321 2087 4376 condi-

2197 3116 2582 3189 ὲπραγμάτευε
2609 3135 2623 3149 ο
2667 3117 3008 3189 μιμούμενος
3036 3118 3127 3172 τὸν
3183 3117 3506 3172 διδάσκαλον
3570 3117 3629 3182 ὃς
3681 3117 3784 3170 καὶ

2197 3212 2284 3264 ἐπ’
2310 3210 2476 3264 αὑτοῦ
2505 3210 2599 3264 τοῦ
2642 3210 2849 3273 πάθους
2895 3213 3008 3275 τοῖς
3047 3212 3393 3282 σταυρωταῖς
3444 3209 3543 3280 τὴν
3582 3209 3786 3278 ἄφεσιν

2195 3304 2437 3373 ἐζητεῖτο
2463 3303 2612 3374 παρά
2635 3303 2728 3357 τοῦ
2755 3303 2966 3375 Πατρός
2993 3320 3007 3334 ο
3029 3304 3304 3374 ῥομφαίαν
3321 3303 3367 3357 δ’
3392 3304 3592 3358 ἐκεῖνοι
3618 3304 3784 3376 προῦ-

2194 3413 2370 3449 τεινον
2412 3434 2428 3460 ,
2504 3395 2670 3459 αὐτὸς
2742 3397 2842 3467 τὴν
2929 3395 3278 3449 διδασκαλίαν
3365 3395 3781 3466 προύϐάλλετο·

2196 3487 2306 3558 πῦρ
2359 3486 2616 3556 ἠπείλουν
2677 3487 2897 3551 ἐκεῖνοι,
2969 3489 2998 3540 ό
3058 3485 3117 3539 δὲ
3174 3486 3266 3539 τὸν
3321 3487 3485 3540 πόθον
3575 3485 3776 3557 ηὖξεν

2195 3579 2350 3634 αὐτοὶ
2409 3579 2509 3642 τὰς
2570 3578 2821 3643 ἀπειλὰς,
2882 3578 2979 3633 καὶ
3033 3572 3188 3641 οὗτος
3239 3578 3338 3649 τὴν
3418 3580 3733 3650 προσευχήν
3761 3595 3776 3609 ο

2194 3672 2285 3726 τδν
2315 3671 2548 3743 θλιμμὺν
2576 3671 2794 3738 ἐκεῖνοι,
2832 3673 2926 3726 καὶ
2955 3666 3111 3736 οὗτος
3136 3673 3196 3725 τὸ
3229 3672 3388 3743 διψᾷν
3440 3671 3541 3742 τὴν
3595 3689 3779 3742 σωτη-

2197 3763 2318 3832 ρίαν
2343 3779 2356 3793 °
2392 3763 2500 3816 τῶν
2520 3762 2786 3832 ἀλγεινῶν
2839 3762 3193 3834 τερπόμενος,
3236 3763 3350 3824 τοῖς
3405 3760 3781 3832 ὑποπιεσμοῖς

2194 3854 2571 3926 εύρυνόμενος.
2601 3855 2709 3908 Καὶ
2743 3854 2850 3925 μὴν
2881 3856 2987 3908 κάκ
3016 3855 3126 3908 τῶν
3152 3853 3344 3921 δεξιῶν
3367 3855 3401 3925 ὴ
3429 3855 3601 3926 πεῖρα
3628 3868 3644 3884 ·
3695 3855 3782 3906 εῖ-

2194 3963 2327 3999 πετο
2360 3947 2468 4018 γὰρ
2497 3945 2765 4017 δήπουθεν
2794 3949 2907 4009 τοῖς
2939 3947 3192 4018 σημείοις
3221 3963 3281 3999 τε
3315 3947 3410 4000 καὶ
3425 3947 3650 4018 τέρασιν
3675 3949 3778 4017 οὐχ

2192 4041 2226 4110 ὴ
2255 4039 2492 4110 τυχοῦσα
2520 4041 2652 4111 τιμή
2682 4056 2741 4092 τε
2773 4039 2869 4094 καὶ
2895 4040 3198 4108 ἀφοσίωσις
3218 4057 3232 4072 ο
3265 4039 3382 4094 ἀλλ’
3410 4041 3511 4094 οὐκ
3560 4038 3778 4094 ἐκεῖθεν

2191 4131 2287 4184 καὶ
2311 4130 2593 4200 ἀπέψυκτο
2624 4132 2722 4200 τῆς
2747 4131 2989 4202 ἀγάπης,
3021 4129 3146 4185 οὔτε
3195 4130 3447 4186 ἐντεῦθεν
3476 4129 3780 4200 ἐχαυνοῦτο

2187 4225 2301 4287 τοῖς
2327 4222 2601 4286 ἐπαίνοιςο
2642 4227 2670 4277 ὁ
2719 4224 2881 4287 αὐτὸς
2932 4224 2989 4276 δὲ
3018 4226 3076 4277 ἐν
3119 4224 3292 4278 ἅπασι
3324 4223 3464 4295 πρὸς
3509 4223 3607 4295 τὴν
3641 4225 3779 4277 ἐκά-

2191 4333 2317 4369 στου
2346 4316 2676 4388 ίδιοτροπίαν
2710 4317 2799 4371 ἀεὶ
2847 4316 3262 4387 ποικιλλόμενος
3300 4317 3394 4370 καὶ
3450 4316 3774 4386 παραρτυό-

515 4420 625 4473 tus,
644 4409 799 4480 juxta
831 4423 1041 4464 manna:
1069 4411 1391 4480 gustum._0
1422 4425 1536 4466 rem
1577 4412 1915 4470 mirabilem!
1948 4413 2084 4470 Nam

2195 4428 2354 4481 μενος
2384 4412 2527 4466 κατά
2553 4412 2652 4484 τὴν
2675 4412 2770 4478 τοῦ
2809 4413 2987 4482 μάννα
3012 4411 3292 4479 διάγευσιν
3319 4411 3332 4464 l
3379 4412 3444 4464 Ὦ
3482 4411 3576 4467 τοῦ
3635 4410 3776 4464 θαύ-

515 4501 630 4556 haec
663 4515 882 4571 quoque
913 4500 1162 4556 addenda
1215 4510 1365 4556 sunt.
1416 4501 1617 4558 Missus
1660 4513 1922 4578 tanquam
1967 4509 2086 4564 ovis

512 4593 567 4647 in
608 4593 815 4648 medios
845 4593 1004 4664 lupos
1027 4609 1058 4648 a
1099 4601 1386 4664 pastorum
1424 4595 1674 4666 principe
1700 4597 1945 4666 Christo,
1983 4616 2087 4656 nec

512 4683 630 4752 ipse
687 4685 742 4740 in
795 4684 984 4755 lupum
1024 4692 1266 4741 mutatus
1319 4694 1423 4752 est,
1483 4687 1748 4758 luposque
1800 4691 1855 4745 in
1913 4708 2085 4764 agnos

511 4775 804 4830 convertit.
858 4774 995 4831 Cum
1048 4777 1409 4842 morderetur,
1459 4781 1766 4836 animorum
1810 4785 2085 4841 morsibus

513 4864 851 4928 medebatur,
883 4865 1202 4921 vulneribus
1243 4867 1482 4937 acceptis
1528 4871 1843 4927 curationes
1889 4888 2086 4943 repen-

512 4955 686 5010 dens:
715 4955 1045 5022 illitteratus,
1089 4957 1254 5012 etiam
1302 4959 1486 5015 saeculi
1534 4963 1810 5033 sapientes
1844 4965 1913 5021 ad
1956 4965 2088 5021 reli-

514 5047 696 5118 gionis
725 5047 980 5118 dogmata
1009 5052 1364 5108 convertebat
1393 5071 1406 5108 :
1437 5053 1685 5120 inermis,
1723 5055 1910 5112 hostes
1947 5074 2086 5128 quo-

512 5153 622 5210 que
674 5137 768 5194 Dei
829 5139 1036 5196 militiae
1093 5144 1406 5200 ascribehat
1464 5147 1730 5203 adversus
1779 5149 2080 5206 diabolum.

512 5235 555 5284 0
580 5243 844 5302 quantam
887 5233 1000 5288 haec
1031 5235 1303 5292 habebant
1333 5238 1701 5295 diﬂicultatem
1727 5241 1740 5294 !
1779 5241 2078 5297 addiderim

2193 4522 2360 4576 ματος
2391 4507 2404 4558 !
2441 4506 2765 4576 προσθετέον
2795 4505 2904 4576 γὰρ
2935 4504 3032 4558 καὶ
3064 4505 3238 4558 ταῦτα
3257 4520 3270 4534 ·
3295 4503 3370 4566 ὡς
3396 4505 3670 4577 πρόϐατον
3710 4505 3775 4557 ὲν

2192 4597 2346 4669 μέσῳ
2371 4597 2552 4652 λύκων
2582 4599 2686 4652 ὑπὸ
2707 4599 2801 4652 τοῦ
2831 4599 3223 4670 ἀρχιποίμενος
3249 4596 3488 4670 Χριστοῦ
3528 4598 3776 4650 ἀποστασ-

2188 4691 2320 4757 λεις,
2349 4689 2473 4745 οὔτε
2503 4692 2666 4756 αὐτὸς
2695 4692 3017 4756 ὲλελύκωτο,
3051 4694 3147 4747 καὶ
3195 4691 3324 4756 τοὺς
3345 4691 3546 4753 λύκους
3569 4690 3651 4752 είς
3674 4690 3775 4760 ἄρ’

2187 4801 2283 4848 νας
2317 4784 2682 4853 μετέπλαττεν
2717 4799 2732 4815 ο
2784 4785 3136 4855 δακνόμενος,
3175 4785 3297 4838 ίᾶτο
3329 4783 3398 4838 τὰ
3439 4782 3548 4839 τῶν
3576 4782 3772 4854 ψυχῶν

2187 4877 2444 4949 δήγματα
2475 4878 2752 4949 τραύμασι
2786 4877 3086 4948 θεραπείας
3134 4876 3416 4950 ἀμείϐων
3452 4877 3765 4948 ἀγράμμα-

2186 4985 2278 5032 τος
2311 4969 2564 5033 καὶτοὺς
2609 4969 2701 5023 τοῦ
2743 4970 2950 5040 κόσμου
3023 4970 3223 5038 σοφοὺς
3291 4965 3772 5040 μετεστοιχειοῦτο

2185 5060 2266 5123 είς
2302 5058 2371 5113 τά
2395 5060 2496 5129 τῆς
2527 5059 2810 5122 εὐσεϐείας
2871 5060 3120 5129 δόγματα
3145 5076 3157 5089 °
3219 5060 3440 5124 ἄοπλος,
3489 5058 3584 5111 καὶ
3639 5059 3772 5120 τοὺς

2186 5150 2479 5221 πολεμίους
2506 5151 2626 5222 Θεῷ
2658 5150 3208 5222 ἀντεστρατολογεῖτο
3239 5151 3382 5205 κατά
3423 5149 3524 5204 τοῦ,
3577 5148 3766 5202 διαϐό-

2183 5242 2292 5300 λου.
2340 5243 2403 5295 Ὢ
2448 5244 2621 5315 πόσης
2671 5243 2842 5296 ταῦτα
2885 5242 3233 5314 δυσχερείαςι
3295 5241 3589 5313 προσθείην
3620 5241 3665 5293 δ’
3700 5241 3772 5295 ἂν

511 5325 676 5379 etiam
723 5335 986 5394 quantam
1035 5329 1299 5398 gratiam!
1356 5327 1487 5385 Tale
1534 5347 1666 5387 sane
1709 5341 1794 5388 est
1836 5331 2084 5388 divinum

2195 5339 2281 5390 καὶ
2303 5337 2526 5409 χάριτος
2565 5354 2578 5368 ⁸
2613 5337 2854 5393 τοιοῦτον
2887 5336 2952 5407 δὴ
2985 5337 3048 5390 τὺ
3081 5337 3224 5390 θεῖον
3248 5336 3382 5400 ἀλας
3408 5352 3423 5368 ·
3452 5337 3510 5390 τό
3540 5351 3599 5388 τε
3623 5351 3768 5387 παν-

513 5417 614 5472 sal.
676 5416 956 5488 Serpentis
1013 5425 1258 5487 astutia,
1329 5437 1394 5477 ac
1439 5425 1707 5479 columba:
1767 5424 2089 5496 simplicitas

2195 5427 2386 5499 οῦργον
2425 5429 2520 5482 τοῦ
2562 5428 2758 5498 ὄφεως,
2795 5431 2894 5483 καὶ
2925 5428 2986 5482 τὺ
3021 5429 3119 5500 τῆς
3146 5428 3478 5500 περιστερᾶς
3504 5426 3772 5496 ἀκέραιον

511 5517 716 5579 quanta
747 5509 934 5576 fuerit,
964 5511 1080 5582 jam
1120 5529 1186 5570 ex
1215 5516 1459 5585 proxime
1495 5517 1658 5573 dictis
1679 5517 1857 5588 palam
1885 5515 2088 5574 factum

2195 5519 2316 5574 ὅσον
2357 5521 2422 5574 ἐκ
2454 5520 2560 5574 τῶν
2593 5519 2873 5592 προσεχῶς
2904 5519 3238 5594 εἰρημένων,
3294 5521 3322 5574 ό
3350 5518 3507 5589 λόγος
3537 5515 3772 5586 ὑπείλη-

583 5684 626 5718 ³⁴
649 5685 815 5744 Marc.
851 5707 927 5752 xl,
961 5690 1046 5746 25.
1122 5691 1144 5724 ⁸
1169 5690 1186 5744 l
1210 5690 1338 5747 Cor.
1375 5709 1428 5759 χ,
1459 5692 1515 5749 4.
1604 5694 1624 5726 ⁸
1650 5692 1840 5750 Matth.
1870 5711 1924 5766 v,
1961 5696 2044 5751 l5.
2122 5695 2330 5755 “Marc.
2363 5714 2438 5765 nt,
2469 5698 2556 5754 49.
2637 5699 2655 5729 "
2681 5696 2840 5755 Rom.
2876 5715 2996 5766 xm,
3038 5699 3128 5756 10.
