4064 6372
357 243 459 313 781

1138 243 1422 307 ORATIO
1452 243 1555 304 IX.
1580 268 1650 280 -
1681 242 2065 306 LAUDATIO
2094 242 2154 302 S.
2184 240 2507 304 JOANNIS
2554 241 2826 303 EVANG.

3509 240 3619 306 782
3652 240 3656 245 ’

355 377 460 430 φεν
491 372 507 388 ·
537 356 634 414 καὶ
668 357 738 412 τά
765 355 937 411 πλείω
959 357 1184 428 πάρεισι
1210 358 1324 420 τοῖς
1375 355 1566 421 εἰδόσι,
1601 355 1774 426 φειδοῖ
1835 355 1932 410 τοῦ

2065 365 2159 424 st;
2218 356 2483 426 pluraque
2548 355 2690 425 apud
2755 368 2959 426 gnaros
3009 352 3197 409 dicere
3270 354 3614 426 omittimus,

361 451 690 526 μακρηγορή
700 466 868 522 ματος
892 464 908 481 ο
935 449 1051 504 ἀλλ’
1083 449 1178 503 ἐπὶ
1213 449 1304 503 τὸν
1327 449 1617 520 κολοφῶνα
1645 449 1742 503 τοῦ
1772 449 1933 518 λόγου

361 546 525 601 ἰτέον.

412 645 485 708 η’.
503 637 612 692 Kal
625 635 928 704 ἐπέθηκεν
938 635 1143 703 αὐτοῖς
1159 635 1350 707 ὄνομα
1364 635 1754 707 Βοανέργες,ὄ
1770 635 1941 690 ἐστιν

360 729 482 786 υἱοὶ
513 728 784 798 ,ϐροντῆς
808 744 823 761 ·
853 727 954 796 τὴν
995 727 1224 800 βροντήν
1259 727 1393 796 φασί
1415 745 1561 792 τινες
1587 727 1832 798 γέννημα
1861 722 1941 780 εί-

363 837 454 875 ναι
490 819 773 892 ἀνεμιαίου
833 819 1166 890 πνεύματος,
1218 819 1247 873 ὃ
1307 819 1611 890 συλληφθὲν
1641 821 1701 873 ὲν
1751 818 1938 889 νέφεσι

365 913 460 966 καὶ
482 912 584 966 οὐκ
613 912 752 982 ἔχων
779 911 914 965 ὅπου
945 910 1138 982 ῥαγείη
1167 910 1422 978 διέξοδον,
1447 913 1514 982 τῇ
1537 911 1636 981 μὲν
1651 910 1828 981 θλίψει
1845 909 1944 982 τὴν

364 1004 674 1078 ἀστραπὴν,
693 1006 762 1075 τῇ
777 1004 834 1058 δὲ
847 1003 1000 1074 ῥήξει
1016 1003 1118 1076 τὴν
1137 1003 1364 1076 βροντὴν
1376 1003 1747 1075 ἀπεργάζεται
1764 1020 1778 1034 ·
1798 1005 1864 1058 ὲκ
1888 1004 1946 1058 δὲ

366 1094 595 1166 βροντῆς
619 1092 848 1164 βροντὴν
891 1093 1218 1147 κυΐσκεσθαι
1247 1093 1418 1148 εἰπών
1430 1111 1535 1162 τις,
1568 1095 1669 1149 οὐκ
1686 1095 1792 1161 ἔξω
1813 1095 1945 1166 βάλ-

363 1189 445 1242 λει
462 1188 552 1241 τὸν
573 1187 734 1255 λόγον
761 1185 856 1239 τοῦ
871 1186 1082 1250 δέοντος
1108 1203 1124 1218 ⁶
1154 1187 1313 1259 εἴπερ
1337 1183 1449 1241 οἷον
1472 1188 1534 1241 τὸ
1563 1187 1787 1257 γεννῶν,
1837 1204 1948 1242 τοι·-

372 1279 530 1334 οὖτον
557 1279 621 1346 δὴ
643 1279 739 1332 καὶ
767 1277 830 1331 τὸ
845 1277 1006 1350 γέννη
1016 1294 1113 1349 μα’
1131 1279 1184 1332 τί
1199 1274 1292 1332 οὖν
1313 1279 1562 1333 ἐντεῦθεν
1585 1281 1700 1347 ;ὅτι
1730 1279 1873 1334 κατὰ
1887 1279 1949 1334 τὸ

367 1371 684 1440 Πνεύματος
706 1371 864 1438 ἁγίου
882 1365 1021 1423 εἶναι
1041 1370 1226 1440 ἀπήχη
1235 1387 1332 1440 μα,
1354 1370 1468 1434 υἱὸς
1486 1369 1713 1442 βροντῆς
1728 1371 1950 1442 ὠνόμα-

367 1479 492 1516 σται
525 1463 554 1513 6
575 1460 915 1526 ’Λπόστολος,
947 1461 1274 1532 ἀστράπτων
1296 1461 1433 1532 ὁμοῦ
1456 1462 1550 1514 καὶ
1563 1461 1802 1533 βροντῶν
1817 1463 1950 1533 ἡμῖν

365 1553 435 1606 τὰ
456 1553 596 1618 θεῖα,
617 1552 691 1615 ὡς
711 1553 774 1605 ἐκ
793 1551 1034 1621 νεφελῶν
1053 1551 1216 1605 οἱονεὶ
1241 1551 1498 1621 ἐκραγεὶς
1515 1554 1615 1622 τῆς
1637 1551 1786 1617 θείας
1799 1554 1953 1625 χάριο

365 1660 484 1706 τος.
502 1643 746 1712 Είδωμεν
761 1642 838 1707 δὲ,
854 1642 1080 1706 είδοκεῖ,
1111 1644 1170 1696 ὲν
1186 1643 1467 1714 κεφαλαίῳ
1487 1637 1574 1697 οἶα
1595 1644 1774 1697 καὶτὰ
1795 1644 1951 1715 βρον-

366 1733 435 1801 τή
445 1748 609 1799 ματα,
625 1731 700 1794 ὡς
715 1731 780 1784 ἂν
802 1729 1000 1801 μᾶλλον
1022 1730 1401 1802 θαυμάσοιμεν
1415 1712 1509 1786 τοῦ
1530 1712 1952 1802 ὀνοματοθήέντος
1982 1712 2024 1766 Β

367 1821 468 1893 τὴν
477 1821 842 1892 δύναμιν.Ἐν
851 1820 1005 1892 ἀρχῆ
1017 1818 1096 1894 ἦν
1108 1825 1142 1876 ό
1153 1823 1342 1892 Λόγος
1353 1823 1450 1876 καὶ
1467 1819 1794 1895 όΛόγοςῆν
1804 1823 1954 1893 πρὸς

370 1916 480 1969 τὸν
494 1914 767 1979 Θεὸν,καὶ
785 1917 926 1980 Θεος
939 1911 1017 1985 ἦν
1033 1919 1065 1970 ό
1078 1916 1288 1986 Λόγος.
1299 1916 1364 1968 Ὦ
1382 1915 1484 1987 τῆς
1503 1916 1954 1988 μεγαλοφωνοτά-

369 2024 471 2077 της
496 2006 822 2078 θεηγορίαςί
854 2007 952 2077 οὐχ
977 2005 1118 2060 οὕτω
1143 2006 1372 2078 βροντῆς
1397 2008 1628 2079 πατάγῳ
1651 2007 1957 2080 τεθήπασιν

369 2099 674 2171 ἄνθρωποι,
707 2099 783 2162 ὡς
819 2097 918 2170 τὴν
953 2101 1201 2154 Ἰωάννου
1234 2099 1511 2170 θεολογίαν
1543 2102 1640 2156 σὺν
1663 2103 1780 2166 τοῖς
1831 2103 1954 2156 επι-

370 2193 545 2262 γείοις
579 2193 967 2263 ἐξεπλάγησαν
997 2193 1092 2247 καὶ
1115 2193 1185 2246 τὰ
1212 2193 1460 2266 οὐράνια,
1487 2193 1648 2266 εἰπερ
1685 2194 1956 2249 κάκείνων

370 2285 528 2356 παρὰ
542 2285 786 2339 Ἰωάννου
807 2288 840 2356 ἠ
869 2283 1302 2355 μαθητείαηἿνα
1318 2284 1446 2358 γὰρ,
1472 2286 1628 2356 φησὶ,
1652 2283 1956 2356 γνωρισθῇ

370 2378 492 2432 νῦν
521 2376 651 2444 ταῖς
670 2377 887 2448 ἀρχαῖς
911 2378 1011 2432 καὶ
1037 2377 1169 2444 ταῖς
1193 2377 1506 2454 ἐξουσίαις
1526 2377 1596 2432 ἐν
1623 2377 1750 2444 τοῖς
1775 2378 1956 2432 ἐπου-

366 2469 602 2538 ρανίοις
623 2469 720 2523 διὰ
737 2466 845 2538 τῆς
859 2468 1232 2536 Ἐκκλησίας
1258 2469 1296 2535 ἡ
1315 2469 1752 2536 πολυποίκιλος
1771 2468 1958 2538 σοφία

373 2561 672 2628 τοῦΘερῦ·
701 2559 777 2623 ὡς
801 2560 902 2632 μὲν
921 2560 1015 2615 οὖν
1036 2561 1105 2614 τὰ
1133 2562 1191 2615 ὲν
1214 2559 1463 2632 αἰσθήσει
1485 2561 1834 2632 συγγράφων,
1861 2561 1959 2632 ἀρ-

374 2655 479 2725 χὴν
512 2653 774 2708 ἁπάντων
811 2652 922 2706 τῶν
951 2653 1279 2723 ποιημάτων
1302 2653 1393 2706 τὸν
1434 2653 1666 2724 οὐρανὸν
1713 2652 1957 2726 προῦθη-

374 2766 473 2803 κεν
495 2746 686 2802 εἰπών·
705 2745 810 2800 Ἐν
829 2745 989 2816 ἀρχῇ
1011 2747 1352 2814 ἐποίησενηό
1383 2746 1529 2814 Θεὸς
1558 2745 1668 2800 τὸν
1698 2747 1960 2816 οὐρανὸν

375 2839 478 2894 καί
501 2845 620 2907 τὴν
647 2837 796 2909 γῆν·
827 2838 948 2892 οὐδὲ
995 2839 1104 2909 γάρ
1137 2832 1248 2892 οἷόν
1275 2855 1337 2892 τε
1381 2834 1451 2910 ἦν
1488 2837 1763 2910 ὀφθαλμὸν
1811 2839 1960 2911 πρῶ-

376 2948 472 2984 τον
501 2929 631 2984 δντα
670 2929 781 2983 τῶν
820 2931 878 2984 ὲν
907 2931 1037 3001 ἡμῖν
1067 2929 1399 3001 αἰσθήσεων,
1432 2930 1807 3002 ὑπερταθῆναί
1853 2947 1958 2984 που

379 3022 696 3092 περαιτέρω
709 3021 804 3074 τοῦ
826 3021 1076 3092 οὐρανίου
1101 3020 1267 3091 ὕψους
1291 3037 1306 3053 ⁸
1325 3021 1406 3076 διδ
1421 3022 1851 3094 καταλλήλωςτῇ
1872 3024 1960 3076 αί-
1988 3051 2032 3110 c

383 3113 575 3182 σθήσει
592 3113 686 3166 καὶ
703 3113 763 3166 τὸ
781 3112 993 3184 ποίημα
1013 3113 1399 3184 προτέτακται,
1420 3113 1526 3168 τῶν
1539 3113 1715 3170 ἄλλων
1731 3116 1850 3177 ταῖς
1869 3113 1961 3168 άλ-

380 3205 506 3270 λαις
535 3204 980 3277 δευτερευόντων·
999 3205 1027 3258 6
1051 3204 1106 3257 δὲ
1120 3204 1216 3260 ἅτε
1235 3204 1376 3278 ὑπὲρ
1391 3205 1644 3276 αἴσθησιν
1663 3206 1760 3277 τὴν
1772 3206 1964 3278 ἐξηγο-

385 3297 515 3368 ρίαν
543 3295 883 3367 ποιούμενος,
912 3295 1012 3349 οὐκ
1049 3293 1280 3367 οὐρανὸν
1305 3297 1400 3349 καὶ
1431 3296 1558 3367 γῆν,
1587 3295 1723 3349 ἀλλὰ
1759 3295 1852 3349 τοῦ
1881 3295 1967 3349 οὑ-

387 3385 557 3460 ρανοῦ
587 3388 682 3442 καὶ
739 3387 873 3457 ὁμοῦ
930 3387 1148 3441 πάντων
1206 3386 1314 3441 τῶν
1377 3387 1788 3458 ὑπερουρανίων
1831 3387 1968 3443 νοῶν

387 3480 642 3553 ποιητὴν,
681 3481 855 3552 ἀρχὴν
883 3481 1129 3553 εἴληφεν,
1188 3479 1379 3534 εἰπών’
1449 3480 1556 3535 Ἐν
1587 3480 1749 3552 ἀρχῇ
1802 3477 1882 3553 ἦν
1933 3485 1967 3536 ό

389 3573 608 3640 Λόγος,
640 3573 738 3626 καὶ
770 3575 804 3627 ό
829 3573 1022 3644 Λόγος
1040 3568 1117 3642 ἦν
1145 3573 1298 3642 πρὸς
1323 3571 1432 3626 τὸν
1479 3573 1648 3639 Θεὸν,
1691 3573 1793 3628 καὶ
1825 3573 1969 3641 Θεὸς

387 3658 474 3732 ἦν
501 3665 534 3717 ό
569 3664 780 3734 Λόγος.

2041 449 2281 505 vitandae
2337 465 2499 505 causa
2555 449 2913 519 prolixitatis.
2971 445 3174 503 Verum
3221 448 3301 512 ad_
3346 453 3621 508 sermonis

2042 541 2409 610 colophonem
2443 539 2772 594 veniendum
2803 547 2908 593 est.

2113 631 2170 686 8.
2209 629 2280 685 Et
2320 633 2572 701 imposuit
2616 631 2721 685 illis
2766 633 2979 686 nomina
3015 631 3333 703 Boancrges,
3374 633 3513 704 quod
3547 643 3621 689 est

2044 724 2147 795 ﬁlii
2185 723 2480 778 tonitrui’.
2519 721 2660 778 Sunt
2686 723 2780 794 qui
2822 722 3008 778 dicant
3052 722 3169 778 ﬁeri
3213 725 3516 780 tonitruum
3553 739 3620 780 ex

2044 832 2202 874 aereo
2252 816 2470 887 spiritu,
2517 816 2612 887 qui
2647 815 2908 870 nimirum
2957 815 3204 871 inclusus
3255 815 3310 870 in
3365 817 3622 884 nubibus,

2045 925 2148 966 nec
2179 910 2464 965 inveniens
2503 924 2612 980 qua
2643 917 2798 979 parte
2835 917 3015 974 exeat,
3059 908 3340 964 collisione
3379 909 3622 980 quidem,

2046 1001 2231 1074 fulgur
2259 1045 2274 1070 ,
2311 1002 2568 1072 ruptione
2619 1010 2825 1066 autem,
2867 1001 3162 1054 tonitruum
3210 1000 3424 1057 elﬁciat.
3468 1001 3623 1068 Quod

2047 1097 2094 1153 si
2132 1098 2255 1166 quis
2289 1096 2591 1152 tonitruum
2642 1095 2887 1150 tonitruo
2932 1093 3182 1165 progigni
3220 1094 3385 1159 dicat,
3425 1094 3562 1150 nihil
3595 1110 3625 1150 ι

2048 1186 2435 1258 probabilitate
2475 1185 2714 1240 alienum
2763 1185 2964 1241 dixerit
2995 1203 3007 1238 :
3039 1184 3308 1254 siquidem
3343 1186 3503 1256 quale
3545 1195 3631 1242 est

2049 1277 2299 1349 gignens,
2347 1277 2454 1332 tale
2503 1276 2735 1346 etquod
2784 1275 3044 1346 gignitur.
3099 1277 3240 1342 Quid
3291 1292 3422 1348 ergo
3461 1277 3628 1333 inde?

2051 1369 2364 1432 Nimirum,
2443 1379 2705 1440 tanquam
2788 1367 3027 1438 Spiritus
3085 1371 3260 1425 sancti
3317 1369 3626 1426 resonantia

2051 1462 2356 1532 appellatus
2383 1472 2468 1519 est
2499 1461 2780 1532 apostolus
2813 1461 3034 1516 tonitrui
3069 1461 3235 1539 ﬁlius,
3263 1455 3446 1517 divino
3469 1462 3629 1517 nobis

2053 1553 2344 1623 splendore
2383 1553 2438 1608 in
2474 1553 2696 1608 modum
2727 1551 2946 1624 fulgetri
2977 1553 3224 1616 elucens,
3257 1563 3422 1624 atque
3451 1553 3630 1610 instar

2052 1646 2282 1702 tonitrui
2331 1646 2606 1718 mugiens,
2651 1647 2910 1716 velutque
2957 1661 3022 1700 ex
3077 1646 3317 1702 nubibus
3363 1661 3394 1702 e
3440 1646 3627 1703 divina

2056 1737 2214 1808 quasi
2265 1737 2533 1792 cbaritate
2581 1751 2896 1806 erumpens.
2954 1735 3249 1791 Videamus
3306 1745 3528 1802 autem,
3583 1740 3630 1792 si

2056 1829 2207 1896 libet,
2265 1827 2421 1898 quasi
2470 1828 2786 1882 summatim
2840 1837 3057 1897 quantae
3110 1827 3192 1882 hac
3243 1827 3353 1882 sint
3403 1828 3629 1884 tonitrui

2055 1935 2240 1986 voces,
2272 1927 2340 1975 ut
2373 1934 2440 1974 eo
2492 1919 2688 1990 majori
2743 1919 3102 1974 admiratione
3153 1919 3301 1975 illius
3333 1921 3630 1989 potentiam

2056 2012 2414 2078 admiremur,
2464 2011 2555 2083 qui
2601 2011 2796 2066 indidit
2840 2027 3062 2066 nomen.
3109 2011 3178 2066 In
3219 2013 3478 2082 principio
3516 2025 3631 2068 erat

2065 2103 2314 2165 Verbum,
2361 2114 2413 2158 et
2448 2103 2671 2158 Verbum
2697 2113 2812 2157 erat
2855 2105 2996 2174 apud
3028 2103 3214 2167 Deum,
3257 2113 3306 2158 et
3339 2103 3480 2158 Deus
3519 2117 3632 2160 erat

2068 2195 2295 2251 Verbum
2311 2197 2354 2250 ’.
2385 2195 2429 2251 Ο
2455 2195 2653 2249 divina:
2684 2195 3092 2264 praedicationis
3125 2197 3494 2252 clarissimam
3537 2213 3636 2254 vo-

2058 2287 2212 2342 cem!
2258 2283 2380 2340 Non
2425 2285 2506 2341 sic
2540 2285 2791 2341 homines
2838 2286 3070 2341 tonitrui
3114 2285 3333 2358 fragore
3371 2289 3634 2359 obstupe-

2059 2386 2238 2445 scunt,
2279 2378 2359 2432 uti
2395 2375 2625 2433 Joannis
2659 2377 3018 2448 theologiam,
3066 2394 3191 2434 cum
3224 2391 3382 2436 terra:
3419 2381 3634 2436 colonis

2058 2471 2221 2523 etiam
2267 2469 2523 2524 caelestes
2573 2468 2806 2524 virtutes
2855 2468 3539 2542 obstupuerunttquando
3581 2482 3637 2528 et

2061 2560 2164 2614 illae
2186 2558 2414 2616 Joannis
2444 2560 2728 2630 discipula:
2752 2559 3158 2631 quodammodo
3191 2569 3338 2616 sunt.
3374 2560 3439 2616 Ut
3462 2563 3634 2628 enim,

2060 2650 2262 2721 inquit,
2302 2651 2598 2705 innotescat
2647 2650 3034 2721 principatibus
3083 2659 3132 2706 et
3183 2653 3528 2722 potestatibus
3580 2655 3637 2708 in

2061 2742 2357 2798 caelestibus
2379 2759 2471 2812 per
2488 2742 2766 2797 e'cclesiam
2789 2742 3138 2812 multiformis
3159 2744 3424 2813 sapientia
3456 2744 3554 2800 Dei
3569 2745 3636 2800 ¹⁰.

2062 2834 2130 2890 Ει
2159 2834 2375 2908 Moyses
2397 2835 2643 2907 quidem,
2671 2851 2798 2891 cum
2832 2851 3016 2892 rerum
3048 2836 3236 2892 sensui
3263 2836 3642 2906 subiectarum

2061 2929 2350 2984 historiam
2387 2929 2781 2995 conscriberet,
2811 2938 3188 2984 creaturarum
3218 2930 3465 2985 omnium
3489 2930 3643 3001 prin-

2065 3025 2292 3095 cipium,
2331 3024 2530 3081 caelum
2558 3026 2762 3095 posuit,
2794 3026 2982 3081 dicens
3012 3043 3025 3080 :
3055 3025 3124 3080 In
3152 3027 3413 3096 principio
3445 3029 3642 3082 creavit

2064 3117 2206 3172 Deus
2239 3117 2452 3181 emtum,
2486 3126 2537 3172 et
2563 3129 2758 3172 terram
2787 3117 2852 3173 “.
2883 3115 3002 3172 Non
3031 3117 3174 3172 enim
3203 3118 3318 3173 ﬁeri
3343 3126 3558 3193 poterat
3584 3129 3645 3174 ut

2066 3210 2286 3273 oculus,
2343 3213 2438 3280 qui
2496 3212 2640 3265 inter
2693 3225 2891 3266 sensus
2938 3209 3234 3280 primatum
3281 3218 3450 3278 tenet,
3515 3212 3644 3266 ειειί

2067 3301 2416 3356 altitudinem
2445 3311 2756 3372 superaret.
2787 3300 3060 3368 Quocirca
3091 3315 3189 3371 pro
3213 3315 3410 3357 sensus
3436 3302 3648 3358 ratione

2069 3395 2234 3448 etiam
2267 3401 2518 3448 creatura
2551 3393 2704 3462 prior
2732 3401 2836 3458 est,
2863 3407 2986 3447 cum
3013 3391 3136 3447 alia:
3163 3393 3286 3448 aliis
3309 3395 3648 3465 posteriores

2069 3487 2203 3542 sint.
2249 3485 2320 3540 At
2349 3483 2611 3548 Joannes,
2654 3495 2915 3553 tanquam
2959 3498 3022 3538 ea
3065 3497 3330 3540 enarrans
3358 3499 3479 3555 quae
3521 3497 3651 3539 sen-

2077 3593 2198 3633 sum
2237 3585 2538 3648 superant;
2569 3592 2676 3632 non
2717 3576 2916 3632 caelum
2959 3585 3012 3630 et
3039 3585 3268 3642 terram,
3305 3577 3398 3632 sed
3435 3577 3560 3632 coeli
3587 3591 3654 3632 ac

2082 3679 2239 3725 terrae
2277 3669 2635 3739 onmiumque
2666 3667 2970 3723 caelestium
3013 3667 3279 3722 mentium
3319 3676 3650 3732 creatorem,

389 3757 730 3829 principium
781 3759 1106 3830 assumpsit;
1157 3757 1350 3816 dicens
1384 3779 1397 3815 :
1431 3759 1497 3814 In
1541 3761 1806 3832 principio
1858 3773 1972 3818 erat
2021 3763 2271 3832 Verbum,
2308 3773 2359 3819 et
2396 3763 2620 3820 Verbum
2662 3771 2778 3818 erat
2841 3761 2984 3832 apud
3055 3759 3242 3830 Deum,
3267 3771 3316 3816 et
3357 3760 3500 3817 Deus
3537 3773 3654 3820 erat

402 3849 632 3915 Verbum
655 3852 718 3909 ¹².

467 3988 536 4042 θ’.
563 3983 718 4050 Εἶδες
739 3989 820 4052 είς
847 3991 999 4040 ποῖον
1032 3988 1162 4059 ὕψος
1195 3990 1424 4062 ἄπειρον
1454 3985 1557 4065 ἦρε
1589 3991 1649 4045 τὸ
1675 3992 1833 4063 ὄμμα
1879 3992 1972 4046 τοῦ

392 4080 528 4148 νοῦ;
606 4079 796 4152 ὥσπερ
833 4096 886 4132 τι
938 4080 1128 4151 νοητὸν
1179 4084 1466 4152 στερέωμα
1518 4085 1976 4156 καταπηξάμενος

399 4169 561 4240 ἡμῶν
607 4170 668 4222 ὲν
697 4169 906 4242 διανοίᾳ
932 4171 994 4224 τὸ
1023 4173 1266 4242 τριταῖον
1298 4171 1412 4226 Ἦν
1434 4189 1447 4202 °
1499 4173 1586 4227 ἵνα
1615 4175 1778 4244 μέχρι
1822 4175 1977 4228 τοῦδε

394 4260 590 4331 ὥσπερ
631 4278 683 4314 τι
709 4260 916 4332 ἕξαλμα
947 4262 1121 4331 φωτὸς
1153 4261 1358 4334 προῖὼν
1395 4264 1422 4315 6
1460 4264 1606 4331 νοῦς,
1636 4265 1854 4336 πρῶτος
1902 4264 1978 4320 ὢν

395 4352 496 4405 καὶ
527 4345 680 4415 οὗτος
702 4350 810 4405 τῶν
841 4350 941 4421 τῆς
982 4350 1163 4422 ψυχῆς
1203 4351 1505 4422 δυνάμεων,
1541 4351 1618 4424 μὴ
1667 4351 1780 4422 ἔχοι
1819 4351 1979 4422 φύσιν

399 4443 634 4516 άρθῆναί
657 4461 758 4498 που
798 4445 1078 4512 ἐπέκεινα,
1104 4445 1212 4498 κᾶν
1245 4445 1607 4516 κενεμϐατείν
1661 4445 1864 4512 δόξοιεν
1913 4447 1976 4499 ὲκ
2009 4426 2051 4480 D

398 4534 939 4607 πολυπραγμοσύνης
987 4536 1304 4591 ἀνενδέκτου
1329 4553 1344 4568 ·
1366 4537 1482 4591 ἀλλ’
1517 4532 1630 4592 οἷον
1657 4539 1975 4591 ἐπαναπαυ-

401 4629 637 4699 σάμενος
660 4627 762 4699 τῆς
794 4627 1034 4698 ἐφέσεως
1069 4627 1404 4700 παλινδρομῇ
1435 4629 1572 4700 πρὸς
1614 4632 1682 4683 τά
1744 4629 1976 4683 κατόπιν

397 4719 500 4774 καὶ
527 4718 633 4772 ὑπὸ
669 4719 865 4784 κτίσιν,
898 4713 980 4782 οἷς
1016 4719 1110 4771 καὶ
1145 4719 1423 4789 συγγενῶς
1459 4719 1594 4792 ἔχοι,
1624 4719 1768 4792 ὁρῶν
1804 4719 1874 4774 τὰ
1892 4720 1980 4791 δή·

404 4812 796 4884 μιουργήματα
823 4811 918 4865 καὶ
943 4811 1184 4876 δοξάζων
1230 4815 1322 4866 τδν
1349 4812 1757 4884 άριστοτέχνην,
1795 4813 1888 4867 ἕνα
1919 4831 1978 4868 τε

400 4904 534 4958 ὄντα
571 4904 806 4976 ἄναρχον
834 4904 966 4959 Θεὸν
1009 4905 1068 4960 ἐν
1094 4904 1274 4976 τρισὶν
1303 4905 1682 4970 ὑποστάσεσιν,
1722 4905 1812 4959 τὸν
1842 4907 1978 4960 πᾶσι

399 4998 517 5058 τοῖς
561 4991 713 5050 οὖσιν
768 4995 1194 5051 ὲπιστατοῦνταο
1247 4996 1367 5052 τίνα
1430 4997 1638 5064 ταῦτας
1697 4997 1974 5068 Σεφαφὶμ,

401 5085 708 5156 Χερουϐὶμ,
747 5085 1000 5158 Θρόνους,
1035 5087 1325 5157 Δυνάμεις,
1371 5087 1669 5154 Ἐξουσίας,
1699 5089 1975 5160 κυριότη-

399 5191 527 5242 τας,
568 5175 788 5247 Ἀρχὰς,
855 5175 1276 5250 ’Δρχαγγέλους,
1337 5177 1634 5247 Ἀγγέλους
1663 5194 1678 5208 ο
1737 5175 1858 5233 εἶτα
1905 5178 1976 5232 τὰ

403 5266 530 5320 κατ’
558 5267 834 5338 αἴσθησιν,
873 5268 1123 5340 οὐρανὸν,
1186 5269 1358 5340 ἥλιον,
1409 5269 1660 5341 σελήνην,
1713 5270 1976 5342 ἀστέρας,

403 5357 568 5428 ἀέρα,
597 5359 724 5430 γῆν,
756 5357 1056 5426 θάλασσαν,
1072 5359 1186 5424 ζῶα
1216 5362 1465 5431 χερσαῖα,
1495 5361 1702 5428 ἐνάλια,
1733 5361 1979 5434 ὲναέρια,

402 5450 574 5522 φυτά,
624 5450 776 5521 βοτὰ,
824 5452 1006 5506 πᾶσαν
1061 5451 1364 5525 συλλήϐδην
1407 5453 1570 5524 φύσιν
1631 5451 1876 5526 ἔμψυχόν
1922 5471 1982 5507 τε

514 5691 703 5750 ’Μεινί-
754 5710 835 5763 ιιι,
870 5695 954 5750 17.
1063 5698 1084 5729 ⁸
1108 5695 1266 5756 Joan.
1301 5716 1338 5769 ι,
1368 5699 1419 5766 1,
1449 5699 1504 5754 2.

1636 5702 1679 5733 ὀ
1701 5700 1901 5772 Ephcs.
1958 5715 2042 5767 ιιι,
2076 5699 2162 5758 10.

2148 3994 2202 4049 9.
2244 3990 2438 4047 Vidisti
2470 3989 2523 4043 in
2557 3994 2818 4058 quantam
2843 3985 3189 4040 altitudinem
3229 3983 3427 4041 extulit
3450 3984 3656 4040 mentis

2078 4081 2338 4141 oculum?
2395 4075 2764 4134 intellectuale
2807 4077 2973 4132 veluti
3027 4078 3436 4132 ﬁrmamentum
3485 4079 3656 4135 menti

2078 4186 2282 4233 nostrai
2314 4173 2547 4243 inﬁgens
2579 4171 2798 4242 {trinum
2834 4171 2969 4226 illud
3023 4168 3196 4235 Erat;
3249 4179 3309 4224 ut
3345 4185 3411 4225 eo
3457 4186 3654 4242 usque,

2020 4336 2022 4338 ν
2083 4269 2333 4326 salientis
2365 4265 2540 4320 instar
2559 4263 2720 4328 lucis,
2751 4277 2907 4318 mens
2938 4276 3228 4333 progressa
3253 4263 3512 4332 (namque
3541 4261 3659 4319 haec

2084 4367 2168 4414 est
2198 4356 2524 4412 facultatum
2574 4354 2774 4408 animae
2813 4351 3012 4424 prima)
3053 4351 3193 4406 nolit
3228 4351 3486 4422 deinceps
3526 4353 3661 4410 ulte—

2079 4451 2196 4505 rius
2239 4447 2495 4513 subvehi,
2548 4461 2618 4500 ne
2649 4460 2745 4516 per
2777 4459 2962 4499 aerem
2993 4443 3317 4500 curiositate
3359 4443 3540 4500 inutili
3575 4446 3660 4500 vi-

2079 4544 2270 4596 deatur
2325 4538 2637 4593 discurrere
2690 4554 2704 4590 :
2754 4536 2848 4591 sed
2899 4536 3058 4606 quasi
3116 4549 3340 4590 cursum
3405 4535 3660 4591 inhibens

2079 4632 2389 4688 retrocedat
2445 4630 2512 4686 ad
2562 4645 2652 4685 res
2701 4639 2950 4695 creatas,
2999 4629 3200 4698 quibus
3257 4627 3662 4684 necessitudine

2083 4724 2249 4778 homo
2293 4722 2578 4778 devinctus
2619 4730 2724 4787 est,
2768 4720 2988 4776 intuens
3031 4719 3085 4773 in
3117 4734 3231 4782 eas,
3283 4719 3663 4789 optimumque

2084 4814 2348 4870 artiﬁcem
2379 4812 2636 4868 laudibus
2659 4811 2963 4878 celebrans,
2995 4825 3166 4864 unum
3197 4809 3367 4863 Deum
3394 4817 3661 4864 aeternum

2088 4901 2144 4957 in
2175 4901 2350 4956 tribus
2395 4900 2788 4956 subsistentem
2821 4898 3091 4968 personis,
3125 4897 3398 4968 rebusque
3441 4897 3663 4954 univer-

2087 4993 2168 5049 sis
2209 4991 2616 5063 praesidentem.
2665 4987 2927 5058 Quaenam
2975 5005 3106 5045 vero
3148 4989 3302 5045 hac?
3350 4987 3660 5061 Seraphim,

2087 5082 2413 5147 Cheruhim,
2447 5081 2675 5150 Throni,
2719 5080 2982 5147 Virtutes,
3028 5083 3358 5148 Potestates,
3405 5081 3666 5139 Domina-

2090 5175 2288 5242 tiones,
2335 5174 2703 5245 Principatus,
2738 5173 3087 5244 Archangeli,
3135 5173 3327 5244 Angeli
3359 5191 3373 5228 :
3407 5183 3522 5229 tum
3573 5189 3665 5229 res

2089 5270 2278 5323 sensui
2328 5267 2608 5338 subjectae,
2639 5266 2860 5333 caelum,
2918 5266 3022 5332 sol,
3071 5267 3222 5330 luna,
3269 5267 3461 5333 stellae,
3523 5281 3663 5334 aer;

2091 5371 2259 5428 terra,
2299 5377 2472 5426 mare,
2531 5360 2793 5416 animalia
2848 5359 3152 5426 terrestria,
3204 5360 3438 5425 marina,
3480 5373 3662 5424 aerea,

2091 5455 2308 5525 plantae,
2359 5454 2563 5522 herbae,
2621 5455 2878 5509 universa
2926 5451 3183 5523 denique,
3240 5462 3300 5508 ut
3346 5451 3664 5508 summatim

2289 5702 2328 5733 “
2393 5701 2528 5758 Gen.
2595 5719 2632 5766 ι,
2699 5703 2751 5757 1.
2861 5705 2903 5735 ¹²
2956 5702 3112 5759 Joan.
3152 5719 3189 5770 ι,
3229 5703 3277 5758 1.
