4064 6372
501 283 604 345 783

1689 282 1750 342 S.
1789 279 2180 341 THEODORI
2221 278 2566 340 ΞΤΗΒΙΤίΕ

3648 275 3753 338 784

499 398 708 459 dicam,
748 405 965 462 natura,
1015 403 1130 449 tum
1178 395 1362 449 anima
1407 393 1655 466 praedita,
1710 403 1828 448 tum
1880 407 2075 462 expers

2180 395 2272 448 καὶ
2302 394 2508 465 ἄψυχον
2532 410 2544 424 ⁸
2576 395 2795 449 ἅπαντα
2819 393 2929 465 γάρ
2951 391 3146 458 ταῦτα,
3197 391 3288 445 καὶ
3319 392 3371 444 εἰ
3391 409 3445 444 τι
3477 391 3666 460 ἕτερον
3693 392 3754 443 ἐν

499 492 714 547 animas.
746 490 940 545 Omnia
967 490 1112 543 enim
1159 487 1292 554 hate,
1324 501 1389 542 ac
1429 486 1476 541 si
1503 487 1630 556 quid
1661 485 1808 540 aliud
1842 494 2071 554 uterque

501 583 743 638 mundus
789 579 1185 636 innominabilc
1219 580 1439 643 habent,
1479 580 1586 633 illis
1626 579 1806 633 verbis
1838 596 1852 632 :
1879 578 2070 633 Omnia

499 693 591 747 per
638 675 810 744 ipsum
840 673 985 744 facta
1028 682 1173 736 sunt,
1206 681 1254 725 et
1295 672 1408 725 sine
1451 671 1561 740 ipso
1587 670 1786 739 factum
1836 685 1915 723 est
1942 669 2072 722 nihil

501 767 640 839 quod
683 766 887 836 factum
940 775 1014 818 est
1042 765 1111 824 ¹¹,
1163 762 1550 832 comprehendi
1582 762 1896 818 declaravit.
1930 763 2072 828 Quid

500 859 647 914 enim
673 857 924 928 pluribus
951 853 1286 924 superﬂuum
1315 869 1438 908 esse
1466 860 1703 922 oportet,
1735 870 1858 909 cum
1887 855 2073 910 divino

502 950 708 1022 Spiritu
743 947 908 1003 alllati
940 946 1040 1000 viri
1089 945 1417 1015 theologiam
1465 959 1684 1000 omnem
1724 947 1791 1000 ad
1842 948 2071 1002 verbum

501 1043 765 1098 divinitus
814 1040 924 1095 sint
969 1035 1328 1106 interpretati,
1384 1051 1414 1090 a
1462 1036 1662 1107 quibus
1706 1051 1807 1093 nos
1856 1053 2074 1108 quoque

497 1135 818 1192 catellorum
863 1131 1036 1185 instar
1084 1127 1396 1193 habuimus,
1433 1144 1571 1198 quas
1605 1129 1752 1184 velut
1801 1131 2074 1185 sermonis

498 1228 671 1282 micas
702 1222 1052 1278 inferremus.
1092 1217 1136 1274 Ο
1169 1219 1441 1290 theologia
1479 1235 1600 1290 qua:
1627 1221 1872 1274 tonitruo
1901 1235 2072 1275 exau-

497 1316 722 1371 dibilior
763 1313 975 1369 caelesti
1007 1311 1259 1367 doctrina
1301 1310 1571 1366 insonuit!
1613 1310 1658 1365 Ο
1685 1312 1910 1376 locutio,
1953 1329 2075 1382 qua:

499 1411 742 1466 velovius
791 1408 1024 1478 fulgetro
1075 1405 1330 1460 universa
1378 1405 1650 1475 pervasit!
1691 1404 1957 1459 Mirabilis
1995 1406 2076 1474 [ας

499 1513 585 1556 cta
625 1510 703 1556 est
756 1501 978 1554 scientia
1038 1507 1129 1552 tua
1185 1513 1249 1551 ea:
1302 1514 1386 1550 me
1413 1497 1492 1562 ¹³;
1543 1497 1691 1552 dicat
1750 1497 1949 1568 aliquis
2006 1498 2073 1552 ad

497 1595 763 1650 Joannem
795 1591 956 1663 quasi
983 1589 1094 1645 Deo
1124 1589 1382 1654 similem,
1413 1589 1508 1659 qui
1547 1598 1703 1645 terra:
1734 1588 2071 1644 latitudinem

497 1687 814 1758 complexus
859 1696 942 1739 est
984 1681 1408 1754 praedicatione;
1453 1681 1546 1751 qui
1589 1681 1756 1736 animi
1795 1680 2074 1751 cogitatio-

497 1780 664 1834 nibus
704 1777 758 1832 in
802 1773 984 1845 abyssi
1025 1769 1305 1841 sapientiae
1331 1769 1580 1838 vestigiis
1613 1767 1948 1832 ambulavit;
1979 1782 2073 1838 per

497 1885 659 1941 quem
707 1876 878 1938 portae
927 1862 1231 1918 inferorum
1295 1861 1492 1916 divinae
1535 1860 1688 1916 vocis
1734 1859 2075 1930 plenitudine

499 1963 792 2015 destructa:
844 1963 994 2017 sunt,
1040 1963 1382 2022 exortusque
1427 1960 1510 2006 est
1558 1950 1898 2006 orthodoxize
1946 1950 2070 2006 sol:

499 2067 596 2121 per
633 2065 794 2120 quem
826 2045 1014 2101 mundi
1062 2043 1330 2114 sapientia
1374 2042 1637 2097 infatuata
1673 2053 1779 2108 est,
1815 2043 2074 2113 orbisque

500 2144 637 2197 fines
672 2137 877 2209 impleti
914 2144 1042 2192 sunt
1089 2134 1357 2205 sapientia
1390 2151 1404 2187 :
1435 2133 1753 2189 oratoribus
1793 2150 1856 2188 ac
1895 2135 2073 2206 sophi-

499 2235 600 2289 stis
629 2229 983 2303 proculcatis,
1011 2225 1240 2282 Joannis
1281 2235 1464 2281 autem
1511 2226 1829 2282 dominante
1861 2227 2074 2282 theolo-

500 2325 609 2394 gia.
651 2322 1039 2378 Verumtamen
1087 2317 1278 2374 nescio
1329 2317 1460 2388 quid
1512 2333 1612 2388 ego
1654 2319 1879 2390 dignum
1927 2319 2071 2376 celsa

499 2417 638 2470 adeo
681 2411 924 2482 Apostoli
963 2409 1339 2482 magnitudine
1377 2411 1577 2475 dicam,
1630 2411 1734 2465 nisi
1779 2411 1960 2481 potius
2008 2412 2074 2467 iis

500 2505 689 2560 cedam
721 2504 814 2575 qui
847 2518 1038 2559 sacras
1067 2501 1189 2574 ejus
1231 2501 1424 2558 laudes
1458 2501 1644 2558 divino
1679 2513 1806 2557 ante
1852 2518 1940 2558 me
1979 2518 2075 2559 ore

499 2598 866 2654 celebrarunt.

570 2689 658 2744 10.
701 2691 771 2742 At
804 2702 934 2742 vero
965 2687 1093 2758 quid
1119 2685 1251 2740 illud
1286 2685 1592 2755 signiﬁcat?
1618 2684 1774 2740 Iesus
1803 2703 1925 2756 ergo
1955 2703 2074 2740 cum

499 2781 714 2836 vidisset
749 2792 974 2832 matrem
1030 2787 1077 2832 et
1099 2777 1416 2845 discipulum
1463 2786 1716 2844 stantem,
1745 2791 1898 2848 quem
1943 2778 2074 2832 dili-

500 2872 674 2944 gebat,
723 2871 852 2924 dicit
907 2869 1069 2922 matri
1113 2868 1512 2934 suw:Mulier,
1567 2885 1682 2923 ecce
1733 2869 1879 2937 ﬁlius
1928 2879 2073 2925 tuus.

501 2961 702 3016 Deinde
743 2959 872 3013 dicit
892 2958 1150 3027 discipulo
1179 2975 1192 3012 :
1223 2957 1356 3011 Ecce
1379 2967 1546 3012 mater
1591 2967 1704 3013 tua.
1753 2957 1822 3012 Et
1862 2975 1926 3014 ex
1979 2959 2076 3014 illa

2172 489 2285 551 τοῖς
2329 487 2496 558 ἀμφω
2525 489 2750 559 κόσμοις
2771 486 3238 555 ἀκατονόμαστον,
3269 482 3361 536 διά
3408 482 3502 536 τοῦ
3549 485 3750 548 εἰπεῖν,

2173 581 2377 636 Πάντα
2405 582 2480 636 δι’
2509 581 2698 637 αὑτοῦ
2737 581 2997 652 ἐγένετο,
3033 580 3135 634 καί
3177 580 3358 649 χωρὶς
3384 578 3576 634 αὐτοῦ
3622 579 3753 648 ἐγέ-

2174 691 2310 730 νετο
2337 675 2519 730 οὐδὲν
2550 675 2582 729 ὃ
2606 674 2877 746 γέγονεν,
2905 673 3305 743 συνεκδοχικῶς
3329 671 3718 744 παρεδήλωσεν
3739 687 3754 701 ·

2173 767 2226 820 τί
2256 767 2365 838 γὰρ
2386 767 2467 821 δεῖ
2508 767 2667 822 πλέον
2695 768 3073 838 περιττοεπεϊν
3101 768 3216 828 τοῖς
3265 765 3550 835 θεοφόροις
3605 766 3751 819 κατά

2174 860 2318 926 λέξιν
2365 863 2546 931 πάσης
2589 861 2688 929 τῆς
2718 861 2997 929 θεολογίας
3038 859 3509 914 ἐνθεαστικιῖπατα
3559 858 3755 926 ἐξηταο

2175 955 2418 1025 σμένοις,
2467 955 2598 1025 παρ’
2631 949 2706 1009 ὧν
2767 955 2865 1008 καὶ
2923 956 3058 1025 ἡμῖν
3092 956 3206 1017 τοῖς
3267 953 3532 1017 κυνιδίοις
3586 953 3752 1007 οίονεὶ

2173 1045 2439 1119 ψιχιὼδης
2466 1045 2796 1118 συνεισφορά
2838 1045 2934 1099 τοῦ
2961 1045 3119 1114 λόγου
3147 1063 3160 1106 ;
3190 1046 3254 1098 Ὢ
3281 1044 3561 1114 θεολογίας
3581 1061 3753 1114 γεγω-

2174 1139 2392 1208 νότερον
2419 1137 2650 1208 βροντῆς
2677 1137 2962 1209 ὴχησάσης
3010 1137 3079 1190 τά
3120 1137 3351 1208 οὐράνια
3401 1137 3647 1207 δόγματα
3672 1140 3686 1192 l
3711 1138 3758 1192 ῶ

2175 1230 2564 1302 περιφράσεως
2601 1231 2930 1300 γοργότερον
2954 1230 3242 1300 ἀστραπῆς
3270 1230 3613 1300 ἐπελθούσης
3637 1234 3754 1294 τοῖς

2177 1319 2460 1391 σύμπασιν
2484 1360 2497 1374 .
2541 1319 3002 1389 Ἐθιιυμαστώθη
3019 1320 3057 1386 ἠ
3081 1317 3306 1388 γνῶσίς
3333 1334 3451 1374 σου
3469 1320 3539 1384 ἐξ
3558 1320 3705 1389 ἐμοῦ
3736 1320 3758 1373 !

2174 1414 2271 1466 καὶ
2304 1412 2442 1483 πρὸς
2504 1410 2750 1480 Ἰωάννην
2785 1412 2863 1475 ὡς
2911 1411 3208 1466 θεοείκελον
3257 1411 3464 1480 λεγέτω
3494 1413 3606 1476 πᾶς
3644 1429 3754 1476 τις,

2171 1503 2266 1558 τὸν
2329 1503 2693 1576 περιλαϐόντα
2748 1503 2808 1557 τὸ
2877 1499 3038 1575 εὖρος
3083 1504 3183 1573 τῆς
3217 1504 3308 1557 ὑπ’
3368 1504 3597 1575 ούρανδν
3642 1508 3756 1569 τοῖς

2175 1595 2516 1666 κηρύγμασι,
2561 1595 2653 1649 τὸν
2681 1597 2738 1648 ἐν
2769 1595 2973 1665 ἴχνεσιν
3003 1594 3248 1650 ἀϐύσσου
3288 1597 3482 1665 σοφίας
3513 1613 3757 1667 περιπα-

2175 1687 2416 1756 τήσαντα
2459 1689 2572 1748 τοῖς
2619 1685 3000 1756 ἐνθυμήμασιν
3033 1703 3046 1719 ·
3113 1688 3178 1739 δι’
3208 1680 3270 1740 οὗ
3299 1687 3467 1740 πύλαι
3502 1687 3632 1759 ᾅδου
3657 1704 3757 1741 κα-

2174 1782 2477 1850 τήργηνται
2523 1777 2658 1831 Θεοῦ
2688 1779 2872 1848 φωνῆς
2895 1778 3246 1850 πληρώματι,
3288 1779 3387 1834 καὶ
3437 1780 3756 1852 ὀρθοδοξξας

2174 1869 2448 1924 ἀνέτειλεν
2477 1868 2627 1940 ἥλιος
2649 1885 2664 1900 ο
2702 1869 2770 1922 δι’
2791 1864 2852 1924 οὗ
2882 1871 2916 1938 ἡ
2953 1867 3047 1923 τοῦ
3075 1870 3280 1939 κόσμου
3307 1871 3470 1939 σοφία
3501 1870 3755 1941 μεμώραο

2171 1977 2285 2024 ται,
2311 1959 2407 2014 καὶ
2447 1958 2736 2028 θεοσοφίας
2763 1959 3157 2030 ἐμπέπλησται
3185 1961 3253 2013 τά
3277 1960 3492 2032 πέρατα
3528 1978 3541 1991 ο
3589 1962 3754 2032 ῥητόο

2178 2071 2286 2125 ρων
2311 2054 2406 2105 καὶ
2441 2050 2712 2120 σοφιστῶν
2743 2052 3187 2118 καταποθέντων,
3259 2053 3512 2106 Ἰωάννου
3547 2052 3606 2106 δέ
3654 2052 3756 2122 τῆς

2175 2144 2457 2212 θεολογίας
2485 2143 2923 2216 βασιλευσάσηςο
2972 2146 3068 2199 καὶ
3112 2145 3214 2199 ούκ
3260 2141 3408 2199 οἷδ’ὃ
3454 2163 3506 2198 τι
3553 2145 3756 2210 λέξεων

2174 2236 2384 2306 εἴποιμι
2419 2235 2641 2302 ἐπάξιον
2679 2238 2780 2305 τῆς
2809 2236 3206 2306 ύπερηρμένης
3236 2235 3608 2307 ἀποστολικῆς
3656 2253 3755 2305 με·

2174 2327 2553 2398 γαλειότητος,
2586 2327 2620 2398 ἦ
2652 2327 2713 2380 τὸ
2739 2327 3143 2398 παραχωρῆσαι
3163 2329 3280 2391 τοῖς
3324 2329 3760 2398 προευφημήσα-

2177 2436 2262 2473 σιν
2321 2418 2482 2473 αὑτὸν
2511 2417 2678 2482 θείοις
2715 2418 2981 2487 στόμασιν
3005 2418 3097 2472 τὸν
3129 2418 3276 2489 ἱερὸν
3301 2418 3546 2474 ἔπαινον.

2251 2691 2302 2738 ι’.
2340 2683 2500 2738 ’Δλλά
2531 2685 2584 2737 τί
2611 2682 2723 2746 ἐτις
2766 2681 2997 2750 Ἰησοῦς
3024 2677 3141 2737 οὖν
3185 2683 3328 2736 ἰδὼν
3377 2683 3494 2752 τὴν
3525 2685 3762 2753 μητέρα

2175 2779 2276 2833 καὶ
2307 2778 2414 2830 τὸν
2447 2775 2728 2845 μαθητὴν
2772 2775 3123 2843 παρεστῶτα
3158 2774 3230 2828 ὃν
3249 2773 3475 2843 ἠγάπα,
3497 2774 3660 2846 λέγει
3685 2775 3761 2844 τῇ

2173 2869 2351 2941 μητρὶ
2378 2867 2566 2922 αὐτοῦ
2591 2883 2604 2898 ’
2632 2867 2846 2931 Γύναι,
2877 2864 3009 2920 ἰδοὺ
3051 2869 3084 2919 ὸ
3105 2867 3238 2932 υιός
3272 2883 3388 2920 σου
3409 2883 3423 2896 ο
3449 2863 3576 2920 εἶτα
3593 2870 3762 2935 λέγει

2175 2964 2256 3030 τῷ
2277 2959 2514 3032 μαθητῇ
2541 2976 2553 2990 ·
2597 2958 2752 3014 Ἰδοὺ
2789 2961 2828 3026 ἠ
2854 2959 3050 3028 μήτηρ
3090 2975 3208 3014 σου
3230 2975 3245 2990 °
3273 2960 3370 3013 καί
3403 2961 3762 3028 ἀπ”ὲκείνης

501 3055 633 3108 hora
693 3053 891 3123 accepit
925 3067 1044 3106 eam
1082 3051 1369 3118 discipulus
1414 3049 1504 3104 ille
1534 3050 1587 3102 in
1621 3066 1718 3104 sua
1742 3049 1808 3102 “.
1847 3049 2075 3121 Alioquc

2179 3055 2290 3124 τῆς
2333 3053 2489 3124 ὥρας
2541 3053 2880 3122 παρέλαϐεν
2926 3052 3123 3118 αὐτὴν
3161 3054 3196 3106 ό
3225 3052 3498 3122 μαθητὴς
3525 3053 3766 3116 ἐκεῖνος

503 3160 696 3202 rursus
733 3147 909 3215 capite
944 3143 1087 3208 :Qui
1141 3152 1189 3197 et
1239 3141 1474 3196 recubuit
1519 3143 1575 3195 in
1611 3157 1757 3196 caena
1795 3158 1952 3211 super
1993 3159 2083 3210 pe-

501 3248 618 3294 ctus
664 3237 802 3308 ejus,
859 3247 908 3291 et
954 3236 1091 3290 dixit
1131 3235 1424 3300 :Domiue,
1473 3236 1590 3304 quis
1650 3244 1726 3290 est
1775 3237 1866 3306 qui
1917 3236 2082 3290 tradit

504 3344 554 3388 te
577 3332 656 3386 "?
714 3331 856 3387 Sunt
924 3333 1040 3386 haec
1095 3330 1422 3401 peculiarius
1479 3331 1744 3387 attributa
1806 3331 2083 3402 Theologo

505 3425 655 3480 velut
698 3424 904 3480 dotalia
945 3424 1193 3493 quaedam
1238 3424 1386 3495 regia
1426 3439 1690 3492 munera;
1732 3432 1794 3480 ut
1833 3425 2079 3496 inquam,

502 3531 616 3588 pra:
644 3515 928 3587 discipulis
953 3514 1202 3585 reliquis,
1233 3529 1298 3569 ac
1324 3515 1608 3588 privilegio
1635 3531 1668 3571 a
1698 3515 1827 3573 Jesu
1851 3517 2082 3572 dilectus

505 3609 706 3676 fuerit;
733 3617 903 3678 utque
935 3623 1098 3678 super
1125 3607 1481 3678 purissimum
1524 3611 1838 3666 recubuerit
1858 3621 2076 3682 pectus;

503 3717 568 3758 ac
608 3701 830 3757 demum
876 3711 935 3756 ut
965 3700 1059 3756 Dei
1095 3699 1394 3757 Genitricis
1445 3701 1591 3757 ﬁlius
1636 3703 1709 3759 sit
1750 3705 2078 3774 appellatus.

503 3794 680 3860 Quam
718 3791 824 3847 tria
861 3793 974 3847 hac
1015 3792 1324 3846 tremenda!
1367 3801 1426 3847 ut
1467 3793 1698 3848 alterum
1739 3795 1898 3850 alteri
1943 3811 2081 3865 pra:-

500 3885 683 3950 ccllat,
733 3899 797 3938 ac
844 3883 1096 3954 quodque
1139 3899 1327 3939 eorum
1380 3885 1524 3939 velut
1563 3885 1918 3955 singulariter
1963 3888 2079 3942 exi-

501 3976 697 4042 mium,
728 3976 836 4030 mei
884 3975 1053 4031 animi
1106 3992 1328 4034 sensum
1369 3978 1420 4032 in
1454 3987 1733 4049 stuporem
1776 3989 1919 4051 agat.
1963 3980 2080 4036 An-

499 4069 660 4122 dreas
699 4068 910 4136 primus
951 4067 1092 4121 inter
1133 4067 1434 4138 discipulos
1481 4081 1738 4135 vocatus;
1793 4085 1895 4124 nec
1947 4069 2077 4124 dum

501 4171 685 4215 tamen
715 4173 773 4215 se
795 4157 923 4215 Jesu
953 4160 1208 4216 dilectum
1234 4162 1525 4231 appellavit
1557 4162 1698 4217 sicut
1728 4162 1852 4218 iste.
1885 4160 2080 4218 Petrus

497 4250 871 4315 apostolorum
909 4251 1199 4322 princeps;
1249 4254 1402 4324 atqui
1451 4269 1555 4309 nec
1598 4255 1715 4324 ipse
1753 4254 2078 4325 appellatio-
2108 4289 2120 4296 -

502 4359 626 4398 nem
667 4343 936 4413 ejusmodi
965 4356 1297 4400 consecutus
1327 4355 1426 4401 est.
1463 4346 1646 4402 Deitas
1684 4346 1753 4401 ab
1779 4347 2080 4403 affectioni-

2181 3149 2270 3213 εἰς
2295 3146 2367 3200 τὰ
2395 3144 2542 3199 ἴδια·
2575 3143 2667 3198 καὶ
2707 3145 2765 3197 ἐν
2803 3144 2976 3216 ἐτέρῳ
3026 3143 3190 3198 πάλιν
3213 3160 3226 3174 ·
3263 3147 3369 3210 Ὃς
3415 3145 3510 3198 καὶ
3546 3145 3762 3200 ἀνέπε-

2181 3256 2295 3295 σεν
2325 3241 2396 3293 ἐν
2422 3238 2502 3305 τῷ
2529 3237 2757 3302 δείπνῳ
2801 3237 2902 3292 ἐπὶ
2927 3238 2992 3292 τὸ
3032 3235 3259 3305 στῆθος
3288 3237 3500 3302 αὐτοῦ,
3543 3237 3646 3291 καὶ
3683 3234 3766 3292 εἶ-

2181 3349 2296 3388 πεν
2319 3350 2332 3364 ⁸
2359 3334 2556 3403 Κύριε,
2587 3333 2678 3400 τίς
2723 3332 2898 3386 ἐστιν
2957 3334 2991 3386 ό
3014 3329 3382 3398 παραδιδούς
3425 3347 3541 3396 σε;
3574 3331 3765 3384 Ταῦτα

2181 3424 2606 3498 ἀποκληρωτικά
2659 3424 2848 3496 ῶσπερ
2890 3427 3013 3477 τινά
3055 3423 3180 3476 ἕδνα
3236 3423 3480 3493 βασίλεια
3533 3425 3613 3495 τῷ
3643 3424 3765 3478 θεο-

2181 3518 2345 3590 λόγῳ,
2397 3518 2542 3589 φημὶ
2568 3517 2632 3587 δὴ
2661 3516 2722 3569 τὸ
2762 3517 2885 3570 κατ’
2933 3515 3130 3585 ἐξοχὴν
3168 3515 3321 3584 παρά
3369 3515 3498 3579 τοὺς
3539 3517 3766 3579 λοιποὺς

2184 3611 2431 3682 μαθητὰς
2471 3607 2578 3664 ὑπὸ
2623 3607 2796 3678 Ἰησοῦ
2827 3607 3146 3676 ἀγαπᾶσθαι
3172 3623 3184 3636 ·
3215 3607 3249 3676 ἣ
3280 3623 3338 3658 τε
3385 3607 3478 3658 ἐπὶ
3501 3605 3597 3660 τοῦ
3629 3606 3768 3676 ἀκηο

2183 3705 2348 3774 ράτου
2402 3701 2632 3772 στήθους
2678 3700 3015 3761 ἐπίπτωσις”
3049 3697 3186 3768 πρὸς
3217 3697 3296 3768 τῷ
3340 3698 3432 3752 καὶ
3458 3697 3575 3752 υἰδν
3604 3699 3764 3768 εἰρῆ-

2183 3798 2307 3852 σθαι
2351 3797 2447 3865 τῆς
2496 3794 2838 3865 Θεομήτορος
2861 3809 2874 3823 ο
2905 3792 2980 3856 ὡς
3017 3791 3225 3862 φοϐερὰ
3265 3790 3335 3844 τὰ
3363 3792 3508 3862 τρία,
3536 3791 3766 3861 θάτερον

2181 3889 2408 3960 θατέρου
2444 3887 2898 3959 ύπεραιρόμενον,
2932 3886 3027 3939 καὶ
3054 3885 3284 3938 ’ἑκαστον
3310 3883 3498 3952 ἴλιγγά
3524 3901 3614 3953 μοι
3668 3886 3768 3954 φέ-

2184 3999 2274 4053 ρον
2305 3984 2577 4052 νοήματος
2601 3980 2675 4042 ti);
2714 3977 3104 4049 ἐξαισιώμενον
3125 3995 3138 4009 ·
3193 3977 3447 4048 Ἀνδρέας
3490 3979 3548 4030 ἐν
3581 3978 3763 4048 μαθη-

2180 4077 2301 4137 ταῖς
2329 4073 2738 4145 πρωτόκλητος,
2769 4071 2882 4124 ἀλλ’
2907 4069 3062 4124 οὔπω
3087 4070 3372 4140 ἀγαπητὸν
3424 4071 3601 4140 Ἰησοῦ
3631 4072 3766 4124 ἐαυ..

2180 4165 2270 4216 τὸν
2296 4162 2586 4230 ὠνόμακεν
2615 4161 2689 4225 ὡς
2721 4154 2876 4224 οὗτος
2900 4175 2914 4190 ο
2957 4160 3161 4231 Πέτρος
3211 4159 3616 4230 πρωτόθρονος,
3644 4159 3764 4214 ἀλλ’

2179 4255 2289 4308 οὐδ’
2319 4253 2481 4318 αὐτὸς
2511 4253 2613 4324 τῆς
2646 4252 2906 4324 τοιαύτης
2939 4251 3310 4323 προσηγορίας
3334 4251 3655 4322 τετύχηκεν.
3692 4253 3768 4305 Τὸ

2182 4347 2326 4400 θεῖον
2356 4345 2566 4410 ἀπαθές
2592 4362 2603 4374 ·
2638 4344 2872 4415 Χριστὸς
2903 4343 2961 4410 ἐξ
2999 4341 3116 4396 ἴσου
3141 4343 3315 4397 ἆπασι
3360 4343 3461 4413 τὴν
3507 4347 3606 4415 τῆς
3629 4345 3767 4412 ἀγά-

511 4442 614 4494 bus
641 4440 900 4495 immunis
929 4449 1031 4495 est.
1054 4440 1310 4495 Christus
1348 4455 1416 4495 ex
1455 4457 1612 4512 aequo
1640 4442 1914 4498 universis
1943 4442 2075 4498 dile-

2188 4457 2298 4510 πης
2342 4440 2538 4493 ἀκτῖνα
2596 4438 2821 4510 ἀφίησιν
2847 4455 2861 4469 ο
2891 4436 3066 4500 ἄλλως
3121 4453 3181 4490 τε
3227 4438 3276 4490 εί
3318 4437 3525 4508 Πέτρος
3578 4437 3764 4490 πλεῖον

506 4531 708 4587 ctionis
757 4531 969 4586 radium
1007 4532 1273 4587 immittit.
1319 4530 1586 4588 Praeterea
1622 4550 1634 4584 :
1665 4532 1933 4600 siquidem
1977 4533 2078 4591 Pe-

505 4634 623 4680 trus
679 4625 803 4694 plus
865 4623 1122 4680 omnibus
1174 4633 1359 4691 amat,
1423 4633 1485 4680 ut
1546 4624 1661 4694 ipse
1711 4626 2076 4696 interrogatus

501 4715 790 4771 confessus
831 4716 999 4781 est“,
1025 4715 1389 4786 Christusque
1428 4716 1834 4772 confessionem
1876 4721 2074 4774 confir-

499 4805 700 4872 mavit,
749 4807 891 4860 trina
947 4806 1035 4860 illa
1093 4807 1522 4878 interrogatione
1565 4825 1628 4864 ac
1679 4811 2069 4880 responsione;

495 4896 724 4966 eiusque
749 4896 1118 4952 confessionis
1146 4898 1394 4968 praemio,
1421 4915 1621 4955 munus
1643 4900 1782 4954 alios
1809 4903 2069 4971 pascendi

495 4988 736 5057 accepit;
769 4987 889 5056 plus
935 4987 1168 5044 fortasse
1212 4991 1376 5044 etiam
1409 4989 1596 5046 debuit
1643 4992 1950 5060 redamari;
1986 5010 2071 5048 re-

493 5078 634 5133 flexo
671 5093 897 5132 munere
935 5093 1001 5133 ac
1040 5081 1340 5150 reciproco.
1382 5079 1650 5138 Existimo
1687 5095 1868 5137 autem
1904 5083 2071 5153 virgi-

489 5169 683 5225 nitatis
737 5171 1114 5226 excellentiam
1175 5173 1226 5226 iu
1275 5189 1443 5231 causa
1491 5174 1682 5231 fuisse.
1735 5175 1882 5231 Cur?
1929 5175 2066 5243 Quia

492 5261 778 5324 nimirum,
810 5263 1024 5317 tametsi
1057 5263 1196 5319 lucis
1225 5265 1410 5322 radius
1435 5267 1606 5336 aequis
1633 5267 1978 5336 portionibus
2011 5268 2064 5323 in

487 5355 583 5409 illa
635 5357 858 5426 specula
909 5355 1179 5411 incidebat
1221 5359 1372 5427 (nam
1426 5373 1620 5416 omnes
1665 5361 1893 5429 apostoli
1948 5361 2068 5432 puri

489 5456 664 5514 crant,
705 5458 765 5504 ut
807 5449 885 5502 ait
931 5447 1348 5520 Scriptura");
1403 5451 1470 5505 ob
1518 5451 1845 5522 virginitatis
1885 5462 2066 5508 tamen

560 5679 605 5710 “
627 5676 770 5732 Psal.
798 5692 1062 5741 cxxxvm,
1104 5677 1156 5730 li.

1238 5677 1280 5707 “
1301 5675 1460 5732 Juan.
1497 5692 1610 5739 xIx,
1639 5674 1728 5740 26,
1753 5674 1846 5732 9.7.
1928 5679 1970 5708 ¹⁵
1999 5675 2156 5732 Joan.
2190 5693 2308 5743 xm,
2340 5680 2429 5733 ‘25.

2185 4533 2376 4604 ἀγαπᾷ
2403 4533 2658 4587 ἀπάντων
2687 4531 2760 4596 ὡς
2788 4531 3084 4603 ἐρωτηθεὶς
3131 4529 3505 4602 ὡμολόγησεν,
3537 4531 3634 4583 καὶ⁵
3664 4530 3763 4602 τὴν

2182 4623 2474 4694 ὁμολογίαν
2537 4622 2773 4694 Χριστὸς
2845 4621 3213 4686 ἐϐεϐαίωσεν,
3255 4620 3346 4674 διά
3387 4621 3485 4691 τῆς
3532 4621 3764 4692 τρισσῆς

2183 4716 2430 4780 πεύσεὼς
2461 4733 2520 4770 τε
2555 4716 2651 4770 καὶ
2679 4713 3045 4784 ἀποκρίσεως,
3075 4707 3143 4784 ἦς
3172 4714 3373 4785 προῖκα
3407 4713 3502 4766 καί⁵
3549 4712 3610 4766 τὸ
3635 4713 3762 4776 τοὺς

2180 4807 2372 4870 ἀλλους
2412 4807 2724 4882 ποιμαίνειν
2767 4806 3010 4877 εἴληφεν,
3061 4805 3156 4859 καὶ
3199 4804 3621 4873 ἀνταγαπᾶσθαι
3662 4823 3758 4868 w-

2179 4901 2274 4970 χὸν
2326 4899 2511 4952 πλεῖον
2551 4897 2802 4967 ὤφειλεν,
2844 4896 3133 4970 καμπύλον
3177 4896 3237 4950 τὸ
3267 4895 3466 4967 λῆμμα
3491 4914 3505 4928 ·
3546 4897 3642 4949 καί
3670 4914 3760 4966 μοι

2175 4992 2325 5044 δοκεῖ
2362 4989 2422 5043 τὸ
2454 4989 2552 5060 τῆς
2593 4989 2894 5061 παρθενίας
2941 4988 3129 5061 χρῆμα
3173 4983 3314 5042 εἶναι
3357 4988 3562 5042 αῐτιον·
3600 4987 3755 5051 πῶς;

2174 5082 2257 5136 ότι
2309 5085 2357 5136 εἰ
2405 5083 2498 5136 καὶ
2544 5084 2630 5136 ἐπ’
2664 5081 2788 5154 ῐσης
2839 5081 2934 5136 τοῦ
2986 5083 3164 5152 φωτὸς
3207 5083 3241 5152 η
3269 5081 3415 5152 βολὶς
3462 5083 3575 5145 τοῖς
3627 5097 3759 5134 κατ-

2175 5175 2418 5246 όπτροις,
2464 5175 2697 5247 ἐπείπερ
2745 5174 2950 5238 πάντες
2994 5173 3246 5246 καθαροὶ,
3266 5174 3340 5237 ὠς
3365 5177 3393 5228 ό
3424 5173 3620 5243 Λόγος,
3643 5173 3757 5228 ἀλλ’

2174 5272 2323 5342 ὅμως
2350 5274 2416 5344 τῇ
2447 5271 2547 5344 τῆς
2577 5271 2878 5343 παρθενίας
2924 5271 3138 5341 στίλψει
3191 5270 3552 5344 διειδὲστερον
3581 5272 3640 5324 ἐν
3681 5270 3761 5340 τῷ

2176 5365 2256 5418 ἐνὶ
2282 5365 2433 5437 παρὰ
2461 5366 2590 5429 τοὺς
2619 5366 2915 5436 ὁμοταγεϊς
2954 5365 3153 5420 ἐνίεται
3177 5381 3192 5398 ο
3226 5366 3275 5418 εί
3311 5367 3407 5420 καὶ
3453 5363 3758 5435 παράδοξός

2174 5473 2292 5521 πως
2325 5458 2352 5510 δ
2385 5457 2540 5527 λόγος
2567 5475 2580 5488 ·
2608 5457 2702 5511 καὶ
2737 5457 2896 5510 τοῦτό
2938 5459 3054 5510 ἐστι
3104 5457 3284 5511 πλεῖον
3316 5459 3395 5520 είς
3424 5456 3668 5527 ἀγάπην,
3699 5454 3760 5507 τὸ

2511 5678 2734 5735 "toan.
2770 5696 2881 5746 xxi,
2920 5680 3001 5735 15.
3084 5680 3124 5711 ⁸⁷
3149 5677 3306 5734 Joan.
3336 5694 3425 5744 xv,
3458 5679 3514 5732 3.
