4064 6372
273 479 381 544 785

1106 479 1388 541 ORATIO
1413 479 1519 541 IX.
1551 503 1621 516 —
1650 480 2036 542 LAUDATIO
2074 483 2134 543 S.
2162 482 2486 545 JOANNIS
2525 487 2794 548 EVANG.

3446 495 3550 557 783

275 593 391 660 φῶς
445 593 630 648 πλεῖον
683 592 1030 665 λαμπρύνειν
1071 593 1163 648 τδν
1203 594 1566 668 διειδέστερον
1599 596 1851 668 μέτοχον·

1964 599 2201 654 nitorem
2253 599 2309 653 in
2350 616 2520 654 unum
2567 617 2679 671 pm
2721 602 2946 673 collegis
2981 604 3104 661 aliis
3138 606 3432 664 dilueidior
3470 612 3550 665 l‘e-

270 685 322 736 εἰ
373 684 432 738 δὲ
477 685 557 738 ὅτι
607 684 769 738 πλέον
821 686 1010 756 ἀγαπᾷ
1050 684 1258 754 Πέτρος
1301 687 1654 756 προΐσταται,
1684 686 1863 740 ἐκεῖνό

274 791 367 844 μοι
394 775 608 846 ῥητέον,
635 777 718 829 ὅτι
752 777 814 829 οὐ
846 775 908 829 τὸ
932 777 1244 848 πλησιάσαν
1278 777 1440 847 σῶμα
1467 778 1544 849 τῷ
1566 779 1706 848 φωτὶ
1731 779 1864 850 μᾶλ·

272 868 363 920 λον
414 867 742 936 φωτίζεται,
767 869 888 923 ἀλλ’
919 869 949 922 6
977 871 1078 940 τὴν
1129 869 1293 938 φύσιν
1337 870 1726 942 διειδεστέραν,
1758 871 1861 925 κᾶν

270 959 373 1013 οὐκ
402 959 588 1028 ἔγγιον
611 961 877 1031 κέκτηται
895 979 910 993 ο
947 963 995 1014 εἰ
1025 960 1082 1014 δέ
1117 977 1200 1015 σοι
1221 963 1250 1015 6
1280 961 1438 1031 λόγος
1471 963 1705 1033 ἀσθενὴς
1732 963 1860 1032 φαί-

272 1069 418 1105 νοιτο
451 1052 557 1117 ἐτι,
589 1055 616 1106 6
648 1053 828 1124 βαλὼν
857 1055 952 1108 καὶ
983 1055 1216 1109 ἰάσεται.
1265 1053 1550 1109 Ἐντεῦθεν
1580 1056 1613 1127 ή
1639 1057 1862 1127 ἐπιστή-

273 1144 389 1209 θιος
434 1145 820 1216 πρόσπτωσις·
849 1145 896 1198 ὣ
939 1149 1034 1200 τοῦ
1067 1146 1379 1218 ἀξιώματος
1406 1150 1420 1202 ί
1453 1147 1522 1202 τὰ
1571 1147 1858 1220 χερουὸὶμ,

274 1240 414 1293 Θεοῦ
463 1240 670 1310 ὄχημα,
721 1239 818 1294 καὶ
856 1240 1114 1312 Ἰωάννης
1159 1241 1504 1313 ὲπιστέρνιον
1543 1241 1856 1312 ἀνάκλιμα’

274 1329 517 1396 Μωῦσῆς
551 1330 706 1401 μόλις
734 1329 845 1382 ῐδεν
868 1327 1006 1384 Θεοῦ
1029 1329 1097 1382 τά
1127 1328 1352 1382 ὀπίσθια
1381 1329 1477 1382 καὶ⁹
1503 1327 1679 1382 ταῦτα
1700 1329 1860 1396 αἰτη-

275 1425 545 1496 σάμενοςο
598 1425 692 1478 καὶ
736 1425 991 1496 Ἰωάννης
1040 1423 1483 1493 αὐτεπάγγελτος
1527 1421 1860 1495 ἐπίπροσθεν

275 1519 533 1589 περιφὺς,
577 1518 670 1571 καὶ
725 1517 1059 1572 πυνθάνεται
1101 1518 1288 1571 ἐκεῖνα
1329 1515 1532 1587 δηλαδὴ
1578 1514 1614 1569 ἃ
1653 1513 1862 1584 Πέτρος

270 1615 298 1665 6
327 1613 626 1682 κορυφαῖος
651 1611 952 1684 θαρρήσειν
982 1611 1083 1664 ούκ
1119 1612 1369 1681 ηνεγκεν,
1395 1609 1521 1674 δοὺς
1573 1606 1752 1678 ἑαυτῷ
1792 1607 1861 1661 τὰ

269 1705 545 1776 δευτέρια,
581 1706 648 1776 τῇ
703 1705 786 1768 είς
825 1704 1084 1776 Ἰωάννην
1135 1704 1470 1775 προτιμήσει
1495 1719 1511 1736 ο
1539 1702 1860 1772 ἀμφοτέρας

269 1796 371 1859 τὰς
401 1795 634 1867 Θεωρίας
668 1794 960 1862 ἐξετάζων,
979 1796 1170 1867 γνοίης
1201 1792 1314 1848 οἷον
1349 1797 1442 1848 καὶ
1470 1793 1656 1865 ἡλίκον
1677 1791 1737 1846 τὸ
1755 1793 1860 1845 ύπ-

268 1889 522 1961 εροχικδν
556 1888 806 1943 Ἰωάννου
823 1889 1044 1961 ἀξίωμα
1065 1907 1078 1920 ·
1109 1888 1360 1942 ἐντεῦθέν
1384 1905 1474 1959 μοι
1495 1890 1645 1942 δοκεῖ
1668 1887 1860 1954 ὥσπερ

1966 693 2208 748 rebatur.
2247 693 2572 764 Quanquam
2625 710 2825 750 novum
2880 696 3095 752 videtur
3133 701 3278 770 quod
3327 703 3546 759 dicitur.

1963 785 2140 854 Atque
2185 785 2292 840 hoc
2348 784 2525 855 majus
2580 788 2787 857 aliquid
2845 789 2912 843 ad
2963 790 3314 848 dilectionem
3363 795 3544 862 habet,

1963 874 2111 943 quod
2161 874 2424 929 nimirum
2467 876 2694 932 nitidius
2735 893 2935 950 corpus
2978 896 3043 936 ac
3095 885 3271 956 magis
3321 887 3550 954 pelluci-

1963 964 2117 1028 dum,
2147 965 2358 1020 lumine
2405 966 2578 1035 magis
2607 966 2936 1025 illustretur.
2971 970 3128 1036 Quod
3164 973 3209 1026 si
3241 971 3439 1028 Petrus
3483 990 3546 1029 ea

1963 1056 2200 1120 ratione,
2232 1057 2379 1127 quod
2420 1059 2545 1128 plus
2594 1071 2759 1126 amet,
2794 1060 3102 1130 praefertur,
3147 1063 3253 1120 hoc
3292 1066 3423 1120 mihi
3455 1081 3550 1120 oc-

1965 1147 2142 1202 currit
2171 1148 2508 1205 dicendum:
2548 1149 2666 1206 Non
2705 1167 2772 1207 eo
2826 1168 3026 1224 corpus
3068 1155 3264 1225 majori
3293 1154 3548 1226 perfundi

1964 1242 2191 1310 lumine,
2225 1258 2335 1313 quo
2363 1243 2560 1298 lumini
2601 1245 2967 1317 propinquius
3001 1257 3104 1313 est,
3151 1248 3244 1303 sed
3291 1265 3404 1319 quo
3435 1265 3548 1303 ma-

1960 1334 2082 1406 jore
2127 1335 2308 1392 nitore
2356 1345 2550 1407 suapte
2595 1348 2790 1392 natura
2841 1338 3030 1408 pollet,
3077 1354 3390 1411 quanquam
3440 1357 3546 1394 non

1962 1425 2330 1496 propinquius
2365 1429 2584 1483 existat.
2625 1426 2782 1494 Quod
2827 1430 2873 1485 si
2913 1431 3001 1484 hic
3037 1445 3220 1486 sermo
3258 1432 3356 1486 tibi
3397 1433 3547 1486 infir-

1963 1533 2088 1572 mus
2133 1518 2434 1585 videbitur,
2481 1536 2604 1591 qua:
2655 1538 2850 1577 manus
2887 1524 3089 1581 vulnus
3129 1526 3344 1592 inﬂixit,
3393 1543 3455 1580 ea
3494 1539 3548 1582 et

1963 1610 2200 1665 sanabit.
2238 1609 2368 1666 Inde
2395 1623 2479 1668 est
2512 1624 2572 1666 ut
2623 1615 2939 1670 recubuerit
2980 1632 3144 1688 super
3172 1629 3363 1689 pectus
3393 1618 3545 1674 Jesu.

1961 1699 2006 1754 0
2064 1701 2378 1772 dignitatis
2410 1706 2822 1773 praestantiam!
2875 1705 3206 1776 Cherubin],
3275 1709 3369 1765 Dei
3418 1723 3548 1767 sunt

1959 1791 2310 1860 vehiculum;
2369 1803 2426 1850 at
2467 1795 2708 1852 Joannes
2776 1814 2944 1869 super
2983 1811 3174 1870 pectus
3229 1803 3544 1858 reclinatur.

1962 1883 2063 1938 Vix
2098 1885 2316 1957 Moyses
2348 1889 2439 1944 Dei
2475 1891 2780 1960 posteriora
2811 1892 2964 1957 vidit,
3003 1895 3166 1965 idque
3208 1910 3332 1950 eum
3362 1896 3548 1952 videre

268 1984 382 2035 ἀπό
410 1998 556 2046 τινος
587 1984 834 2054 πηγαίας
857 1981 1003 2053 ζωῆς
1031 1982 1100 2036 τά
1147 1981 1418 2053 θεόϐρυτα
1443 1981 1607 2035 αὑτὸν
1632 1980 1731 2050 τῆς
1765 1995 1851 2032 σο-

1961 1988 2248 2049 rogasset;
2285 1989 2340 2034 at
2374 1979 2617 2039 Joannes
2661 1985 2830 2052 ultro,
2877 2003 2940 2041 ac
2982 1988 3102 2057 ipso
3145 1989 3409 2043 invitante
3443 1989 3547 2044 Do-

268 2075 402 2144 φίας
435 2074 748 2146 ἀρύσασθαι
787 2074 1027 2146 νάματα,
1062 2075 1171 2129 κάκ
1216 2074 1422 2128 τούτων
1455 2075 1522 2127 ὲκ
1552 2073 1650 2146 τῆς
1683 2070 1857 2142 ἐμψύ-

267 2183 365 2236 χου
415 2167 624 2232 κοιλίας
664 2169 791 2232 τοὺς
839 2169 1121 2238 ποταμοὺς
1163 2168 1265 2238 τῆς
1305 2165 1588 2234 θεολογίας
1637 2166 1856 2236 ῥυῖσκε-

266 2258 426 2312 σθαιο
457 2259 573 2314 ἀλλ’
608 2261 701 2314 ἐπὶ
727 2260 818 2315 τὸν
852 2261 1083 2332 σταυρὸν
1110 2260 1358 2332 μετιτέον
1391 2260 1525 2332 (27).

1965 2071 2136 2134 mino,
2166 2073 2370 2140 pectori
2405 2073 2619 2130 haerens
2650 2085 2814 2144 atque
2841 2080 3187 2148 complexus.
3219 2095 3281 2134 ea
3318 2081 3549 2136 interro-

1961 2171 2072 2233 gat,
2106 2178 2230 2232 quae
2254 2179 2356 2221 nec
2386 2163 2583 2222 Petrus
2609 2170 2986 2238 apostolorum
3015 2171 3269 2242 princeps
3306 2173 3545 2228 interro-

1963 2271 2091 2326 gare
2142 2256 2436 2323 sustinuit;
2491 2275 2600 2330 qua
2669 2261 2772 2317 sibi
2830 2262 2947 2332 ipse
3004 2264 3216 2319 ratione
3275 2265 3544 2320 Joannem

265 2349 443 2404 voluit
474 2351 783 2422 praelatum.
819 2350 1101 2420 Siquidem
1143 2349 1335 2405 ambas
1379 2347 1854 2405 considerationes
1888 2345 2074 2399 animo
2136 2345 2490 2415 expendet-is,
2526 2349 2668 2404 scies
2725 2360 2929 2419 quanta
2957 2366 3022 2406 ac
3053 2352 3234 2422 qualis
3261 2353 3335 2408 sit
3365 2353 3545 2408 excel-

267 2429 432 2497 lentia
481 2444 763 2516 dignitatis
841 2443 1091 2500 Joannis.
1151 2442 1290 2498 llinc
1329 2452 1589 2514 tanquam
1641 2456 1673 2496 e
1725 2439 1872 2496 fonte
1931 2438 2170 2508 quodam
2212 2440 2358 2504 vitae,
2429 2441 2605 2511 ipsum
2645 2442 2909 2498 divinitus
2957 2445 3321 2502 scaturientes
3348 2445 3545 2502 latices

265 2535 523 2593 hausisse
573 2537 833 2594 existimo
881 2555 895 2591 :

263 2627 426 2682 nobis
460 2627 794 2682 redeundum
825 2639 930 2684 est.

341 2720 430 2776 ια’.
479 2720 647 2785 Ἰδοὺ,
672 2724 857 2793 φησὶν,
885 2725 916 2778 ό
955 2727 1083 2791 υἱός
1121 2739 1239 2778 σου
1264 2738 1277 2752 °
1308 2718 1437 2777 εἶτα
1484 2718 1564 2786 τῷ
1586 2715 1849 2790 μαθητῇ.

274 2813 440 2868 Ἰδοὺ
471 2816 510 2881 ἡ
528 2815 728 2884 μήτηρ
748 2830 885 2870 σου.
913 2816 1087 2870 Βαὸαὶ
1106 2815 1200 2870 τοῦ
1229 2815 1553 2886 δωρήματος
1577 2815 1589 2866 !
1615 2811 1706 2865 τὸν
1729 2809 1850 2864 δοῦ-

259 2907 378 2972 λον,
416 2905 516 2978 τῆς
538 2908 835 2976 Δεσποίνης
868 2907 957 2961 διά
981 2908 1300 2978 περιουσίας
1335 2905 1708 2976 καθαρότητος
1734 2901 1850 2955 υἱὸν

261 2998 677 3069 ἀκουτισθῆναι,
727 2999 822 3052 καὶ
862 2999 1080 3069 φύλακα
1133 2996 1589 3070 προχειρισθῆναι
1625 2993 1721 3049 τοῦ
1751 2993 1850 3064 τῆς

260 3091 412 3160 ζωῆς
454 3091 967 3164 θησαυροφυλακίου
992 3109 1007 3124 ·
1042 3095 1071 3147 6
1114 3092 1214 3164 μὲν
1253 3091 1574 3161 ἀφίσταται,
1610 3087 1700 3142 διὰ
1739 3087 1846 3140 πά-

261 3181 412 3246 θους.
443 3182 546 3254 τῆς
573 3183 798 3248 ἀπαθῶς
835 3182 1104 3256 τεκούσης
1125 3198 1140 3214 ο
1169 3185 1197 3237 ό
1233 3181 1289 3235 δὲ
1319 3181 1524 3251 ταύτην
1574 3180 1850 3250 ὑπηρετη-

258 3274 435 3339 τικὼς
472 3276 741 3346 λαμϐάνει
771 3277 851 3339 είς
883 3276 951 3330 τὰ
971 3276 1076 3329 ἴδια
1104 3291 1117 3306 °
1147 3277 1174 3328 6
1209 3273 1479 3346 παρθένος
1501 3273 1600 3344 τὴν
1632 3269 1849 3341 Παρθέ-

259 3385 356 3421 νον
379 3384 394 3399 ο
425 3368 486 3420 τὸ
519 3368 708 3438 κλῆμα
735 3368 835 3440 τὴν
874 3369 1254 3438 ἀμπελοτόκον
1273 3384 1286 3399 ·
1319 3370 1347 3421 ό
1381 3365 1722 3436 στρατιώτης
1749 3362 1850 3434 τὴν

946 2537 1181 2607 indeque
1238 2553 1303 2591 ex
1357 2536 1597 2592 animato
1657 2541 1847 2588 ventre
1922 2530 2210 2602 theologia:
2256 2531 2479 2588 flumina
2530 2534 2875 2605 progignere.
2959 2535 3156 2593 Verum
3204 2538 3271 2593 ad
3321 2553 3542 2597 crucem

2034 2713 2120 2769 ll.
2166 2713 2321 2782 Ecce,
2369 2715 2565 2786 inqu't,
2603 2717 2751 2787 ﬁlius
2788 2727 2929 2773 tuus.
2983 2717 3188 2774 Deinde
3232 2722 3492 2792 discipulo
3523 2738 3544 2777 :

1963 2802 2100 2858 Ecce
2137 2814 2308 2858 mater
2349 2817 2461 2861 tua.
2491 2808 2674 2878 Papw,
2702 2821 2970 2880 quantum
3002 2814 3231 2868 munus!
3270 2813 3340 2869 Ut
3380 2815 3545 2868 nimi-

1962 2911 2082 2950 rum
2135 2911 2328 2952 servus
2383 2898 2454 2952 ob
2498 2900 2850 2955 excellentem
2898 2903 3248 2972 munditiam,
3296 2903 3544 2960 Dominae

1962 2987 2108 3044 filius
2147 2989 2488 3059 appelletur;
2513 3006 2580 3046 ac
2618 2993 2739 3062 ejus
2760 3010 2884 3064 qua:
2912 2995 3037 3050 vita:
3067 2996 3309 3052 thesauri
3350 3005 3543 3054 custos

1961 3079 2174 3148 fuisset,
2228 3090 2415 3138 custos
2465 3085 2854 3141 constituatur.
2905 3086 2998 3142 Ille
3049 3087 3267 3157 quidem
3316 3089 3541 3152 recedit,

1956 3189 2054 3244 per
2096 3176 2409 3244 passionem
2457 3177 2526 3231 ab
2575 3193 2639 3232 ea
2693 3194 2817 3248 quae
2871 3179 2988 3234 sine
3043 3183 3300 3251 passione
3352 3182 3404 3237 id
3460 3191 3545 3238 est

1958 3268 2125 3323 illaesa
2155 3269 2466 3339 integritate
2489 3271 2732 3339 peperit;
2764 3272 2854 3326 hic
2886 3282 3068 3328 autem
3097 3274 3336 3330 ministri
3365 3289 3539 3340 more,

1962 3361 2016 3414 in
2075 3376 2174 3415 sua
2231 3375 2352 3415 eam
2407 3363 2609 3432 accipit
2643 3381 2654 3417 :
2690 3365 2952 3419 nimirum
3017 3365 3183 3436 Virgo
3237 3367 3537 3438 virginem,

261 3459 514 3526 βασιλίδα
538 3475 553 3488 ’
591 3462 620 3514 6
669 3461 919 3528 θεολόγος
964 3462 1062 3532 τὴν
1105 3460 1404 3514 Θεοτόκον·
1431 3461 1458 3511 6
1490 3457 1632 3511 κατά
1688 3455 1848 3527 χάριν

1955 3451 2163 3522 palmes
2186 3451 2475 3507 fecundam
2511 3455 2698 3521 vitem,
2732 3456 2890 3511 miles
2934 3458 3203 3527 reginam,
3252 3459 3542 3530 theologus

259 3551 558 3620 Οεάδελφος
593 3554 692 3623 τὴν
717 3553 860 3607 κατά
884 3555 1047 3622 φύσιν
1083 3552 1388 3623 μητρόθεον
1415 3568 1429 3582 ⁸
1461 3551 1536 3605 ἴδε
1559 3551 1655 3621 τὴν
1674 3551 1850 3622 ἀρμοο

257 3647 384 3698 νίαν
416 3646 518 3715 τῆς
548 3646 884 3716 καταλλὴλου
917 3648 1190 3718 κλήσεως,
1217 3647 1311 3698 καὶ
1354 3645 1716 3716 ύπεραίνεσον
1750 3644 1849 3712 τὴν

261 3734 715 3810 σύμϐασιν.⁷Δρ’
758 3740 820 3791 οὐ
873 3738 1034 3792 τοῦτο
1094 3739 1255 3809 μόνον
1297 3739 1476 3791 πᾶσαν
1530 3734 1849 3806 ἀποκρύψαι

257 3828 572 3900 ὑπερϐολὴν
603 3830 882 3898 ὲγκωμίου
946 3829 1024 3900 τῷ
1070 3827 1304 3900 θεολόγῳ
1367 3829 1652 3899 πάρεστιν,
1684 3830 1846 3896 ἀμοι-

259 3921 452 3991 ροῦντι
478 3921 580 3990 τῆς
603 3922 824 3976 οἱασοῦν
859 3923 1028 3992 ἄλλης
1073 3923 1372 3987 αἰνέσεωςς
1410 3923 1457 3974 εί
1488 3921 1546 3975 δὲ
1579 3920 1718 3990 μετά
1746 3920 1848 3989 τῆς

255 4013 370 4067 τῶν
393 4014 775 4084 προλαϐόντων
806 4015 1115 4087 ὑπερϐολῆς
1162 4016 1258 4068 καὶ
1299 4015 1370 4067 τὰ
1399 4015 1684 4082 φθάσαντα
1718 4029 1846 4066 συν·

256 4105 552 4174 αστράψοι,
584 4107 666 4169 τίς
697 4106 764 4160 ἂν
804 4106 1061 4178 δυνηθείη
1107 4106 1427 4176 ἀντωπῆναι
1469 4107 1563 4160 τοῦ
1594 4106 1761 4176 ὕψους
1785 4107 1848 4160 τδ

255 4195 730 4264 ἀναντίϐλεπτον;
777 4197 922 4251 οὕτω
962 4198 1254 4269 τοιγαροῦν
1314 4199 1700 4270 ύπερανεστώς
1730 4199 1846 4252 ἐστι

257 4289 448 4360 πάσης
492 4289 593 4358 τῆς
635 4291 693 4344 έν
731 4290 915 4360 λόγοις
948 4291 1404 4362 ἐγκωμιαστικῆς
1439 4291 1746 4362 δυνάμεως,
1770 4291 1845 4354 ὡς

259 4381 426 4448 μόνου
459 4383 595 4436 Θεοῦ
627 4381 766 4438 εἶναι
809 4385 1017 4437 ἐκεῖνον
1068 4383 1489 4452 ὲπαινέσασθαι,
1519 4386 1568 4437 εί
1599 4384 1692 4437 καὶ
1719 4383 1845 4436 τολ-

259 4472 439 4544 μηρὸν
481 4477 659 4529 εἰπεῖν
685 4516 700 4542 ,
739 4477 871 4546 παρ’
901 4469 962 4530 οὗ
1002 4476 1096 4530 καὶ
1135 4476 1423 4542 πλεονάζει
1482 4477 1579 4548 τὴν
1613 4476 1799 4547 ἔφεσιν
1826 4492 1867 4508 ⁸·

255 4565 350 4635 ὑφ’
390 4561 451 4621 οῦ
483 4568 580 4621 καὶ
635 4567 704 4621 τὰ
736 4567 988 4638 ἐγκώμια
1039 4569 1320 4636 ἔστεπται,
1364 4568 1480 4639 φῶς
1520 4569 1612 4624 καὶ
1644 4569 1842 4640 βροντὴ

253 4659 354 4712 καὶ
402 4658 475 4712 τὰ
521 4658 746 4713 τοιαῦτα
817 4662 1404 4733 προσαγορευόμενος·
1436 4661 1553 4716 ἀλλ’
1607 4661 1842 4732 ἐπείπερ

247 4748 435 4804 ταῦτα
476 4749 675 4814 οὕτως,
722 4752 818 4804 καὶ
858 4752 1032 4824 πέρας
1063 4754 1288 4824 εἴληφεν
1319 4755 1353 4825 ἡ
1383 4755 1659 4826 ἀκήρατος
1685 4753 1841 4807 ἀνθοι
1877 4793 1917 4845 ῃ

249 4843 438 4910 λογία,
473 4845 596 4896 καθ’
628 4844 754 4897 ὅσον
779 4847 1000 4914 ἐφικτὸν
1039 4847 1171 4918 ἡμῖν
1199 4845 1497 4918 δρέψασθαι
1530 4849 1641 4910 τοῖς
1683 4863 1840 4898 πενο-

247 4935 461 5003 λόγοις,
484 4935 645 5006 δεῦρο
663 4936 759 4990 καὶ
779 4938 941 5008 ἡμεῖς
973 4939 1032 4992 ὲν
1053 4939 1264 5001 τούτοις
1290 4936 1843 5008 συγκαταπαύσωμεν

243 5027 345 5079 τὸν
369 5026 549 5095 λόγον,
576 5031 794 5098 μικροῖς
828 5029 1044 5098 μεγάλα
1066 5029 1400 5100 ἀμείψαντες
1418 5045 1433 5061 ο
1465 5031 1643 5082 ἐκεῖνο
1673 5045 1841 5100 προσ-

243 5117 445 5181 θέντες
475 5124 588 5181 τοῖς
609 5119 947 5190 εἰρημένοις,
979 5121 1056 5186 ὡς
1103 5121 1164 5176 ού
1196 5120 1394 5193 μικρὸν
1432 5121 1498 5174 ἂν
1538 5121 1624 5192 εἴη
1672 5122 1840 5192 γέρας

239 5210 409 5282 αὐτῷ
458 5211 539 5274 είς
589 5212 903 5284 φιλοτιμίαν
949 5216 1046 5268 καὶ
1092 5215 1125 5286 ἡ
1168 5215 1587 5285 φρικωδεστάτη
1626 5216 1838 5268 ἀποκά-

239 5303 438 5373 λυψις,
462 5303 530 5374 ἢν
561 5305 618 5356 ἐν
637 5305 844 5377 Πάτμῳ
877 5307 1250 5378 περιορισθεὶς
1278 5305 1366 5359 διὰ
1391 5308 1482 5358 τὸν
1512 5305 1669 5374 λόγον
1689 5307 1842 5377 παρά

238 5397 344 5450 τοῦ
379 5397 638 5468 τηνικάδε
665 5399 1016 5469 κρατοῦντος,
1032 5399 1217 5454 θεόθεν
1245 5399 1476 5472 μυηθεὶς
1502 5399 1801 5453 ἐκδέδωκεν
1822 5415 1836 5430 ο

241 5491 350 5543 καὶ
391 5490 555 5542 τοῦτο
605 5493 670 5544 ἐκ
719 5490 1067 5562 πλεονασμοῦ
1116 5492 1215 5563 τῆς
1277 5492 1499 5560 ἀγάπης
1551 5490 1840 5560 ἰδιαίρετον

241 5582 409 5652 παρά
439 5583 566 5646 τοὺς
594 5581 817 5646 λοιποὺς
844 5582 1082 5655 εἰληφώς
1105 5600 1118 5612 ·
1145 5584 1280 5654 φασὶ
1302 5583 1358 5636 δὲ
1382 5583 1545 5636 αὑτὸν
1578 5582 1716 5652 μετά
1742 5581 1841 5643 τὰς

242 5673 414 5743 ιεράς
437 5672 654 5736 ὲκείνας
692 5674 975 5745 περιόδους
1009 5675 1106 5728 καὶ
1144 5676 1246 5747 τὴν
1294 5673 1657 5743 εύαγγελικὴν
1682 5673 1840 5745 περί-

239 5764 421 5832 ληψιν
446 5765 558 5816 τῶν
586 5767 861 5836 περάτων,
886 5760 987 5820 ὧδέ
1017 5785 1120 5822 που
1155 5767 1321 5838 μέσον
1351 5767 1431 5829 είς
1453 5765 1549 5835 τὴν
1566 5765 1841 5818 Ἀσιάτιδα

239 5856 444 5927 χθόνα,
473 5857 532 5908 ἐν
617 5859 713 5912 καὶ
745 5858 837 5912 τὸν
875 5859 1183 5914 διδακτικὺν
1227 5860 1415 5931 θρόνον
1457 5856 1660 5928 μᾶλλον
1706 5857 1841 5910 καθ-

1957 3543 2239 3614 Deiparam
2264 3565 2278 3600 :
2306 3545 2398 3599 Dei
2445 3545 2610 3600 frater
2649 3564 2746 3618 per
2784 3550 3014 3619 gratiam
3048 3591 3063 3615 ,
3116 3551 3207 3605 Dei
3258 3563 3542 3622 parentem

1953 3653 2048 3707 per
2091 3647 2368 3693 naturam.
2404 3638 2536 3695 Vide
2570 3643 2948 3697 convenientis
2991 3645 3376 3714 appellationis
3407 3663 3540 3701 con-

1953 3732 2300 3798 sonantiam,
2355 3749 2420 3786 ac
2477 3750 2640 3802 supra
2695 3736 2914 3790 modum
2968 3739 3126 3790 lauda
3180 3754 3536 3794 eoacursum.

1951 3822 2144 3878 Nonne
2179 3825 2260 3880 vel
2295 3825 2398 3879 hoc
2428 3842 2597 3880 unum
2643 3829 2780 3882 satis
2826 3828 2916 3893 sit,
2956 3839 3014 3883 ut
3053 3831 3385 3886 laudationis
3420 3849 3540 3886 om-

1953 3932 2074 3971 nem
2118 3918 2519 3985 excellentiam,
2568 3935 2676 3989 qua
2718 3921 2842 3990 quis
2883 3923 3199 3992 theologum
3237 3938 3536 3992 prosequa-

1950 4016 2041 4062 tur
2088 4007 2371 4072 obscuret,
2421 4011 2640 4065 tametsi
2689 4011 2832 4065 desit
2880 4012 2986 4066 alia
3023 4013 3206 4067 omnis
3257 4012 3536 4067 laudatio?

1951 4099 2049 4154 Sin
2093 4108 2276 4153 autem
2327 4114 2454 4152 cum
2504 4115 2692 4154 eorum
2733 4117 2856 4171 quae
2903 4102 3158 4172 superius
3209 4102 3352 4157 dicta
3409 4114 3539 4158 sunt

1951 4194 2313 4258 sublimitate,
2339 4197 2515 4258 etiam
2566 4197 2813 4266 proxima
2855 4198 3180 4263 cnlluceant,
3221 4199 3346 4269 quis
3383 4199 3538 4254 inac-

1947 4303 2162 4342 cessam
2197 4288 2336 4344 visui
2368 4289 2713 4344 altitudinem
2747 4290 2921 4360 possit
2965 4291 3205 4345 intueri?
3235 4290 3327 4346 Sic
3353 4291 3538 4361 itaque

1948 4380 2198 4449 superior
2233 4391 2316 4435 est
2343 4381 2492 4434 omni
2534 4381 2792 4438 facultate
2822 4383 3103 4449 laudandi,
3137 4393 3199 4439 ut
3238 4385 3410 4440 solius
3441 4383 3535 4439 Dei

1945 4473 2428 4529 commendatione
2467 4477 2750 4531 ornandus
2778 4477 2848 4531 sit
2876 4477 3215 4548 (quanquam
3251 4478 3354 4532 hoc.
3386 4479 3535 4532 vide-

1947 4578 2036 4623 tur
2065 4567 2332 4626 audacius
2356 4571 2524 4637 dici);
2567 4587 2596 4624 a
2625 4586 2736 4641 quo
2771 4571 2936 4626 etiam
2973 4573 3180 4628 amoris
3218 4573 3363 4625 illam
3396 4589 3533 4642 pra-.-

1949 4663 2249 4733 rogativam
2300 4662 2544 4727 obtinet;
2593 4678 2622 4717 a
2669 4679 2780 4734 quo
2829 4672 2884 4718 et
2931 4665 3188 4720 laudibus
3237 4666 3568 4720 coronatus'

1947 4765 2052 4819 est,
2080 4754 2219 4808 lucis
2243 4754 2331 4808 illa
2359 4755 2740 4825 appellatione,
2763 4758 3122 4826 tonitruique,
3149 4772 3212 4810 ac
3243 4757 3533 4811 similium.

1945 4845 2081 4898 Cum
2114 4844 2230 4898 haec
2273 4853 2452 4897 autem
2501 4847 2572 4898 ita
2607 4861 2665 4898 se
2698 4846 2952 4911 habeant,
2997 4857 3052 4901 et
3097 4855 3382 4916 postquam
3415 4848 3530 4901 sin-

1945 4951 2070 4991 cera
2100 4935 2295 4991 flerunt
2330 4939 2607 5007 deccrptio
2634 4938 2794 4992 finem
2823 4940 3054 5008 accepit,
3081 4949 3346 5008 quantum
3376 4941 3531 4994 nobis

1946 5042 2044 5096 pro
2082 5029 2230 5080 tenui
2272 5026 2529 5081 facultate
2559 5027 2773 5083 dicendi
2803 5029 3096 5098 decerpere
3132 5029 3306 5091 licuit,
3343 5045 3442 5100 age
3475 5041 3529 5084 et

1945 5131 2048 5169 nos
2080 5118 2132 5169 in
2162 5116 2248 5170 his
2277 5131 2622 5186 peroremus,
2659 5119 2870 5172 minora
2913 5119 3270 5188 rependeutcs
3304 5122 3527 5190 majori-

1951 5210 2053 5263 bus
2087 5224 2100 5261 :
2132 5208 2237 5262 hoc
2265 5208 2531 5263 duntaxat
2566 5210 2829 5266 addentes
2869 5209 2936 5265 iis
2961 5228 3082 5280 qua:
3117 5212 3378 5276 diximus,
3421 5230 3526 5268 non

1950 5301 2242 5355 minimum
2270 5315 2391 5356 esse
2410 5299 2607 5356 Joanui
2638 5302 2703 5356 ad
2734 5303 3195 5374 magnificentiam
3222 5307 3530 5374 praemium,

1950 5395 2096 5448 illam
2146 5409 2310 5463 quam
2362 5396 2414 5448 in
2469 5393 2659 5448 Patmo
2717 5395 3207 5450 liorrendissimam
3267 5396 3530 5464 Apocaly

1949 5487 2112 5556 psim,
2141 5486 2273 5541 dum
2311 5486 2460 5542 eoin
2495 5489 2615 5542 loco
2657 5488 3065 5558 praedicationis
3103 5504 3270 5543 causa
3312 5489 3528 5540 exsula-

1949 5588 2032 5633 ret
2079 5581 2202 5650 ejus
2231 5581 2455 5636 decreto
2500 5583 2594 5651 qui
2643 5593 2774 5636 tunc
2821 5596 3004 5636 rerum
3048 5581 3378 5651 potiebatur,
3419 5579 3527 5632 Deo

1949 5670 2176 5724 docente
2222 5670 2432 5726 edidit:
2466 5673 2568 5726 hoc
2598 5686 2817 5741 quoque
2864 5670 2936 5723 ob
2981 5670 3290 5724 dilectionis
3325 5684 3530 5739 puero.

1950 5762 2186 5834 gativam
2212 5762 2476 5833 singulari
2510 5778 2617 5832 pra:
2654 5763 2777 5818 aliis
2805 5761 3068 5830 apostolis
3105 5776 3329 5816 munere
3359 5761 3529 5814 dona—-

1953 5865 2058 5910 tus.
2103 5855 2269 5909 Aiunt
2313 5864 2494 5910 autem
2526 5871 2672 5917 eum,
2707 5865 2828 5926 post
2859 5869 3049 5911 sacros
3084 5855 3206 5911 illos
3241 5855 3526 5919 circuitus,

330 5966 442 6043 (2D
476 5968 566 6024 Sic
589 5969 752 6026 etiam
784 5970 840 6025 in
863 5987 1118 6028 sermone
1154 5972 1300 6028 edito
1347 5972 1410 6027 de
1453 5985 1614 6027 cruce
1652 5967 1851 6025 ΤΙιοοιΙι

1955 5985 1972 6025 s
2003 5987 2015 6022 :
2049 5967 2173 6026 Ἐπὶ
2207 5968 2263 6022 δὲ
2302 5968 2392 6022 τὸν
2427 5947 2656 6040 σταυρόν
2687 5969 2922 6024 ἐπιτέον.
