4064 6372
519 485 627 551 787
1721 485 1782 544 S.
1823 483 2216 547 THEODORI
2246 487 2601 549 STUDITE
3695 486 3800 550 788

521 607 689 670 atque
717 597 1086 669 evangelicam
1131 597 1604 669 medicationem,
1648 615 1758 671 qua
1789 599 1946 656 orbis
1973 602 2110 658 lines

2239 601 2512 675 ιδρύσατο,
2539 603 2602 658 τδ
2643 602 2792 674 ἱερὸν
2837 599 3006 658 αὐτοῦ
3051 599 3214 672 σῶμα
3263 597 3567 654 ἀποθέσθαι
3593 614 3608 630 ο
3639 598 3818 672 ταφὴν

524 697 846 764 complexus
886 700 993 757 est,
1021 692 1260 763 quodam
1289 691 1436 748 Asia:
1477 693 1596 750 loco
1637 702 1974 758 manentem,
2009 695 2103 750 ubi

2239 695 2326 761 ittv
2356 694 2500 750 κατά
2527 694 2701 749 τύπον
2747 694 2985 750 θανάτου
3008 733 3026 761 ,
3055 689 3332 764 μεταστάς
3374 691 3435 745 δὲ
3471 689 3616 762 ὑπὲρ
3654 690 3820 760 φύσιν

523 784 798 854 ρταιοίριιθ
850 782 1035 839 sedem
1088 784 1392 855 magisterii
1442 784 1832 850 collocaverat,
1884 799 2104 841 sacrum

2239 787 2572 860 tvOpmt-lqu
2588 788 2727 860 ('28),
2751 789 2842 843 ἶνα
2862 788 2968 842 κάν
2988 786 3169 857 τούτῳ
3189 784 3390 856 δοξάσῃ
3409 783 3546 848 Θεὸς
3569 783 3664 838 τὸν
3695 785 3824 838 ἑαυ-

525 889 688 930 suum
723 891 924 946 corpus
948 876 1273 946 deposuisse
1299 893 1312 930 :
1340 885 1396 930 et
1433 876 1744 946 sepulcrum
1774 876 1990 946 quidem
2020 891 2112 947 po-

2239 880 2318 934 ιοῦ
2343 882 2584 953 ἐραστὴν
2615 883 2762 954 μάλα
2786 899 2801 914 ·
2831 879 2971 936 ἀλλὰ
2996 880 3058 934 τὸ
3100 879 3201 951 μὲν
3233 878 3394 949 σῶμα
3428 878 3489 933 ὲν
3517 877 3729 942 τούτοις
3760 879 3824 932 τὸ

526 965 693 1022 situm
752 966 924 1022 fuisse
973 967 1130 1034 quasi
1185 965 1379 1020 mortis
1427 975 1645 1037 typum;
1692 965 1872 1038 ipsum
1924 975 2108 1024 tamen

2239 971 2464 1043 ιαθαρδν
2495 974 2591 1029 καὶ
2619 974 2823 1038 εὐῶδες
2873 974 2974 1028 καὶ.
3000 971 3072 1026 τὰ
3111 972 3391 1043 στίγματα
3435 970 3533 1025 τοῦ
3579 967 3824 1042 Χριστοῦ

529 1072 695 1128 supra
737 1068 945 1112 natura:
974 1059 1228 1111 humanae
1269 1057 1642 1113 conditionem
1673 1059 2018 1120 translatum,
2057 1068 2118 1114 ut

2239 1063 2399 1134 ρέρον
2427 1079 2440 1093 ·
2463 1067 2540 1136 ,τῇ
2567 1065 2625 1118 δὲ
2657 1064 2811 1135 ψυχῇ
2843 1061 2982 1134 οὔσῃ
3021 1062 3098 1127 ὡς
3146 1059 3372 1131 άληθῶς
3407 1058 3560 1131 ἡλίου
3592 1076 3825 1128 φωτοει-

529 1151 634 1205 hac
665 1165 884 1221 quoque
912 1149 1129 1205 ratione
1169 1150 1472 1220 praecipuas
1502 1149 1645 1206 Deus
1680 1151 1905 1206 honoris
1937 1159 2119 1220 partes

2239 1155 2490 1228 Βεστέρᾳ,
2513 1156 2764 1221 άναπτάς
2797 1155 2909 1211 τῶν
2955 1153 3172 1209 ἐνθένδε
3211 1152 3483 1224 άγγελικῇ
3520 1151 3827 1224 δορυφορίᾳ

530 1241 766 1296 amatori
799 1256 902 1298 suo
934 1239 1192 1296 deferret.
1235 1239 1304 1294 Et
1333 1256 1536 1312 corpus
1575 1241 1795 1312 quidem
1829 1242 1914 1298 sic
1961 1242 2120 1297 babi-

2239 1247 2312 1310 εἰς
2347 1247 2666 1303 ἐκεῖνοντὸν
2719 1248 2900 1321 χῶρον
2951 1246 3287 1320 μετελήλυθε
3329 1245 3425 1300 τὸν
3457 1245 3627 1316 ιαύτῷ
3681 1243 3824 1315 πρέ·-

531 1343 643 1388 ιιιηι
675 1341 783 1399 est,
817 1347 1015 1402 purum
1043 1332 1173 1388 illud
1201 1347 1266 1388 ac
1295 1348 1464 1388 suave
1495 1333 1768 1404 fragrans,
1797 1333 2116 1405 Christique

2239 1352 2395 1390 τοντα
2453 1337 2557 1409 τῆς
2619 1339 2866 1412 ἀρρήτου
2939 1338 3037 1394 καὶ
3102 1332 3497 1406 πρωτοφανοῦς
3555 1332 3825 1404 ἀγαλλιά-

529 1425 787 1495 stigmata
835 1441 1077 1495 gerens:
1109 1425 1295 1480 anima
1340 1434 1545 1494 autem,
1589 1442 1711 1497 quae
1742 1426 1884 1481 lueis
1933 1424 2120 1496 splen-
2228 1445 2392 1494 σεως.

530 1517 758 1575 duribus
786 1535 975 1575 revera
999 1519 1168 1575 solem
1209 1521 1522 1590 superabat,
1555 1521 1624 1576 ab
1673 1521 1926 1576 humanis
1961 1523 2207 1591 evolans,
2245 1526 2579 1595 stipantibus
2616 1528 2933 1601 angelorum
2971 1526 3178 1591 choris,
3211 1523 3277 1580 ad
3343 1523 3526 1578 locum
3578 1519 3822 1576 transiit.

533 1616 631 1687 qui
681 1615 860 1685 ipsam
914 1617 1166 1679 decebat,
1233 1616 1624 1673 inenarrabilis
1651 1617 1800 1673 illius
1831 1617 2106 1688 primique
2142 1633 2206 1673 ac
2237 1619 2610 1679 lucentissimi
2639 1625 2849 1695 gaudii.

605 1710 697 1766 12.
753 1710 860 1765 Sed
915 1725 954 1766 ο
1000 1710 1354 1778 beatissime,
1414 1721 1605 1782 terque
1657 1713 2002 1779 beatissime,
2057 1728 2122 1770 ac

2296 1715 2386 1786 ιβ’.
2430 1718 2573 1772 Ἀλλ’
2595 1713 2640 1774 ὧ
2692 1719 3106 1792 μακαριώτατε,
3147 1718 3241 1774 καὶ
3276 1714 3828 1790 τρισμακαριιὶηατε,

531 1817 763 1875 prorsus
793 1803 1108 1858 beatissime
1147 1801 1385 1859 Joannes
1415 1823 1430 1859 :
1459 1819 1657 1875 magne
1690 1804 1967 1876 Evangelii
2017 1806 2123 1872 sol,

2239 1811 2323 1864 καὶ
2372 1811 2890 1883 παμμακαριώτατε
2924 1813 3171 1883 Ἰωάννη,
3199 1813 3228 1866 ὁ
3262 1811 3437 1883 μέγας
3458 1806 3550 1862 τοῦ
3576 1807 3829 1874 ΕὖαΥΥθ·

530 1897 679 1966 jngis
724 1895 1011 1965 theologia;
1057 1899 1357 1966 scaturigo,
1401 1897 1697 1968 apostolice
1745 1912 1917 1962 rame,
1964 1897 2128 1954 Petro

535 2001 784 2056 campar,
833 1997 888 2042 tu
925 2003 1025 2043 nos
1055 1988 1122 2042 de
1167 1988 1322 2044 melis
1373 1988 1609 2060 benigne
1653 1989 1889 2045 intuere.
1933 1988 2126 2044 Viden‘

537 2093 705 2149 quam
727 2079 800 2134 sit
827 2081 1002 2135 tristis
1024 2081 1216 2134 horum
1244 2079 1565 2136 inferiorum
1601 2080 1812 2138 facies?
1840 2080 2128 2138 Destructa

539 2182 669 2228 sunt
709 2171 907 2226 altaria
951 2173 1199 2242 angustis
1235 2172 1547 2228 simulacris
1573 2183 1877 2228 coronata:
1911 2175 2129 2230 ablatus

537 2272 626 2320 est
651 2279 934 2320 sacrorum
961 2265 1285 2335 templorum
1314 2267 1480 2320 decor
1508 2285 1521 2321 ι
1553 2265 1759 2321 Christi
1786 2268 1964 2337 imago
1990 2266 2129 2320 ludi-

535 2356 661 2413 brio
701 2357 888 2412 habita
928 2367 1011 2412 est
1049 2366 1104 2412 et
1131 2358 1198 2412 ad
1237 2357 1468 2413 nihilum
1515 2359 1735 2413 redacta
1773 2359 1827 2413 in
1875 2359 2126 2425 urbibus,

536 2451 678 2518 ruri,
726 2451 1171 2522 domi:insuper
1224 2452 1388 2506 ctiam
1444 2450 1716 2522 Deiparae,
1769 2468 1834 2506 ac
1883 2451 2130 2522 cujusvis

537 2543 680 2599 alius
725 2545 801 2598 tui
839 2543 1127 2608 similium,
1173 2553 1268 2599 aut
1299 2544 1463 2599 etiam
1507 2553 1560 2599 te
1605 2545 1904 2609 minorum,
1958 2559 1988 2599 ιι
2017 2543 2130 2599 Deo

539 2633 849 2690 atllatorum
891 2633 1140 2690 Patrum.
1187 2634 1457 2690 Luctuosa
1504 2636 1712 2692 omnia.
1749 2635 1984 2690 Assume
2024 2633 2130 2689 Pe-

541 2737 713 2791 trum,
763 2743 979 2798 unaque
1020 2725 1289 2782 Iacobum
1345 2743 1600 2784 assumas
1658 2743 1937 2798 rogamus.
1994 2726 2132 2782 Tres

541 2834 667 2886 vos,
704 2818 907 2875 Christi
945 2819 1180 2875 comites
1207 2818 1444 2885 assidui,
1479 2835 1604 2873 cum
1640 2829 1725 2874 est
1767 2821 2126 2890 transﬁgurata

542 2922 658 2976 tus,
685 2928 809 2969 cum
849 2903 1109 2984 pleraque
1147 2911 1414 2967 miracula
1447 2912 1656 2977 ederet,
1683 2926 1808 2967 cum
1854 2911 1905 2965 in
1935 2911 2130 2982 agonia

545 3021 739 3077 preces
774 3004 1050 3070 funderet,
1083 3005 1234 3060 velut
1257 3004 1372 3074 jam
1411 3003 1638 3075 collegis
1681 3004 1806 3060 aliis
1847 3019 1910 3059 ae
1938 3002 2132 3059 condi-

545 3073 773 3171 scipulis
820 3100 997 3172 magis
1027 3099 1341 3171 ,spiritales,
1375 3114 1438 3152 ac
1481 3073 1664 3152 divina
1699 3097 1880 3164 docti;
1932 3097 2038 3169 ipsi
2081 3105 2137 3152 et
2161 3073 2205 3132 (ἶ

545 3192 714 3249 modo
735 3208 860 3248 cum
893 3193 1051 3248 beata
1078 3207 1272 3247 novem
1299 3191 1576 3246 sociorum
1611 3198 1853 3256 caterva,
1886 3199 2134 3246 sanctam

549 3285 714 3340 nobis
772 3283 1096 3339 Trinitatem
1150 3283 1442 3354 propitiam
1494 3281 1724 3346 reddite,
1772 3289 1835 3336 ut
1881 3280 2138 3336 Christus

550 3376 801 3446 iniquum
829 3376 935 3431 hoc
980 3391 1128 3431 mare
1159 3377 1430 3445 increpet,
1470 3382 1529 3429 ut
1559 3373 1836 3443 quondam
1866 3375 2140 3444 increpuit

550 3468 694 3538 apud
739 3465 1122 3532 Tiberiadem;
1159 3465 1578 3537 tranquillitate,
1613 3480 1735 3535 quae
1771 3480 1961 3536 pacem
2001 3480 2142 3535 prat-

553 3569 683 3625 stet,
718 3559 963 3616 vicissim
991 3560 1312 3626 exoriente;
1342 3569 1402 3614 ut
1445 3575 1573 3615 suas
1615 3559 1731 3629 ipse
1759 3558 2044 3621 ecclesias,
2085 3558 2139 3612 in

553 3652 845 3722 antiquam
892 3650 1039 3706 illam
1085 3659 1139 3705 et
1165 3649 1468 3720 jucundam
1503 3648 1844 3705 orthodoxia:
1889 3658 2144 3702 venusta-

556 3753 671 3800 tem
716 3745 962 3799 reducat.
995 3741 1076 3804 Tu
1129 3758 1258 3798 vero
1305 3743 1437 3797 mihi
1479 3741 1796 3807 temerario,
1844 3741 1926 3795 vir
1961 3741 2138 3808 beate,

556 3838 827 3910 prepitius
859 3845 1007 3902 esto,
1039 3836 1130 3906 qui
1160 3836 1468 3900 debuerim,
1503 3842 1562 3890 at
1604 3850 1712 3889 non
1753 3833 2089 3888 laudaverim
2127 3849 2140 3886 :

558 3933 656 3988 sed
703 3941 757 3988 et
806 3946 898 3986 eos
949 3931 1231 4001 suscipere
1272 3929 1536 4001 digneris,
1586 3927 1681 3998 qui
1729 3927 1993 3998 templum
2043 3927 2144 3981 hoc

556 4040 723 4096 quam
769 4033 961 4079 ornate
999 4034 1106 4078 tam
1154 4031 1476 4092 sumptuose
1516 4020 1615 4075 tibi
1641 4024 2054 4078 exstruxerunt,
2089 4017 2144 4071 in

557 4133 674 4190 quo
719 4126 774 4173 et
826 4118 1011 4188 plures
1061 4116 1115 4169 in
1174 4113 1480 4177 vestibulis,
1528 4113 1926 4167 monachorum
1970 4125 2142 4174 more,

561 4225 792 4280 corpora
832 4225 930 4264 sua
973 4208 1330 4278 reliquerunt,
1389 4217 1446 4261 ut
1496 4207 1584 4261 hic
1625 4207 1813 4276 positi,
1861 4202 2146 4275 splendido

559 4305 886 4374 ewlcstique
916 4303 1270 4359 tabernaculo
1299 4313 1394 4358 tuo
1433 4303 1887 4368 advolverentur;
1938 4312 1991 4358 te
2025 4312 2147 4357 tan-

561 4407 680 4453 tum
715 4397 898 4452 videre
926 4405 1201 4464 optantes.
1234 4412 1360 4450 cum
1400 4397 1658 4449 universo
1696 4410 1882 4466 grege,
1927 4411 2028 4464 pro
2059 4395 2142 4448 di-

562 4486 788 4557 gnitatis
822 4499 1102 4549 mensura,
1135 4494 1402 4554 quantum
1435 4485 1506 4538 iis
1538 4498 1866 4538 concessum
1899 4492 2003 4546 est,
2047 4485 2138 4552 qui

563 4596 595 4635 e
627 4588 772 4634 terra
812 4577 868 4632 in
905 4575 1074 4632 solem
1104 4577 1283 4646 ipsum
1322 4575 1597 4646 aspiciunt
1625 4591 1642 4630 :
1673 4576 1724 4630 in
1761 4574 1982 4631 Christo
2014 4574 2141 4631 Jesu

564 4670 797 4727 Domino
827 4679 1036 4734 nostro,
1065 4684 1230 4738 quem
1253 4669 1409 4724 decet
1435 4668 1614 4720 omnis
1641 4667 1837 4738 gloria,
1865 4669 2064 4734 honor,
2091 4679 2146 4723 et

564 4762 834 4825 adoratio,
885 4777 1012 4817 cum
1056 4758 1218 4815 Patre
1258 4775 1321 4814 ac
1373 4771 1564 4815 sancto
1601 4759 1833 4828 Spiritu,
1889 4775 2038 4816 nunc
2091 4770 2146 4816 et

567 4871 805 4928 semper,
829 4864 886 4911 et
915 4855 966 4908 iu
997 4854 1199 4910 sarcula
1217 4853 1568 4911 saeculorum.
1595 4852 1791 4908 Amen.

2225 1906 2344 1960 λίου
2394 1907 2569 1978 ἥλιος,
2598 1911 2626 1963 ὁ
2659 1908 2835 1982 βρυὴρ
2873 1911 2976 1980 τῆς
3025 1909 3307 1979 θεολογίας
3354 1909 3382 1962 ὁ
3427 1907 3676 1970 ἀένναος,
3715 1903 3830 1958 τῶν

2229 2001 2544 2056 ἀποστόλων
2585 2003 2848 2074 άκρέμων
2887 2002 3026 2073 (20),
3076 2003 3337 2073 ίσόπετρε
3387 2000 3524 2071 (50),
3552 2001 3620 2053 σὺ
3671 1997 3829 2068 ἡμᾶς

2228 2093 2524 2164 οὐρανόθεν
2571 2093 2820 2165 εὐμενῶς
2864 2094 3038 2161 ἔπιδε,
3068 2095 3200 2164 ὅσης
3237 2091 3309 2146 τά
3352 2086 3456 2146 ὧδε
3485 2088 3823 2161 κατηφείας,

2229 2185 2534 2255 ἠφάνισται
2562 2185 2932 2258 θυσιαστήρια
2955 2184 3266 2256 ἐστεμμένα
3289 2183 3456 2245 θείοις
3481 2181 3825 2251 ἀγάλμασιν,

2230 2277 2517 2349 ἀφῄρηται
2537 2277 2684 2332 ναῶν
2718 2277 2881 2349 ἱερῶν
2927 2277 3238 2348 εὐπρέπεια
3263 2293 3276 2307 ·
3302 2277 3336 2346 ἡ
3374 2273 3539 2328 εἰκὼν
3585 2273 3830 2344 Χριστοῦ

2231 2371 2599 2443 καθύϐρισται
2619 2388 2634 2403 ο
2663 2369 3019 2436 ὲξουδένωται
3047 2371 3142 2424 καὶ
3165 2371 3223 2423 ὲν
3265 2369 3483 2423 πόλεσιν
3511 2366 3608 2420 καλ⁵
3629 2367 3689 2418 ἒν
3719 2363 3832 2436 χὼ·

2233 2485 2358 2539 ραις
2419 2468 2514 2520 καὶ
2552 2467 2672 2520 κατ’
2721 2467 2908 2528 οίκους
2932 2475 2949 2496 ⁸
2985 2465 3122 2536 πρὸς
3163 2463 3221 2518 δὲ
3266 2464 3363 2518 καὶ
3407 2461 3508 2532 τῆς
3547 2459 3831 2528 Θεομήτο-

2235 2576 2328 2630 ρος
2367 2558 2502 2631 (51),
2527 2560 2630 2618 καὶ
2673 2553 2744 2614 οὗ
2783 2575 2931 2622 τινος
2969 2553 3066 2611 οὖν
3112 2556 3278 2611 ἄλλου
3323 2553 3432 2608 τῶν
3479 2547 3592 2615 οἷος
3624 2553 3691 2604 σὺ
3732 2550 3834 2604 καὶ

2237 2650 2406 2722 μείων
2434 2648 2528 2704 σοῦ
2559 2649 2856 2720 θεοφόρων.
2909 2646 3178 2720 Ὀδυρμοῦ
3207 2647 3277 2700 τά
3297 2645 3500 2699 πάντα.
3541 2640 3696 2697 Λάϐε
3718 2639 3830 2695 Πέο

2233 2758 2385 2810 τρον,
2413 2738 2816 2812 συμπαράλαϐε
2858 2737 3138 2802 Ἰάκωϐον,
3161 2734 3397 2806 δεόμεθα
3420 2749 3432 2761 ·
3468 2733 3519 2786 οί
3547 2732 3701 2802 τρεῖς
3739 2728 3835 2783 ἀεὶ

2233 2830 2458 2904 Χριστῷ
2483 2849 2546 2884 συ
2555 2831 2882 2903 μπάρεδροι,
2916 2845 3275 2900 μεταμορφου
3284 2826 3454 2898 μένῳ,
3478 2824 3835 2890 θαυματουρο

2234 2924 2423 2993 γοῦντι
2443 2923 2513 2976 τὰ
2541 2923 2736 2987 πολλὰ,
2758 2922 3086 2991 άγωνιῶντι.
3130 2916 3558 2991 προσευχομένῳ
3583 2932 3597 2945 '
3623 2914 3700 2977 ὡς
3726 2913 3838 2984 ἤδη

2237 3016 2347 3071 τῶν
2375 3015 2680 3088 ὀμοχὼρων
2717 3013 3138 3086 μυστικώτεροι,
3172 3009 3329 3064 αὐτοὶ
3374 3009 3469 3062 καὶ
3505 3006 3604 3061 νῦν
3633 3005 3735 3059 σὺν
3765 3006 3836 3075 τῇ

2238 3107 2400 3180 λοιπῇ
2461 3105 2739 3179 σεϐασμίᾳ
2790 3105 2971 3160 ὲννάδι
3018 3103 3117 3175 τὴν
3157 3103 3323 3171 άγίαν
3371 3098 3581 3170 Τριάδα
3620 3096 3837 3168 εὐμενῆ

2239 3202 2372 3272 ἡμῖν
2399 3197 2840 3269 καταστήσασθε,
2887 3197 3218 3267 ἐπιτιμῆσαι
3246 3193 3482 3267 Χριστὸν
3511 3195 3580 3263 τῇ
3611 3191 3839 3262 πονηρᾷ

2237 3293 2412 3365 ταύτῃ
2443 3291 2709 3365 θαλάσσῃ,
2738 3289 2813 3354 ὥς
2849 3306 2977 3343 ποτε
3009 3290 3078 3360 τῇ
3123 3286 3439 3358 Τιϐεριάδι,
3467 3283 3714 3353 γαλήνης
3756 3283 3838 3335 εἰ-

2245 3383 2553 3459 ρηνοδώρου
2605 3381 3070 3454 άντανισχούσης,
3103 3378 3509 3450 ὲπαναδραμείν
3557 3375 3660 3438 τὰς
3702 3375 3840 3428 ἑαυ-

2241 3475 2336 3529 τοῦ
2381 3474 2710 3546 Ἐκκλησίας
2746 3474 2826 3536 είς
2854 3472 2951 3542 τὴν
2971 3469 3204 3541 ἀρχαίαν
3242 3469 3337 3522 καὶ
3369 3467 3698 3539 ἀρεσθείσαν
3735 3465 3842 3534 τῆς

2243 3566 2555 3640 ὀρθοδοξίας
2608 3562 2922 3635 ὡραιότητα
2945 3577 2960 3592 ο
3016 3561 3142 3631 ἐμοὶ
3178 3559 3235 3614 δὲ
3269 3559 3335 3613 σὺ
3361 3556 3440 3626 τῷ
3467 3555 3764 3627 τολμητίᾳ,
3793 3547 3841 3606 ὦ

2249 3660 2456 3731 μάκαρ,
2493 3658 2652 3722 ἵλεως
2705 3656 2798 3710 ἔσο
2839 3653 3138 3726 ὀφλήσαντι
3185 3653 3288 3706 οὐκ
3324 3651 3718 3705 ὲπαινὲσαντιο
3745 3647 3844 3701 καί

2245 3769 2309 3822 γε
2338 3751 2520 3816 δέξαιο
2547 3751 2674 3811 τοὺς
2701 3747 2852 3801 τόνδε
2898 3763 2984 3799 σοι
3023 3745 3118 3799 τὸν
3165 3745 3295 3799 ναὸν
3339 3742 3477 3814 ὁμοῦ
3532 3742 3630 3813 μὲν
3674 3757 3843 3811 περι-

2245 3843 2482 3907 καλλῶς,
2516 3841 2666 3913 ὁμοῦ·
2689 3840 2746 3894 δὲ
2785 3838 2878 3892 καὶ
2918 3837 3252 3909 περιουσίως
3293 3834 3620 3906 ἐγείραντας
3644 3849 3659 3863 ·
3701 3834 3762 3886 ὲν
3793 3825 3842 3901 ᾧ

2247 3941 2340 3993 καὶ
2373 3937 2440 3991 τὰ
2473 3934 2701 4006 σώματα
2736 3933 2786 3986 οί
2818 3931 3039 3994 πλείους
3081 3927 3396 3999 ἀσκητικῶς
3431 3927 3622 3980 εῐασαν
3655 3926 3738 3988 εἰς
3769 3924 3842 3977 τὰ

2247 4030 2536 4102 προαύλια,
2561 4027 2637 4090 ὡς
2678 4024 2913 4080 ἐνταῦθα
2947 4023 3051 4094 τῆς
3099 4021 3198 4092 σῆς
3242 4019 3552 4090 φανοτάτης
3578 4016 3839 4087 οὐρανίου

2249 4123 2454 4194 σκηνῆς
2496 4120 2900 4191 παραρριπτεῖν
2957 4115 3039 4169 δεῖ
3077 4111 3331 4167 τοσοῦτον
3377 4109 3742 4178 ἀξιουμένους
3777 4125 3837 4160 σε

2246 4219 2382 4289 ὁρᾷν
2414 4213 2512 4268 σὺν
2546 4212 2709 4265 παντὶ
2752 4208 2829 4281 τῷ
2859 4205 3097 4279 ποιμνίῳ
3137 4203 3282 4258 κατὰ
3327 4203 3623 4272 διάμετρον
3656 4199 3840 4264 ἀξίας,

2247 4311 2372 4364 ὅσον
2395 4307 2445 4362 οἱ
2472 4305 2611 4377 πρὸς
2635 4303 2798 4356 αὐτὸν
2827 4301 2919 4354 τὸν
2947 4301 3102 4372 ἥλιον
3138 4296 3545 4354 ἀποϐλέποντες
3567 4310 3582 4324 ·
3610 4295 3671 4346 ἐν
3704 4294 3843 4363 Χρι-

2177 4435 2220 4489 ῐ)
2252 4401 2362 4473 στῷ
2396 4397 2574 4470 Ἰησοῦ
2610 4394 2688 4466 τῷ
2734 4394 2926 4464 Κυρίῳ
2955 4392 3136 4463 ἡμῶν,
3175 4382 3221 4456 ᾧ
3260 4388 3464 4458 πρέπει
3501 4387 3656 4487 πᾶσα
3683 4385 3840 4489 δόξα,

2247 4495 2402 4565 τιμὴ,
2427 4491 2521 4546 καὶ
2549 4487 2943 4561 προσκύνησις,
2977 4485 3096 4553 ἆμα
3127 4481 3204 4552 τῷ
3232 4482 3342 4533 Πατ
3355 4481 3407 4548 pi.
3451 4479 3547 4532 καὶ
3586 4477 3668 4546 τῷ
3698 4477 3844 4546 ἁγίῳ

2251 4584 2554 4654 Πνεύματι,
2586 4582 2682 4636 νῦν
2710 4581 2804 4634 καὶ
2833 4578 2921 4633 ἀεὶ
2944 4576 3038 4631 καὶ
3074 4578 3154 4640 είς
3170 4574 3299 4639 τοὺς
3329 4571 3534 4635 αἰῶνας
3564 4569 3678 4624 τῶν
3707 4570 3839 4622 αἰώ-

2251 4694 2378 4732 νων.
2423 4674 2614 4744 Ἀμήν.

1985 4992 2417 5052 ADNOTATIO.

646 5107 817 5177 Igitur
860 5117 1070 5178 septem
1101 5107 1374 5162 Theodori
1411 5105 1646 5178 Studita:
1690 5106 2056 5177 panegyricas
2091 5107 2387 5164 Orationes
2418 5108 2689 5168 dedimus,
2725 5118 2960 5178 quarum
3014 5101 3146 5178 dine
3172 5099 3365 5178 Latine
3381 5105 3634 5178 "tantum

573 5165 812 5249 fuerant,
851 5165 1073 5249 reliquae
1105 5196 1205 5234 nec
1233 5178 1420 5233 Graece
1454 5193 1555 5249 nec
1577 5165 1810 5249 ALat'ine.
1834 5165 1986 5249 Knte
2028 5195 2127 5234 nos
2165 5189 2346 5234 tamen
2377 5165 2685 5234 exstabant
2716 5165 2836 5249 alite
2868 5188 3065 5249 novent
3098 5170 3348 5249 ejusdem
3380 5166 3609 5249 Studitge
3639 5165 3848 5249 malit}.

573 5268 690 5306 nes.
739 5248 778 5302 Ι.
817 5249 871 5304 In
915 5244 1132 5305 crucem
1183 5250 1415 5311 Domini,
1447 5247 1542 5304 Gr.
1573 5244 1710 5302 Lat.‘
1735 5249 1874 5318 apud
1903 5248 2222 5304 Gretserum
2266 5265 2356 5316 op.
2397 5249 2469 5303 De
2499 5256 2746 5318 cruce,rt_.
2781 5245 2846 5318 ιι,

2883 5259 2936 5314 p.
2969 5235 3200 5314 9.§_l.:ll.
3236 5239 3294 5314 In
3334 5237 3677 5314 nativitatem
3704 5235 3851 5314 pei-

570 5304 743 5394 parte,
783 5321 884 5376 Gr.
917 5304 1038 5376 Lat.
1075 5304 1414 5376 editavinter'
1439 5304 1881 5386 Damascenicas,
1924 5329 1983 5374 ut
2020 5335 2122 5375 nos
2143 5321 2262 5388 jam
2294 5304 2558 5384 diximus,
2587 5304 2761 5388 p.34.
2800 5304 2955 5370 lll'et
2983 5312 3076 5367 ιγ.
3111 5313 3188 5368 De
3213 5309 3543 5365 adoratione
3568 5306 3672 5362 SS.
3703 5304 3850 5359 ima-

643 5463 756 5532 (28)
785 5463 922 5518 Nota
955 5472 1102 5528 sunt,
1131 5477 1252 5531 qua:
1275 5462 1343 5516 de
1385 5461 1556 5515 sancti
1589 5459 1818 5532 Joannis
1850 5454 2160 5512 extraordi-

573 5529 733 5588 nario
763 5535 950 5588 obitus
982 5529 1200 5602 genere,
1239 5532 1320 5586 vel
1351 5532 1514 5584 etiam
1559 5529 1930 5602 translatione
1952 5537 2043 5602 a_ut
2073 5545 2159 5602 re-

575 5606 944 5669 surreCtione,
983 5598 1208 5656 narrant
1253 5602 1503 5655 nonnulli
1546 5611 1755 5655 veteres
1791 5599 1932 5669 apud
1958 5598 2158 5653 Sandi-

574 5679 724 5728 nium
757 5677 813 5728 in
843 5674 986 5728 Hist.
1017 5683 1190 5742 apost.
1219 5687 1272 5738 ῃ.
1312 5670 1436 5728 189.
1469 5670 1688 5726 Festum
1723 5671 1845 5742 ejus
1877 5671 2152 5742 μεταστά-

578 5762 714 5808 σεως
748 5755 831 5800 est
861 5746 914 5798 in
950 5740 1069 5798 Kal.
1111 5743 1326 5806 Graeco,
1347 5743 1436 5796 die
1460 5743 1530 5796 26
1566 5752 1707 5811 sept.
1733 5740 1948 5811 Laudes
1972 5740 2152 5811 eidem

579 5816 824 5884 insignes
849 5816 978 5869 dicit
1008 5824 1233 5867 sam-tus
1259 5813 1566 5883 Cyrillusin
1596 5809 1820 5866 humilia
1847 5809 1986 5881 Opp.
2023 5820 2061 5864 t.
2086 5809 2148 5874 Υ,

583 5897 722 5954 part.
765 5902 826 5946 ιι,
859 5901 912 5954 p.
945 5885 1072 5939 380.

657 5955 771 6027 (29)
806 5950 1111 6012 “lustratur
1167 5953 1269 6011 hoc
1319 5954 1648 6011 vocabulum
1674 5953 1744 6010 ab
1773 5950 1979 6009 inedito
2010 5950 2151 6022 apud

2267 5473 2353 5512 me
2381 5455 2502 5511 Jobi
2556 5456 2997 5524 interpretecap.
3024 5465 3136 5524 xlv.
3176 5447 3208 5500 7
3250 5464 3284 5524 :_
3307 5446 3365 5499 ὐ
3385 5441 3673 5524 pasam;
3698 5442 3856 5494 ἐστιν

2266 5528 2466 5589 παντὸς
2494 5513 2718 5597 δένδροὸ
2743 5523 2806 5597 τδ
2834 5513 3024 5597 ἀκρον,
3087 5521 3227 5589 ὅπερ
3261 5513 3547 5597 ἀκρέμονα
3571 5513 3852 5590 λέγουσιν.

2337 5585 2712 5668 (ὂοῇίξοιηροι-
2747 5585 2926 5668 Pen-0'
2948 5585 3158 5668 honore
3180 5585 3854 5668 mposiolatustuon‘pri—

2261 5655 2466 5724 matus.
2497 5655 2712 5721 Etenim
2736 5665 3033 5734 primatum
3067 5655 3310 5714 vindieat
3361 5655 3523 5734 Retro
3567 5655 3690 5734 ipse
3712 5655 3854 5733 Stu-

2257 5723 2374 5794 dita
2414 5723 2470 5793 in
2530 5723 3014 5808 praecedentibus"
3049 5745 3168 5808 ‘nec
3205 5743 3313 5782 nou
3353 5725 3476 5781 aliis
3506 5724 3646 5779 locis
3681 5723 3737 5776 in
3769 5723 3854 5777 in-

2255 5811 2377 5865 dice
2405 5802 2792 5864 Sirmondiano
2819 5802 3116 5858 adnotatis.

2337 5864 2452 5950 (3t)
2487 5879 2661 5948 Luget
2690 5875 2929 5950 Studits,
2982 5882 3040 5927 ut
3093 5872 3146 5950 in
3200 5869 3325 5950 aliis
3348 5866 3556 5939 passim
3597 5864 3849 5937 scriptis,

2261 5940 2757 6010 lcduoinacliorum
2784 5946 2872 6004 sui
2905 5943 3168 6016 temporis
3211 5940 3442 5997 scelera.
