4064 6372
479 397 589 466 795

1634 395 1649 414 ί
1695 393 1756 454 8.
1778 388 2172 451 THEODORI
2196 388 2543 450 STUDITE

3646 390 3750 454 796

480 514 517 569 (Ι
541 526 649 567 ιωο
683 522 878 581 expers
906 504 1220 580 praefectos,
1276 520 1437 579 reges
1491 504 1661 562 homo
1694 502 1831 558 nihil
1858 510 2066 579 praeter

2192 499 2483 571 ιεριέσεται
2512 499 2527 551 l
2570 499 2599 554 ό
2632 499 2794 572 ἀρνδς
2817 498 2926 555 τῶν
2952 499 3157 566 λύκων,
3177 501 3206 554 ό
3231 495 3314 565 εἷς
3342 500 3450 555 τῶν
3474 502 3751 573 μυριάδων

486 604 707 660 unicam
743 600 985 659 tunicam
1045 611 1267 672 geStans
1293 598 1319 655 ἲ
1346 598 1440 655 sed
1485 608 1746 666 tanquam
1778 594 1955 650 ﬁdelis
1980 591 2066 648 fa-

489 698 673 755 mulus
701 693 986 752 Dominico
1008 692 1272 749 mandato
1317 690 1652 761 obsequens,
1687 686 1919 744 discedit
1977 685 2071 741 la:-

491 804 612 857 tus,
641 788 780 845 nihil
825 801 1012 845 secum
1043 783 1246 851 ferens,
1302 792 1500 853 praeter
1527 779 1832 852 pretiosum
1866 776 2071 835 Christi

492 898 712 951 nomen,
746 879 992 954 cujusvis
1015 886 1310 935 armaturae
1340 874 1482 931 loco.

561 1060 620 1117 4.
662 1058 837 1132 Igitur
863 1056 933 1114 ad
969 1054 1298 1112 destinatam
1329 1052 1435 1110 sibi
1481 1050 1759 1123 regionem
1815 1049 2032 1107 delatus
2055 1088 2071 1111 ,

493 1160 700 1225 quanta
730 1151 806 1207 ibi
860 1148 1094 1217 fecerit,
1134 1155 1340 1219 quanta
1374 1143 1699 1217 pertulerit,
1734 1143 1875 1200 dicet
1897 1146 2074 1200 oratio

496 1255 682 1304 nostra
704 1284 723 1313 ,
752 1230 956 1316 partim
999 1257 1066 1298 ex
1101 1241 1330 1313 antiqua
1367 1238 1661 1296 traditione
1682 1279 1698 1306 ,
1752 1236 1950 1310 partim
1983 1251 2074 1292 se-

495 1338 735 1397 cundum
801 1333 1244 1406 evangelicorum
1309 1330 1696 1387 mandatorum
1741 1329 2073 1401 anaIOgiam.

494 1429 633 1487 Nam
678 1428 725 1486 si
764 1427 858 1484 lux
885 1425 1077 1482 mundi
1106 1432 1258 1492 erat,
1310 1423 1503 1496 utique
1542 1421 1684 1479 lucis
1728 1436 1895 1493 opera
1945 1420 2078 1479 fecit

499 1523 642 1580 inter
695 1518 1072 1577 tenebricosos
1113 1535 1128 1573 :
1177 1525 1235 1572 et
1284 1516 1330 1572 si
1379 1516 1462 1574 sal
1507 1524 1695 1582 terrm,
1743 1516 1862 1572 sine
1913 1515 2079 1572 dubio

501 1613 845 1672 irrationales
877 1620 1067 1684 gentes
1100 1609 1218 1666 sale
1246 1608 1514 1666 condiens
1547 1648 1562 1667 .
1594 1607 1879 1664 mundavit
1905 1625 1919 1663 :
1947 1615 2003 1663 et
2031 1607 2077 1664 si

499 1704 784 1778 operarius
836 1702 1142 1775 appellatus
1193 1699 1337 1766 fuit,
1393 1699 1641 1770 sequitur
1693 1708 1753 1754 ut
1777 1700 2078 1772 spiritalem

503 1793 895 1866 agriculturam
925 1791 1135 1848 fecerit.
1158 1789 1316 1858 Quod
1337 1806 1467 1846 vero
1487 1791 1851 1847 communiter
1871 1790 2077 1848 dictum

2167 591 2197 645 ό
2225 590 2378 657 ξένος
2400 592 2510 647 τῶν
2536 591 2879 665 πολυούχων,
2904 592 2935 647 ό
2960 592 3207 659 ἀνέστιος
3265 593 3377 649 τῶν
3442 594 3752 666 ἡγεμόνιον,

2167 683 2279 739 τῶν
2323 683 2593 755 βασιλέων
2615 685 2645 738 ό
2685 684 3024 757 μονοχίτων;
3075 685 3191 740 ἀλλ’
3232 681 3323 742 οἶα
3367 686 3625 761 θεράπων
3663 708 3757 745 πιο

2172 773 2297 839 στδς
2306 772 2386 845 τῷ
2398 775 2465 828 Δε
2471 773 2713 847 σποτικῷ
2724 790 2938 829 καταπε
2947 774 3142 847 ιθήσας
3162 776 3412 848 προστάγ
3419 795 3574 849 ματι,
3592 779 3699 834 ἀπε
3706 798 3756 833 ι-

2173 883 2258 921 σιν
2283 866 2514 938 χαίρων,
2537 866 2693 922 οὐδὲν
2731 868 3133 941 ἐπιφερόμενος
3156 868 3273 940 μεθ’
3303 869 3502 924 ἐαυτοῦ
3528 870 3562 941 ἢ
3595 871 3760 943 μόνον

2171 959 2342 1031 τδξτοῦ
2360 959 2599 1031 Χριστοῦ
2614 959 2981 1033 πολυτίμητον
2995 959 3188 1032 ὄνομα,
3213 962 3335 1017 ἀντὶ
3350 962 3552 1028 παντὸς
3566 964 3759 1022 ὅπλου.

2244 1054 2312 1108 δ’.
2352 1052 2550 1108 Τοίνυν
2577 1051 2907 1108 κατᾱαεὼν
2952 1052 3014 1107 τὸ
3069 1054 3493 1126 κεκληρωμένον
3539 1054 3760 1127 ἔδαφος,

2174 1146 2275 1200 ὅσα
2318 1147 2501 1201 ἐκεῖσε
2549 1145 2796 1217 ἔδρασεν,
2841 1145 2944 1200 ὅσα
2977 1144 3211 1210 ὑποίσας
3241 1146 3499 1218 ἤνεγκεν,
3536 1148 3763 1224 ίστορή-

2177 1253 2323 1293 σειεν
2347 1238 2377 1290 ό
2416 1237 2595 1308 λόγος,
2625 1236 2697 1292 τά
2720 1239 2824 1310 μὲν
2849 1241 2993 1295 κατά
3019 1240 3321 1310 παράδοσιν
3344 1242 3765 1315 ἀρχαιολογίας,

2177 1330 2246 1385 τά
2269 1329 2329 1385 δὲ
2351 1329 2495 1386 κατά
2527 1330 2823 1400 ἀναλογίαν
2846 1330 2958 1385 τῶν
2982 1332 3362 1402 εὐαγγελικῶν
3386 1333 3766 1408 διδαγμάτωνο

2179 1424 2228 1477 εί
2260 1422 2369 1496 γάρ
2402 1421 2559 1478 πέλει
2607 1422 2726 1492 φῶς
2768 1422 2866 1478 τοῦ
2905 1423 3145 1496 κόσμου,
3176 1423 3336 1494 δῆλον
3364 1425 3449 1480 ὅτι
3479 1427 3549 1480 τά
3582 1427 3768 1498 φωτὸς

2178 1512 2441 1584 δέδρακεν
2481 1513 2543 1567 ἐν
2568 1513 2684 1577 τοῖς
2724 1511 3078 1583 ἀφωτίστοις·
3111 1515 3205 1569 καὶ
3238 1515 3287 1568 εί
3333 1515 3470 1580 ἀλας
3518 1516 3623 1588 τῆς
3656 1516 3770 1588 γῆς

2182 1604 2442 1677 ὑπάρχει,
2466 1603 2627 1675 δῆλον
2651 1603 2883 1677 ᾱιέθνη
2912 1604 3085 1676 ἄλογα
3111 1606 3307 1672 ἁλίσας
3337 1607 3647 1680 ἐσάρωσενο
3672 1611 3773 1663 καὶ

2182 1699 2232 1751 εί
2256 1698 2498 1770 ἐργάτης
2531 1698 2871 1770 ὠνόμασται,
2919 1699 3236 1767 ἀκολούθως
3273 1703 3554 1774 γεωργίαν
3602 1719 3774 1757 πνευ-

2187 1792 2425 1863 ματικὴν
2452 1792 2758 1847 τετέλεκενσ
2793 1793 2823 1847 ὃ
2866 1792 2925 1846 δὲ
2955 1792 3099 1848 κατά
3144 1793 3329 1849 κοινοῦ
3384 1797 3639 1868 είρηται,
3671 1797 3775 1851 καὶ

505 1887 631 1957 fuit,
667 1886 723 1943 id
747 1885 816 1943 de
840 1884 1254 1957 singulisetiam
1310 1883 1564 1954 personis
1638 1882 1837 1954 accipi,
1887 1884 2086 1955 aequis-

2192 1882 2308 1938 καθ’
2344 1881 2466 1947 ἐνδς
2517 1882 2816 1955 προσώπου
2849 1882 3154 1955 λαμϐάνειν
3199 1883 3606 1954 εὐλογώτατονο
3635 1885 3774 1939 οὐκ·

506 1979 707 2035 simum
728 1985 831 2034 est.
857 1976 1152 2047 Propterea
1209 1985 1397 2045 specta
1449 1973 1603 2029 illum
1649 1972 1754 2029 sub
1799 1972 2080 2045 allegoria,

508 2071 674 2127 modo
736 2079 938 2126 terram
1004 2067 1147 2124 haud
1196 2066 1374 2123 bobus
1431 2065 1654 2137 quidem
1704 2063 1912 2121 ferrum
1969 2074 2083 2120 tra-

507 2160 765 2217 hentibus
807 2168 1053 2215 arantem
1077 2199 1093 2226 ,
1146 2158 1241 2216 sed
1295 2158 1497 2230 linguas
1531 2172 1754 2214 vomere
1793 2158 2084 2214 rationalia

507 2271 636 2314 arva
668 2256 984 2321 fodientem,
1005 2254 1140 2327 jugo
1168 2253 1381 2310 scilicet
1410 2245 1893 2324 contemplationis
1920 2252 2086 2309 simul

507 2359 562 2406 et
596 2348 871 2406 actionis:
926 2363 1108 2420 neque
1142 2357 1416 2403 serentem
1465 2346 1732 2402 caducum
1757 2346 1965 2418 aliquid
1991 2356 2088 2404 aut

507 2439 893 2513 corruptibile,
956 2438 1051 2496 sed
1106 2437 1230 2494 fidei
1305 2437 1611 2495 doctrinam
1684 2437 1740 2494 in
1812 2438 2086 2509 profunda

507 2532 757 2591 cordium
782 2530 1097 2602 iacientem.
1138 2528 1298 2585 Modo
1337 2538 1520 2585 autem
1574 2529 1766 2585 hortos
1786 2531 2090 2601 vineasque

512 2625 727 2684 Domini
756 2625 1093 2697 plantantem
1122 2663 1138 2690 ,
1161 2638 1283 2695 qua:
1313 2638 1440 2679 mox
1486 2632 1702 2693 recepta
1732 2622 1983 2679 doctrina
2031 2623 2087 2677 in

510 2719 708 2777 melius
746 2716 1133 2789 profecerunt,
1180 2725 1235 2771 et
1265 2730 1332 2772 ex
1365 2715 1598 2771 novellis
1635 2714 1792 2785 lapsu
1825 2719 2090 2786 temporis

510 2812 582 2869 ad
611 2809 1084 2868 fructiﬁcationem
1120 2816 1508 2880 provenerunt.
1555 2808 1718 2864 Modo
1742 2809 1908 2864 etiam
1938 2823 2094 2866 more

512 2902 713 2960 medici
753 2901 993 2959 remedia
1044 2901 1240 2959 idonea
1281 2900 1762 2973 suppeditantem,
1819 2901 1901 2957 vel
1949 2916 2092 2972 quo-

2183 1975 2280 2031 οὓν
2322 1975 2423 2047 ὅρα
2473 1975 2638 2031 αὑτὸν
2679 1975 2802 2030 κατ’
2837 1975 3212 2049 ἀλληγορίαν’
3249 1976 3330 2049 πῆ
3377 1976 3510 2049 μὲν,
3554 1977 3619 2031 ού
3664 1977 3774 2048 γῆν

2185 2067 2424 2141 ἀροῦντα
2467 2067 2574 2121 ὑπὸ
2615 2067 2800 2139 βουσὶν
2849 2067 3102 2122 ἕλκουσιν
3126 2068 3188 2121 τὸ
3220 2067 3487 2140 σιδήριον,
3518 2067 3664 2122 ἀλλά
3692 2069 3775 2138 τῷ

2184 2160 2284 2233 τῆς
2303 2159 2551 2232 γλώττης
2574 2160 2794 2234 ἀρότρῳ
2816 2159 3043 2230 λογικὰς
3058 2158 3303 2233 ἀρούσας
3329 2159 3771 2226 διαλακτίζοντα,

2187 2255 2266 2328 τῷ
2293 2254 2477 2326 ζεύγει
2502 2253 2748 2326 δηλονότι
2773 2253 3012 2326 θεωρίας
3039 2253 3135 2308 καὶ
3164 2252 3437 2323 πράξεως·
3467 2252 3593 2306 οὐδὲ
3616 2252 3776 2306 σπεί-

2190 2348 2354 2420 ροντά
2401 2365 2455 2402 τι
2505 2347 2617 2403 τῶν
2644 2347 2972 2421 ὰπορρύτων
3023 2346 3119 2402 καὶ
3162 2345 3580 2418 φθειρομένων.
3632 2345 3778 2400 ἀλλά

2188 2442 2280 2496 τδν
2309 2441 2410 2512 τῆς
2449 2441 2688 2505 πίστεως
2715 2440 2876 2509 λόγον
2905 2440 2986 2504 είς
3009 2438 3175 2511 βάθος
3206 2438 3506 2512 καρδιακδν
3540 2454 3777 2493 κατατι-

2191 2533 2438 2605 θέμενον·
2475 2532 2555 2602 πῆ
2582 2530 2661 2597 δὲ,
2693 2529 3108 2604 φυτουργοῦντα
3132 2529 3501 2601 παραδείσους
3527 2527 3628 2583 καὶ
3663 2528 3777 2599 ἀμ-

2192 2626 2444 2691 πελῶνας
2496 2623 2731 2700 Κυρίου,
2781 2628 2911 2693 τοὺς
2957 2628 3061 2701 ἤδη
3111 2631 3180 2699 τῇ
3206 2625 3423 2699 είσδοχῇ
3476 2622 3574 2679 τοῦ
3612 2623 3778 2692 λόγου

2192 2716 2333 2789 πρὸς
2360 2717 2429 2772 τά
2479 2716 2772 2788 κρείττονα
2813 2717 2915 2788 τὴν
2944 2717 3191 2772 ἐπίδοσιν
3222 2716 3653 2787 ποιησαμένους,
3684 2715 3779 2768 καὶ

2192 2809 2301 2865 ἀπὸ
2324 2808 2571 2879 νεογνίας
2598 2811 2680 2875 είς
2704 2809 2803 2883 τὴν
2827 2810 2974 2865 κατά
3006 2810 3201 2881 καιρὸν
3232 2809 3622 2883 καρποφορίαν
3644 2811 3781 2863 ἀνα-

2192 2903 2505 2976 διδομένους
2529 2922 2544 2936 ·
2582 2905 2679 2958 καὶ
2729 2903 2863 2960 ποτέ
2919 2902 3022 2975 μὲν
3080 2902 3343 2976 ἰατρικῶς
3375 2902 3779 2971 διαγινόμενον,

515 2994 900 3067 modocunque
922 2993 1184 3060 volueris,
1205 3008 1352 3049 caeco
1379 2993 1805 3060 illuminantem,
1833 2993 2088 3063 leprosos

2195 2997 2293 3052 καὶ
2329 2995 2683 3067 καταλλήλως
2720 2994 3045 3068 άλεξιτήρια
3086 2994 3551 3067 προϐαλλόμενον,
3586 2991 3785 3047 eme.

517 3086 871 3143 mundantem
893 3125 912 3152 ,
954 3083 1134 3142 febres
1185 3084 1544 3156 depellentem
1573 3126 1589 3149 ,
1634 3084 1848 3141 facilem
1881 3086 2091 3144 claudis

2200 3106 2310 3162 ρως
2338 3088 2405 3144 ἂν
2441 3087 2611 3163 βούλῃ
2638 3085 2696 3155 κ,
2727 3088 2967 3158 τυφλοὺς
2996 3087 3374 3159 όμματοῦντα,
3407 3087 3645 3161 λεπροὺς
3675 3102 3782 3141 κα-

516 3194 765 3250 gressum
795 3192 973 3234 caecos
1051 3176 1401 3243 tribuentem,
1432 3177 1613 3233 surdis
1648 3178 1928 3245 audituni',
1949 3179 2091 3234 varia

2199 3182 2479 3255 θαίροντα,
2521 3182 2792 3253 πυρετοὺς
2819 3179 3218 3246 ἀπελαύνοντα,
3248 3179 3582 3251 χωλεύουσιν
3613 3177 3781 3231 εύὸαο

517 3270 741 3328 demum
792 3269 1114 3325 morborum
1162 3282 1364 3339 genera
1417 3268 1746 3326 sanitatibus
1800 3271 2089 3340 incorrup-

2195 3275 2312 3328 τεῖν
2338 3272 2718 3344 παρεχόμενον
2743 3313 2758 3335 ,
2792 3271 3135 3341 κωφεύουσιν
3182 3270 3245 3325 τὸ
3288 3271 3686 3343 ἀκροατήριον,
3716 3269 3786 3321 τά

519 3361 768 3419 tibilibus
815 3360 871 3417 in
914 3361 1219 3417 naturalem
1272 3361 1644 3419 valetudinem
1691 3363 2091 3420 restituentem.

2198 3365 2309 3419 τῶν
2353 3364 2560 3419 λοιπῶν
2605 3364 2933 3434 νοσημάτων
2975 3362 3339 3435 πολυπήμονα
3394 3362 3538 3429 εἴδη,
3589 3362 3785 3415 ἄκεσιν

520 3456 666 3522 Quin
692 3455 858 3514 etiam
894 3470 1056 3512 cerne
1077 3454 1257 3527 ipsum
1288 3456 1549 3527 pastorali
1590 3456 1768 3514 forma
1793 3465 2091 3529 assumpta,

2199 3456 2457 3529 ἀφθόροις
2495 3453 2511 3494 ι
2546 3453 3003 3509 ἀποκαθιστῶντα
3043 3454 3126 3519 είς
3161 3453 3224 3508 τὸ
3267 3453 3411 3508 κατά
3446 3452 3615 3519 φύσιν
3642 3469 3656 3483 ·
3691 3450 3789 3506 καὶ

520 3562 740 3621 gregem
790 3546 904 3604 Deo
940 3562 1305 3617 conservare,
1348 3549 1709 3617 deducendo,
1766 3551 2091 3619 revocando,

2205 3551 2387 3623 μέντοι
2433 3548 2801 3621 ποιμαντικὴν
2846 3549 2960 3617 ἕξιν
3021 3548 3498 3618 ἀναλαμϐάνοντα,
3531 3551 3632 3601 καὶ
3664 3546 3789 3599 mi-

522 3654 712 3696 euram
770 3638 1008 3712 gerendo
1038 3678 1054 3706 ,
1123 3639 1463 3697 defendendo
1495 3680 1511 3704 ,
1562 3641 1766 3698 bestias
1826 3643 2091 3699 hazrcsum

2206 3660 2338 3716 μνια
2358 3688 2361 3693 ς
2383 3642 2504 3715 Θεῷ
2548 3641 2949 3715 καταρτίζοντα
2989 3651 3052 3709 ω,
3084 3639 3538 3712 καθηγούμενον,
3572 3642 3789 3696 ἀνακα-

523 3730 943 3802 ιιιειηοηιιωιιυε
989 3730 1177 3787 turbas
1223 3731 1509 3789 arcendo:
1566 3732 1887 3804 imperfecta
1921 3734 2103 3790 adhuc

527 3819 758 3892 rigando
788 3821 993 3895 jugiter
1016 3863 1030 3888 .
1082 3822 1368 3880 educando
1398 3831 1459 3880 ut
1505 3834 1762 3882 crescant
1795 3825 1849 3880 in
1886 3835 2103 3882 aetatem

525 3911 767 3980 Christi,
799 3916 988 3986 spinas
1012 3916 1416 3973 intellectuales
1447 3916 1731 3975 evellendo
1755 3958 1771 3984 ,
1826 3930 2103 3976 sarmenta

526 4005 824 4078 impietatis
887 3988 1300 4076 comb’urendo,
1356 4010 1531 4067 vallos
1579 4011 1920 4084 dogmaticos
1973 4013 2105 4070 sub-

521 4100 805 4172 iiciendo,
859 4116 1032 4174 saepes
1103 4104 1406 4162 didaeticas
1490 4107 1994 4178 circumponendo,
2050 4119 2108 4164 et

526 4193 795 4266 quidquid
820 4195 968 4251 aliud
1007 4196 1132 4252 usui
1162 4204 1283 4265 est,
1332 4198 1695 4269 providendo.
1741 4198 1887 4255 Idem
1924 4210 1979 4256 et
2021 4199 2105 4256 fa-

531 4285 770 4342 bricator
809 4296 975 4344 estet
1015 4287 1351 4346 architectus
1399 4291 1615 4346 aedilicii
1645 4306 1711 4348 ac
1740 4292 1962 4349 fabrica:
1995 4311 2104 4349 non

532 4377 879 4447 manufaclm,
912 4380 1242 4450 templorum
1265 4382 1481 4437 Domini
1512 4383 1636 4439 dico
1663 4399 1787 4454 qua:
1824 4384 1880 4438 in
1910 4388 2105 4457 spiritu

529 4476 586 4525 et
613 4470 845 4527 veritate
895 4478 1332 4538 construuntur,
1361 4481 1528 4543 atque
1570 4473 1626 4528 in
1671 4477 1937 4545 populum
1983 4478 2106 4534 exi-

532 4561 727 4629 mium,
775 4570 1105 4620 sectatorem
1154 4561 1427 4619 bonorum
1450 4568 2104 4637 operum,pcrliriuntur.

603 4829 655 4886 5.
690 4827 910 4886 Intuere
934 4844 1149 4888 mecum
1177 4829 1375 4902 oppida
1403 4840 1461 4888 et
1497 4832 1829 4903 habitacula,
1858 4851 1980 4907 qua:
2019 4838 2110 4895 ille

533 4935 777 4993 praceps
813 4923 1003 4994 populi
1035 4923 1296 4980 seductor
1339 4925 1395 4981 in
1437 4926 1756 4984 infidelitate
1781 4931 1911 4986 olim
1967 4932 2109 4989 deti-

536 5011 735 5079 nebat,
769 5012 985 5069 intuere
1012 5015 1165 5082 hazc,
1191 5015 1449 5089 inquam,
1500 5021 1595 5076 Dei
1622 5023 1814 5078 notitia
1849 5032 2109 5095 tanquam

537 5102 780 5161 turribus
808 5103 1098 5171 instructa,
1129 5117 1185 5163 et
1204 5112 1643 5168 adversariorum
1683 5113 1916 5172 insidias
1950 5115 2111 5174 facile

536 5195 826 5267 repulsas,
859 5211 987 5253 arva
1029 5199 1306 5271 segetibus
1350 5205 1602 5270 consita,
1644 5206 1833 5262 vineas
1875 5211 2115 5268 racemis

538 5288 943 5360 nigrescentes,
972 5289 1163 5347 hortos
1190 5290 1445 5350 florentes
1469 5334 1486 5361 ,
1521 5312 1702 5368 aegros
1750 5302 1946 5357 morbo
1974 5318 2110 5374 quo-

537 5379 673 5439 libet
707 5387 763 5437 et
789 5379 940 5437 omni
972 5379 1238 5452 languore
1263 5383 1566 5454 expeditos.
1602 5386 1761 5446 Tales
1790 5400 1921 5448 sunt
1949 5391 2116 5466 hujus

2202 3735 2488 3806 λούμενον,
2542 3733 2996 3806 ἐπιμελούμενον,
3046 3731 3531 3806 προπολεμοῦντα,
3585 3734 3793 3787 ἀποσο-

2203 3825 2404 3881 6οὖντα
2432 3825 2606 3898 θῆρας
2636 3825 2926 3898 αἱρέσεων,
2956 3824 3229 3897 δαιμόνων
3260 3842 3320 3879 τε
3351 3823 3664 3894 φάλαγγας*
3687 3826 3792 3879 ὅσα

2204 3937 2264 3974 τε
2305 3920 2362 3975 ἐν
2391 3918 2542 3990 μέσῳ
2577 3915 2837 3990 ἀρδεῢσαι
2880 3916 3147 3984 ἀεννάως,
3186 3919 3604 3990 χειραγωγῆσαι
3636 3925 3665 3954 ¹³
3690 3919 3795 3972 αύ-

2207 4011 2502 4080 ξουμένους
2531 4013 2600 4083 τῇ
2629 4012 2771 4066 κατά
2803 4010 3040 4081 Χριστὸν
3070 4010 3283 4082 ἡλικίᾳ,
3314 4008 3559 4071 ἀκάνθας
3586 4008 3794 4079 νοητὰς

2205 4106 2437 4174 ἐκτῖλαι,
2462 4103 2597 4169 ὔλας
2616 4103 2877 4167 ἀσεϐείας
2906 4103 3192 4174 ἐμπρῆσαι
3221 4110 3267 4167 ο,
3300 4100 3554 4171 χάρακας
3578 4099 3794 4169 δογμαο

2204 4200 2394 4264 τικοὺς
2428 4199 2723 4269 ὑπερεῖσαι
2767 4205 2818 4261 ιι,
2850 4197 3144 4267 φραγμοὺς
3179 4193 3527 4256 διδακτικοὺς
3568 4192 3797 4264 περιθέ-

2209 4289 2358 4357 σθαι,
2375 4289 2471 4343 καὶ
2485 4290 2539 4342 εῐ
2551 4306 2603 4343 τι
2620 4287 2748 4342 ἄλλο
2774 4286 2884 4342 τῶν
2902 4285 3129 4341 δεόντων
3146 4286 3482 4358 ἐφεπόμενον
3505 4283 3794 4354 καταθρῆ-

2210 4399 2322 4437 σαι.
2364 4382 2422 4435 '0
2447 4382 2493 4437 δ’
2517 4380 2680 4444 αὐτὸς
2712 4379 2810 4435 καὶ
2837 4379 3140 4451 οἰκοδόμος,
3160 4378 3257 4433 καὶ
3284 4377 3623 4449 ἀρχιτέκτων
3653 4379 3795 4430 οἱκο-

2207 4476 2383 4547 δομῆς
2419 4474 2516 4529 καὶ
2550 4472 2839 4535 τεκτονίας
2884 4472 3334 4543 ἀχειροποιήτου,
3363 4469 3475 4523 τῶν
3506 4469 3597 4523 διὰ
3622 4468 3796 4522 πνεύ-

2145 4604 2186 4658 D
2214 4583 2407 4639 ματος,
2434 4564 2600 4635 λέγω,
2647 4564 2745 4618 καὶ
2775 4561 3034 4658 ἀληθείας
3061 4558 3605 4658 ἀναδεῐδοίμημένων
3622 4558 3798 4658 -ναῶν

2215 4660 2449 4733 Κυρίου,
2484 4658 2577 4712 καὶ
2620 4653 3098 4728 καταρτιζομένων
3133 4656 3213 4717 είς
3260 4651 3390 4707 λαὸν
3442 4651 3793 4722 περιούσιω,

2216 4750 2463 4824 ζηλωτὴν
2489 4750 2673 4805 καλῶν
2708 4750 2906 4820 ἔργων.

2285 4849 2348 4898 ε’.
2379 4841 2586 4911 Σκέψαι
2619 4859 2709 4914 μοι
2736 4841 2836 4904 τάς
2869 4839 3053 4902 πόλεις
3081 4839 3177 4892 καὶ
3204 4839 3305 4904 τάς
3332 4841 3689 4906 κατοικεσίας
3728 4843 3800 4906 ἃς

2217 4934 2388 4991 πάλαι
2416 4933 2446 4985 ό
2474 4932 2779 4995 λαόπλανος
2805 4940 2833 4981 (ι
2864 4933 2932 5001 τῇ
2961 4929 3190 5003 ἀπιστίᾳ
3225 4935 3483 5002 κατεῖχεν
3512 4933 3799 5001 ἠλίϐατος,

2217 5025 2602 5099 πυργωθείσας
2645 5026 2704 5078 ἐν
2731 5022 3054 5094 θεογνωσίᾳ,
3085 5023 3185 5078 καὶ
3232 5023 3336 5088 τὰς
3384 5025 3492 5078 τῶν
3539 5026 3803 5081 ἐναντίων

2215 5116 2510 5182 ἐπιϐουλὰς
2546 5117 2675 5189 ῥᾷον
2706 5113 3206 5185 ἀποπεμπομένας,
3232 5115 3304 5169 τά
3333 5115 3462 5188 λήῐα
3509 5116 3800 5188 τεθηλότα,

2215 5211 2345 5275 τοὺς
2407 5207 2741 5280 ἀμπελῶνας
2796 5204 3202 5278 περκάζοντας,
3250 5207 3379 5269 τοὺς
3430 5208 3803 5279 παραδείσους

2219 5305 2611 5377 κυπρίζοντας,
2634 5299 2763 5363 τοὺς
2789 5297 3083 5362 νοσοῦντας
3111 5299 3294 5352 πᾶσαν
3316 5300 3471 5353 νόσον
3490 5301 3585 5354 καὶ
3616 5301 3805 5354 πᾶσαν

2224 5396 2501 5470 μαλακίαν
2539 5392 3065 5464 τεθεραπευμένους.
3106 5390 3344 5448 Τοιαῦτα
3388 5392 3458 5447 τὰ
3487 5393 3587 5446 τοῦ
3633 5394 3801 5446 Ἀπο-

1820 5529 2051 5592 νΑΒΙΙΕ
2089 5534 2495 5597 LECTIONES.

610 5641 639 5683 Ιι
665 5640 991 5723 ᾼηπειςιείιιε
1021 5642 1168 5723 aliud
1204 5642 1434 5723 legebat,
1467 5646 1595 5723 quia
1639 5648 1833 5723 scribit
1880 5651 2081 5723 duplici
2131 5655 2390 5715 sanitate,
2440 5650 2598 5721 quasi
2644 5647 2999 5723 ἀμφοτέροιςο

3108 5645 3125 5685 ¹
3168 5645 3538 5702 Anastasius:
3611 5643 3803 5700 Verum

538 5711 779 5791 eumdem
806 5728 956 5791 nosse
984 5714 1130 5791 uelis,
1205 5711 1464 5772 “'Auast.
1486 5711 1598 5791 ξι)εο
1618 5711 1967 5791 ρενβοίειιιε.’
2014 5732 2043 5760 ιι
2074 5711 2402 5779 Anastasius
2437 5711 2767 5791 praepostere
2799 5711 2974 5791 rig'are
3005 5734 3200 5791 manu,
3242 5721 3466 5773 educare
3491 5728 3801 5791 crescentes.

544 5788 572 5863 ξ
600 5782 791 5863 ῥηθει.
824 5783 987 5840 siluas
1008 5785 1267 5863 impacta:
1301 5788 1549 5863 secando,
1589 5782 1780 5863 nescio
1809 5792 1938 5858 quid
1972 5793 2121 5849 aliud
2150 5795 2358 5863 legens.
2435 5782 2621 5863 inde.
2682 5782 2975 5863 ύπηρῖσοιιἷ
3001 5786 3240 5863 _Videaut
3268 5804 3401 5863 ergo
3432 5787 3803 5861 grammatici.

543 5858 574 5904 1
611 5853 804 5923 Anast.
843 5869 1008 5925 prave
1028 5853 1262 5929 pupulas
1292 5859 1563 5916 seductus.
1591 5857 1723 5918 Item
1749 5853 2039 5934 sequentia
2077 5853 2232 5938 apud
2250 5862 2602 5920 Anastasium
2635 5853 2893 5930 perversa
2926 5858 3203 5916 videntur.
