4064 6372
423 338 530 400 790
1034 340 1042 347 ’
1617 343 1676 402 S.
1716 341 2114 403 TIIEODORI
2155 345 2500 406 STUDITAS
3583 340 3690 398 800

424 459 748 520 tantumque
774 451 1082 522 prodigium
1119 452 1400 509 innotuit?
1435 454 1754 510 Miraculum
1814 471 2006 510 cumu-

2138 459 2359 522 ἰικελίας
2389 457 2526 526 πρὸς
2554 458 2654 526 τὴν
2680 455 2780 524 τῆς
2807 453 3098 524 Λιπάρεως
3124 450 3471 520 καλουμένην
3502 463 3687 517 νητον.

427 539 576 596 latur
619 542 908 596 miraculo.
963 541 1323 613 Quippe'orat
1355 546 1618 618 (λιπαρεῖ
1650 557 2012 618 congruenter

2138 553 2181 604 ;ι⁹
2225 549 2622 620 ἀποκαλύψεως
2645 547 2741 601 τοῦ
2781 545 3040 616 τηνικάδε
3084 539 3513 602 ὲπισκοποῦντος
3537 541 3696 592 ὁσιω-

427 649 531 688 suo
565 633 797 703 nomini)
832 635 1008 690 insula
1038 635 1219 690 tacitis
1257 636 1492 693 fortasse
1538 648 1595 692 ιιι
1646 639 1904 693 credibile
1931 647 2016 692 est

2138 643 2278 696 πάτου
2323 639 2630 709 Ἀγάθωνος
2657 636 2953 708 ὁρώμεναι.
2983 634 3080 697 Τίς
3103 629 3407 703 ἡκουτίσθη
3438 628 3700 699 τηλικοῦ-

428 724 660 779 vocibus
692 725 938 780 clamans
964 726 1043 780 sic
1077 743 1092 780 :
1135 725 1264 781 Veni
1302 728 1368 782 ad
1405 744 1492 784 me
1523 730 1940 799 pauperculam,
1980 745 2013 784 ο

2138 750 2206 787 τον
2241 731 2668 804 τερατούργημα
2700 745 2716 794 ;
2765 727 2851 792 τίς
2891 724 3144 795 ἐδιδάχθη
3192 721 3533 794 τηλικαύτην
3561 719 3698 773 θαυ-

428 818 581 871 dives
617 817 954 871 sanctissimi
997 817 1240 887 Spiritus
1277 819 1536 876 thesaure
1567 838 1581 875 :
1615 821 1738 876 veni
1793 821 1860 876 ad
1924 836 2011 875 me

2138 820 2488 890 ιατουργίαν;
2518 819 2706 889 θαῦμα
2755 817 2814 869 ὲν
2849 815 3090 886 Θαύματι
3115 831 3128 844 ο
3171 814 3398 884 λιπαρεί
3441 813 3556 879 (42)
3586 811 3698 882 γὰρ

431 907 788 977 indigentem,
811 924 843 962 0
869 908 1104 977 pretiosa
1130 911 1426 981 margarita
1459 932 1472 967 :
1509 913 1629 968 veni
1663 913 1730 970 ad
1766 929 1854 970 me
1887 930 2012 984 sup-

2138 907 2230 965 ιῖον
2255 913 2289 982 ἠ
2335 911 2659 983 φερώνυμος
2701 911 2884 980 νῆσος,
2915 905 3143 960 τοιαῦτα
3170 904 3334 975 τυχὸν
3367 903 3505 974 πρὸς
3536 904 3703 956 αὑτὸν

429 999 624 1069 plicem
653 1042 668 1066 ,
712 1009 767 1054 tu
817 1001 908 1070 qui
950 1001 1018 1055 ab
1057 1002 1178 1057 aliis
1214 1003 1556 1074 iniquissime
1595 1007 1860 1076 expulsus
1904 1023 1964 1062 es
2000 1025 2012 1062 :

2138 1004 2414 1076 ὶλαλήτοις
2463 1004 2670 1071 φωναῖς
2724 999 3003 1054 ἐπιϐοῶσα
3037 1015 3051 1030 ·
3085 997 3261 1066 Δεῦρο
3299 996 3436 1067 πρός
3491 1013 3559 1065 με
3601 996 3703 1065 τὴν

437 1105 653 1144 mecum
716 1090 898 1144 habita
931 1129 946 1152 ,
1004 1100 1059 1146 ct
1104 1093 1507 1151 habitatoribus
1563 1097 1778 1152 aﬂluam
1814 1117 1828 1153 :
1867 1113 2019 1153 meas

437 1181 606 1236 urbes
642 1189 812 1248 tuere,
845 1190 900 1237 et
929 1183 1110 1252 populi
1139 1186 1487 1243 multitudine
1507 1189 1798 1244 abundabo
1823 1209 1836 1244 :
1863 1199 2018 1244 tuum

439 1273 573 1326 tnihi
608 1288 807 1340 nomen
839 1274 1080 1330 inscribe
1105 1317 1120 1339 ,
1164 1287 1216 1332 et
1247 1279 1448 1349 ubique
1483 1290 1755 1336 terrarum
1788 1282 2021 1339 celebris

437 1361 587 1416 liam.
622 1360 729 1414 Alit
763 1370 815 1416 te
844 1361 1119 1420 luminare
1153 1367 1502 1436 expulerunt,
1539 1380 1624 1426 ast
1653 1386 1754 1440 ego
1787 1371 2021 1426 tenebri-

438 1467 563 1508 cosa
598 1461 750 1507 tuum
784 1455 967 1510 lumen
993 1467 1191 1527 exopto
1225 1479 1237 1514 :
1271 1461 1366 1516 alii
1403 1471 1497 1517 tua
1527 1464 1777 1520 vivorum
1811 1480 2020 1520 sermo-

438 1559 567 1596 num
601 1559 787 1599 mensa
819 1544 970 1600 fruiti
1013 1559 1164 1616 sunt,
1200 1560 1286 1606 ast
1316 1567 1418 1626 ego
1449 1553 1700 1626 reliquiis
1743 1555 1886 1620 tuis,
1919 1571 2019 1611 ceu

437 1636 662 1690 catellus
686 1637 871 1698 micis.
902 1639 1077 1694 inhio.

2123 1091 2510 1162 πτωχεύουσαν
2536 1093 2563 1143 6
2595 1089 2904 1160 τρισόλϐιος
2959 1087 3236 1158 θησαυρὸς
3288 1084 3383 1138 τοῦ
3430 1084 3705 1152 παναγίου

2123 1179 2432 1250 πνεύματος
2453 1197 2468 1212 ο
2491 1178 2647 1250 δεῦρο
2665 1178 2799 1249 πρός
2816 1195 2884 1248 με
2905 1176 3002 1247 τὴν
3031 1177 3335 1248 ἀγέραστον
3357 1177 3385 1228 ό
3403 1173 3707 1243 πολυτίμη-

2123 1287 2215 1334 τος
2268 1270 2618 1342 μαργαρίτης
2647 1285 2660 1299 ο
2689 1269 2849 1340 δεῦρο
2891 1268 3030 1338 πρός
3065 1285 3131 1338 με
3167 1269 3268 1337 τὴν
3312 1267 3706 1336 δυσωπήτριαν

2123 1369 2152 1420 ὁ
2204 1367 2334 1437 παρ’
2361 1365 2536 1420 ἄλλων
2583 1363 3048 1435 ἀποπεμπόμενος
3101 1360 3412 1432 ἅνομότατα
3447 1376 3463 1390 ·
3507 1357 3708 1412 ἐνοικίο

2125 1458 2284 1529 σθητί
2347 1475 2460 1528 μοι,
2489 1459 2585 1513 καὶ
2635 1455 3122 1527 πολοικισθήσομαι
3150 1470 3164 1484 ν
3195 1451 3558 1522 πολιούχησόν
3613 1466 3706 1518 με.

2126 1551 2222 1604 καὶ
2272 1547 2976 1620 πολυανθρωπισοὴσομαιο
3023 1541 3412 1615 ὁνοματίσθητί
3466 1558 3580 1612 μοι,
3615 1540 3708 1592 καὶ

2131 1639 2404 1711 πανταχοῦ
2448 1638 2862 1709 ὲξηχηθήσομαι
2889 1653 2902 1665 '
2933 1636 2983 1689 οἱ
3028 1634 3176 1688 ἄλλοι
3205 1651 3266 1687 σε
3297 1634 3387 1686 τόν
3437 1633 3712 1700 φωστῆρα

437 1724 749 1790 ἀπώσαντο,
783 1727 897 1782 ἀλλ’
937 1729 1048 1798 ἐγώ
1108 1750 1202 1785 σου
1265 1733 1359 1788 τοῦ
1395 1736 1568 1806 φάους
1628 1736 1852 1808 ἐφίεμαι
1893 1739 1926 1807 ἡ
1975 1734 2378 1804 στυγνάζουσα’
2427 1734 2476 1787 οἱ
2523 1732 2673 1786 ἄλλοι
2725 1748 2818 1784 σου
2852 1729 2954 1800 τῆς
3000 1727 3280 1801 τραπέζης
3323 1727 3432 1781 τῶν
3486 1724 3710 1785 ζώντων

438 1821 613 1890 λόγων
644 1823 1104 1893 ἀπολελαύκασιν,
1131 1828 1244 1881 ἀλλ’
1267 1829 1377 1899 ἐγώ
1407 1847 1498 1886 σου
1523 1832 1632 1886 τῶν
1655 1833 1926 1904 λειψάνων
1948 1832 2024 1896 ὡς
2061 1831 2318 1902 κυνάριον
2346 1828 2670 1901 ψιχίσασθαι
2697 1827 2976 1897 γλίχομαι.

520 1913 573 1965 7.
607 1911 736 1968 Post
765 1915 868 1970 ista
893 1956 908 1978 .
938 1929 1163 1973 caeteros
1202 1935 1469 1993 martyres
1499 1925 1655 1993 quasi
1687 1940 1818 1980 suos
1854 1925 2023 1995 stipa-

2161 1922 2258 1988 ‘C'.
2291 1923 2434 1993 Πρὸς
2481 1919 2656 1974 ταῦτα
2708 1918 2898 1988 ὥσπερ
2949 1915 3106 1979 τινὰς
3154 1913 3506 1985 δορυφόρους,
3539 1913 3704 1969 ἄλλον

447 2013 596 2060 tores
628 2015 775 2062 retro
804 2007 1073 2078 ablegavit
1104 2013 1381 2080 apostolus
1407 2053 1423 2076 ,
1471 2030 1640 2068 unum
1676 2016 1896 2086 quidem
1931 2032 2029 2072 no-

445 2093 594 2148 mine
625 2093 892 2164 Papinum
924 2097 1095 2169 Mylas
1135 2101 1326 2155 urbem
1375 2101 1576 2159 Siciliae
1619 2106 1771 2161 misit
1805 2123 1819 2160 :
1855 2107 2025 2162 alium

446 2184 534 2238 cui
566 2200 765 2241 nomen
795 2186 1040 2244 Luciano
1062 2229 1078 2254 ,
1125 2189 1432 2247 Messanam
1466 2214 1477 2247 :
1513 2195 1653 2252 duos
1685 2198 1930 2268 reliquos
1960 2201 2026 2254 ad

447 2272 714 2331 Calabriae
735 2277 939 2345 littora,
961 2279 1284 2352 Gregorium
1309 2286 1427 2340 urbi
1445 2285 1744 2349 Columnae.
1766 2290 2027 2346 Acacium

451 2366 568 2420 urbi
599 2365 748 2424 Galae
777 2371 1064 2440 appellata:
1103 2373 1404 2432 destinavit
1435 2395 1448 2431 :
1482 2387 1541 2433 ut
1583 2381 1782 2451 singuli
1821 2383 1874 2436 in
1911 2383 2029 2437 sin-

448 2457 590 2528 gulis
645 2460 864 2530 oppidis
926 2463 1228 2520 incolarum
1288 2467 1466 2524 forent
1507 2479 1885 2540 protectores,
1937 2474 2030 2529 ubi

452 2564 642 2620 reapse
668 2553 734 2605 ad
770 2551 919 2610 hunc
951 2571 1126 2626 usque
1145 2557 1291 2613 diem
1318 2559 1600 2617 beneficiis
1641 2561 2030 2620 inclarescunt.

451 2639 569 2710 Ipse
591 2652 773 2698 autem
813 2644 1268 2715 Bartholomaaus,
1322 2660 1582 2722 tanquam
1641 2668 1738 2709 rex
1794 2657 2032 2726 propriis

453 2737 664 2794 laribus
695 2739 749 2794 in
782 2756 917 2810 pace
950 2743 1178 2812 politus.
1211 2744 1280 2800 ad
1316 2757 1598 2802 vocantem
1629 2763 1686 2806 se
1719 2749 1906 2806 urbem
1939 2764 2035 2805 ac-

453 2827 638 2894 cessit,
678 2829 769 2882 ubi
801 2831 1082 2900 splendide
1118 2845 1371 2903 receptus
1417 2835 1539 2902 fuit,
1574 2839 1761 2904 multis
1791 2855 1915 2894 cum
1951 2838 2034 2894 fa-

455 2920 630 2986 cibus,
665 2920 951 2986 odoribus,
989 2927 1209 2997 hymnis
1245 2943 1275 2982 a
1305 2929 1517 2985 cunctis
1549 2931 1760 2986 civibus
1793 2932 1896 3002 ipsi
1939 2933 2036 2988 la:-

462 3021 644 3067 tanter
685 3018 1126 3072 occurrentibus.
1158 3019 1421 3090 Deinceps
1455 3038 1584 3077 vero
1616 3023 1759 3079 haud
1805 3025 2036 3082 ulterius

457 3119 584 3158 arca
623 3108 984 3177 procedebat;
1017 3125 1141 3164 nam
1180 3112 1523 3169 trahentibus
1569 3113 1713 3176 illis,
1761 3116 1877 3186 ipsa
1917 3125 2036 3172 erat

462 3195 782 3254 immobilis.
817 3198 1062 3257 Tristitia
1092 3204 1294 3274 gaudio
1323 3207 1590 3265 successit
1626 3225 1639 3261 :
1678 3208 1730 3261 in
1762 3209 2037 3268 anxietate

2127 2012 2364 2083 ἀλλαχοῦ
2391 2011 2502 2066 τῶν
2537 2009 2833 2082 μαρτύρων
2863 2009 2944 2071 εἰς
2973 2007 3218 2060 τούπίσω
3247 2005 3710 2077 παραπεμψάμε-

2128 2121 2218 2166 νος
2240 2103 2269 2154 ό
2305 2099 2626 2164 Ἀπόστολος
2646 2139 2662 2164 ,
2686 2099 2779 2152 τὸν
2816 2100 2914 2170 μὲν
2947 2097 3188 2152 Παπίνον
3218 2096 3329 2166 (45)
3353 2095 3596 2166 τοῦνομα
3631 2097 3711 2159 είς

2127 2193 2305 2248 Μειλὰ
2327 2202 2349 2230 ι’
2376 2191 2475 2262 τὴν
2498 2190 2654 2245 πόλιν
2690 2190 2940 2252 Σικελίας
2961 2203 2973 2216 ·
3001 2189 3093 2242 τὸν
3123 2188 3178 2240 δὲ
3213 2187 3552 2259 ὲνΜεσσήνῃ
3572 2188 3712 2240 Λου-

2130 2285 2318 2339 κιανὸν
2366 2286 2432 2353 τῇ
2473 2284 2664 2354 κλήσει
2692 2300 2704 2314 ·
2741 2284 3002 2352 ἑκάτερον
3043 2281 3115 2335 αὖ
3143 2296 3201 2334 τε
3233 2281 3290 2332 ὲν
3317 2283 3384 2351 τῇ
3423 2278 3710 2350 Καλαόρίο

2130 2377 2235 2429 τιδι
2282 2377 2446 2447 γαίᾳο
2477 2376 2778 2446 Γρηγόριον
2822 2375 2920 2446 μὲν
2968 2375 3026 2427 ὲν
3060 2372 3322 2444 Κολύμνῃ
3349 2384 3370 2410 ⁸
3413 2375 3481 2443 τῇ
3515 2371 3671 2424 πόλει
3695 2388 3710 2399 ’

2145 2468 2398 2522 Ἀκάκιον
2433 2467 2493 2521 δὲ
2514 2469 2596 2530 είς
2635 2468 2820 2532 Κάλας
2857 2472 2873 2504 ι
2910 2466 3254 2538 καλουμένην
3283 2484 3296 2496 ·
3333 2467 3409 2530 ὡς
3459 2465 3528 2520 ἂν
3579 2465 3714 2517 ἕκα-

2135 2578 2258 2625 στος
2313 2562 2372 2614 ὲν
2410 2555 2675 2634 ἑκάστῃῇ
2720 2559 3104 2629 προασπιστὴς
3133 2558 3240 2612 τῶν
3271 2559 3601 2628 οἰκητόρων,
3636 2557 3714 2608 οῖ-

2134 2670 2242 2724 περ
2271 2653 2363 2707 καὶ
2393 2652 2558 2723 μέχρι
2602 2655 2841 2723 τήμερον
2883 2651 3286 2721 διαλάμπουσιν
3328 2652 3450 2713 ταῖς
3479 2651 3712 2702 ἐπικου-

2139 2743 2280 2815 ρίαις
2301 2761 2314 2774 ·
2347 2743 2532 2810 αὐτὸς,
2559 2741 2635 2807 ὡς
2659 2743 2724 2798 ἄν
2755 2759 2838 2806 τις
2871 2741 3124 2812 βασιλεὺς
3151 2741 3357 2806 οἰκείας
3389 2740 3716 2809 ἀναπαύλης

2139 2833 2605 2905 μεταληψόμενος.
2641 2831 3046 2905 προσώρμησεν
3075 2835 3143 2903 τῇ
3177 2831 3427 2903 καλούαῃ
3449 2873 3466 2896 ,
3526 2831 3719 2886 ὑπεδέο

2135 2925 2238 2996 χοη
2263 2925 2577 2998 περιφανῶς
2599 2926 2811 2989 πολλοῖς
2844 2925 3216 2996 λαμπτῆρσιν,
3247 2923 3496 2987 εὐωδίαις
3521 2941 3583 2976 τε
3627 2924 3720 2977 καὶ

2137 3018 2511 3087 ὑμνολογίαις,
2535 3018 2794 3073 ἁπάντων
2840 3017 2950 3072 τῶν
2981 3021 3164 3072 ἐκεῖσε
3197 3019 3630 3090 ὑπαντησάντων
3661 3020 3719 3070 ὲν

2137 3109 2479 3178 ἀγαλλιάσει.
2515 3109 2588 3163 Τὸ
2632 3110 2691 3164 δὲ
2720 3109 2850 3181 ἑξῆς
2875 3111 2936 3164 ού
2975 3112 3176 3183 προῄει
3205 3113 3238 3183 ἡ
3269 3110 3478 3184 λάρναξ
3500 3127 3514 3140 ο
3537 3111 3591 3162 οἱ
3625 3111 3722 3180 μὲν

2137 3197 2247 3270 γάρ
2275 3193 2480 3266 εἷλκον,
2506 3199 2540 3270 ἡ
2572 3198 2629 3252 δὲ
2674 3194 2743 3271 ἦν
2771 3199 3029 3270 ἀκίνητος
3050 3216 3064 3230 ⁸
3099 3199 3376 3262 διεδέξατο
3400 3197 3460 3250 τὸ
3489 3213 3724 3267 περιχα-

457 3297 576 3342 erat
599 3289 852 3358 populus.
880 3289 982 3345 Sed
1019 3308 1129 3347 rem
1149 3295 1439 3364 expetitam
1474 3297 2034 3366 impetravitzeteuim

2144 3288 2236 3361 ρὲς
2259 3289 2292 3356 ὴ
2321 3287 2469 3360 λύπη
2495 3305 2508 3320 °
2536 3289 2594 3342 ὲν
2625 3289 2830 3360 ἀπορίᾳ
2858 3290 2888 3341 6
2918 3287 3064 3350 λαός·
3103 3289 3365 3358 ἐπέτυχεν
3397 3287 3459 3339 τὸ
3496 3286 3689 3355 ὲξευρε
3716 3317 3724 3325 ο

461 3376 632 3446 Prope
664 3390 742 3434 est
769 3381 1024 3446 Dominus
1049 3386 1412 3442 invocantibus
1429 3406 1545 3442 eum
1570 3392 1636 3445 ".
1659 3391 1877 3446 Duabus
1909 3407 2036 3464 ergo

463 3484 646 3523 arcam
686 3471 1030 3534 trahentibus
1056 3476 1223 3532 castis
1256 3477 1492 3545 buculis,
1525 3479 1636 3534 illic
1661 3481 1900 3549 reposita
1934 3490 2038 3550 est,

468 3561 556 3613 ubi
604 3576 820 3617 sacrum
853 3565 961 3620 divi
1019 3569 1274 3638 templum
1319 3572 1500 3626 statim
1533 3571 1988 3638 fuitagdilicatum
2023 3593 2036 3628 :

467 3669 577 3719 quo
609 3655 694 3707 vix
725 3655 1000 3720 absoluto,
1036 3659 1229 3730 ingens
1269 3663 1590 3719 miraculum
1619 3667 1867 3736 contigit.
1903 3665 2042 3722 Nam

467 3759 589 3797 cum
613 3742 913 3814 Vulcanus,
953 3760 1008 3804 ut
1034 3753 1329 3822 appellant,
1356 3757 1702 3824 pencinsulte
1727 3759 2041 3830 contiguus,

467 3837 660 3894 incolis
691 3839 892 3895 damno
923 3852 1085 3908 essm,
1130 3846 1387 3902 invisibili
1416 3863 1658 3916 recessu,
1707 3853 1865 3921 quasi
1921 3869 2046 3924 per-

471 3939 714 3996 tractus,
747 3933 938 3989 stadiis
995 3943 1200 4005 septem
1261 3939 1314 3992 in
1374 3940 1598 4012 pelagus
1636 3958 1696 3999 se
1750 3945 2042 4012 subduxit;

467 4021 611 4088 quod
643 4023 965 4082 miraculum
1004 4036 1178 4084 tractu
1227 4031 1320 4084 illo
1359 4035 1516 4102 quasi
1566 4037 1870 4093 recedentis
1899 4037 2047 4094 fluvii

471 4127 643 4182 usque
665 4114 732 4170 ad
767 4115 905 4174 hanc
944 4119 1087 4188 diem
1129 4122 1477 4190 praedicatur.

539 4294 592 4351 8.
643 4295 816 4352 Porro
869 4310 1002 4370 quot
1044 4315 1099 4357 et
1147 4313 1350 4373 quanta
1409 4306 1664 4378 deinceps
1719 4310 2050 4366 mirabiliter

472 4396 732 4456 operatus
777 4390 881 4460 sit,
931 4403 1024 4447 aut
1053 4393 1190 4450 mira
1240 4396 1446 4459 faciens
1497 4399 1758 4456 hactenus
1792 4388 2048 4470 operetur

473 4478 620 4533 circa
651 4495 746 4534 eos
774 4483 867 4552 qui
895 4484 1126 4542 diversis
1151 4487 1508 4558 languoribus
1543 4499 1596 4545 et
1630 4491 2045 4550 infirmitatibus

475 4570 721 4626 obstricti
751 4574 816 4642 ad
842 4574 1018 4644 ipsum
1051 4577 1156 4632 fide
1185 4579 1527 4650 confugiunt,
1550 4597 1652 4638 nec
1674 4585 2045 4642 necessarium

474 4672 556 4719 est
580 4664 762 4721 dicere
795 4668 862 4722 ob
897 4669 1262 4739 prolixitatem
1306 4671 1454 4744 [Vat.
1496 4673 1616 4729 Lat.
1653 4675 2046 4749 prolixionem]

478 4764 764 4824 tractatus,
797 4775 899 4814 nec
928 4761 1247 4819 incredibile
1279 4764 1559 4834 audienti,
1586 4781 1713 4822 cum
1745 4768 1946 4838 pignus
1982 4786 2049 4825 ex

478 4862 586 4902 uno
622 4849 818 4916 habeat
845 4854 1077 4911 aliorum
1129 4857 1500 4916 exbibitioncs
1557 4860 1697 4917 mire
1745 4871 2049 4933 gestorum.

581 4959 627 4990 ’³
656 4958 801 5022 Psal.
851 4974 1031 5022 cxuv,
1064 4955 1157 5010 ‘28.

2142 3378 2479 3449 θένοἚγτνὺς
2495 3379 2603 3448 γὰρ
2621 3380 2833 3446 Κύριος
2852 3377 2977 3444 τοῖς
2988 3379 3488 3446 ἐπικαλουμένοις
3506 3376 3717 3430 αὐτόν·

2139 3473 2234 3528 δύο
2267 3473 2445 3527 τοίνυν
2491 3473 2786 3542 δαμάλεσιν
2815 3475 3005 3540 ἁγναῖς
3039 3471 3411 3542 ἁναληιρθεῖσα
3443 3469 3685 3538 ἀπετέθη
3709 3507 3722 3529 ,

2141 3565 2271 3620 ἔνθα
2295 3567 2323 3620 6
2355 3565 2499 3636 ἱερὸς
2531 3566 2694 3618 αὐτοῦ
2719 3559 2866 3629 οἶκος
2899 3565 3097 3618 αὐτίκα
3122 3563 3409 3634 ὲν-ιδρύνθη
3436 3578 3450 3592 ⁸
3487 3563 3581 3615 καὶ
3610 3561 3725 3632 ἅμα

2142 3658 2219 3730 τῷ
2247 3657 2580 3728 άπαρτισμῷ
2601 3699 2616 3724 ,
2647 3659 2741 3712 καὶ
2769 3657 2830 3711 τὸ
2872 3651 3055 3728 θαῦμα
3079 3654 3317 3721 ἐξαίσιον
3349 3674 3362 3688 ·
3401 3655 3592 3725 ἐπειδὴ
3616 3655 3729 3706 τοία

2143 3767 2238 3805 νυν
2265 3753 2294 3805 6
2320 3749 2651 3820 καλούμενος
2673 3750 2976 3814 Βουλκάνος
3013 3749 3301 3821 ὲχέκολλος
3331 3747 3406 3801 ὢν
3438 3749 3625 3818 σχεδὸν
3661 3749 3730 3816 τῇ

2146 3845 2313 3915 νήσῳ,
2347 3843 2645 3914 βλαπτικὸς
2687 3844 2935 3914 ὑπῆρχεν
2980 3844 3094 3906 τοῖς
3143 3841 3474 3913 περιοίκοις,
3503 3839 3729 3894 ἁπῶστο

2147 3935 2382 4007 ἀορασίᾳ
2410 3935 2504 3988 κοιλ⁵
2526 3929 2637 3988 οἷον
2671 3933 2966 4004 ἀποσυρεὶς
3010 3931 3283 4001 ὑπεξέστη
3316 3929 3554 3992 σταδίοις
3587 3928 3728 3980 ἑπτὰ

2150 4028 2287 4098 πρὸς
2315 4027 2509 4079 πόντον
2543 4024 2654 4097 (44)
2677 4025 2788 4092 ,τοῦ
2819 4022 3183 4096 παρασυρμοῦ
3221 4021 3411 4092 ὥσπερ
3455 4021 3728 4092 ποταμίου

2153 4121 2421 4192 ῥεύματος
2443 4119 2603 4191 μέχρι
2632 4119 2730 4188 τῆς
2758 4121 2995 4190 σήμερον
3017 4118 3077 4170 τὸ
3107 4114 3291 4187 οαῦμα
3320 4113 3727 4186 ἀνακηρύττον-

2150 4231 2258 4276 τος.

2221 4307 2303 4362 Τὰ
2363 4305 2658 4376 μετέπειτα
2710 4304 2820 4375 (45)
2858 4304 2958 4357 ὅσα
2996 4303 3092 4358 καὶ
3119 4301 3282 4372 ἡλίκα
3314 4300 3727 4372 τεθαυματούρ-

2153 4415 2343 4468 γηκεν,
2374 4397 2408 4470 ἢ
2445 4395 2883 4468 θαυματουργῶν
2908 4396 3024 4449 ἐστι
3058 4393 3193 4465 πρὸς
3225 4395 3348 4458 τοὺς
3388 4393 3571 4446 πίστει
3611 4409 3730 4460 φοι·

2153 4489 2362 4553 τῶντας
2394 4489 2554 4560 μέχρι
2577 4486 2672 4541 τοῦ
2706 4487 2863 4556 δεῦρο
2899 4488 2956 4539 ὲν
2984 4487 3265 4556 διαφόροις
3289 4485 3466 4548 νόσοις
3499 4484 3594 4538 καὶ
3627 4501 3729 4554 μα-

2158 4582 2372 4645 λακίαις
2399 4582 2808 4653 ὲνισχημένους,
2844 4578 2966 4633 οὔτε
2988 4580 3123 4650 πρὸς
3153 4579 3310 4650 ἡμῶν
3332 4578 3394 4631 τὸ
3417 4577 3620 4646 λέγειν,
3642 4577 3728 4632 διὰ

2159 4675 2220 4728 τὸ
2257 4673 2618 4745 μακρογορὲς,
2645 4672 2767 4726 οῦτε
2799 4673 2934 4744 πρὸς
2955 4673 3080 4734 τοὺς
3093 4672 3390 4736 ἀκούοντας
3419 4671 3480 4724 τὸ
3506 4669 3728 4733 ἀπειθὲς

2159 4767 2434 4839 ἐνέχυρον,
2461 4766 2556 4821 τοῦ
2593 4767 2710 4831 ἐνὸς
2741 4767 2838 4830 τὰς
2867 4767 3126 4838 περὶτῶν
3177 4765 3351 4820 ἄλλων
3386 4763 3728 4833 συγκαταοέο

2163 4853 2277 4924 σέις
2306 4859 2542 4930 ἔχοντος.
2561 4858 2722 4914 Ἀλλὰ
2742 4858 2950 4930 χαίροις
2979 4858 3116 4930 (46),
3146 4851 3192 4912 ὦ
3226 4858 3414 4930 μάκαρ
3441 4855 3731 4927 μακαρίων

747 5139 750 5142 .
1759 5090 2000 5147 VARIA'}
2037 5091 2443 5149 LECTIONES.

555 5178 578 5208 π
600 5168 744 5228 Men.
780 5170 875 5228 Gr.
916 5176 1219 5246 Ἀμυλλαν.
1299 5189 1322 5218 ⁸
1346 5181 1488 5238 Men.
1525 5183 1620 5240 Gr.
1661 5185 1949 5257 Κολήμνῃ.
2032 5189 2050 5224 ί
2083 5186 2223 5242 Men.
2249 5187 2345 5243 Gr.
2377 5187 2700 5249 Ἀσκάλουςο

553 5283 943 5367 (ιὲλξςηειιηι
970 5292 1236 5367 vocabuli
1276 5295 1521 5367 λιπαρεῖ,
1569 5307 1624 5353 et
1658 5297 1713 5352 in
1752 5312 1819 5352 eo
1850 5298 2054 5364 lttsum,

485 5369 592 5409 non
622 5356 890 5414 intellexit
931 5359 1020 5416 hic
1052 5360 1395 5420 Anastasius.

556 5428 668 5506 (6.33)
707 5428 766 5506 _l_n
802 5427 1004 5484 Μεηωο
1038 5431 1130 5488 Gr.
1163 5435 1250 5488 die
1279 5435 1349 5489 25
1383 5437 1610 5506 Augusti
1643 5438 1986 5493 Παππιανόν.

553 5496 664 5577 (ἑξ)
706 5497 825 5577 lluc
861 5517 1036 5570 usque
1088 5506 1329 5577 mutilus
1363 5496 1533 5560 codEx
1567 5507 1689 5560 Vat.
1721 5508 1814 5563 Gr.
1849 5510 2056 5577 pertin-

483 5566 582 5645 git.
621 5566 1006 5645 Verbapau'ga
1047 5575 1256 5641 reliqua
1291 5574 1478 5630 Graeca
1513 5577 1720 5645 sumpsi
1756 5594 1822 5632 ex
1851 5566 2057 5633 'Aucta-

483 5636 567 5690 rio
613 5636 1268 5716 novissintqcombetisii
1291 5662 1344 5714 p.
1374 5645 1499 5707 400,
1549 5636 1653 5716 qui
1681 5648 2050 5704 narrationem

484 5707 814 5784 reversionis
841 5711 1196 5780 reliquiarum
1239 5707 1304 5767 Sf
1329 5731 1418 5784 ap.
1459 5707 1839 5772 Bariholomzri
1873 5718 1966 5772 Gr.
1999 5729 2052 5773 ct

494 5774 832 5856 ‘l‘.at.._cdidit,
881 5774 1194 5856 crcerptam
1231 5774 1436 5856 olim'a
1469 5787 1652 5841 nescio
1696 5804 1804 5856 quo
1849 5805 1912 5843 ex
1950 5791 2050 5844 hac

492 5844 720 5901 Studita:
767 5851 939 5905 nostri
980 5844 1264 5920 oratione,
1318 5855 1413 5910 sed
1452 5871 1548 5925 pro
1598 5844 1754 5913 libito
1806 5860 2049 5926 interpo-

2159 5301 2346 5355 latam.

2227 5372 2342 5442 (45)
2379 5370 2513 5437 Qua:
2542 5381 2870 5440 sequuntur,
2901 5371 3188 5428 deficiente
3212 5373 3324 5442 jam
3359 5382 3509 5429 textu
3543 5373 3732 5428 (ξι-αξοο

2155 5443 2226 5496 ob
2257 5443 2464 5497 codicis
2497 5443 2991 5511 imperfectionem,
3024 5445 3415 5513 prosequimur
3437 5461 3561 5498 cum
3587 5445 3734 5496 Ana:

2156 5513 2312 5592 stasii
2358 5521 2639 5592 utcunque
2687 5514 2934 5583 impolita
2971 5529 3035 5592 ac
3085 5515 3456 5592 sentilftarbara
3493 5518 3723 5592 transla-

2157 5584 2335 5644 tione,
2395 5582 2594 5638 collato
2645 5582 2826 5638 tamen
2881 5593 2939 5638 ct
2993 5583 3272 5640 interdum
3324 5587 3502 5642 ascito
3545 5585 3724 5640 codice

2157 5652 2277 5708 Lat.
2315 5651 2437 5708 Vat.

2230 5724 2340 5798 (ἀρ)
2385 5723 2460 5798 Et;
2490 5723 2860 5798 ϐτωεογχαῖρε
2902 5733 2956 5780 et
3001 5725 3237 5796 χαίροις,
3283 5735 3343 5782 ut
3370 5726 3462 5782 diu
3507 5724 3720 5798 ingenti-

2159 5805 2251 5851 nat
2276 5794 2595 5852 Theodorus
2625 5794 2786 5851 etiam
2821 5796 2876 5852 in
2903 5794 3148 5854 oratione
3173 5798 3226 5853 ϐ.
