4064 6372
192 287 289 354 ειι

930 285 1210 348 ORATIO
1259 285 1334 346 X.
1400 309 1471 320 -
1503 281 1588 345 ΙΝ
1647 283 1707 343 S.
1741 271 2389 343 BARTHOLOM/EUM
2428 279 2686 340 APOST.

193 405 634 482 τρισμακάριστσ
663 404 1040 478 Βαρθολομαῖε
1063 421 1078 436 ο
1108 404 1353 476 χαίροις,
1389 403 1452 457 τὸ
1471 389 1782 455 θεοείκελον

1916 397 2006 454 Sed
2032 412 2151 463 ave,
2182 411 2216 452 ο
2241 397 2397 452 beate
2419 397 2724 458 beatorum,
2756 403 2836 450 ter
2866 395 3020 451 beate
3050 395 3466 452 Bartboloma‘e.

199 502 430 574 μίμημα
449 496 544 552 τοῦ
568 496 736 552 καλοῦ
763 495 1110 551 διδασκάλου.
1129 494 1380 566 Χαίροις,
1409 493 1468 546 τὸ
1486 489 1785 562 θεοφεγγὲς

195 593 481 663 ἀγλάϊσμα
505 593 604 662 τῆς
639 589 846 660 σεπτῆς
884 586 1216 660 Ἐκκλησίας
1249 601 1262 613 ·
1289 585 1521 657 χαίροις,
1585 585 1646 638 τὸ
1695 582 1786 636 εΰο

198 683 501 754 ηχέστατον
548 681 786 752 ὄργανον
845 681 947 749 τῆς
975 677 1070 732 τοῦ
1108 677 1427 746 Πνεύματος
1477 673 1784 746 μελῳδίαςο

199 774 440 847 χαίροις,
469 772 531 827 τὺ
562 771 885 842 πολύχωρον
913 769 1010 824 καὶ
1042 765 1434 840 γλυκύκαρπον
1463 767 1651 838 κλῆμα
1690 765 1789 836 τῆς

200 867 301 921 τοῦ
334 863 577 938 Χριστοῦ
611 864 836 934 ζωηρᾶς
859 879 919 915 τε
953 858 1050 914 καὶ
1076 859 1575 931 πατρογεωργήτου
1605 857 1788 926 ἀμπέ-

202 959 319 1012 λου·
345 957 582 1028 χαίροις,
610 956 639 1008 6
664 950 961 1025 ἀξιόχρεως
990 951 1246 1024 θεράπων
1267 950 1360 1004 τοῦ
1387 949 1657 1003 Δεσπότου
1680 946 1790 1000 τῶν

203 1050 484 1104 ἁπάντων·
518 1047 754 1118 χαίροις,
799 1047 826 1098 6
859 1044 1220 1115 ἀξιοπόθητος
1244 1043 1400 1114 φίλος
1429 1041 1525 1096 τοῦ
1558 1043 1792 1110 ἐπουρα-

206 1143 326 1197 νίου
352 1139 616 1212 νυμφίον’
659 1135 892 1209 χαίροις,
928 1139 955 1191 6
986 1137 1337 1208 σοφόρειθρος
1365 1137 1463 1190 καὶ
1494 1133 1794 1206 πολύαρδος

207 1230 567 1302 ποταμδςτοῦ
584 1229 773 1298 νοητοῦ
791 1246 866 1282 πα
876 1226 1139 1298 ραδείσουο
1162 1227 1396 1298 χαίροις,
1415 1227 1443 1278 ὁ
1459 1225 1796 1298 ὲμπειροθήέι

210 1342 379 1396 ρατος
402 1323 586 1387 ἁλιεὺς
608 1321 718 1374 τῶν
738 1321 974 1390 λογικῶν
998 1320 1217 1391 ἰχθύων·
1241 1320 1474 1392 χαίροις,
1497 1321 1525 1373 6
1545 1319 1798 1373 θεοδύνα-

213 1431 317 1483 μος
357 1429 493 1483 τραυ
504 1411 770 1484 ματιστὴς
795 1410 891 1464 τοῦ
911 1410 1309 1485 λῃστεύσαντος
1331 1412 1421 1465 τὸν
1455 1413 1659 1480 κόσμον
1683 1411 1797 1465 δια·

1890 491 2024 558 Ave,
2049 491 2141 560 qui
2167 505 2227 545 es
2257 489 2347 544 Dei
2378 499 2589 544 amator
2619 495 2674 543 et
2701 488 2944 544 imitator
2963 489 3092 544 boni
3123 489 3332 544 scilicet
3352 506 3468 544 ma-

1888 581 2063 652 gistri.
2082 581 2214 645 Ave,
2253 579 2430 650 quies
2454 579 2652 634 divinae
2678 578 2821 634 lucis
2841 579 3100 649 splendor
3132 591 3337 636 sanctae
3366 583 3470 634 Ε‹·-

1891 674 2090 730 clesite.
2120 674 2232 728 Ave
2261 674 2354 742 qui
2388 687 2447 726 es
2483 673 2622 727 bene
2647 687 2852 726 sonans
2896 687 3163 743 organum
3210 672 3472 742 spiritalis

1890 766 2160 821 melodiae.
2178 765 2311 828 Ave,
2333 763 2628 820 artificiose
2648 765 2837 819 rhetor
2854 779 2998 820 verae
3015 764 3317 834 sapientiae.
3335 764 3471 829 Ave.

1893 855 2074 925 quies
2113 855 2302 926 perita:
2330 855 2844 926 capturaa'piscatur
2899 854 3301 909 rationabilium
3353 855 3473 925 pis-

1893 949 2062 1005 cium.
2095 949 2230 1014 Ave,
2255 947 2349 1017 qui
2387 961 2447 1002 es
2470 945 2624 1001 multi
2653 946 2809 1000 chori
2836 955 2888 1000 et
2917 945 3093 1002 dulcis
3124 945 3334 1002 fructus
3356 949 3474 1018 pal-

1894 1056 2032 1105 mes,
2066 1023 2270 1095 Christi
2314 1037 2508 1092 vivida-
2541 1045 2596 1092 et
2630 1046 2870 1107 paterna:
2899 1039 3127 1092 culturae
3148 1039 3297 1093 vitis.
3341 1040 3474 1103 Ave,

1895 1131 2044 1202 digni
2078 1130 2258 1186 meriti
2288 1129 2488 1185 famule
2520 1129 2736 1184 Domini
2765 1129 3170 1186 universorum.
3193 1131 3328 1196 Ave,
3361 1146 3475 1186 me-

1897 1224 2003 1279 rito
2033 1223 2407 1279 desiderabilis
2437 1221 2612 1276 amice
2641 1221 3051 1290 supercmlestis
3099 1222 3308 1291 sponsi.
3340 1221 3474 1284 Ave.

1897 1316 2076 1388 quies
2107 1316 2386 1387 sapientiae
2432 1313 2653 1368 ﬂuentis
2702 1324 2756 1369 et
2803 1313 3122 1384 multiplicis
3160 1315 3477 1384 potationis,

1899 1423 1964 1463 ac
1992 1407 2177 1463 lumen
2217 1407 2482 1478 spiritalis
2511 1405 2772 1476 paradisi.
2805 1405 2940 1472 Ave,
2969 1407 3062 1476 qui
3089 1424 3148 1461 es
3174 1407 3358 1462 divina
3379 1408 3480 1460 vir-

3360 256 3581 340 802‘

209 1505 393 1559 δόλου·
408 1503 640 1576 χαίροις,
660 1505 687 1556 6
709 1487 1091 1573 εὐτεχνότατος
1111 1503 1295 1574 ῥήτωρ
1310 1503 1408 1573 τῆς
1427 1501 1689 1572 ἀληθινῆς
1714 1519 1800 1554 σο-

1916 1507 2021 1553 ;ute
2073 1499 2392 1554 vulnerator
2436 1498 2672 1566 diaboli,
2730 1499 2995 1552 mundum
3047 1514 3153 1554 suo
3196 1499 3482 1558 latrocinio

215 1596 372 1664 φίας·
389 1594 621 1665 χαίροις,
643 1594 671 1646 6
693 1593 1007 1664 πολυφανὴς
1032 1594 1127 1647 καὶ
1154 1591 1504 1664 κοσμοφανὴς
1527 1593 1802 1664 ἑωσφόρος

1916 1591 2263 1647 rulnerautis.
2314 1592 2451 1656 A‘ve,
2489 1591 2579 1659 qui
2611 1590 2985 1660 multipliciter
3015 1607 3245 1670 appares
3279 1592 3484 1647 mundo

213 1685 320 1754 τῆς
341 1684 640 1752 θεολογίαςο
663 1683 896 1755 χαίροις,
918 1685 946 1737 6
967 1682 1230 1752 θεοφανὴς
1258 1684 1350 1736 καὶ
1370 1683 1657 1754 πυροειδὴς
1675 1682 1805 1736 στύ-

1916 1681 2125 1737 Lucifer
2144 1681 2234 1736 Dei
2258 1683 2610 1750 cognitionis.
2637 1679 2892 1736 Gaudeas
2921 1682 3186 1736 divinitus
3214 1683 3482 1738 illustrata

214 1776 310 1839 λος
340 1774 439 1843 τῆς
470 1774 802 1846 όρθοδοξίαςο
836 1775 1072 1847 χαίροις,
1105 1777 1133 1828 6
1167 1775 1226 1839 ἐξ
1257 1774 1535 1829 ἀνατολῶν
1569 1775 1664 1828 ἐπὶ
1705 1775 1794 1828 δυ-

1916 1783 1957 1827 at
1983 1773 2136 1844 ignea
2169 1772 2424 1828 columna
2483 1772 2845 1827 ortbodoxias.
2898 1771 3170 1838 Gaudeas,
3202 1774 3284 1828 sol
3336 1775 3485 1830 orbis

222 1866 370 1936 σμὰς
402 1863 862 1928 θαλαττοὸαδίσας
887 1863 1206 1936 παραδόξως
1224 1881 1239 1894 ο
1265 1865 1496 1936 χαίροις,
1529 1866 1794 1935 παμφαὲ-

219 1973 385 2010 στατε
415 1955 535 2027 ἧλιε
564 1956 662 2027 τῆς
712 1955 1036 2026 οἰκουμένης
1060 1972 1076 1986 ·
1135 1955 1368 2028 χαίροις,
1422 1956 1798 2025 πολύγλωττον

220 2047 402 2119 στόμα
427 2047 528 2116 τῆς
561 2046 848 2115 θεοσοφίας
893 2063 907 2078 ο
963 2047 1198 2119 χαίροις,
1250 2049 1612 2119 ἀενναόόρυτε
1652 2049 1803 2120 πηγὴ

215 2137 332 2191 τῶν
359 2137 624 2208 ἰαμάτωνο
652 2137 892 2207 χαίροις,
926 2136 1165 2208 διωκτὴρ
1188 2137 1530 2210 φοϐερώτατε
1553 2139 1661 2193 τῶν
1690 2140 1805 2194 δαι-

221 2231 407 2299 μόνων
424 2245 438 2259 ·
476 2227 710 2299 χαίροις,
740 2228 838 2299 τῆς
856 2227 1226 2298 Ἀρμένιαςτὸ
1247 2229 1583 2285 πολύευκτον
1610 2233 1806 2301 ἐγκαλ-

217 2320 484 2390 λὼπισμα
508 2334 523 2348 ⁸
561 2319 794 2390 χαίροις,
827 2320 926 2390 τῆς
960 2320 1252 2390 Λιπάρεως
1296 2323 1356 2374 τὸ
1415 2323 1799 2377 ἀσπασίαστον

218 2411 326 2464 καὶ
357 2409 871 2481 πολυπροσκὼητον
896 2409 1140 2481 αὕχημα·
1165 2411 1396 2484 χαίροις,
1433 2415 1460 2467 6
1485 2413 1583 2484 τὴν
1611 2413 1809 2468 θάλασ-

223 2520 332 2557 σαν
360 2502 705 2571 καθαγιάσας
735 2504 854 2566 ταῖς
881 2507 1234 2572 πορευτικαῖς
1262 2505 1596 2574 μεταδάσεσι
1617 2523 1630 2536 ⁶
1683 2507 1808 2578 χαί-

227 2611 372 2665 ροις,
392 2596 420 2648 6
438 2595 538 2664 τὴν
564 2593 669 2663 γῆν
699 2593 1216 2664 καταπορφυρώσας
1245 2599 1310 2666 τῇ
1343 2597 1667 2668 ἐρυθρότητι
1701 2597 1808 2650 τῶν

223 2684 516 2752 παναγίων
533 2683 779 2754 αἱμάτων
812 2700 904 2736 σου
931 2700 945 2714 ·
981 2684 1221 2756 χαίροις,
1255 2685 1283 2737 6
1320 2686 1412 2739 τδν
1442 2687 1582 2756 ἀέρα
1615 2703 1811 2740 κατευο

223 2775 472 2837 ωδιάσας
503 2775 626 2836 ταῖς
687 2772 1098 2844 ίεροπνεύστοις
1149 2773 1618 2846 θεορῤημοσύναις
1677 2792 1807 2828 σου·

225 2863 468 2935 χαίροις,
493 2865 522 2917 6
549 2864 630 2927 είς
655 2863 924 2936 οὐρανοὺς
936 2863 1216 2935 φοιτήσας,
1249 2865 1341 2918 καὶ
1369 2865 1464 2918 τοῦ
1489 2867 1810 2938 ὁμοστοίχου

227 2953 426 3007 θιάσου
459 2954 752 3025 μεσόχορος
781 2953 1080 3025 ὲκλάμπων
1110 2956 1167 3007 ὲν
1190 2954 1470 3028 ἁπροσίτῳ
1491 2956 1648 3029 δόξης
1669 2957 1810 3030 λαμ-

229 3043 495 3115 πρότητι,
521 3047 580 3098 ἐν
605 3045 986 3113 ἀγαλλιάσεως
1029 3045 1312 3118 ἅκορέστῳ
1342 3047 1606 3122 θυμηδίᾳ.
1649 3051 1815 3105 Αὐτό-

1915 1875 2090 1931 terrze,
2130 1865 2226 1936 qui
2275 1873 2474 1919 cuncta
2523 1863 2819 1918 illuminas.
2861 1861 3131 1928 Gaudeas,
3159 1878 3222 1917 os
3251 1862 3345 1918 Dei
3395 1879 3486 1919 sa-

1910 1957 2146 2028 pientiae,
2205 1955 2445 2024 linguam
2485 1954 2722 2009 .babens
2797 1953 3044 2024 ignitam.
3077 1953 3349 2020 Gaudeas,
3394 1957 3488 2026 ju-‘

1909 2051 2044 2121 giter
2069 2063 2330 2103 emanans
2365 2047 2487 2102 fons
2508 2047 2829 2102 sanitatum.
2871 2045 3146 2112 Gaudeas,
3167 2048 3477 2102 daemonum

1913 2136 2171 2192 terribilis
2208 2137 2500 2192 insecutor.
2532 2134 2783 2191 Gaudeas
2819 2176 2835 2202 ,
2873 2136 2967 2205 qui
3021 2151 3080 2190 es
3109 2137 3487 2206 multipliciter

1911 2230 2168 2300 optabilis
2225 2228 2544 2284 formositas
2599 2227 2892 2282 Armeniae.
2962 2227 3236 2294 Gaudeas,
3269 2232 3362 2296 qui
3423 2231 3491 2283 ab

1911 2321 2121 2374 oriente
2155 2319 2220 2374 ad
2251 2319 2590 2374 occidentem
2624 2335 2719 2388 per
2745 2335 2891 2374 mare
2916 2319 3152 2388 gloriose
3174 2321 3488 2377 ambulasti.

1916 2410 2192 2478 Gaudeas,
2227 2411 2319 2481 qui
2352 2427 2412 2466 es
2445 2411 2708 2480 Liparcos
2739 2411 3039 2466 Salutabilis
3085 2423 3140 2466 et
3163 2411 3492 2467 multimodis

1916 2505 2210 2560 adorabilis
2232 2504 2502 2574 gloriatio.
2538 2503 2810 2570 Gaudeas,
2831 2504 2924 2573 qui
2955 2520 3104 2559 mare
3137 2504 3492 2560 sanctificasti

1918 2596 2243 2651 meabilibus
2281 2597 2582 2668 gressibus.
2620 2597 2891 2661 Gaudeas,
2923 2596 3017 2666 qui
3047 2605 3248 2650 terram
3291 2612 3493 2665 purpu-

1919 2699 2067 2738 ream
2105 2683 2280 2738 fecisti
2315 2684 2513 2740 rubore
2545 2685 2976 2740 castissimorum
3009 2697 3335 2751 sangutuum
3371 2690 3494 2736 tuo—

1918 2787 2063 2828 rum.
2083 2770 2360 2840 Gaudeas,
2387 2776 2481 2844 qui
2511 2789 2690 2828 aerem
2717 2773 3005 2828 suavitatis
3029 2774 3291 2828 odoribus
3324 2775 3495 2844 reple-

1921 2867 2031 2931 sti,
2087 2866 2261 2921 sacris
2324 2865 2715 2936 spiraminibus
2779 2865 3091 2920 divinorum
3153 2866 3494 2936 eloquiorum

1925 2964 2166 3010 tuorum.
2219 2955 2494 3022 Gaudeas,
2544 2956 2638 3025 qui
2693 2957 2761 3011 ad
2817 2957 3014 3012 coelum
3066 2960 3410 3023 commeasti,
3444 2970 3495 3014 et

1922 3043 2134 3102 medius
2157 3045 2210 3100 in
2245 3046 2413 3102 choro
2441 3047 2639 3102 divinae
2659 3047 2794 3104 aciei
2827 3058 2931 3103 tua:
2961 3048 3198 3120 refulges
3229 3051 3280 3104 in
3311 3052 3498 3120 gloria:

227 3135 330 3189 οεν
359 3135 508 3206 ἡμᾶς
536 3125 1243 3208 ὲποπτεύοιςεῦμενέστατα
1271 3155 1286 3170 ο
1317 3139 1542 3194 αὐτόθεν
1573 3141 1810 3210 εὐλογοίς

1921 3138 2317 3194 inaccessibilis
2339 3139 2627 3208 splendore
2647 3180 2662 3206 ,
2695 3139 2749 3194 in
2779 3140 3164 3197 exsultationis
3202 3141 3497 3198 insatiabili

226 3228 366 3287 τοὺς
391 3224 454 3277 σὲ
505 3225 946 3299 μακαρίζοντας·
982 3226 1215 3280 αὐτόθεν
1267 3227 1514 3295 δοξάζοις
1573 3233 1700 3295 τοὺς
1755 3233 1815 3284 σὲ

225 3312 660 3384 ἁναμὲλποντας
683 3331 697 3346 ·
728 3315 956 3369 αὐτόθεν
985 3319 1230 3388 ὁμονοοῖς
1251 3319 1352 3390 τὴν
1389 3322 1714 3393 οἰκουμένην
1749 3325 1818 3376 εί-

232 3405 581 3476 ρηνεύουσαν
607 3423 622 3439 ο
657 3407 823 3480 ἱερεῖς
849 3409 1202 3482 δικαιοσύνην
1247 3414 1306 3466 ὲν
1331 3413 1574 3485 ὁσιότητι
1628 3415 1812 3485 ἀμπέ-

229 3497 458 3568 χεσθαι,
522 3498 762 3569 βασιλεῖς
823 3501 1191 3574 ἀγαθοεργίαν
1235 3505 1294 3558 ὲν
1335 3504 1620 3578 ὀρθοδοξίᾳ
1681 3506 1823 3560 κατὰ

234 3590 541 3660 βαρϐάρων
599 3590 953 3656 ὁπλίζεσθαιο
997 3594 1332 3664 μονάζοντας
1390 3597 1669 3652 πολιτείαν
1723 3599 1822 3669 τὴν

235 3683 535 3750 ίσάγγελον
555 3683 938 3755 ἀκαπήλευτον
955 3685 1317 3751 διασώζεσθαι
1333 3704 1347 3719 °
1368 3688 1566 3760 ἄνδρας
1583 3691 1821 3759 γυναιξὶ,

232 3777 339 3830 καὶ
363 3774 625 3846 ἔμπαλιν,
674 3776 826 3847 νόμῳ
889 3777 969 3848 τῷ
1016 3779 1352 3851 προσήκοντι
1406 3781 1818 3850 φυλάττεσθαι·

233 3869 518 3941 πατράσιν
548 3870 709 3933 υἱοῖς,
742 3869 952 3935 δούλοις
993 3872 1306 3940 δεσπόταις,
1359 3875 1620 3945 ἄρχουσιν
1657 3878 1824 3947 ἀρχο-

237 3961 451 4032 μένοις,
469 3960 826 4029 δανείζουσιν,
845 3962 1140 4033 ὀφείλουσι,
1157 3963 1637 4032 συναλλάσσουσιν,
1655 3965 1794 4020 ὠνου
1810 3997 1828 4011 -

242 4052 460 4122 μένοις,
493 4055 626 4106 πᾶσι
661 4053 732 4107 τὰ
762 4056 864 4125 τῆς
894 4055 1111 4120 εὐνοίας
1171 4055 1450 4110 ὲπιλεύσει
1502 4059 1689 4131 τελείᾳ
1731 4057 1825 4112 τοῦ

239 4143 456 4209 κοινοῦ,
492 4147 588 4198 καὶ
615 4146 1121 4218 εὐαρεστήσειΘεοῦ
1139 4147 1466 4218 ὀφειλόμενα
1492 4150 1828 4220 πρυτανευό-

245 4253 449 4309 μενος⁹
487 4238 582 4291 καὶ
612 4239 798 4308 μέντοι
835 4238 946 4292 τῶν
1009 4241 1293 4311 τροφίμων
1321 4253 1350 4280 ιι
1399 4242 1500 4312 τῆς
1553 4243 1830 4296 καλλωπι-

243 4329 492 4400 ζομένης
520 4330 835 4401 Λιπάρεως,
893 4330 988 4384 τοῦ
1048 4335 1312 4402 ποιμένος
1336 4351 1397 4386 τε
1445 4334 1540 4387 καὶ
1590 4335 1684 4388 τοῦ
1723 4351 1834 4388 ποι·

249 4423 439 4492 μνίου,
477 4421 571 4476 τοῦ
601 4424 988 4489 ὲπικτίσαντός
1023 4442 1118 4478 σου
1143 4426 1203 4479 τὸ
1260 4427 1404 4498 ἱερὸν
1433 4427 1682 4498 τέμενος,
1737 4430 1832 4484 καὶ

240 4513 346 4568 τοῦ
378 4514 721 4586 ὑμνήσαντός
751 4532 810 4569 σε
839 4516 928 4570 διὰ
957 4515 1205 4588 βραχέως
1251 4519 1390 4588 ἄγαν
1424 4537 1440 4553 ο
1503 4521 1562 4572 ὲν
1607 4522 1829 4593 Χριστῷ

261 4605 443 4677 Ἰησοῦ
472 4606 548 4659 τῶ
572 4607 760 4679 Κυρίῳ
789 4608 969 4678 ἡμῶν,
997 4603 1042 4677 ᾧ
1072 4611 1276 4680 πρέπει
1303 4612 1455 4666 πᾶσα
1481 4612 1631 4678 δόξα,
1671 4614 1826 4685 τιμὴ,

245 4698 348 4750 καὶ
369 4697 764 4766 προσκύνησις,
818 4700 917 4753 σὺν
943 4699 1023 4769 τῷ
1044 4701 1448 4772 παντοκράτορι
1506 4703 1693 4773 Πατρὶ,
1735 4703 1832 4757 καὶ

247 4787 334 4859 τῷ
370 4787 514 4858 ἁγίῳ
541 4789 637 4841 καὶ⁸
675 4789 927 4860 ζωοποιῷ
955 4789 1256 4862 Πνεύματι,
1319 4791 1416 4844 νῦν
1468 4793 1558 4846 καὶ
1599 4793 1687 4846 ἀεὶ
1737 4795 1832 4848 καὶ

249 4883 340 4942 εἰς
367 4879 497 4942 τοὺς
517 4879 740 4944 αιῶνας.
779 4880 978 4953 Ἀμήν.

1913 3229 2278 3300 iucunditate.
2303 3230 2454 3285 Illinc
2473 3246 2574 3287 nos
2596 3232 2994 3303 benignissime
3023 3234 3291 3290 intuearis
3315 3252 3328 3289 :
3349 3236 3499 3290 illine

1921 3322 2211 3378 benedicas
2239 3331 2290 3378 te
2326 3323 2761 3394 gloriﬁcantibus
2797 3343 2811 3380 :
2846 3325 2996 3380 illinc
3027 3325 3305 3382 beatificcs
3331 3337 3382 3382 te
3410 3343 3502 3382 ca-

1923 3424 2114 3471 nentes
2140 3433 2154 3468 :
2182 3415 2332 3472 illinc
2359 3403 2661 3473 concordes
2684 3417 2872 3472 orbem
2908 3429 3065 3474 terra:
3090 3429 3362 3489 pacatum.
3395 3421 3499 3475 Sa-

1922 3507 2175 3562 cerdotes
2225 3507 2436 3578 jnstitia
2494 3510 2550 3564 in
2609 3511 2900 3564 sanctitate
2952 3512 3302 3566 induantur:
3347 3528 3502 3582 reges

1923 3598 2084 3654 bonis
2113 3600 2370 3666 oneribus
2417 3601 2470 3654 in
2513 3600 2840 3655 ortbodoxia
2891 3613 3082 3656 contra
3115 3602 3386 3657 Barbaros
3415 3619 3500 3656 ar-

1926 3701 2146 3746 mentur
2175 3708 2190 3744 :
2238 3692 2597 3747 monasticam
2631 3695 2797 3747 vitam
2828 3703 3101 3758 tenentes,
3129 3695 3503 3749 conversatio-

1927 3800 2050 3840 nem
2078 3786 2339 3854 aequalem
2375 3786 2692 3853 angelorum
2722 3802 2788 3842 ac
2817 3787 2938 3842 siue
2977 3786 3101 3842 doio
3143 3789 3450 3842 custodiant
3487 3805 3501 3842 :

1925 3876 2026 3930 viri
2064 3877 2408 3942 mulieribus,
2439 3885 2492 3930 et
2527 3893 2743 3932 rursum
2779 3878 3032 3933 mulieres
3062 3879 3194 3933 viris
3218 3917 3234 3940 ,
3286 3894 3505 3945 compc-

1931 3975 2130 4022 tentem
2159 3967 2327 4037 legem
2367 3980 2716 4022 conservent.
2761 3968 2948 4022 Patres
2983 3983 3104 4020 cum
3141 3967 3288 4034 filiis,
3320 3967 3506 4036 praela-

1928 4067 2016 4114 tos
2065 4075 2189 4113 cum
2246 4059 2510 4122 subditis,
2563 4059 2817 4113 dominos
2848 4075 2972 4114 cum
3011 4059 3215 4125 servis,
3259 4068 3506 4114 mutuum

1931 4151 2128 4206 dantes
2150 4165 2275 4206 cum
2307 4150 2667 4214 debitoribus,
2699 4150 3073 4204 venundantes
3101 4166 3222 4204 cum
3245 4149 3510 4219 emptori-

1933 4243 2038 4298 bus
2066 4260 2080 4297 :
2108 4253 2410 4312 czeteraque
2439 4242 2624 4296 omnia
2655 4242 3045 4296 benevolentiae.
3076 4252 3182 4297 tuae
3212 4243 3408 4296 affectu
3439 4243 3506 4297 ad

1935 4335 2222 4388 utilitatem
2253 4333 2567 4403 reipublicae
2585 4343 2806 4404 protege
2832 4352 2846 4401 ;
2867 4343 2919 4388 et
2947 4342 3141 4390 cuncta
3165 4351 3286 4404 qua:
3305 4350 3504 4390 secun-

1936 4426 2066 4480 dum
2097 4425 2500 4497 beneplacitum
2538 4425 2631 4482 Dei
2654 4425 2812 4498 dirigi
2844 4427 3062 4490 debent,
3082 4428 3386 4496 patrocinio
3419 4435 3508 4481 tuo

1936 4521 2202 4586 defende;
2228 4533 2280 4575 et
2306 4521 2577 4590 praacipue
2614 4521 2868 4575 alumnos
2897 4521 3169 4575 decorata:
3203 4519 3464 4590 Lipareos
3493 4538 3506 4572 :

1935 4619 2208 4680 pastorem
2241 4626 2458 4680 quoque
2489 4625 2553 4666 ac
2583 4625 2799 4681 gregem
2829 4612 2923 4680 qui
2949 4611 3256 4665 construxit
3291 4626 3509 4664 sacrum

1938 4705 2200 4773 teiuplum
2233 4714 2384 4758 tuum
2424 4720 2436 4756 :
2475 4711 2530 4757 et
2575 4718 2698 4756 eum
2735 4703 2830 4772 qui
2867 4713 2954 4768 te,
2988 4703 3114 4756 licet
3153 4702 3413 4763 breviter,
3445 4717 3511 4756 ex

1941 4810 2000 4852 se
2017 4796 2241 4851 laudare
2258 4796 2537 4866 praesumit
2558 4812 2572 4860 ;
2591 4796 2644 4849 in
2665 4783 2884 4850 Christo
2904 4794 3027 4849 Jesu
3047 4793 3280 4848 Domino
3301 4803 3509 4860 nostro,

1941 4901 2101 4956 quem
2135 4886 2290 4941 decet
2321 4886 2502 4940 omnis
2529 4885 2736 4956 gloria,
2787 4885 2968 4940 bonor
2996 4896 3050 4940 et
3083 4885 3350 4953 adoratio,
3387 4900 3509 4940 cum

249 4975 636 5044 omnipotente
681 4975 874 5043 Patre,
922 4993 987 5034 ac
1045 4979 1394 5035 sanctissimo
1443 4989 1498 5035 et
1550 4981 1766 5036 vivifico
1818 4981 2044 5051 Spiritu,
2114 4997 2260 5037 nunc
2311 4991 2366 5036 et
2423 4995 2638 5049 semper
2690 4988 2745 5033 et
2794 4980 2848 5034 in
2897 4979 3095 5034 saecula
3137 4980 3482 5035 surculorum.

252 5067 434 5124 Amen
466 5069 602 5138 (47).

1531 5234 1764 5290 VARIAE
1829 5230 2228 5292 LECTIONES.

335 5339 362 5367 ιι
393 5327 520 5384 cod.
547 5327 640 5382 τὸν
674 5344 997 5401 προφημον.

339 5505 453 5576 (Π)
488 5503 678 5576 Pergit
707 5503 904 5576 deinde
931 5504 1260 5576 Anastasius
1299 5505 1379 5559 sic
1411 5520 1425 5559 :
1461 5503 1590 5559 Haec
1612 5506 1676 5559 de
1707 5505 1846 5559 beati

265 5574 654 5632 Ba'rth'ofumazi
699 5574 950 5628 laudibus
1003 5575 1218 5645 ejusque
1270 5575 1589 5628 mirabiliter
1629 5576 1842 5630 advecto

263 5651 322 5702 iu
353 5645 596 5715 Liparim
628 5661 864 5714 corpore,
896 5645 1195 5700 Theodorus
1237 5645 1383 5715 fama
1413 5646 1739 5715 sanctitatis,
1782 5662 1843 5699 ac

265 5714 560 5772 sacerdotii
601 5715 864 5784 dignitate
918 5716 1250 5786 conspicuus,
1293 5714 1400 5784 ﬁdo
1452 5714 1624 5770 relatu
1674 5717 1850 5788 empti:

1956 5506 2084 5558 cuit.
2130 5503 2324 5560 Postea
2353 5505 2420 5559 de
2451 5518 2591 5574 penu
2642 5517 2743 5559 suo
2793 5502 3074 5572 subjungit
3107 5501 3248 5558 idem
3287 5500 3520 5574 Anasta-

1954 5575 2074 5630 sius
2125 5571 2493 5629 narrationem
2537 5575 2956 5630 transvectiunis
2993 5575 3210 5626 illarum
3261 5571 3520 5635 reliquia-

1955 5661 2075 5699 rum
2109 5646 2162 5699 in
2194 5646 2382 5700 urbem
2417 5643 2784 5701 Beneventum
2817 5659 2962 5698 anno
2998 5643 3212 5697 Dutnini
3247 5638 3518 5696 DGCGIX.
