4064 6372
488 247 500 255 ’
584 231 692 296 803

1325 333 1426 391 XI.

587 435 775 492 Sancti
807 434 992 489 Patris
1023 434 1213 498 nostri,
1249 442 1300 487 et
1329 427 1944 504 confessorisThgodori
1991 425 2180 504 Studi-

651 514 828 560 tarum
857 506 1068 559 abbatis
1121 497 1312 560 Oratio
1344 497 1591 574 funebris
1643 501 1698 555 in
1745 499 2023 554 Platonem
2063 497 2182 567 eius

652 586 861 648 patrem
885 575 1245 646 spirituatem.

1789 222 1853 282 S.
1885 217 2091 281 ΤΗΕο
2101 217 2292 280 DORI
2325 217 2676 280 STUDIT/E

3775 212 3886 278 805

3016 326 3118 382 IA'.

2290 425 2402 480 Τοῦ
2425 424 2601 502 ὁσίου
2625 421 2860 502 Πατρός
2885 416 3640 502 nﬂétxal"01wl_o_rntqﬁ
3664 416 3881 502 Θεοδῴ-

2352 511 2470 564 ρον
2499 487 2848 564 ήγουμέτλού
2865 487 3358 564 τῶνᾼΣτουδιτῶν
3399 487 3750 564 Ἐπιτάφιος
3793 491 3882 556 εις

2364 559 2787 620 Πλὰιίὼνᾰτὸν
2811 562 3030 618 ἑαυτοῦ
3052 560 3464 632 πνευματικὸν
3485 559 3735 628 πατέρα.

585 726 686 796 (Ex
731 740 836 781 ms.
873 721 1144 779 Vaticano
1165 719 1381 791 signato
1410 715 1569 782 1660,
1605 715 1700 770 fol.
1757 714 1847 780 79,
1883 712 2187 854 calﬁeri“

2291 726 2580 853 ,ιιιιῐίιηιιιιι5
2630 713 2752 766 Act.
2789 710 3041 766 Sanctor.
3074 708 3247 781 April.
3281 721 3322 765 t.
3355 707 3378 761 ι
3421 707 3543 764 Lat.
3561 722 3691 780 pag.
3720 705 3868 772 566;

2291 797 2376 854 ag.
2411 797 2554 836 XLVI.

1188 1037 1577 1096 PROLOGUS.

649 1137 700 1188 l.
742 1132 1034 1189 Oratorum
1065 1146 1130 1188 ac
1160 1131 1546 1202 SOphistarum
1582 1130 1823 1188 studium
1856 1147 2022 1189 omne
2053 1147 2178 1189 ver-

582 1237 734 1284 satur
764 1227 816 1280 in
859 1240 945 1292 eo,
974 1239 1083 1279 non
1125 1232 1182 1279 ut
1211 1232 1580 1294 assequantur
1608 1225 1920 1293 veritatem,
1954 1226 2084 1281 dum
2118 1241 2180 1282 se

581 1321 647 1376 ad
680 1318 1029 1374 scribendum
1058 1315 1347 1370 conferunt
1377 1334 1389 1369 :
1424 1315 1518 1372 sed
1558 1323 1618 1370 ut
1648 1316 1956 1386 exspoliant
1985 1317 2181 1372 dictio-

581 1427 726 1478 nem,
761 1419 815 1466 et
862 1408 1235 1464 narrationem
1281 1405 1486 1462 faciant
1521 1409 1890 1480 augustiorem
1942 1409 2179 1478 acceptis

580 1519 611 1558 e
644 1514 890 1573 poemate
907 1500 1218 1563 versiculis,
1252 1498 1319 1554 ad
1351 1499 1774 1554 oblectationem
1809 1499 2176 1554 audientium.

583 1595 903 1652 Demulcent
955 1595 1103 1649 enim
1175 1607 1272 1649 eos
1316 1593 1612 1648 verborum
1683 1591 2081 1658 concinnitate,
2127 1603 2181 1648 et

581 1690 818 1760 quadam
888 1684 1367 1741 verisimilitudine
1445 1671 1938 1748 circumveniunt,
1983 1697 2177 1752 parum

582 1779 802 1834 solliciti
848 1793 917 1832 ne
950 1777 1082 1848 quid
1119 1777 1316 1832 falsum
1358 1774 1562 1841 dicant,
1602 1779 1785 1846 utp‘ote
1819 1774 1912 1844 qui
1942 1775 2181 1831 aestima-

584 1871 721 1926 tioni
748 1869 1017 1925 duntaxat
1055 1874 1112 1922 et
1151 1867 1404 1922 humana:
1429 1867 1616 1937 gloriae
1645 1867 1916 1923 serviunt.
1949 1866 2019 1922 At
2049 1882 2179 1922 vero

582 1975 723 2029 quos
775 1967 921 2014 tenet
958 1973 1115 2013 amor
1163 1957 1432 2021 veritatis,
1475 1965 1733 2028 satagunt
1775 1971 1886 2019 res,
1942 1964 2003 2010 ut
2047 1965 2181 2012 acta:

583 2057 733 2112 sunt,
797 2048 1028 2102 dicere:
1083 2045 1334 2116 quamvis
1390 2054 1681 2114 propterea
1732 2045 2077 2100 concinnitas
2125 2053 2180 2099 et

582 2138 852 2208 elegantia
903 2135 1177 2192 orationis
1221 2151 1344 2191 esse
1383 2135 1606 2190 deberet
1641 2135 1840 2190 minor.
1870 2133 2006 2189 Nam
2039 2132 2188 2205 quia:

584 2232 760 2302 ipsam
807 2229 1056 2285 veritatis
1101 2227 1564 2299 pulchritudinem
1626 2229 1920 2293 adamant,
1969 2227 2179 2282 ornatis

2216 1045 2262 1102 Α
2892 1033 3305 1087 ΠΡΟΟΙΜΙΟΝ.

2353 1126 2426 1181 α’.
2463 1125 2719 1198 Ῥήτορσι
2741 1125 2840 1196 μὲν
2866 1125 2966 1179 καὶ
3005 1125 3348 1195 σοφισταῖς-1]
3379 1125 3532 1178 πᾶσα
3567 1124 3878 1196 σπουδὴ,οὒ

2282 1219 2376 1272 τοῦ
2411 1213 2645 1290 ἀληθοῦς
2676 1219 2955 1288 ἐπιτυχεῖν
2989 1217 3274 1271 καθιοῠσιν
3289 1217 3520 1281 ἑαυτοὺς
3545 1218 3641 1270 ἐπὶ
3661 1217 3725 1271 τὸ
3740 1218 3882 1289 γρά-

2283 1327 2432 1378 φειν,
2468 1308 2586 1363 ἀλλ’
2615 1307 2754 1362 ὥστε
2781 1307 3100 1381 λαμπρῦναι
3122 1307 3224 1378 τὴν
3259 1309 3481 1379 φράσιν,
3542 1309 3637 1363 καὶ
3693 1325 3882 1364 συντε-

2287 1404 2406 1472 μεῖν
2437 1402 2498 1454 τὸ
2532 1401 2684 1466 ἔπος,
2721 1401 3019 1454 κάντεῦθεν
3068 1401 3274 1472 ἐπᾶραι
3299 1401 3362 1454 τὸ
3414 1401 3685 1472 διήγημα,
3740 1403 3882 1473 πρὸς

2281 1494 2662 1566 γαργαλισμδν
2700 1493 2808 1546 τῶν
2839 1492 3171 1547 ἀκουόντων.
3257 1493 3525 1562 Θέλγουσι
3585 1493 3698 1565 γὰρ
3754 1496 3881 1560 ταῖς

2283 1587 2532 1651 εύεπίαις
2555 1627 2570 1650 ,
2615 1585 2712 1646 καὶ
2735 1583 3194 1656 παραλογίξονται
3219 1586 3340 1648 ταῖς
3365 1584 3744 1656 πιθανότησιν,
3765 1585 3881 1640 όλί-

2281 1697 2354 1750 γα
2386 1679 2483 1733 τοῦ
2528 1677 2795 1749 ἀψευδοῦς
2827 1677 3233 1749 φροντίζοντες,
3261 1679 3357 1732 ὅτε
3384 1679 3690 1750 δοξήθηρες
3718 1681 3878 1745 ὅντες

2283 1773 2379 1826 καὶ
2411 1771 2909 1844 ἀνθρωπαρεσχεία
2937 1769 3286 1841 δουλούμενοι
3316 1787 3332 1802 ·
3388 1763 3471 1835 οἷς
3503 1769 3560 1824 δέ
3613 1771 3879 1843 ἀληθείας

2282 1863 2446 1934 ἔρως,
2476 1863 2538 1916 τὸ
2558 1862 2619 1916 ὃν
2654 1863 2860 1928 εἰπεῖν,
2891 1863 2987 1917 καὶ
3017 1863 3078 1916 τὸ
3100 1861 3301 1934 ἀληθὲς
3337 1862 3705 1932 πρεσϐεῦσαι,
3767 1863 3879 1918 κάν

2284 1954 2359 2027 μὴ
2390 1955 2450 2009 τὸ
2472 1955 2752 2026 γλαφυρὸν
2783 1956 2874 2008 καὶ
2905 1954 3172 2026 εὐφραδὲς
3206 1951 3382 2036 exat“
3405 1956 3434 2008 ὁ
3461 1953 3622 2022 λόγος
3641 1971 3657 1986 ⁸
3685 1954 3876 2027 ἐπειδὴ

2231 2085 2238 2096 .
2283 2047 2390 2118 γὰρ
2434 2047 2668 2110 κάλλους
2723 2045 2987 2116 ἀληθείας
3047 2047 3322 2116 ἐφίενται,
3361 2046 3875 2118 παραπετάσμασιν

2257 2135 2481 2191 κέοῑκόσι
2512 2138 2634 2202 ταῖς
2663 2127 2898 2209 φράσεσι
2958 2137 3171 2206 χαίρειν
3207 2134 3458 2216 φᾲίουσιν
3517 2137 3638 2208 (sic)
3669 2153 3684 2168 ·
3735 2138 3875 2209 ὅπερ

2282 2229 2430 2282 ἐστὶν
2447 2225 2638 2300 σοφίας
2649 2229 2747 2300 τῆς
2762 2227 2929 2293 ὅντως
2947 2228 3006 2282 εὖ
3013 2247 3073 2300 ps
3081 2246 3176 2300 μα.
3197 2215 3353 2282 Οὕτω
3367 2227 3638 2300 δήπουθεν
3652 2229 3830 2298 κάγὼ,
3847 2231 3878 2284 ὁ

585 2322 789 2388 verbis,
847 2330 1109 2392 tanquam
1166 2319 1448 2392 stragulis,
1508 2317 1865 2382 valefaciunt,
1915 2317 2060 2388 quod
2095 2326 2178 2374 est

2291 2317 2492 2390 βραχὺς
2520 2320 2617 2374 καὶ
2649 2318 2726 2391 νῷ
2759 2319 2853 2372 καὶ
2908 2319 3051 2390 λόγῳ
3106 2320 3204 2372 καλ⁸
3256 2320 3553 2390 πνεύματι,
3606 2319 3702 2374 τὸν
3741 2321 3875 2392 ἐμδν

582 2427 709 2467 vere
735 2385 1022 2482 sapientis.
1053 2411 1131 2465 Ad
1165 2385 1312 2464 hunc
1341 2409 1508 2479 igitur
1539 2409 1763 2464 modum
1791 2423 1892 2479 ego
1921 2385 2171 2478 quoque,

2291 2385 2508 2483 Οατέρα
2541 2385 2900 2482 ἐπαινέσομαι
2927 2429 2940 2442 ·
2982 2385 3102 2466 οὐκ
3136 2411 3332 2482 ἐκείνῳ
3363 2385 3730 2483 χαριζόμενος
3771 2385 3874 2486 τὴν

586 2505 710 2561 licet
753 2505 993 2577 ingenio,
1047 2504 1289 2560 dictione
1317 2512 1371 2558 et
1397 2501 1590 2574 spiritu
1640 2502 1936 2556 admodum
1971 2501 2172 2571 tenuis,

2291 2503 2561 2574 εὐφημίαν
2589 2520 2604 2535 ο
2645 2503 2728 2568 τίς
2752 2503 2862 2575 γὰρ
2885 2504 2982 2558 καὶ
3013 2505 3176 2576 χάρις
3207 2503 3284 2576 τῷ
3315 2503 3512 2575 μηδενὶ
3539 2505 3874 2578 τερπομένῳ

582 2598 800 2654 Patrem
851 2612 1036 2652 meum
1085 2596 1321 2650 laudabo
1369 2611 1384 2649 :
1436 2609 1546 2648 non
1577 2600 1760 2647 autem
1791 2592 1918 2662 quia
1959 2607 2172 2662 sperem

2291 2594 2392 2650 τῶν
2413 2595 2564 2666 τῇδε,
2579 2594 2681 2667 ἤδη
2696 2594 2795 2667 τὴν
2821 2595 3194 2667 ὑπερκόσμιον
3211 2595 3429 2667 λαχόντι
3463 2595 3641 2668 λῆξιν,
3673 2592 3745 2670 ἧς
3765 2599 3876 2664 πᾶς

585 2690 860 2746 laudando
891 2689 1123 2760 gratiam
1157 2688 1294 2742 inire
1324 2687 1466 2756 apud
1499 2701 1649 2742 eum.
1690 2685 1824 2752 Quae
1859 2685 2007 2740 enim
2059 2686 2178 2742 haec

2291 2686 2558 2759 ἐπιτυχὼν
2588 2687 2815 2760 διαγελᾷ
2847 2687 2915 2742 τὰ
2930 2688 3200 2760 παρόντα,
3238 2689 3314 2753 ὡς
3343 2690 3574 2760 μηδενὸς
3601 2691 3663 2747 ἐν
3687 2692 3881 2758 αὐτοῖς

587 2782 732 2838 foret
762 2781 940 2853 gratia
973 2787 1238 2834 consueto
1275 2777 1426 2831 nulla
1465 2777 1828 2847 praesentium
1857 2789 2041 2830 rerum
2079 2775 2176 2830 de-

2291 2778 2436 2844 5ντος
2462 2781 2726 2852 στασίμου
2750 2799 2809 2835 τε
2833 2781 2929 2836 καὶ
2959 2781 3263 2855 μακαρίου,
3293 2783 3410 2837 ἀλλ’
3440 2783 3532 2838 ῐσα
3555 2787 3738 2850 σκιαῖς
3764 2801 3879 2842 πα-

594 2875 807 2940 lectart,
863 2881 919 2928 et
948 2886 1110 2940 super
1136 2870 1415 2926 caelestem
1455 2868 1650 2938 adepto
1698 2867 1986 2938 requiem?
2011 2881 2173 2938 quam

2291 2874 2671 2946 ρατρέχοντος,
2702 2875 2798 2928 καὶ
2836 2875 3059 2931 ἄνθεσιν
3086 2878 3296 2950 ἠρινοῖς
3311 2879 3875 2949 ἀπομαραινομένους

587 2963 838 3034 quisquis
886 2960 1129 3033 possidet
1167 2961 1307 3014 ridet
1349 2958 1674 3030 praesentia,
1721 2959 1870 3013 velut
1899 2957 2040 3012 nihil
2067 2968 2183 3012 sta-

2291 2966 2494 3031 Ἀλλως
2519 2984 2602 3034 τε,
2627 2969 2678 3021 εί
2699 2967 2780 3021 ἔτι
2808 2968 2948 3038 ὑπὲρ
2976 2969 3084 3040 γῆν
3103 2968 3201 3036 ὢν,
3224 2969 3444 3036 ἀνάξιον
3468 2969 3664 3024 ἑαυτὸν
3687 2971 3879 3042 ἠγεῖτο

590 3058 732 3122 bile,
793 3055 930 3110 nihil
991 3055 1208 3110 beatum
1268 3053 1644 3118 continentia,
1697 3060 1754 3107 et
1811 3065 1936 3121 quae
2005 3049 2184 3106 instar

2291 3059 2382 3112 καὶ
2421 3061 2540 3124 τοῖς
2575 3059 2766 3125 ἁπλῶς
2791 3063 3090 3133 μονασταῖς
3130 3060 3710 3135 ἐγκα[τα]τάττεσθαι,
3736 3062 3879 3134 ὅπερ

547 3195 550 3198 .
589 3149 798 3204 unibrae
839 3153 1191 3218 praetereunt,
1237 3154 1333 3200 aut
1391 3153 1451 3199 ut
1503 3143 1687 3216 flores,
1711 3143 1864 3199 verni
1925 3157 2180 3197 corrum-

2291 3143 2352 3222 ἦν
2400 3151 2578 3220 ἄκρας
2609 3151 3123 3224 ταπεινοφροσύνης
3147 3153 3371 3222 δεῖγμα,
3404 3154 3504 3206 καὶ
3555 3149 3660 3222 τῆς
3710 3151 3881 3221 ἁγίας

590 3248 816 3312 puntur.
874 3237 956 3292 Ad
1013 3238 1127 3292 haec
1173 3237 1221 3292 si
1274 3235 1442 3290 etiam
1505 3235 1558 3289 in
1595 3235 1758 3290 terris
1811 3234 2026 3305 positus
2057 3249 2179 3291 sese

2291 3240 2503 3312 ἐκείνης
2531 3241 2714 3312 ψυχῆς
2743 3243 3074 3318 προτέρημα
3105 3260 3122 3276 ·
3165 3242 3284 3308 πῶς
3310 3243 3379 3298 ἂν
3425 3239 3706 3314 μετελθὼν
3763 3243 3880 3297 τῶν

522 3333 529 3339 ’
589 3329 960 3386 arbitrabatur
1004 3329 1312 3398 indignum,
1364 3327 1459 3397 qui
1498 3328 1580 3382 vel
1615 3327 1668 3382 in
1715 3342 1945 3383 numero
1983 3343 2178 3384 mona-

2291 3331 2520 3399 ἐνθένδε,
2552 3334 2646 3388 καὶ
2673 3334 2732 3388 ἐν
2761 3339 2876 3400 τοῖς
2905 3336 3212 3406 ἀκηράτοις
3247 3334 3566 3406 γενόμενος,
3611 3333 3749 3388 ἔνθα
3779 3352 3876 3389 κε-

590 3421 826 3479 chorum
879 3429 1196 3477 censeretur
1233 3419 1402 3491 (quod
1457 3433 1688 3474 summae
1718 3419 1839 3488 ejus
1892 3418 2180 3476 modestiae

2291 3424 2385 3495 γῆς
2413 3425 2572 3498 δόξης
2600 3427 2829 3499 οὐδεμία
2863 3425 3070 3496 ἔφεσις,
3099 3425 3308 3498 ταύτης
3338 3427 3697 3498 ἐκζητήσειεν
3747 3424 3884 3497 παρ’

592 3513 855 3569 indicium
904 3521 959 3567 et
986 3520 1191 3567 sancta
1245 3510 1443 3565 anima;
1469 3519 1589 3565 erat
1633 3511 1971 3580 przecipuum
2017 3527 2181 3582 argu-

2291 3515 2466 3586 ἡμῶν,
2498 3517 2588 3572 διὰ
2605 3519 2715 3573 τῶν
2746 3519 2985 3574 ἐπαίνων
3014 3517 3404 3584 ἐπιτεύξασθαι
3429 3536 3445 3587 ;
3943 3514 3950 3520 '

593 3603 859 3675 mentum)
892 3602 1170 3675 quomodo
1201 3617 1365 3662 nunc.
1405 3611 1695 3672 postquam
1767 3601 1897 3658 hinc
1957 3603 2248 3675 emigravit
2293 3615 2349 3662 et
2398 3609 2836 3680 incorruptibilia
2885 3612 3029 3668 bona
3085 3612 3347 3682 possidet,
3406 3612 3550 3668 inter
3572 3626 3698 3684 qua:
3730 3611 3883 3668 nulla

593 3708 680 3755 est
740 3698 921 3753 inanis
971 3697 1158 3768 gloria:
1200 3697 1535 3767 appetentis,
1589 3697 1740 3750 illam
1797 3712 1894 3767 per
1961 3709 2180 3758 nostras
2219 3702 2409 3760 laudes
2438 3704 2781 3764 desideraret
2809 3709 3119 3781 consequi?

663 3794 720 3848 2.
758 3793 1016 3847 Laudabo
1044 3807 1174 3864 ergo
1195 3807 1344 3857 eum,
1383 3793 1478 3864 qui
1530 3792 1597 3848 ad
1625 3795 1751 3860 hoc,
1777 3794 1824 3850 si
1859 3796 1984 3866 quis
2015 3796 2182 3864 alius,

2359 3803 2427 3875 β’.
2470 3804 2614 3859 Ἀλλ’
2640 3806 2723 3860 ὅτι
2759 3807 2920 3878 χρέος
2957 3806 3082 3877 ἐμοὶ
3131 3804 3295 3878 εἴπερ
3317 3804 3429 3860 τινὶ
3473 3806 3622 3878 ἄλλῳ
3665 3807 3882 3864 δικαιό-

591 3885 896 3958 iusdssime
951 3883 1183 3954 obligor,
1247 3893 1362 3939 tum
1427 3900 1525 3955 pro
1579 3885 1698 3955 ejus
1753 3886 1810 3940 in
1878 3903 1966 3942 me
1992 3889 2186 3946 olliciis

2291 3914 2472 3964 τατον,
2523 3899 2794 3968 ὀφείλοντι
2825 3899 2964 3970 μετά
2999 3897 3110 3954 τῶν
3140 3899 3337 3965 ἄλλων,
3374 3898 3470 3952 καὶ
3517 3899 3664 3972 ὑπὲρ
3711 3901 3880 3957 αὐτοῦ

595 3979 808 4042 multis,
846 3986 960 4031 tum
1005 3977 1089 4031 vel
1140 3977 1380 4032 maxime
1415 3992 1513 4047 pro
1561 3977 1680 4047 ipsa
1713 3977 1836 4044 hac,
1868 3980 2188 4049 qualiscun-

593 4088 702 4145 que
750 4081 854 4140 est,
915 4073 1129 4128 dicendi
1185 4071 1469 4138 facultate,
1505 4089 1671 4144 quam
1703 4071 1990 4128 laboribus
2017 4082 2072 4128 et
2103 4073 2188 4127 in-

595 4165 808 4221 dustria
861 4162 984 4234 ejus
1024 4163 1300 4218 excultam
1363 4163 1658 4233 possideo,
1705 4162 1867 4233 eique
1906 4177 1996 4217 me
2041 4162 2190 4218 velut

597 4256 747 4312 Patri
789 4264 1068 4326 acceptam
1111 4253 1318 4309 referre
1358 4263 1596 4324 oportet.
1644 4251 1834 4322 Neque
1876 4261 2058 4308 tamen
2102 4266 2190 4307 me

597 4349 874 4402 existimet
899 4346 1176 4418 quispiam
1217 4346 1272 4400 id
1319 4359 1543 4415 quoque
1582 4352 1854 4414 spectare,
1892 4345 2037 4414 quod
2069 4343 2189 4399 laus

599 4437 746 4490 Patri
775 4435 976 4500 danda,
1028 4434 1404 4490 redundatura
1441 4435 1514 4486 sit
1548 4432 1604 4486 in
1639 4431 1831 4499 lilium,
1860 4433 2020 4503 juxta
2055 4433 2186 4489 illud

604 4527 926 4600 Sapientis:
969 4525 1151 4581 Gloria
1195 4526 1424 4580 hominis
1477 4541 1544 4579 ea:
1599 4525 1794 4579 honore
1829 4527 1999 4594 patris
2041 4526 2190 4583 sui‘.

602 4621 731 4679 Scio
788 4621 934 4677 enim
974 4619 1120 4692 quod
1150 4618 1240 4673 cui
1290 4617 1438 4672 domi
1479 4632 1595 4673 suae
1645 4627 1695 4672 et
1734 4633 1764 4672 a
1797 4619 1980 4687 seipso
2017 4617 2190 4688 gloria

604 4714 864 4786 suppetit,
894 4713 942 4769 is
973 4727 1005 4767 a
1035 4719 1190 4784 patre
1217 4711 1382 4768 etiam
1423 4710 1686 4765 honorem
1724 4709 2025 4780 accipiens,
2059 4726 2188 4766 cva-

605 4809 700 4865 dat
741 4807 1033 4878 gloriosior
1069 4823 1083 4861 :
1123 4805 1210 4862 sin
1257 4803 1460 4872 minus,
1521 4813 1775 4874 paternas
1824 4803 2014 4860 laudes
2050 4803 2192 4860 nihil

607 4899 868 4972 prodesse
903 4899 976 4966 ei,
1012 4899 1104 4968 qui
1133 4914 1232 4970 per
1270 4914 1330 4954 se
1372 4897 1633 4970 inglorius
1679 4906 1842 4967 atque
1888 4897 2192 4953 inhonorus

606 4997 711 5050 est,
752 4985 931 5057 qualis
982 5001 1107 5042 esse
1146 4988 1360 5044 videor.
1391 4984 1498 5043 Fas
1544 4997 1727 5042 tamen
1758 5001 1868 5042 non
1899 4995 1984 5043 est
2021 4987 2190 5042 vitam

609 5079 757 5136 illius
785 5093 853 5135 ex
890 5077 1094 5136 virtute
1117 5087 1294 5135 actam
1319 5079 1422 5135 sub
1442 5079 1630 5134 modio
1661 5077 1886 5146 silentii,
1925 5086 2189 5150 tanquam

609 5173 891 5230 lucernam
933 5173 1170 5242 abdere;
1233 5189 1356 5246 quae
1407 5187 1573 5245 supra
1614 5171 1883 5227 rationale
1934 5171 2190 5227 candela-
2219 5150 2267 5206 Ῐ)

608 5270 768 5328 brum
823 5268 1020 5342 posita,
1072 5270 1282 5343 fulgere
1323 5270 1505 5339 debet,
1546 5285 1652 5325 non
1682 5268 1778 5325 uni
1815 5267 2062 5336 alterive,
2093 5268 2192 5325 sed

553 5434 558 5438 δ
607 5365 870 5421 omnibus
931 5363 1184 5438 (fidenter
1235 5363 1457 5435 loquor)
1517 5361 1612 5433 qui
1677 5361 1734 5416 in
1791 5359 2038 5416 Ecclesia
2092 5359 2189 5416 Dei

608 5471 755 5519 sunt.
810 5461 994 5528 Quare
1035 5474 1161 5516 cum
1204 5457 1317 5531 jam
1372 5456 1808 5515 demonstratum
1849 5452 1953 5520 sit,
2003 5467 2090 5510 me
2121 5454 2189 5512 ad

687 5695 705 5728 ¹
745 5693 915 5752 Eccli.
947 5709 1032 5764 ιιι,
1063 5693 1146 5750 l3.

2287 3988 2384 4043 τοῦ
2417 3990 2568 4054 ὅπως
2597 3987 2712 4057 οὖν,
2749 3991 2845 4045 καὶ¹
2871 3991 2964 4046 ὑπ’
3016 3991 3230 4047 ἐκείνου
3289 3991 3471 4046 πόνων
3494 4007 3555 4045 τε
3610 3993 3711 4047 καὶ
3761 3993 3885 4048 ἐπι-

2293 4083 2526 4155 μελειῶν
2581 4085 2880 4157 προσόντος
2910 4101 3002 4155 μοι
3035 4075 3218 4154 λόγου,
3248 4079 3338 4138 οἷά
3365 4100 3490 4139 τινα
3519 4083 3787 4156 ἀμοιϐὴν,
3800 4085 3884 4156 τῷ

2289 4176 2470 4247 Πατρλ⁵
2489 4175 2584 4230 τὸν
2614 4175 2773 4246 λόγον
2790 4174 3085 4246 ἀναθήσειν
3105 4189 3119 4204 ⁸
3158 4174 3402 4243 καίτοιγε
3418 4174 3655 4229 συννοιῖιν
3680 4175 3884 4247 ὅτιπερ

2289 4267 2318 4320 ὁ
2347 4268 2616 4341 πατρικὸς
2647 4267 2870 4332 ἔπαινος
2900 4269 2979 4332 είς
3007 4266 3125 4322 υἱοῦ
3153 4267 3312 4332 δόξαν
3333 4266 3697 4338 ἀναφέρεται,
3735 4265 3886 4322 κατά

2289 4360 2516 4414 εἰπόντα
2551 4360 2748 4429 σοφόνο
2799 4359 2869 4415 Ἦ
2899 4359 3052 4426 δόξα
3077 4359 3394 4429 ἀνθρώπου
3438 4359 3510 4414 ἐκ
3560 4359 3739 4430 τιμῆς
3768 4360 3882 4416 τοῦ

2290 4452 2518 4520 πατρὸς
2555 4449 2764 4518 αὐτοῦ,
2793 4451 2854 4504 οὐ
2881 4449 2989 4521 μὴν
3017 4449 3110 4504 διὰ
3143 4449 3327 4516 τοῦτο,
3352 4448 3431 4512 ὡς
3459 4450 3527 4506 ἄν
3549 4467 3634 4514 τις
3660 4449 3880 4521 οἰηθείη

2290 4544 2618 4608 ἐπαινέσων,
2650 4541 2809 4607 εἰδὼς
2838 4542 3023 4610 πάλιν,
3061 4541 3137 4607 ὡς
3159 4541 3413 4608 ἕκαστος,
3443 4543 3494 4595 εί
3537 4539 3752 4595 οἴκοθεν
3782 4543 3881 4595 καὶ

2293 4638 2425 4710 παρ’
2455 4635 2654 4691 ἐαυτοῦ
2684 4637 2745 4691 τὸ
2776 4637 2999 4702 εὐκλεὲς
3055 4635 3190 4706 ἔχοι,
3241 4635 3629 4707 εύκλεέστερος
3668 4634 3737 4689 ἂν
3789 4637 3880 4706 ειη

2294 4729 2390 4782 καὶ
2418 4728 2691 4800 πατρόθεν
2725 4727 2886 4794 δόξαν
2914 4723 3320 4796 ἐρανιζόμενοςο
3357 4725 3409 4777 εί
3466 4723 3525 4778 δὲ
3578 4721 3676 4794 μὴ,
3720 4721 3882 4777 οὐδὲν

2293 4819 2540 4892 ὀνίνησιν
2577 4819 2638 4873 τὸ
2671 4819 2940 4890 πατρικὸν
2969 4818 3140 4889 γέρας
3163 4816 3256 4871 τὸν
3283 4815 3455 4887 ἀκλεῆ
3505 4831 3566 4868 τε
3600 4812 3697 4867 καὶ
3743 4810 3882 4881 ἀγί-

2297 4927 2520 4983 ραστον,
2551 4904 2669 4976 οἷος
2694 4910 2806 4980 ἐγὼ
2834 4909 3119 4981 φαίνομαι.
3159 4908 3304 4963 Ἀλλ’
3322 4909 3406 4963 ὅτι
3433 4907 3532 4979 οὐχ
3561 4907 3732 4971 ὅσιον,
3773 4904 3886 4960 ὖτὼ

2294 5003 2388 5058 τὸν
2414 5004 2518 5075 τῆς
2558 5007 2717 5076 σιγῆς
2743 5004 2927 5076 μόδιον
2965 5003 3161 5066 θεῖναι,
3193 4998 3448 5070 καθάπερ
3509 4996 3636 5052 τινὰ
3681 4995 3886 5066 λύχνον

2295 5095 2586 5164 ἀεὶφωτον,
2614 5095 2709 5150 τὸν
2738 5094 2994 5168 ἐνάρετον
3018 5092 3249 5157 ἐκείνου,
3274 5089 3390 5145 ἀλλ’
3421 5087 3514 5142 ἐπὶ
3533 5087 3631 5160 τὴν
3649 5088 3887 5160 λογικὴν

2297 5187 2522 5259 λυχνίαν
2557 5185 3050 5259 μαρμαρύσσοντα,
3083 5181 3271 5255 θαρρῶ
3303 5180 3504 5251 λέγειν,
3526 5181 3589 5235 οὐ
3617 5179 3701 5250 τῷ
3742 5179 3889 5235 δεῖνι

2299 5282 2394 5335 καὶ
2417 5281 2574 5347 δεῖνι,
2603 5279 2742 5335 ἀλλὰ
2768 5277 3148 5351 σχεδδνείπεῖν
3175 5275 3431 5338 πᾶσιτοτς
3459 5275 3518 5326 ἐν
3535 5275 3605 5344 τῇ
3625 5270 3721 5326 τοῦ
3739 5270 3890 5330 Θεοῦ

2313 5371 2632 5444 Ἐκκλησία.
2687 5370 2845 5425 Ἐπεὶ
2864 5369 2960 5424 οὖν
2991 5365 3276 5437 λυσιτελὴς
3307 5366 3444 5436 ἡμῖν
3479 5363 3572 5417 καὶ
3608 5362 3889 5432 ὑπόχρεος

2299 5465 2440 5519 κατά
2470 5463 2565 5518 τοῦ
2588 5463 2654 5536 (ἲ)
2679 5463 2893 5537 ἐδείχθη
2929 5463 2957 5518 ὁ
2977 5461 3155 5533 λόγος,
3183 5458 3322 5532 ἔχων
3347 5455 3489 5530 μετά
3514 5452 3753 5526 ἀληθοῦς
3785 5453 3890 5510 καὶ
