4064 6372
208 272 300 334 805

859 255 1144 320 ORATIO
1171 256 1278 318 XI.
1307 280 1375 291 -
1413 254 1798 316 LAUDATIO
1835 253 1893 313 S.
1937 254 2308 314 PLATOle
2337 255 2774 318 HEGUMENI.

3340 258 3445 319 806

205 385 258 438 τὸ
295 381 555 452 χρήσιμον
579 373 768 445 ἡλίκον
802 387 814 401 ·
859 372 992 442 φέρε
1024 368 1233 423 ἐκεῖθεν
1264 365 1642 437 ἀπαρξώμεθα
1657 364 1766 417 τῶν

1875 363 2010 416 hanc
2059 364 2362 418 orationem
2408 375 2464 420 et
2507 366 2838 435 obligatione
2889 366 3103 436 propria
3128 376 3182 420 et
3213 367 3448 423 utilitate

209 469 496 545 εγκωμίων,
527 466 651 520 ὅθεν
689 464 782 519 καὶ
812 461 1291 535 πρεπωδέστατον.

535 773 932 831 ΚΕΦΔΛΑΙΟΝ
972 771 1269 828 ΠΡΩΤΟΝ.

1869 455 2040 508 aliena
2097 456 2380 510 inductum
2414 458 2675 511 accedere
2725 457 2830 528 (est
2858 457 3003 511 enim
3059 459 3276 512 veritati
3311 473 3445 514 con-

1863 545 2054 614 juncta
2105 546 2479 616 utilitas),age
2527 547 2896 601 laudationem
2935 547 3004 600 ab
3049 561 3114 601 eo
3141 545 3444 611 ordiamur,

1869 637 2009 692 unde
2035 639 2306 709 praecipue
2337 640 2591 694 convenit
2618 639 2838 694 initium
2873 639 3094 694 ducere.

2361 774 2590 832 CAPUT
2631 775 2918 834 PRIMUM.

1239 887 1422 956 Ortus,
1444 889 1713 954 educatio,
1737 906 1972 945 secessus
2004 892 2057 945 in
2072 891 2398 962 Bithyniam.

269 1032 585 1111 γ’.ῐῖατέρες
607 1032 798 1105 μὲντῷ
827 1031 1082 1104 μακαρίῳ
1113 1031 1386 1098 Πλάτωνι,
1415 1030 1644 1102 Σέργιος
1668 1031 1762 1084 καὶ

203 1133 463 1207 Eae-quia,
494 1123 569 1186 ὧν
596 1128 660 1182 τὸ
685 1125 908 1196 εὐγενὲς
937 1123 1234 1196 ἐπίσημον,
1262 1125 1357 1178 καὶ
1383 1127 1410 1178 ὁ
1439 1125 1640 1196 τρόπος
1662 1125 1762 1178 οὐκ

202 1226 534 1299 άγενέστερος
585 1237 598 1251 ⁸
641 1218 797 1290 ῆῦεσι
847 1216 1237 1290 χρηστοτέροις
1296 1215 1760 1288 ἀναστρεφόμενοι

202 1322 284 1376 καὶ
309 1314 592 1386 οἰκουριῶν
622 1311 963 1382 ἐπιμελείαις
985 1309 1054 1363 τὰ
1081 1308 1271 1363 ἐνόντα
1295 1307 1434 1378 ὑπὲρ
1462 1308 1588 1370 τοὺς
1628 1305 1760 1358 πολ-

199 1415 310 1476 λοὺς
339 1408 615 1474 αῦξοντες,
645 1405 740 1458 καὶ
769 1401 1006 1473 ζηλωτοὶ
1036 1401 1125 1455 διά
1179 1399 1354 1454 ταῦτα
1406 1396 1759 1467 συγγενεῦσιν

199 1505 519 1573 ὑπάρχοντες
542 1516 556 1531 ο
591 1493 694 1562 οἷς,
725 1495 863 1567 μετὰ
885 1494 997 1546 τῶν
1040 1492 1215 1547 ἄλλων
1271 1492 1527 1561 μέγιστον
1576 1488 1753 1560 ἐγκώ-

202 1612 310 1668 μιον
338 1591 430 1646 καὶ
464 1589 748 1650 εὐτεκνίας
777 1586 1031 1658 δώρημα.
1064 1585 1291 1656 Φέρουσι
1319 1584 1430 1654 γὰρ
1471 1582 1660 1652 ὥσπερ
1675 1599 1756 1634 τι·-

197 1687 257 1740 νὰ
287 1681 556 1752 εύθυγενῆ
585 1679 836 1750 βλαστὸν,
882 1677 980 1731 σῦν
1015 1676 1138 1730 δυσὶ
1165 1675 1492 1746 θυγατράσι,
1540 1675 1632 1728 τὸν
1661 1673 1756 1727 νῦν

197 1773 574 1844 ἐπαινούμενον
601 1815 616 1839 ,
649 1770 772 1824 ούδέ
805 1769 1002 1833 αὑταῖς
1049 1766 1300 1821 ἁκλεέσιν
1350 1765 1654 1835 ὁφθείσαις,
1681 1761 1756 1819 ὧν

199 1866 355 1921 πολλὰ
383 1865 482 1919 καὶ
515 1863 658 1918 καλὰ
687 1861 756 1916 τὰ
799 1861 1141 1931 διηγήματα,
1169 1859 1270 1929 τῆς
1298 1859 1398 1930 μὲν
1426 1860 1484 1914 ἐν
1507 1857 1586 1930 τῷ
1639 1875 1756 1912 κοι-

1941 1033 1994 1086 5.
2038 1032 2183 1088 Beati
2217 1033 2462 1090 Platonis
2493 1044 2749 1104 parentes
2773 1035 3000 1106 Sergius
3042 1043 3206 1107 atque
3228 1035 3444 1106 Euphe-

1869 1125 1974 1176 mia
2005 1122 2248 1190 fuerunt,
2290 1139 2592 1194 eorumque
2620 1133 2673 1179 et
2707 1141 2878 1194 genus
2926 1127 3158 1193 illustre,
3185 1136 3240 1182 et
3270 1127 3443 1182 nihilo

1868 1215 2052 1294 minus
2103 1215 2344 1272 illustres
2389 1219 2620 1273 virtutes
2655 1235 2669 1273 :
2716 1217 2936 1287 optimis
2973 1227 3154 1273 autem
3195 1219 3445 1275 moribus

1867 1304 2146 1372 providam
2175 1303 2460 1360 familiaris
2493 1306 2567 1360 rei
2603 1321 2792 1361 curam
2819 1315 3091 1376 gerentes,
3112 1307 3260 1362 illam
3281 1323 3445 1377 supra

1868 1397 2070 1451 multos
2111 1407 2402 1464 auxerunt,
2439 1399 2603 1454 etiam
2648 1415 2824 1468 usque
2852 1400 2919 1454 ad
2951 1399 3211 1454 invidiam
3243 1415 3446 1471 cogna-

1862 1497 2064 1545 torum.
2115 1491 2233 1547 Pra:
2285 1493 2496 1548 caneris
2539 1505 2719 1548 tamen
2761 1493 3040 1559 laudibus,
3070 1495 3444 1550 commendari

1862 1585 1916 1638 in
1942 1584 2074 1654 ipsis
2106 1593 2347 1641 meretur
2397 1586 2694 1642 liberorum
2730 1587 3128 1656 gignendorum
3161 1585 3396 1642 felicitas
3426 1605 3442 1644 :

1863 1685 2048 1747 utpote
2105 1678 2218 1747 qui,
2283 1681 2432 1733 velut
2485 1678 2695 1733 illustre
2747 1693 3011 1749 germen,
3066 1679 3230 1745 hunc,
3280 1694 3444 1749 quem

1864 1770 2028 1824 modo
2071 1769 2380 1838 laudamus,
2435 1773 2729 1843 protulere,
2765 1787 2876 1827 una
2906 1786 3030 1826 cum
3067 1771 3282 1826 duabus
3308 1771 3447 1826 filia-

1831 1863 1964 1924 ibus
1995 1864 2092 1933 (l),
2143 1880 2245 1920 uec
2299 1865 2430 1934 ipsis
2483 1865 2728 1935 iugloriis
2783 1865 2932 1935 (nam
2982 1863 3127 1918 etde
3157 1863 3241 1920 his
3271 1865 3444 1920 multa

197 1958 390 2027 νωνικῷ
421 1957 525 2028 βίῳ
552 1953 955 2026 διαπρεψάσης,
983 1952 1104 2054 τῆς.ἰ
1137 1952 1198 2016 ἐξ
1219 1948 1285 2027 ἦς
1317 1953 1412 2006 καὶ
1442 1954 1623 2023 ἡμεῖς,
1654 1940 1769 2007 κᾶν

1875 1955 2234 2025 praeclaraque
2271 1955 2378 2010 dici
2419 1961 2692 2025 possent),
2727 1971 2963 2026 quarum
2999 1971 3110 2010 una
3139 1955 3359 2024 quidem
3389 1956 3445 2010 in

197 2051 263 2123 τῷ
294 2047 568 2122 μοναδικῷ
601 2039 1277 2117 τάγματιδιαλαιίψάσης.
1322 2044 1541 2115 Ἐπειδὴ
1569 2043 1626 2096 δὲ
1676 2045 1758 2096 ἐν-

195 2120 384 2214 έσκήψε
397 2140 522 2194 κατ’
537 2141 714 2192 ἐκεῖνο
736 2136 930 2207 καιροῦ
957 2135 1096 2208 ὀργὴ
1127 2135 1379 2206 οὐράνιος
1403 2134 1548 2208 (ἄγει
1567 2151 1634 2206 με
1651 2136 1758 2208 γάρ
1777 2120 1796 2142 ⁸

194 2234 380 2304 ταύτην
436 2229 744 2303 δηλῶσαιὴ
781 2229 1083 2300 ὑπόθεσις),
1117 2228 1325 2298 φθορὰν
1381 2228 1463 2282 ὃτι
1525 2228 1760 2300 μάλιστα

194 2324 460 2393 ἐπάγουσα
491 2322 794 2392 πάνδημον,
821 2319 919 2373 ούκ
955 2318 1166 2388 ὀλίγαις
1197 2316 1296 2389 μὲν
1333 2316 1524 2380 ἄλλαις
1553 2319 1760 2387 χώραις

195 2437 245 2472 τε
272 2417 360 2472 καὶ
388 2416 612 2470 πόλεσιν
645 2411 1074 2484 μετενδημοῦσα,
1093 2411 1285 2482 ὥσπερ
1306 2427 1390 2473 τις
1415 2408 1759 2481 Αἰγυπτιακὴ

197 2508 377 2580 μάστιξ
403 2511 468 2562 ἐκ
500 2505 664 2578 τῆσδε
687 2506 766 2571 είς
800 2505 980 2577 τήνδε,
1012 2503 1248 2574 μάλιστα
1276 2501 1333 2555 δὲ
1354 2505 1420 2572 τῇ
1457 2498 1762 2570 βασιλιςού-

196 2621 255 2674 σῃ
306 2600 595 2667 Βυζαντίδι
618 2615 631 2628 ⁸
664 2596 839 2668 ταύτῃ
893 2614 975 2650 τοι
1009 2596 1104 2650 καὶ
1156 2593 1488 2650 καταλύουσι
1523 2593 1615 2648 τὸν
1648 2593 1762 2662 βίον

193 2698 235 2748 οἰ
259 2694 599 2765 ἁείμνηστοι.
637 2690 750 2743 Οὐκ
796 2689 1024 2760 ἄκαιρον
1063 2687 1121 2740 δέ
1163 2688 1325 2758 τάχα,
1364 2686 1633 2758 ὠφελείας
1658 2687 1760 2756 χά-

1865 2046 2111 2100 szsculari
2141 2047 2252 2102 vita
2291 2047 2636 2103 laudabiliter
2659 2058 2742 2104 est
2765 2056 3085 2104 conversata
3108 2066 3122 2116 ;
3149 2049 3318 2102 altera
3343 2046 3445 2118 (2),

1865 2137 2012 2193 unde
2051 2139 2162 2194 nati
2211 2155 2310 2196 nos
2355 2157 2570 2206 sumus,
2630 2141 2792 2196 etiam
2829 2141 2884 2196 in
2916 2140 3224 2195 monastico
3251 2140 3448 2195 ordine

1865 2233 2087 2289 elfulsit.
2145 2233 2314 2290 Porro
2365 2237 2607 2292 caelestis
2665 2236 2913 2306 quaedam
2959 2236 3040 2290 ira
3073 2244 3323 2306 tempore
3353 2235 3448 2290 illo

1868 2324 1959 2395 (de
1992 2325 2094 2380 hac
2132 2325 2404 2396 siquidem
2460 2328 2610 2396 loqui
2640 2343 2728 2383 res
2753 2328 2867 2398 ipsa
2899 2335 3104 2392 monet,
3137 2341 3265 2381 cum
3297 2341 3449 2382 mor-

1869 2416 2129 2472 talitatem
2173 2418 2256 2472 vel
2288 2418 2528 2473 maxime
2571 2419 2933 2475 universalem
2957 2416 3300 2488 adduxerit),
3332 2431 3442 2474 non

1868 2507 2056 2576 paucis
2100 2508 2366 2563 duntaxat
2416 2509 2542 2563 aliis
2596 2509 2732 2566 locis
2785 2517 2840 2564 et
2890 2508 3118 2564 urbibus
3147 2507 3443 2563 incubuit:

1871 2601 1962 2652 sed
2019 2612 2086 2654 ex
2133 2616 2240 2654 una
2300 2601 2354 2655 in
2413 2602 2600 2666 aliam,
2655 2600 2832 2655 instar
2891 2599 3198 2672 [Egyptiaci
3247 2598 3447 2668 ﬂagelli

1871 2692 2168 2755 transiens,
2215 2693 2566 2764 Byzantinatn
2617 2693 2963 2770 potissimum
3006 2693 3280 2747 civitatem
3312 2691 3449 2746 allli—
3533 2675 3540 2681 ’

197 2803 272 2854 ριν
296 2783 508 2838 καὶτὸν
558 2779 652 2834 τοῦ
707 2779 940 2834 θανάτου
1005 2777 1204 2846 τρόπον
1252 2779 1590 2849 ἐπισημᾶναι
1620 2793 1633 2806 ·
1667 2775 1761 2847 γέ-

1875 2782 1970 2836 xit.
2018 2781 2075 2836 In
2107 2784 2210 2839 hac
2258 2785 2422 2840 etiam
2468 2786 2637 2840 vitam
2684 2799 2918 2854 posuere
2961 2799 3126 2854 supra
3159 2785 3446 2838 memorati

193 2892 324 2930 νοιτο
352 2875 459 2944 γὰρ
479 2873 621 2928 ἆντδ
649 2871 900 2942 διήγημα
929 2859 1282 2940 ἐκδειματοῦν
1312 2868 1411 2934 τὰς
1450 2868 1626 2941 ψυχὰς
1660 2867 1766 2920 τῶν

198 2969 418 3032 συνετῶς
445 2968 770 3022 ἐπαῖόντων.

255 3242 314 3299 δ’.
355 3242 605 3310 Ἐωρᾶτο
657 3239 893 3306 ἐξάπινα
933 3240 994 3292 ἐν
1035 3237 1154 3302 τοῖς
1183 3235 1413 3291 ἑκάστου
1438 3232 1764 3304 ἐσθήμασιν,

196 3338 248 3390 ἐν
276 3336 456 3407 βαφίδι
491 3327 772 3398 ἐλαιώδει,
799 3331 862 3384 τὸ
894 3329 1119 3400 σημεῖον
1158 3327 1254 3380 τοῦ
1295 3325 1562 3391 ζωοποιοῦ
1609 3341 1769 3377 σταυοα

196 3428 282 3499 ροῦ
318 3425 774 3496 κατεστιγμένον,
812 3418 901 3476 οἷα
935 3421 1090 3493 παρὰ
1121 3420 1302 3492 χειρὸς
1347 3415 1767 3489 ὼραιογραφού-

196 3537 307 3591 στες,
339 3521 547 3592 μᾶλλον
597 3518 656 3571 δὲ
707 3517 800 3570 ἐπὶ
842 3513 977 3568 Θεοῦ
1016 3511 1264 3582 δακτύλῳ
1313 3511 1406 3564 καὶ
1446 3511 1766 3582 ὑπέρτερον.

207 3613 470 3683 Ἐθροεῖτο
499 3611 530 3664 ὁ
553 3608 803 3679 ληφθεὶς,
832 3606 1050 3661 ῦπεισίν
1077 3606 1126 3658 οἱ
1157 3603 1316 3666 εὐθὺς
1339 3604 1366 3656 ὁ
1386 3602 1612 3665 Θάνατος
1631 3618 1644 3631 ο
1671 3603 1771 3655 αῦ-

194 3702 427 3774 Θημερὸν
469 3700 573 3756 τοῦ
614 3699 801 3764 αὐτοῦ,
840 3697 936 3752 καὶ
969 3695 1162 3768 νεκρὸν
1217 3693 1623 3762 ἐκκομίζοντος,
1678 3691 1771 3744 καὶ

195 3795 381 3866 νεκροῦ
407 3791 876 3863 ἐκκομιζομένου,
905 3787 1000 3842 δύο
1045 3788 1138 3840 ἐπὶ¹
1171 3784 1263 3839 τοῦ
1315 3781 1483 3837 αὐτοῦ
1512 3781 1772 3861 ψσκίμ-

194 3889 368 3951 ποδος,
430 3885 622 3941 δισδύο
673 3882 765 3937 ἐπὶ
830 3879 973 3946 ζώου
1032 3878 1373 3951 ἀχθοφόρουο
1404 3876 1591 3946 φόρτοι
1647 3874 1770 3926 άλλ-

194 3978 482 4050 επάλληλοι
503 3975 791 4046 δυστυχῶν
825 3972 1092 4043 σωμάτων
1114 3987 1128 4001 ο
1153 3969 1340 4040 θρῆνοι
1376 3963 1656 4036 πανταχοῦ
1683 3982 1775 4016 πε-

197 4071 375 4143 ριηχού
385 4088 544 4141 μενοι
560 4069 656 4122 καὶ
675 4065 1074 4134 ἐλεεινολογίαι,
1095 4061 1320 4134 ἠτόνουν
1356 4061 1404 4113 οἱ
1425 4056 1771 4128 ἐκκομισταὶ,

1875 2888 1940 2928 ac
1983 2888 2194 2942 semper
2245 2876 2582 2929 memorandi
2623 2874 2908 2945 coniuges.
2940 2873 3226 2940 Quomodo
3262 2881 3446 2928 autem

1877 2966 1928 3021 id
1962 2965 2242 3032 acciderit,
2299 2980 2479 3036 operae
2511 2966 2746 3036 pretium
2787 2965 2950 3021 fuerit
2985 2966 3260 3036 explicare
3301 2982 3315 3019 :
3367 2977 3450 3020 est

1875 3057 2020 3110 enim
2055 3057 2175 3127 ejus
2202 3055 2280 3110 rei
2321 3057 2566 3111 narratio
2599 3057 2746 3122 talis,
2774 3057 3059 3112 utsalubri
3096 3057 3293 3111 timore
3325 3071 3452 3111 cou-

1877 3153 2064 3202 cutere
2124 3146 2298 3215 possit
2324 3146 2568 3212 animos,
2591 3161 2712 3200 eam
2744 3146 3036 3217 prudenter
3067 3145 3446 3215 suscipientes.

1946 3240 1999 3294 4.
2035 3237 2373 3294 Cernebatur
2400 3238 2467 3292 de
2505 3248 2728 3308 repente
2761 3240 2814 3295 in
2852 3238 3120 3308 cujusque
3146 3238 3344 3292 vestitu
3373 3237 3452 3291 vi-

1877 3331 2050 3386 vificze
2073 3329 2254 3385 crucis
2281 3329 2492 3400 signum
2508 3331 2607 3400 (5),
2624 3331 2872 3385 tinctura
2888 3328 3333 3399 pinguis,veluta
3359 3342 3451 3396 pce

1875 3423 1981 3479 rita
2017 3439 2202 3486 manu,
2237 3437 2333 3478 seu
2365 3422 2545 3492 potius
2582 3423 2770 3476 divino
2799 3423 2970 3494 digito
3015 3438 3252 3494 superne
3285 3423 3452 3480 effor-

1877 3525 2106 3571 matum.
2140 3515 2196 3569 ld
2223 3515 2274 3568 in
2295 3529 2351 3568 se
2367 3514 2709 3584 conspiciens
2735 3515 3077 3582 turbabatur,
3111 3516 3452 3572 subintrabat

1879 3608 2180 3664 accelerata
2199 3621 2377 3669 mors;
2407 3607 2595 3660 eodem
2619 3607 2726 3667 die,
2751 3605 2844 3677 qui
2861 3607 3448 3670 exlulcratmOrtuum,

1880 3710 2128 3756 mortuus
2145 3697 2307 3750 etiam
2346 3697 2461 3766 ipse
2497 3696 2844 3752 elfercbatur.
2871 3696 3067 3753 Videre
3095 3707 3212 3754 erat
3233 3699 3372 3762 duos
3395 3700 3450 3754 in

1879 3791 2070 3847 eadem
2098 3787 2378 3857 sandapila
2408 3827 2422 3854 ,
2479 3797 2716 3858 quatuor
2754 3805 2918 3860 super
2948 3805 3114 3844 unum
3144 3791 3451 3860 jumentum

1879 3881 2106 3953 portari,
2128 3889 2184 3935 et
2200 3878 2449 3934 cumulos
2475 3877 2776 3934 infelicium
2808 3879 3131 3934 cadaverum
3161 3881 3318 3935 alios.
3341 3881 3453 3935 Au-

1880 3972 2168 4027 diebantur
2197 3970 2558 4038 undequaque
2590 3977 2850 4024 sonantes
2890 3968 3141 4038 planctus
3174 3978 3337 4038 atque
3373 3968 3454 4024 la-

1883 4073 2085 4129 menta,
2107 4061 2456 4118 lassabantur
2473 4060 2822 4131 vespillones,
2845 4061 3193 4116 rarescebant
3211 4059 3454 4122 libitina-

194 4165 484 4229 ἐσπάνιζον
515 4164 571 4216 οἱ
608 4159 990 4229 ἐνταφιασταὶ,
1013 4155 1285 4211 ἐκλείοντο
1304 4148 1465 4216 οἶκοι,
1491 4149 1769 4204 ὲκενοῦντο

1882 4153 2504 4224 rii,claudebauturdom
2515 4169 2599 4217 us,
2613 4149 2987 4208 vacuabantur
3005 4151 3129 4217 vici,
3143 4152 3454 4206 cmmeteria

193 4255 458 4325 ῥεγεῶνες
485 4253 590 4327 (b),
613 4249 947 4320 ἐπληροῦντο
963 4242 1414 4316 πολυάνδρια,διά
1437 4241 1602 4312 μέσου
1631 4240 1779 4292 δυοῖν

195 4349 401 4418 μηνοῖν,
429 4346 541 4414 τῆς
579 4341 1007 4412 πολυανθρώπου
1041 4355 1102 4392 τε
1147 4337 1244 4391 καὶ
1298 4333 1633 4406 μυριοίκιδος
1678 4331 1778 4386 πό-

192 4439 323 4503 λεως
361 4441 585 4511 ἐρήμου
626 4436 722 4491 καὶ
761 4434 1039 4489 άοικίστου
1091 4430 1278 4502 σχεδὸν
1310 4429 1485 4482 εἰπεῖν
1520 4424 1778 4495 ἐποφθεί-

197 4545 310 4598 σης.
339 4528 538 4584 Ταῦτα
569 4529 630 4582 ἐν
651 4527 886 4598 ἡμέραις
915 4521 1328 4578 Κωνσταντίνου
1366 4519 1460 4574 τοῦ
1486 4517 1782 4582 δυσσεϐοῦς

197 4617 486 4689 βασιλέως,
517 4618 614 4690 ὑφ’
643 4612 704 4673 οῦ
733 4615 955 4690 ήείκὼν
985 4614 1081 4670 τοῦ
1125 4611 1365 4686 Χριστοῦ
1415 4609 1779 4682 καθυϐρίσθη,

1886 4248 2254 4319 replebantur;
2274 4245 2411 4300 adeo
2428 4252 2488 4300 ut
2505 4245 2646 4299 intra
2667 4244 2898 4299 duorum
2914 4243 3181 4299 mensium
3198 4243 3454 4313 spatium.

1887 4340 2017 4394 urbs
2034 4335 2452 4408 populosissima
2476 4343 2638 4405 atque
2655 4334 3074 4399 babitatissima,
3092 4347 3228 4404 pene
3243 4334 3456 4388 deserta

1887 4436 2050 4497 atque
2076 4425 2280 4480 inculta
2313 4432 2620 4495 appareret.
2652 4421 2867 4477 Accidit
2892 4421 3071 4478 hocin
3101 4421 3292 4478 diebus
3315 4420 3456 4476 Cou-

1887 4518 2114 4575 stantini
2153 4516 2230 4590 (4)
2262 4514 2627 4586 imperatoris,
2666 4513 2848 4579 illius,
2874 4513 3458 4583 inquam,impostoris

1889 4610 2114 4676 nefarii,
2172 4625 2202 4665 a
2261 4624 2371 4680 quo
2411 4609 2588 4678 imago
2622 4606 2828 4662 Christi
2855 4607 3210 4662 simulacrum
3251 4603 3460 4662 erroris

1711 4786 1950 4844 NOTAE.

263 4922 339 4991 (υ)
379 4919 660 4988 Quoniam
691 4913 1131 4991 antiqua_Ro_ma
1170 4914 1225 4969 in
1256 4913 1513 4991 regiones
1553 4909 1900 4965 dividebatur
1947 4905 2118 4991 (quod
2179 4904 2238 4991 in
2277 4905 2429 4991 hunc
2469 4900 3460 4991 usqued‘iemuobtinetbetiamnova

196 4971 980 5058 Roma,Vconstantinopolin
1019 4985 1165 5052 dico,
1220 4971 1489 5055 ejusmodi
1559 4995 1756 5037 nomen
1835 4971 2138 5049 usurpavit,
2184 4982 2245 5030 ut
2288 4983 2436 5046 patet
2461 4988 2527 5028 ex
2562 4971 2887 5029 auctoribus
2917 4987 2949 5027 a
2979 4971 3214 5028 Meursio
3273 4987 3464 5028 recen-

198 5064 337 5118 sitis.

266 5178 343 5248 (l)
383 5177 624 5248 Sirletus
651 5183 767 5241 post
801 5174 936 5248 duas
964 5173 1108 5244 ﬁlias
1131 5172 1372 5248 genitum
1399 5171 1614 5248 _scr_ibit
1638 5170 1784 5248 :_se_d

199 5240 372 5303 solum
415 5249 471 5302 in
505 5240 698 5302 Graeco
726 5254 811 5300 est
841 5240 974 5310 σὺν,⁷
995 5240 1226 5297 ειιιηῖιη
1254 5243 1363 5296 vita
1397 5241 1454 5295 S.
1488 5240 1784 5304 Theodori,

199 5318 337 5373 infra
363 5319 593 5374 citanda
628 5319 696 5372 ad
746 5331 870 5385 cap.
907 5316 961 5382 5,
993 5315 1098 5368 litt.
1151 5329 1202 5378 e,
1255 5312 1533 5367 adduntur
1589 5310 1786 5367 fratres

200 5397 348 5529 tre(3:13;)
384 5457 711 5529 Theoctista
735 5455 1040 5529 appellatur
1092 5458 1146 5510 in
1201 5451 1434 5529 Vitas.
1490 5449 1784 5515 Theodori,

203 5524 368 5598 nupta
403 5528 673 5592 Photino,
704 5524 1208 5598 quirinagistratum
1239 5525 1309 5580 ab
1331 5524 1658 5598 imperatore
1677 5537 1784 5598 non

205 5591 356 5654 valde
379 5607 660 5653 remotum
694 5591 864 5668 gessit
893 5591 1104 5652 :"ambo
1136 5604 1347 5668 postea,
1379 5594 1573 5649 relicto
1596 5591 1792 5660 conju-

206 5669 312 5739 gio,
345 5670 522 5723 vitam
554 5667 912 5739 monasticam
944 5667 1178 5739 amplexi
1215 5673 1364 5739 sunt.

277 5740 354 5810 (5)
385 5739 603 5806 Graece,
631 5741 690 5793 ἐν
727 5737 908 5808 βαφίδι
941 5733 1207 5793 ἐλαιώδει.
1256 5735 1486 5792 Sirletus
1519 5733 1679 5791 vertit
1705 5750 1790 5788 co-

1892 5171 2000 5223 (ore
2083 5165 2357 5230 caeruleo;
2391 5162 2644 5219 fortassis
2687 5161 2892 5216 invenit
2961 5157 3210 5222 ὑαλώδει,
3247 5159 3450 5230 τεινεσ

1891 5238 2254 5308 Theophanes
2288 5229 2353 5290 ad
2388 5251 2478 5290 an.
2503 5233 2865 5308 tiliristi_7§6,
2889 5231 3197 5308 ilidictioue
3235 5229 3322 5308 14,
3336 5230 3462 5308 Δἰειιι

1890 5298 2074 5375 refert,
2113 5323 2175 5361 ac
2205 5307 2273 5362 de
2291 5321 2452 5362 cruce
2473 5306 2554 5360 sic
2575 5302 2847 5375 exprimit,
2883 5302 2976 5375 Ἐν
2990 5298 3251 5375 τοίς-τῶν*
3265 5298 3468 5375 ἀνθρῴσ

1895 5397 2013 5432 πων
2041 5368 2278 5448 ἱματίοις
2302 5378 2399 5430 καὶ
2428 5378 2623 5448 ἐντοῖς
2639 5368 2752 5448 τῶν
2779 5371 3085 5448 ἐκκλησιῶν
3115 5371 3278 5434 ἱεροῖς
3313 5368 3464 5448 ἐνδύ-

1896 5467 2027 5521 μασι
2057 5439 2294 5521 σταυρία
2322 5444 2556 5517 ἐλαιώδη
2572 5446 2634 5521 π)
2647 5447 2822 5521 εἰστα.
2855 5439 3215 5521 [unanimum
3237 5439 3466 5521 vestibus

1892 5507 1943 5575 ct
1982 5522 2036 5573 in
2067 5507 2407 5572 ecclesiarum
2447 5507 2615 5570 sacris
2646 5515 2987 5579 indumentis,
3026 5524 3202 5563 cruces
3224 5507 3469 5578 plurima:

1900 5591 2155 5660 oleagina!
2187 5585 2663 5660 conspiciebantur.

1970 5646 2048 5731 (εδ
2095 5646 2493 5731 Ορηξιθίηίηυε
2546 5657 2934 5731 illopronymus
2993 5647 3161 5704 Leoni
3228 5646 3470 5731 Isaurico

1898 5725 2060 5801 patri,
2115 5730 2180 5784 i8
2210 5728 2380 5793 Junii,
2423 5742 2513 5782 an.
2546 5725 2649 5781 7M
2679 5733 2914 5790 mortuo,
2935 5728 3292 5787 successerat.
