4064 6372
603 294 710 358 807
1805 288 1867 349 S.
1907 287 2301 349 THEODORI
2333 287 2682 351 STUDITXE
3769 291 3886 355 808

601 427 697 482 per
735 409 990 481 injuriam
1021 407 1290 484 appellata
1319 449 1333 472 ,
1391 415 1486 460 aut
1536 403 1719 459 verius
1777 401 1894 471 ipse
1925 401 2173 457 Christus

2290 399 2515 454 εἴδωλον
2561 400 2769 470 πλάνης
2815 400 3182 472 ὀνομασθεῖσα
3232 399 3383 474 παρά
3429 400 3525 456 τοῦ
3571 402 3886 460 λαοπλάνου

605 502 745 558 Deus
775 509 959 556 noster
989 485 1322 556 contumelia
1351 506 1436 553 est
1471 494 1730 559 affectus;
1775 492 2046 562 siquidem
2085 492 2173 546 lio-

2291 490 2616 560 ἐξαγίστουο
2649 490 2852 561 μᾶλλον
2898 491 2955 544 δέ
2996 491 3159 555 αὐτὸς
3218 491 3453 562 Χριστὸς
3481 493 3510 544 6
3541 492 3673 557 Θεὸς
3715 495 3886 565 ἡμῶν

603 609 705 649 nor
734 593 1012 648 exbibitus
1046 591 1267 662 imagini
1301 589 1364 643 ad
1391 597 1739 660 prototypum
1764 587 1976 653 transit,
2000 601 2173 656 quem-

2294 579 2570 650 ἠτιμώθη,
2598 581 2759 653 είπερ
2794 584 2828 652 ὴ
2864 583 2964 654 τῆς
2997 582 3209 647 εἰκόνος
3234 584 3369 654 τιμὴ
3394 585 3490 638 ἐπὶ
3512 586 3573 638 τὸ
3597 589 3886 656 πρωτότυ-

601 686 898 742 admodum
929 684 1130 739 alicubi
1159 684 1289 738 dicit
1316 682 1536 737 divinus
1565 679 1819 734 Basilius.
1857 675 2046 750 Itaque
2078 679 2173 735 fuit

2291 689 2393 727 πον
2421 672 2726 738 ἀναϐαίνει,
2763 673 2949 738 καθὼς
2974 676 3003 728 6
3030 675 3292 748 θεηγόρος
3325 670 3427 731 ὧδέ
3457 677 3561 730 πού
3590 694 3725 747 φησι
3775 677 3882 731 Ba-

604 781 720 834 haec
759 793 926 848 super
981 785 1294 847 peccantem
1342 773 1598 844 populum
1644 771 1954 842 justissima
2005 772 2180 842 virga,

601 879 828 938 paterna
864 879 1042 923 tamen
1095 867 1417 921 immensam
1469 876 1715 920 nostram
1769 864 2181 931 perversitatem

597 963 666 1016 ad
700 961 1112 1017 conversionem
1170 958 1470 1013 erudientis
1525 958 1639 1022 Dei,
1689 967 1746 1012 et
1776 959 1828 1013 in
1863 957 1943 1012 ira
1973 972 2183 1028 praepa-

603 1055 778 1110 rantis
808 1055 950 1108 viam
985 1053 1202 1116 salutis,
1237 1053 1305 1106 iis
1341 1051 1432 1121 qui
1461 1051 1848 1121 asquanimiter
1883 1052 2182 1106 correctio-

602 1163 724 1202 nem
780 1147 1142 1217 susciperent.
1183 1142 1289 1199 Sed
1337 1145 1403 1198 ad
1450 1142 1665 1199 Patrem
1723 1153 1966 1198 nostrum
1998 1157 2181 1198 sermo

599 1238 806 1292 redeat.

672 1329 727 1383 5.
769 1327 1098 1383 Parentibus
1144 1341 1276 1397 ergo
1327 1334 1382 1380 et
1427 1324 1852 1395 consanguineis
1904 1323 2180 1394 plerisque

599 1420 828 1476 orbatus
859 1418 958 1490 (ι’)
995 1418 1174 1472 adhuc
1204 1431 1339 1488 puer
1367 1417 1678 1481 admodum,
1711 1415 1780 1470 ab
1808 1415 1991 1486 aliquo
2015 1422 2179 1470 alter-

601 1513 783 1566 utrius
813 1510 1057 1582 parentis
1085 1523 1350 1580 germano
1375 1509 1676 1579 suscipitur
1696 1523 1712 1574 ;
1731 1509 2176 1579 etadjuvenilcm

599 1613 891 1674 provectus
921 1611 1136 1656 aetatem
1160 1643 1175 1668 ,
1227 1611 1484 1671 tanquam
1525 1601 1866 1656 rectissimus
1900 1601 2176 1669 surculus,

596 1693 860 1762 produxit
879 1691 1068 1746 liorem
1093 1691 1498 1760 intelligentiae;
1522 1690 1945 1760 qumdilliculter
1971 1693 2177 1759 reperi-

599 1797 690 1841 tur
717 1787 770 1840 in
799 1785 1078 1856 orplianis,
1108 1799 1218 1837 non
1241 1783 1574 1837 habentibus
1602 1784 1692 1852 qui
1721 1784 1800 1838 eis
1819 1783 1895 1836 uti
1927 1791 2177 1851 parentes

602 1880 904 1950 invigilent.
932 1877 1173 1933 Fructus
1223 1886 1406 1931 autem
1453 1877 1687 1946 propria:
1736 1876 1912 1946 ipsius
1943 1875 2178 1930 solertia:

2291 765 2510 829 σίλειος.
2529 765 2718 820 Ταῦτα
2737 768 2771 837 ὴ
2794 767 2937 822 κατὰ
2951 767 3063 822 τῶν
3083 768 3514 840 ἁμαρτανόντων
3535 767 3881 839 δικαιοτάτη.

2288 858 2364 923 ὡς
2388 858 2453 914 ἄν
2479 875 2566 923 τις
2614 860 2783 928 εῖποι,
2838 861 3165 933 παιδευτικὴ
3207 861 3402 934 ῥάϐδος
3437 861 3535 915 τοῦ
3579 860 3741 928 Θεοῦ,
3777 861 3881 931 τὴν

2287 957 2528 1028 ἄμετρον
2557 956 2716 1028 ἡμῶν
2733 955 2934 1010 κακίαν
2959 953 3403 1026 ἐπιστρεπτικῶς
3438 951 3876 1025 σωφρονίζουσα,

2287 1047 2385 1100 καὶ
2408 1047 2728 1101 όδοποιοῦσα
2761 1044 2952 1116 τρίϐον
2988 1044 3265 1117 σωτηρίας
3295 1047 3361 1115 τῇ
3403 1045 3544 1116 ὀργῇ
3574 1042 3742 1098 αὐτοῦ
3761 1047 3882 1106 τοῖς

2287 1140 2628 1212 εὐαισθήτως
2691 1140 3006 1211 δεχομένοις
3065 1138 3166 1209 τὴν
3229 1139 3570 1210 νουθέτησιν.
3615 1139 3776 1210 Ἐμοὶ
3816 1138 3879 1192 δὲ

2287 1233 2380 1286 ἐπὶ
2409 1232 2502 1286 τὸν
2530 1233 2748 1305 Πατέρα
2781 1229 3192 1302 μεθαρμοστέος
3218 1231 3247 1284 6
3285 1229 3466 1298 λόγος.

2358 1332 2422 1380 ε’.
2457 1325 2954 1395 Καταλιμπάνεται
2981 1322 3275 1396 τοιγαροῦν
3303 1323 3508 1394 ἕρημος
3539 1324 3746 1392 γονέων
3775 1322 3878 1376 σὺν

2285 1422 2402 1484 τοῖς
2427 1419 2708 1491 ὁμαίμοσι,
2739 1418 2937 1489 κομιδῇ
2971 1420 3102 1476 παῖς
3135 1415 3422 1486 τυγχάνων
3446 1431 3460 1444 ·
3500 1415 3561 1478 ὃς
3620 1413 3874 1484 προσλη-

2288 1511 2445 1580 φθεὶς
2473 1513 2563 1582 ὐφ’
2589 1513 2670 1566 ἐνὶ
2695 1513 2804 1566 τῶν
2840 1509 3139 1579 συγγενῶν,
3178 1509 3273 1561 καὶ
3293 1509 3374 1570 είς
3400 1507 3618 1578 ἠλικίαν
3650 1505 3878 1575 ἡϐῶσαν

2286 1605 2564 1677 ἀναχθεὶς,
2598 1605 2753 1659 ἀνθεῖ
2783 1606 2881 1676 μὲν
2905 1603 3092 1666 εὐθὺς,
3132 1604 3324 1673 ὥσπερ
3352 1619 3406 1654 τι
3426 1599 3580 1672 ἐρνος
3604 1599 3878 1652 εὐθύϐλαο

2288 1713 2433 1761 στον,
2469 1697 2502 1767 ἡ
2535 1695 2689 1766 ἀκμὴ
2723 1695 2820 1765 τῆς
2854 1696 3107 1764 νεότητος
3162 1700 3263 1762 τὴν
3304 1691 3600 1762 καλλίστην
3627 1689 3875 1752 σύνεσιν,

2285 1785 2432 1858 ἥπερ
2463 1785 2915 1858 δυσκατόρθωτος
2976 1785 3091 1845 τοῖς
3157 1782 3393 1853 ὀρφανία
3437 1781 3719 1851 ἠγμένοις,
3771 1781 3876 1832 οὐγ

2287 1879 2470 1950 έχουσι
2489 1880 2580 1932 τὸν
2605 1881 2695 1933 ῖσα
2714 1880 2920 1949 γονέων
2942 1879 3361 1933 ἐπιστατοῦντα.
3387 1879 3746 1948 Καρποφορεῖ
3779 1874 3836 1928 δὲ
3853 1917 3872 1939 ,

597 1981 654 2027 et
681 1971 978 2041 diligentiae
1005 1971 1109 2024 l'uit
1147 1971 1343 2040 peritia
1372 1970 1555 2038 praxis
1581 1969 1887 2032 notarialis,
1911 1978 2170 2038 quantam

2279 1976 2398 2036 ταῖς
2430 1974 2560 2044 παρ’
2584 1973 2782 2028 ἐαυτοῦ
2843 1975 3102 2036 σπουδαῖς
3153 1990 3215 2026 τε
3254 1973 3350 2026 καὶ
3380 1971 3740 2042 φιλοζηλίαις,
3774 1969 3876 2041 τὴν

598 2068 686 2121 vix
725 2067 943 2136 assequi
988 2067 1254 2137 potuisset
1299 2065 1499 2136 aliquis
1546 2068 1771 2134 paterna
1810 2066 2180 2121 sollicitudine

597 2158 877 2213 eruditus.
910 2157 1115 2213 Deinde
1143 2158 1405 2228 praedicto
1456 2159 1622 2212 tutori
1669 2173 1771 2213 suo
1824 2160 1986 2229 regiae
2011 2175 2179 2229 pecu-

600 2253 703 2304 nia:
732 2249 1101 2319 appendeudze
1125 2247 1399 2318 praefecto,
1431 2264 1651 2318 operam
1689 2252 2071 2317 commodatis,
2104 2251 2177 2304 ita

599 2358 711 2396 rem
749 2341 895 2394 illam
925 2341 1119 2410 agebat
1148 2340 1386 2404 dextere,
1422 2350 1482 2394 ut
1515 2341 1604 2394 hic
1629 2343 1804 2396 solum
1845 2341 2180 2411 praefectura:

599 2449 794 2489 nomen
830 2442 1034 2499 tenere,
1062 2448 1200 2503 opus
1229 2433 1317 2488 ille
1346 2435 1582 2488 sciretur
1609 2451 1624 2487 :
1650 2441 1705 2488 et
1732 2433 1801 2488 ob
1821 2434 1924 2489 hoc
1955 2434 2010 2488 in
2039 2450 2179 2489 tera-

596 2524 681 2578 rio
702 2524 1052 2594 imperatorio
1075 2524 1329 2586 illustris.
1355 2526 1559 2578 charus
1576 2524 1796 2595 quidem
1815 2524 2177 2595 principibus,

595 2619 698 2689 ipsi
730 2626 908 2673 autem
937 2616 1136 2672 Caesari
1166 2617 1335 2672 etiam
1369 2626 1528 2673 notus
1561 2626 1726 2673 esset.

665 2797 719 2852 6.
759 2795 907 2851 Talis
932 2810 1056 2850 cum
1105 2804 1272 2860 esset,
1313 2804 1554 2849 mentem
1594 2810 1749 2850 suam
1797 2812 1905 2852 non
1954 2796 2178 2851 tradidit

595 2888 876 2943 eﬂrenatis
915 2887 1298 2942 adolescentiae
1330 2886 1729 2956 cupiditatibus
1767 2886 1881 2948 (uti
1929 2889 2178 2958 petulan-

595 2985 702 3037 tior
733 2980 933 3052 aliquis
969 2980 1190 3046 laceret,
1223 2981 1308 3036 sui
1335 2978 1513 3036 factus
1543 2979 1908 3048 arbitrii),sed
1941 2980 2044 3051 ipsi
2070 2980 2175 3036 sibi

593 3076 836 3146 optimus
871 3074 1133 3138 domitor,
1167 3073 1484 3128 abstinebat
1531 3088 1561 3126 a
1593 3073 1874 3128 consortio
1913 3073 2176 3142 insipien-

596 3169 730 3222 tium
753 3210 768 3236 ,
798 3179 853 3224 et
903 3166 1338 3238 sapientioribus
1363 3165 1699 3237 iungebatur
1733 3183 1749 3221 :
1779 3166 2063 3237 applicans
2115 3180 2176 3222 se

2282 2064 2565 2117 παίδευσιν
2585 2063 2685 2135 τῆς
2717 2063 3014 2136 νοταρικῆς
3074 2061 3329 2132 μεθόδου,
3366 2063 3439 2126 ὡς
3468 2061 3624 2116 οὔπω
3650 2078 3736 2124 τις
3763 2061 3875 2112 τῶν

2281 2158 2374 2210 καὶ
2397 2159 2692 2229 πατρικαῖς
2715 2157 3058 2228 ἐπιμελείαις
3088 2156 3611 2228 προμηθευομένων,
3641 2155 3872 2222 συζυγο-

2283 2248 2496 2302 στατῶν
2521 2266 2580 2301 τε
2609 2249 2759 2320 αὐτῷ
2780 2248 3176 2320 προσειληφότι
3195 2250 3324 2320 θείῳ
3352 2247 3422 2302 τὰ
3450 2245 3709 2318 βασιλικά
3735 2247 3874 2317 χρήο

2283 2359 2452 2413 ματα.
2479 2343 2589 2396 Καὶ
2619 2343 2876 2396 τοσοῦτον
2911 2345 3100 2413 φανεὶς
3144 2343 3380 2397 ἐνταῦθα
3429 2343 3760 2414 περιδέξιος,
3795 2340 3872 2403 ὡς

2278 2434 2452 2506 ὄνομα
2491 2435 2654 2503 μόνον
2683 2435 2832 2506 ἔχειν
2857 2437 3066 2490 ἐκεῖνον
3092 2436 3191 2506 τῆς
3222 2436 3418 2508 ἀρχῆς,
3468 2435 3561 2488 τὸν
3582 2436 3640 2488 δὲ
3686 2433 3748 2487 τὸ
3775 2435 3870 2506 ἐρ-
3887 2426 3906 2444 ⁶

2279 2541 2375 2593 γον
2405 2524 2796 2597 γνωρίζεσθαι,
2828 2526 2924 2582 καί
2950 2525 3040 2580 διά
3077 2526 3254 2582 ταῦτα
3286 2527 3559 2598 ἐπίσημον
3595 2526 3696 2597 μὲν
3726 2521 3870 2578 εἶναι

2279 2619 2338 2671 ἐν
2397 2621 2509 2681 τοῖς
2554 2617 2856 2689 βασιλικοῖς
2899 2619 3297 2690 ταμιεύμασιν,
3328 2619 3608 2676 ἀσπαστὸν
3639 2619 3698 2672 δέ
3751 2623 3871 2682 τοῖς

2277 2705 2530 2774 ἄρχουσι,
2559 2704 2840 2777 γνώριμόν
2861 2723 2921 2759 τε
2949 2706 3044 2760 καὶ
3070 2707 3219 2778 αὐτῷ
3244 2708 3321 2779 τῷ
3349 2707 3612 2780 Καίσαρι.

2348 2804 2423 2862 ς’.
2457 2797 2614 2853 Οὖτω
2636 2795 2691 2852 δέ
2718 2797 3158 2869 διαφαινόμενος,
3192 2800 3254 2854 οὐ
3279 2804 3396 2866 ταῖς
3432 2802 3757 2864 ἀκαθέκτοις
3777 2803 3873 2873 ὁρ-

2282 2893 2411 2961 μαῖς
2438 2893 2536 2963 τῆς
2565 2893 2816 2964 νεότητος
2841 2893 3156 2964 προῦδωκεν
3179 2894 3269 2950 τὸν
3287 2895 3430 2961 νοῦν,
3450 2897 3524 2960 ὡς
3553 2896 3618 2950 ἄν
3643 2914 3729 2959 τις
3751 2896 3870 2949 τῶν

2276 2981 2494 3051 ἀφέτων
2523 2998 2582 3035 τε
2619 2983 2715 3036 καὶ
2765 2981 3128 3055 ρηξιφρόνων,
3151 2983 3269 3038 ἀλλ’
3295 2983 3366 3056 (ο)
3406 2980 3496 3038 οἷά
3521 3003 3606 3048 τις
3638 2986 3868 3056 ἄριστος

2278 3073 2640 3145 πωλοδάμνης
2667 3075 2830 3140 αὐτὸς
2864 3076 3046 3147 ἐαυτῷ
3075 3077 3435 3149 γιγνόμενος,
3461 3079 3721 3150 ἀπείχετο
3761 3080 3868 3150 μὲν

2276 3171 2552 3225 ἀσυνέτων
2575 3213 2590 3239 ,
2613 3172 2884 3243 συνήπετο
2927 3172 2982 3226 δὲ
3026 3172 3483 3244 πεπαιδευμένοις
3505 3212 3520 3238 ,
3553 3172 3633 3242 τῷ
3662 3174 3867 3243 τιμαλ-

593 3259 953 3324 bonoratiori,
980 3275 1087 3314 non
1113 3259 1296 3314 minus
1317 3260 1616 3324 honorato;
1648 3266 1806 3313 aetate
1829 3257 2169 3328 provectiori,

2279 3263 2530 3334 φεστὲρῳ
2590 3265 3042 3333 συνταττόμενος,
3097 3263 3213 3317 ἀλλ’
3242 3265 3367 3334 οὐχὶ
3419 3264 3498 3335 τῷ
3549 3264 3869 3336 ἀτιμοτέρῳ

495 3399 499 3402 .
595 3366 708 3406 non
737 3351 969 3422 iuniori:
1003 3359 1170 3420 atque
1208 3365 1277 3404 ex
1309 3349 1443 3419 ipsis
1469 3349 1714 3404 externis
1740 3349 2070 3412 honoribus,
2099 3348 2173 3402 iu-

592 3441 834 3511 genitam
867 3441 1038 3496 animi
1073 3440 1444 3506 nobilitatem,
1485 3439 1717 3494 latenter
1748 3438 2170 3510 quodammodo,

589 3534 661 3588 ad
695 3533 905 3603 majora
931 3532 1289 3602 provehebat.
1343 3530 1460 3586 Non
1511 3532 1758 3587 tradebat
1791 3547 1851 3588 se
1904 3547 2176 3587 comessa-

591 3625 809 3680 toribus
837 3624 1369 3694 combibonibusque
1400 3624 1468 3678 ad
1500 3625 1738 3695 aequales
1769 3625 1997 3679 haustus
2021 3665 2039 3691 ,
2093 3624 2173 3680 uti

596 3719 649 3771 in
685 3715 953 3772 conviviis
1005 3717 1213 3772 iaciunt
1243 3717 1670 3784 adolescentuli;
1714 3731 1891 3786 neque
1927 3717 2174 3772 substan-

593 3810 726 3864 tiam
771 3808 1111 3880 dilapidabat
1161 3809 1279 3863 alea
1315 3821 1577 3878 meroque
1597 3848 1612 3874 ,
1641 3819 1702 3861 ut
1730 3805 2054 3877 l‘rugiperda:
2082 3821 2174 3861 so-

593 3903 742 3969 lent;
769 3901 864 3956 sed
899 3901 1131 3972 publica;
1161 3901 1320 3956 libra:
1342 3901 1649 3967 attendens,
1692 3900 1880 3954 labore
1910 3898 2173 3954 continuo

591 3993 812 4050 divitias
842 3993 946 4048 sibi
974 3992 1392 4057 accumulabat,
1429 4001 1482 4047 et
1511 3993 1729 4063 quidem
1772 4001 1986 4058 tantas,
2013 4002 2073 4046 ut
2103 3991 2170 4047 ad

589 4098 874 4160 paternam
904 4086 1278 4142 hereditatem
1309 4085 1710 4156 amplissimam
1739 4086 1885 4141 haud
1925 4087 2172 4144 modicas

587 4183 726 4238 alias
773 4180 1062 4237 facultates
1113 4181 1450 4249 apposuerit.
1493 4177 1609 4234 Hoc
1648 4192 1778 4234 vero
1821 4194 2169 4250 nequaquam

587 4273 704 4327 tieri
737 4273 1026 4343 potuisset,
1060 4271 1161 4326 nisi
1201 4272 1614 4342 temperantiam
1649 4281 1921 4326 servasset
1954 4273 2008 4326 in
2047 4286 2172 4327 om-

589 4365 786 4428 nibus,
825 4378 948 4433 qua:
987 4365 1290 4419 honestatis
1319 4372 1593 4417 amantem
1639 4363 1944 4418 exornabat
1987 4364 2166 4418 conti-

592 4455 771 4512 nentia
800 4493 816 4520 ,
869 4465 924 4510 et
955 4455 1168 4510 cunctis
1189 4453 1465 4509 atlabilem
1509 4455 1816 4510 instruebat
1858 4456 2165 4526 prudentia,

584 4549 779 4621 procul
831 4549 1098 4620 abjiciens
1141 4550 1412 4620 iuveniles
1456 4551 1798 4620 voluptates;
1842 4553 2043 4622 quibus
2072 4557 2165 4624 qui

2277 3355 2701 3426 συνερχόμενος,
2763 3355 2860 3410 καὶ
2884 3355 2964 3426 τῷ
2992 3355 3116 3411 καθ’
3139 3355 3359 3426 ἠλικίαν
3378 3355 3664 3426 προέχοντι
3681 3373 3868 3426 παραυ

2276 3446 2662 3518 ζευγνύμενος,
2702 3448 2816 3502 ἀλλ’
2841 3449 2963 3518 οὐχὶ
2991 3447 3069 3517 τῷ
3094 3445 3514 3517 νεοπαγεστέρῳ
3543 3445 3866 3501 συνδιαιτώο

2278 3557 2458 3610 μενος,
2493 3540 2590 3594 καὶ
2617 3541 2756 3613 πρὸς
2775 3539 2836 3595 τὸ
2869 3541 3119 3608 ἄναντες,
3161 3541 3270 3594 κάκ
3297 3539 3407 3594 τῶν
3431 3537 3629 3605 ἔξωθεν
3657 3539 3863 3610 τιμῶν,

2272 3634 2336 3686 τὸ
2364 3635 2467 3705 τῆς
2493 3633 2674 3706 ψυχῆς
2705 3634 2950 3704 εὐγενὲς,
2991 3633 3297 3707 λεληθότως
3327 3651 3444 3697 πως
3479 3633 3862 3704 ’ὁδοποιούμε-

2272 3744 2382 3790 νος.
2417 3725 2492 3780 Οὐ
2524 3727 2578 3780 τί
2608 3745 2710 3782 που
2742 3727 3050 3799 συμπόταις
3070 3727 3164 3780 καὶ
3197 3728 3473 3790 συσσίτοις
3508 3725 3706 3779 ἐαυτὸν
3734 3727 3859 3778 ἐπι-

2271 3819 2449 3886 διδοὺς
2492 3821 2634 3877 κατά
2687 3823 2878 3892 κοινὴν
2922 3821 3270 3892 φιλοτησίαν,
3300 3821 3376 3884 ὡς
3410 3823 3461 3874 ετ
3481 3837 3563 3884 τις
3595 3821 3707 3874 τῶν
3741 3837 3865 3874 νεα-

2271 3911 2602 3982 νιευομένων
2627 3912 2684 3963 ἐν
2716 3911 2998 3981 εὐωχίαις,
3021 3910 3133 3964 οὐδ’
3165 3911 3224 3964 οὐ
3261 3911 3368 3982 μὴν
3402 3910 3591 3975 κύϐοις
3630 3911 3727 3964 καὶ
3761 3911 3862 3980 μὲ-

2273 4003 2396 4069 θαις
2423 4003 2838 4058 καταναλίσκων
2886 4004 2986 4075 τὴν
3017 4004 3232 4070 οὐσίαν,
3261 3998 3349 4057 οἷα
3374 4003 3445 4057 τὰ
3469 4004 3580 4057 τῶν
3617 4004 3860 4076 μαστρό⁶

2271 4097 2390 4152 πῶν
2414 4113 2428 4128 ⁶
2461 4097 2680 4169 σχολαῖς
2724 4097 2781 4152 δὲ
2805 4099 3089 4162 ἐπιπόνοις
3126 4096 3374 4167 ἐφεστὼς
3402 4100 3469 4170 τῇ
3495 4097 3858 4171 ζυγοστασία,

2270 4189 2563 4245 κάντεῦθεν
2586 4190 2816 4244 πλοῦτον
2839 4190 3017 4262 ἐαυτῴ
3049 4189 3443 4260 συναθροίζων,
3476 4191 3572 4245 καὶ
3599 4188 3858 4244 τοσοῦτον

2268 4282 2470 4348 αὔξων,
2499 4281 2575 4346 ὡς
2605 4282 2772 4353 ἄλλην
2796 4282 3172 4355 συστήσασθαι
3200 4282 3542 4352 περιουσίαν,
3583 4283 3736 4353 παρά
3755 4282 3858 4352 τὴν

2265 4374 2493 4447 γονικὴν
2531 4375 2904 4447 κληρονομίαν
2969 4375 3316 4448 ἱκανωτάτην
3362 4371 3554 4429 οὖσαν.
3595 4373 3769 4428 Τοῦτο
3795 4374 3854 4428 δὲ

2265 4469 2367 4523 οὐκ
2407 4470 2472 4522 ἂν
2499 4468 2911 4539 προσεγεγόνει,
2941 4470 2992 4521 εί
3047 4468 3123 4540 μὴ
3156 4469 3462 4540 αὐταρκείᾳ
3504 4470 3854 4538 συνετηρεῖτο

2266 4563 2324 4614 ἐν
2357 4562 2512 4626 πᾶσι,
2541 4559 2611 4614 δι’
2639 4555 2707 4632 ἧς
2768 4561 2863 4614 καὶ
2907 4560 3234 4634 σωφροσύνῃ
3274 4559 3682 4624 ἐκαλλωπίζετο
3703 4561 3732 4613 6
3762 4577 3851 4629 φι-

584 4642 873 4712 indulgent
899 4681 916 4708 ,
958 4656 1069 4698 non
1101 4643 1264 4696 modo
1294 4657 1402 4696 non
1452 4644 1745 4713 acquirunt
1779 4661 1900 4714 qua:
1928 4646 2162 4710 desunt;

2279 4653 2516 4717 λόκαλος,
2551 4653 2647 4706 καὶ
2679 4653 2943 4725 φρονήσει
2965 4653 3256 4722 ὴγλαῖζετο
3283 4655 3311 4707 6
3342 4653 3626 4724 μειλίχιος,
3660 4652 3854 4723 πόρρω

585 4737 681 4793 sed
711 4744 767 4792 et
799 4751 918 4806 qua:
947 4735 1166 4802 adsunt,
1194 4749 1458 4790 evacuare
1486 4747 1909 4792 consueverunt.

658 5011 713 5065 7.
755 5009 896 5078 Quid
927 5012 1132 5080 porro?
1177 5011 1312 5066 Tam
1349 5010 1636 5081 multiplici
1663 5010 1935 5066 industria
1963 5011 2142 5081 praedi-

583 5114 695 5167 tus,
717 5113 937 5173 tamque
962 5104 1175 5173 peritus
1201 5119 1384 5158 rerum
1407 5105 1745 5174 agendarum
1795 5104 1972 5160 evasit
1994 5105 2161 5175 (quod

583 5201 826 5256 maxime
859 5208 1139 5271 spectatur
1178 5201 1248 5256 ab
1283 5202 1372 5266 iis,
1408 5203 1503 5273 qui
1532 5203 1586 5257 in
1622 5201 1825 5257 saeculo
1852 5203 2068 5268 vivunt,
2110 5211 2164 5257 et

579 5297 723 5353 ﬁlias
747 5307 875 5368 apte
907 5296 1138 5368 cupiunt
1167 5297 1426 5372 elocare),
1446 5308 1505 5354 ut
1539 5299 1781 5370 undique
1839 5299 2161 5354 invitaretur

2274 4744 2482 4815 βάλλων
2509 4745 2610 4808 τὰς
2659 4745 2993 4816 νεωτερικὰς
3040 4747 3369 4817 ἐπιθυμίας,
3407 4741 3498 4810 αἷς
3533 4748 3582 4799 οἱ
3631 4747 3853 4807 ἁλόντες

2271 4839 2332 4892 οὐ
2372 4837 2530 4908 μόνον
2557 4839 2625 4894 τά
2654 4839 2754 4893 οὐκ
2774 4840 2903 4893 ὄντα
2927 4839 3467 4910 προσλαμϐάνονται,
3490 4838 3633 4892 ἀλλά
3661 4839 3758 4894 καὶ
3786 4837 3854 4889 τὰ

2274 4929 2463 4983 ἐνόντα
2496 4929 2687 4982 κενοῦν
2717 4929 2998 4986 εἰώθασιν.

2343 5022 2406 5086 ζ’.
2443 5021 2507 5074 Τί
2548 5021 2610 5074 τὸ
2654 5021 2945 5088 ἐντεῦθενς
3007 5023 3276 5088 Τοσοῦτος
3317 5023 3512 5092 γέγονε
3560 5020 3854 5084 πολλοστὸς

2271 5117 2336 5183 τῇ
2370 5113 2608 5176 συνέσει,
2637 5115 2732 5166 καὶ
2762 5115 3031 5178 πυκτικὸς
3051 5118 3174 5178 ταῖς
3206 5117 3485 5188 ἀφορμαῖς
3529 5113 3625 5167 τοῦ
3661 5113 3779 5184 βίου
3804 5113 3854 5183 (ὅ

2271 5204 2508 5275 φιλεῖται
2543 5207 2696 5275 παρὰ
2724 5205 2834 5258 τῶν
2867 5208 2925 5259 ἐν
2947 5206 3161 5277 κόσμῳ,
3190 5208 3286 5261 καὶ
3308 5205 3674 5270 σπουδάζεται
3700 5206 3852 5275 παρὰ

2269 5297 2622 5351 ἐκδιδούντων
2652 5297 2806 5365 ἀνδρὶ
2836 5298 3161 5370 θυγατέρα),
3186 5299 3263 5364 ὡς
3293 5301 3472 5353 ἓλκειν
3494 5299 3658 5353 αὐτὸν
3689 5299 3854 5352 ἄλλον

576 5463 580 5467 ’
651 5479 723 5560 (c_)
765 5476 1027 5560 Suspicor
1076 5477 1364 5560 legendum
1397 5493 1520 5560 esse
1567 5478 1908 5560 ῥιζαφρόνων
1932 5477 2098 5560 ut_sit
2121 5492 2173 5532 ct

2279 5475 2484 5531 ositum
2514 5490 2544 5528 a
2576 5474 2702 5547 ῥίζα
2736 5476 2894 5530 radix
2927 5487 2980 5532 et
3012 5477 3206 5549 ἄφρων
3242 5477 3515 5548 insipiens,
3543 5477 3612 5534 ad
3641 5477 3857 5548 signiti-

578 5549 808 5616 randos,
837 5552 932 5620 qui
959 5549 1028 5604 ab
1050 5550 1260 5620 origine
1299 5558 1352 5605 e't
1374 5549 1704 5605 educatione
1729 5549 1865 5603 tales
1889 5556 2040 5602 sunt.

651 5645 750 5710 (4⁸)
780 5643 968 5717 Graece
999 5647 1268 5717 όμαίμοσι
1298 5647 1443 5717 quod
1486 5643 1726 5702 Sirletus
1758 5643 1923 5699 vertit
1951 5644 2156 5717 sorori-

578 5716 671 5768 t'ms
695 5731 714 5768 :
747 5714 840 5785 sed
869 5713 1010 5778 infra
1035 5713 1188 5773 num.
1220 5717 1272 5784 7,
1300 5713 1500 5776 dicitur
1528 5727 1775 5782 sanctus,
1805 5730 1929 5771 cum
1950 5715 2016 5770 ad
2043 5730 2160 5769 mo-

2266 5643 2566 5698 nasterium
2600 5641 2734 5712 abiit
2765 5641 2971 5699 eisdem
3013 5642 3291 5698 modicum
3321 5642 3453 5712 quid
3478 5641 3554 5712 de
3577 5657 3681 5697 sua
3719 5643 3858 5699 sub-

2266 5714 2466 5770 stantia
2499 5711 2787 5782 reliquisse
2819 5729 2834 5767 :
2868 5712 3126 5770 vivebant
3157 5713 3324 5786 igitur
3342 5710 3468 5770 tum
3494 5710 3698 5768 adhuc.
