4064 6372
3675 0 3680 2 ’
3699 0 4056 76 ἡ

560 324 663 394 811
1079 365 1096 386 ο
1722 327 1785 390 S.
1823 319 2210 387 THEODORI
2264 321 2609 388 STUDITE
3705 331 3817 396 812

558 438 678 508 tibi;
706 446 962 504 mentem,
993 449 1216 508 corpus,
1246 443 1303 494 et
1336 435 1694 503 voluntatem,
1725 445 1898 501 utere,
1950 444 2012 491 ut
2035 436 2103 490 tua

2231 427 2510 507 ραγωγίαν
2525 437 2587 490 οὐ
2605 437 2704 509 τὴν
2727 437 2997 510 τυχοῦσαν
3025 440 3250 514 ἐχούσῃ,
3268 442 3361 498 rem
3393 440 3560 496 κόπον
3589 440 3685 496 τοῦ
3719 461 3817 514 μο-

558 533 652 590 bet
676 531 887 588 famulo
920 539 1038 595 tuo,
1085 532 1139 587 in
1178 530 1398 588 cunctis
1422 530 1777 585 obsecuturo.
1816 526 1862 584 0
1886 529 2126 584 admira-

558 623 686 679 bilis
712 605 981 694 propositi
1017 621 1278 677 indicium
1310 622 1324 674 ί
1374 633 1408 674 o
1443 618 1798 674 mirabilioris
1841 618 2127 674 renuntia-

557 715 723 771 tionis
756 715 1176 786 argumentum!
1225 711 1389 768 lstius
1443 710 1688 780 quidem,
1743 708 1872 778 quia
1913 708 1967 763 in
2005 709 2124 778 ipso

555 805 732 862 atatis
759 803 914 871 flore,
937 803 991 858 in
1027 817 1288 872 prospero
1317 814 1576 856 successu
1635 799 2001 870 negotiorum,
2028 807 2126 869 spe

555 898 763 967 optima
803 910 990 951 rerum
1025 894 1293 963 majorum
1326 892 1627 962 proposita,
1664 890 1870 946 divitiis
1897 891 2146 946 afﬁuen-'

555 996 724 1060 tibus,
778 989 1235 1060 circumfulgente
1259 989 1453 1060 gloria,
1497 989 1716 1057 vigente
1768 1002 2020 1056 corpore,
2065 987 2122 1042 in

551 1084 758 1156 proprii
785 1083 1004 1138 arbitrii
1028 1081 1362 1136 constitutus
1419 1079 1691 1145 libertate,
1752 1079 1946 1134 habuit
1991 1077 2125 1134 dile-

548 1175 790 1229 etionem
815 1187 948 1243 erga
996 1171 1165 1226 Deum
1227 1170 1350 1226 istis
1403 1170 1658 1225 omnibus
1729 1169 2118 1238 superiorem:

548 1265 798 1329 alterius,
837 1264 984 1336 quod
1041 1264 1245 1336 optime
1299 1264 1606 1330 consultus,
1661 1277 1772 1318 non
1831 1261 1908 1316 uti
1963 1261 2121 1316 multi

551 1370 722 1422 nunc,
769 1355 1045 1419 simulate,
1079 1363 1196 1418 aut,
1229 1365 1290 1408 ut
1320 1353 1494 1425 magis
1528 1353 1751 1424 proprie
1779 1352 1971 1423 loquar
1999 1365 2121 1406 om-

548 1448 682 1502 nino
713 1461 821 1502 non
863 1447 1241 1503 renuntiantes
1295 1446 1519 1509 mundo,
1567 1445 1743 1501 eidem
1799 1459 1860 1500 se
1916 1459 2120 1499 renun-

549 1537 684 1593 tiare
710 1535 992 1608 professus
1023 1537 1136 1604 sit;
1180 1533 1275 1590 sed
1309 1533 1768 1605 quemadmodum
1825 1547 1951 1588 vere
2000 1531 2118 1602 ipsa

545 1642 637 1683 res
673 1627 861 1697 exigit.
890 1626 967 1680 Illi
995 1627 1287 1696 siquidem,
1322 1625 1508 1681 nescio
1549 1639 1660 1695 quo
1701 1624 1887 1687 modo,
1965 1623 2118 1679 obliti

546 1719 692 1790 quod
719 1718 850 1774 dicit
883 1718 1149 1772 Dominus
1182 1735 1195 1771 :
1233 1715 1340 1781 Qui
1365 1733 1469 1771 non
1524 1715 1902 1770 renuntiaverit
1946 1715 2117 1768 omni-

2227 527 2392 598 ναχοῦ
2411 529 2796 601 ὑπομεμενηκέ
2808 549 2911 586 ναι.
2934 533 3078 604 Πρὸς
3096 532 3156 588 δν
3169 535 3198 588 δ
3214 532 3309 588 τοῦ
3324 533 3560 604 Χριστοῦ
3578 534 3813 603 πύκτης

2227 620 2415 673 Πάντα
2444 637 2548 685 σοι,
2573 615 2619 675 ὧ
2676 623 2878 695 Πάτερ.
2907 625 3235 698 ἀποδίδωμι,
3271 627 3368 681 καὶ
3397 626 3549 691 νοῦν,
3591 628 3690 682 καὶ
3717 627 3812 681 θέ-

2230 708 2402 780 λημα,
2434 711 2530 766 καὶ
2565 712 2747 784 σῶμα,
2784 713 2905 786 χρῶ
2939 715 3020 786 τῷ
3045 715 3122 787 σῷ
3151 715 3340 788 οίκέτῃ
3370 717 3448 779 ὡς
3481 717 3548 770 ἂν
3603 717 3810 788 postea,

2228 801 2428 855 εῐκοντί
2463 819 2545 856 σοι
2574 804 2715 858 κατὰ
2763 805 2964 861 πάντα.
3000 802 3072 859 Ὦ
3132 807 3443 878 θαυμασίας
3497 808 3810 879 προθέσεως

2228 892 2524 958 ἀπόδειξις,
2555 895 2653 949 καὶ
2680 895 3133 971 θαυμασιωτέρας
3163 901 3451 971 άποταγῆς
3503 902 3808 965 ὐπόθεσιςί

2226 983 2329 1053 τῆς
2368 983 2487 1054 μὲν,
2519 985 2601 1038 ὅτι
2626 987 2685 1039 ἐν
2711 987 2861 1057 αὑτῷ
2895 989 2974 1059 τῷ
3011 989 3166 1043 ἀνθει
3200 990 3305 1060 τῆς
3355 991 3612 1063 ἡλικίας,
3644 993 3807 1046 κατὰ*

2227 1073 2356 1144 ῥοῦν
2383 1074 2534 1146 αὐτῷ
2557 1076 2884 1149 χωρούντων
2909 1079 3020 1134 τῶν
3043 1083 3409 1152 πραγμάτων,
3435 1083 3548 1136 τῶν
3571 1083 3808 1137 ἐλπίδων

2224 1167 2610 1238 χρηστοτέρων
2637 1167 3113 1241 ὑποϐαλλομένων,
3151 1172 3383 1226 πλούτου
3415 1175 3811 1245 προκειμένου,

2222 1253 2382 1326 δόξης
2455 1257 2973 1333 ὑπαστραπτοὺσης,
3031 1263 3237 1334 σαρκὸς
3289 1265 3633 1336 σφριγὼσης,
3710 1269 3809 1321 καὶ

2220 1345 2398 1401 ταῦτα
2429 1350 2526 1404 σὺν
2585 1352 2976 1427 αὑτοκρατείᾳ,
3036 1354 3278 1410 νικῶσαν
3325 1355 3486 1426 ἔσχεν
3546 1357 3811 1413 ἁπάντων

2221 1438 2320 1512 τὴν
2353 1441 2434 1504 εἰς
2485 1441 2622 1496 Θεὸν
2654 1443 2952 1516 ἐπιθυμίαν
2974 1461 2990 1478 ·
3016 1447 3114 1517 τῆς
3135 1447 3214 1512 δὲ,
3266 1447 3351 1502 ὅτι
3398 1449 3604 1519 καίπερ
3661 1448 3808 1504 οὕτω

2221 1529 2424 1601 ἄριστα
2455 1530 2906 1606 βουλευσάμενος,
2937 1535 2999 1589 οὐ
3049 1537 3192 1591 κατά
3239 1539 3369 1602 τούς
3419 1538 3652 1604 πολλοὺς
3694 1539 3812 1594 τῶν

2221 1620 2316 1676 νῦν
2345 1623 2716 1691 ἐπιπλάστὼς,
2745 1626 3075 1696 οίκειότερον
3104 1628 3164 1684 δέ
3189 1631 3391 1694 εἰπεῖν,
3410 1631 3807 1694 ἀναποτάκτως

2219 1710 2704 1784 ἀποτασσομένων,
2736 1716 2834 1788 τὴν
2857 1718 3137 1790 ἀποταγὴν
3165 1719 3318 1774 ἔθετο
3341 1738 3358 1754 ο
3386 1721 3504 1775 ἀλλ’
3567 1721 3646 1784 ὡς
3696 1723 3808 1776 ἀπσ-

545 1781 640 1867 lins
671 1827 788 1883 qua:
812 1809 1070 1881 possidet,
1104 1827 1206 1864 non
1235 1818 1400 1878 potest
1433 1825 1575 1862 meus
1601 1823 1710 1862 esse
1742 1806 2033 1877 discipulus
2058 1807 2103 1870 ’ς

2223 1802 2428 1869 έδειξεν
2461 1781 2722 1878 ὀ-ἁληθὴς
2744 1781 2923 1878 λόγος.
2957 1812 3021 1864 Ol
3046 1781 3154 1882 'p'tv
3197 1811 3324 1885 γὰρ,
3370 1815 3473 1868 οὐκ
3519 1781 3810 1878 οἷδ’-ὄπως

543 1903 767 1975 etquod
801 1901 1106 1973 alibijubet
1139 1920 1153 1956 :
1199 1900 1374 1955 Vende
1401 1900 1579 1954 omnia
1616 1914 1734 1970 qua:
1761 1899 1938 1964 habes,
1973 1907 2022 1953 et
2046 1897 2103 1952 de

2219 1893 2600 1967 ἐπιλαθόμενοι
2625 1897 2719 1952 τοῦ
2753 1899 2963 1971 κυρίου
3010 1900 3288 1972 λέγοντος·
3333 1906 3441 1972 Ὃς
3495 1908 3610 1960 οὐκ
3657 1907 3806 1962 ἀκο-

545 1994 885 2066 pauperibus,
916 2001 964 2048 et
1003 1991 1217 2047 habebis
1237 1993 1542 2047 thesaurum
1565 1993 1621 2045 in
1651 1991 1812 2056 cretis,
1830 1999 1878 2046 et
1906 2006 2103 2062 aequem

2218 1985 2510 2040 τάσσεται
2536 1987 2689 2043 πᾶσι
2716 1988 2840 2056 τοῖς
2865 1990 3086 2046 ἑαυτοῦ
3138 1992 3548 2064 ὑπάρχουσιν,
3595 1999 3669 2051 οὐ
3694 1997 3803 2051 δύ’-

544 2101 625 2140 me
650 2087 715 2154 ³;
749 2086 970 2150 horum,
1005 2085 1252 2154 inquam,
1292 2083 1470 2148 obliti,
1507 2083 1608 2152 ipsi
1651 2083 1756 2138 sibi
1810 2083 2010 2153 templa
2063 2092 2103 2136 et

2216 2079 2393 2131 ναταί
2419 2095 2538 2148 μου
2565 2075 2722 2135 εἶναι
2744 2081 3021 2152 μαθητής
3047 2098 3064 2114 ο
3096 2085 3191 2138 καὶ
3223 2083 3460 2156 ἀλλαχοῦ
3518 2088 3801 2157 προστάσ-

543 2177 880 2232 monasteria
908 2176 1166 2248 erigunt;
1228 2175 1424 2230 deinde
1463 2175 1821 2230 monasticam
1877 2174 2103 2244 amplexi

2219 2181 2406 2230 σοντος
2439 2183 2460 2200 ο
2517 2168 2817 2237 Πώλησόν
2845 2187 2963 2227 σου
3013 2171 3086 2226 τὰ
3134 2172 3331 2228 πάντα
3375 2175 3448 2229 τὰ
3493 2175 3805 2246 ὑπάρχον-

541 2265 964 2338 professionem,
1011 2264 1366 2320 dominantur
1407 2263 1462 2317 in
1494 2263 1754 2333 propriis,
1795 2277 2001 2320 servos-
2031 2271 2103 2317 at-

2217 2272 2291 2310 τα
2318 2255 2418 2310 καὶ
2444 2255 2550 2326 δὸς
2575 2261 2858 2331 πτωχοῖς,
2894 2266 2994 2318 καί
3041 2262 3200 2330 ἕξεις
3247 2265 3562 2333 θησαυρὸν
3597 2266 3670 2319 ἐν
3699 2268 3803 2321 οὐ·

535 2375 645 2430 que
693 2357 1056 2414 substantiam
1087 2355 1294 2410 variam
1327 2363 1449 2425 post
1477 2371 1538 2411 se
1589 2355 1910 2421 trahentes;
1993 2353 2103 2410 heri

2206 2343 2421 2412 ραν-οἷς
2443 2347 2542 2400 καὶ
2573 2347 2750 2418 δεῦρο
2793 2351 3111 2406 ἀκολούθει
3132 2369 3234 2422 μοι
3258 2364 3281 2385 θ
3314 2354 3629 2425 ἐγείρουσιν
3667 2357 3798 2410 ἑαυο

538 2451 752 2515 novitii,
803 2458 858 2504 et
903 2448 1066 2504 hodie
1097 2448 1361 2513 abbates;
1403 2447 1520 2502 heri
1554 2463 1655 2504 nec
1685 2447 1863 2502 idonei
1893 2447 2103 2518 quidem

2220 2437 2336 2500 τοῖς
2361 2438 2524 2504 ναούς
2553 2455 2612 2493 τε
2633 2442 2732 2494 καὶ
2759 2445 2998 2514 μοναστή
3010 2461 3122 2515 ρια,
3147 2443 3267 2498 εἶτα
3295 2445 3680 2518 ἀσπασάμενοι
3737 2449 3801 2503 τὸ

537 2543 631 2614 qui
662 2559 722 2598 se
752 2542 1055 2612 prudenter
1087 2540 1352 2610 regendos
1379 2540 1703 2610 praeberent,
1751 2540 1909 2595 hodie
1972 2539 2103 2596 alios

2212 2528 2565 2602 ἐπάγγελμα,
2595 2532 2704 2587 τῶν
2727 2533 2944 2589 οἰκείων
2970 2535 3196 2606 ἄρχουσί
3231 2554 3289 2592 τε
3323 2537 3418 2591 καὶ
3447 2539 3798 2609 κυριεύουσι,

537 2636 786 2706 imperite
819 2649 1006 2702 regere
1034 2640 1464 2704 praesumentes;
1503 2633 1706 2704 quibus
1761 2633 2103 2704 praebituram

2209 2621 2430 2686 δούλους
2448 2625 2544 2678 καὶ
2571 2624 2704 2689 ὕλας
2735 2625 3022 2699 διαφόρους
3043 2629 3448 2700 ἐπισυρόμενοι,
3468 2631 3597 2700 χθὲς
3615 2633 3801 2704 ἀμύη-

533 2743 646 2783 non
698 2728 872 2782 virtus
901 2741 1024 2791 sua,
1071 2726 1164 2780 sed
1223 2740 1447 2779 suarum
1506 2725 1825 2780 facultatum
1877 2741 2103 2796 usurpa-

2209 2727 2291 2765 τοι
2342 2712 2436 2766 τοῦ
2493 2715 2952 2786 ἐπαγγέλματος,
3007 2719 3103 2771 καὶ
3148 2720 3388 2790 σήμερον
3443 2722 3520 2783 ὡς
3570 2723 3799 2778 παλαιοὶ

536 2819 612 2874 tio
646 2817 828 2874 attulit
865 2857 878 2870 .
917 2815 1012 2886 qui
1045 2829 1168 2870 cum
1222 2814 1409 2868 multis
1455 2815 1616 2870 annis
1657 2815 1976 2872 debuissent
2026 2816 2103 2871 di-

2211 2802 2610 2876 καθηγοὺμενοι
2634 2823 2646 2836 ·
2676 2807 2800 2878 χθὲς
2830 2807 2906 2879 μὴ
2936 2809 3139 2872 ειδότες
3172 2813 3636 2882 χειραγωγεῖσθαι
3679 2832 3794 2882 με-

539 2925 695 2966 scere
745 2908 1022 2978 quomodo
1064 2907 1137 2962 sit
1167 2907 1458 2976 imperanti
1488 2908 1809 2978 parendum,
1847 2919 2010 2978 atque
2034 2909 2103 2963 ita

2208 2895 2278 2948 τὰ
2302 2896 2590 2966 συνέσεως,
2626 2899 2721 2952 καὶ
2753 2900 2992 2971 σήμερον
3011 2907 3377 2973 χειραγωγεῖν
3409 2906 3606 2970 ἄλλους
3625 2908 3797 2961 ἀπασ-

533 2997 602 3056 ad
666 3001 909 3070 regimen
939 2998 1168 3053 aliorum
1222 2999 1560 3067 ascendere;
1618 3010 1908 3070 antequam
1958 3003 2103 3071 prius

2208 2985 2412 3051 δεύτως
2445 2989 2867 3061 προαιρούμενοι
2897 3007 2910 3021 °
2947 2986 3024 3046 ὧν
3052 2995 3150 3064 οὐχ
3179 2996 3212 3066 η
3246 2996 3438 3067 ἀρετὴ,
3489 3000 3524 3068 ὴ
3581 3000 3786 3070 χρῆσις

533 3091 676 3146 istud
698 3089 1010 3156 didicerint,
1055 3105 1175 3146 sese
1199 3089 1441 3159 periculo
1469 3091 1727 3161 ingerunt
1783 3093 2099 3162 posteriori,

2207 3077 2264 3131 δέ
2285 3078 2394 3132 τῶν
2422 3080 2776 3152 ὑπαρχόντων
2823 3083 2924 3154 τὴν
2976 3085 3273 3156 ἡγεμονίαν
3315 3088 3750 3142 κατεπίστευσεν
3773 3129 3796 3156 ,

530 3192 584 3238 et
615 3182 804 3253 quales
839 3191 989 3246 sunt,
1023 3181 1160 3236 tales
1189 3181 1355 3236 etiam
1391 3180 1633 3237 eﬂiciunt
1659 3184 1764 3238 sibi
1797 3185 2098 3254 subjectos.

2207 3169 2256 3222 οῖ
2285 3171 2500 3235 πολλοῖς
2528 3172 2707 3225 ἐτεσιν
2731 3171 3041 3242 ὀφείλοντες
3074 3176 3341 3246 ἐκμαθεῖν
3375 3177 3558 3241 καλῶς
3594 3179 3656 3231 τὸ
3681 3179 3790 3250 ἆρ-

529 3275 629 3329 Ast
659 3273 798 3343 ipse,
820 3281 1103 3344 postquam
1138 3273 1476 3328 smculovere
1504 3275 1892 3342 renuntiasset,
1915 3284 2102 3331 osten-

2206 3261 2418 3331 χεσθαι,
2459 3259 2560 3316 εἴθ’
2589 3263 2766 3330 οὕτως
2793 3267 2887 3322 ἐπὶ
2910 3267 2972 3322 τὸ
2995 3267 3188 3338 ἄρχειν
3236 3269 3467 3334 ἀνιέναι,
3522 3271 3628 3342 πρὸ
3682 3271 3794 3342 τῆς

531 3363 614 3418 dit
648 3364 1016 3419 obedientiam
1073 3362 1294 3418 minime
1324 3361 1559 3417 fucatam
1588 3365 1759 3420 fuisse
1800 3382 1814 3419 :
1842 3367 2100 3436 praecedit

2206 3353 2402 3426 πείρας
2452 3359 2546 3409 τοῦ
2577 3361 2851 3430 προτέρου
2881 3359 3236 3426 ἐπικινδύνως
3262 3362 3356 3415 τοῦ
3387 3361 3642 3434 δευτέρου
3667 3365 3791 3417 ἐπι-

529 3456 678 3511 enim
735 3455 973 3525 primum
1007 3455 1275 3519 secundo,
1308 3453 1455 3510 sicut
1489 3454 1670 3525 fulgur
1717 3456 1982 3522 tonitruo,
2044 3466 2099 3513 et

2206 3445 2593 3516 λαμϐάνοντες,
2652 3450 2928 3516 τοιούτους
3001 3452 3442 3525 ἀπεργαζόμενοι
3493 3455 3623 3516 τοὺς
3679 3453 3791 3508 ὑπὸ

527 3545 723 3602 lucifer
751 3545 855 3602 soli
887 3545 1172 3601 exorienti.
1203 3545 1336 3600 Nam
1362 3546 1457 3616 qui
1488 3547 1691 3602 sarculo
1717 3547 1856 3603 bene
1894 3563 2100 3605 renun-

2206 3537 2412 3606 χεῖρας,
2439 3531 2542 3591 οἷοι
2573 3540 2848 3596 καὶείσίν.
2915 3541 2974 3595 Ὀ
3026 3543 3086 3596 δέ
3134 3543 3322 3616 ἐπειδὴ
3375 3544 3638 3616 ἀληθινὴν
3684 3545 3790 3617 τὴν

527 3637 765 3703 tiaverit,
799 3636 1006 3692 clarum
1047 3645 1132 3692 est
1157 3637 1301 3706 quod
1325 3637 1490 3692 etiam
1519 3637 1656 3694 bene
1689 3639 1904 3695 ohedict
1937 3659 1950 3696 :
2005 3643 2098 3712 qui

2206 3627 2484 3699 ἀποταγὴν
2515 3631 2834 3702 ἐποιήσατο,
2864 3633 3153 3706 ἀνόθευτον
3205 3637 3302 3691 καὶ
3348 3637 3448 3707 τὴν
3500 3637 3790 3708 ὑποταγὴν

2199 3717 2475 3773 δείκνυσιν
2507 3735 2522 3752 ο
2549 3723 2644 3776 καὶ
2681 3717 2813 3796 ’γὰρ
2866 3728 3192 3797 προηγεῖται
3261 3727 3358 3782 τοῦ
3417 3729 3675 3799 δευτέρου
3722 3731 3790 3784 τὸ

2199 3811 2486 3882 πρότερον,
2553 3814 2644 3880 ὼς
2705 3818 2960 3889 ἀστραπὴ
3021 3817 3268 3890 βροντῆς,
3328 3821 3425 3876 καὶ⁵
3502 3821 3789 3893 ἑωσφόρος

2192 3901 2346 3972 ἡλίου
2410 3904 2721 3976 ἀνίσχοντος
2749 3925 2764 3940 ο
2797 3911 2826 3963 ὁ
2894 3909 3004 3982 γὰρ
3085 3913 3285 3982 ἄριστα
3342 3911 3790 3984 ἀποταξάμενος,

527 3983 730 4055 ἄριστα
797 3983 997 4056 δηλαδὴ
1042 3984 1138 4039 καὶ
1159 3985 1606 4057 ὑποταγήσεταυ
1637 3989 1666 4042 ό
1690 3986 1748 4041 δὲ
1793 3987 1915 4043 καθ’
1937 3989 2199 4064 ἑκάτερον
2237 3997 2562 4068 σκολιὼσας,
2603 4003 2702 4057 καὶ
2734 4005 2792 4059 ἐν
2845 4005 3066 4079 θατέρῳ
3085 4006 3328 4079 δηλονότι
3380 3983 3735 4078 χωλανεῗται.

597 4077 688 4132 10.
720 4076 858 4132 Sunt
888 4085 1068 4134 autem
1117 4078 1339 4134 virtutis
1371 4079 1634 4136 exercitia
1667 4081 1860 4150 multa,
1923 4083 2091 4140 absti-

2271 4090 2322 4146 t'.
2357 4093 2536 4150 Πολλά
2565 4096 2665 4166 μὲν
2689 4094 2783 4152 οὖν
2815 4097 2885 4152 τὰ
2929 4076 3052 4154 κατλ
3102 4076 3304 4171 ἀρετὴν
3365 4076 3784 4174 ἐπιτηδεύματα

523 4168 722 4223 nentiae
768 4169 1110 4236 extenuatio,
1169 4170 1349 4226 somni
1407 4173 1664 4243 parcitas,
1723 4173 2088 4247 lacrymarum

2206 4179 2524 4252 ἐγκρατείας
2554 4187 2876 4260 κατάτηξις,
2907 4168 3221 4262 ἀγρυπνίας
3259 4168 3467 4264 ννῆψις,
3517 4168 3784 4266 δακρύων

520 4260 827 4326 evacuatio,
859 4261 1126 4318 orationis
1159 4263 1436 4330 alacritas,
1469 4264 1936 4322 humicubationis
1971 4282 2090 4322 mo-

2206 4272 2447 4339 ιιένωσις,
2528 4279 2695 4351 εὐχῆς
2754 4260 3047 4354 πτέρωσις,
3110 4260 3408 4356 χαμευνίνάς
3472 4260 3779 4356 σύνθίιψιςο

520 4349 704 4416 lestia,
747 4352 974 4406 vestitus
1003 4353 1210 4417 vilitas,
1270 4369 1534 4409 manuum
1588 4357 1854 4425 operatio,
1923 4374 2090 4427 genu-

2206 4360 2422 4432 ἐσθῆτος
2497 4349 2766 4435 εὐτέλεια,
2849 4349 3048 4444 χειρῶν
3093 4349 3361 4445 ἐργασία,
3412 4349 3786 4446 “manta;

519 4441 818 4498 Iexionum
879 4443 1205 4514 frequentia,
1242 4447 1436 4502 mortis
1487 4449 1790 4514 meditatio,
1855 4452 2092 4520 psalmo-

2206 4454 2494 4528 πυκνότης,
2555 4459 2752 4532 μελέτη
2830 4441 3083 4532 θανάτου,
3125 4441 3469 4540 νφαλμῳδίας
3527 4471 3790 4538 εὐτονία,

517 4535 621 4589 dite
677 4535 1012 4600 assiduitas,
1063 4538 1466 4606 perseverantia
1536 4541 1813 4597 stationis.
1880 4542 2086 4600 Horum

2555 4518 2569 4530 .
2740 4518 2752 4532 .
2937 4518 2962 4520 μ
3161 4518 3174 4538 .
3197 4518 3466 4540 -ητ-τν--ν
3530 4518 3778 4538 παπ-Ἰ

2206 4546 2439 4612 στάσεως
2467 4554 2735 4624 καρτερία
2766 4572 2780 4586 ο
2808 4556 2966 4610 οὐδὲν
2998 4557 3057 4612 δὲ
3088 4559 3331 4615 τοιοῦτον
3368 4561 3448 4632 τῷ
3476 4563 3778 4617 ὑποτακτι-

520 4636 700 4681 tamen
731 4629 979 4681 omnium
1014 4629 1152 4682 nihil
1182 4629 1257 4683 ita
1285 4631 1662 4687 necessarium
1691 4633 1741 4688 ei
1770 4635 1866 4704 qui
1896 4636 2086 4693 subest

2206 4635 2297 4708 ιιῷ,
2333 4634 2446 4694 οἷον
2467 4643 2529 4695 τὸ
2563 4647 2685 4698 κατ’
2714 4647 3073 4720 ἐξαγόρευσιν
3099 4629 3540 4724 ἀγώνισμαςκαὶ
3555 4655 3620 4708 τδ
3641 4658 3773 4711 καθ’

527 3747 676 3788 vero
710 3734 764 3788 in
815 3733 987 3788 altero
1025 3733 1246 3803 oblique
1296 3734 1605 3801 incesserit,
1635 3735 1690 3790 in
1748 3737 1922 3792 altero
1957 3754 2098 3809 quo-

527 3839 636 3896 que
662 3824 969 3880 certissime
996 3833 1082 3880 est
1111 3823 1548 3880 claudicaturus.

518 4725 684 4788 atque
727 4721 1045 4774 exercitium
1072 4721 1299 4777 sincera:
1329 4722 1700 4782 confessionis
1733 4737 1788 4782 et
1834 4728 2087 4798 perfecta:

515 4805 890 4861 obedientiam
950 4810 1153 4878 quibus
1213 4811 1554 4868 illuminatur
1605 4816 1808 4883 anima,
1855 4818 2086 4873 mortifi-

515 4903 671 4947 catur
721 4893 996 4962 voluntas,
1031 4907 1086 4952 et
1149 4900 1389 4970 perfecta
1439 4902 1714 4958 obtinetur
1767 4906 2081 4976 conjunctio

514 4980 634 5050 ejus
661 4984 754 5052 qui
790 4985 1144 5055 spiritualiter
1173 4991 1416 5046 nascitur
1463 5007 1586 5047 cum
1619 5008 1686 5048 eo
1742 4997 1833 5064 qui
1885 4998 2078 5068 gignit.

513 5075 633 5130 Duo
669 5077 782 5132 haec
825 5083 1036 5135 caeteris
1066 5083 1320 5139 omnibus
1347 5100 1452 5139 non
1480 5087 1796 5156 praeferens,
1827 5089 2076 5146 infirmus

512 5167 578 5222 ad
612 5167 968 5225 obedientiam
999 5173 1143 5238 erit;
1175 5184 1338 5244 atque
1370 5177 1441 5230 ita
1471 5192 1565 5246 per
1618 5195 1738 5248 quae
1795 5181 2080 5237 videbatur

511 5257 743 5314 salutem
779 5264 1076 5332 consequi,
1132 5266 1402 5322 illusionis
1451 5269 1754 5338 subjacebit
1813 5273 2076 5341 periculo.

494 5342 724 5420 .Etenim
756 5347 982 5417 jejunio,
1022 5351 1237 5422 vigiliae,
1256 5364 1311 5408 et
1332 5356 1594 5424 quidquid
1630 5359 1896 5427 ejusmodi
1929 5364 2076 5419 aliud

508 5445 632 5503 est;
667 5439 968 5494 secundum
1018 5456 1089 5496 se
1139 5445 1360 5513 quidem
1401 5447 1691 5502 laudabilia
1740 5461 1910 5519 sunt;
1965 5470 2072 5508 non

511 5535 688 5583 tamen
721 5530 894 5597 utilia,
931 5533 1024 5587 sed
1055 5533 1120 5588 ad
1155 5535 1362 5604 lapsum
1396 5537 1730 5602 inducentia,
1761 5541 1809 5594 ei
1832 5542 1922 5612 qui
1949 5559 2076 5613 pro-

505 5617 626 5686 prio
651 5621 877 5678 arbitrio
889 5625 1088 5694 agitur,
1109 5629 1210 5682 nisi
1226 5627 1650 5697 praesidisduclu
1671 5641 1724 5688 et
1743 5634 1925 5703 regula
1943 5637 2075 5693 diri-

578 5733 600 5764 '
622 5731 754 5792 Luc.
778 5740 997 5815 tunso.
1073 5741 1095 5772 '
1127 5739 1259 5799 Luc.
1295 5759 1450 5813 mu,
1481 5743 1570 5800 2‘2.

2193 4731 2442 4803 ὑπακοὴν
2476 4737 2830 4810 κατόρθωμα,
2862 4741 2930 4794 δι’
2951 4734 3026 4796 ὧν
3054 4743 3203 4816 ψυχὴ
3230 4745 3526 4816 φωτίζεται
3547 4749 3646 4802 καὶ
3688 4767 3776 4804 νε-

2191 4821 2419 4892 κροῦται
2453 4825 2686 4898 θέλημα,
2727 4831 2820 4884 καὶ
2845 4833 3094 4906 ὁλοτελὴς
3127 4835 3428 4906 είσοίκησις
3466 4837 3566 4892 τοῦ
3596 4855 3775 4896 πνευ-

2191 4916 2437 4983 ματικῶς
2465 4922 2868 4991 γεγεννημένου
2905 4925 3042 4996 πρὸς
3068 4927 3158 4980 τὸν
3183 4930 3556 5000 γεγεννηκότα
3609 4932 3773 5002 ἐγγί-

2188 5021 2360 5061 νεται.
2411 5006 2468 5060 '0
2501 5009 2609 5080 γάρ
2659 5012 2736 5082 μὴ
2770 5013 2941 5068 ταῦτα
2988 5015 3098 5069 τῶν
3141 5017 3316 5072 ἀλλων
3386 5020 3767 5091 προτιμήσας,

2187 5097 2386 5169 σαθρὸς
2425 5100 2560 5170 πρὸς
2587 5103 2868 5175 ὑποταγὴν
2914 5109 3266 5177 καθίσταται,
3293 5111 3386 5164 καὶ
3409 5110 3478 5164 δι’
3506 5107 3583 5165 ὧν
3613 5112 3773 5167 δοκεῖ

2186 5188 2461 5259 σωτηρίας
2491 5190 2731 5262 ἔχεσθαι,
2761 5197 2981 5268 ἀπάτης
3037 5199 3332 5268 ὑφίσταται
3385 5201 3632 5273 δλεθρον.
3685 5205 3767 5259 Τὸ

2186 5281 2297 5352 γὰρ
2328 5283 2598 5353 ἐγκρατὲς
2629 5287 2723 5340 καὶ
2745 5289 3044 5360 ἄγρυπνον,
3080 5292 3173 5346 καὶ
3231 5294 3408 5348 ὁτιοῦν
3464 5295 3592 5350 ἀλλο
3647 5297 3767 5350 τῶν

2185 5375 2602 5444 προειρημένων
2626 5382 3094 5451 κατορθωμάτων,
3117 5385 3253 5438 αὐτὸ
3281 5387 3380 5456 μὲν
3409 5388 3533 5440 καθ’
3592 5389 3764 5442 ἑαυτὸ

2183 5465 2466 5520 ἐπαινετὸν
2493 5467 2610 5538 δοίη
2642 5487 2726 5533 τις
2756 5466 2916 5538 εἶναι,
2945 5476 3055 5530 οὐδ’
3084 5475 3150 5530 ἂν
3195 5477 3252 5530 δὲ
3306 5479 3390 5550 ετη
3453 5477 3761 5544 λυσιτελὲς,

2185 5555 2385 5626 μᾶλλον
2422 5556 2522 5628 μὲν
2549 5556 2643 5614 οὗν
2673 5563 2768 5616 καὶ
2791 5563 3052 5630 πτώσεως
3091 5568 3266 5623 αἴτιον
3294 5567 3372 5640 τῷ
3425 5568 3764 5639 ίδιορὺθμως

2181 5648 2498 5719 πράττοντι,
2535 5654 2584 5708 εί
2623 5654 2698 5726 μὴ
2723 5655 2961 5729 γνώμονι
2995 5661 3091 5716 καὶ
3116 5661 3304 5718 κανόνι
3331 5660 3426 5717 τοῦ
3479 5661 3768 5733 καθηγου-

4053 79 4055 140 l
