4064 6372
263 332 358 399 813

925 324 1209 401 ORATIO
1243 334 1348 403 XI.
1378 367 1448 380 -
1475 334 1860 405 LAUDATIO
1885 336 1947 401 S.
1993 329 2284 401 PLATON
2294 338 2366 399 IS
2400 324 2838 401 HEGUMENI.

3405 338 3510 404 8H

267 430 418 521 μίνοο
448 445 778 518 περαίνοιτο,
806 447 947 504 ὥστε
1028 452 1127 524 τὴν
1152 454 1507 525 ἑξαγόρευσιν
1557 455 1678 527 μεθ’
1722 456 1829 510 ύπ-

1943 464 2136 524 gatur:
2176 451 2272 507 seti
2296 450 2387 523 qui
2415 449 2753 506 confessioni
2805 452 2862 506 et
2920 446 3247 504 obedientite
3303 447 3507 511 studet,

264 540 424 610 ακοῆς
452 539 720 608 ὲξασκῶν,
748 540 818 596 τά
846 542 1098 615 δευτέρια
1126 548 1241 612 τοῖς
1282 548 1464 615 ἀλλοις
1489 548 1726 614 δίδωσιν,
1770 551 1829 603 ὲν

1943 556 2128 603 uetera
2157 545 2213 600 in
2237 543 2499 602 secundis
2518 542 2748 611 habens,
2775 540 3184 598 omniaduobus
3214 540 3335 597 istis
3367 555 3511 596 cuin-

264 637 367 701 τοῖς
389 634 512 689 δυσὶ
539 636 610 690 τά
649 637 828 692 πάντα
855 638 1203 710 περικλείων.

328 725 416 782 ια’.
454 726 642 782 Ταῦτα
662 730 691 782 6
720 726 996 799 μακάριος
1022 728 1100 793 ὡς
1125 731 1226 785 οὐκ
1254 725 1354 785 οἷδ’
1405 731 1458 786 εί
1478 748 1564 796 τις
1594 730 1703 785 τῶν
1731 730 1829 785 ἀλ-

1930 637 2247 709 prehendet.

1928 744 1958 790 ιι
2003 728 2092 782 ll.
2120 725 2248 783 llaec
2290 726 2484 783 beatus
2528 724 2652 793 iste,
2686 725 2733 782 si
2765 724 2891 797 quis
2919 725 3083 788 alius,
3131 739 3354 787 curans.
3415 737 3510 793 op-

264 819 363 874 λων
389 817 866 890 ἀφοσιωσάμενος,
900 821 1071 891 καλὴν
1098 822 1200 893 τὴν
1253 822 1409 894 βάσιν
1440 823 1701 896 πήγνυσι,
1733 821 1830 876 καὶ

1943 818 2279 889 Litnumjecit
2309 818 2751 885 fundamentum,
2784 818 2947 888 eique
3014 817 3253 874 solidum
3309 831 3510 887 snper-

264 910 350 993 ίπὶ
370 910 541 982 ταύτῃ
565 911 784 983 ἀσφαλῆ
838 911 940 985 τὴν
966 913 1252 987 οἰκοδομὴν
1296 914 1615 986 πεποίηταις
1653 913 1831 969 πάντα

1943 910 2530 977 exstruxitaedilicium,
2561 924 2783 965 omnem
2806 924 2965 966 suam
2989 908 3379 980 cogitationem
3409 907 3512 962 ab-

264 1002 929 1075 λογισμὸνάνατιθέμενος,
960 1006 1055 1059 καὶ⁵
1090 1006 1270 1061 πάντα
1294 1005 1420 1062 καθ’
1451 1007 1701 1079 ὑπακοὴν
1716 1008 1841 1062 δια-ι

1928 1005 2147 1075 jiciens,
2170 1012 2225 1059 et
2250 1004 2434 1059 omnia
2457 1002 2757 1059 secundum
2800 1000 3169 1056 obedientiam
3189 1010 3356 1069 agens
3383 1015 3399 1053 :
3439 996 3512 1052 ob

261 1094 645 1165 πραττόμενος,
678 1095 774 1150 καὶ
803 1095 891 1151 διά
915 1094 1110 1161 ταῦτα,
1143 1096 1432 1169 Γραφικῶς
1455 1098 1666 1163 εἰπεῖν,
1694 1098 1834 1165 ἀγα-

1943 1097 2099 1169 idque
2129 1096 2364 1152 dilectus
2398 1097 2454 1151 in
2487 1103 2790 1166 conspectu
2830 1092 3005 1149 Patris
3030 1092 3139 1157 sui,
3206 1101 3269 1146 ut
3325 1089 3509 1160 phrasi

264 1183 505 1255 πώμενος
557 1186 617 1239 ὲν
660 1184 940 1257 προσώπῳ
981 1186 1195 1257 Πατρός
1221 1186 1408 1242 αὑτοῦ.
1470 1186 1688 1243 Γίνεται
1739 1183 1832 1242 οὖν

1943 1189 2233 1261 Scriptura!
2270 1197 2415 1243 utar.
2437 1187 2565 1243 Fuit
2594 1198 2779 1243 autem
2821 1188 2874 1241 in
2901 1184 3203 1241 tolerandis
3229 1182 3513 1239 laboribus

267 1278 473 1349 ἀδάμας
500 1280 568 1347 τῇ
598 1276 893 1349 καρτερίᾳ,
921 1276 1228 1349 περιδέξιος
1265 1279 1334 1350 τῇ
1386 1277 1657 1349 διακονίᾳ,
1714 1278 1833 1331 διαν

1936 1280 2356 1344 adamantinus,
2383 1280 2580 1336 dexter
2601 1279 2656 1334 in
2686 1278 2910 1350 agendis
2936 1278 3122 1342 rebus,
3157 1284 3213 1332 et
3241 1276 3380 1330 inter
3399 1289 3515 1330 cer-

265 1368 490 1440 λάμπων
521 1366 623 1439 μὶν
668 1370 730 1422 ὲν
780 1366 997 1431 πολλοῖς
1041 1367 1345 1432 πνάθλοιςι
1405 1362 1481 1423 ὧν
1516 1368 1579 1422 ού
1641 1368 1835 1439 πόρρω

1943 1374 2201 1429 taminum
2237 1373 2417 1429 socios
2440 1372 2644 1428 multos
2670 1370 2989 1442 pracellens
3024 1387 3038 1423 :
3073 1383 3104 1423 a
3121 1367 3325 1439 quibus
3346 1366 3513 1421 etiam

263 1461 522 1544 ἀφίστατο
552 1458 695 1515 κατά
726 1458 826 1531 τὴν
851 1457 1223 1531 κοινοϐιαῖκὴν
1252 1457 1419 1531 ζωὴν,
1450 1459 1558 1532 ίδίᾳ
1598 1459 1657 1514 δὲ
1711 1460 1833 1531 μεθ’

1943 1465 2118 1533 quoad
2149 1462 2540 1519 cmnobiticam
2594 1460 2785 1527 vitam,
2839 1457 2986 1515 haud
3024 1458 3185 1528 longe
3249 1456 3513 1521 distabat,

262 1553 374 1617 ἑνὸς
419 1551 727 1624 όμοτρόπου
782 1551 1218 1623 ὑποταττόμενος
1286 1552 1413 1606 καθ’
1474 1552 1705 1625 ἡσυχίαν
1754 1552 1835 1625 τῷ

1943 1553 2168 1610 seorsim
2196 1553 2400 1624 degens
2426 1566 2552 1608 cum
2582 1567 2694 1608 uno
2717 1551 2955 1622 quodam
2982 1549 3089 1606 sibi
3123 1548 3371 1604 moribus
3426 1548 3512 1603 sie

261 1644 572 1717 ἀειμνήστῳ
604 1642 933 1715 Θεοκτίστῳ,
965 1644 1059 1698 καὶ
1089 1646 1165 1715 πῆ
1219 1644 1319 1716 μὲν
1368 1645 1507 1699 οίκοι
1560 1644 1835 1715 σχολάζων

1943 1641 2075 1697 mili.
2106 1641 2299 1707 Porro,
2349 1642 2506 1712 juxta
2569 1639 2898 1696 reclusionis
2999 1651 3277 1701 normam,
3330 1635 3516 1705 subje-

261 1734 338 1806 πῆ
365 1733 421 1788 δι
451 1736 520 1807 τῇ
547 1733 817 1806 κοινότητι
868 1733 1283 1806 συνερχόμενος,
1315 1733 1375 1789 εν
1404 1751 1464 1788 τε
1491 1733 1836 1807 ψαλμῳδίαις

1943 1743 2061 1791 ctus
2092 1717 2170 1805 (Ἰ)
2200 1743 2320 1789 erat
2348 1746 2633 1804 nunquam
2683 1731 2821 1788 satis
2852 1728 3127 1786 laudando
3174 1726 3511 1788 'l'lteoctisto.

259 1798 572 1899 διατροφατς
596 1843 659 1882 τε
688 1798 784 1882 καὶ
810 1798 1119 1898 ἐργασίαις,
1167 1798 1393 1880 καὶοῖον
1422 1798 1619 1883 εἰπεῖν·
1652 1798 1834 1894 κοινός

1943 1825 2165 1883 nuncin
2194 1826 2327 1882 cella
2354 1839 2477 1881 sese
2509 1824 2841 1890 exercendo,
2884 1838 3031 1878 nunc
3087 1822 3144 1878 in
3200 1819 3515 1877 communi-

258 1933 315 1971 τε
346 1916 442 1971 καὶ
471 1915 748 1980 ιπίκοινος
775 1916 1061 1988 γινόμενος
1089 1916 1186 1970 καὶ
1214 1915 1437 1988 μέτριος
1459 1914 1605 1971 κατά
1631 1916 1829 1973 πάντα.

259 2014 331 2068 υὺ
373 2013 509 2086 γὰρ.
552 2013 743 2088 ἐπειδὴ
801 2012 1032 2086 εὐγενὴς
1063 2012 1127 2067 τδ
1179 2011 1324 2067 κατὰ
1350 2012 1562 2085 σάρκα,
1592 2011 1835 2084 ἀπετρα-

1938 1926 2051 1975 late
2078 1916 2326 1974 vacando
2376 1916 2731 1989 psalmodiis.
2786 1914 3077 1973 refectioni
3137 1912 3412 1984 corporis,
3458 1920 3517 1967 et

1936 2024 2198 2065 manuum
2226 2008 2439 2075 labori;
2469 2006 2970 2077 communiterque,
3009 2014 3071 2060 ut
3098 2005 3182 2061 sic
3218 2004 3423 2071 dicam,
3458 2010 3515 2059 et

257 2104 449 2179 χύνετο
473 2106 587 2170 τοίς
643 2103 1059 2178 ἀγροικοτέροις
1145 2104 1599 2176 συνδιαιτώμενος
1630 2120 1649 2139 ν
1712 2102 1836 2157 οὐδὲ

1943 2100 2248 2171 promiscue
2270 2099 2477 2164 vivens,
2507 2099 2563 2154 in
2590 2098 2850 2154 omnibus
2873 2113 2933 2154 se
2961 2098 3247 2154 moderate
3267 2097 3514 2168 gerebat.

257 2196 440 2269 ἰπειδὴ
488 2197 882 2270 ἐξυπηρετεὴο
929 2197 1064 2267 παρ’
1091 2196 1320 2251 οίκετῶν
1380 2196 1671 2268 πρότερον,
1734 2194 1836 2260 τὰς

1943 2190 2056 2247 Non
2087 2192 2234 2247 enim
2269 2190 2399 2262 quia
2427 2189 2631 2246 nobilis
2668 2197 2791 2244 erat
2815 2188 3117 2245 secundum
3140 2203 3384 2254 carnem,
3423 2202 3517 2242 as-

255 2288 588 2361 ἀτιμοτέρας
655 2285 1061 2360 ιγχειρίζεσθαι
1142 2288 1423 2352 διακονίας
1490 2284 1831 2353 ἑξενοπάθει.

255 2380 563 2453 Τοιγαροῦν
589 2379 687 2434 καὶ
718 2380 927 2451 κόπρον
987 2379 1082 2432 ἐπὶ
1140 2378 1309 2451 ὤμων
1366 2378 1691 2453 ἐπεφέρετο,
1739 2378 1837 2433 καὶ

1936 2282 2123 2353 perior
2160 2289 2428 2338 eratcum
2455 2280 2849 2336 rusticioribus
2870 2294 3235 2346 conversans;
3262 2293 3364 2336 nec
3384 2278 3517 2349 quia

1938 2372 2090 2445 prius
2124 2372 2360 2428 habebat
2397 2370 2638 2428 famulos
2689 2370 2893 2428 multos
2944 2371 3049 2427 sibi
3112 2370 3518 2434 ministrantes,

255 2470 430 2543 χῶρον
461 2470 717 2543 ἀρδεύειν
746 2470 1175 2542 προσετάττετο,
1226 2470 1324 2524 καὶ
1377 2469 1587 2542 ἀλευρα
1641 2467 1837 2542 φύρειν

1943 2464 2335 2535 dedignabatur
2368 2463 2564 2519 viliora
2599 2463 2879 2534 suscipere
2911 2462 3219 2519 ministeria
3250 2480 3264 2517 :
3296 2461 3429 2533 quin
3462 2470 3517 2517 et

255 2562 525 2633 ἠνείχετο,
546 2562 642 2615 καὶ
670 2560 843 2615 ταῦτα
869 2560 1010 2632 μετὰ
1028 2559 1125 2615 τοῦ
1156 2560 1396 2633 γράφειν
1452 2559 1593 2631 τόνῳ
1652 2559 1838 2634 πολλῷ

257 2655 348 2709 καὶ
402 2653 701 2725 ἐπιμελείᾳ
727 2654 1020 2725 κρατίστῃ.

322 2827 410 2913 ιβ’.
433 2811 631 2881 Βούλει
663 2816 857 2898 μαθεῖν
876 2826 969 2881 καὶ
981 2826 1145 2899 ἕτερα
1178 2828 1427 2900 ὑπακοῆς
1455 2829 1838 2900 ἀριστεύματα

258 2917 526 2988 ἑγγύθενξ
572 2917 632 2972 ὐ
669 2919 936 3000 πράκτωρ
988 2918 1096 2973 τῶν
1123 2918 1569 2997 κατορθωμάτων
1597 2920 1837 2987 ,ὠνειδί-

258 3010 378 3076 ζετο
397 3011 556 3083 παρά
581 3009 675 3064 τοῦ
730 3010 943 3082 Πατρός
972 3011 1068 3065 ἰπὶ
1099 3011 1372 3084 παρουσίᾳ
1402 3011 1591 3079 ξένων,
1621 3013 1717 3068 καὶ
1761 3012 1839 3077 ὡς

1940 2559 2127 2614 limum
2161 2557 2369 2613 ferebat
2406 2555 2646 2613 humeris
2667 2565 2723 2612 et
2748 2571 2937 2627 agrum
2954 2555 3183 2627 irrigare
3202 2554 3517 2627 jubebatur,

1939 2658 1995 2705 et
2023 2648 2259 2704 farinam
2283 2648 2575 2719 subigebat
2592 2648 2884 2717 patienter,
2912 2655 2968 2703 et
2997 2646 3360 2703 nihilominus
3382 2645 3520 2701 scri-

1941 2741 2107 2798 bebat
2136 2741 2311 2819 multo
2336 2754 2467 2796 cum
2506 2740 2687 2796 studio
2712 2753 2776 2795 ac
2814 2738 3123 2811 diligentia.

2011 2833 2101 2888 li.
2136 2818 2257 2888 Vin’
2281 2832 2448 2888 etiam
2476 2832 2619 2887 alias
2665 2829 2789 2901 ejus
2840 2830 3076 2887 virtutes
3107 2830 3342 2893 discere,
3387 2827 3521 2883 obe-

1940 2925 2162 2982 dientite
2197 2924 2478 2997 proximas
2498 2924 2523 2978 ’ί
2547 2921 2744 2979 Omnia
2773 2930 2920 2978 recte
2947 2921 3173 2987 iaciens,
3223 2920 3520 2992 reprehens

1940 3019 2174 3075 debatur
2197 3031 2385 3074 coram
2423 3015 2774 3086 hospitibus;
2840 3022 2896 3071 et
2946 3014 3115 3071 veluti
3168 3013 3215 3069 si
3265 3013 3521 3068 laudatus

259 3102 553 3181 εὐφημίαν
584 3096 895 3173 δεχόμενος,
926 3101 1224 3173 ἀκλόνητος
1254 3104 1508 3175 διέμενεν
1536 3106 1565 3159 6
1622 3104 1842 3159 εὐκλεέ-

1946 3107 2164 3174 fuisset,
2198 3106 2584 3178 perseverabat
2629 3106 2913 3171 immotus,
2941 3105 3025 3161 vir
3051 3104 3211 3161 laude
3262 3099 3523 3173 dignissi-

261 3211 449 3259 στατος
470 3210 491 3226 ο
536 3193 981 3274 ὕπανεγίνωσκεν
1008 3194 1306 3264 ἀξιολόγως
1336 3197 1395 3250 ὲν
1427 3195 1564 3249 ώσὶν
1614 3195 1842 3273 ἀδελφό-

258 3302 435 3365 τητος,
463 3284 568 3340 καὶ
591 3284 669 3350 ώς
703 3286 855 3358 παρά
878 3286 1038 3356 λόγον
1066 3288 1337 3365 ἀναγνοὺς
1365 3288 1843 3361 ὲπιπληττόμενος

257 3362 615 3449 ύπέπτησσεν
641 3379 671 3432 6
718 3378 1160 3451 ὲμφρονέστατος
1182 3395 1197 3410 ·
1256 3362 1579 3453 δουλογενὴς
1623 3380 1843 3434 ἀκούων
1889 3401 1895 3407 ·

258 3469 397 3526 κατά
449 3470 1228 3553 ἀστειασμὸν,ἰτὴνὶκεφαλὴν
1268 3472 1565 3553 κατένευεν
1599 3473 1845 3546 συνερῶν

258 3561 333 3632 τῷ
366 3561 573 3635 Πατρὶ,
603 3563 633 3616 6
661 3550 890 3635 εὐγενὴς
942 3550 1113 3629 δντως
1170 3564 1271 3618 σὺν
1314 3550 1382 3637 τῇ
1435 3564 1585 3638 ψυχῇ
1629 3565 1725 3620 καὶ
1765 3564 1845 3636 τῷ

258 3652 473 3725 σώματι
512 3670 534 3686 ο
570 3652 838 3719 πολύτλας
866 3654 944 3708 ὣν
987 3656 1048 3710 ἑν
1080 3640 1160 3727 τῷ
1215 3656 1518 3730 ὲργοχείρῳ
1573 3658 1669 3713 καὶ
1711 3657 1843 3711 πολ-

258 3742 324 3797 λά
352 3744 747 3816 ποριζόμενος,
803 3746 881 3811 ώς
941 3747 1108 3819 μηδὲν
1159 3749 1452 3821 είσφέρων·
1498 3748 1705 3819 ἄτυφος
1759 3750 1845 3805 ὅτι

258 3835 497 3905 μάλιστα
529 3836 798 3909 διείρχετο
822 3837 851 3890 6
879 3837 1188 3910 φιλομαθής
1202 3854 1262 3893 τε
1291 3839 1388 3893 καὶ
1409 3838 1678 3911 φιλόθεος,
1705 3842 1843 3895 ἀποι-

257 3930 623 4004 πεμπόμενος
657 3930 800 4001 μετά
844 3930 1208 4003 γονυπέτησιν
1260 3932 1415 4004 παρά
1482 3932 1579 3987 τοῦ
1605 3933 1842 4003 Πατρός,

253 4003 329 4083 ὦς
381 4020 479 4075 hri
526 4010 592 4075 τὸ
621 4020 756 4075 αὐτὸ
786 4014 1212 4166 ἑμπεὴπτωκὼς
1270 4003 1355 4095 τῷγ
1397 4023 1701 4095 σφάλματι,
1744 4025 1846 4080 οὐκ

255 4100 694 4166 ἀπηυθαδίαεεν.
723 4110 839 4166 ἀλλ’
886 4114 961 4166 ὲπ
996 4129 1157 4166 μενεν
1205 4113 1434 4166 ἐξαιτῶν
1498 4114 1600 4166 τὴν
1630 4113 1845 4166 συγγώι

255 4100 694 4184 ἀπηυθαδίαξεν,
723 4110 839 4166 ἀλλ’
886 4100 1157 4184 ὲπέμενεν
1205 4113 1434 4181 ἐξαιτῶν
1498 4114 1600 4185 τὴν
1630 4113 1845 4183 συγχώα

255 4219 413 4276 ρησιν
461 4205 494 4260 ό
552 4203 1001 4283 θαυμασιώτατος
1025 4220 1040 4236 ο
1090 4190 1293 4276 ἠτόνει,
1342 4206 1403 4260 τὺ
1431 4196 1495 4279 δὴ
1530 4206 1843 4278 λεγόμενον,

252 4295 280 4379 6
323 4296 470 4349 κατά
539 4297 744 4368 πεῖραν
799 4295 1067 4377 σκώπτων
1113 4298 1209 4352 καὶ
1260 4296 1566 4369 διασύρων,
1621 4298 1723 4353 οὐκ
1761 4298 1839 4368 (ά)

252 4376 599 4457 ἑκορέννυτο
628 4392 741 4453 τοῖς
767 4376 1030 4444 ὀνείδεσιν
1048 4433 1064 4457 ,
1099 4391 1128 4443 δ
1150 4390 1239 4446 διὰ
1265 4392 1365 4464 τῆς
1393 4393 1701 4448 ὲθελουσίου
1724 4394 1844 4447 ἀτι-

1947 3216 2071 3257 mus
2096 3200 2311 3270 legebat
2368 3198 2629 3255 audiente
2687 3197 3049 3265 fraternitate,
3109 3205 3173 3253 ut
3216 3208 3521 3266 congruum

1942 3302 2083 3359 erat,
2112 3302 2166 3349 et
2196 3293 2343 3348 velut
2381 3291 2428 3348 si
2475 3291 2683 3349 absone
2717 3291 3023 3362 vitioseque
3067 3288 3312 3360 legisset,
3365 3286 3501 3342 casti

1944 3394 2100 3455 gatus
2156 3382 2632 3440 verecundabatur
2657 3381 3120 3455 sapientissimus.
3168 3378 3399 3450 Propter
3428 3389 3526 3433 ur-

1943 3478 2242 3535 banitatem
2284 3478 2519 3534 audiens
2552 3476 2780 3534 serviles
2805 3475 3016 3534 natales
3071 3474 3175 3531 sibi
3205 3471 3524 3545 exprobrari

1945 3569 2207 3625 inclinato
2228 3570 2507 3626 annuebat
2565 3569 2767 3641 capite,
2798 3566 2945 3626 Patri
2973 3566 3344 3633 consentiens,
3399 3579 3525 3619 cors

1942 3674 2076 3730 pore
2090 3668 2145 3714 et
2165 3659 2350 3715 animo
2367 3675 2552 3717 revera
2567 3659 2965 3717 nobilissimus.
2978 3657 3036 3715 In
3054 3659 3239 3715 labore
3262 3666 3525 3713 manuum

1953 3749 2183 3806 multum
2200 3750 2535 3807 contendens
2559 3760 2724 3823 atque
2750 3750 3311 3822 proficienstanquam
3356 3748 3402 3802 si
3438 3747 3526 3802 in-

1946 3837 2160 3895 tulisset
2215 3837 2373 3905 nihil,
2408 3846 2517 3894 nOn
2566 3837 3269 3911 superbiebat,disciplina:
3320 3833 3529 3905 Deique

1942 3940 2154 3986 amator
2173 3930 2427 3987 eximius.
2447 3930 2579 3987 Post
2601 3931 2824 4003 petitam
2853 3930 2923 3987 de
2945 3930 3178 4001 genibus
3202 3930 3415 3985 veniam
3441 3926 3523 3982 tli-

1943 4021 2149 4079 missus
2186 4037 2219 4078 a
2252 4021 2438 4090 Patre,
2471 4023 2647 4080 veluti
2667 4025 2723 4080 in
2753 4022 3004 4079 eamdem
3030 4021 3247 4093 culpam
3279 4018 3528 4090 relapsus

1944 4127 2053 4168 non
2098 4112 2538 4185 obloquebatur;
2607 4113 2704 4171 sed
2765 4112 3117 4185 persistebat,
3156 4109 3367 4182 ignosci
3420 4109 3525 4164 sibi

1943 4205 2258 4276 postulans,-
2300 4206 2667 4263 admiratione
2696 4205 3077 4279 dignissimus;
3145 4202 3393 4275 Denique
3415 4200 3527 4256 las-

1943 4297 2189 4362 sabatur,
2217 4296 2264 4355 is
2292 4298 2385 4369 qui
2418 4298 2661 4355 tentandi
2689 4312 2858 4355 causa
2907 4295 3189 4369 ingerebat
3216 4292 3525 4351 convicium

1943 4400 1998 4445 ct
2036 4390 2344 4460 opprobriis
2387 4391 2759 4459 saturabatur,
2793 4391 2841 4446 is
2893 4389 2988 4461 qui
3016 4403 3115 4459 per
3161 4386 3525 4443 voluntariam

256 4478 388 4549 μίας
416 4480 593 4547 δόξαν
654 4482 836 4554 ἑαυτῷ
884 4483 1346 4556 περιποιούμενος
1374 4484 1565 4539 ἀΐδιον.
1602 4485 1757 4541 Εἴπω
1790 4504 1843 4541 τι

1950 4482 2223 4551 ejusmodi
2254 4482 2651 4540 contumeliam
2708 4482 2816 4539 sibi
2860 4480 3217 4552 comparabat
3270 4487 3528 4534 mternam

253 4569 344 4653 καὶ
375 4571 492 4626 τῶν
538 4572 649 4628 οὐκ
696 4574 915 4629 οἰκείων
968 4574 1269 4630 δοκούντων
1314 4574 1393 4647 τῷ
1427 4560 1835 4647 ὲπαγγέλματι,

251 4660 345 4716 τὸν
394 4663 456 4719 δὲ
481 4664 650 4735 λόγον
675 4664 798 4737 ἔχον
825 4667 1063 4721 κατευθὺ
1111 4667 1505 4738 πραττόμενον,
1552 4668 1637 4722 ὅτι
1685 4667 1852 4740 ἔρωτι

254 4753 656 4821 ταπεινώσεως
736 4755 1085 4827 βαλλόμενος,
1148 4758 1474 4833 παρεκάλει,
1547 4758 1846 4828 ἠντιϐόλει,

253 4846 651 4925 κοσσίζεσθαι,
682 4847 1033 4918 ῥαπίζεσθαι,
1074 4850 1167 4903 καὶ
1212 4850 1397 4921 μέντοι
1456 4850 1695 4918 ἔπειθεν,
1755 4853 1850 4906 καὶ

253 4936 465 4993 πείθων
490 4938 924 5009 ἑτετύφετο,καὶ
950 4943 1292 5014 τυπτόμενος
1319 4943 1475 5015 παρά
1527 4960 1675 5008 τινος
1724 4946 1846 4999 κατ’

251 5033 541 5106 ἐπιταγὴν
573 5034 671 5089 τοῦ
696 5022 933 5109 Πατρὸς,
956 5036 1031 5102 ὡς
1059 5024 1231 5109 δῶρον
1288 5037 1526 5109 εἰληφὼς
1567 5038 1845 5110 ὲγεγήθειο

252 5124 348 5205 καὶ
367 5119 441 5196 ἦν
472 5123 843 5196 τὸγινόμενον
867 5126 1172 5198 ὑπερφυὲς,
1208 5128 1304 5183 τοῦ
1328 5128 1427 5201 μὲν
1456 5128 1847 5200 ἐκϐιαζομένου

249 5214 339 5297 διὰ
376 5216 441 5270 τὸ
466 5216 668 5271 δοκοῦν
695 5218 988 5285 ἀνοίκειον,
1018 5219 1114 5274 τοῦ
1142 5221 1201 5275 δὲ
1219 5220 1501 5292 χαίροντος
1526 5220 1617 5275 διά
1632 5222 1693 5276 τὸ
1720 5239 1847 5294 κερ-

249 5307 521 5381 δόμισθον
548 5326 565 5342 ο
601 5310 695 5364 καὶ
724 5312 759 5382 ἠ
785 5311 1023 5382 ὠφέλεια
1048 5313 1149 5384 ὅση
1182 5312 1350 5385 ὁρῶσί
1395 5330 1455 5367 τε
1486 5312 1581 5366 καὶ
1615 5312 1847 5367 ἀκούου-

1948 4572 2202 4644 gloriam.
2241 4572 2429 4630 Dicam
2454 4573 2690 4645 amplius
2704 4581 2760 4630 et
2779 4570 2994 4646 quod°a
3023 4570 3285 4642 religiosa
3317 4565 3530 4640 profes-

1948 4665 2107 4721 sione
2150 4665 2325 4721 videri
2363 4665 2540 4735 possit
2575 4664 2859 4730 alienum;
2888 4676 3197 4719 consonum
3227 4668 3410 4715 tamen
3445 4671 3531 4713 ra-

1947 4756 2117 4823 tioni,
2142 4756 2274 4813 dum
2320 4765 2467 4815 recte
2510 4758 2592 4813 fit.
2618 4755 2797 4812 Tanto
2850 4753 3141 4811 tenebatur
3191 4749 3529 4807 humiliatio-

1947 4850 2037 4907 nis
2064 4865 2275 4917 amore,
2311 4861 2374 4907 ut
2420 4860 2608 4908 oraret
2656 4858 3081 4921 precareturque
3122 4844 3323 4918 pugnis
3368 4852 3533 4914 atque”

1946 4942 2120 5014 alapis
2170 4943 2343 5012 caedi;
2387 4953 2443 5000 et
2493 4958 2626 4999 sane
2679 4940 3041 5013 persuadebat
3096 4947 3151 4995 et
3194 4937 3531 5009 persuadens

1957 5036 2383 5108 percutiebatur,
2412 5045 2467 5092 et
2499 5051 2565 5092 ex
2620 5034 2884 5090 mandato
2933 5030 3116 5087 Patris
3146 5045 3444 5103 percussus
3462 5028 3534 5083 ab

1956 5129 2162 5200 aliquo,
2187 5129 2338 5185 velut
2370 5137 2595 5199 accepto
2656 5140 2881 5182 munere
2911 5124 3199 5181 laetabatur
3235 5138 3250 5176 :
3301 5128 3534 5190 eratque

1957 5230 2185 5293 stupore
2208 5221 2459 5293 dignum,
2498 5219 2732 5277 alterum
2763 5216 2987 5290 quidem
3037 5215 3107 5272 ad
3135 5214 3190 5271 id
3246 5212 3395 5286 quod
3442 5212 3529 5266 in-
3568 5255 3575 5264 .

1956 5327 2262 5385 congruum
2293 5312 2587 5371 videbatur
2636 5311 2907 5369 violenter
2935 5309 3106 5383 adigi,
3141 5308 3378 5369 alterum
3401 5317 3533 5360 vero

322 5536 406 5612 (ά)
449 5524 808 5611 Ecgrapbum
837 5551 1084 5600 nostrum
1112 5543 1170 5616 ἢ,
1197 5555 1287 5600 aut
1310 5562 1328 5610 ;
1354 5553 1485 5617 puto
1522 5444 2163 5616 legettdunfggcfieque.

325 5652 407 5721 (7)
446 5651 819 5731 S_irletus__sic
854 5656 1039 5731 vertit,
1084 5666 1348 5731 tanquam
1396 5658 1450 5713 in
1489 5658 1676 5731 eadem
1725 5666 1849 5731 cum
1959 5645 2102 5731 infra
2147 5657 2391 5715 num.”
2436 5674 2694 5731 expresse
2730 5657 2934 5731 dicitur
2973 5653 3133 5731 Plato
3174 5663 3298 5731 post
3346 5650 3533 5731 Theo-3

254 5720 593 5810 Theoctisto
634 5726 764 5782 cella
799 5720 1047 5810 reclusus
1104 5720 1300 5810 fuisset
1328 5746 1343 5783 :
1377 5728 1522 5810 quod
1556 5728 1855 5810 ltegumeni
1958 5728 2107 5810 ctisti
2134 5736 2362 5810 martem
2392 5720 2630 5810 primum
2674 5727 2736 5785 in
2759 5726 2881 5799 ejus
2906 5725 3101 5785 cellam
3154 5720 3442 5796 migrasse.
3470 5724 3532 5781 et

254 5793 579 5849 conditioni
607 5810 712 5850 non
753 5798 1029 5858 convenit.
1064 5814 1164 5856 nec
1222 5793 1412 5856 Graeco
1461 5793 1677 5855 textui':
1739 5798 1851 5854 imo

1959 5799 2200 5859 solitarie
2223 5798 2410 5857 vivere
2433 5798 2685 5872 cm’pisse.
