4064 6372
513 337 628 405 815

1701 347 1758 407 S.
1801 346 2192 408 THEODORI
2223 347 2580 409 STUDIT/E

3650 336 3763 401 816

516 447 757 522 gaudere
783 448 852 506 de
879 449 1034 507 luero
1075 451 1274 508 exinde.
1299 462 1597 524 reportato,
1623 469 1724 512 nec
1746 456 1929 514 minus
1953 457 2084 514 utile

2197 476 2292 528 rw,
2325 460 2474 524 ὅστις
2525 457 2610 530 εἴη
2638 458 2668 512 ὁ
2710 455 2884 512 ταῦτα
2931 454 3194 520 ἑκουσίως
3253 450 3620 523 ὑφιστάμενος
3661 445 3760 502 καὶ

517 550 637 598 erat
670 541 978 598 videntibus
992 543 1472 615 audientibusque.
1505 547 1650 617 quod
1677 556 1822 602 esset
1843 549 1940 618 qui
1959 549 2085 604 talia

520 633 828 689 voluntarie
857 644 1156 706 pateretur,
1209 647 1370 708 atque
1399 638 1454 692 in
1483 638 1586 694 hoc
1617 637 1897 697 Christum
1958 641 2086 696 imi-

515 734 634 780 tare
641 735 749 784 tur.

589 819 678 873 15.
712 817 862 876 Talis
899 827 1194 890 tantusque
1223 837 1346 876 cum
1374 832 1538 886 esset,
1579 839 1646 878 an
1680 833 1798 881 erat
1825 827 2084 896 possibile

516 926 626 966 non
662 911 835 967 amari
885 927 1013 967 eum
1046 921 1211 983 atque
1255 914 1451 985 diligi?
1488 931 1556 970 an
1577 917 1924 984 rationabile,
1956 935 2082 975 eum

515 1003 611 1072 qui
661 1012 836 1058 totum
867 1018 928 1058 se
958 1005 1256 1059 tradiderat
1278 1006 1626 1072 obedientize,
1667 1010 1837 1064 tilium
1891 1011 2083 1067 haberi

515 1091 888 1158 inamabilem,
945 1102 1145 1149 etnon
1180 1109 1302 1150 esse
1357 1098 1746 1154 charissimum
1803 1103 2090 1171 genitori?

517 1185 854 1256 Diligebatur
891 1203 1042 1253 sane,
1074 1188 1154 1243 uti
1198 1189 1401 1244 dictum
1454 1201 1558 1257 est,
1624 1193 1966 1262 plurimum;
2032 1204 2088 1251 et

502 1289 736 1350 -pr0pter
781 1281 996 1338 virtutis
1021 1283 1322 1340 claritatem
1359 1285 1557 1356 ubique
1579 1287 1995 1357 praedicabatur,
2030 1302 2088 1345 ut

509 1372 608 1441 qui
634 1369 782 1428 Patri
809 1389 911 1429 suo
941 1373 1122 1432 factus
1147 1380 1515 1446 cssetomnia,
1540 1381 1706 1436 veluti
1729 1383 1922 1438 oculus
1955 1384 2088 1438 dex-

515 1475 597 1519 tra
626 1466 870 1531 intuens,
910 1468 1058 1523 velut
1081 1485 1276 1524 manus
1306 1471 1495 1526 eadem
1557 1488 1814 1542 operans,
1881 1482 1935 1528 et
1990 1491 2086 1544 pes

513 1556 580 1612 ad
613 1557 705 1612 illa
735 1560 1098 1630 progrediens
1131 1579 1146 1626 ;
1192 1571 1450 1632 tanquam
1477 1565 1824 1620 consiliarius
1884 1566 2083 1632 bonus,

513 1645 735 1716 adjutor
761 1649 1044 1716 robustus,
1072 1654 1256 1706 suavis
1290 1656 1471 1710 socius
1497 1673 1511 1722 ;
1547 1655 1901 1713 ﬁdelissimus
1932 1659 1986 1712 in
2017 1659 2085 1716 iis

513 1753 634 1808 qua;
663 1739 812 1795 domi
831 1750 1012 1807 erant,
1060 1755 1112 1798 et
1155 1743 1301 1798 circa
1345 1745 1480 1802 foris
1504 1749 1678 1816 posita
1724 1749 2079 1816 vigilantissi-

2188 553 2423 626 Χριστὸν
2460 550 2710 606 ἐντεῦθεν
2745 551 3102 624 μιμούμενος.

2262 817 2352 886 ιγ’.
2369 815 2474 870 Τὸν
2499 809 2592 868 οὑν
2622 810 2866 866 τοιοῦτόν
2894 825 2956 862 τε
2980 807 3076 862 καὶ
3103 805 3426 878 τηλικοῦτον
3463 799 3533 876 ἦν
3555 802 3663 873 ἄρα
3688 799 3767 873 μὴ

2187 907 2503 979 ἀγαπᾶσθαι
2535 905 2630 959 καὶ
2657 902 3022 975 στέργεσθαι;
3053 899 3166 953 Καὶ
3189 897 3307 962 πῶς
3341 897 3406 952 ἂν
3433 896 3546 968 ἔχοι
3582 896 3763 963 λόγον,

2187 1002 2310 1056 ὅλον
2365 999 2557 1054 ἑαυτὸν
2608 996 2995 1068 ἐμπαρέχοντα
3043 991 3134 1045 τὸν
3175 990 3278 1060 τῆς
3327 987 3576 1056 ὑπακοῆς
3624 985 3765 1050 υῑδν,

2190 1093 2462 1164 ἀπόθητον
2493 1090 2588 1144 καὶ
2603 1089 2700 1160 οὐχ
2715 1088 3030 1156 ὁλόστερνον
3045 1079 3185 1139 εἶναι
3207 1081 3286 1153 τῷ
3311 1082 3594 1151 γεννήτορι
3615 1095 3631 1146 ;
3665 1077 3768 1130 Διά

2186 1186 2346 1239 τοῦτο
2380 1185 2475 1238 καὶ
2524 1182 2807 1252 ἀγαπᾶται
2842 1179 2986 1243 λίαν,
3028 1178 3103 1242 ὡς
3134 1177 3374 1247 εἴρηται.
3411 1175 3521 1228 Καὶ
3558 1189 3766 1226 πανταο

2189 1274 2286 1346 χοῦ
2331 1277 2396 1344 τῇ
2449 1273 2550 1342 τῆς
2599 1271 2800 1342 ἀρετῆς
2847 1267 3111 1338 φανότητι
3153 1263 3642 1336 διατεθρύλληται,
3688 1261 3768 1324 ὡς

2189 1366 2366 1420 πάντα
2407 1364 2485 1436 τῷ
2534 1362 2711 1434 Πατρὶ
2763 1361 3068 1431 γινόμενος,
3122 1353 3257 1421 οἷον,
3291 1355 3566 1425 ὀφθαλμὸς
3613 1353 3768 1418 δεξιὰ

2192 1457 2424 1528 βλέπων,
2455 1455 2579 1526 χεὶρ
2600 1451 2974 1527 ἐργαζομένη,
3009 1449 3144 1514 ποῦς
3177 1447 3432 1520 βαδίζων,
3459 1445 3768 1517 σύμϐουλος

2188 1550 2410 1620 ἀγαθὸς,
2442 1547 2803 1620 παραστάτης
2831 1545 3116 1618 καρτερὸς,
3169 1543 3458 1613 συνόμιλος
3499 1539 3768 1611 γλυκερὸς

2187 1645 2295 1697 τῶν
2324 1641 2470 1696 ἔνδον
2488 1641 2517 1693 ὁ
2537 1639 2882 1704 πιστότατος,
2912 1635 3021 1690 τῶν
3037 1635 3192 1698 me;
3209 1635 3238 1686 ό
3257 1631 3765 1704 φυλακτικώτατος,

2189 1725 2327 1806 ὁμοῦ·
2371 1734 2468 1804 μὲν
2506 1732 2574 1786 τὰ
2615 1730 2874 1802 μαθητῶν
2903 1728 3040 1799 ὁμοῦ
3084 1727 3141 1781 δὲ
3183 1725 3253 1780 τὰ
3281 1724 3528 1794 ἀδελφῶν
3565 1722 3773 1777 ἐπιδει-

515 1846 639 1887 mus
667 1852 680 1887 :
709 1833 802 1900 qui
830 1833 991 1888 simul
1011 1844 1066 1890 et
1093 1835 1343 1905 discipuli
1373 1847 1425 1892 et
1452 1800 1636 1894 fratris
1670 1800 1950 1910 praestaret
1996 1842 2082 1898 of-

2197 1800 2475 1898 κνύμενος,
2506 1800 2805 1893 προσθείην
2834 1821 2877 1874 δ’
2904 1820 2970 1874 ἂν
3005 1821 3086 1873 ὅτι
3132 1818 3226 1872 καὶ
3262 1817 3331 1870 τὰ
3362 1815 3575 1887 Πατρός
3607 1832 3770 1885 χαρι-

517 1922 660 1987 ﬁcia,
696 1923 839 1979 addo
875 1926 1040 1981 etiam
1099 1936 1152 1981 et
1193 1921 1414 1996 Patris;
1467 1937 1764 2002 tantusque
1831 1944 1974 1988 esset
2029 1936 2082 1991 in

516 2025 772 2086 utroque,
816 2024 876 2072 ut
931 2017 1220 2086 siquando,
1277 2032 1495 2090 propter
1537 2025 1773 2094 aliquam
1841 2032 2085 2085 necessi-

514 2113 709 2170 tatem,
744 2122 880 2176 opus
905 2119 1051 2163 esset
1081 2124 1308 2179 peregre
1343 2113 1624 2168 Platonem
1665 2131 1847 2186 agere,
1885 2136 2084 2176 nitere-

513 2206 598 2253 ret
630 2200 957 2256 venerabilis
981 2199 1325 2258 Theoctistus
1357 2221 1369 2268 ;
1417 2213 1470 2260 et
1510 2209 1969 2276 quemadmodum
2019 2213 2087 2266 de

513 2304 576 2344 se
596 2289 842 2360 loquitur
864 2291 1160 2363 Apostolus
1199 2295 1242 2358 ⁸,
1270 2311 1377 2350 non
1413 2298 1636 2352 haberet
1676 2301 1920 2369 requiem
1974 2304 2086 2374 spi-

511 2379 648 2435 ritui
677 2398 780 2438 suo
837 2393 1057 2454 propter
1087 2385 1365 2441 dilectum.
1391 2386 1525 2454 Quis
1556 2391 1702 2444 enim
1733 2393 1826 2446 illo
1860 2394 1924 2448 ad
1957 2410 2085 2463 pro-

513 2471 794 2541 spicienda
828 2473 1012 2528 futura
1038 2477 1454 2546 providentior?
1483 2480 1607 2548 quis
1656 2482 1724 2535 ad
1787 2498 2082 2541 mmrorem

513 2563 825 2624 leniendum
866 2569 1280 2640 curandumque
1301 2575 1806 2630 accommodatior?
1836 2581 1958 2648 quis
2019 2581 2084 2635 ad

514 2655 781 2712 honorem
815 2658 1175 2714 multifariam
1196 2661 1618 2731 impertiendum
1637 2666 1944 2722 solertior?
1977 2669 2085 2724 Ta-

514 2745 583 2800 lis
647 2747 712 2800 ad
740 2748 1137 2803 conciliandam
1173 2751 1275 2805 sibi
1330 2751 1789 2817 benevolentiam,
1853 2769 1910 2810 ut
1965 2775 2086 2828 qua:

513 2835 694 2892 Patris
718 2847 878 2893 erant
913 2839 1098 2893 omnia
1137 2839 1359 2896 haberet
1387 2842 1438 2895 in
1475 2853 1744 2912 potestate
1773 2865 1785 2899 :
1814 2854 1922 2901 tam
1950 2850 2086 2904 inte-

515 2926 620 2980 rim
655 2927 867 2982 alienus
902 2928 971 2983 ab
1005 2943 1194 2984 amore
1231 2945 1414 2984 rerum
1469 2939 1834 2998 terrenarum,
1879 2945 1935 2988 ut
1988 2953 2086 2992 nec

515 3019 663 3074 oboli
705 3021 868 3076 unius
915 3031 1062 3078 esset
1114 3022 1390 3078 dominus.
1438 3021 1544 3078 Pro
1597 3025 1796 3094 quibus
1844 3028 1990 3098 quod
2037 3030 2086 3083 ei

516 3113 825 3181 praemium,
855 3127 980 3184 quae
1033 3115 1319 3168 retributio
1360 3115 1850 3184 obtigit?Paterna
1901 3121 2087 3188 utique

516 3202 826 3258 benedictio
863 3218 1033 3272 super
1079 3204 1422 3280 spiritualem
1455 3203 1647 3271 Jacob,
1675 3221 1739 3260 ex
1773 3223 1882 3277 quo
1918 3210 2088 3278 patri-

518 3293 721 3355 archae.
768 3294 878 3347 imo
917 3293 1220 3348 hierarcha:
1254 3302 1310 3346 et
1349 3296 1781 3363 pmmuiarchaz;
1814 3307 1868 3352 et
1911 3300 1979 3351 ab
2009 3301 2093 3356 bis

517 3379 741 3450 plurimi
795 3381 1100 3436 secundum
1157 3379 1328 3435 Deum
1374 3381 1470 3434 ﬁlii
1527 3383 1985 3454 multiplicantur,
2030 3404 2094 3444 ac

518 3484 686 3539 porro
718 3470 1249 3541 multiplicabuntur,
1273 3471 1348 3525 nil
1386 3473 1599 3538 dubito,
1619 3490 1717 3544 per
1747 3492 1934 3533 semen
1958 3482 2094 3538 adeo

518 3560 892 3622 benedictum.
925 3561 1074 3620 Talis
1103 3565 1338 3635 denique
1373 3563 1474 3619 fuit
1503 3564 1680 3654 Plato,
1706 3583 1870 3626 verus
1903 3575 2093 3643 utique

2194 1920 2441 1990 ζόμενος,
2474 1917 2569 1970 καὶ
2598 1915 2850 1976 τοσοῦτος
2883 1911 2958 1965 ὢν
2979 1912 3038 1964 ἐν
3070 1909 3428 1980 ἀμφοτέροις,
3465 1907 3544 1970 ὡς
3584 1907 3640 1958 εἷ
3667 1922 3771 1958 που

2191 2011 2334 2065 κατά
2354 2027 2474 2062 τινα
2498 2008 2688 2080 χρείαν
2717 2001 2786 2077 ἦν
2809 2005 3068 2074 ἐκδημεῖν
3091 2002 3182 2056 τὸν
3203 2001 3446 2071 ἀοίδιμον
3483 1998 3771 2058 Ιιλάτωνα,

2191 2105 2485 2176 ἀδημονεῖν
2513 2102 2605 2154 τὸν
2628 2099 2962 2169 ἀείμνηστον
2990 2095 3346 2156 Θεόκτιστον,
3379 2091 3473 2144 καὶ
3506 2088 3581 2160 μὴ
3625 2088 3775 2158 ἔχειν

2192 2191 2784 2262 ἄνεσιν,ἀποστολικῶς
2815 2187 3108 2265 εἰπεῖν,τῷ
3124 2186 3398 2255 πνεύματι
3420 2182 3508 2236 διὰ
3539 2182 3635 2234 τὸν
3668 2196 3772 2232 πο-

2193 2292 2474 2360 θούμενον.
2531 2287 2628 2350 Τίς
2682 2284 2790 2355 γὰρ
2838 2282 3050 2336 ἐκείνου
3105 2280 3167 2332 τὸ
3215 2278 3410 2348 μέλλον
3459 2272 3779 2346 προϐλέψαιί

2193 2378 2739 2453 στοχαστικὼτερος;
2771 2374 2857 2438 τίς
2887 2373 2945 2428 δὲ
2975 2371 3036 2426 τὸ
3065 2368 3270 2424 λυποῦν
3295 2366 3537 2440 μαλᾶξαί
3579 2382 3639 2417 τε
3675 2364 3774 2416 καὶ

2194 2473 2530 2548 θεραπεῦσαι
2597 2470 3068 2542 προσηνέστερος;
3103 2463 3184 2527 τίς
3239 2462 3284 2516 δ’
3329 2462 3463 2516 αὐτὸ
3511 2457 3774 2529 χρειῶδες

2194 2570 2424 2621 εἰσοῖσαι
2460 2561 2869 2634 εὐμαρέστερος
2895 2575 2912 2626 ;
2943 2557 3025 2620 τίς
3067 2557 3125 2609 δὲ
3158 2553 3324 2624 τιμὴν
3354 2551 3557 2620 ἀνάψαι
3588 2567 3776 2602 ποικι-

2191 2659 2461 2728 λώτερος;
2497 2654 2752 2716 Τοιοῦτος
2819 2651 2917 2722 μὲν
2974 2647 3112 2720 πρὸς
3165 2645 3384 2700 εὐνοιαν
3430 2644 3654 2713 γνήσιος
3694 2640 3774 2703 ὼς

2194 2754 2410 2806 πάντων
2441 2747 2776 2814 ὲξουσιάζειν
2802 2744 2910 2797 τῶν
2942 2739 3249 2810 πατρικῶν,
3281 2735 3535 2797 τοσοῦτος
3565 2734 3622 2785 δὲ
3645 2735 3776 2800 ἀφι-

2192 2844 2402 2909 λόῦλος,
2430 2841 2503 2904 ῶς
2539 2837 2659 2892 οὐδὲ
2691 2837 2878 2907 κύριος
2910 2830 3120 2886 ὀϐολοῦ.
3159 2829 3301 2883 Ἀνθ’
3325 2821 3398 2880 ὧν
3420 2825 3548 2878 τετὸ
3571 2823 3772 2895 πέρας,

2193 2937 2294 2991 καὶ
2342 2935 2428 2996 τίς
2473 2933 2506 3002 ὴ
2575 2929 2814 3002 ἀμοιϐῆς
2861 2925 2929 2978 Ἦ
2977 2921 3221 2994 πατρικὴ
3275 2917 3497 2986 εὐλογία
3559 2915 3655 2968 ἐπὶ
3679 2914 3778 2966 τὸν

2195 3029 2336 3084 κατὰ
2385 3024 2605 3094 πνεῦμα
2645 3019 2860 3083 Ἰακὼϐ,
2912 3017 2972 3082 ἐξ
3002 3009 3064 3070 οὗ
3115 3014 3472 3084 πατριάρχαι,
3525 3007 3626 3061 εἰτ’
3678 3001 3778 3059 οὖν

2197 3121 2450 3194 ἱεράρχαι
2503 3117 2600 3170 καὶ⁹
2630 3113 3013 3184 ποιμνιάρχαι,
3066 3107 3158 3176 ἀφ’
3195 3098 3270 3159 ὧν
3302 3101 3490 3194 πολλὰ
3523 3099 3592 3152 τά
3629 3098 3777 3194 κατα

2193 3183 2519 3265 Θεὸν-τέκνα
2552 3205 2817 3277 πλήθουσί
2841 3219 2900 3254 τε
2935 3199 3031 3253 καὶ
3079 3193 3570 3266 πληθυνθήσονται,
3597 3188 3660 3242 εὖ
3696 3183 3778 3239 οἷ-

2193 3302 2282 3367 δα,
2324 3299 2418 3353 τοῦ
2473 3294 2844 3366 εὐλογημένοι)
2893 3290 3222 3360 σπέρματος.
3282 3281 3550 3344 Τοσοὺτος
3595 3281 3625 3332 ὁ
3673 3280 3777 3348 τῆς

2194 3396 2474 3461 ὁσιότητος
2503 3387 2741 3460 ἐραστὴς
2769 3385 2842 3447 ὡς
2876 3380 3115 3461 ἀληθῶς,
3142 3379 3240 3461 μαι
3264 3374 3511 3429 τοιοῦτον
3533 3369 3684 3440 αὐτῷ
3715 3370 3782 3421 τὸ

2195 3483 2369 3546 τέλος,
2407 3481 2482 3543 ῶς
2531 3481 2590 3532 ὲν
2624 3473 2968 3546 σκιαγραφίᾳ
3011 3444 3390 3642 πρόὦῖύχρουν
3447 3461 3782 3535 χαρακτῆρα

2196 3579 2294 3642 τῆς
2325 3573 2592 3642 εὐμούσου
2634 3567 2935 3638 ὑποταγῆς.

2196 3579 2294 3648 τῆς
2325 3573 2592 3643 εὐμούσου
2634 3567 2935 3638 ὑποταγῆς.

521 3663 734 3711 amator
767 3655 1098 3722 sanctitatis,
1136 3665 1193 3712 et
1258 3657 1324 3712 ad
1374 3667 1582 3712 tantum
1629 3648 1983 3730 perfectionis
2039 3671 2266 3737 gradum
2347 3665 2615 3730 ascendit,
2669 3671 2728 3716 ut
2790 3657 3010 3716 nonnisi
3091 3654 3510 3711 adumbratione
3537 3648 3783 3722 quadam

519 3747 827 3815 exprimere
872 3748 1148 3816 potuerim
1200 3748 1575 3806 characterem
1626 3750 1891 3806 absolutae
1929 3753 1983 3806 in
2025 3769 2090 3809 eo
2127 3755 2468 3812 obedientiae.

593 3840 682 3894 M.
714 3837 1014 3908 Postquam
1045 3845 1228 3893 autem
1262 3839 1524 3908 magister
1551 3840 1671 3908 ejus
1705 3842 1771 3896 ad
1801 3841 2094 3898 Dominum

521 3935 677 4000 abiit,
728 3933 844 4004 ipse
882 3933 937 3986 in
962 3931 1084 4002 ejus
1145 3933 1337 3986 cellam
1379 3941 1546 4002 atque
1591 3933 1806 3988 vivendi
1869 3936 2092 3990 modum

521 4025 797 4091 transivit,
877 4024 1120 4094 legitime
1181 4023 1468 4092 amplexus
1533 4023 1925 4088 solitudinem;
1985 4039 2094 4078 non

521 4115 986 4190 quemadmodum
1042 4129 1190 4169 nunc
1241 4115 1432 4180 multi,
1487 4116 1735 4170 earundem
1792 4115 2096 4186 periculose

522 4209 935 4281 aggredientes;
968 4207 1062 4278 qui
1111 4207 1432 4277 priusquam
1475 4207 1691 4276 spiritui
1718 4221 1939 4262 carnem
1963 4223 2092 4278 per-

524 4300 668 4355 fecte
701 4297 1060 4368 subiecerint,
1081 4297 1286 4352 audent
1306 4313 1402 4368 per
1421 4313 1483 4354 se
1511 4298 1660 4353 solos
1675 4299 1934 4368 congredi
1970 4315 2096 4353 cum

525 4389 813 4460 spiritibus
869 4387 1158 4458 nequitiae;
1191 4398 1321 4446 tunc
1372 4389 1609 4458 primum
1661 4389 1908 4444 exerceri
1963 4390 2095 4446 incio

524 4483 760 4556 pientes,
801 4497 928 4538 cum
950 4490 1168 4552 tempus
1185 4488 1271 4536 est
1301 4496 1530 4551 pagum;
1558 4491 1612 4536 et
1633 4481 1947 4552 experiendi
1985 4498 2105 4551 gra-

526 4580 601 4635 tia
645 4585 1041 4650 praesumentes
1105 4575 1355 4632 obtinere
1406 4576 1718 4644 victoriam,
1775 4577 1940 4632 etiam
1993 4577 2105 4632 Deo

2275 3845 2354 3898 ιδ’.
2400 3841 2620 3912 Ἐπειδὴ
2649 3841 2705 3895 δὲ
2731 3838 3098 3910 παραπέμπει
3131 3834 3271 3906 πρὸς
3315 3832 3406 3886 τὸν
3438 3832 3496 3884 ὲν
3523 3830 3785 3902 οὐρανοῖς

2202 3936 2482 4006 Δεσπότην
2529 3934 2620 3987 τὸν
2667 3931 3021 4004 καθηγεμόνα
3049 3969 3064 3995 ,
3093 3927 3418 3997 καθίστησιν
3449 3925 3643 3979 ἑαυτὸν
3699 3924 3787 3986 εἰς

2201 4031 2292 4085 τὸν
2315 4031 2527 4084 ἐκείνου
2570 4027 2735 4080 τόπον
2773 4025 2870 4079 καὶ
2904 4023 3124 4093 τρόπον,
3153 4021 3249 4074 καὶ
3287 4019 3386 4090 τὴν
3419 4017 3654 4090 ἡσυχίαν
3682 4017 3788 4070 ἀσε-

2201 4123 2440 4188 πάζεται
2485 4121 2724 4190 ἐννόμως
2761 4135 2821 4171 τε
2877 4116 2972 4170 κα)⁴
3023 4112 3348 4183 ὲνθέσμωςο
3381 4110 3441 4164 οὑ
3488 4109 3631 4162 κατά
3654 4107 3786 4170 τοὺς

2201 4216 2430 4278 πολλοὺς
2486 4213 2596 4267 τῶν
2641 4211 2736 4266 νῦν
2774 4209 3062 4281 σφαλερῶς
3086 4207 3182 4261 ἐπὶ
3213 4205 3418 4275 ταύτην
3441 4201 3786 4274 ἐρχομένων,

2202 4309 2297 4364 καὶ
2331 4308 2463 4380 πρὶν
2514 4304 2781 4370 ὑποτάξαι
2831 4303 2934 4375 τὴν
2985 4302 3166 4372 σάρκα
3200 4298 3279 4370 τῷ
3305 4295 3604 4366 πνεύματι,
3665 4293 3792 4354 τοῖς

2199 4401 2302 4472 τῆς
2344 4399 2609 4470 πονηρίας
2645 4395 2954 4467 πνεύμασιν
2999 4392 3404 4465 μονομαχήσειν
3436 4383 3793 4458 τεθαρρηκό-

2202 4509 2334 4556 των,
2356 4491 2450 4546 καὶ
2471 4493 2527 4544 ὲν
2547 4488 2726 4560 καιρῷ
2746 4489 2846 4558 τῆς
2866 4486 3026 4557 νίκης
3049 4483 3304 4538 παλαίειν
3330 4476 3790 4550 ἐκμελετῶντων,

2205 4584 2368 4640 ὁπότε
2425 4582 2518 4637 καὶ
2543 4583 2739 4652 πεῖραν
2780 4579 3004 4633 οίὸντων
3046 4574 3457 4644 δυστέκμαρτον
3495 4567 3596 4642 τὴν
3623 4566 3796 4638 νίκην

522 4673 773 4744 iurante,
801 4669 1102 4726 dillieilom.
1127 4668 1231 4736 Qui
1265 4669 1412 4724 enim
1442 4670 1598 4740 prius
1624 4683 1731 4725 non
1763 4670 1953 4727 didicit
1974 4671 2091 4727 obe-

2211 4677 2310 4731 σύν
2339 4674 2459 4746 Θεῷ
2492 4670 2829 4746 ποιήσασθαι
2853 4686 2870 4700 ο
2906 4669 2966 4733 ὃς
2994 4667 3104 4739 γὰρ
3141 4666 3208 4720 ἂν
3241 4664 3343 4718 οὐκ
3367 4659 3666 4730 ἐπαιδεύθη
3688 4657 3793 4730 τὴν

527 4765 666 4832 dire,
719 4761 1002 4834 quomodo
1052 4761 1306 4832 subiiciet
1353 4761 1457 4816 sibi
1507 4761 1838 4818 reluctantes
1883 4763 2102 4834 spiritui

527 4856 711 4914 carnis
737 4856 1058 4929 passiones?
1086 4856 1152 4911 Et
1177 4855 1270 4927 qui
1305 4871 1412 4916 nou
1459 4856 1782 4911 custodierit
1810 4856 2105 4912 intemera-

529 4960 644 5006 tam
675 4950 1104 5015 observantiam,
1139 4949 1418 5021 quomodo
1447 4948 1518 5003 ad
1552 4959 1794 5005 montem
1844 4949 2106 5005 solitariae

527 5042 962 5101 conversationis
979 5042 1278 5097 ascendet?
1298 5041 1555 5112 Nunquid
1578 5041 1787 5096 clarum
1825 5053 1928 5106 est,
1959 5041 2104 5112 quod

528 5132 624 5204 qui
654 5133 808 5188 illum
827 5133 1485 5204 attigeritiutempestive,
1532 5133 1806 5202 lapidibus
1844 5132 2107 5187 obruetur

530 5233 626 5281 aut
658 5223 1203 5296 contigeturjaculis,
1224 5233 1280 5286 et
1310 5235 1486 5280 morte
1511 5223 1784 5293 spirituali
1817 5224 2103 5289 morietur,

529 5326 697 5390 prout
716 5333 889 5376 sacrae
915 5319 1215 5390 loquuntur
1249 5317 1505 5374 Litterzn?
1534 5314 1654 5370 Non
1689 5316 1764 5371 ita
1789 5315 1842 5370 is
1897 5314 1965 5370 de
1995 5330 2107 5384 quo

532 5412 695 5470 nobis
727 5421 810 5468 est
833 5427 1017 5468 sermo
1042 5431 1056 5466 :
1081 5427 1206 5467 nam
1241 5411 1424 5466 verbis
1470 5423 1535 5464 ac
1568 5408 1814 5463 moribus
1843 5406 2106 5464 obedien-

601 5522 629 5558 ⁸
655 5521 697 5580 ll
721 5521 850 5581 Cor.
881 5538 944 5590 ιι,
974 5522 1062 5577 15.
1169 5564 1178 5573 .

2213 4765 2494 4836 ὑποταγὴν
2548 4763 2838 4836 πρότερον,
2871 4759 2987 4823 πῶς
3030 4754 3184 4821 οὗτος
3232 4754 3556 4818 ὑποτάξειεν
3592 4750 3661 4803 τὰ
3701 4766 3797 4802 πο-

2209 4860 2374 4932 λέμια
2427 4857 2612 4929 πάθη;
2647 4856 2744 4910 καὶ
2769 4854 2827 4918 ὃς
2855 4853 2902 4906 δ’
2922 4851 2988 4906 ἂν
3027 4851 3102 4921 μὴ
3153 4846 3423 4918 ἐφύλαξεν
3472 4842 3647 4914 ἁγνὴν
3688 4840 3796 4912 τὴν

2211 4947 2546 5012 εὐπείθειαν,
2574 4945 2691 5008 πῶς
2719 4935 2875 5007 οὗτος
2901 4939 3270 5013 προσϐήσεται
3291 4936 3370 5008 τῷ
3383 4936 3500 5008 όρει
3523 4933 3624 5004 τῆς
3653 4933 3796 5004 ἠσ-..ι⁴

2213 5039 2444 5112 χίαςςῆ
2488 5037 2734 5108 δηλονότι
2761 5037 2790 5090 ό
2831 5035 2984 5106 παρά
3034 5034 3227 5104 καιρὸν
3269 5030 3441 5101 αὐτῆς
3485 5027 3799 5098 ἁψάμενος,

2211 5132 2384 5196 λίθοις
2420 5128 2926 5201 λιθοϐοληθήσεται,
2960 5125 2994 5197 ἢ
3028 5124 3194 5197 βολίδι
3234 5118 3797 5190 κατατοξευθήσεται,

2213 5225 2308 5279 καὶ
2364 5223 2744 5294 τελευτήσειεν
2791 5219 2871 5292 τῷ
2923 5217 3066 5274 κατά
3110 5217 3290 5294 ψυχὴν
3338 5214 3575 5284 θανάτῳ,
3608 5208 3801 5273 καθώς

2215 5316 2317 5370 πού
2349 5333 2484 5388 φησι
2527 5315 2589 5370 τὸ
2621 5314 2767 5386 ἱερὸν
2793 5312 3036 5385 Γράμμα
3068 5309 3241 5379 ;Ἀλλ’
3267 5307 3566 5381 οὐχ.οὑτως
3603 5303 3634 5356 ό
3664 5302 3802 5371 περὶ

2216 5402 2280 5464 οὑ
2307 5410 2336 5463 ὁ
2374 5407 2536 5477 λόγος
2561 5423 2574 5440 ·
2601 5407 2748 5477 λόγῳ
2776 5404 2887 5478 γὰρ
2910 5404 3007 5459 καὶ
3036 5401 3226 5475 τρόπῳ
3251 5400 3562 5472 θεαρέστως
3586 5395 3801 5450 ὑποτα-

607 5707 686 5778 (8)
712 5708 772 5764 ιιι
795 5715 883 5764 est
911 5724 932 5760 ι
973 5703 1320 5766 sacerdotum
1348 5713 1404 5760 et
1423 5711 1708 5775 pastorum
1730 5689 1738 5697 ’
1759 5700 2035 5776 principes
2385 5713 2470 5763 est
2488 5704 2648 5774 enim
2699 5701 2954 5760 clarioris
2993 5693 3368 5770 expressionis
3411 5704 3580 5748 causa
3607 5687 3804 5745 Graca

537 5777 702 5837 verba
733 5791 972 5834 servare.
