4064 6372
251 322 358 395 817

913 332 1198 397 ORATIO
1218 297 1337 398 ’χι
1363 360 1431 373 -
1462 334 1851 398 LAUDATIO
1898 335 1963 399 s.
2004 334 2385 398 PLATONIS
2420 334 2862 402 HEGUMENI.

3410 339 3521 408 818

252 428 391 501 γεὶς,
413 408 660 504 Eoum
683 432 780 490 καὶ
807 434 1144 508 εὐαφόρμως
1171 437 1269 492 ἐπὶ
1286 435 1497 510 ταύτην
1521 438 1829 511 πρόσεισιν,

1953 437 2089 502 iam,
2117 437 2195 494 uti
2255 437 2366 495 Deo
2419 439 2677 511 placitum
2709 446 2857 509 erat,
2882 449 3165 516 sectatus;
3219 458 3527 519 opportune

251 524 352 581 καὶ
376 524 468 581 τὸν
495 528 621 582 νοῦν
642 525 972 600 καθαίρεται
1000 528 1237 599 suum
1261 528 1420 609 Θεῷ..
1445 530 1541 585 καὶ
1559 530 1681 594 ταῖς
1703 529 1843 601 πρὸς

253 617 419 674 αὑτὸν
446 616 709 692 θεωρίαις
735 618 1094 689 γλυκαίνεται
1148 620 1581 695 μετεωροπυρῶν
1610 620 1690 694 τῷ
1716 621 1794 694 νῷ
1823 638 1839 654 ο

251 711 378 766 ius!
418 710 554 783 μηδὲ
591 710 800 766 ἔνεστιν
854 711 1111 785 ήδύτερόν
1141 711 1198 768 τι
1245 712 1341 768 τοῦ
1390 713 1525 769 Θεὸν
1577 714 1724 787 ἔχειν
1751 719 1753 723 “
1785 716 1845 771 ὲν

254 801 477 876 θεωρίᾳ,
506 802 567 868 δς
592 804 712 858 ἐστι
744 802 1063 876 γλυκασμδς
1104 806 1202 860 καὶ
1225 806 1351 871 ὅλος
1399 805 1672 877 ἐπιθυμία
1725 808 1842 872 τοῖς

253 893 573 964 γευομένοις
600 893 766 949 αὐτοῦ
797 894 902 965 τῆς
943 897 1244 967 ἀκορέστου
1274 898 1521 970 ἀγάπης,
1555 899 1632 964 ὡς
1666 898 1843 972 λήθην

253 985 556 1057 λαμϐάνειν
599 986 696 1041 καὶ
741 987 914 1060 αὐτῆς
949 989 1135 1061 σχεδὸν
1157 991 1256 1062 τῆς
1281 989 1585 1061 ὁρεκτικῆς
1607 990 1837 1064 τροφῆς.

265 1077 384 1149 Ἐφ’
410 1078 591 1151 ἑαυτῷ
613 1078 717 1149 μὲν
741 1076 835 1135 οὖν
861 1079 1038 1136 ταῦτα
1057 1082 1154 1136 καὶ
1179 1081 1472 1153 ἐφέλκεται
1499 1081 1595 1136 καὶ
1620 1081 1841 1153 πορίζει

252 1187 369 1237 ται,
409 1172 508 1226 καὶ
554 1172 840 1247 δυνάμεως
878 1174 959 1240 εἰς
1011 1173 1243 1247 δύναμιν
1293 1173 1716 1248 μετερχόμενος,
1745 1173 1843 1229 καὶ⁸

254 1264 554 1331 ἁναὸἀσεις
591 1267 804 1339 ἀρετῶν
838 1271 897 1322 ὲν
922 1267 1126 1341 καρδίᾳ
1150 1264 1555 1340 διατιθέμενος.

889 1469 1152 1524 ΚΕΦΛΛ.
1195 1469 1275 1523 I".

1941 529 2331 600 auspicatoque
2360 530 2681 603 aggreditur
2694 532 3050 591 solitudinem
3067 554 3084 605 ;
3113 545 3169 593 et
3184 546 3424 597 mentem
3441 550 3548 599 at-A

1944 617 2145 684 tolcns,
2176 619 2586 690 appropinqtiat
2608 618 2722 677 Deo
2746 639 2765 689 ;
2789 625 3347 696 eontemplationibus
3377 631 3525 689 circa

1943 724 2070 766 eum
2102 710 2452 767 versantibus
2487 711 2814 783 oblectatur,
2849 715 3036 772 animo
3063 720 3283 775 excelsa
3301 735 3525 792 peram-

1942 800 2139 858 bulans
2170 802 2348 858 :nibil
2404 804 2551 861 enim
2592 805 2977 863 delectabilius
3009 812 3094 866 est
3132 824 3299 882 quam
3352 813 3524 870 Deum

1943 890 2241 962 speculari,
2283 893 2379 965 qui
2420 903 2570 950 totus
2602 905 2688 951 est
2717 896 3012 955 oblectatio
3049 907 3107 956 et
3142 902 3396 972 voluptas
3423 920 3526 960 co-

1946 998 2091 1049 rum,
2133 983 2229 1055 qui
2258 983 2440 1056 ipsum
2479 986 2772 1058 degustant
2827 1004 3020 1046 amore
3084 991 3408 1061 insatiabili,
3450 995 3525 1052 ita.

1945 1083 2007 1132 ut
2030 1090 2170 1147 pene
2193 1076 2249 1133 in
2277 1076 2608 1134 oblivionem
2635 1080 2858 1137 veniant
2880 1082 3054 1153 ipsius
3075 1084 3184 1141 cibi
3208 1088 3523 1157 appetendi.

1946 1166 2139 1239 Itaque
2161 1169 2265 1226 sibi
2294 1170 2399 1241 ipsi
2432 1170 2489 1226 in
2521 1170 2772 1228 futurum
2813 1174 2896 1231 sic
2929 1178 3215 1248 prospexit
3244 1178 3420 1246 Plato,
3456 1194 3524 1236 ex

1949 1259 2149 1316 virtute
2199 1261 2475 1320 transiens
2530 1262 2584 1318 in
2618 1263 2982 1327 virtutem.et
3035 1269 3397 1328 escensiones
3424 1285 3527 1329 suo

1946 1349 2004 1407 in
2024 1351 2191 1409 corde
2210 1352 2535 1424 disponens.

2563 1464 2799 1522 CAPUT
2830 1467 2923 1524 lﬂ.

809 1562 869 1619 S.
902 1561 1061 1616 Plato
1080 1562 1377 1632 pra’ﬁcitur
1397 1558 1718 1616 monasterio
1753 1556 2149 1630 Syntbolorunt,
2189 1558 2427 1612 excurrit
2452 1556 2991 1631 Constantinopolim.

332 1656 416 1714 ιε’.
457 1654 676 1729 Ἐπειδὴ
707 1656 765 1711 δὲ
784 1656 889 1711 οὐκ
906 1657 1068 1729 ἤρκει
1089 1656 1152 1711 τὸ
1167 1653 1501 1710 καθ’ὲαυτδν
1530 1657 1693 1725 μόνον
1720 1670 1845 1708 σκο-

2021 1650 2111 1704 15.
2141 1648 2414 1717 Quoniam
2448 1665 2581 1706 vero
2616 1666 2962 1723 nequaquam
3014 1652 3217 1711 suﬂicit
3244 1672 3344 1714 sua
3383 1656 3529 1717 dun-

253 1751 408 1813 πεῖν,
433 1746 704 1819 ζητούσης
725 1747 825 1819 τῆς
849 1746 1092 1817 ἀγάπης,
1126 1747 1221 1800 καὶ
1254 1745 1316 1800 τὸ
1342 1746 1451 1799 τῶν
1489 1744 1668 1800 ἄλλων
1699 1760 1843 1813 συμ-

252 1841 433 1915 φέρον
460 1858 473 1872 ·
502 1840 742 1894 τέθειται
769 1837 901 1909 γοῦν
943 1840 1041 1893 καὶ
1078 1840 1138 1893 ὲν
1170 1839 1323 1904 τάξει
1362 1838 1601 1911 Πατρός,
1636 1835 1842 1908 μᾶλλον

250 1936 316 1989 δὲ
372 1935 659 2007 φωστῆρος
688 1933 847 2005 δίκην
876 1935 942 2005 τῇ
998 1932 1440 2005 μνήμονευθείσῃ
1493 1931 1840 2003 ἀδελφότητι,

254 2026 408 2082 κατὰ
445 2025 697 2097 διαδοχὴν
753 2024 849 2079 τοῦ
891 2026 1194 2096 μακαρίτου
1244 2025 1590 2093 Θεοκτίστου,
1641 2025 1844 2101 ἐχούσῃ

255 2117 398 2173 ίδιον
434 2117 527 2172 τὸν
572 2117 950 2189 καθηγεμόνα,
974 2118 1040 2189 ἣν
1062 2119 1159 2172 καὶ
1194 2120 1499 2193 ἀμφότεροι
1540 2138 1842 2192 πνευματι-

254 2207 379 2273 κῶς
404 2225 462 2261 τε
505 2207 599 2261 καὶ
658 2206 986 2277 σωματικῶς
1017 2207 1100 2261 ὃτι
1143 2208 1380 2280 μάλιστα
1421 2211 1504 2274 εἰς
1527 2210 1588 2264 τὸ
1613 2206 1754 2264 εἷναί
1780 2227 1843 2264 τε

256 2300 363 2353 καὶ
386 2290 757 2369 όνομᾶζεσθαι
787 2298 958 2371 μονὴν
985 2300 1363 2373 εὐαγεστάτην
1390 2303 1727 2374 προήγαγον.
1759 2304 1845 2357 Γί-

255 2406 419 2444 νεται
452 2390 508 2444 δὲ
540 2391 634 2443 καὶ
657 2389 802 2444 δυοῖν
830 2391 1103 2462 φοιτητῶν
1124 2391 1445 2464 καθηγητὴς
1494 2393 1842 2464 ἰδιοτρόπως,

255 2482 360 2551 ὑφ’
385 2477 462 2537 ὧν
490 2480 902 2553 ὲξυπηρετεῖτο,
938 2483 1034 2536 καὶ
1069 2480 1165 2546 ob;
1198 2479 1312 2554 εἶχε
1365 2484 1697 2549 συνεστίους,
1728 2485 1843 2539 ἀλλ’

253 2574 389 2645 οὐχὶ
420 2575 730 2643 συσσίτους,
759 2569 835 2630 ὧν
862 2576 890 2628 ὁ
927 2569 1010 2637 εἷς
1044 2574 1126 2629 ἔτι
1153 2575 1400 2646 περίεστι
1439 2575 1682 2646 τοῦνομα
1724 2580 1846 2632 Ἀν-

256 2665 532 2734 τὼνιος,ό
591 2667 711 2740 μεθ’
747 2667 906 2740 ἡμῶν
950 2668 1047 2721 καὶ
1096 2669 1193 2723 σὺν
1246 2669 1379 2740 ἡμῖν
1427 2670 1593 2740 μέχρι
1639 2672 1847 2742 γήρους

258 2759 707 2832 ὑποταττόμενος
733 2777 747 2792 ⁸
782 2760 946 2826 αὐτὸς
985 2762 1120 2832 ἡμῖν
1164 2761 1449 2830 ὑφηγητὴς
1486 2762 1574 2832 είη
1611 2762 1847 2819 ἐνταῦθα

254 2851 378 2906 τῶν
399 2852 1092 2924 ὲπιξητουμένων.”Δρτος,
1116 2854 1268 2923 φασὶ,
1284 2848 1361 2923 τῷ
1389 2854 1567 2925 Πατρὶ
1583 2854 1678 2909 καὶ
1708 2853 1849 2909 κύα-

260 2961 376 3015 μος
397 2943 535 3016 πρὸς
584 2944 837 3015 λαχάνοις
853 2945 948 2999 καὶ
970 2944 1296 3017 ἀκροδρύοις
1320 2945 1417 3017 (ε),
1438 2946 1471 3017 ἡ
1490 2945 1612 3002 καθ’
1631 2947 1847 3019 ἡμέραν

256 3036 632 3102 εὐανθίζουσα
675 3036 926 3101 avsum;
961 3035 1250 3108 διατροφὴ,
1294 3036 1437 3109 πλὴν
1458 3038 1753 3110 Κυριακῆς
1782 3056 1844 3092 τε

260 3129 367 3183 καὶ
421 3129 640 3199 ἑορτῆς,
700 3128 826 3184 καθ’
853 3128 920 3194 ἃς
964 3127 1148 3183 εἰώθει
1180 3130 1558 3201 ὁμοτράπεζος
1598 3127 1738 3185 εῐναι
1780 3135 1849 3204 τῇ

259 3221 428 3291 κοινῇ
465 3219 813 3289 ἀδελφότητι.
855 3218 1046 3285 Ποτδν,
1075 3218 1105 3272 δ
1137 3218 1392 3290 βλύζουσι
1435 3220 1657 3291 κρῆναι,
1684 3221 1779 3275 καὶ
1805 3215 1852 3291 ᾧ

262 3311 575 3379 συνάγεται
609 3309 754 3375 νοῦς,
805 3310 866 3364 οὐ
912 3310 1169 3380 χεόμενος
1206 3310 1550 3380 οἰνοφλυγίας
1596 3312 1852 3384 ῥεύματι,

256 3401 382 3456 οὐδ’
439 3400 573 3455 αὐτὸ
616 3400 914 3472 ἡμερήσιον
935 3401 1043 3466 ἀεὶ,
1070 3399 1211 3456 ἀλλὰ
1241 3400 1316 3471 πῆ
1344 3400 1445 3472 μὲν
1477 3401 1846 3475 ὑπερημερή-

261 3509 411 3554 σιον,
436 3493 515 3562 πῆ
542 3490 601 3545 δὲ
636 3487 1030 3567 δισσευόμενον
1055 3493 1122 3564 τῇ
1158 3491 1434 3564 ἑϐδομάδι,
1463 3495 1497 3562 ἢ
1532 3494 1629 3548 καὶ
1655 3493 1854 3549 δεκατ-

260 3586 484 3655 ήμερον
529 3582 942 3655 λαμϐανόμενον
992 3584 1094 3655 τῆς
1138 3583 1548 3653 βραδυποσίας,
1585 3585 1653 3639 ἵν’
1681 3584 1855 3652 οὕτως

261 3676 419 3729 εἴπω
446 3675 543 3728 καὶ
583 3673 840 3740 ἁποσίας,
892 3674 1032 3744 μετὰ
1075 3674 1177 3745 τῆς
1225 3674 1531 3748 ἐγκρατοῦς
1588 3676 1853 3746 ἐφέσεως,

261 3769 373 3823 καὶ
419 3767 486 3821 ἐκ
535 3767 776 3839 φυσικῆς
808 3766 1083 3838 κράσεως,
1114 3771 1196 3830 είς
1232 3766 1346 3836 ἕξιν
1394 3767 1547 3840 αὐτῷ
1579 3767 1829 3823 καθεστώ

264 3874 405 3929 σης.

340 4043 446 4103 ις’.
475 4035 673 4108 Ἔσθὴς
707 4037 933 4109 εὐτελὴς
959 4038 1056 4092 καὶ
1090 4037 1567 4110 βραχύτιμος,καὶ
1597 4039 1734 4112 πρὸς
1759 4039 1856 4110 μό-

259 4147 371 4201 νην
404 4128 601 4202 θάλψιν
629 4130 1004 4202 πεποιημένη,
1040 4128 1158 4184 ἀλλ’
1184 4131 1307 4201 οὐχὶ
1351 4131 1571 4196 λεπτοῖς
1593 4132 1856 4204 ὑφάσμα-

260 4240 358 4279 σιν
392 4221 861 4294 ὲπιτετηδευμένη
883 4261 901 4288 ,
933 4223 1057 4278 οὐδὲ
1102 4222 1362 4293 βαφικαῖς
1395 4226 1608 4295 χροιαῖς
1641 4223 1856 4296 ἐξηνθι-

1949 1750 2101 1797 taxat
2126 1756 2343 1807 eurare,
2366 1743 2459 1797 sed
2484 1751 2538 1798 et
2563 1743 2688 1799 aliis
2718 1744 2868 1798 utilia
2894 1744 3092 1815 quaerit
3114 1746 3355 1815 perlecta
3385 1751 3524 1806 cha-

1948 1833 2104 1897 ritas,
2137 1831 2428 1888 ordinatus
2458 1831 2621 1889 Pater
2660 1850 2755 1891 seu
2801 1835 2986 1905 potius
3021 1835 3359 1894 illmninator
3387 1856 3530 1912 prae-

1948 1934 2265 1978 memuratae
2308 1922 2687 1992 fraternitatis,
2712 1927 2994 1997 proprium
3028 1929 3228 1985 habere
3262 1930 3527 2001 hegume-

1949 2030 2080 2071 num
2111 2015 2309 2080 solitae,
2341 2014 2503 2072 beato
2543 2014 2866 2074 Theoctisto
2909 2021 3155 2077 succedit
3184 2021 3240 2076 in
3268 2022 3389 2095 ejus
3419 2024 3527 2080 loci

1949 2104 2238 2175 regimine,
2297 2121 2463 2176 quem
2524 2109 2687 2161 ambo
2746 2109 2802 2163 in
2850 2111 3233 2180 spiritualibus
3279 2129 3435 2184 aeque
3463 2131 3529 2171 ac

1950 2198 2346 2267 temporalibus
2372 2210 2761 2268 promoverant
2801 2203 3064 2273 maxime,
3099 2205 3237 2261 adeo
3281 2216 3341 2262 ut
3378 2220 3524 2264 esset

1950 2304 2015 2347 ac
2042 2291 2315 2347 diceretur
2333 2294 2727 2349 monasterium
2751 2296 2955 2366 optime
2974 2299 3353 2367 constitutum.
3374 2296 3525 2357 Duo-

1949 2383 2053 2438 bus
2082 2392 2261 2438 tamen
2288 2384 2559 2453 praecipue
2604 2399 2725 2441 sese
2751 2388 2979 2457 praebuit
3012 2389 3208 2446 ducem
3255 2392 3381 2448 vita:
3410 2393 3525 2464 spi—

1952 2473 2189 2533 ritualis.
2205 2489 2235 2528 a
2255 2475 2455 2544 quibus
2470 2476 2520 2530 ei
2542 2476 2976 2547 ministrabatur,
2991 2494 3243 2552 quosque
3266 2482 3526 2549 habebat,

1953 2580 2064 2620 non
2131 2577 2556 2634 ectnessatores,
2644 2568 2739 2622 sed
2803 2570 3084 2627 convivas.
3126 2566 3337 2628 Horum
3384 2589 3529 2630 unus

1954 2655 2136 2712 adhuc
2182 2668 2434 2728 superest
2474 2658 2749 2715 Antonius
2810 2661 3051 2728 nomine,
3104 2665 3197 2734 qui
3240 2665 3529 2721 nobiscum

1955 2762 2127 2818 usque
2178 2750 2245 2803 ad
2293 2750 2505 2805 senium
2537 2750 2642 2805 sub
2685 2751 2994 2808 oticdientia
3029 2754 3199 2823 vivit;
3233 2748 3532 2827 ipsenobis

1956 2847 2233 2911 suggerat,
2262 2854 2386 2909 quae
2426 2839 2515 2895 hic
2568 2839 2973 2897 desiderantur.
3018 2841 3408 2912 Quotidianus,
3443 2847 3531 2902 in-

1954 2932 2095 3001 quit,
2124 2931 2281 2989 cibus
2328 2931 2481 2987 Patri
2532 2941 2652 2989 erat
2679 2937 2858 3005 panis,
2885 2950 3011 2991 cum
3051 2936 3176 2994 laba
3208 2947 3262 2995 et
3289 2939 3532 2995 oleribus

1953 3035 2119 3092 atque
2155 3023 2416 3078 arborum
2451 3022 2747 3091 fructibus,
2767 3028 2976 3099 absque
3004 3028 3145 3097 oleo,
3172 3040 3532 3102 prmterqnam

1954 3113 2260 3171 Dominicis
2293 3114 2617 3187 l'estivisque
2666 3118 2882 3187 diebus,
2929 3120 3127 3191 quibus
3173 3132 3537 3178 Consueverat

1952 3208 2233 3262 communi
2281 3222 2406 3262 cum
2460 3207 2723 3266 fratribus
2794 3227 2984 3268 mensa
3032 3213 3135 3268 uti.
3186 3212 3359 3270 Potus
3416 3224 3538 3270 erat

1954 3313 2119 3368 quem
2156 3297 2340 3355 fontes
2371 3308 2655 3371 praestant,
2686 3310 2743 3355 et
2773 3312 2885 3371 quo
2926 3317 3082 3359 mens
3116 3304 3411 3377 colligitur,
3443 3322 3537 3361 ne~

1953 3405 2228 3461 quaquam
2259 3394 2480 3462 capiens
2505 3391 2713 3448 ﬂuxum
2749 3394 3171 3461 vinolentiamet
3201 3395 3290 3452 hic
3306 3397 3533 3468 quidem

1955 3500 2064 3539 non
2098 3499 2316 3555 semper
2343 3486 2720 3555 quotidianus,
2742 3487 2839 3543 sed
2860 3489 3189 3561 quandoque
3210 3492 3355 3548 ultra
3387 3493 3534 3550 diem

1956 3576 2184 3642 dilatus,
2212 3587 2307 3632 aut
2345 3577 2430 3634 bis
2461 3579 2515 3633 in
2557 3578 2898 3635 hebdomade
2954 3593 3231 3653 sumptus.
3277 3583 3538 3652 Quando-

1954 3683 2060 3739 que
2088 3669 2252 3724 etiam
2274 3669 2497 3725 decimo
2525 3671 2792 3728 duntaxat
2840 3673 2950 3740 die,
2974 3675 3172 3746 exigua
3198 3676 3289 3732 illa
3315 3693 3411 3734 seu
3439 3694 3539 3750 po-

1911 3795 1915 3798 ν
1957 3761 2067 3815 tius
2097 3760 2243 3814 nulla
2272 3761 2528 3816 utebatur
2553 3762 2972 3831 relocillatione,
3007 3778 3232 3838 propter
3259 3784 3533 3827 summam

1957 3852 2283 3923 appetentiae
2319 3853 2739 3922 continentiam,
2776 3870 2898 3926 quae
2926 3855 3006 3910 illi
3047 3856 3453 3928 quodammodo
3480 3860 3537 3916 in

1959 3954 2215 4000 naturam
2243 3946 2559 4000 transierat.

2030 4037 2119 4093 16.
2149 4035 2326 4092 Vestis
2361 4045 2415 4091 et
2443 4046 2621 4101 curta,
2652 4038 2720 4094 ad
2751 4040 2928 4096 solum
2962 4040 3200 4097 calorem
3238 4040 3402 4113 facta,
3429 4060 3539 4121 non

1957 4131 2139 4179 autem
2187 4123 2484 4180 subtilibus
2540 4124 2836 4183 lilamentis’
2859 4135 3110 4185 contexta
3154 4137 3251 4186 aut
3294 4132 3538 4189 colorum

1957 4216 2209 4271 tiucturis
2237 4216 2449 4281 ﬂorida,
2495 4218 2711 4288 qualem
2753 4219 2940 4276 videre
2988 4230 3175 4277 amant
3204 4238 3312 4279 non
3352 4238 3573 4286 mona-_

261 4315 475 4386 σμένη,
509 4315 578 4387 ἢν
601 4315 650 4367 oi
688 4314 1094 4378 καλλωπισταὶ,
1117 4314 1236 4370 ἀλλ’
1257 4314 1323 4368 οὐ
1362 4316 1631 4386 μονασταὶ
1679 4316 1848 4389 θηρᾷν

1960 4306 2180 4373 cbi,sed
2211 4308 2605 4379 elegantiarum
2645 4310 2903 4366 studiosi.
2926 4310 3118 4370 Oratio
3150 4325 3206 4370 et
3228 4314 3392 4372 lectio
3420 4315 3543 4388 ejus

261 4408 544 4477 ἐφίενται.
574 4407 858 4478 Προσευκὴ
884 4408 980 4462 καὶ
1009 4407 1315 4477 ἀνάγνωσις
1347 4407 1627 4476 ἐπίπονος,
1662 4408 1859 4481 ἀφορι-

264 4497 489 4570 ζομένη
516 4497 660 4552 κατὰ
686 4498 901 4569 καιρὸν,
931 4498 1027 4552 καὶ
1054 4500 1137 4561 εἰς
1160 4496 1373 4569 τροφὴν
1399 4497 1551 4569 αὐτῷ
1576 4499 1858 4572 ἄντὶτρυ-

263 4594 384 4662 φῆς
417 4589 857 4664 καρυκευομένη.
880 4590 1244 4645 Γονυκλισιῶν
1263 4592 1558 4663 πυκνότης,
1590 4593 1860 4663 πατρόθεν

259 4679 556 4755 ἠργμένη,
579 4678 643 4745 ἐξ
665 4674 735 4752 ἧς
761 4678 913 4734 τύλοι
936 4671 1134 4750 χειρῶν
1154 4695 1216 4732 τε
1243 4679 1339 4733 καὶ
1370 4678 1475 4750 γῆς
1500 4680 1589 4749 ἐφ’
1611 4675 1681 4753 ἦς
1732 4678 1857 4734 ἐϐε-

260 4775 463 4847 ϐήκει,
505 4772 671 4844 μέχρι
694 4770 791 4827 τοῦ
822 4770 986 4842 δεῦρο
1027 4771 1129 4843 τὴν
1164 4770 1369 4843 ἀρετὴν
1418 4771 1854 4842 στηλιτεύοντες.

259 4864 549 4939 Στρωμνὴ
580 4865 681 4937 οὐχ
706 4863 890 4935 ἁπαλὴ
915 4880 978 4918 τε
1001 4863 1097 4918 καὶ
1114 4863 1464 4936 διαῤῥέουσα,
1492 4863 1721 4937 ἀλλ’δση
1756 4864 1856 4919 καὶ

262 4955 613 5022 ὕποπιάζειν
651 4955 716 5010 τὸ
775 4955 937 5027 σῶμα
985 4954 1283 5026 δυναμένη,
1343 4955 1437 5010 καὶ
1485 4955 1859 5011 ἀταπείνωτον

260 5049 414 5104 αὐτὸ
448 5048 586 5121 πρὸς
626 5047 728 5114 τὰς
769 5047 1150 5119 πνευματικὰς
1190 5046 1538 5119 λειτουργίας
1561 5047 1858 5120 διαφυλάτ-

259 5159 394 5197 τειν
434 5140 716 5215 ἰσχύουσα.
746 5139 967 5215 Χειρῶν
998 5141 1233 5215 ἐργασία
1272 5141 1363 5196 διὰ
1399 5141 1638 5212 σπουδῆς
1659 5155 1675 5171 ⁸
1701 5140 1860 5196 τοῦτο

260 5235 348 5305 γά
355 5252 391 5308 ρ
421 5235 534 5290 τῶν
563 5235 773 5290 ἐκείνου
803 5234 1247 5309 κατορθωμάτων
1274 5235 1426 5307 παρὰ
1443 5236 1572 5299 τοὺς
1597 5234 1857 5300 πολλοὺς,

264 5328 374 5381 ἵνα
417 5325 496 5399 μὴ
521 5326 669 5396 λέγω
712 5327 840 5392 τοὺς
868 5328 1099 5392 πάντας,
1123 5325 1186 5381 τὸ
1212 5326 1507 5398 ἐπίσημον,
1535 5325 1570 5398 ἢ
1612 5326 1850 5399 μᾶλλον.

263 5418 614 5492 οἰκειότερον
634 5420 829 5490 εἰπεῖν,
854 5420 953 5477 σὺν
964 5418 1042 5491 τῷ
1068 5417 1199 5492 ἰερῷ
1219 5417 1528 5491 ’Δποστόλῳ
1565 5419 1733 5489 φάναι
1762 5418 1858 5491 (f),

1962 4401 2236 4457 laboriosa
2266 4410 2406 4467 erat,
2438 4412 2492 4456 et
2520 4403 2675 4459 statis
2716 4404 3058 4475 temporibus
3082 4404 3325 4474 deﬁnita,
3356 4406 3540 4463 cibum

1961 4508 2182 4567 quoque
2208 4494 2330 4565 ejus
2360 4494 2680 4551 deliciarum
2713 4497 2834 4553 loco
2858 4498 3168 4554 condiebat.
3214 4498 3542 4568 Frequentia
3571 4550 3575 4554 .

1960 4586 2420 4658 genuﬂexionum,
2452 4602 2482 4641 a
2526 4588 2777 4645 Patribus
2844 4590 3082 4654 tradita,
3124 4596 3273 4646 tanta
3323 4601 3445 4646 erat
3480 4600 3545 4646 ut

1965 4679 2225 4734 inanibus
2261 4679 2476 4750 ipsique
2512 4681 2565 4735 in
2599 4696 2707 4751 qua
2737 4680 2944 4737 ﬁebant
2968 4691 3127 4738 terrae
3165 4682 3339 4739 callos
3386 4682 3547 4738 indu-

1966 4779 2170 4836 cerent,
2201 4771 2254 4824 in
2287 4782 2706 4829 monumentum
2742 4773 2963 4829 virtutis
2990 4772 3133 4844 ejus.
3168 4770 3412 4830 Stratum
3445 4791 3547 4832 nec

1966 4860 2132 4917 molle
2181 4871 2321 4928 erat,
2372 4878 2478 4918 nec
2533 4864 2677 4919 let-to
2723 4862 3108 4921 circumﬂuum
3145 4883 3159 4920 :
3200 4865 3293 4922 sed
3329 4882 3440 4937 quo
3467 4866 3549 4922 af-

1964 4954 2075 5025 ﬂigi
2100 4966 2324 5027 corpus,
2347 4965 2402 5011 et
2437 4956 2503 5010 ad
2551 4956 2857 5026 spiritualia
2886 4956 3059 5013 cilicia
3112 4958 3331 5014 ﬁrmum
3363 4968 3551 5031 posset

1964 5047 2198 5103 servari.
2254 5046 2784 5120 Mannum‘opcratio
2806 5050 3076 5123 diligens:
3108 5051 3219 5108 lioc
3276 5052 3424 5107 enim
3483 5070 3549 5109 ex

1966 5140 2244 5212 praeclaris
2302 5141 2450 5197 illius
2487 5141 2708 5198 dotibus
2744 5158 2914 5199 unum
2952 5159 3065 5215 prae
3104 5145 3316 5212 multis,
3352 5154 3413 5201 ut
3440 5162 3549 5202 non

1965 5234 2146 5290 dicam
2182 5235 2460 5299 omnibus,
2504 5233 2683 5304 ipsum
2713 5233 2950 5293 faciebat
3001 5238 3440 5305 illustrem;aut
3493 5247 3553 5293 ut

1965 5326 2141 5397 magis
2162 5327 2383 5397 proprie
2417 5325 2631 5396 loquar,
2679 5326 2946 5399 Apostolo
2996 5329 3257 5397 similem,
3298 5329 3442 5401 quod
3470 5330 3555 5384 di~

1964 5433 2091 5474 cere
2152 5426 2376 5488 posset:
2425 5416 2511 5472 Ad
2557 5434 2623 5475 ea
2675 5435 2793 5490 qua:
2853 5421 2984 5475 mihi
3027 5438 3159 5491 opus
3198 5428 3433 5475 erantet
3467 5419 3551 5475 his

1796 5530 2033 5591 NOTAE.

361 5646 434 5719 (e)
474 5646 782 5725 ’Λκρόδρυα
808 5664 1043 5725 mining;
1067 5646 1258 5704 herbas
1290 5647 1681 5725 interpretatur
1722 5646 1957 5725 Sirietus
2167 5647 2298 5719 quia
2326 5646 2511 5720 δρύον,
2537 5650 2708 5708 altera
2752 5648 3046 5722 compositi
3072 5662 3225 5722 pars,
3266 5648 3576 5725 signiﬁcat.

278 5717 1224 5801 ucnrgsmialui'arborumfructus,
1244 5728 1302 5775 et
1327 5718 1548 5801 quidem
1573 5718 1873 5801 silvestres.
1899 5717 2226 5801 intelligere.
2362 5717 2394 5801 '_
2838 5790 2852 5801 _
3015 5788 3025 5797 ⁸

380 5788 446 5857 0')
478 5787 822 5861 ECgraphttm
851 5798 1100 5846 nostrum
1126 5788 1314 5861 φαίην·
1347 5787 1463 5846 ἐοιι
1488 5803 1682 5847 sensus
1704 5788 1919 5847 videtur
1947 5787 2278 5849 inﬁnitivum
2308 5793 2544 5864 exigere,
2573 5805 2736 5863 quem
2769 5788 3050 5847 substitui.
