  <div class='ocr_page' id='page_1' title='image "/cluster/home/n/w/nwhite01/storage/ocr_20150623/99/hvd.32044024464356/416.png"; bbox 0 0 4064 6372; ppageno 0'>
   <div class='ocr_carea' id='block_1_1' title="bbox 281 366 382 432">
    <p class='ocr_par' dir='ltr' id='par_1_1' title="bbox 281 366 382 432">
     <span class='ocr_line' id='line_1_1' title="bbox 281 366 382 432; baseline 0.02 -2"><span class='ocrx_word' id='word_1_1' title='bbox 281 366 382 432; x_wconf 75' lang='lat'><strong>821</strong></span> 
     </span>
    </p>
   </div>
   <div class='ocr_carea' id='block_1_2' title="bbox 940 382 2894 455">
    <p class='ocr_par' dir='ltr' id='par_1_2' title="bbox 940 382 2894 455">
     <span class='ocr_line' id='line_1_2' title="bbox 940 382 2894 455; baseline 0.006 -11"><span class='ocrx_word' id='word_1_2' title='bbox 940 382 1222 447; x_wconf 82' lang='lat' dir='ltr'><strong>ORATIO</strong></span> <span class='ocrx_word' id='word_1_3' title='bbox 1255 386 1461 447; x_wconf 74' lang='lat' dir='ltr'><strong>XI.~-</strong></span> <span class='ocrx_word' id='word_1_4' title='bbox 1497 388 1882 448; x_wconf 77' lang='lat' dir='ltr'><strong>LAUDATIO</strong></span> <span class='ocrx_word' id='word_1_5' title='bbox 1916 386 1979 449; x_wconf 91' lang='lat' dir='ltr'><strong>S.</strong></span> <span class='ocrx_word' id='word_1_6' title='bbox 2035 388 2406 450; x_wconf 79' lang='lat' dir='ltr'><strong>PLATONIS</strong></span> <span class='ocrx_word' id='word_1_7' title='bbox 2462 390 2894 455; x_wconf 84' lang='lat' dir='ltr'><strong>HEGUMENI.</strong></span> 
     </span>
    </p>
   </div>
   <div class='ocr_carea' id='block_1_3' title="bbox 3432 400 3539 466">
    <p class='ocr_par' dir='ltr' id='par_1_3' title="bbox 3432 400 3539 466">
     <span class='ocr_line' id='line_1_3' title="bbox 3432 400 3539 466; baseline 0 0"><span class='ocrx_word' id='word_1_8' title='bbox 3432 400 3539 466; x_wconf 69' lang='lat'><strong>822</strong></span> 
     </span>
    </p>
   </div>
   <div class='ocr_carea' id='block_1_4' title="bbox 284 478 1859 577">
    <p class='ocr_par' dir='ltr' id='par_1_4' title="bbox 284 478 1859 577">
     <span class='ocr_line' id='line_1_4' title="bbox 284 478 1859 577; baseline 0.012 -47"><span class='ocrx_word' id='word_1_9' title='bbox 284 478 856 577; x_wconf 26' lang='grc' dir='ltr'><strong>εργέταςῌκαθιστῶν.</strong></span> <span class='ocrx_word' id='word_1_10' title='bbox 892 489 1075 547; x_wconf 65' lang='lat' dir='ltr'><strong>rma</strong></span> <span class='ocrx_word' id='word_1_11' title='bbox 1116 494 1216 548; x_wconf 81' lang='grc' dir='ltr'><strong>ὅσα</strong></span> <span class='ocrx_word' id='word_1_12' title='bbox 1258 497 1286 547; x_wconf 99' lang='lat'><strong>6</strong></span> <span class='ocrx_word' id='word_1_13' title='bbox 1312 494 1409 548; x_wconf 91' lang='grc' dir='ltr'>τοῦ</span> <span class='ocrx_word' id='word_1_14' title='bbox 1463 495 1599 549; x_wconf 87' lang='grc' dir='ltr'>Θεοῦ</span> <span class='ocrx_word' id='word_1_15' title='bbox 1660 496 1859 567; x_wconf 78' lang='grc' dir='ltr'>ἄνϐρω·</span> 
     </span>
    </p>
   </div>
   <div class='ocr_carea' id='block_1_5' title="bbox 1961 478 3536 577">
    <p class='ocr_par' dir='ltr' id='par_1_5' title="bbox 1969 494 3536 577">
     <span class='ocr_line' id='line_1_5' title="bbox 1969 494 3536 577; baseline 0.013 -28"><span class='ocrx_word' id='word_1_16' title='bbox 1969 494 2170 564; x_wconf 87' lang='lat' dir='ltr'><strong>dicam,</strong></span> <span class='ocrx_word' id='word_1_17' title='bbox 2225 499 2373 568; x_wconf 88' lang='lat' dir='ltr'><strong>quod</strong></span> <span class='ocrx_word' id='word_1_18' title='bbox 2438 499 2597 554; x_wconf 84' lang='lat' dir='ltr'><strong>fidem</strong></span> <span class='ocrx_word' id='word_1_19' title='bbox 2656 512 2880 571; x_wconf 65' lang='lat' dir='ltr'><strong>praestet</strong></span> <span class='ocrx_word' id='word_1_20' title='bbox 2942 504 3222 577; x_wconf 82' lang='lat' dir='ltr'><strong>reliquis:</strong></span> <span class='ocrx_word' id='word_1_21' title='bbox 3285 509 3536 570; x_wconf 85' lang='lat' dir='ltr'><strong>videlicet</strong></span> 
     </span>
    </p>
   </div>
   <div class='ocr_carea' id='block_1_6' title="bbox 282 574 1857 657">
    <p class='ocr_par' dir='ltr' id='par_1_6' title="bbox 282 574 1857 657">
     <span class='ocr_line' id='line_1_6' title="bbox 282 574 1857 657; baseline 0.011 -34"><span class='ocrx_word' id='word_1_22' title='bbox 282 587 387 636; x_wconf 84' lang='grc' dir='ltr'><strong>πος</strong></span> <span class='ocrx_word' id='word_1_23' title='bbox 422 574 593 630; x_wconf 85' lang='grc' dir='ltr'>ποιῶν</span> <span class='ocrx_word' id='word_1_24' title='bbox 630 594 691 631; x_wconf 87' lang='grc' dir='ltr'><strong>τε</strong></span> <span class='ocrx_word' id='word_1_25' title='bbox 744 581 839 634; x_wconf 77' lang='grc' dir='ltr'><strong>καὶ</strong></span> <span class='ocrx_word' id='word_1_26' title='bbox 864 581 1040 652; x_wconf 87' lang='grc' dir='ltr'>λέγων</span> <span class='ocrx_word' id='word_1_27' title='bbox 1083 586 1432 657; x_wconf 80' lang='grc' dir='ltr'><strong>γνωρίζεται,</strong></span> <span class='ocrx_word' id='word_1_28' title='bbox 1477 587 1535 641; x_wconf 80' lang='grc' dir='ltr'><strong>ἓν</strong></span> <span class='ocrx_word' id='word_1_29' title='bbox 1575 586 1744 641; x_wconf 80' lang='grc' dir='ltr'>εἰπὼν</span> <span class='ocrx_word' id='word_1_30' title='bbox 1777 588 1857 651; x_wconf 70' lang='grc' dir='ltr'>εἰς</span> 
     </span>
    </p>
   </div>
   <div class='ocr_carea' id='block_1_7' title="bbox 285 667 1859 748">
    <p class='ocr_par' dir='ltr' id='par_1_7' title="bbox 285 667 1859 748">
     <span class='ocr_line' id='line_1_7' title="bbox 285 667 1859 748; baseline 0.009 -30"><span class='ocrx_word' id='word_1_31' title='bbox 285 667 549 721; x_wconf 86' lang='grc' dir='ltr'>σύστασιν</span> <span class='ocrx_word' id='word_1_32' title='bbox 589 670 698 726; x_wconf 85' lang='grc' dir='ltr'><strong>τῶν</strong></span> <span class='ocrx_word' id='word_1_33' title='bbox 724 674 1052 746; x_wconf 76' lang='grc' dir='ltr'>εἰρημένων,</span> <span class='ocrx_word' id='word_1_34' title='bbox 1077 680 1337 732; x_wconf 81' lang='grc' dir='ltr'>πιστῶσω</span> <span class='ocrx_word' id='word_1_35' title='bbox 1373 679 1466 733; x_wconf 85' lang='grc' dir='ltr'><strong>τὸν</strong></span> <span class='ocrx_word' id='word_1_36' title='bbox 1491 679 1668 748; x_wconf 90' lang='grc' dir='ltr'>λόγον.</span> <span class='ocrx_word' id='word_1_37' title='bbox 1704 680 1859 732; x_wconf 84' lang='grc' dir='ltr'>Ὅτι-</span> 
     </span>
    </p>
   </div>
   <div class='ocr_carea' id='block_1_8' title="bbox 286 751 1859 833">
    <p class='ocr_par' dir='ltr' id='par_1_8' title="bbox 286 751 1859 833">
     <span class='ocr_line' id='line_1_8' title="bbox 286 751 1859 833; baseline 0.011 -27"><span class='ocrx_word' id='word_1_38' title='bbox 286 772 395 826; x_wconf 83' lang='grc' dir='ltr'><strong>περ</strong></span> <span class='ocrx_word' id='word_1_39' title='bbox 427 757 519 825; x_wconf 75' lang='grc' dir='ltr'><strong>ἀφ’</strong></span> <span class='ocrx_word' id='word_1_40' title='bbox 543 751 603 811; x_wconf 83' lang='grc' dir='ltr'>οῦ</span> <span class='ocrx_word' id='word_1_41' title='bbox 630 761 977 833; x_wconf 77' lang='grc' dir='ltr'><strong>ἐπεδήμησεν</strong></span> <span class='ocrx_word' id='word_1_42' title='bbox 1016 768 1132 830; x_wconf 88' lang='grc' dir='ltr'>τοῖς</span> <span class='ocrx_word' id='word_1_43' title='bbox 1187 768 1247 821; x_wconf 75' lang='grc' dir='ltr'><strong>ὲν</strong></span> <span class='ocrx_word' id='word_1_44' title='bbox 1272 767 1445 833; x_wconf 81' lang='grc' dir='ltr'>ἄστει,</span> <span class='ocrx_word' id='word_1_45' title='bbox 1476 770 1630 833; x_wconf 81' lang='grc' dir='ltr'>ὅλους</span> <span class='ocrx_word' id='word_1_46' title='bbox 1680 771 1859 833; x_wconf 74' lang='grc' dir='ltr'>οἴκους</span> 
     </span>
    </p>
   </div>
   <div class='ocr_carea' id='block_1_9' title="bbox 289 847 1857 928">
    <p class='ocr_par' dir='ltr' id='par_1_9' title="bbox 289 847 1857 928">
     <span class='ocr_line' id='line_1_9' title="bbox 289 847 1857 928; baseline 0.008 -31"><span class='ocrx_word' id='word_1_47' title='bbox 289 847 647 917; x_wconf 84' lang='grc' dir='ltr'>μετέπλασεν,</span> <span class='ocrx_word' id='word_1_48' title='bbox 672 854 765 904; x_wconf 76' lang='grc' dir='ltr'><strong>καὶ</strong></span> <span class='ocrx_word' id='word_1_49' title='bbox 792 857 1278 927; x_wconf 76' lang='grc' dir='ltr'>μετεστοιχείωσεν</span> <span class='ocrx_word' id='word_1_50' title='bbox 1318 859 1401 922; x_wconf 76' lang='grc' dir='ltr'>εἰς</span> <span class='ocrx_word' id='word_1_51' title='bbox 1437 858 1551 928; x_wconf 74' lang='grc' dir='ltr'>βίον</span> <span class='ocrx_word' id='word_1_52' title='bbox 1582 859 1857 928; x_wconf 80' lang='grc' dir='ltr'>ἐνάρετον.</span> 
     </span>
    </p>
   </div>
   <div class='ocr_carea' id='block_1_10' title="bbox 286 934 1859 1017">
    <p class='ocr_par' dir='ltr' id='par_1_10' title="bbox 286 934 1859 1017">
     <span class='ocr_line' id='line_1_10' title="bbox 286 934 1859 1017; baseline 0.007 -31"><span class='ocrx_word' id='word_1_53' title='bbox 286 934 351 987; x_wconf 85' lang='grc' dir='ltr'><strong>Τί</strong></span> <span class='ocrx_word' id='word_1_54' title='bbox 382 935 444 1005; x_wconf 86' lang='grc' dir='ltr'>δὴ</span> <span class='ocrx_word' id='word_1_55' title='bbox 478 936 677 1006; x_wconf 86' lang='grc' dir='ltr'>τοῦτο;</span> <span class='ocrx_word' id='word_1_56' title='bbox 709 940 913 1010; x_wconf 87' lang='grc' dir='ltr'>Ὅρκον</span> <span class='ocrx_word' id='word_1_57' title='bbox 944 943 1184 1013; x_wconf 79' lang='grc' dir='ltr'>ἐκκόψας</span> <span class='ocrx_word' id='word_1_58' title='bbox 1206 948 1271 1016; x_wconf 82' lang='grc' dir='ltr'>τῇ</span> <span class='ocrx_word' id='word_1_59' title='bbox 1300 950 1657 1017; x_wconf 85' lang='grc' dir='ltr'>παραινετικῇ</span> <span class='ocrx_word' id='word_1_60' title='bbox 1695 944 1859 999; x_wconf 77' lang='grc' dir='ltr'>αὑτοῦ</span> 
     </span>
    </p>
   </div>
   <div class='ocr_carea' id='block_1_11' title="bbox 285 1026 1851 1109">
    <p class='ocr_par' dir='ltr' id='par_1_11' title="bbox 285 1026 1851 1109">
     <span class='ocr_line' id='line_1_11' title="bbox 285 1026 1851 1109; baseline 0.01 -33"><span class='ocrx_word' id='word_1_61' title='bbox 285 1026 524 1099; x_wconf 79' lang='grc' dir='ltr'>γλώττῃ,</span> <span class='ocrx_word' id='word_1_62' title='bbox 544 1030 969 1104; x_wconf 83' lang='grc' dir='ltr'>καλλωπισμοὺς</span> <span class='ocrx_word' id='word_1_63' title='bbox 1002 1037 1284 1101; x_wconf 78' lang='grc' dir='ltr'><strong>συστείλας</strong></span> <span class='ocrx_word' id='word_1_64' title='bbox 1321 1040 1387 1109; x_wconf 83' lang='grc' dir='ltr'>τῇ</span> <span class='ocrx_word' id='word_1_65' title='bbox 1426 1039 1681 1109; x_wconf 80' lang='grc' dir='ltr'><strong>εὐκόσμῳ</strong></span> <span class='ocrx_word' id='word_1_66' title='bbox 1713 1037 1851 1091; x_wconf 74' lang='grc' dir='ltr'>διδά-</span> 
     </span>
    </p>
   </div>
   <div class='ocr_carea' id='block_1_12' title="bbox 288 1120 1859 1201">
    <p class='ocr_par' dir='ltr' id='par_1_12' title="bbox 288 1120 1859 1201">
     <span class='ocr_line' id='line_1_12' title="bbox 288 1120 1859 1201; baseline 0.005 -30"><span class='ocrx_word' id='word_1_67' title='bbox 288 1120 487 1192; x_wconf 68' lang='grc' dir='ltr'>σκαλίᾳ</span> <span class='ocrx_word' id='word_1_68' title='bbox 511 1139 523 1153; x_wconf 81' lang='grc'><em>’</em></span> <span class='ocrx_word' id='word_1_69' title='bbox 557 1123 928 1195; x_wconf 67' lang='grc' dir='ltr'>φιλοπτωχίαν</span> <span class='ocrx_word' id='word_1_70' title='bbox 942 1129 1249 1197; x_wconf 76' lang='grc' dir='ltr'>ἐμποιήσας</span> <span class='ocrx_word' id='word_1_71' title='bbox 1269 1131 1333 1200; x_wconf 85' lang='grc' dir='ltr'>τῇ</span> <span class='ocrx_word' id='word_1_72' title='bbox 1361 1129 1524 1201; x_wconf 75' lang='grc' dir='ltr'>ἢθικῇ</span> <span class='ocrx_word' id='word_1_73' title='bbox 1566 1130 1859 1198; x_wconf 74' lang='grc' dir='ltr'>ὑφηγήσει,</span> 
     </span>
    </p>
   </div>
   <div class='ocr_carea' id='block_1_13' title="bbox 285 1206 1863 1289">
    <p class='ocr_par' dir='ltr' id='par_1_13' title="bbox 285 1206 1863 1289">
     <span class='ocr_line' id='line_1_13' title="bbox 285 1206 1863 1289; baseline 0.006 -28"><span class='ocrx_word' id='word_1_74' title='bbox 285 1206 426 1280; x_wconf 80' lang='grc' dir='ltr'><strong>ἑξῆς</strong></span> <span class='ocrx_word' id='word_1_75' title='bbox 452 1211 681 1275; x_wconf 80' lang='grc' dir='ltr'>κένωσις</span> <span class='ocrx_word' id='word_1_76' title='bbox 694 1215 995 1285; x_wconf 84' lang='grc' dir='ltr'>χρημάτων</span> <span class='ocrx_word' id='word_1_77' title='bbox 1016 1220 1107 1270; x_wconf 74' lang='grc' dir='ltr'>καὶ</span> <span class='ocrx_word' id='word_1_78' title='bbox 1127 1219 1389 1289; x_wconf 74' lang='grc' dir='ltr'>διανομαὶ</span> <span class='ocrx_word' id='word_1_79' title='bbox 1410 1221 1493 1289; x_wconf 77' lang='grc' dir='ltr'><strong>ἐφ’</strong></span> <span class='ocrx_word' id='word_1_80' title='bbox 1524 1219 1616 1283; x_wconf 78' lang='grc' dir='ltr'><strong>οὓς</strong></span> <span class='ocrx_word' id='word_1_81' title='bbox 1640 1222 1863 1289; x_wconf 77' lang='grc' dir='ltr'><strong>ἠσκεῖτο</strong></span> 
     </span>
    </p>
   </div>
   <div class='ocr_carea' id='block_1_14' title="bbox 282 1303 1864 1380">
    <p class='ocr_par' dir='ltr' id='par_1_14' title="bbox 282 1303 1864 1380">
     <span class='ocr_line' id='line_1_14' title="bbox 282 1303 1864 1380; baseline 0.004 -27"><span class='ocrx_word' id='word_1_82' title='bbox 282 1303 482 1365; x_wconf 77' lang='grc' dir='ltr'>τόπους</span> <span class='ocrx_word' id='word_1_83' title='bbox 514 1303 784 1374; x_wconf 85' lang='grc' dir='ltr'>δημόσιοι.</span> <span class='ocrx_word' id='word_1_84' title='bbox 816 1306 961 1379; x_wconf 74' lang='grc' dir='ltr'>Πρός</span> <span class='ocrx_word' id='word_1_85' title='bbox 993 1324 1052 1361; x_wconf 87' lang='grc' dir='ltr'><strong>τε</strong></span> <span class='ocrx_word' id='word_1_86' title='bbox 1074 1308 1388 1379; x_wconf 80' lang='grc' dir='ltr'><strong>ἀνάγνωσιν</strong></span> <span class='ocrx_word' id='word_1_87' title='bbox 1438 1309 1729 1380; x_wconf 79' lang='grc' dir='ltr'>ῥυθμίσας,</span> <span class='ocrx_word' id='word_1_88' title='bbox 1770 1309 1864 1363; x_wconf 76' lang='grc' dir='ltr'>καὶ</span> 
     </span>
    </p>
   </div>
   <div class='ocr_carea' id='block_1_15' title="bbox 283 1395 1863 1471">
    <p class='ocr_par' dir='ltr' id='par_1_15' title="bbox 283 1395 1863 1471">
     <span class='ocr_line' id='line_1_15' title="bbox 283 1395 1863 1471; baseline 0.004 -24"><span class='ocrx_word' id='word_1_89' title='bbox 283 1395 422 1466; x_wconf 77' lang='grc' dir='ltr'>πρὸς</span> <span class='ocrx_word' id='word_1_90' title='bbox 442 1396 618 1450; x_wconf 89' lang='grc' dir='ltr'>ότιοῦν</span> <span class='ocrx_word' id='word_1_91' title='bbox 633 1400 743 1450; x_wconf 84' lang='grc' dir='ltr'><strong>τῶν</strong></span> <span class='ocrx_word' id='word_1_92' title='bbox 765 1400 944 1454; x_wconf 85' lang='grc' dir='ltr'>καλῶν</span> <span class='ocrx_word' id='word_1_93' title='bbox 961 1396 1019 1455; x_wconf 79' lang='grc' dir='ltr'><strong>εὖ</strong></span> <span class='ocrx_word' id='word_1_94' title='bbox 1044 1402 1356 1471; x_wconf 77' lang='grc' dir='ltr'>ἐπανάγων,</span> <span class='ocrx_word' id='word_1_95' title='bbox 1383 1403 1479 1455; x_wconf 72' lang='grc' dir='ltr'><strong>καὶ</strong></span> <span class='ocrx_word' id='word_1_96' title='bbox 1506 1402 1677 1456; x_wconf 85' lang='grc' dir='ltr'>ταῦτα</span> <span class='ocrx_word' id='word_1_97' title='bbox 1704 1403 1761 1455; x_wconf 77' lang='grc' dir='ltr'><strong>ἐν</strong></span> <span class='ocrx_word' id='word_1_98' title='bbox 1778 1401 1863 1454; x_wconf 81' lang='grc' dir='ltr'>κό-</span> 
     </span>
    </p>
   </div>
   <div class='ocr_carea' id='block_1_16' title="bbox 284 1490 1863 1566">
    <p class='ocr_par' dir='ltr' id='par_1_16' title="bbox 284 1490 1863 1566">
     <span class='ocr_line' id='line_1_16' title="bbox 284 1490 1863 1566; baseline 0.003 -25"><span class='ocrx_word' id='word_1_99' title='bbox 284 1505 373 1557; x_wconf 82' lang='grc' dir='ltr'>πῳ</span> <span class='ocrx_word' id='word_1_100' title='bbox 408 1491 503 1542; x_wconf 76' lang='grc' dir='ltr'>καὶ</span> <span class='ocrx_word' id='word_1_101' title='bbox 537 1490 723 1560; x_wconf 84' lang='grc' dir='ltr'>μόχθῳ</span> <span class='ocrx_word' id='word_1_102' title='bbox 760 1492 955 1555; x_wconf 77' lang='grc' dir='ltr'>νυκτὸς</span> <span class='ocrx_word' id='word_1_103' title='bbox 987 1494 1081 1547; x_wconf 82' lang='grc' dir='ltr'><strong>καὶ</strong></span> <span class='ocrx_word' id='word_1_104' title='bbox 1103 1494 1336 1566; x_wconf 78' lang='grc' dir='ltr'>ἡμέρας,</span> <span class='ocrx_word' id='word_1_105' title='bbox 1360 1493 1863 1565; x_wconf 81' lang='grc' dir='ltr'>τληπαθῶν,ἀγρυ-</span> 
     </span>
    </p>
   </div>
   <div class='ocr_carea' id='block_1_17' title="bbox 283 1580 1864 1658">
    <p class='ocr_par' dir='ltr' id='par_1_17' title="bbox 283 1580 1864 1658">
     <span class='ocr_line' id='line_1_17' title="bbox 283 1580 1864 1658; baseline 0.003 -25"><span class='ocrx_word' id='word_1_106' title='bbox 283 1580 466 1647; x_wconf 84' lang='grc' dir='ltr'>πνῶν,</span> <span class='ocrx_word' id='word_1_107' title='bbox 499 1581 840 1653; x_wconf 75' lang='grc' dir='ltr'>πεζοπορῶν,</span> <span class='ocrx_word' id='word_1_108' title='bbox 862 1588 983 1649; x_wconf 86' lang='grc' dir='ltr'>ταῖς</span> <span class='ocrx_word' id='word_1_109' title='bbox 1006 1585 1158 1658; x_wconf 67' lang='grc' dir='ltr'>παρὰ</span> <span class='ocrx_word' id='word_1_110' title='bbox 1200 1586 1311 1640; x_wconf 87' lang='grc' dir='ltr'>τῶν</span> <span class='ocrx_word' id='word_1_111' title='bbox 1362 1586 1532 1655; x_wconf 81' lang='grc' dir='ltr'>φίλων</span> <span class='ocrx_word' id='word_1_112' title='bbox 1582 1586 1678 1638; x_wconf 76' lang='grc' dir='ltr'><strong>καὶ</strong></span> <span class='ocrx_word' id='word_1_113' title='bbox 1731 1602 1864 1654; x_wconf 79' lang='grc' dir='ltr'>συγο</span> 
     </span>
    </p>
   </div>
   <div class='ocr_carea' id='block_1_18' title="bbox 282 1672 1862 1749">
    <p class='ocr_par' dir='ltr' id='par_1_18' title="bbox 282 1672 1862 1749">
     <span class='ocr_line' id='line_1_18' title="bbox 282 1672 1862 1749; baseline 0.004 -24"><span class='ocrx_word' id='word_1_114' title='bbox 282 1672 461 1741; x_wconf 82' lang='grc' dir='ltr'>γενῶν</span> <span class='ocrx_word' id='word_1_115' title='bbox 505 1673 837 1741; x_wconf 83' lang='grc' dir='ltr'>δεξιώσεσιν,</span> <span class='ocrx_word' id='word_1_116' title='bbox 896 1678 1283 1732; x_wconf 82' lang='grc' dir='ltr'>ἀνταλλάσσων</span> <span class='ocrx_word' id='word_1_117' title='bbox 1342 1679 1444 1743; x_wconf 77' lang='grc' dir='ltr'><strong>τὰς</strong></span> <span class='ocrx_word' id='word_1_118' title='bbox 1498 1678 1631 1749; x_wconf 81' lang='grc' dir='ltr'>παρ’</span> <span class='ocrx_word' id='word_1_119' title='bbox 1666 1677 1862 1732; x_wconf 80' lang='grc' dir='ltr'>ἑαυτοῦ</span> 
     </span>
    </p>
   </div>
   <div class='ocr_carea' id='block_1_19' title="bbox 284 1765 1861 1840">
    <p class='ocr_par' dir='ltr' id='par_1_19' title="bbox 284 1765 1861 1840">
     <span class='ocr_line' id='line_1_19' title="bbox 284 1765 1861 1840; baseline 0 -21"><span class='ocrx_word' id='word_1_120' title='bbox 284 1765 693 1831; x_wconf 77' lang='grc' dir='ltr'>κακοπαθείας,</span> <span class='ocrx_word' id='word_1_121' title='bbox 728 1767 875 1840; x_wconf 79' lang='grc' dir='ltr'>ἔργῳ</span> <span class='ocrx_word' id='word_1_122' title='bbox 928 1770 991 1824; x_wconf 83' lang='grc' dir='ltr'><strong>τὸ</strong></span> <span class='ocrx_word' id='word_1_123' title='bbox 1062 1771 1162 1825; x_wconf 91' lang='grc' dir='ltr'>τοῦ</span> <span class='ocrx_word' id='word_1_124' title='bbox 1206 1769 1533 1825; x_wconf 77' lang='grc' dir='ltr'>Ἀποστόλου</span> <span class='ocrx_word' id='word_1_125' title='bbox 1554 1767 1861 1837; x_wconf 83' lang='grc' dir='ltr'>φθεγγόμε-</span> 
     </span>
    </p>
   </div>
   <div class='ocr_carea' id='block_1_20' title="bbox 283 1842 1938 1929">
    <p class='ocr_par' dir='ltr' id='par_1_20' title="bbox 283 1842 1938 1929">
     <span class='ocr_line' id='line_1_20' title="bbox 283 1842 1938 1929; baseline 0.002 -21"><span class='ocrx_word' id='word_1_126' title='bbox 283 1870 401 1918; x_wconf 84' lang='grc' dir='ltr'>νος·</span> <span class='ocrx_word' id='word_1_127' title='bbox 435 1855 767 1917; x_wconf 70' lang='grc' dir='ltr'>’Υποπιὰζω</span> <span class='ocrx_word' id='word_1_128' title='bbox 808 1876 928 1928; x_wconf 79' lang='grc' dir='ltr'>μου</span> <span class='ocrx_word' id='word_1_129' title='bbox 959 1859 1027 1913; x_wconf 84' lang='grc' dir='ltr'><strong>τὸ</strong></span> <span class='ocrx_word' id='word_1_130' title='bbox 1058 1858 1253 1929; x_wconf 80' lang='grc' dir='ltr'>σῶμα,</span> <span class='ocrx_word' id='word_1_131' title='bbox 1296 1857 1395 1913; x_wconf 74' lang='grc' dir='ltr'><strong>καὶ</strong></span> <span class='ocrx_word' id='word_1_132' title='bbox 1451 1854 1857 1926; x_wconf 69' lang='grc' dir='ltr'>δουλαγωγῶ,</span> <span class='ocrx_word' id='word_1_133' title='bbox 1894 1842 1938 1898; x_wconf 80' lang='grc' dir='ltr'>Β</span> 
     </span>
    </p>
   </div>
   <div class='ocr_carea' id='block_1_21' title="bbox 276 1945 1863 2020">
    <p class='ocr_par' dir='ltr' id='par_1_21' title="bbox 276 1945 1863 2020">
     <span class='ocr_line' id='line_1_21' title="bbox 276 1945 1863 2020; baseline -0.01 -4"><span class='ocrx_word' id='word_1_134' title='bbox 276 1948 366 2016; x_wconf 68' lang='grc' dir='ltr'>μή</span> <span class='ocrx_word' id='word_1_135' title='bbox 420 1961 544 2015; x_wconf 71' lang='grc' dir='ltr'><em>πως</em></span> <span class='ocrx_word' id='word_1_136' title='bbox 586 1949 799 2017; x_wconf 71' lang='grc' dir='ltr'>ἄλλοις</span> <span class='ocrx_word' id='word_1_137' title='bbox 840 1951 1110 2020; x_wconf 79' lang='grc' dir='ltr'><strong>κηρύξας</strong></span> <span class='ocrx_word' id='word_1_138' title='bbox 1136 1992 1151 2019; x_wconf 97' lang='grc'><strong>,</strong></span> <span class='ocrx_word' id='word_1_139' title='bbox 1210 1950 1392 2017; x_wconf 82' lang='grc' dir='ltr'>αὐτὸς</span> <span class='ocrx_word' id='word_1_140' title='bbox 1426 1950 1714 2019; x_wconf 78' lang='grc' dir='ltr'><strong>ἀδόκιμος</strong></span> <span class='ocrx_word' id='word_1_141' title='bbox 1765 1945 1863 2019; x_wconf 78' lang='grc' dir='ltr'>γέ-</span> 
     </span>
    </p>
   </div>
   <div class='ocr_carea' id='block_1_22' title="bbox 280 2043 494 2109">
    <p class='ocr_par' dir='ltr' id='par_1_22' title="bbox 280 2043 494 2109">
     <span class='ocr_line' id='line_1_22' title="bbox 280 2043 494 2109; baseline 0.014 -15"><span class='ocrx_word' id='word_1_142' title='bbox 280 2043 494 2109; x_wconf 75' lang='grc' dir='ltr'>νωμᾶι.</span> 
     </span>
    </p>
   </div>
   <div class='ocr_carea' id='block_1_23' title="bbox 339 2128 1861 2207">
    <p class='ocr_par' dir='ltr' id='par_1_23' title="bbox 339 2128 1861 2207">
     <span class='ocr_line' id='line_1_23' title="bbox 339 2128 1861 2207; baseline -0.001 -22"><span class='ocrx_word' id='word_1_143' title='bbox 339 2128 607 2205; x_wconf 70' lang='grc' dir='ltr'><strong>ιϐ’.⁷ιῐρεν</strong></span> <span class='ocrx_word' id='word_1_144' title='bbox 636 2132 929 2207; x_wconf 70' lang='grc' dir='ltr'><strong>τοιγαροῦν</strong></span> <span class='ocrx_word' id='word_1_145' title='bbox 963 2134 1243 2205; x_wconf 76' lang='grc' dir='ltr'>σύσσημον</span> <span class='ocrx_word' id='word_1_146' title='bbox 1275 2135 1341 2205; x_wconf 78' lang='grc' dir='ltr'>τῇ</span> <span class='ocrx_word' id='word_1_147' title='bbox 1370 2130 1739 2204; x_wconf 79' lang='grc' dir='ltr'>βασιλιζούσῃ,</span> <span class='ocrx_word' id='word_1_148' title='bbox 1768 2146 1861 2184; x_wconf 89' lang='grc' dir='ltr'>τον</span> 
     </span>
    </p>
   </div>
   <div class='ocr_carea' id='block_1_24' title="bbox 277 2223 1857 2297">
    <p class='ocr_par' dir='ltr' id='par_1_24' title="bbox 277 2223 1857 2297">
     <span class='ocr_line' id='line_1_24' title="bbox 277 2223 1857 2297; baseline 0.001 -21"><span class='ocrx_word' id='word_1_149' title='bbox 277 2223 441 2292; x_wconf 84' lang='grc' dir='ltr'>λόγον</span> <span class='ocrx_word' id='word_1_150' title='bbox 458 2224 574 2277; x_wconf 67' lang='grc' dir='ltr'>ηὐπὺ</span> <span class='ocrx_word' id='word_1_151' title='bbox 601 2224 695 2277; x_wconf 90' lang='grc' dir='ltr'>τοῦ</span> <span class='ocrx_word' id='word_1_152' title='bbox 726 2225 844 2295; x_wconf 71' lang='grc' dir='ltr'>βίου</span> <span class='ocrx_word' id='word_1_153' title='bbox 883 2226 1337 2297; x_wconf 80' lang='grc' dir='ltr'>μαρτυρούμενον</span> <span class='ocrx_word' id='word_1_154' title='bbox 1362 2224 1521 2295; x_wconf 74' lang='grc' dir='ltr'>ἔχων,</span> <span class='ocrx_word' id='word_1_155' title='bbox 1558 2224 1664 2290; x_wconf 82' lang='grc' dir='ltr'><strong>κάξ</strong></span> <span class='ocrx_word' id='word_1_156' title='bbox 1691 2223 1857 2277; x_wconf 77' lang='grc' dir='ltr'>αὐτοῦ</span> 
     </span>
    </p>
   </div>
   <div class='ocr_carea' id='block_1_25' title="bbox 275 2313 1860 2388">
    <p class='ocr_par' dir='ltr' id='par_1_25' title="bbox 275 2313 1860 2388">
     <span class='ocr_line' id='line_1_25' title="bbox 275 2313 1860 2388; baseline 0.001 -22"><span class='ocrx_word' id='word_1_157' title='bbox 275 2313 374 2367; x_wconf 88' lang='grc' dir='ltr'><strong>τοῦ</strong></span> <span class='ocrx_word' id='word_1_158' title='bbox 396 2314 650 2379; x_wconf 83' lang='grc' dir='ltr'><strong>εὐτελοῦς</strong></span> <span class='ocrx_word' id='word_1_159' title='bbox 684 2316 778 2369; x_wconf 78' lang='grc' dir='ltr'><strong>καὶ</strong></span> <span class='ocrx_word' id='word_1_160' title='bbox 824 2316 1116 2386; x_wconf 81' lang='grc' dir='ltr'>ἁπερίττου</span> <span class='ocrx_word' id='word_1_161' title='bbox 1163 2317 1465 2388; x_wconf 84' lang='grc' dir='ltr'>σχήματος,</span> <span class='ocrx_word' id='word_1_162' title='bbox 1509 2314 1860 2387; x_wconf 83' lang='grc' dir='ltr'>παράκλησις</span> 
     </span>
    </p>
   </div>
   <div class='ocr_carea' id='block_1_26' title="bbox 276 2407 1859 2481">
    <p class='ocr_par' dir='ltr' id='par_1_26' title="bbox 276 2407 1859 2481">
     <span class='ocr_line' id='line_1_26' title="bbox 276 2407 1859 2481; baseline 0.001 -23"><span class='ocrx_word' id='word_1_163' title='bbox 276 2407 360 2470; x_wconf 74' lang='grc' dir='ltr'>εἰς</span> <span class='ocrx_word' id='word_1_164' title='bbox 386 2407 587 2479; x_wconf 67' lang='grc' dir='ltr'>ἀρετὴν</span> <span class='ocrx_word' id='word_1_165' title='bbox 612 2411 726 2473; x_wconf 86' lang='grc' dir='ltr'>τοῖς</span> <span class='ocrx_word' id='word_1_166' title='bbox 757 2409 925 2479; x_wconf 83' lang='grc' dir='ltr'>δρῶσι</span> <span class='ocrx_word' id='word_1_167' title='bbox 947 2410 1233 2481; x_wconf 78' lang='grc' dir='ltr'>γινόμενος</span> <span class='ocrx_word' id='word_1_168' title='bbox 1259 2422 1274 2438; x_wconf 88' lang='grc'>·</span> <span class='ocrx_word' id='word_1_169' title='bbox 1306 2411 1355 2463; x_wconf 71' lang='grc' dir='ltr'>εἰ</span> <span class='ocrx_word' id='word_1_170' title='bbox 1380 2408 1438 2461; x_wconf 85' lang='grc' dir='ltr'>δὲ</span> <span class='ocrx_word' id='word_1_171' title='bbox 1468 2409 1551 2461; x_wconf 85' lang='grc' dir='ltr'>ὅτι</span> <span class='ocrx_word' id='word_1_172' title='bbox 1581 2408 1859 2471; x_wconf 75' lang='grc' dir='ltr'>πολιτικὸς</span> 
     </span>
    </p>
   </div>
   <div class='ocr_carea' id='block_1_27' title="bbox 273 2492 1859 2571">
    <p class='ocr_par' dir='ltr' id='par_1_27' title="bbox 273 2492 1859 2571">
     <span class='ocr_line' id='line_1_27' title="bbox 273 2492 1859 2571; baseline 0.002 -22"><span class='ocrx_word' id='word_1_173' title='bbox 273 2492 348 2568; x_wconf 77' lang='grc' dir='ltr'>ἦν</span> <span class='ocrx_word' id='word_1_174' title='bbox 376 2497 433 2552; x_wconf 83' lang='grc' dir='ltr'>ἕν</span> <span class='ocrx_word' id='word_1_175' title='bbox 454 2515 565 2552; x_wconf 88' lang='grc' dir='ltr'>τισι</span> <span class='ocrx_word' id='word_1_176' title='bbox 600 2500 906 2567; x_wconf 81' lang='grc' dir='ltr'>γλυκαίνων</span> <span class='ocrx_word' id='word_1_177' title='bbox 931 2502 1029 2571; x_wconf 80' lang='grc' dir='ltr'>τὴν</span> <span class='ocrx_word' id='word_1_178' title='bbox 1054 2500 1253 2571; x_wconf 85' lang='grc' dir='ltr'>φράσιν</span> <span class='ocrx_word' id='word_1_179' title='bbox 1273 2500 1407 2570; x_wconf 71' lang='grc' dir='ltr'>πρὸς</span> <span class='ocrx_word' id='word_1_180' title='bbox 1428 2499 1489 2552; x_wconf 83' lang='grc' dir='ltr'>τὸ</span> <span class='ocrx_word' id='word_1_181' title='bbox 1507 2498 1617 2552; x_wconf 82' lang='grc' dir='ltr'>τῶν</span> <span class='ocrx_word' id='word_1_182' title='bbox 1633 2497 1859 2552; x_wconf 81' lang='grc' dir='ltr'>ἀκουόν-</span> 
     </span>
    </p>
   </div>
   <div class='ocr_carea' id='block_1_28' title="bbox 273 2589 1857 2663">
    <p class='ocr_par' dir='ltr' id='par_1_28' title="bbox 273 2589 1857 2663">
     <span class='ocr_line' id='line_1_28' title="bbox 273 2589 1857 2663; baseline -0.001 -20"><span class='ocrx_word' id='word_1_183' title='bbox 273 2607 385 2643; x_wconf 87' lang='grc' dir='ltr'>των</span> <span class='ocrx_word' id='word_1_184' title='bbox 439 2591 757 2659; x_wconf 76' lang='grc' dir='ltr'>ἰδιότροπον,</span> <span class='ocrx_word' id='word_1_185' title='bbox 807 2592 988 2663; x_wconf 86' lang='grc' dir='ltr'>ὁράτω</span> <span class='ocrx_word' id='word_1_186' title='bbox 1054 2609 1139 2655; x_wconf 89' lang='grc' dir='ltr'><strong>τις</strong></span> <span class='ocrx_word' id='word_1_187' title='bbox 1202 2591 1292 2645; x_wconf 83' lang='grc' dir='ltr'><strong>τὸν</strong></span> <span class='ocrx_word' id='word_1_188' title='bbox 1342 2589 1596 2657; x_wconf 85' lang='grc' dir='ltr'>καρπὸν,</span> <span class='ocrx_word' id='word_1_189' title='bbox 1652 2590 1747 2643; x_wconf 63' lang='grc' dir='ltr'><strong>καὶ⁴</strong></span> <span class='ocrx_word' id='word_1_190' title='bbox 1780 2589 1857 2660; x_wconf 80' lang='grc' dir='ltr'>μὴ</span> 
     </span>
    </p>
   </div>
   <div class='ocr_carea' id='block_1_29' title="bbox 278 2677 1859 2754">
    <p class='ocr_par' dir='ltr' id='par_1_29' title="bbox 278 2677 1859 2754">
     <span class='ocr_line' id='line_1_29' title="bbox 278 2677 1859 2754; baseline 0 -19"><span class='ocrx_word' id='word_1_191' title='bbox 278 2682 581 2753; x_wconf 75' lang='grc' dir='ltr'>μεμφέσθω</span> <span class='ocrx_word' id='word_1_192' title='bbox 599 2684 689 2735; x_wconf 85' lang='grc' dir='ltr'>τὸν</span> <span class='ocrx_word' id='word_1_193' title='bbox 712 2684 933 2754; x_wconf 84' lang='grc' dir='ltr'>τρόπον.</span> <span class='ocrx_word' id='word_1_194' title='bbox 962 2684 1059 2747; x_wconf 81' lang='grc' dir='ltr'><strong>Τίς</strong></span> <span class='ocrx_word' id='word_1_195' title='bbox 1087 2683 1144 2737; x_wconf 83' lang='grc' dir='ltr'>δὲ</span> <span class='ocrx_word' id='word_1_196' title='bbox 1175 2677 1330 2747; x_wconf 78' lang='grc' dir='ltr'>οὗτος</span> <span class='ocrx_word' id='word_1_197' title='bbox 1352 2700 1367 2749; x_wconf 90' lang='grc'><strong>;</strong></span> <span class='ocrx_word' id='word_1_198' title='bbox 1404 2682 1462 2735; x_wconf 87' lang='lat'><strong>&#39;0</strong></span> <span class='ocrx_word' id='word_1_199' title='bbox 1483 2683 1592 2734; x_wconf 86' lang='grc' dir='ltr'>τῶν</span> <span class='ocrx_word' id='word_1_200' title='bbox 1610 2683 1859 2753; x_wconf 85' lang='grc' dir='ltr'>ἁμαρτα-</span> 
     </span>
    </p>
   </div>
   <div class='ocr_carea' id='block_1_30' title="bbox 276 2772 1855 2845">
    <p class='ocr_par' dir='ltr' id='par_1_30' title="bbox 276 2772 1855 2845">
     <span class='ocr_line' id='line_1_30' title="bbox 276 2772 1855 2845; baseline -0.001 -19"><span class='ocrx_word' id='word_1_201' title='bbox 276 2774 482 2828; x_wconf 76' lang='grc' dir='ltr'>νόντων</span> <span class='ocrx_word' id='word_1_202' title='bbox 536 2775 860 2845; x_wconf 76' lang='grc' dir='ltr'>μετάμελος,</span> <span class='ocrx_word' id='word_1_203' title='bbox 904 2777 1001 2830; x_wconf 72' lang='grc' dir='ltr'>καὶ</span> <span class='ocrx_word' id='word_1_204' title='bbox 1035 2777 1063 2829; x_wconf 92' lang='grc' dir='ltr'><strong>ό</strong></span> <span class='ocrx_word' id='word_1_205' title='bbox 1110 2776 1219 2828; x_wconf 85' lang='grc' dir='ltr'><strong>τῶν</strong></span> <span class='ocrx_word' id='word_1_206' title='bbox 1258 2774 1719 2844; x_wconf 85' lang='grc' dir='ltr'>ἀποτασσομένων</span> <span class='ocrx_word' id='word_1_207' title='bbox 1761 2772 1855 2825; x_wconf 87' lang='grc' dir='ltr'>τοῦ</span> 
     </span>
    </p>
   </div>
   <div class='ocr_carea' id='block_1_31' title="bbox 276 2866 1857 2939">
    <p class='ocr_par' dir='ltr' id='par_1_31' title="bbox 276 2866 1857 2939">
     <span class='ocr_line' id='line_1_31' title="bbox 276 2866 1857 2939; baseline -0.001 -21"><span class='ocrx_word' id='word_1_208' title='bbox 276 2866 397 2936; x_wconf 82' lang='grc' dir='ltr'>βίου</span> <span class='ocrx_word' id='word_1_209' title='bbox 442 2867 627 2936; x_wconf 77' lang='grc' dir='ltr'>ὅμιλος</span> <span class='ocrx_word' id='word_1_210' title='bbox 654 2884 665 2897; x_wconf 75' lang='grc' dir='ltr'><strong><em>ο</em></strong></span> <span class='ocrx_word' id='word_1_211' title='bbox 697 2866 915 2938; x_wconf 81' lang='grc' dir='ltr'>πρῶτος</span> <span class='ocrx_word' id='word_1_212' title='bbox 966 2868 1075 2939; x_wconf 72' lang='grc' dir='ltr'>γὰρ</span> <span class='ocrx_word' id='word_1_213' title='bbox 1115 2867 1211 2920; x_wconf 71' lang='grc' dir='ltr'>καὶ</span> <span class='ocrx_word' id='word_1_214' title='bbox 1246 2866 1404 2937; x_wconf 89' lang='grc' dir='ltr'>μόνος</span> <span class='ocrx_word' id='word_1_215' title='bbox 1451 2866 1636 2936; x_wconf 78' lang='grc' dir='ltr'>σχεδὸν</span> <span class='ocrx_word' id='word_1_216' title='bbox 1685 2866 1857 2918; x_wconf 78' lang='grc' dir='ltr'>εἰπεῖν</span> 
     </span>
    </p>
   </div>
   <div class='ocr_carea' id='block_1_32' title="bbox 275 2958 1856 3031">
    <p class='ocr_par' dir='ltr' id='par_1_32' title="bbox 275 2958 1856 3031">
     <span class='ocr_line' id='line_1_32' title="bbox 275 2958 1856 3031; baseline 0.001 -21"><span class='ocrx_word' id='word_1_217' title='bbox 275 2959 565 3031; x_wconf 80' lang='grc' dir='ltr'>πτερωτὴς</span> <span class='ocrx_word' id='word_1_218' title='bbox 598 2959 703 3011; x_wconf 84' lang='grc' dir='ltr'>τῶν</span> <span class='ocrx_word' id='word_1_219' title='bbox 732 2959 825 3012; x_wconf 90' lang='grc' dir='ltr'>τοῦ</span> <span class='ocrx_word' id='word_1_220' title='bbox 856 2958 1049 3028; x_wconf 82' lang='grc' dir='ltr'><strong>γένους</strong></span> <span class='ocrx_word' id='word_1_221' title='bbox 1070 2960 1165 3012; x_wconf 77' lang='grc' dir='ltr'>καὶ</span> <span class='ocrx_word' id='word_1_222' title='bbox 1193 2959 1300 3013; x_wconf 85' lang='grc' dir='ltr'>τῶν</span> <span class='ocrx_word' id='word_1_223' title='bbox 1327 2959 1429 3025; x_wconf 75' lang='grc' dir='ltr'>ἔξω</span> <span class='ocrx_word' id='word_1_224' title='bbox 1451 2961 1668 3026; x_wconf 80' lang='grc' dir='ltr'>γένους,</span> <span class='ocrx_word' id='word_1_225' title='bbox 1698 2959 1726 3011; x_wconf 86' lang='grc' dir='ltr'><strong>ό</strong></span> <span class='ocrx_word' id='word_1_226' title='bbox 1755 2961 1856 3028; x_wconf 77' lang='grc' dir='ltr'>τῆς</span> 
     </span>
    </p>
   </div>
   <div class='ocr_carea' id='block_1_33' title="bbox 270 3047 1856 3119">
    <p class='ocr_par' dir='ltr' id='par_1_33' title="bbox 270 3047 1856 3119">
     <span class='ocr_line' id='line_1_33' title="bbox 270 3047 1856 3119; baseline 0.001 -20"><span class='ocrx_word' id='word_1_227' title='bbox 270 3047 558 3117; x_wconf 74' lang='grc' dir='ltr'>ὁσιότητος</span> <span class='ocrx_word' id='word_1_228' title='bbox 606 3048 842 3119; x_wconf 76' lang='grc' dir='ltr'>ἐραστὴς</span> <span class='ocrx_word' id='word_1_229' title='bbox 884 3048 1043 3119; x_wconf 77' lang='grc' dir='ltr'>ἡμῶν</span> <span class='ocrx_word' id='word_1_230' title='bbox 1078 3048 1367 3103; x_wconf 81' lang='grc' dir='ltr'><strong>δέδεικται.</strong></span> <span class='ocrx_word' id='word_1_231' title='bbox 1412 3048 1511 3101; x_wconf 66' lang='lat' dir='ltr'><strong>me</strong></span> <span class='ocrx_word' id='word_1_232' title='bbox 1556 3048 1731 3102; x_wconf 86' lang='grc' dir='ltr'>ταῦτα</span> <span class='ocrx_word' id='word_1_233' title='bbox 1760 3050 1856 3100; x_wconf 74' lang='grc' dir='ltr'><strong>καὶ</strong></span> 
     </span>
    </p>
   </div>
   <div class='ocr_carea' id='block_1_34' title="bbox 275 3140 1850 3212">
    <p class='ocr_par' dir='ltr' id='par_1_34' title="bbox 275 3140 1850 3212">
     <span class='ocr_line' id='line_1_34' title="bbox 275 3140 1850 3212; baseline 0 -20"><span class='ocrx_word' id='word_1_234' title='bbox 275 3143 606 3210; x_wconf 81' lang='grc' dir='ltr'>προστατεῖν</span> <span class='ocrx_word' id='word_1_235' title='bbox 676 3142 1042 3212; x_wconf 83' lang='grc' dir='ltr'>μοναστηρίου</span> <span class='ocrx_word' id='word_1_236' title='bbox 1070 3141 1296 3195; x_wconf 84' lang='grc' dir='ltr'>ἀστικοῦ</span> <span class='ocrx_word' id='word_1_237' title='bbox 1330 3140 1696 3211; x_wconf 77' lang='grc' dir='ltr'><strong>ἀναγκάζεται</strong></span> <span class='ocrx_word' id='word_1_238' title='bbox 1731 3141 1850 3211; x_wconf 83' lang='grc' dir='ltr'>μὲν,</span> 
     </span>
    </p>
   </div>
   <div class='ocr_carea' id='block_1_35' title="bbox 272 3234 1856 3308">
    <p class='ocr_par' dir='ltr' id='par_1_35' title="bbox 272 3234 1856 3308">
     <span class='ocr_line' id='line_1_35' title="bbox 272 3234 1856 3308; baseline 0.002 -23"><span class='ocrx_word' id='word_1_239' title='bbox 272 3234 338 3286; x_wconf 83' lang='grc' dir='ltr'>οὐ</span> <span class='ocrx_word' id='word_1_240' title='bbox 365 3235 759 3289; x_wconf 78' lang='grc' dir='ltr'>καταπείοεται</span> <span class='ocrx_word' id='word_1_241' title='bbox 785 3236 877 3289; x_wconf 86' lang='grc' dir='ltr'>δέ·</span> <span class='ocrx_word' id='word_1_242' title='bbox 905 3239 997 3290; x_wconf 72' lang='grc' dir='ltr'><strong>καὶ</strong></span> <span class='ocrx_word' id='word_1_243' title='bbox 1024 3238 1213 3307; x_wconf 81' lang='grc' dir='ltr'>ἄρχειν</span> <span class='ocrx_word' id='word_1_244' title='bbox 1234 3237 1335 3305; x_wconf 80' lang='grc' dir='ltr'>τῆς</span> <span class='ocrx_word' id='word_1_245' title='bbox 1357 3237 1712 3308; x_wconf 79' lang='grc' dir='ltr'><strong>Νικομηδέων</strong></span> <span class='ocrx_word' id='word_1_246' title='bbox 1743 3236 1856 3289; x_wconf 78' lang='grc' dir='ltr'>Ἐκ·</span> 
     </span>
    </p>
   </div>
   <div class='ocr_carea' id='block_1_36' title="bbox 277 3326 1856 3403">
    <p class='ocr_par' dir='ltr' id='par_1_36' title="bbox 277 3326 1856 3403">
     <span class='ocr_line' id='line_1_36' title="bbox 277 3326 1856 3403; baseline 0.003 -24"><span class='ocrx_word' id='word_1_247' title='bbox 277 3326 508 3395; x_wconf 54' lang='grc' dir='ltr'>κλησῇις</span> <span class='ocrx_word' id='word_1_248' title='bbox 541 3327 645 3379; x_wconf 78' lang='grc' dir='ltr'>ὑπὸ</span> <span class='ocrx_word' id='word_1_249' title='bbox 690 3328 785 3381; x_wconf 92' lang='grc' dir='ltr'>τοῦ</span> <span class='ocrx_word' id='word_1_250' title='bbox 823 3328 1128 3399; x_wconf 83' lang='grc' dir='ltr'>τηνικαῦτα</span> <span class='ocrx_word' id='word_1_251' title='bbox 1183 3331 1448 3402; x_wconf 79' lang='grc' dir='ltr'>προέδρου</span> <span class='ocrx_word' id='word_1_252' title='bbox 1490 3331 1856 3403; x_wconf 82' lang='grc' dir='ltr'>προτρέπεται</span> 
     </span>
    </p>
   </div>
   <div class='ocr_carea' id='block_1_37' title="bbox 279 3417 1856 3492">
    <p class='ocr_par' dir='ltr' id='par_1_37' title="bbox 279 3417 1856 3492">
     <span class='ocr_line' id='line_1_37' title="bbox 279 3417 1856 3492; baseline 0.002 -22"><span class='ocrx_word' id='word_1_253' title='bbox 279 3417 404 3487; x_wconf 84' lang='grc' dir='ltr'>μὲν,</span> <span class='ocrx_word' id='word_1_254' title='bbox 432 3418 494 3471; x_wconf 77' lang='grc' dir='ltr'><strong>οὐ</strong></span> <span class='ocrx_word' id='word_1_255' title='bbox 525 3419 848 3490; x_wconf 83' lang='grc' dir='ltr'>συνέρχεται</span> <span class='ocrx_word' id='word_1_256' title='bbox 874 3419 951 3486; x_wconf 85' lang='grc' dir='ltr'><strong>δὲ,</strong></span> <span class='ocrx_word' id='word_1_257' title='bbox 980 3419 1198 3490; x_wconf 79' lang='grc' dir='ltr'>φεύγων</span> <span class='ocrx_word' id='word_1_258' title='bbox 1246 3421 1338 3475; x_wconf 82' lang='grc' dir='ltr'>τὸν</span> <span class='ocrx_word' id='word_1_259' title='bbox 1386 3421 1588 3492; x_wconf 81' lang='grc' dir='ltr'>κλῆρον</span> <span class='ocrx_word' id='word_1_260' title='bbox 1610 3424 1639 3475; x_wconf 92' lang='grc' dir='ltr'><strong>ό</strong></span> <span class='ocrx_word' id='word_1_261' title='bbox 1665 3422 1856 3475; x_wconf 79' lang='grc' dir='ltr'>τούτου</span> 
     </span>
    </p>
   </div>
   <div class='ocr_carea' id='block_1_38' title="bbox 276 3509 1859 3585">
    <p class='ocr_par' dir='ltr' id='par_1_38' title="bbox 276 3509 1859 3585">
     <span class='ocr_line' id='line_1_38' title="bbox 276 3509 1859 3585; baseline 0.004 -24"><span class='ocrx_word' id='word_1_262' title='bbox 276 3509 450 3576; x_wconf 74' lang='grc' dir='ltr'>ἄξιος,</span> <span class='ocrx_word' id='word_1_263' title='bbox 492 3513 585 3563; x_wconf 77' lang='grc' dir='ltr'>καὶ</span> <span class='ocrx_word' id='word_1_264' title='bbox 651 3510 713 3564; x_wconf 86' lang='grc' dir='ltr'><strong>τὸ</strong></span> <span class='ocrx_word' id='word_1_265' title='bbox 759 3511 861 3580; x_wconf 85' lang='grc' dir='ltr'><strong>τῆς</strong></span> <span class='ocrx_word' id='word_1_266' title='bbox 918 3513 1207 3584; x_wconf 79' lang='grc' dir='ltr'>ἱεραρχίας</span> <span class='ocrx_word' id='word_1_267' title='bbox 1264 3512 1398 3584; x_wconf 78' lang='grc' dir='ltr'>ὕψος</span> <span class='ocrx_word' id='word_1_268' title='bbox 1446 3514 1634 3578; x_wconf 86' lang='grc' dir='ltr'>δεδιὼς</span> <span class='ocrx_word' id='word_1_269' title='bbox 1677 3516 1707 3568; x_wconf 89' lang='lat'><strong>6</strong></span> <span class='ocrx_word' id='word_1_270' title='bbox 1758 3515 1859 3585; x_wconf 83' lang='grc' dir='ltr'><strong>τὴν</strong></span> 
     </span>
    </p>
   </div>
   <div class='ocr_carea' id='block_1_39' title="bbox 276 3603 1860 3677">
    <p class='ocr_par' dir='ltr' id='par_1_39' title="bbox 276 3603 1860 3677">
     <span class='ocr_line' id='line_1_39' title="bbox 276 3603 1860 3677; baseline 0.003 -22"><span class='ocrx_word' id='word_1_271' title='bbox 276 3603 482 3674; x_wconf 82' lang='grc' dir='ltr'>ἀρετὴν</span> <span class='ocrx_word' id='word_1_272' title='bbox 541 3605 835 3675; x_wconf 84' lang='grc' dir='ltr'>μετέωρος.</span> <span class='ocrx_word' id='word_1_273' title='bbox 890 3606 982 3657; x_wconf 83' lang='grc' dir='ltr'><strong>Διὸ</strong></span> <span class='ocrx_word' id='word_1_274' title='bbox 1040 3606 1136 3659; x_wconf 77' lang='grc' dir='ltr'><strong>καὶ</strong></span> <span class='ocrx_word' id='word_1_275' title='bbox 1180 3604 1321 3675; x_wconf 82' lang='grc' dir='ltr'>πρὸς</span> <span class='ocrx_word' id='word_1_276' title='bbox 1368 3604 1469 3676; x_wconf 79' lang='grc' dir='ltr'><strong>τὴν</strong></span> <span class='ocrx_word' id='word_1_277' title='bbox 1512 3605 1676 3676; x_wconf 81' lang='grc' dir='ltr'>φίλην</span> <span class='ocrx_word' id='word_1_278' title='bbox 1710 3604 1860 3677; x_wconf 80' lang='grc' dir='ltr'>αὐτῷ</span> 
     </span>
    </p>
   </div>
   <div class='ocr_carea' id='block_1_40' title="bbox 276 3695 1856 3770">
    <p class='ocr_par' dir='ltr' id='par_1_40' title="bbox 276 3695 1856 3770">
     <span class='ocr_line' id='line_1_40' title="bbox 276 3695 1856 3770; baseline 0.002 -21"><span class='ocrx_word' id='word_1_279' title='bbox 276 3696 514 3766; x_wconf 74' lang='grc' dir='ltr'><strong>ἡσυχίαν</strong></span> <span class='ocrx_word' id='word_1_280' title='bbox 572 3695 889 3762; x_wconf 74' lang='grc' dir='ltr'>ἐπάνεισιν,</span> <span class='ocrx_word' id='word_1_281' title='bbox 942 3697 1103 3752; x_wconf 83' lang='grc' dir='ltr'>κάκεῖ</span> <span class='ocrx_word' id='word_1_282' title='bbox 1155 3697 1387 3769; x_wconf 79' lang='grc' dir='ltr'>καθιστᾷ</span> <span class='ocrx_word' id='word_1_283' title='bbox 1436 3700 1658 3770; x_wconf 79' lang='grc' dir='ltr'>μνήμης</span> <span class='ocrx_word' id='word_1_284' title='bbox 1692 3698 1856 3764; x_wconf 80' lang='grc' dir='ltr'>ἄξια,</span> 
     </span>
    </p>
   </div>
   <div class='ocr_carea' id='block_1_41' title="bbox 277 3787 1859 3861">
    <p class='ocr_par' dir='ltr' id='par_1_41' title="bbox 277 3787 1859 3861">
     <span class='ocr_line' id='line_1_41' title="bbox 277 3787 1859 3861; baseline 0.001 -20"><span class='ocrx_word' id='word_1_285' title='bbox 277 3787 516 3858; x_wconf 81' lang='grc' dir='ltr'>πτωχῶν</span> <span class='ocrx_word' id='word_1_286' title='bbox 568 3788 1007 3859; x_wconf 84' lang='grc' dir='ltr'>προϊστάμενος,</span> <span class='ocrx_word' id='word_1_287' title='bbox 1052 3788 1423 3861; x_wconf 84' lang='grc' dir='ltr'>ἀδικουμένων</span> <span class='ocrx_word' id='word_1_288' title='bbox 1485 3790 1859 3861; x_wconf 74' lang='grc' dir='ltr'>ὑπερασπιζό-</span> 
     </span>
    </p>
   </div>
   <div class='ocr_carea' id='block_1_42' title="bbox 279 3878 1860 3952">
    <p class='ocr_par' dir='ltr' id='par_1_42' title="bbox 279 3878 1860 3952">
     <span class='ocr_line' id='line_1_42' title="bbox 279 3878 1860 3952; baseline 0.003 -22"><span class='ocrx_word' id='word_1_289' title='bbox 279 3895 465 3949; x_wconf 87' lang='grc' dir='ltr'>μενος,</span> <span class='ocrx_word' id='word_1_290' title='bbox 526 3878 880 3948; x_wconf 79' lang='grc' dir='ltr'>Θλιδομένους</span> <span class='ocrx_word' id='word_1_291' title='bbox 943 3880 1465 3952; x_wconf 83' lang='grc' dir='ltr'>παραμυθούμενος,</span> <span class='ocrx_word' id='word_1_292' title='bbox 1523 3883 1618 3935; x_wconf 82' lang='grc' dir='ltr'><strong>καὶ</strong></span> <span class='ocrx_word' id='word_1_293' title='bbox 1679 3881 1860 3952; x_wconf 78' lang='grc' dir='ltr'>Θλίψιν</span> 
     </span>
    </p>
   </div>
   <div class='ocr_carea' id='block_1_43' title="bbox 276 3965 1861 4042">
    <p class='ocr_par' dir='ltr' id='par_1_43' title="bbox 276 3965 1861 4042">
     <span class='ocr_line' id='line_1_43' title="bbox 276 3965 1861 4042; baseline 0.001 -19"><span class='ocrx_word' id='word_1_294' title='bbox 276 3965 401 4023; x_wconf 67' lang='grc' dir='ltr'>οἷαν</span> <span class='ocrx_word' id='word_1_295' title='bbox 433 3967 602 4040; x_wconf 78' lang='grc' dir='ltr'>βούλῃ</span> <span class='ocrx_word' id='word_1_296' title='bbox 656 3968 1015 4039; x_wconf 76' lang='grc' dir='ltr'>πιεζομένους</span> <span class='ocrx_word' id='word_1_297' title='bbox 1074 3970 1414 4042; x_wconf 82' lang='grc' dir='ltr'>Θεραπεύων,</span> <span class='ocrx_word' id='word_1_298' title='bbox 1455 3970 1617 4025; x_wconf 87' lang='grc' dir='ltr'>τοῦτο</span> <span class='ocrx_word' id='word_1_299' title='bbox 1644 3971 1743 4041; x_wconf 80' lang='grc' dir='ltr'>μὲν</span> <span class='ocrx_word' id='word_1_300' title='bbox 1774 3970 1861 4026; x_wconf 71' lang='grc' dir='ltr'>διὰ</span> 
     </span>
    </p>
   </div>
   <div class='ocr_carea' id='block_1_44' title="bbox 275 4057 1855 4135">
    <p class='ocr_par' dir='ltr' id='par_1_44' title="bbox 275 4057 1855 4135">
     <span class='ocr_line' id='line_1_44' title="bbox 275 4057 1855 4135; baseline 0.001 -20"><span class='ocrx_word' id='word_1_301' title='bbox 275 4062 536 4134; x_wconf 79' lang='grc' dir='ltr'>γλώσσης</span> <span class='ocrx_word' id='word_1_302' title='bbox 566 4064 662 4117; x_wconf 73' lang='grc' dir='ltr'>καὶ</span> <span class='ocrx_word' id='word_1_303' title='bbox 696 4063 943 4134; x_wconf 82' lang='grc' dir='ltr'>μέλανος,</span> <span class='ocrx_word' id='word_1_304' title='bbox 977 4063 1098 4117; x_wconf 73' lang='grc' dir='ltr'>ἐπεὶ</span> <span class='ocrx_word' id='word_1_305' title='bbox 1130 4063 1206 4135; x_wconf 82' lang='grc' dir='ltr'>μὴ</span> <span class='ocrx_word' id='word_1_306' title='bbox 1237 4057 1383 4134; x_wconf 83' lang='grc' dir='ltr'>εἶχεν</span> <span class='ocrx_word' id='word_1_307' title='bbox 1416 4063 1559 4135; x_wconf 76' lang='grc' dir='ltr'>ἄλλῳ</span> <span class='ocrx_word' id='word_1_308' title='bbox 1588 4064 1697 4117; x_wconf 75' lang='grc' dir='ltr'>τινὶ</span> <span class='ocrx_word' id='word_1_309' title='bbox 1717 4080 1855 4135; x_wconf 77' lang='grc' dir='ltr'>φαρο</span> 
     </span>
    </p>
   </div>
   <div class='ocr_carea' id='block_1_45' title="bbox 276 4151 1861 4224">
    <p class='ocr_par' dir='ltr' id='par_1_45' title="bbox 276 4151 1861 4224">
     <span class='ocr_line' id='line_1_45' title="bbox 276 4151 1861 4224; baseline 0.001 -20"><span class='ocrx_word' id='word_1_310' title='bbox 276 4154 442 4224; x_wconf 81' lang='grc' dir='ltr'>μάκῳ</span> <span class='ocrx_word' id='word_1_311' title='bbox 463 4153 740 4223; x_wconf 80' lang='grc' dir='ltr'>ὲπαμύναι</span> <span class='ocrx_word' id='word_1_312' title='bbox 758 4152 836 4223; x_wconf 84' lang='grc' dir='ltr'>τῷ</span> <span class='ocrx_word' id='word_1_313' title='bbox 855 4153 1151 4223; x_wconf 82' lang='grc' dir='ltr'>προσιόντι,</span> <span class='ocrx_word' id='word_1_314' title='bbox 1178 4154 1272 4207; x_wconf 72' lang='grc' dir='ltr'><strong>καὶ</strong></span> <span class='ocrx_word' id='word_1_315' title='bbox 1296 4152 1482 4223; x_wconf 63' lang='grc' dir='ltr'>ἴσχυόν</span> <span class='ocrx_word' id='word_1_316' title='bbox 1506 4170 1572 4221; x_wconf 90' lang='grc' dir='ltr'><strong>γε</strong></span> <span class='ocrx_word' id='word_1_317' title='bbox 1592 4151 1861 4223; x_wconf 78' lang='grc' dir='ltr'>τδγράμ-</span> 
     </span>
    </p>
   </div>
   <div class='ocr_carea' id='block_1_46' title="bbox 1961 587 3537 666">
    <p class='ocr_par' dir='ltr' id='par_1_46' title="bbox 1961 587 3537 666">
     <span class='ocr_line' id='line_1_46' title="bbox 1961 587 3537 666; baseline 0.011 -25"><span class='ocrx_word' id='word_1_318' title='bbox 1961 587 2105 658; x_wconf 94' lang='lat' dir='ltr'><strong>quod</strong></span> <span class='ocrx_word' id='word_1_319' title='bbox 2128 604 2193 644; x_wconf 80' lang='lat' dir='ltr'><strong>ex</strong></span> <span class='ocrx_word' id='word_1_320' title='bbox 2221 604 2333 659; x_wconf 92' lang='lat' dir='ltr'><strong>quo</strong></span> <span class='ocrx_word' id='word_1_321' title='bbox 2363 606 2489 644; x_wconf 90' lang='lat' dir='ltr'><strong>cum</strong></span> <span class='ocrx_word' id='word_1_322' title='bbox 2520 591 2737 649; x_wconf 84' lang='lat' dir='ltr'><strong>civibus</strong></span> <span class='ocrx_word' id='word_1_323' title='bbox 2755 596 2959 650; x_wconf 87' lang='lat' dir='ltr'><strong>versari</strong></span> <span class='ocrx_word' id='word_1_324' title='bbox 2988 598 3172 666; x_wconf 89' lang='lat' dir='ltr'><strong>coepit,</strong></span> <span class='ocrx_word' id='word_1_325' title='bbox 3203 606 3346 657; x_wconf 87' lang='lat' dir='ltr'><strong>totas</strong></span> <span class='ocrx_word' id='word_1_326' title='bbox 3366 602 3537 658; x_wconf 85' lang='lat' dir='ltr'><strong>refcr-</strong></span> 
     </span>
    </p>
   </div>
   <div class='ocr_carea' id='block_1_47' title="bbox 1964 677 3536 759">
    <p class='ocr_par' dir='ltr' id='par_1_47' title="bbox 1964 677 3536 759">
     <span class='ocr_line' id='line_1_47' title="bbox 1964 677 3536 759; baseline 0.011 -28"><span class='ocrx_word' id='word_1_327' title='bbox 1964 677 2131 733; x_wconf 81' lang='lat' dir='ltr'><strong>mavit</strong></span> <span class='ocrx_word' id='word_1_328' title='bbox 2161 677 2421 742; x_wconf 87' lang='lat' dir='ltr'><strong>familias,</strong></span> <span class='ocrx_word' id='word_1_329' title='bbox 2453 691 2507 735; x_wconf 92' lang='lat' dir='ltr'><strong>et</strong></span> <span class='ocrx_word' id='word_1_330' title='bbox 2538 681 2605 736; x_wconf 91' lang='lat' dir='ltr'><strong>ad</strong></span> <span class='ocrx_word' id='word_1_331' title='bbox 2625 682 2845 739; x_wconf 85' lang='lat' dir='ltr'><strong>virtutis</strong></span> <span class='ocrx_word' id='word_1_332' title='bbox 2874 686 3080 741; x_wconf 91' lang='lat' dir='ltr'><strong>cultum</strong></span> <span class='ocrx_word' id='word_1_333' title='bbox 3106 691 3390 746; x_wconf 72' lang='lat' dir='ltr'><strong>convertit.</strong></span> <span class='ocrx_word' id='word_1_334' title='bbox 3421 692 3536 759; x_wconf 85' lang='lat' dir='ltr'><strong>Qua</strong></span> 
     </span>
    </p>
   </div>
   <div class='ocr_carea' id='block_1_48' title="bbox 1962 769 3538 840">
    <p class='ocr_par' dir='ltr' id='par_1_48' title="bbox 1962 769 3538 840">
     <span class='ocr_line' id='line_1_48' title="bbox 1962 769 3538 840; baseline 0.01 -18"><span class='ocrx_word' id='word_1_335' title='bbox 1962 769 2210 823; x_wconf 85' lang='lat' dir='ltr'><strong>ratione?</strong></span> <span class='ocrx_word' id='word_1_336' title='bbox 2243 769 2478 840; x_wconf 82' lang='lat' dir='ltr'><strong>inquies.</strong></span> <span class='ocrx_word' id='word_1_337' title='bbox 2494 770 3182 833; x_wconf 86' lang='lat' dir='ltr'><strong>Jurandiconsuetudinem</strong></span> <span class='ocrx_word' id='word_1_338' title='bbox 3216 781 3538 837; x_wconf 78' lang='lat' dir='ltr'><strong>exscinden-</strong></span> 
     </span>
    </p>
   </div>
   <div class='ocr_carea' id='block_1_49' title="bbox 1962 860 3531 943">
    <p class='ocr_par' dir='ltr' id='par_1_49' title="bbox 1962 860 3531 943">
     <span class='ocr_line' id='line_1_49' title="bbox 1962 860 3531 943; baseline 0.01 -30"><span class='ocrx_word' id='word_1_339' title='bbox 1962 860 2033 914; x_wconf 94' lang='lat' dir='ltr'><strong>do</strong></span> <span class='ocrx_word' id='word_1_340' title='bbox 2061 862 2339 915; x_wconf 89' lang='lat' dir='ltr'><strong>communi</strong></span> <span class='ocrx_word' id='word_1_341' title='bbox 2374 864 2588 918; x_wconf 83' lang='lat' dir='ltr'><strong>notoria</strong></span> <span class='ocrx_word' id='word_1_342' title='bbox 2625 880 2722 920; x_wconf 91' lang='lat' dir='ltr'><strong>sua</strong></span> <span class='ocrx_word' id='word_1_343' title='bbox 2747 866 3323 939; x_wconf 81' lang='lat' dir='ltr'><strong>lingua:reprimendo</strong></span> <span class='ocrx_word' id='word_1_344' title='bbox 3339 888 3531 943; x_wconf 89' lang='lat' dir='ltr'><strong>corpo-</strong></span> 
     </span>
    </p>
   </div>
   <div class='ocr_carea' id='block_1_50' title="bbox 1963 950 3533 1031">
    <p class='ocr_par' dir='ltr' id='par_1_50' title="bbox 1963 950 3533 1031">
     <span class='ocr_line' id='line_1_50' title="bbox 1963 950 3533 1031; baseline 0.01 -27"><span class='ocrx_word' id='word_1_345' title='bbox 1963 950 2041 1005; x_wconf 90' lang='lat' dir='ltr'><strong>ris</strong></span> <span class='ocrx_word' id='word_1_346' title='bbox 2070 960 2320 1005; x_wconf 89' lang='lat' dir='ltr'><strong>ornatum</strong></span> <span class='ocrx_word' id='word_1_347' title='bbox 2342 953 2700 1024; x_wconf 84' lang='lat' dir='ltr'><strong>superfluum,</strong></span> <span class='ocrx_word' id='word_1_348' title='bbox 2728 972 2826 1012; x_wconf 91' lang='lat' dir='ltr'><strong>sua</strong></span> <span class='ocrx_word' id='word_1_349' title='bbox 2857 960 3209 1018; x_wconf 87' lang='lat' dir='ltr'><strong>ornatissima</strong></span> <span class='ocrx_word' id='word_1_350' title='bbox 3265 964 3533 1031; x_wconf 72' lang='lat' dir='ltr'><strong>doctrina,</strong></span> 
     </span>
    </p>
   </div>
   <div class='ocr_carea' id='block_1_51' title="bbox 1961 1041 3533 1119">
    <p class='ocr_par' dir='ltr' id='par_1_51' title="bbox 1961 1041 3533 1119">
     <span class='ocr_line' id='line_1_51' title="bbox 1961 1041 3533 1119; baseline 0.006 -24"><span class='ocrx_word' id='word_1_351' title='bbox 1961 1041 2345 1095; x_wconf 84' lang='lat' dir='ltr'><strong>dissertatione</strong></span> <span class='ocrx_word' id='word_1_352' title='bbox 2369 1042 2558 1096; x_wconf 84' lang='lat' dir='ltr'><strong>morali</strong></span> <span class='ocrx_word' id='word_1_353' title='bbox 2592 1044 2917 1100; x_wconf 90' lang='lat' dir='ltr'><strong>inculcando</strong></span> <span class='ocrx_word' id='word_1_354' title='bbox 2944 1062 3185 1103; x_wconf 88' lang='lat' dir='ltr'><strong>amorem</strong></span> <span class='ocrx_word' id='word_1_355' title='bbox 3213 1065 3533 1119; x_wconf 84' lang='lat' dir='ltr'><strong>pauperum,</strong></span> 
     </span>
    </p>
   </div>
   <div class='ocr_carea' id='block_1_52' title="bbox 1964 1132 3537 1209">
    <p class='ocr_par' dir='ltr' id='par_1_52' title="bbox 1964 1132 3537 1209">
     <span class='ocr_line' id='line_1_52' title="bbox 1964 1132 3537 1209; baseline 0.008 -24"><span class='ocrx_word' id='word_1_356' title='bbox 1964 1134 2107 1186; x_wconf 90' lang='lat' dir='ltr'><strong>unde</strong></span> <span class='ocrx_word' id='word_1_357' title='bbox 2132 1132 2445 1202; x_wconf 89' lang='lat' dir='ltr'><strong>largitiones</strong></span> <span class='ocrx_word' id='word_1_358' title='bbox 2477 1135 2805 1202; x_wconf 67' lang='lat' dir='ltr'><strong>pecuniariae</strong></span> <span class='ocrx_word' id='word_1_359' title='bbox 2826 1146 2880 1192; x_wconf 91' lang='lat' dir='ltr'><strong>et</strong></span> <span class='ocrx_word' id='word_1_360' title='bbox 2914 1138 3393 1209; x_wconf 89' lang='lat' dir='ltr'><strong>eleemosyuarum</strong></span> <span class='ocrx_word' id='word_1_361' title='bbox 3426 1141 3537 1197; x_wconf 84' lang='lat' dir='ltr'><strong>dis-</strong></span> 
     </span>
    </p>
   </div>
   <div class='ocr_carea' id='block_1_53' title="bbox 1963 1223 3535 1299">
    <p class='ocr_par' dir='ltr' id='par_1_53' title="bbox 1963 1223 3535 1299">
     <span class='ocr_line' id='line_1_53' title="bbox 1963 1223 3535 1299; baseline 0.006 -23"><span class='ocrx_word' id='word_1_362' title='bbox 1963 1223 2283 1278; x_wconf 86' lang='lat' dir='ltr'><strong>tributiones</strong></span> <span class='ocrx_word' id='word_1_363' title='bbox 2334 1224 2596 1292; x_wconf 55' lang='lat' dir='ltr'><strong>publica,</strong></span> <span class='ocrx_word' id='word_1_364' title='bbox 2660 1242 2753 1294; x_wconf 89' lang='lat' dir='ltr'><strong>per</strong></span> <span class='ocrx_word' id='word_1_365' title='bbox 2787 1226 2902 1281; x_wconf 88' lang='lat' dir='ltr'><strong>loca</strong></span> <span class='ocrx_word' id='word_1_366' title='bbox 2939 1228 2992 1282; x_wconf 91' lang='lat' dir='ltr'><strong>in</strong></span> <span class='ocrx_word' id='word_1_367' title='bbox 3049 1229 3248 1299; x_wconf 88' lang='lat' dir='ltr'><strong>quibus</strong></span> <span class='ocrx_word' id='word_1_368' title='bbox 3312 1245 3535 1285; x_wconf 86' lang='lat' dir='ltr'><strong>exerce-</strong></span> 
     </span>
    </p>
   </div>
   <div class='ocr_carea' id='block_1_54' title="bbox 1966 1314 3534 1411">
    <p class='ocr_par' dir='ltr' id='par_1_54' title="bbox 1966 1314 3534 1411">
     <span class='ocr_line' id='line_1_54' title="bbox 1966 1314 3534 1411; baseline 0.005 -43"><span class='ocrx_word' id='word_1_369' title='bbox 1966 1314 2162 1380; x_wconf 82' lang='lat' dir='ltr'><strong>batur;</strong></span> <span class='ocrx_word' id='word_1_370' title='bbox 2189 1318 2255 1369; x_wconf 90' lang='lat' dir='ltr'><strong>ad</strong></span> <span class='ocrx_word' id='word_1_371' title='bbox 2288 1314 2575 1369; x_wconf 88' lang='lat' dir='ltr'><strong>lectionem</strong></span> <span class='ocrx_word' id='word_1_372' title='bbox 2603 1316 2838 1411; x_wconf 52' lang='lat' dir='ltr'><strong>dtwique</strong></span> <span class='ocrx_word' id='word_1_373' title='bbox 2876 1320 3025 1388; x_wconf 86' lang='lat' dir='ltr'><strong>piam</strong></span> <span class='ocrx_word' id='word_1_374' title='bbox 3055 1333 3105 1377; x_wconf 90' lang='lat' dir='ltr'><strong>et</strong></span> <span class='ocrx_word' id='word_1_375' title='bbox 3134 1322 3203 1375; x_wconf 88' lang='lat' dir='ltr'><strong>ad</strong></span> <span class='ocrx_word' id='word_1_376' title='bbox 3260 1321 3534 1393; x_wconf 75' lang='lat' dir='ltr'><strong>quidquid</strong></span> 
     </span>
    </p>
   </div>
   <div class='ocr_carea' id='block_1_55' title="bbox 1966 1405 3536 1482">
    <p class='ocr_par' dir='ltr' id='par_1_55' title="bbox 1966 1405 3536 1482">
     <span class='ocr_line' id='line_1_55' title="bbox 1966 1405 3536 1482; baseline 0.005 -22"><span class='ocrx_word' id='word_1_377' title='bbox 1966 1416 2048 1460; x_wconf 85' lang='lat' dir='ltr'><strong>est</strong></span> <span class='ocrx_word' id='word_1_378' title='bbox 2076 1405 2347 1461; x_wconf 87' lang='lat' dir='ltr'><strong>bonorum</strong></span> <span class='ocrx_word' id='word_1_379' title='bbox 2378 1422 2603 1477; x_wconf 87' lang='lat' dir='ltr'><strong>operum</strong></span> <span class='ocrx_word' id='word_1_380' title='bbox 2631 1405 2959 1475; x_wconf 74' lang='lat' dir='ltr'><strong>inducendo,</strong></span> <span class='ocrx_word' id='word_1_381' title='bbox 2996 1412 3160 1482; x_wconf 85' lang='lat' dir='ltr'><strong>idque</strong></span> <span class='ocrx_word' id='word_1_382' title='bbox 3194 1413 3246 1467; x_wconf 91' lang='lat' dir='ltr'><strong>in</strong></span> <span class='ocrx_word' id='word_1_383' title='bbox 3279 1428 3536 1482; x_wconf 82' lang='lat' dir='ltr'><strong>pressura</strong></span> 
     </span>
    </p>
   </div>
   <div class='ocr_carea' id='block_1_56' title="bbox 1965 1496 3537 1576">
    <p class='ocr_par' dir='ltr' id='par_1_56' title="bbox 1965 1496 3537 1576">
     <span class='ocr_line' id='line_1_56' title="bbox 1965 1496 3537 1576; baseline 0.006 -25"><span class='ocrx_word' id='word_1_384' title='bbox 1965 1508 2022 1551; x_wconf 89' lang='lat' dir='ltr'><strong>et</strong></span> <span class='ocrx_word' id='word_1_385' title='bbox 2044 1496 2383 1567; x_wconf 76' lang='lat' dir='ltr'><strong>fatigatione,</strong></span> <span class='ocrx_word' id='word_1_386' title='bbox 2410 1499 2501 1552; x_wconf 91' lang='lat' dir='ltr'><strong>diu</strong></span> <span class='ocrx_word' id='word_1_387' title='bbox 2528 1509 2801 1571; x_wconf 88' lang='lat' dir='ltr'><strong>noctuque</strong></span> <span class='ocrx_word' id='word_1_388' title='bbox 2836 1502 3111 1570; x_wconf 86' lang='lat' dir='ltr'><strong>laborans,</strong></span> <span class='ocrx_word' id='word_1_389' title='bbox 3144 1505 3398 1576; x_wconf 80' lang='lat' dir='ltr'><strong>vigilans,</strong></span> <span class='ocrx_word' id='word_1_390' title='bbox 3424 1506 3537 1561; x_wconf 86' lang='lat' dir='ltr'><strong>dis-</strong></span> 
     </span>
    </p>
   </div>
   <div class='ocr_carea' id='block_1_57' title="bbox 1972 1592 3538 1666">
    <p class='ocr_par' dir='ltr' id='par_1_57' title="bbox 1972 1592 3538 1666">
     <span class='ocr_line' id='line_1_57' title="bbox 1972 1592 3538 1666; baseline 0.005 -24"><span class='ocrx_word' id='word_1_391' title='bbox 1972 1603 2238 1653; x_wconf 88' lang='lat' dir='ltr'><strong>currens,</strong></span> <span class='ocrx_word' id='word_1_392' title='bbox 2275 1597 2336 1643; x_wconf 92' lang='lat' dir='ltr'><strong>ut</strong></span> <span class='ocrx_word' id='word_1_393' title='bbox 2388 1599 2608 1660; x_wconf 85' lang='lat' dir='ltr'><strong>accepta</strong></span> <span class='ocrx_word' id='word_1_394' title='bbox 2676 1592 2746 1647; x_wconf 91' lang='lat' dir='ltr'><strong>ab</strong></span> <span class='ocrx_word' id='word_1_395' title='bbox 2793 1593 2985 1648; x_wconf 85' lang='lat' dir='ltr'><strong>amicis</strong></span> <span class='ocrx_word' id='word_1_396' title='bbox 3030 1596 3385 1666; x_wconf 82' lang='lat' dir='ltr'><strong>cognatisque</strong></span> <span class='ocrx_word' id='word_1_397' title='bbox 3440 1596 3538 1650; x_wconf 80' lang='lat' dir='ltr'><strong>lio-</strong></span> 
     </span>
    </p>
   </div>
   <div class='ocr_carea' id='block_1_58' title="bbox 1966 1678 3533 1752">
    <p class='ocr_par' dir='ltr' id='par_1_58' title="bbox 1966 1678 3533 1752">
     <span class='ocr_line' id='line_1_58' title="bbox 1966 1678 3533 1752; baseline 0.005 -21"><span class='ocrx_word' id='word_1_398' title='bbox 1966 1678 2249 1748; x_wconf 85' lang='lat' dir='ltr'><strong>pitalitatis</strong></span> <span class='ocrx_word' id='word_1_399' title='bbox 2286 1679 2477 1734; x_wconf 84' lang='lat' dir='ltr'><strong>solatia</strong></span> <span class='ocrx_word' id='word_1_400' title='bbox 2503 1691 2744 1750; x_wconf 64' lang='lat' dir='ltr'><strong>aequaret</strong></span> <span class='ocrx_word' id='word_1_401' title='bbox 2795 1683 3085 1739; x_wconf 84' lang='lat' dir='ltr'><strong>tolerantia</strong></span> <span class='ocrx_word' id='word_1_402' title='bbox 3139 1700 3533 1752; x_wconf 66' lang='lat' dir='ltr'><strong>aerumnarum,</strong></span> 
     </span>
    </p>
   </div>
   <div class='ocr_carea' id='block_1_59' title="bbox 1967 1770 3535 1848">
    <p class='ocr_par' dir='ltr' id='par_1_59' title="bbox 1967 1770 3535 1848">
     <span class='ocr_line' id='line_1_59' title="bbox 1967 1770 3535 1848; baseline 0.005 -24"><span class='ocrx_word' id='word_1_403' title='bbox 1967 1770 2085 1841; x_wconf 89' lang='lat' dir='ltr'><strong>ipso</strong></span> <span class='ocrx_word' id='word_1_404' title='bbox 2115 1786 2279 1841; x_wconf 87' lang='lat' dir='ltr'><strong>opere</strong></span> <span class='ocrx_word' id='word_1_405' title='bbox 2299 1787 2423 1826; x_wconf 92' lang='lat' dir='ltr'><strong>cum</strong></span> <span class='ocrx_word' id='word_1_406' title='bbox 2450 1772 2714 1843; x_wconf 85' lang='lat' dir='ltr'><strong>Apostolo</strong></span> <span class='ocrx_word' id='word_1_407' title='bbox 2762 1785 3067 1844; x_wconf 88' lang='lat' dir='ltr'><strong>protestans</strong></span> <span class='ocrx_word' id='word_1_408' title='bbox 3104 1794 3117 1831; x_wconf 90' lang='lat'><strong>:</strong></span> <span class='ocrx_word' id='word_1_409' title='bbox 3151 1776 3363 1848; x_wconf 74' lang='lat' dir='ltr'><strong>Castigo</strong></span> <span class='ocrx_word' id='word_1_410' title='bbox 3417 1794 3535 1832; x_wconf 85' lang='lat' dir='ltr'><strong>cor—</strong></span> 
     </span>
    </p>
   </div>
   <div class='ocr_carea' id='block_1_60' title="bbox 1966 1865 3534 1940">
    <p class='ocr_par' dir='ltr' id='par_1_60' title="bbox 1966 1865 3534 1940">
     <span class='ocr_line' id='line_1_60' title="bbox 1966 1865 3534 1940; baseline 0.005 -24"><span class='ocrx_word' id='word_1_411' title='bbox 1966 1879 2062 1933; x_wconf 76' lang='lat' dir='ltr'><strong>pus</strong></span> <span class='ocrx_word' id='word_1_412' title='bbox 2090 1879 2261 1918; x_wconf 86' lang='lat' dir='ltr'><strong>meum</strong></span> <span class='ocrx_word' id='word_1_413' title='bbox 2300 1873 2349 1918; x_wconf 87' lang='lat' dir='ltr'><strong>et</strong></span> <span class='ocrx_word' id='word_1_414' title='bbox 2390 1865 2446 1918; x_wconf 80' lang='lat' dir='ltr'><strong>in</strong></span> <span class='ocrx_word' id='word_1_415' title='bbox 2481 1866 2780 1920; x_wconf 73' lang='lat' dir='ltr'><strong>servitutem</strong></span> <span class='ocrx_word' id='word_1_416' title='bbox 2827 1868 3033 1938; x_wconf 85' lang='lat' dir='ltr'><strong>redigo;</strong></span> <span class='ocrx_word' id='word_1_417' title='bbox 3091 1885 3153 1922; x_wconf 86' lang='lat' dir='ltr'><strong>ne</strong></span> <span class='ocrx_word' id='word_1_418' title='bbox 3197 1879 3534 1940; x_wconf 71' lang='lat' dir='ltr'><strong>posteaquam</strong></span> 
     </span>
    </p>
   </div>
   <div class='ocr_carea' id='block_1_61' title="bbox 1966 1956 3184 2030">
    <p class='ocr_par' dir='ltr' id='par_1_61' title="bbox 1966 1956 3184 2030">
     <span class='ocr_line' id='line_1_61' title="bbox 1966 1956 3184 2030; baseline 0.006 -21"><span class='ocrx_word' id='word_1_419' title='bbox 1966 1956 2087 2012; x_wconf 76' lang='lat' dir='ltr'><strong>aliis</strong></span> <span class='ocrx_word' id='word_1_420' title='bbox 2111 1956 2483 2028; x_wconf 77' lang='lat' dir='ltr'><strong>prwdicavero,</strong></span> <span class='ocrx_word' id='word_1_421' title='bbox 2511 1957 2616 2027; x_wconf 80' lang='lat' dir='ltr'><strong>ipse</strong></span> <span class='ocrx_word' id='word_1_422' title='bbox 2642 1958 2891 2029; x_wconf 75' lang='lat' dir='ltr'><strong>reprobus</strong></span> <span class='ocrx_word' id='word_1_423' title='bbox 2914 1960 3107 2030; x_wconf 64' lang='lat' dir='ltr'><strong>adiciat</strong></span> <span class='ocrx_word' id='word_1_424' title='bbox 3140 1961 3184 2016; x_wconf 79' lang='grc'><strong>⁸.</strong></span> 
     </span>
    </p>
   </div>
   <div class='ocr_carea' id='block_1_62' title="bbox 2035 2131 3537 2208">
    <p class='ocr_par' dir='ltr' id='par_1_62' title="bbox 2035 2131 3537 2208">
     <span class='ocr_line' id='line_1_62' title="bbox 2035 2131 3537 2208; baseline 0.005 -22"><span class='ocrx_word' id='word_1_425' title='bbox 2035 2132 2124 2188; x_wconf 81' lang='grc'><strong>19.</strong></span> <span class='ocrx_word' id='word_1_426' title='bbox 2158 2131 2464 2188; x_wconf 90' lang='lat' dir='ltr'><strong>Sustulerat</strong></span> <span class='ocrx_word' id='word_1_427' title='bbox 2492 2147 2622 2204; x_wconf 86' lang='lat' dir='ltr'><strong>ergo</strong></span> <span class='ocrx_word' id='word_1_428' title='bbox 2648 2133 2923 2204; x_wconf 89' lang='lat' dir='ltr'><strong>publicum</strong></span> <span class='ocrx_word' id='word_1_429' title='bbox 2980 2136 3277 2208; x_wconf 87' lang='lat' dir='ltr'><strong>reguatrici</strong></span> <span class='ocrx_word' id='word_1_430' title='bbox 3328 2137 3537 2198; x_wconf 73' lang='lat' dir='ltr'><strong>civitati</strong></span> 
     </span>
    </p>
   </div>
   <div class='ocr_carea' id='block_1_63' title="bbox 1965 2224 3535 2301">
    <p class='ocr_par' dir='ltr' id='par_1_63' title="bbox 1965 2224 3535 2301">
     <span class='ocr_line' id='line_1_63' title="bbox 1965 2224 3535 2301; baseline 0.003 -22"><span class='ocrx_word' id='word_1_431' title='bbox 1965 2224 2203 2295; x_wconf 86' lang='lat' dir='ltr'><strong>signum,</strong></span> <span class='ocrx_word' id='word_1_432' title='bbox 2259 2224 2465 2280; x_wconf 88' lang='lat' dir='ltr'><strong>habens</strong></span> <span class='ocrx_word' id='word_1_433' title='bbox 2491 2241 2822 2292; x_wconf 75' lang='lat' dir='ltr'><strong>sermonem,</strong></span> <span class='ocrx_word' id='word_1_434' title='bbox 2851 2227 2940 2283; x_wconf 93' lang='lat' dir='ltr'><strong>cui</strong></span> <span class='ocrx_word' id='word_1_435' title='bbox 2971 2228 3083 2283; x_wconf 89' lang='lat' dir='ltr'><strong>vita</strong></span> <span class='ocrx_word' id='word_1_436' title='bbox 3111 2245 3357 2300; x_wconf 81' lang='lat' dir='ltr'><strong>congrua</strong></span> <span class='ocrx_word' id='word_1_437' title='bbox 3398 2247 3535 2301; x_wconf 76' lang='lat' dir='ltr'><strong>prte-</strong></span> 
     </span>
    </p>
   </div>
   <div class='ocr_carea' id='block_1_64' title="bbox 1964 2317 3537 2394">
    <p class='ocr_par' dir='ltr' id='par_1_64' title="bbox 1964 2317 3537 2394">
     <span class='ocr_line' id='line_1_64' title="bbox 1964 2317 3537 2394; baseline 0.004 -22"><span class='ocrx_word' id='word_1_438' title='bbox 1964 2317 2117 2373; x_wconf 87' lang='lat' dir='ltr'><strong>beret</strong></span> <span class='ocrx_word' id='word_1_439' title='bbox 2136 2318 2508 2373; x_wconf 91' lang='lat' dir='ltr'><strong>testimonium</strong></span> <span class='ocrx_word' id='word_1_440' title='bbox 2542 2334 2556 2370; x_wconf 94' lang='lat'><strong>:</strong></span> <span class='ocrx_word' id='word_1_441' title='bbox 2589 2319 2727 2374; x_wconf 88' lang='lat' dir='ltr'><strong>adeo</strong></span> <span class='ocrx_word' id='word_1_442' title='bbox 2761 2328 2841 2383; x_wconf 90' lang='lat' dir='ltr'><strong>ut,</strong></span> <span class='ocrx_word' id='word_1_443' title='bbox 2878 2336 2945 2377; x_wconf 82' lang='lat' dir='ltr'><strong>ex</strong></span> <span class='ocrx_word' id='word_1_444' title='bbox 2973 2321 3093 2392; x_wconf 83' lang='lat' dir='ltr'><strong>ipsa</strong></span> <span class='ocrx_word' id='word_1_445' title='bbox 3151 2323 3247 2378; x_wconf 89' lang='lat' dir='ltr'><strong>vili</strong></span> <span class='ocrx_word' id='word_1_446' title='bbox 3291 2323 3537 2394; x_wconf 81' lang='lat' dir='ltr'><strong>abjecto-</strong></span> 
     </span>
    </p>
   </div>
   <div class='ocr_carea' id='block_1_65' title="bbox 1964 2394 3545 2480">
    <p class='ocr_par' dir='ltr' id='par_1_65' title="bbox 1964 2394 3545 2480">
     <span class='ocr_line' id='line_1_65' title="bbox 1964 2394 3545 2480; baseline 0.006 -16"><span class='ocrx_word' id='word_1_447' title='bbox 1964 2425 2072 2480; x_wconf 92' lang='lat' dir='ltr'><strong>que</strong></span> <span class='ocrx_word' id='word_1_448' title='bbox 2099 2394 2286 2465; x_wconf 82' lang='lat' dir='ltr'><strong>habitu</strong></span> <span class='ocrx_word' id='word_1_449' title='bbox 2320 2410 2627 2467; x_wconf 83' lang='lat' dir='ltr'><strong>videntibus</strong></span> <span class='ocrx_word' id='word_1_450' title='bbox 2655 2421 2801 2468; x_wconf 88' lang='lat' dir='ltr'><strong>esset</strong></span> <span class='ocrx_word' id='word_1_451' title='bbox 2848 2413 2914 2469; x_wconf 89' lang='lat' dir='ltr'><strong>ad</strong></span> <span class='ocrx_word' id='word_1_452' title='bbox 2968 2413 3222 2469; x_wconf 88' lang='lat' dir='ltr'><strong>virtutem</strong></span> <span class='ocrx_word' id='word_1_453' title='bbox 3264 2415 3545 2474; x_wconf 83' lang='lat' dir='ltr'><strong>hortator..</strong></span> 
     </span>
    </p>
   </div>
   <div class='ocr_carea' id='block_1_66' title="bbox 1963 2502 3534 2573">
    <p class='ocr_par' dir='ltr' id='par_1_66' title="bbox 1963 2502 3534 2573">
     <span class='ocr_line' id='line_1_66' title="bbox 1963 2502 3534 2573; baseline 0.003 -17"><span class='ocrx_word' id='word_1_454' title='bbox 1963 2502 2122 2569; x_wconf 84' lang='lat' dir='ltr'><strong>Quod</strong></span> <span class='ocrx_word' id='word_1_455' title='bbox 2162 2503 2232 2568; x_wconf 93' lang='lat' dir='ltr'><strong>si,</strong></span> <span class='ocrx_word' id='word_1_456' title='bbox 2265 2504 2390 2573; x_wconf 85' lang='lat' dir='ltr'><strong>quia</strong></span> <span class='ocrx_word' id='word_1_457' title='bbox 2418 2502 2665 2559; x_wconf 88' lang='lat' dir='ltr'><strong>urbanus</strong></span> <span class='ocrx_word' id='word_1_458' title='bbox 2690 2513 2825 2569; x_wconf 85' lang='lat' dir='ltr'><strong>erat,</strong></span> <span class='ocrx_word' id='word_1_459' title='bbox 2850 2504 3121 2560; x_wconf 89' lang='lat' dir='ltr'><strong>suavitate</strong></span> <span class='ocrx_word' id='word_1_460' title='bbox 3150 2505 3385 2573; x_wconf 87' lang='lat' dir='ltr'><strong>quadam</strong></span> <span class='ocrx_word' id='word_1_461' title='bbox 3403 2521 3534 2562; x_wconf 82' lang='lat' dir='ltr'><strong>con-</strong></span> 
     </span>
    </p>
   </div>
   <div class='ocr_carea' id='block_1_67' title="bbox 1963 2594 3540 2669">
    <p class='ocr_par' dir='ltr' id='par_1_67' title="bbox 1963 2594 3540 2669">
     <span class='ocr_line' id='line_1_67' title="bbox 1963 2594 3540 2669; baseline 0.002 -19"><span class='ocrx_word' id='word_1_462' title='bbox 1963 2595 2147 2650; x_wconf 82' lang='lat' dir='ltr'><strong>diebat</strong></span> <span class='ocrx_word' id='word_1_463' title='bbox 2170 2594 2488 2660; x_wconf 87' lang='lat' dir='ltr'><strong>dictionem,</strong></span> <span class='ocrx_word' id='word_1_464' title='bbox 2534 2604 2594 2649; x_wconf 94' lang='lat' dir='ltr'><strong>ut</strong></span> <span class='ocrx_word' id='word_1_465' title='bbox 2622 2610 2681 2651; x_wconf 91' lang='lat' dir='ltr'><strong>se</strong></span> <span class='ocrx_word' id='word_1_466' title='bbox 2710 2603 2926 2665; x_wconf 89' lang='lat' dir='ltr'><strong>aptaret</strong></span> <span class='ocrx_word' id='word_1_467' title='bbox 2948 2596 3289 2652; x_wconf 90' lang='lat' dir='ltr'><strong>audientium</strong></span> <span class='ocrx_word' id='word_1_468' title='bbox 3331 2598 3491 2669; x_wconf 82' lang='lat' dir='ltr'><strong>genio</strong></span> <span class='ocrx_word' id='word_1_469' title='bbox 3517 2614 3540 2663; x_wconf 65' lang='grc' dir='ltr'><strong>ί</strong></span> 
     </span>
    </p>
   </div>
   <div class='ocr_carea' id='block_1_68' title="bbox 1962 2682 3528 2753">
    <p class='ocr_par' dir='ltr' id='par_1_68' title="bbox 1962 2682 3528 2753">
     <span class='ocr_line' id='line_1_68' title="bbox 1962 2682 3528 2753; baseline 0 -13"><span class='ocrx_word' id='word_1_470' title='bbox 1962 2684 2340 2740; x_wconf 87' lang='lat' dir='ltr'><strong>consideretur</strong></span> <span class='ocrx_word' id='word_1_471' title='bbox 2374 2682 2612 2748; x_wconf 88' lang='lat' dir='ltr'><strong>fructus,</strong></span> <span class='ocrx_word' id='word_1_472' title='bbox 2653 2692 2707 2737; x_wconf 89' lang='lat' dir='ltr'><strong>et</strong></span> <span class='ocrx_word' id='word_1_473' title='bbox 2738 2699 2845 2737; x_wconf 91' lang='lat' dir='ltr'><strong>non</strong></span> <span class='ocrx_word' id='word_1_474' title='bbox 2875 2682 3281 2753; x_wconf 86' lang='lat' dir='ltr'><strong>vituperabitur</strong></span> <span class='ocrx_word' id='word_1_475' title='bbox 3314 2684 3528 2740; x_wconf 89' lang='lat' dir='ltr'><strong>modus.</strong></span> 
     </span>
    </p>
   </div>
   <div class='ocr_carea' id='block_1_69' title="bbox 1963 2773 3537 2845">
    <p class='ocr_par' dir='ltr' id='par_1_69' title="bbox 1963 2773 3537 2845">
     <span class='ocr_line' id='line_1_69' title="bbox 1963 2773 3537 2845; baseline -0.001 -14"><span class='ocrx_word' id='word_1_476' title='bbox 1963 2776 2097 2844; x_wconf 86' lang='lat' dir='ltr'><strong>Quis</strong></span> <span class='ocrx_word' id='word_1_477' title='bbox 2135 2786 2317 2831; x_wconf 88' lang='lat' dir='ltr'><strong>autem</strong></span> <span class='ocrx_word' id='word_1_478' title='bbox 2395 2775 2548 2831; x_wconf 87' lang='lat' dir='ltr'><strong>iste?</strong></span> <span class='ocrx_word' id='word_1_479' title='bbox 2622 2773 2976 2830; x_wconf 80' lang='lat' dir='ltr'><strong>Peccantium</strong></span> <span class='ocrx_word' id='word_1_480' title='bbox 3032 2775 3415 2845; x_wconf 87' lang='lat' dir='ltr'><strong>resipisccntia</strong></span> <span class='ocrx_word' id='word_1_481' title='bbox 3480 2783 3537 2830; x_wconf 87' lang='lat' dir='ltr'><strong>et</strong></span> 
     </span>
    </p>
   </div>
   <div class='ocr_carea' id='block_1_70' title="bbox 1961 2866 3537 2938">
    <p class='ocr_par' dir='ltr' id='par_1_70' title="bbox 1961 2866 3537 2938">
     <span class='ocr_line' id='line_1_70' title="bbox 1961 2866 3537 2938; baseline -0.001 -14"><span class='ocrx_word' id='word_1_482' title='bbox 1961 2868 2161 2924; x_wconf 64' lang='lat' dir='ltr'><strong>saeculo</strong></span> <span class='ocrx_word' id='word_1_483' title='bbox 2189 2867 2616 2922; x_wconf 83' lang='lat' dir='ltr'><strong>renuntiantium</strong></span> <span class='ocrx_word' id='word_1_484' title='bbox 2648 2867 2956 2922; x_wconf 81' lang='lat' dir='ltr'><strong>multitudo.</strong></span> <span class='ocrx_word' id='word_1_485' title='bbox 2987 2866 3204 2923; x_wconf 82' lang='lat' dir='ltr'><strong>Primus</strong></span> <span class='ocrx_word' id='word_1_486' title='bbox 3236 2874 3537 2938; x_wconf 87' lang='lat' dir='ltr'><strong>namqueet</strong></span> 
     </span>
    </p>
   </div>
   <div class='ocr_carea' id='block_1_71' title="bbox 1962 2957 3538 3030">
    <p class='ocr_par' dir='ltr' id='par_1_71' title="bbox 1962 2957 3538 3030">
     <span class='ocr_line' id='line_1_71' title="bbox 1962 2957 3538 3030; baseline -0.002 -15"><span class='ocrx_word' id='word_1_487' title='bbox 1962 2961 2131 3024; x_wconf 89' lang='lat' dir='ltr'><strong>solus,</strong></span> <span class='ocrx_word' id='word_1_488' title='bbox 2160 2971 2217 3013; x_wconf 93' lang='lat' dir='ltr'><strong>ut</strong></span> <span class='ocrx_word' id='word_1_489' title='bbox 2246 2960 2289 3013; x_wconf 87' lang='lat' dir='ltr'><strong>si</strong></span> <span class='ocrx_word' id='word_1_490' title='bbox 2340 2958 2545 3022; x_wconf 88' lang='lat' dir='ltr'><strong>dicam,</strong></span> <span class='ocrx_word' id='word_1_491' title='bbox 2588 2957 2713 3025; x_wconf 87' lang='lat' dir='ltr'><strong>fuit,</strong></span> <span class='ocrx_word' id='word_1_492' title='bbox 2739 2959 2831 3030; x_wconf 92' lang='lat' dir='ltr'><strong>qui</strong></span> <span class='ocrx_word' id='word_1_493' title='bbox 2865 2958 3049 3030; x_wconf 82' lang='lat' dir='ltr'><strong>generi</strong></span> <span class='ocrx_word' id='word_1_494' title='bbox 3101 2967 3314 3025; x_wconf 89' lang='lat' dir='ltr'><strong>nostro,</strong></span> <span class='ocrx_word' id='word_1_495' title='bbox 3348 2959 3538 3028; x_wconf 87' lang='lat' dir='ltr'><strong>eisque</strong></span> 
     </span>
    </p>
   </div>
   <div class='ocr_carea' id='block_1_72' title="bbox 1960 3049 3537 3122">
    <p class='ocr_par' dir='ltr' id='par_1_72' title="bbox 1960 3049 3537 3122">
     <span class='ocr_line' id='line_1_72' title="bbox 1960 3049 3537 3122; baseline 0 -18"><span class='ocrx_word' id='word_1_496' title='bbox 1960 3052 2052 3122; x_wconf 91' lang='lat' dir='ltr'><strong>qui</strong></span> <span class='ocrx_word' id='word_1_497' title='bbox 2073 3061 2227 3106; x_wconf 84' lang='lat' dir='ltr'><strong>extra</strong></span> <span class='ocrx_word' id='word_1_498' title='bbox 2261 3050 2392 3104; x_wconf 91' lang='lat' dir='ltr'><strong>illud</strong></span> <span class='ocrx_word' id='word_1_499' title='bbox 2422 3058 2578 3105; x_wconf 86' lang='lat' dir='ltr'><strong>erant</strong></span> <span class='ocrx_word' id='word_1_500' title='bbox 2611 3050 2728 3105; x_wconf 90' lang='lat' dir='ltr'><strong>alas</strong></span> <span class='ocrx_word' id='word_1_501' title='bbox 2753 3050 2958 3119; x_wconf 75' lang='lat' dir='ltr'><strong>addidit</strong></span> <span class='ocrx_word' id='word_1_502' title='bbox 2986 3049 3051 3105; x_wconf 89' lang='lat' dir='ltr'><strong>ad</strong></span> <span class='ocrx_word' id='word_1_503' title='bbox 3080 3050 3360 3115; x_wconf 86' lang='lat' dir='ltr'><strong>virtutem,</strong></span> <span class='ocrx_word' id='word_1_504' title='bbox 3408 3065 3537 3104; x_wconf 87' lang='lat' dir='ltr'><strong>nos-</strong></span> 
     </span>
    </p>
   </div>
   <div class='ocr_carea' id='block_1_73' title="bbox 1960 3140 3536 3213">
    <p class='ocr_par' dir='ltr' id='par_1_73' title="bbox 1960 3140 3536 3213">
     <span class='ocr_line' id='line_1_73' title="bbox 1960 3140 3536 3213; baseline -0.001 -16"><span class='ocrx_word' id='word_1_505' title='bbox 1960 3158 2067 3213; x_wconf 85' lang='lat' dir='ltr'><strong>que</strong></span> <span class='ocrx_word' id='word_1_506' title='bbox 2098 3142 2164 3197; x_wconf 88' lang='lat' dir='ltr'><strong>ad</strong></span> <span class='ocrx_word' id='word_1_507' title='bbox 2186 3157 2427 3197; x_wconf 87' lang='lat' dir='ltr'><strong>amorem</strong></span> <span class='ocrx_word' id='word_1_508' title='bbox 2452 3142 2802 3212; x_wconf 88' lang='lat' dir='ltr'><strong>perfectionis</strong></span> <span class='ocrx_word' id='word_1_509' title='bbox 2836 3141 3051 3196; x_wconf 81' lang='lat' dir='ltr'><strong>induxit</strong></span> <span class='ocrx_word' id='word_1_510' title='bbox 3083 3141 3217 3213; x_wconf 82' lang='lat' dir='ltr'><strong>(li).</strong></span> <span class='ocrx_word' id='word_1_511' title='bbox 3243 3140 3536 3212; x_wconf 77' lang='lat' dir='ltr'><strong>Propterea</strong></span> 
     </span>
    </p>
   </div>
   <div class='ocr_carea' id='block_1_74' title="bbox 1958 3231 3535 3303">
    <p class='ocr_par' dir='ltr' id='par_1_74' title="bbox 1958 3231 3535 3303">
     <span class='ocr_line' id='line_1_74' title="bbox 1958 3231 3535 3303; baseline 0 -16"><span class='ocrx_word' id='word_1_512' title='bbox 1958 3234 2225 3288; x_wconf 89' lang='lat' dir='ltr'><strong>instanter</strong></span> <span class='ocrx_word' id='word_1_513' title='bbox 2292 3241 2515 3303; x_wconf 86' lang='lat' dir='ltr'><strong>rogatus</strong></span> <span class='ocrx_word' id='word_1_514' title='bbox 2596 3231 2790 3286; x_wconf 89' lang='lat' dir='ltr'><strong>urbani</strong></span> <span class='ocrx_word' id='word_1_515' title='bbox 2868 3232 3154 3301; x_wconf 86' lang='lat' dir='ltr'><strong>cujusdam</strong></span> <span class='ocrx_word' id='word_1_516' title='bbox 3214 3232 3535 3288; x_wconf 86' lang='lat' dir='ltr'><strong>monasterii</strong></span> 
     </span>
    </p>
   </div>
   <div class='ocr_carea' id='block_1_75' title="bbox 1958 3316 3538 3394">
    <p class='ocr_par' dir='ltr' id='par_1_75' title="bbox 1958 3316 3538 3394">
     <span class='ocr_line' id='line_1_75' title="bbox 1958 3316 3538 3394; baseline 0.001 -18"><span class='ocrx_word' id='word_1_517' title='bbox 1958 3322 2342 3394; x_wconf 75' lang='lat' dir='ltr'><strong>prtefecturam</strong></span> <span class='ocrx_word' id='word_1_518' title='bbox 2402 3316 2706 3392; x_wconf 86' lang='lat' dir='ltr'><strong>suscipere,</strong></span> <span class='ocrx_word' id='word_1_519' title='bbox 2738 3322 2963 3378; x_wconf 88' lang='lat' dir='ltr'><strong>omnino</strong></span> <span class='ocrx_word' id='word_1_520' title='bbox 3004 3324 3207 3389; x_wconf 86' lang='lat' dir='ltr'><strong>renuit,</strong></span> <span class='ocrx_word' id='word_1_521' title='bbox 3257 3332 3311 3378; x_wconf 89' lang='lat' dir='ltr'><strong>et</strong></span> <span class='ocrx_word' id='word_1_522' title='bbox 3356 3324 3425 3380; x_wconf 90' lang='lat' dir='ltr'><strong>ab</strong></span> <span class='ocrx_word' id='word_1_523' title='bbox 3470 3340 3538 3380; x_wconf 91' lang='lat' dir='ltr'><strong>eo</strong></span> 
     </span>
    </p>
   </div>
   <div class='ocr_carea' id='block_1_76' title="bbox 1956 3414 3536 3485">
    <p class='ocr_par' dir='ltr' id='par_1_76' title="bbox 1956 3414 3536 3485">
     <span class='ocr_line' id='line_1_76' title="bbox 1956 3414 3536 3485; baseline 0.003 -17"><span class='ocrx_word' id='word_1_524' title='bbox 1956 3415 2051 3485; x_wconf 92' lang='lat' dir='ltr'><strong>qui</strong></span> <span class='ocrx_word' id='word_1_525' title='bbox 2084 3426 2212 3470; x_wconf 88' lang='lat' dir='ltr'><strong>tunc</strong></span> <span class='ocrx_word' id='word_1_526' title='bbox 2255 3425 2373 3469; x_wconf 87' lang='lat' dir='ltr'><strong>erat</strong></span> <span class='ocrx_word' id='word_1_527' title='bbox 2417 3416 2729 3484; x_wconf 88' lang='lat' dir='ltr'><strong>patriarcha</strong></span> <span class='ocrx_word' id='word_1_528' title='bbox 2764 3414 2875 3485; x_wconf 71' lang='lat' dir='ltr'><strong>(i2)</strong></span> <span class='ocrx_word' id='word_1_529' title='bbox 2922 3415 2987 3470; x_wconf 90' lang='lat' dir='ltr'><strong>ad</strong></span> <span class='ocrx_word' id='word_1_530' title='bbox 3038 3414 3536 3472; x_wconf 84' lang='lat' dir='ltr'><strong>Nicomediensium</strong></span> 
     </span>
    </p>
   </div>
   <div class='ocr_carea' id='block_1_77' title="bbox 1958 3507 3540 3577">
    <p class='ocr_par' dir='ltr' id='par_1_77' title="bbox 1958 3507 3540 3577">
     <span class='ocr_line' id='line_1_77' title="bbox 1958 3507 3540 3577; baseline 0.002 -16"><span class='ocrx_word' id='word_1_531' title='bbox 1958 3508 2257 3564; x_wconf 87' lang='lat' dir='ltr'><strong>Ecclesiam</strong></span> <span class='ocrx_word' id='word_1_532' title='bbox 2292 3508 2583 3577; x_wconf 83' lang='lat' dir='ltr'><strong>regendam</strong></span> <span class='ocrx_word' id='word_1_533' title='bbox 2615 3507 2879 3562; x_wconf 77' lang='lat' dir='ltr'><strong>inritatus</strong></span> <span class='ocrx_word' id='word_1_534' title='bbox 2912 3508 3143 3577; x_wconf 86' lang='lat' dir='ltr'><strong>obsequi</strong></span> <span class='ocrx_word' id='word_1_535' title='bbox 3185 3509 3385 3575; x_wconf 90' lang='lat' dir='ltr'><strong>noluit,</strong></span> <span class='ocrx_word' id='word_1_536' title='bbox 3431 3510 3540 3569; x_wconf 61' lang='lat' dir='ltr'><strong>cie.</strong></span> 
     </span>
    </p>
   </div>
   <div class='ocr_carea' id='block_1_78' title="bbox 1959 3599 3541 3675">
    <p class='ocr_par' dir='ltr' id='par_1_78' title="bbox 1959 3599 3541 3675">
     <span class='ocr_line' id='line_1_78' title="bbox 1959 3599 3541 3675; baseline -0.001 -18"><span class='ocrx_word' id='word_1_537' title='bbox 1959 3603 2189 3657; x_wconf 89' lang='lat' dir='ltr'><strong>ricatum</strong></span> <span class='ocrx_word' id='word_1_538' title='bbox 2226 3599 2479 3671; x_wconf 78' lang='lat' dir='ltr'><strong>fugiens,</strong></span> <span class='ocrx_word' id='word_1_539' title='bbox 2510 3615 2622 3669; x_wconf 90' lang='lat' dir='ltr'><strong>quo</strong></span> <span class='ocrx_word' id='word_1_540' title='bbox 2655 3609 2775 3655; x_wconf 85' lang='lat' dir='ltr'><strong>erat</strong></span> <span class='ocrx_word' id='word_1_541' title='bbox 2797 3600 3195 3675; x_wconf 76' lang='lat' dir='ltr'><strong>dignissimus;</strong></span> <span class='ocrx_word' id='word_1_542' title='bbox 3222 3610 3276 3656; x_wconf 90' lang='lat' dir='ltr'><strong>et</strong></span> <span class='ocrx_word' id='word_1_543' title='bbox 3310 3601 3541 3661; x_wconf 86' lang='lat' dir='ltr'><strong>bierar-</strong></span> 
     </span>
    </p>
   </div>
   <div class='ocr_carea' id='block_1_79' title="bbox 1961 3689 3539 3761">
    <p class='ocr_par' dir='ltr' id='par_1_79' title="bbox 1961 3689 3539 3761">
     <span class='ocr_line' id='line_1_79' title="bbox 1961 3689 3539 3761; baseline -0.002 -12"><span class='ocrx_word' id='word_1_544' title='bbox 1961 3694 2183 3749; x_wconf 89' lang='lat' dir='ltr'><strong>chicum</strong></span> <span class='ocrx_word' id='word_1_545' title='bbox 2215 3691 2526 3747; x_wconf 89' lang='lat' dir='ltr'><strong>formidans</strong></span> <span class='ocrx_word' id='word_1_546' title='bbox 2557 3689 2866 3761; x_wconf 86' lang='lat' dir='ltr'><strong>fastigium.</strong></span> <span class='ocrx_word' id='word_1_547' title='bbox 2902 3689 2997 3760; x_wconf 89' lang='lat' dir='ltr'><strong>qui</strong></span> <span class='ocrx_word' id='word_1_548' title='bbox 3050 3691 3224 3745; x_wconf 89' lang='lat' dir='ltr'><strong>solam</strong></span> <span class='ocrx_word' id='word_1_549' title='bbox 3274 3690 3539 3761; x_wconf 85' lang='lat' dir='ltr'><strong>suscipie-</strong></span> 
     </span>
    </p>
   </div>
   <div class='ocr_carea' id='block_1_80' title="bbox 1963 3780 3542 3839">
    <p class='ocr_par' dir='ltr' id='par_1_80' title="bbox 1963 3780 3542 3839">
     <span class='ocr_line' id='line_1_80' title="bbox 1963 3780 3542 3839; baseline -0.001 0"><span class='ocrx_word' id='word_1_550' title='bbox 1963 3784 2366 3839; x_wconf 85' lang='lat' dir='ltr'><strong>bat&#39;virtutem.</strong></span> <span class='ocrx_word' id='word_1_551' title='bbox 2398 3782 2644 3836; x_wconf 82' lang='lat' dir='ltr'><strong>Revertit</strong></span> <span class='ocrx_word' id='word_1_552' title='bbox 2676 3790 2859 3835; x_wconf 89' lang='lat' dir='ltr'><strong>autem</strong></span> <span class='ocrx_word' id='word_1_553' title='bbox 2898 3780 3255 3837; x_wconf 63' lang='lat' dir='ltr'><strong>ad‘dilectam</strong></span> <span class='ocrx_word' id='word_1_554' title='bbox 3292 3782 3395 3838; x_wconf 84' lang='lat' dir='ltr'><strong>sibi</strong></span> <span class='ocrx_word' id='word_1_555' title='bbox 3450 3799 3542 3838; x_wconf 84' lang='lat' dir='ltr'><strong>so-</strong></span> 
     </span>
    </p>
   </div>
   <div class='ocr_carea' id='block_1_81' title="bbox 1960 3873 3540 3946">
    <p class='ocr_par' dir='ltr' id='par_1_81' title="bbox 1960 3873 3540 3946">
     <span class='ocr_line' id='line_1_81' title="bbox 1960 3873 3540 3946; baseline 0.001 -14"><span class='ocrx_word' id='word_1_556' title='bbox 1960 3877 2269 3939; x_wconf 87' lang='lat' dir='ltr'><strong>litudinem.</strong></span> <span class='ocrx_word' id='word_1_557' title='bbox 2298 3883 2355 3930; x_wconf 90' lang='lat' dir='ltr'><strong>et</strong></span> <span class='ocrx_word' id='word_1_558' title='bbox 2387 3874 2460 3930; x_wconf 90' lang='lat' dir='ltr'><strong>ibi</strong></span> <span class='ocrx_word' id='word_1_559' title='bbox 2482 3889 2568 3929; x_wconf 87' lang='lat' dir='ltr'><strong>res</strong></span> <span class='ocrx_word' id='word_1_560' title='bbox 2590 3873 2721 3930; x_wconf 87' lang='lat' dir='ltr'><strong>fecit.</strong></span> <span class='ocrx_word' id='word_1_561' title='bbox 2749 3874 3008 3930; x_wconf 85' lang='lat' dir='ltr'><strong>memoria</strong></span> <span class='ocrx_word' id='word_1_562' title='bbox 3027 3874 3239 3944; x_wconf 87' lang='lat' dir='ltr'><strong>dignas,</strong></span> <span class='ocrx_word' id='word_1_563' title='bbox 3272 3890 3540 3946; x_wconf 75' lang='lat' dir='ltr'><strong>pauperes</strong></span> 
     </span>
    </p>
   </div>
   <div class='ocr_carea' id='block_1_82' title="bbox 1959 3966 3531 4037">
    <p class='ocr_par' dir='ltr' id='par_1_82' title="bbox 1959 3966 3531 4037">
     <span class='ocr_line' id='line_1_82' title="bbox 1959 3966 3531 4037; baseline -0.001 -12"><span class='ocrx_word' id='word_1_564' title='bbox 1959 3968 2281 4031; x_wconf 85' lang='lat' dir='ltr'><strong>defendens,</strong></span> <span class='ocrx_word' id='word_1_565' title='bbox 2312 3966 2518 4037; x_wconf 87' lang='lat' dir='ltr'><strong>injuste</strong></span> <span class='ocrx_word' id='word_1_566' title='bbox 2546 3980 2841 4036; x_wconf 84' lang='lat' dir='ltr'><strong>oppressos</strong></span> <span class='ocrx_word' id='word_1_567' title='bbox 2878 3980 3249 4035; x_wconf 86' lang='lat' dir='ltr'><strong>propugnans,</strong></span> <span class='ocrx_word' id='word_1_568' title='bbox 3301 3967 3531 4023; x_wconf 84' lang='lat' dir='ltr'><strong>tribula-</strong></span> 
     </span>
    </p>
   </div>
   <div class='ocr_carea' id='block_1_83' title="bbox 1963 4055 3539 4128">
    <p class='ocr_par' dir='ltr' id='par_1_83' title="bbox 1963 4055 3539 4128">
     <span class='ocr_line' id='line_1_83' title="bbox 1963 4055 3539 4128; baseline -0.007 -12"><span class='ocrx_word' id='word_1_569' title='bbox 1963 4069 2048 4116; x_wconf 89' lang='lat' dir='ltr'><strong>tos</strong></span> <span class='ocrx_word' id='word_1_570' title='bbox 2083 4058 2395 4122; x_wconf 70' lang='lat' dir='ltr'><strong>consolans,</strong></span> <span class='ocrx_word' id='word_1_571' title='bbox 2427 4067 2481 4113; x_wconf 84' lang='lat' dir='ltr'><strong>et</strong></span> <span class='ocrx_word' id='word_1_572' title='bbox 2511 4071 2902 4128; x_wconf 85' lang='lat' dir='ltr'><strong>quamcunque</strong></span> <span class='ocrx_word' id='word_1_573' title='bbox 2947 4055 3294 4112; x_wconf 82' lang='lat' dir='ltr'><strong>aﬂlictionem</strong></span> <span class='ocrx_word' id='word_1_574' title='bbox 3329 4059 3539 4127; x_wconf 80' lang='lat' dir='ltr'><strong>patien.</strong></span> 
     </span>
    </p>
   </div>
   <div class='ocr_carea' id='block_1_84' title="bbox 1963 4148 3540 4219">
    <p class='ocr_par' dir='ltr' id='par_1_84' title="bbox 1963 4148 3540 4219">
     <span class='ocr_line' id='line_1_84' title="bbox 1963 4148 3540 4219; baseline 0 -12"><span class='ocrx_word' id='word_1_575' title='bbox 1963 4153 2112 4208; x_wconf 87' lang='lat' dir='ltr'><strong>tibus</strong></span> <span class='ocrx_word' id='word_1_576' title='bbox 2142 4149 2517 4215; x_wconf 86' lang='lat' dir='ltr'><strong>subveniens;</strong></span> <span class='ocrx_word' id='word_1_577' title='bbox 2558 4150 2725 4218; x_wconf 86' lang='lat' dir='ltr'><strong>idque</strong></span> <span class='ocrx_word' id='word_1_578' title='bbox 2750 4148 2834 4202; x_wconf 92' lang='lat' dir='ltr'><strong>vel</strong></span> <span class='ocrx_word' id='word_1_579' title='bbox 2857 4162 3113 4202; x_wconf 88' lang='lat' dir='ltr'><strong>sermone</strong></span> <span class='ocrx_word' id='word_1_580' title='bbox 3169 4149 3261 4203; x_wconf 85' lang='lat' dir='ltr'><strong>vel</strong></span> <span class='ocrx_word' id='word_1_581' title='bbox 3301 4150 3540 4219; x_wconf 86' lang='lat' dir='ltr'><strong>epistola</strong></span> 
     </span>
    </p>
   </div>
   <div class='ocr_carea' id='block_1_85' title="bbox 276 4234 1859 4318">
    <p class='ocr_par' dir='ltr' id='par_1_85' title="bbox 276 4239 1859 4316">
     <span class='ocr_line' id='line_1_85' title="bbox 276 4239 1859 4316; baseline -0.001 -18"><span class='ocrx_word' id='word_1_582' title='bbox 276 4263 357 4314; x_wconf 90' lang='grc' dir='ltr'>μα</span> <span class='ocrx_word' id='word_1_583' title='bbox 388 4244 464 4309; x_wconf 85' lang='grc' dir='ltr'>ὡς</span> <span class='ocrx_word' id='word_1_584' title='bbox 501 4244 675 4315; x_wconf 83' lang='grc' dir='ltr'>δῶρον</span> <span class='ocrx_word' id='word_1_585' title='bbox 727 4244 866 4299; x_wconf 75' lang='grc' dir='ltr'>αἰδοῖ</span> <span class='ocrx_word' id='word_1_586' title='bbox 914 4243 1009 4297; x_wconf 87' lang='grc' dir='ltr'>τοῦ</span> <span class='ocrx_word' id='word_1_587' title='bbox 1058 4243 1272 4316; x_wconf 67' lang='grc' dir='ltr'>ἀνδρὸς,</span> <span class='ocrx_word' id='word_1_588' title='bbox 1299 4244 1568 4316; x_wconf 79' lang='grc' dir='ltr'>κάμπτων</span> <span class='ocrx_word' id='word_1_589' title='bbox 1617 4244 1754 4315; x_wconf 82' lang='grc' dir='ltr'>πρὸς</span> <span class='ocrx_word' id='word_1_590' title='bbox 1780 4239 1859 4297; x_wconf 73' lang='grc' dir='ltr'><strong>οἷ-</strong></span> 
     </span>
    </p>
   </div>
   <div class='ocr_carea' id='block_1_86' title="bbox 1961 4234 3539 4318">
    <p class='ocr_par' dir='ltr' id='par_1_86' title="bbox 1963 4234 3539 4318">
     <span class='ocr_line' id='line_1_86' title="bbox 1963 4234 3539 4318; baseline -0.001 -17"><span class='ocrx_word' id='word_1_591' title='bbox 1963 4255 2191 4318; x_wconf 86' lang='lat' dir='ltr'><strong>propter</strong></span> <span class='ocrx_word' id='word_1_592' title='bbox 2227 4234 2331 4299; x_wconf 86' lang='lat' dir='ltr'><strong>viri</strong></span> <span class='ocrx_word' id='word_1_593' title='bbox 2361 4242 2739 4307; x_wconf 89' lang='lat' dir='ltr'><strong>reverentiam,</strong></span> <span class='ocrx_word' id='word_1_594' title='bbox 2774 4240 2947 4294; x_wconf 89' lang='lat' dir='ltr'><strong>instar</strong></span> <span class='ocrx_word' id='word_1_595' title='bbox 2989 4242 3229 4296; x_wconf 85' lang='lat' dir='ltr'><strong>muneris</strong></span> <span class='ocrx_word' id='word_1_596' title='bbox 3258 4241 3443 4299; x_wconf 77' lang='lat' dir='ltr'><strong>efficax</strong></span> <span class='ocrx_word' id='word_1_597' title='bbox 3474 4246 3539 4299; x_wconf 80' lang='lat' dir='ltr'><strong>ad</strong></span> 
     </span>
    </p>
   </div>
   <div class='ocr_carea' id='block_1_87' title="bbox 274 4336 1074 4407">
    <p class='ocr_par' dir='ltr' id='par_1_87' title="bbox 274 4336 1074 4407">
     <span class='ocr_line' id='line_1_87' title="bbox 274 4336 1074 4407; baseline 0 -16"><span class='ocrx_word' id='word_1_598' title='bbox 274 4354 408 4391; x_wconf 87' lang='grc' dir='ltr'>κτον</span> <span class='ocrx_word' id='word_1_599' title='bbox 438 4338 531 4390; x_wconf 78' lang='grc' dir='ltr'>τὸν</span> <span class='ocrx_word' id='word_1_600' title='bbox 557 4337 727 4390; x_wconf 75' lang='grc' dir='ltr'>ἐλεεῖν</span> <span class='ocrx_word' id='word_1_601' title='bbox 755 4336 1074 4407; x_wconf 82' lang='grc' dir='ltr'>δυνάμενον.</span> 
     </span>
    </p>
   </div>
   <div class='ocr_carea' id='block_1_88' title="bbox 346 4423 1838 4504">
    <p class='ocr_par' dir='ltr' id='par_1_88' title="bbox 346 4423 1838 4504">
     <span class='ocr_line' id='line_1_88' title="bbox 346 4423 1838 4504; baseline 0.003 -20"><span class='ocrx_word' id='word_1_602' title='bbox 346 4437 419 4485; x_wconf 85' lang='grc' dir='ltr'><strong>κ’.</strong></span> <span class='ocrx_word' id='word_1_603' title='bbox 443 4430 615 4484; x_wconf 88' lang='grc' dir='ltr'>Τοῦτο</span> <span class='ocrx_word' id='word_1_604' title='bbox 638 4429 694 4484; x_wconf 82' lang='grc' dir='ltr'>δὲ</span> <span class='ocrx_word' id='word_1_605' title='bbox 718 4429 813 4483; x_wconf 77' lang='grc' dir='ltr'><strong>καὶ</strong></span> <span class='ocrx_word' id='word_1_606' title='bbox 840 4429 900 4495; x_wconf 77' lang='grc' dir='ltr'><strong>ἐξ</strong></span> <span class='ocrx_word' id='word_1_607' title='bbox 922 4423 998 4483; x_wconf 83' lang='grc' dir='ltr'>ὧν</span> <span class='ocrx_word' id='word_1_608' title='bbox 1015 4429 1348 4503; x_wconf 64' lang='grc' dir='ltr'>εὐπορεῖτοή</span> <span class='ocrx_word' id='word_1_609' title='bbox 1376 4432 1497 4504; x_wconf 71' lang='grc' dir='ltr'>χεὶρ</span> <span class='ocrx_word' id='word_1_610' title='bbox 1528 4431 1838 4489; x_wconf 73' lang='grc' dir='ltr'>ἐπιδιδόναι.</span> 
     </span>
    </p>
   </div>
   <div class='ocr_carea' id='block_1_89' title="bbox 273 4519 1854 4592">
    <p class='ocr_par' dir='ltr' id='par_1_89' title="bbox 273 4519 1854 4592">
     <span class='ocr_line' id='line_1_89' title="bbox 273 4519 1854 4592; baseline 0.002 -20"><span class='ocrx_word' id='word_1_611' title='bbox 273 4520 632 4592; x_wconf 76' lang='grc' dir='ltr'>πληρούντων</span> <span class='ocrx_word' id='word_1_612' title='bbox 657 4520 828 4590; x_wconf 82' lang='grc' dir='ltr'>αὐτὴν</span> <span class='ocrx_word' id='word_1_613' title='bbox 861 4519 969 4573; x_wconf 84' lang='grc' dir='ltr'><strong>τῶν</strong></span> <span class='ocrx_word' id='word_1_614' title='bbox 998 4519 1181 4585; x_wconf 83' lang='grc' dir='ltr'>καλῶς</span> <span class='ocrx_word' id='word_1_615' title='bbox 1208 4522 1279 4576; x_wconf 80' lang='grc' dir='ltr'>τὰ</span> <span class='ocrx_word' id='word_1_616' title='bbox 1317 4522 1510 4576; x_wconf 81' lang='grc' dir='ltr'>ἐνόντα</span> <span class='ocrx_word' id='word_1_617' title='bbox 1550 4522 1854 4576; x_wconf 87' lang='grc' dir='ltr'>κενούντων</span> 
     </span>
    </p>
   </div>
   <div class='ocr_carea' id='block_1_90' title="bbox 1963 4330 3117 4403">
    <p class='ocr_par' dir='ltr' id='par_1_90' title="bbox 1963 4330 3117 4403">
     <span class='ocr_line' id='line_1_90' title="bbox 1963 4330 3117 4403; baseline -0.005 -10"><span class='ocrx_word' id='word_1_618' title='bbox 1963 4336 2297 4393; x_wconf 80' lang='lat' dir='ltr'><strong>flectendum</strong></span> <span class='ocrx_word' id='word_1_619' title='bbox 2323 4348 2449 4390; x_wconf 90' lang='lat' dir='ltr'><strong>eum</strong></span> <span class='ocrx_word' id='word_1_620' title='bbox 2479 4332 2573 4403; x_wconf 91' lang='lat' dir='ltr'><strong>qui</strong></span> <span class='ocrx_word' id='word_1_621' title='bbox 2607 4338 2819 4401; x_wconf 87' lang='lat' dir='ltr'><strong>poterat</strong></span> <span class='ocrx_word' id='word_1_622' title='bbox 2844 4330 3117 4387; x_wconf 82' lang='lat' dir='ltr'><strong>misereri.</strong></span> 
     </span>
    </p>
   </div>
   <div class='ocr_carea' id='block_1_91' title="bbox 2033 4400 3538 4497">
    <p class='ocr_par' dir='ltr' id='par_1_91' title="bbox 2033 4400 3538 4497">
     <span class='ocr_line' id='line_1_91' title="bbox 2033 4400 3538 4497; baseline -0.003 -12"><span class='ocrx_word' id='word_1_623' title='bbox 2033 4430 2126 4485; x_wconf 73' lang='lat'><strong>20.</strong></span> <span class='ocrx_word' id='word_1_624' title='bbox 2160 4427 2239 4483; x_wconf 76' lang='lat' dir='ltr'><strong>Ex</strong></span> <span class='ocrx_word' id='word_1_625' title='bbox 2265 4427 2334 4484; x_wconf 91' lang='lat' dir='ltr'><strong>iis</strong></span> <span class='ocrx_word' id='word_1_626' title='bbox 2361 4440 2483 4496; x_wconf 70' lang='lat' dir='ltr'><strong>quae</strong></span> <span class='ocrx_word' id='word_1_627' title='bbox 2498 4400 2571 4480; x_wconf 74' lang='lat' dir='ltr'><strong>ad</strong></span> <span class='ocrx_word' id='word_1_628' title='bbox 2602 4437 2826 4497; x_wconf 85' lang='lat' dir='ltr'><strong>manum</strong></span> <span class='ocrx_word' id='word_1_629' title='bbox 2862 4429 3038 4488; x_wconf 88' lang='lat' dir='ltr'><strong>erant,</strong></span> <span class='ocrx_word' id='word_1_630' title='bbox 3062 4400 3398 4493; x_wconf 72' lang='lat' dir='ltr'><strong>replentibus</strong></span> <span class='ocrx_word' id='word_1_631' title='bbox 3419 4442 3538 4481; x_wconf 77' lang='lat' dir='ltr'><strong>eam</strong></span> 
     </span>
    </p>
   </div>
   <div class='ocr_carea' id='block_1_92' title="bbox 1963 4514 3542 4592">
    <p class='ocr_par' dir='ltr' id='par_1_92' title="bbox 1963 4514 3542 4592">
     <span class='ocr_line' id='line_1_92' title="bbox 1963 4514 3542 4592; baseline -0.005 -13"><span class='ocrx_word' id='word_1_632' title='bbox 1963 4522 2069 4579; x_wconf 88' lang='lat' dir='ltr'><strong>illis</strong></span> <span class='ocrx_word' id='word_1_633' title='bbox 2100 4521 2195 4592; x_wconf 87' lang='lat' dir='ltr'><strong>qui</strong></span> <span class='ocrx_word' id='word_1_634' title='bbox 2245 4518 2609 4577; x_wconf 83' lang='lat' dir='ltr'><strong>substantiam</strong></span> <span class='ocrx_word' id='word_1_635' title='bbox 2644 4531 2803 4573; x_wconf 90' lang='lat' dir='ltr'><strong>suam</strong></span> <span class='ocrx_word' id='word_1_636' title='bbox 2827 4514 3125 4571; x_wconf 84' lang='lat' dir='ltr'><strong>credebant</strong></span> <span class='ocrx_word' id='word_1_637' title='bbox 3163 4516 3300 4573; x_wconf 89' lang='lat' dir='ltr'><strong>bene</strong></span> <span class='ocrx_word' id='word_1_638' title='bbox 3333 4518 3542 4572; x_wconf 82' lang='lat' dir='ltr'><strong>exhau-</strong></span> 
     </span>
    </p>
   </div>
   <div class='ocr_carea' id='block_1_93' title="bbox 273 4604 1859 4699">
    <p class='ocr_par' dir='ltr' id='par_1_93' title="bbox 273 4608 1856 4683">
     <span class='ocr_line' id='line_1_93' title="bbox 273 4608 1856 4683; baseline 0 -17"><span class='ocrx_word' id='word_1_639' title='bbox 273 4612 373 4666; x_wconf 70' lang='grc' dir='ltr'><strong>ἐπὶ</strong></span> <span class='ocrx_word' id='word_1_640' title='bbox 414 4610 629 4683; x_wconf 78' lang='grc' dir='ltr'>μεθέξει</span> <span class='ocrx_word' id='word_1_641' title='bbox 657 4610 763 4664; x_wconf 86' lang='grc' dir='ltr'><strong>τῶν</strong></span> <span class='ocrx_word' id='word_1_642' title='bbox 784 4608 1073 4665; x_wconf 82' lang='grc' dir='ltr'>ἀκενώτων</span> <span class='ocrx_word' id='word_1_643' title='bbox 1102 4614 1197 4669; x_wconf 77' lang='grc' dir='ltr'><strong>καὶ</strong></span> <span class='ocrx_word' id='word_1_644' title='bbox 1225 4615 1483 4671; x_wconf 72' lang='grc' dir='ltr'>αἰωνίων.</span> <span class='ocrx_word' id='word_1_645' title='bbox 1538 4616 1599 4667; x_wconf 83' lang='lat' dir='ltr'><strong>Ei</strong></span> <span class='ocrx_word' id='word_1_646' title='bbox 1624 4612 1689 4683; x_wconf 83' lang='grc' dir='ltr'><strong>δὴ</strong></span> <span class='ocrx_word' id='word_1_647' title='bbox 1729 4612 1856 4683; x_wconf 63' lang='grc' dir='ltr'>μηδ’</span> 
     </span>
    </p>
   </div>
   <div class='ocr_carea' id='block_1_94' title="bbox 1961 4604 3541 4699">
    <p class='ocr_par' dir='ltr' id='par_1_94' title="bbox 1964 4604 3541 4684">
     <span class='ocr_line' id='line_1_94' title="bbox 1964 4604 3541 4684; baseline -0.003 -15"><span class='ocrx_word' id='word_1_648' title='bbox 1964 4614 2096 4682; x_wconf 89' lang='lat' dir='ltr'><strong>riri,</strong></span> <span class='ocrx_word' id='word_1_649' title='bbox 2135 4620 2357 4684; x_wconf 88' lang='lat' dir='ltr'><strong>pr0pter</strong></span> <span class='ocrx_word' id='word_1_650' title='bbox 2405 4608 2738 4667; x_wconf 90' lang='lat' dir='ltr'><strong>desiderium</strong></span> <span class='ocrx_word' id='word_1_651' title='bbox 2803 4604 3252 4664; x_wconf 73' lang='lat' dir='ltr'><strong>inexhaustorum</strong></span> <span class='ocrx_word' id='word_1_652' title='bbox 3311 4616 3541 4665; x_wconf 55' lang='lat' dir='ltr'><strong>aeterno.</strong></span> 
     </span>
    </p>
   </div>
   <div class='ocr_carea' id='block_1_95' title="bbox 349 4725 807 4794">
    <p class='ocr_par' dir='ltr' id='par_1_95' title="bbox 349 4725 807 4794">
     <span class='ocr_line' id='line_1_95' title="bbox 349 4725 807 4794; baseline 0 -13"><span class='ocrx_word' id='word_1_653' title='bbox 349 4727 371 4759; x_wconf 85' lang='grc'><strong><em>⁸</em></strong></span> <span class='ocrx_word' id='word_1_654' title='bbox 399 4726 418 4781; x_wconf 91' lang='lat' dir='ltr'><strong>l</strong></span> <span class='ocrx_word' id='word_1_655' title='bbox 448 4725 578 4781; x_wconf 86' lang='lat' dir='ltr'><strong>Cor.</strong></span> <span class='ocrx_word' id='word_1_656' title='bbox 610 4742 685 4794; x_wconf 76' lang='lat' dir='ltr'><strong>Ix,</strong></span> <span class='ocrx_word' id='word_1_657' title='bbox 716 4725 807 4781; x_wconf 72' lang='lat'><strong>27.</strong></span> 
     </span>
    </p>
   </div>
   <div class='ocr_carea' id='block_1_96' title="bbox 1753 4833 1984 4893">
    <p class='ocr_par' dir='ltr' id='par_1_96' title="bbox 1753 4833 1984 4893">
     <span class='ocr_line' id='line_1_96' title="bbox 1753 4833 1984 4893; baseline 0.017 -4"><span class='ocrx_word' id='word_1_658' title='bbox 1753 4833 1984 4893; x_wconf 67' lang='lat' dir='ltr'><strong>NOTAE.</strong></span> 
     </span>
    </p>
   </div>
   <div class='ocr_carea' id='block_1_97' title="bbox 349 4950 1849 5023">
    <p class='ocr_par' dir='ltr' id='par_1_97' title="bbox 349 4950 1849 5023">
     <span class='ocr_line' id='line_1_97' title="bbox 349 4950 1849 5023; baseline 0 -16"><span class='ocrx_word' id='word_1_659' title='bbox 349 4954 464 5023; x_wconf 84' lang='lat' dir='ltr'><strong>(Il)</strong></span> <span class='ocrx_word' id='word_1_660' title='bbox 495 4952 728 5007; x_wconf 80' lang='lat' dir='ltr'><strong>Michael</strong></span> <span class='ocrx_word' id='word_1_661' title='bbox 758 4954 810 5007; x_wconf 88' lang='lat' dir='ltr'><strong>in</strong></span> <span class='ocrx_word' id='word_1_662' title='bbox 846 4952 965 5023; x_wconf 65' lang='lat' dir='ltr'><strong>Vita</strong></span> <span class='ocrx_word' id='word_1_663' title='bbox 990 4950 1050 5006; x_wconf 90' lang='lat' dir='ltr'><strong>S.</strong></span> <span class='ocrx_word' id='word_1_664' title='bbox 1082 4951 1355 5006; x_wconf 85' lang='lat' dir='ltr'><strong>Theodori</strong></span> <span class='ocrx_word' id='word_1_665' title='bbox 1390 4952 1521 5023; x_wconf 84' lang='lat' dir='ltr'><strong>ista</strong></span> <span class='ocrx_word' id='word_1_666' title='bbox 1570 4951 1849 5023; x_wconf 77' lang='lat' dir='ltr'><strong>explicat:</strong></span> 
     </span>
    </p>
   </div>
   <div class='ocr_carea' id='block_1_98' title="bbox 282 5021 1854 5086">
    <p class='ocr_par' dir='ltr' id='par_1_98' title="bbox 282 5021 1854 5086">
     <span class='ocr_line' id='line_1_98' title="bbox 282 5021 1854 5086; baseline -0.001 -8"><span class='ocrx_word' id='word_1_667' title='bbox 282 5045 303 5078; x_wconf 73' lang='grc' dir='ltr'>ι</span> <span class='ocrx_word' id='word_1_668' title='bbox 332 5021 492 5078; x_wconf 80' lang='lat' dir='ltr'><strong>Plato</strong></span> <span class='ocrx_word' id='word_1_669' title='bbox 518 5024 900 5077; x_wconf 90' lang='lat' dir='ltr'><strong>sanctissimus</strong></span> <span class='ocrx_word' id='word_1_670' title='bbox 925 5021 1195 5077; x_wconf 84' lang='lat' dir='ltr'><strong>Theodori</strong></span> <span class='ocrx_word' id='word_1_671' title='bbox 1228 5022 1401 5077; x_wconf 85' lang='lat' dir='ltr'><strong>nostri</strong></span> <span class='ocrx_word' id='word_1_672' title='bbox 1432 5023 1757 5086; x_wconf 88' lang='lat' dir='ltr'><strong>avunculus,</strong></span> <span class='ocrx_word' id='word_1_673' title='bbox 1788 5022 1854 5076; x_wconf 93' lang='lat' dir='ltr'><strong>iis</strong></span> 
     </span>
    </p>
   </div>
   <div class='ocr_carea' id='block_1_99' title="bbox 274 5092 1855 5161">
    <p class='ocr_par' dir='ltr' id='par_1_99' title="bbox 274 5092 1855 5161">
     <span class='ocr_line' id='line_1_99' title="bbox 274 5092 1855 5161; baseline -0.001 -13"><span class='ocrx_word' id='word_1_674' title='bbox 274 5095 610 5161; x_wconf 81' lang='lat' dir='ltr'><strong>quibuscum</strong></span> <span class='ocrx_word' id='word_1_675' title='bbox 643 5102 825 5161; x_wconf 82' lang='lat' dir='ltr'><strong>ageret</strong></span> <span class='ocrx_word' id='word_1_676' title='bbox 849 5093 1217 5161; x_wconf 79' lang='lat' dir='ltr'><strong>gratissimus.</strong></span> <span class='ocrx_word' id='word_1_677' title='bbox 1273 5093 1471 5146; x_wconf 89' lang='lat' dir='ltr'><strong>multos</strong></span> <span class='ocrx_word' id='word_1_678' title='bbox 1521 5094 1586 5146; x_wconf 85' lang='lat' dir='ltr'><strong>ad</strong></span> <span class='ocrx_word' id='word_1_679' title='bbox 1612 5092 1855 5147; x_wconf 71' lang='lat' dir='ltr'><strong>cmlestis</strong></span> 
     </span>
    </p>
   </div>
   <div class='ocr_carea' id='block_1_100' title="bbox 277 5161 1855 5233">
    <p class='ocr_par' dir='ltr' id='par_1_100' title="bbox 277 5161 1855 5233">
     <span class='ocr_line' id='line_1_100' title="bbox 277 5161 1855 5233; baseline -0.001 -16"><span class='ocrx_word' id='word_1_680' title='bbox 277 5162 902 5233; x_wconf 52' lang='lat' dir='ltr'><strong>phil090phim§tutlium</strong></span> <span class='ocrx_word' id='word_1_681' title='bbox 932 5162 1147 5230; x_wconf 74' lang='lat' dir='ltr'><strong>pellexit</strong></span> <span class='ocrx_word' id='word_1_682' title='bbox 1174 5180 1187 5214; x_wconf 89' lang='lat'><strong>:</strong></span> <span class='ocrx_word' id='word_1_683' title='bbox 1214 5161 1674 5230; x_wconf 90' lang='lat' dir='ltr'><strong>imprimisautem</strong></span> <span class='ocrx_word' id='word_1_684' title='bbox 1697 5176 1855 5230; x_wconf 89' lang='lat' dir='ltr'><strong>egre-</strong></span> 
     </span>
    </p>
   </div>
   <div class='ocr_carea' id='block_1_101' title="bbox 277 5229 1856 5302">
    <p class='ocr_par' dir='ltr' id='par_1_101' title="bbox 277 5229 1856 5302">
     <span class='ocr_line' id='line_1_101' title="bbox 277 5229 1856 5302; baseline -0.003 -16"><span class='ocrx_word' id='word_1_685' title='bbox 277 5229 430 5302; x_wconf 69' lang='lat' dir='ltr'><strong>gium</strong></span> <span class='ocrx_word' id='word_1_686' title='bbox 469 5229 617 5289; x_wconf 84' lang='lat' dir='ltr'><strong>hunc</strong></span> <span class='ocrx_word' id='word_1_687' title='bbox 649 5229 1020 5302; x_wconf 67' lang='lat' dir='ltr'><strong>Theodorum,</strong></span> <span class='ocrx_word' id='word_1_688' title='bbox 1048 5247 1208 5286; x_wconf 91' lang='lat' dir='ltr'><strong>suum</strong></span> <span class='ocrx_word' id='word_1_689' title='bbox 1260 5229 1325 5286; x_wconf 74' lang='lat' dir='ltr'><strong>ex</strong></span> <span class='ocrx_word' id='word_1_690' title='bbox 1358 5247 1546 5302; x_wconf 84' lang='lat' dir='ltr'><strong>sorore</strong></span> <span class='ocrx_word' id='word_1_691' title='bbox 1583 5229 1856 5300; x_wconf 84' lang='lat' dir='ltr'><strong>nepotem,</strong></span> 
     </span>
    </p>
   </div>
   <div class='ocr_carea' id='block_1_102' title="bbox 278 5300 1861 5382">
    <p class='ocr_par' dir='ltr' id='par_1_102' title="bbox 278 5300 1861 5382">
     <span class='ocr_line' id='line_1_102' title="bbox 278 5300 1861 5382; baseline -0.001 -27"><span class='ocrx_word' id='word_1_692' title='bbox 278 5300 467 5382; x_wconf 61' lang='lat' dir='ltr'><strong>quiet</strong></span> <span class='ocrx_word' id='word_1_693' title='bbox 499 5302 614 5382; x_wconf 77' lang='lat' dir='ltr'><strong>ipse</strong></span> <span class='ocrx_word' id='word_1_694' title='bbox 644 5300 756 5382; x_wconf 66' lang='lat' dir='ltr'><strong>jam</strong></span> <span class='ocrx_word' id='word_1_695' title='bbox 788 5302 993 5382; x_wconf 76' lang='lat' dir='ltr'><strong>dudum</strong></span> <span class='ocrx_word' id='word_1_696' title='bbox 1030 5317 1123 5370; x_wconf 85' lang='lat' dir='ltr'><strong>per</strong></span> <span class='ocrx_word' id='word_1_697' title='bbox 1148 5316 1206 5356; x_wconf 92' lang='lat' dir='ltr'><strong>se</strong></span> <span class='ocrx_word' id='word_1_698' title='bbox 1238 5310 1297 5355; x_wconf 88' lang='lat' dir='ltr'><strong>ut</strong></span> <span class='ocrx_word' id='word_1_699' title='bbox 1343 5301 1573 5382; x_wconf 59' lang='lat' dir='ltr'><strong>dicitur,</strong></span> <span class='ocrx_word' id='word_1_700' title='bbox 1606 5310 1861 5381; x_wconf 73' lang='lat' dir='ltr'><strong>cmperat</strong></span> 
     </span>
    </p>
   </div>
   <div class='ocr_carea' id='block_1_103' title="bbox 276 5370 1860 5442">
    <p class='ocr_par' dir='ltr' id='par_1_103' title="bbox 276 5370 1860 5442">
     <span class='ocr_line' id='line_1_103' title="bbox 276 5370 1860 5442; baseline -0.003 -17"><span class='ocrx_word' id='word_1_701' title='bbox 276 5370 683 5442; x_wconf 84' lang='lat' dir='ltr'><strong>philosophari.</strong></span> <span class='ocrx_word' id='word_1_702' title='bbox 715 5370 858 5442; x_wconf 85' lang='lat' dir='ltr'><strong>Quin</strong></span> <span class='ocrx_word' id='word_1_703' title='bbox 891 5370 1037 5439; x_wconf 86' lang='lat' dir='ltr'><strong>ipsos</strong></span> <span class='ocrx_word' id='word_1_704' title='bbox 1080 5386 1295 5442; x_wconf 83' lang='lat' dir='ltr'><strong>quoque</strong></span> <span class='ocrx_word' id='word_1_705' title='bbox 1343 5370 1618 5442; x_wconf 68' lang='lat' dir='ltr'><strong>Theodori</strong></span> <span class='ocrx_word' id='word_1_706' title='bbox 1671 5385 1860 5437; x_wconf 89' lang='lat' dir='ltr'><strong>paren-</strong></span> 
     </span>
    </p>
   </div>
   <div class='ocr_carea' id='block_1_104' title="bbox 280 5439 1899 5509">
    <p class='ocr_par' dir='ltr' id='par_1_104' title="bbox 280 5439 1899 5509">
     <span class='ocr_line' id='line_1_104' title="bbox 280 5439 1899 5509; baseline -0.002 -13"><span class='ocrx_word' id='word_1_707' title='bbox 280 5439 362 5496; x_wconf 69' lang='lat' dir='ltr'><strong>ios</strong></span> <span class='ocrx_word' id='word_1_708' title='bbox 406 5452 460 5496; x_wconf 87' lang='lat' dir='ltr'><strong>et</strong></span> <span class='ocrx_word' id='word_1_709' title='bbox 486 5441 706 5505; x_wconf 85' lang='lat' dir='ltr'><strong>fratres,</strong></span> <span class='ocrx_word' id='word_1_710' title='bbox 737 5440 1035 5507; x_wconf 81' lang='lat' dir='ltr'><strong>Josephum</strong></span> <span class='ocrx_word' id='word_1_711' title='bbox 1057 5448 1109 5494; x_wconf 88' lang='lat' dir='ltr'><strong>et</strong></span> <span class='ocrx_word' id='word_1_712' title='bbox 1133 5439 1501 5509; x_wconf 80' lang='lat' dir='ltr'><strong>Euthymium.</strong></span> <span class='ocrx_word' id='word_1_713' title='bbox 1539 5455 1661 5493; x_wconf 88' lang='lat' dir='ltr'><strong>cum</strong></span> <span class='ocrx_word' id='word_1_714' title='bbox 1694 5454 1857 5509; x_wconf 80' lang='lat' dir='ltr'><strong>parra</strong></span> <span class='ocrx_word' id='word_1_715' title='bbox 1894 5458 1899 5461; x_wconf 53' lang='grc'><strong>“</strong></span> 
     </span>
    </p>
   </div>
   <div class='ocr_carea' id='block_1_105' title="bbox 280 5508 1853 5579">
    <p class='ocr_par' dir='ltr' id='par_1_105' title="bbox 280 5508 1853 5579">
     <span class='ocr_line' id='line_1_105' title="bbox 280 5508 1853 5579; baseline -0.003 -13"><span class='ocrx_word' id='word_1_716' title='bbox 280 5527 495 5573; x_wconf 87' lang='lat' dir='ltr'><strong>sorore,</strong></span> <span class='ocrx_word' id='word_1_717' title='bbox 528 5519 582 5564; x_wconf 88' lang='lat' dir='ltr'><strong>et</strong></span> <span class='ocrx_word' id='word_1_718' title='bbox 612 5526 742 5565; x_wconf 89' lang='lat' dir='ltr'><strong>suos</strong></span> <span class='ocrx_word' id='word_1_719' title='bbox 773 5511 941 5579; x_wconf 91' lang='lat' dir='ltr'><strong>ipsius</strong></span> <span class='ocrx_word' id='word_1_720' title='bbox 982 5510 1175 5564; x_wconf 85' lang='lat' dir='ltr'><strong>fratres</strong></span> <span class='ocrx_word' id='word_1_721' title='bbox 1197 5508 1395 5579; x_wconf 79' lang='lat' dir='ltr'><strong>adjecit</strong></span> <span class='ocrx_word' id='word_1_722' title='bbox 1424 5509 1597 5572; x_wconf 87' lang='lat' dir='ltr'><strong>Plato,</strong></span> <span class='ocrx_word' id='word_1_723' title='bbox 1626 5508 1724 5577; x_wconf 92' lang='lat' dir='ltr'><strong>qui</strong></span> <span class='ocrx_word' id='word_1_724' title='bbox 1754 5525 1853 5562; x_wconf 89' lang='lat' dir='ltr'><strong>nu-</strong></span> 
     </span>
    </p>
   </div>
   <div class='ocr_carea' id='block_1_106' title="bbox 281 5579 1849 5648">
    <p class='ocr_par' dir='ltr' id='par_1_106' title="bbox 281 5579 1849 5648">
     <span class='ocr_line' id='line_1_106' title="bbox 281 5579 1849 5648; baseline -0.003 -13"><span class='ocrx_word' id='word_1_725' title='bbox 281 5596 437 5636; x_wconf 89' lang='lat' dir='ltr'><strong>mero</strong></span> <span class='ocrx_word' id='word_1_726' title='bbox 482 5582 611 5635; x_wconf 90' lang='lat' dir='ltr'><strong>item</strong></span> <span class='ocrx_word' id='word_1_727' title='bbox 638 5592 748 5636; x_wconf 88' lang='lat' dir='ltr'><strong>tres</strong></span> <span class='ocrx_word' id='word_1_728' title='bbox 773 5590 948 5635; x_wconf 90' lang='lat' dir='ltr'><strong>erant.</strong></span> <span class='ocrx_word' id='word_1_729' title='bbox 979 5579 1089 5634; x_wconf 86' lang='lat' dir='ltr'><strong>llos</strong></span> <span class='ocrx_word' id='word_1_730' title='bbox 1116 5595 1306 5634; x_wconf 88' lang='lat' dir='ltr'><strong>omnes</strong></span> <span class='ocrx_word' id='word_1_731' title='bbox 1336 5590 1588 5648; x_wconf 87' lang='lat' dir='ltr'><strong>tanquam</strong></span> <span class='ocrx_word' id='word_1_732' title='bbox 1612 5594 1678 5631; x_wconf 81' lang='lat' dir='ltr'><strong>ex</strong></span> <span class='ocrx_word' id='word_1_733' title='bbox 1698 5594 1849 5648; x_wconf 84' lang='lat' dir='ltr'><strong>com-</strong></span> 
     </span>
    </p>
   </div>
   <div class='ocr_carea' id='block_1_107' title="bbox 283 5646 1849 5721">
    <p class='ocr_par' dir='ltr' id='par_1_107' title="bbox 283 5646 1849 5721">
     <span class='ocr_line' id='line_1_107' title="bbox 283 5646 1849 5721; baseline -0.003 -16"><span class='ocrx_word' id='word_1_734' title='bbox 283 5651 464 5721; x_wconf 84' lang='lat' dir='ltr'><strong>posito</strong></span> <span class='ocrx_word' id='word_1_735' title='bbox 495 5651 776 5704; x_wconf 86' lang='lat' dir='ltr'><strong>communi</strong></span> <span class='ocrx_word' id='word_1_736' title='bbox 808 5651 932 5721; x_wconf 65' lang='lat' dir='ltr'><strong>vitae</strong></span> <span class='ocrx_word' id='word_1_737' title='bbox 991 5650 1231 5721; x_wconf 66' lang='lat' dir='ltr'><strong>caalibem</strong></span> <span class='ocrx_word' id='word_1_738' title='bbox 1275 5646 1718 5721; x_wconf 24' lang='lat' dir='ltr'><strong>antepenentes,‘</strong></span> <span class='ocrx_word' id='word_1_739' title='bbox 1752 5646 1849 5701; x_wconf 83' lang='lat' dir='ltr'><strong>de-</strong></span> 
     </span>
    </p>
   </div>
   <div class='ocr_carea' id='block_1_108' title="bbox 283 5717 1842 5790">
    <p class='ocr_par' dir='ltr' id='par_1_108' title="bbox 283 5717 1842 5790">
     <span class='ocr_line' id='line_1_108' title="bbox 283 5717 1842 5790; baseline -0.002 -16"><span class='ocrx_word' id='word_1_740' title='bbox 283 5717 435 5775; x_wconf 69' lang='lat' dir='ltr'><strong>ilucit</strong></span> <span class='ocrx_word' id='word_1_741' title='bbox 461 5721 548 5775; x_wconf 92' lang='lat' dir='ltr'><strong>ille</strong></span> <span class='ocrx_word' id='word_1_742' title='bbox 574 5735 759 5790; x_wconf 83' lang='lat' dir='ltr'><strong>secum</strong></span> <span class='ocrx_word' id='word_1_743' title='bbox 805 5729 858 5774; x_wconf 89' lang='lat' dir='ltr'><strong>et</strong></span> <span class='ocrx_word' id='word_1_744' title='bbox 898 5718 1414 5790; x_wconf 80' lang='lat' dir='ltr'><strong>disciplinaimbuit</strong></span> <span class='ocrx_word' id='word_1_745' title='bbox 1442 5717 1842 5790; x_wconf 68' lang='lat' dir='ltr'><strong>praestantiore.</strong></span> 
     </span>
    </p>
   </div>
   <div class='ocr_carea' id='block_1_109' title="bbox 285 5786 1837 5860">
    <p class='ocr_par' dir='ltr' id='par_1_109' title="bbox 285 5786 1837 5860">
     <span class='ocr_line' id='line_1_109' title="bbox 285 5786 1837 5860; baseline -0.004 -13"><span class='ocrx_word' id='word_1_746' title='bbox 285 5791 355 5847; x_wconf 80' lang='lat' dir='ltr'><strong>At</strong></span> <span class='ocrx_word' id='word_1_747' title='bbox 389 5792 464 5845; x_wconf 90' lang='lat' dir='ltr'><strong>illi</strong></span> <span class='ocrx_word' id='word_1_748' title='bbox 509 5789 799 5846; x_wconf 84' lang='lat' dir='ltr'><strong>confestim</strong></span> <span class='ocrx_word' id='word_1_749' title='bbox 833 5799 890 5846; x_wconf 89' lang='lat' dir='ltr'><strong>et</strong></span> <span class='ocrx_word' id='word_1_750' title='bbox 913 5786 1131 5860; x_wconf 56' lang='lat' dir='ltr'><strong>opes&#39;et</strong></span> <span class='ocrx_word' id='word_1_751' title='bbox 1152 5788 1373 5846; x_wconf 87' lang='lat' dir='ltr'><strong>divitias</strong></span> <span class='ocrx_word' id='word_1_752' title='bbox 1399 5796 1453 5845; x_wconf 91' lang='lat' dir='ltr'><strong>ct</strong></span> <span class='ocrx_word' id='word_1_753' title='bbox 1477 5796 1704 5845; x_wconf 64' lang='lat' dir='ltr'><strong>caeteras</strong></span> <span class='ocrx_word' id='word_1_754' title='bbox 1754 5786 1837 5841; x_wconf 47' lang='lat' dir='ltr'><strong>fa-</strong></span> 
     </span>
    </p>
   </div>
   <div class='ocr_carea' id='block_1_110' title="bbox 1961 4951 3549 5024">
    <p class='ocr_par' dir='ltr' id='par_1_110' title="bbox 1961 4951 3549 5024">
     <span class='ocr_line' id='line_1_110' title="bbox 1961 4951 3549 5024; baseline 0 -16"><span class='ocrx_word' id='word_1_755' title='bbox 1961 4953 2191 5024; x_wconf 81' lang='lat' dir='ltr'><strong>cultates</strong></span> <span class='ocrx_word' id='word_1_756' title='bbox 2243 4967 2541 5024; x_wconf 81' lang='lat' dir='ltr'><strong>pauperum</strong></span> <span class='ocrx_word' id='word_1_757' title='bbox 2573 4951 2789 5009; x_wconf 86' lang='lat' dir='ltr'><strong>sinibus</strong></span> <span class='ocrx_word' id='word_1_758' title='bbox 2810 4952 3100 5024; x_wconf 68' lang='lat' dir='ltr'><strong>ingerunt.</strong></span> <span class='ocrx_word' id='word_1_759' title='bbox 3146 4968 3334 5010; x_wconf 86' lang='lat' dir='ltr'><strong>servos</strong></span> <span class='ocrx_word' id='word_1_760' title='bbox 3385 4953 3549 5009; x_wconf 85' lang='lat' dir='ltr'><strong>innu-</strong></span> 
     </span>
    </p>
   </div>
   <div class='ocr_carea' id='block_1_111' title="bbox 1957 5022 3546 5091">
    <p class='ocr_par' dir='ltr' id='par_1_111' title="bbox 1957 5022 3546 5091">
     <span class='ocr_line' id='line_1_111' title="bbox 1957 5022 3546 5091; baseline -0.002 -14"><span class='ocrx_word' id='word_1_761' title='bbox 1957 5022 2257 5079; x_wconf 88' lang='lat' dir='ltr'><strong>merabiles</strong></span> <span class='ocrx_word' id='word_1_762' title='bbox 2286 5023 2338 5077; x_wconf 93' lang='lat' dir='ltr'><strong>in</strong></span> <span class='ocrx_word' id='word_1_763' title='bbox 2360 5022 2669 5078; x_wconf 85' lang='lat' dir='ltr'><strong>libertatem</strong></span> <span class='ocrx_word' id='word_1_764' title='bbox 2698 5022 3000 5090; x_wconf 82' lang='lat' dir='ltr'><strong>vindicant,</strong></span> <span class='ocrx_word' id='word_1_765' title='bbox 3033 5024 3315 5091; x_wconf 89' lang='lat' dir='ltr'><strong>Deumque</strong></span> <span class='ocrx_word' id='word_1_766' title='bbox 3377 5024 3546 5080; x_wconf 87' lang='lat' dir='ltr'><strong>secuti</strong></span> 
     </span>
    </p>
   </div>
   <div class='ocr_carea' id='block_1_112' title="bbox 1959 5092 3552 5164">
    <p class='ocr_par' dir='ltr' id='par_1_112' title="bbox 1959 5092 3552 5164">
     <span class='ocr_line' id='line_1_112' title="bbox 1959 5092 3552 5164; baseline 0.001 -18"><span class='ocrx_word' id='word_1_767' title='bbox 1959 5108 2032 5164; x_wconf 7' lang='lat' dir='ltr'><strong>ac;</strong></span> <span class='ocrx_word' id='word_1_768' title='bbox 2054 5093 2339 5147; x_wconf 89' lang='lat' dir='ltr'><strong>ducentem</strong></span> <span class='ocrx_word' id='word_1_769' title='bbox 2366 5092 2603 5164; x_wconf 80' lang='lat' dir='ltr'><strong>Patrem,</strong></span> <span class='ocrx_word' id='word_1_770' title='bbox 2633 5093 2953 5164; x_wconf 85' lang='lat' dir='ltr'><strong>Byzantium</strong></span> <span class='ocrx_word' id='word_1_771' title='bbox 2986 5096 3322 5164; x_wconf 89' lang='lat' dir='ltr'><strong>relinquunt.</strong></span> <span class='ocrx_word' id='word_1_772' title='bbox 3362 5112 3383 5148; x_wconf 75' lang='grc' dir='ltr'>ι</span> <span class='ocrx_word' id='word_1_773' title='bbox 3426 5096 3552 5147; x_wconf 62' lang='lat' dir='ltr'><strong>Haec</strong></span> 
     </span>
    </p>
   </div>
   <div class='ocr_carea' id='block_1_113' title="bbox 1961 5109 3551 5234">
    <p class='ocr_par' dir='ltr' id='par_1_113' title="bbox 1961 5109 3551 5234">
     <span class='ocr_line' id='line_1_113' title="bbox 1961 5109 3551 5164; baseline 0.001 -19"><span class='ocrx_word' id='word_1_774' title='bbox 1961 5109 2024 5146; x_wconf 90' lang='lat' dir='ltr'><strong>ac</strong></span> <span class='ocrx_word' id='word_1_775' title='bbox 2054 5109 2339 5147; x_wconf 79' lang='lat' dir='ltr'><strong>ducentem</strong></span> <span class='ocrx_word' id='word_1_776' title='bbox 2368 5109 2603 5158; x_wconf 75' lang='lat' dir='ltr'><strong>ratrem,</strong></span> <span class='ocrx_word' id='word_1_777' title='bbox 2633 5109 2671 5145; x_wconf 76' lang='grc' dir='ltr'>υ</span> <span class='ocrx_word' id='word_1_778' title='bbox 2710 5109 2953 5148; x_wconf 84' lang='lat' dir='ltr'><strong>zanuum</strong></span> <span class='ocrx_word' id='word_1_779' title='bbox 2986 5109 3322 5164; x_wconf 87' lang='lat' dir='ltr'><strong>renuquunt.</strong></span> <span class='ocrx_word' id='word_1_780' title='bbox 3362 5112 3383 5148; x_wconf 75' lang='grc' dir='ltr'>ι</span> <span class='ocrx_word' id='word_1_781' title='bbox 3427 5109 3551 5147; x_wconf 75' lang='lat' dir='ltr'><strong>meo</strong></span> 
     </span>
     <span class='ocr_line' id='line_1_114' title="bbox 1961 5109 3551 5234; baseline 0.001 -19"><span class='ocrx_word' id='word_1_782' title='bbox 1961 5162 2073 5216; x_wconf 85' lang='lat' dir='ltr'><strong>ibi:</strong></span> <span class='ocrx_word' id='word_1_783' title='bbox 2116 5177 2239 5231; x_wconf 76' lang='lat' dir='ltr'><strong>qua:</strong></span> <span class='ocrx_word' id='word_1_784' title='bbox 2269 5164 2372 5217; x_wconf 89' lang='lat' dir='ltr'><strong>sub</strong></span> <span class='ocrx_word' id='word_1_785' title='bbox 2406 5162 2599 5234; x_wconf 84' lang='lat' dir='ltr'><strong>Leone</strong></span> <span class='ocrx_word' id='word_1_786' title='bbox 2647 5109 2925 5219; x_wconf 70' lang='lat' dir='ltr'><strong>Cybazares</strong></span> <span class='ocrx_word' id='word_1_787' title='bbox 2979 5175 3178 5234; x_wconf 73' lang='lat' dir='ltr'><strong>empta,</strong></span> <span class='ocrx_word' id='word_1_788' title='bbox 3235 5164 3339 5218; x_wconf 85' lang='lat' dir='ltr'><strong>sub</strong></span> <span class='ocrx_word' id='word_1_789' title='bbox 3395 5164 3551 5234; x_wconf 84' lang='lat' dir='ltr'><strong>lrcne</strong></span> 
     </span>
    </p>
   </div>
   <div class='ocr_carea' id='block_1_114' title="bbox 1964 5233 3552 5303">
    <p class='ocr_par' dir='ltr' id='par_1_114' title="bbox 1964 5233 3552 5303">
     <span class='ocr_line' id='line_1_115' title="bbox 1964 5233 3552 5303; baseline -0.001 -18"><span class='ocrx_word' id='word_1_790' title='bbox 1964 5242 2183 5301; x_wconf 87' lang='lat' dir='ltr'><strong>peracta</strong></span> <span class='ocrx_word' id='word_1_791' title='bbox 2230 5240 2380 5298; x_wconf 89' lang='lat' dir='ltr'><strong>sunt,</strong></span> <span class='ocrx_word' id='word_1_792' title='bbox 2421 5233 2642 5299; x_wconf 88' lang='lat' dir='ltr'><strong>quando</strong></span> <span class='ocrx_word' id='word_1_793' title='bbox 2668 5235 2873 5303; x_wconf 89' lang='lat' dir='ltr'><strong>pariter</strong></span> <span class='ocrx_word' id='word_1_794' title='bbox 2900 5233 3095 5289; x_wconf 83' lang='lat' dir='ltr'><strong>omnes</strong></span> <span class='ocrx_word' id='word_1_795' title='bbox 3122 5236 3187 5289; x_wconf 85' lang='lat' dir='ltr'><strong>ad</strong></span> <span class='ocrx_word' id='word_1_796' title='bbox 3226 5233 3552 5290; x_wconf 83' lang='lat' dir='ltr'><strong>Sacudionis</strong></span> 
     </span>
    </p>
   </div>
   <div class='ocr_carea' id='block_1_115' title="bbox 1964 5303 3551 5421">
    <p class='ocr_par' dir='ltr' id='par_1_115' title="bbox 1964 5303 3551 5421">
     <span class='ocr_line' id='line_1_116' title="bbox 1964 5303 3551 5421; baseline 0.002 -67"><span class='ocrx_word' id='word_1_797' title='bbox 1964 5303 2357 5421; x_wconf 66' lang='lat' dir='ltr'><strong>nlronastcrium</strong></span> <span class='ocrx_word' id='word_1_798' title='bbox 2382 5319 2699 5367; x_wconf 89' lang='lat' dir='ltr'><strong>secessere,</strong></span> <span class='ocrx_word' id='word_1_799' title='bbox 2755 5313 2815 5359; x_wconf 92' lang='lat' dir='ltr'><strong>ut</strong></span> <span class='ocrx_word' id='word_1_800' title='bbox 2858 5318 2983 5362; x_wconf 78' lang='lat' dir='ltr'><strong>mox</strong></span> <span class='ocrx_word' id='word_1_801' title='bbox 3042 5305 3293 5374; x_wconf 87' lang='lat' dir='ltr'><strong>sequenti</strong></span> <span class='ocrx_word' id='word_1_802' title='bbox 3371 5303 3551 5372; x_wconf 82' lang='lat' dir='ltr'><strong>capite</strong></span> 
     </span>
     <span class='ocr_line' id='line_1_117' title="bbox 1966 5382 2199 5421; baseline 0 0"><span class='ocrx_word' id='word_1_803' title='bbox 1966 5391 1980 5421; x_wconf 88' lang='lat' dir='ltr'><strong>t</strong></span> <span class='ocrx_word' id='word_1_804' title='bbox 2005 5382 2199 5421; x_wconf 81' lang='lat' dir='ltr'><strong>tcelttr.</strong></span> 
     </span>
    </p>
   </div>
   <div class='ocr_carea' id='block_1_116' title="bbox 1966 5382 2199 5425">
    <p class='ocr_par' dir='ltr' id='par_1_116' title="bbox 1966 5382 2199 5425">
     <span class='ocr_line' id='line_1_118' title="bbox 1966 5382 2199 5425; baseline 0.009 -2"><span class='ocrx_word' id='word_1_805' title='bbox 1966 5382 2199 5425; x_wconf 78' lang='lat' dir='ltr'><strong>tttcetur.</strong></span> 
     </span>
    </p>
   </div>
   <div class='ocr_carea' id='block_1_117' title="bbox 2034 5439 3546 5514">
    <p class='ocr_par' dir='ltr' id='par_1_117' title="bbox 2034 5439 3546 5514">
     <span class='ocr_line' id='line_1_119' title="bbox 2034 5439 3546 5514; baseline -0.007 -12"><span class='ocrx_word' id='word_1_806' title='bbox 2034 5442 2144 5509; x_wconf 74' lang='lat'><strong>(1‘2)</strong></span> <span class='ocrx_word' id='word_1_807' title='bbox 2173 5443 2236 5514; x_wconf 13' lang='lat' dir='ltr'><strong>HS.</strong></span> <span class='ocrx_word' id='word_1_808' title='bbox 2266 5442 2554 5514; x_wconf 74' lang='lat' dir='ltr'><strong>Tal-asiam</strong></span> <span class='ocrx_word' id='word_1_809' title='bbox 2585 5444 2690 5500; x_wconf 81' lang='grc' dir='ltr'><strong>ΟΡ.</strong></span> <span class='ocrx_word' id='word_1_810' title='bbox 2728 5445 3099 5514; x_wconf 85' lang='lat' dir='ltr'><strong>patriarcham</strong></span> <span class='ocrx_word' id='word_1_811' title='bbox 3131 5445 3391 5514; x_wconf 72' lang='lat' dir='ltr'><strong>intelligo</strong></span> <span class='ocrx_word' id='word_1_812' title='bbox 3414 5439 3546 5514; x_wconf 87' lang='lat' dir='ltr'><strong>:_qni</strong></span> 
     </span>
    </p>
   </div>
   <div class='ocr_carea' id='block_1_118' title="bbox 1964 5511 3550 5580">
    <p class='ocr_par' dir='ltr' id='par_1_118' title="bbox 1964 5511 3550 5580">
     <span class='ocr_line' id='line_1_120' title="bbox 1964 5511 3550 5580; baseline 0.001 -17"><span class='ocrx_word' id='word_1_813' title='bbox 1964 5526 2089 5565; x_wconf 88' lang='lat' dir='ltr'><strong>cum</strong></span> <span class='ocrx_word' id='word_1_814' title='bbox 2134 5513 2378 5580; x_wconf 88' lang='lat' dir='ltr'><strong>piissima</strong></span> <span class='ocrx_word' id='word_1_815' title='bbox 2423 5513 2576 5567; x_wconf 84' lang='lat' dir='ltr'><strong>lrene</strong></span> <span class='ocrx_word' id='word_1_816' title='bbox 2609 5511 2992 5572; x_wconf 65' lang='lat' dir='ltr'><strong>ortlfodoxiam</strong></span> <span class='ocrx_word' id='word_1_817' title='bbox 3052 5515 3311 5575; x_wconf 84' lang='lat' dir='ltr'><strong>restituit,</strong></span> <span class='ocrx_word' id='word_1_818' title='bbox 3357 5511 3550 5580; x_wconf 80' lang='lat' dir='ltr'><strong>dabat-</strong></span> 
     </span>
    </p>
   </div>
   <div class='ocr_carea' id='block_1_119' title="bbox 1959 5579 3547 5656">
    <p class='ocr_par' dir='ltr' id='par_1_119' title="bbox 1959 5579 3547 5656">
     <span class='ocr_line' id='line_1_121' title="bbox 1959 5579 3547 5656; baseline 0 -24"><span class='ocrx_word' id='word_1_819' title='bbox 1959 5596 2066 5649; x_wconf 88' lang='lat' dir='ltr'><strong>que</strong></span> <span class='ocrx_word' id='word_1_820' title='bbox 2128 5579 2346 5656; x_wconf 69' lang='lat' dir='ltr'><strong>cperam</strong></span> <span class='ocrx_word' id='word_1_821' title='bbox 2379 5596 2437 5656; x_wconf 86' lang='lat' dir='ltr'><strong>ut</strong></span> <span class='ocrx_word' id='word_1_822' title='bbox 2470 5584 2726 5656; x_wconf 78' lang='lat' dir='ltr'><strong>Ecclesiae</strong></span> <span class='ocrx_word' id='word_1_823' title='bbox 2779 5603 2900 5656; x_wconf 78' lang='lat' dir='ltr'><strong>qute</strong></span> <span class='ocrx_word' id='word_1_824' title='bbox 2928 5586 3032 5641; x_wconf 88' lang='lat' dir='ltr'><strong>sub</strong></span> <span class='ocrx_word' id='word_1_825' title='bbox 3063 5579 3547 5656; x_wconf 68' lang='lat' dir='ltr'><strong>[conemur-horum</strong></span> 
     </span>
    </p>
   </div>
   <div class='ocr_carea' id='block_1_120' title="bbox 1955 5649 3549 5723">
    <p class='ocr_par' dir='ltr' id='par_1_120' title="bbox 1955 5649 3549 5723">
     <span class='ocr_line' id='line_1_122' title="bbox 1955 5649 3549 5723; baseline 0.008 -22"><span class='ocrx_word' id='word_1_826' title='bbox 1955 5651 2282 5723; x_wconf 78' lang='lat' dir='ltr'><strong>tyrannide,</strong></span> <span class='ocrx_word' id='word_1_827' title='bbox 2320 5652 2401 5723; x_wconf 78' lang='lat' dir='ltr'><strong>vel</strong></span> <span class='ocrx_word' id='word_1_828' title='bbox 2460 5654 2733 5723; x_wconf 78' lang='lat' dir='ltr'><strong>episcOpis</strong></span> <span class='ocrx_word' id='word_1_829' title='bbox 2798 5649 3023 5709; x_wconf 62' lang='lat' dir='ltr'><strong>&#39;orbata:</strong></span> <span class='ocrx_word' id='word_1_830' title='bbox 3080 5652 3426 5723; x_wconf 46' lang='lat' dir='ltr'><strong>mterebnnﬁ</strong></span> <span class='ocrx_word' id='word_1_831' title='bbox 3468 5649 3549 5703; x_wconf 72' lang='grc' dir='ltr'><strong>νει</strong></span> 
     </span>
    </p>
   </div>
   <div class='ocr_carea' id='block_1_121' title="bbox 1952 5719 3546 5795">
    <p class='ocr_par' dir='ltr' id='par_1_121' title="bbox 1952 5719 3546 5795">
     <span class='ocr_line' id='line_1_123' title="bbox 1952 5719 3546 5795; baseline 0.001 -23"><span class='ocrx_word' id='word_1_832' title='bbox 1952 5719 2110 5795; x_wconf 70' lang='lat' dir='ltr'><strong>lueret</strong></span> <span class='ocrx_word' id='word_1_833' title='bbox 2124 5721 2219 5795; x_wconf 69' lang='lat' dir='ltr'><strong>icis</strong></span> <span class='ocrx_word' id='word_1_834' title='bbox 2236 5720 2478 5795; x_wconf 61' lang='lat' dir='ltr'><strong>tradite,</strong></span> <span class='ocrx_word' id='word_1_835' title='bbox 2505 5719 2663 5795; x_wconf 75' lang='lat' dir='ltr'><strong>lupos</strong></span> <span class='ocrx_word' id='word_1_836' title='bbox 2673 5740 2768 5795; x_wconf 82' lang='lat' dir='ltr'><strong>pro</strong></span> <span class='ocrx_word' id='word_1_837' title='bbox 2786 5723 3094 5795; x_wconf 82' lang='lat' dir='ltr'><strong>pastoribus</strong></span> <span class='ocrx_word' id='word_1_838' title='bbox 3110 5723 3255 5776; x_wconf 86' lang='lat' dir='ltr'><strong>alere</strong></span> <span class='ocrx_word' id='word_1_839' title='bbox 3276 5719 3546 5795; x_wconf 77' lang='lat' dir='ltr'><strong>cogeban-</strong></span> 
     </span>
    </p>
   </div>
   <div class='ocr_carea' id='block_1_122' title="bbox 1951 5789 3543 5860">
    <p class='ocr_par' dir='ltr' id='par_1_122' title="bbox 1951 5789 3543 5860">
     <span class='ocr_line' id='line_1_124' title="bbox 1951 5789 3543 5860; baseline 0.002 -18"><span class='ocrx_word' id='word_1_840' title='bbox 1951 5796 2058 5855; x_wconf 89' lang='lat' dir='ltr'><strong>tur,</strong></span> <span class='ocrx_word' id='word_1_841' title='bbox 2096 5790 2180 5845; x_wconf 76' lang='lat' dir='ltr'><strong>his</strong></span> <span class='ocrx_word' id='word_1_842' title='bbox 2200 5791 2408 5859; x_wconf 87' lang='lat' dir='ltr'><strong>ejectis,</strong></span> <span class='ocrx_word' id='word_1_843' title='bbox 2438 5789 2709 5860; x_wconf 75' lang='lat' dir='ltr'><strong>legitimos</strong></span> <span class='ocrx_word' id='word_1_844' title='bbox 2738 5789 2799 5847; x_wconf 80' lang='lat' dir='ltr'><strong>et</strong></span> <span class='ocrx_word' id='word_1_845' title='bbox 2828 5792 3161 5849; x_wconf 73' lang='lat' dir='ltr'><strong>ortltodoxos</strong></span> <span class='ocrx_word' id='word_1_846' title='bbox 3190 5789 3543 5847; x_wconf 81' lang='lat' dir='ltr'><strong>sortirentur.</strong></span> 
     </span>
    </p>
   </div>
  </div>
