4064 6372
459 351 567 420 823
1655 354 1719 415 S.
1753 351 2075 426 THEODO]

2189 351 2538 418 STUDITE
3629 348 3736 416 824

458 477 700 538 rumque
723 454 998 536 bonorum
1027 464 1307 537 satagebat
1333 465 1551 538 largiri,
1582 474 1645 521 ut
1688 474 1920 537 poterat,
1947 474 2044 522 aut

2178 465 2342 538 τέρῳ,
2374 465 2723 538 παρακλήσει
2769 462 3012 538 ἐξαίρων
3037 462 3100 520 τὸ
3147 463 3336 533 ἄλγος,
3368 460 3464 517 καὶ
3527 479 3742 533 μακροο

463 557 660 614 aaltem
714 556 1053 614 consolando
1080 557 1327 618 dolorem
1353 557 1622 622 eximeus,
1659 567 2046 628 exasperatum

465 659 710 702 mmrore
743 646 989 702 animum
1021 647 1257 704 leniebat
1275 647 1558 722 prolixiori
1583 648 2046 710 confabulatione.

475 733 617 802 Quid
647 736 845 792 mirum
869 737 894 790 ?
921 735 1144 798 Poterat
1175 752 1300 796 cum
1341 738 1650 794 venerando
1678 737 1783 794 Job
1813 739 2000 796 dicere
2026 753 2043 795 :

470 824 692 881 Saluum
721 826 984 896 faciebam
1031 845 1247 899 egenum
1295 829 1359 884 de
1397 845 1556 884 manu
1597 829 1832 895 violenti,
1883 839 1933 890 et
1962 847 2052 884 or-

467 919 706 990 phanum
761 921 846 974 cui
890 936 996 973 non
1043 930 1159 978 erat
1208 918 1425 990 adjutor
1457 935 1471 972 :
1507 919 1795 988 benedictio
1833 922 2053 990 perituri

469 1025 628 1080 super
674 1025 756 1064 me
789 1009 1042 1074 veniebat,
1076 1019 1125 1068 et
1183 1027 1272 1065 cor
1306 1011 1478 1066 vidua:
1527 1013 1830 1072 consolatus
1885 1029 2003 1068 sunt
2032 1028 2052 1067 :

472 1118 711 1164 causam,
759 1119 916 1172 quam
955 1102 1271 1169 nesciebant,
1322 1101 1730 1173 diligentissime
1773 1105 2056 1175 investiga-

473 1192 596 1246 bam
623 1192 667 1248 τ’.
695 1189 1034 1262 Quapropter
1063 1193 1457 1262 agnoscebatur
1505 1205 1566 1248 ut
1619 1203 1771 1264 pater
1799 1233 1816 1258 ,
1870 1194 2058 1252 lauda-

471 1284 639 1340 batur
670 1293 729 1339 ut
755 1293 1052 1354 protector,
1081 1284 1502 1342 benedicebatur
1560 1294 1621 1340 ut
1672 1296 1918 1354 curator,
1960 1285 2058 1345 vi-

474 1377 690 1441 sebant,
739 1379 1094 1443 occurebant,
1134 1362 1512 1450 suscipiaiant
1538 1394 1663 1442 eum
1696 1388 1812 1436 tam.
1835 1380 1930 1450 qui
1963 1393 2058 1436 so-

477 1468 717 1524 litariam
743 1484 907 1539 quam
949 1469 1044 1540 qui
1104 1485 1455 1529 communem
1505 1470 1900 1540 proﬁtebantur
1963 1471 2062 1526 vi-

477 1568 589 1616 tam
626 1551 854 1636 (l3)et
887 1561 1029 1620 ultra
1053 1577 1176 1631 quae
1207 1561 1486 1624 incolebat
1537 1562 1657 1624 loca
1707 1562 2060 1620 diﬂ‘erebatur

477 1649 596 1718 ejus
625 1649 792 1715 fama,
837 1665 964 1708 cum
992 1651 1044 1706 in
1069 1652 1318 1709 omnium
1355 1667 1452 1708 ore
1479 1661 1625 1708 esset
1675 1653 1852 1718 Plato,
1906 1652 2059 1710 velut

2149 559 2286 632 τέρᾳ
2316 559 2639 630 διερωτήσει
2671 557 2966 614 ἁπαλύνων
3018 557 3121 630 τὴν
3156 554 3575 628 τραχυνομένην
3601 573 3740 627 καρ-

2149 649 2270 705 δίαν
2298 648 2394 703 τοῦ
2423 649 2748 720 κάμνοντος.
2781 649 2848 702 Τί
2879 647 3196 718 θαυμαστὸν
3239 645 3382 716 πρὸς
3410 645 3612 708 ταῦτα,
3645 647 3743 698 καὶ

2151 738 2315 794 αὐτὸν
2355 739 2495 810 μετὰ
2534 739 2629 793 τοῦ
2677 740 2936 810 ἀοιδίμου
2983 737 3107 792 ’1ὼὸ
3139 739 3330 792 ὲκεῐνα
3383 737 3596 805 λέγειν·
3648 743 3746 790 Δι-

2151 828 2358 884 ἐσωσα
2381 829 2623 898 πτωχὸν
2655 829 2726 883 ἐκ
2762 829 2965 898 χειρὸς
2988 827 3323 891 δυνάστου,
3371 827 3472 882 καί
3502 825 3748 897 ὀρφανῷ

2153 917 2225 978 οὗ
2254 923 2365 975 οὐκ
2393 917 2472 991 ἦν
2493 922 2725 990 ,ϐοηθὸς
2747 921 3076 990 ἐϐοήθησα,
3112 921 3309 990 στόμα
3335 920 3407 974 δὲ
3436 919 3632 988 χήρας
3660 935 3742 988 με

2154 1013 2524 1084 ηὐλόγησεν.
2547 1013 2730 1082 δίκην
2754 1013 2822 1068 δὲ
2855 1013 2936 1082 ἦν
2965 1015 3076 1069 οὐκ
3106 1013 3277 1084 ﬁdem
3302 1011 3648 1081 ὲξιχνίασαο
3672 1005 3750 1065 ὧν

2155 1106 2343 1162 ἕνεκεν
2377 1107 2474 1160 καὶ
2507 1107 2581 1169 ὡς
2609 1105 2792 1179 πατὴρ
2818 1107 3172 1176 ὲγνωρίζετο,
3206 1107 3302 1158 καὶ
3319 1105 3396 1168 ὡς
3429 1107 3750 1176 προστάτης

2156 1195 2548 1268 ἐμεγαλύνετο,
2581 1199 2676 1252 καὶ
2701 1198 2777 1262 ῶς
2805 1197 3062 1270 κηδεμὼν
3089 1196 3486 1268 ἑμακαρίζετο,
3535 1195 3752 1266 ὁρῶμεο

2158 1307 2269 1356 νος,
2316 1289 2734 1362 ἀπαντώμενος,
2804 1291 3167 1362 ξενιζόμενος,
3218 1289 3370 1362 παρὰ
3423 1290 3748 1359 μονασταῖς,

2161 1382 2316 1455 παρὰ
2347 1383 2593 1454 μιγάσιν,
2619 1385 2700 1448 είς
2727 1383 2800 1438 τὰ
2825 1384 3158 1454 ὑπερέκεινα
3189 1375 3266 1442 ὧν
3302 1382 3530 1453 ἠσκεῖτο
3563 1380 3751 1434 τόπων

2160 1475 2261 1542 τῆς
2289 1474 2419 1544 περὶ
2447 1473 2617 1528 αὑτοῦ
2668 1474 2859 1546 φήμης
2905 1471 3333 1546 διαδραμούσης,
3378 1471 3473 1524 καὶ
3529 1468 3754 1522 πάντων

2161 1565 2253 1618 τὸν
2282 1567 2549 1620 Πλάτωνα
2581 1569 2642 1620 ἐν
2669 1570 2789 1630 ταῖς
2827 1565 3040 1620 ἑαυτῶν
3068 1563 3367 1633 γλώσσαις,
3402 1563 3480 1626 ῶς
3517 1560 3664 1632 μέγα
3697 1575 3751 1614 τι

2164 1657 2262 1710 καὶ
2293 1656 2624 1724 ἀξιὰγαστον
2655 1657 2870 1726 χρῆμα,
2903 1656 3279 1728 ἐπιφερόντων
3303 1671 3317 1686 °
3346 1653 3405 1708 ὃν
3430 1654 3526 1706 καὶ
3559 1655 3588 1706 ὁ
3622 1651 3754 1722 μὲλ-

479 1757 572 1806 res
601 1744 842 1799 maxima
881 1752 1049 1814 atque
1078 1745 1401 1815 dignissima
1443 1761 1645 1814 :quem
1673 1744 1920 1815 proiecto
1961 1760 2061 1804 nec

2176 1748 2272 1798 low
2324 1746 2512 1816 χρόνος
2559 1746 2622 1800 εὖ
2675 1743 2881 1801 οῑδ“ὂτι
2931 1748 2994 1802 οὐ
3046 1749 3345 1819 σιγήσειεν,
3392 1745 3555 1816 εἰπερ
3579 1742 3754 1817 ἀρετὴ

480 1831 664 1888 futura
696 1834 934 1892 silebunt
966 1844 1231 1906 tempora,
1267 1851 1392 1898 cum
1426 1837 1600 1894 virtus
1625 1837 1811 1899 ressit
1837 1838 2063 1898 immoe-

2176 1838 2405 1908 πρᾶγμα
2441 1838 2730 1894 ἀθάνατον.

484 1923 628 1980 talis.

1115 2059 1271 2114 CAP.
1307 2059 1395 2113 IV.

2782 2064 3031 2119 ΚΕΦΑΛ.
3076 2063 3149 2118 Δ’.

661 2167 966 2240 Prwﬁcitur
998 2169 1318 2226 Sacudionis
1349 2171 1666 2224 monasterio
1699 2168 1880 2235 Plato,
1907 2179 1956 2224 et
1981 2185 2075 2238 pro
2102 2175 2434 2229 verteratione
2473 2184 2784 2230 sanctarum
2811 2177 3102 2246 imaginum
3125 2184 3238 2246 agu
3263 2175 3315 2230 in
3351 2175 3608 2230 concilia.

554 2284 644 2340 2!.
671 2282 828 2340 Nunc
855 2285 1334 2340 commemoranda
1359 2285 1517 2340 nobis
1541 2285 1687 2340 venit
1703 2284 2062 2340 Christianis--

488 2377 626 2432 sima
657 2376 830 2440 Irene,
869 2377 1118 2447 paciﬁca,
1150 2378 1308 2448 juxta
1333 2379 1416 2434 sui
1445 2377 1684 2432 nominis
1709 2387 1948 2446 etymon,
1971 2377 2066 2430 im-

488 2470 762 2540 peratrix;
806 2470 860 2524 in
899 2484 1009 2539 qua
1045 2471 1353 2540 bocprazter
1381 2470 1486 2523 alia
1528 2469 1860 2523 laudandum
1893 2468 2066 2532 venit,

487 2562 631 2632 quod
699 2563 802 2617 sub
849 2578 910 2618 ea
945 2563 1016 2620 sit
1065 2571 1251 2634 aperta
1297 2563 1463 2632 janua
1529 2561 1839 2630 volentibus
1895 2562 2065 2614 vitam

491 2655 847 2710 monasticam
907 2655 1183 2724 amplecti,
1213 2664 1337 2708 ante
1373 2654 1472 2712 bac
1510 2653 1866 2723 regnantibus
1883 2651 2068 2720 impiis

491 2745 637 2801 baud
685 2746 870 2802 minus
903 2747 1088 2804 clausa
1119 2746 1221 2802 sub
1270 2745 1507 2800 ethnicis
1549 2754 1665 2800 erat
1701 2745 1767 2799 ad
1799 2744 2070 2800 Christia-

493 2839 755 2892 nismum.
791 2835 945 2900 Tunc
973 2837 1226 2896 universa
1285 2848 1473 2896 nostra
1521 2836 1734 2894 familia
1785 2838 2068 2896 renuntia-

491 2931 573 2984 vit
599 2929 797 2990 saeculo
824 2947 838 2984 :
859 2938 987 2986 tunc
1003 2928 1562 2984 celeberrimusPatcr.
1579 2939 1764 2986 noster
1780 2940 1900 2999 post
1921 2930 2075 3002 quie-

495 3032 604 3076 tem
636 3021 948 3081 solitudinis
987 3021 1228 3092 suscepit
1264 3023 1612 3102 pra:latura_m
1639 3040 1653 3078 :
1683 3023 1948 3092 suscepit,
1986 3023 2072 3080 in-

2235 2295 2341 2342 κα’.
2387 2289 2527 2343 Ἀλλ’
2552 2285 2687 2362 ἧκεν
2722 2291 2914 2362 ήμῖνή
2947 2289 3307 2361 χριστοφόρος
3334 2289 3569 2361 Εἰρήνη,
3602 2290 3636 2359 ή
3663 2306 3762 2357 φε-

2167 2379 2435 2450 ρωνύμως
2467 2383 2865 2451 βασιλεύσασα,
2903 2385 2961 2436 ὲν
3059 2381 3198 2453 μετὰ
3228 2383 3338 2436 τῶν
3369 2381 3552 2436 ἄλλων
3575 2381 3760 2436 καλῶν

2168 2472 2262 2524 καὶ
2295 2474 2328 2542 ἡ
2367 2472 2461 2525 τοῦ
2514 2475 2766 2544 μονάζειν
2809 2475 2975 2528 παντὶ
3017 2474 3096 2544 τῷ
3147 2473 3460 2545 βουλομένῳ
3512 2473 3763 2544 ήνὲῳκτο

2169 2565 2332 2636 θύρα,
2377 2567 2548 2622 πάλαι
2594 2569 2700 2621 ὑπὸ
2741 2569 2973 2631 ἀσεϐοῦς
3032 2567 3314 2638 βασιλείας
3367 2566 3760 2636 κεκλεισμένη,

2170 2658 2423 2731 καθάπερ
2439 2659 2546 2712 ὑπὸ
2577 2659 2993 2731 Ἐλληνιζούσης
3016 2661 3076 2713 τὸ
3098 2659 3526 2730 Χριστιανίζειν.
3544 2656 3764 2710 Ἐντεῦ-

2173 2749 2266 2803 θεν
2297 2752 2328 2820 ή
2363 2752 2490 2820 περὶ
2520 2753 2670 2822 ἡμᾶς
2722 2753 2821 2822 μὲν
2876 2753 3167 2816 πανέστιος
3225 2751 3502 2819 ἀποταγὴ,
3551 2748 3650 2802 τοῦ
3708 2747 3767 2802 δὲ

2179 2845 2540 2914 πανευφήμου
2577 2845 2790 2915 ιῖατρὺς
2822 2846 2855 2915 ἡ
2891 2843 3029 2914 μετὰ
3071 2842 3169 2914 τὴν
3207 2842 3436 2913 ἡσυχίαν
3467 2839 3766 2912 ἡγεμονία,

2174 2933 2234 2986 ού
2265 2933 2586 3004 βουλομένου
2608 2933 2728 3003 μὲν,
2771 2934 2894 2986 οὐδὲ
2927 2931 3256 3004 ὀρεγομένου
3281 2931 3471 3002 ἄρχειν
3493 2930 3632 2999 (πῶς
3656 2930 3770 3000 γὰρ

2179 3023 2244 3078 ἂν
2272 3027 2301 3078 ό
2331 3024 2429 3086 τὰς
2468 3023 2728 3094 μεγίστας
2759 3021 2945 3092 φυγὼν
2968 3022 3143 3093 ἀρχὰς
3173 3021 3356 3090 ἐφέσει
3389 3019 3500 3072 τῶν
3542 3018 3772 3088 ύφειμέυ

498 3130 684 3186 quam,
711 3130 811 3176 nec
839 3113 1027 3172 volens
1052 3131 1150 3176 nec
1182 3115 1408 3184 cupiens
1441 3114 1736 3186 (quomodo
1784 3115 1951 3177 enim.
1979 3115 2074 3185 qui

2180 3131 2286 3168 νων
2316 3113 2593 3180 ἡλίσκετο)
2618 3113 2756 3168 ἀλλὰ
2786 3113 2848 3166 τὸ
2883 3113 2983 3182 μὲν
3007 3110 3408 3174 κατακλεισθεὶς
3428 3109 3536 3163 ὑπὸ
3565 3106 3665 3161 τοῦ
3685 3107 3774 3173 ta!-

500 3207 770 3262 maximas
801 3205 1036 3277 fugerat,
1067 3205 1394 3276 dignitatum
1419 3207 1772 3262 minimarum
1801 3205 2074 3262 desiderio

2187 3225 2356 3279 ματος
2388 3209 2692 3280 (εἰρήσεται
2735 3208 2846 3277 γὰρ
2871 3210 2916 3262 τ’
2944 3207 3164 3278 ἀληθὲς,
3200 3207 3249 3258 εί
3286 3204 3380 3258 καὶ
3437 3202 3775 3275 τραχύτερος

501 3299 854 3366 teneretur?),
891 3300 987 3356 sed
1017 3298 1215 3368 partim
1253 3298 1788 3369 consanguineorum
1823 3298 2075 3368 precibus

2181 3302 2212 3356 ό
2235 3300 2439 3371 λόγος),
2486 3299 2547 3352 τὸ
2598 3298 2655 3352 δὲ
2681 3299 2777 3352 κα).
2820 3295 3048 3358 ἐλπίσας
3077 3295 3174 3366 τὴν
3209 3295 3382 3362 αὐτὴν
3436 3292 3610 3362 ῐσχειν
3635 3292 3776 3362 ήσυ-

503 3391 784 3446 emollitus
832 3389 1032 3461 (dicam
1083 3389 1230 3448 enim
1264 3390 1409 3458 quod
1443 3404 1532 3446 res
1569 3400 1673 3455 est,
1705 3389 1806 3446 etsi
1836 3389 1998 3460 paulo
2027 3391 2075 3446 id

2185 3391 2330 3464 χίαν,
2375 3391 2479 3445 κᾶν
2521 3393 2586 3462 τῇ
2610 3389 2931 3460 ήγεμονείᾳ,
2957 3389 3097 3458 ὅπερ
3122 3387 3220 3458 οὐχ
3249 3381 3361 3439 οἷόν
3384 3401 3470 3438 τε.
3501 3383 3639 3438 Οὐδὲ
3666 3381 3778 3453 γὰρ

505 3482 892 3542 inconcinnius
925 3482 1223 3552 videatur).
1252 3483 1450 3552 partim
1486 3481 1791 3550 conﬁdens,
1820 3482 1967 3552 quod
1997 3483 2075 3539 vel

2189 3484 2434 3554 ζητήσας
2452 3476 2577 3553 εὗρε
2592 3483 2652 3535 τδ
2669 3480 3030 3550 ἐλπιζόμενον
3051 3496 3065 3511 ·
3084 3477 3379 3534 κάντεῦθεν
3400 3477 3554 3547 αὐτῷ
3578 3477 3628 3528 οἱ
3649 3473 3782 3526 πολ-

508 3574 563 3628 in
597 3575 710 3643 ipsa
738 3571 1060 3644 praefectura
1093 3581 1277 3642 posset
1307 3571 1596 3642 pristinam
1652 3572 1892 3641 quietem
1950 3587 2075 3628 con-

2190 3575 2274 3629 )to‘t
2305 3573 2638 3637 πνεύσαντες
2672 3571 2973 3644 πειρασμοί
2997 3585 3014 3600 ⁸
3040 3572 3099 3624 τὸ
3132 3570 3190 3624 δὲ
3221 3570 3312 3639 ὑφ’
3339 3561 3413 3624 ὧν
3445 3568 3540 3621 καὶ
3566 3566 3637 3620 δι’
3657 3563 3779 3628 οὓς,

509 3682 731 3724 servare
766 3683 781 3724 :
809 3666 908 3722 sed
940 3667 1044 3730 hnc
1071 3681 1414 3736 nequaquam
1443 3674 1501 3722 ut
1524 3666 1778 3734 sperabat
1808 3666 2075 3733 obtinuit;

2192 3666 2395 3738 ἀφίημι
2419 3665 2625 3734 λέγειν,
2651 3665 2792 3718 αἰδοῖ
2815 3663 2922 3717 τῶν
2948 3661 3286 3734 προσώπων,
3312 3660 3454 3732 πλὴν
3486 3659 3638 3713 ἕλκει
3663 3656 3785 3728 βίον

511 3761 692 3816 multae
713 3758 858 3814 enim
891 3758 1218 3820 tentationes
1248 3757 1298 3812 ei
1348 3771 1414 3814 ex
1449 3757 1552 3812 hoc
1583 3757 1766 3827 capite
1821 3773 2075 3827 provene

2195 3758 2454 3830 ὀδυνηρόν
2483 3775 2543 3811 τε
2569 3759 2663 3812 καὶ
2705 3755 2994 3828 ἀνώμαλον
3019 3797 3036 3822 ,
3069 3757 3165 3810 καὶ
3209 3755 3308 3824 τῆς
3356 3751 3566 3816 οἰκείας
3610 3749 3784 3816 ἕξεως

511 3859 640 3906 runt
673 3867 686 3904 :
719 3866 750 3906 a
776 3851 972 3924 quibus
1002 3866 1130 3905 vero
1162 3859 1216 3912 et
1241 3865 1338 3920 per
1381 3863 1524 3919 quos
1552 3863 1631 3904 ea:
1675 3849 1880 3906 fuerint
1909 3851 2075 3908 susci-

2200 3851 2550 3935 ἀναρμόδιον.
2616 3841 2620 3846 ’

511 3953 656 4009 latae,
688 3961 1044 4016 personarum
1068 3953 1313 4014 respectu
1409 3943 1590 4004 dicere
1642 3945 2030 4013 praetermitto:
2070 3947 2172 4003 hoc
2206 3957 2418 4003 tantum
2486 3942 2757 4014 signiﬁco,
2824 3941 2969 4013 quod
3004 3941 3171 3997 vitam
3245 3939 3512 3996 molestiis
3538 3937 3783 4007 plenam.

511 4056 543 4097 a
567 4056 776 4112 suoque
821 4041 1067 4096 instituto
1095 4049 1149 4101 et
1205 4039 1484 4109 proposito
1519 4038 1914 4096 alicnissimnn
1945 4040 2185 4100 duxerit.

582 4133 674 4190 22.
715 4131 854 4199 Quid
880 4141 1062 4186 autem
1121 4129 1252 4186 fecit
1307 4130 1561 4201 generosi
1614 4130 1786 4186 animi
1839 4132 2085 4203 rectique

513 4225 730 4282 consilii
759 4224 885 4278 vir?
936 4222 1230 4293 Postquam
1264 4223 1331 4278 ad
1369 4223 1719 4293 praelaturam
1761 4233 1978 4294 raptum
2031 4239 2092 4281 se

513 4316 673 4380 vidit,
705 4332 882 4386 nerine
926 4331 1046 4371 eam
1078 4314 1317 4384 effugere
1348 4315 1624 4387 (quamvis
1653 4315 1722 4372 de
1757 4317 1861 4372 hoc
1891 4317 2094 4389 saepius

515 4406 863 4474 deliberaret)
899 4407 1035 4464 citra
1075 4407 1378 4477 periculum
1400 4421 1596 4476 posse;
1627 4408 2092 4477 quemadmodum

517 4499 850 4570 gubernator
907 4499 1172 4568 prudens.
1227 4498 1283 4552 in
1344 4498 1526 4554 medio
1585 4498 2094 4570 circumstrepentis

517 4591 772 4662 procella:
803 4589 1162 4668 constitutus,
1189 4603 1409 4648 omnem
1441 4589 1611 4650 animi
1641 4599 1920 4658 torporem
1973 4606 2003 4644 a
2035 4604 2094 4646 se

517 4681 794 4748 excussit;
825 4689 880 4736 et
914 4680 1110 4736 mentis
1139 4679 1330 4735 oculos
1377 4695 1598 4734 sursum
1651 4681 1942 4746 attollens,
2007 4682 2095 4736 in-

2266 4134 2366 4207 xﬁ'.
2409 4133 2572 4188 ’Λλλὰ
2603 4133 2655 4185 τί
2688 4131 2834 4186 ποιεῖ
2865 4131 2895 4182 ό
2925 4131 3174 4197 γενναῖος
3215 4131 3424 4192 ἐκεῖνος
3460 4127 3645 4199 ,ὅντως
3682 4130 3787 4185 καὶ

2197 4229 2521 4292 εὐθύϐουλος
2547 4244 2562 4293 ;
2607 4224 2831 4294 Ἐπειδὴ
2853 4223 3002 4292 ἑώρα
3029 4223 3222 4275 ἑαυτὸν
3252 4222 3535 4275 ἑαλωκότα
3556 4225 3790 4294 τῇςπρο-

2200 4322 2416 4392 στασίᾳ,
2454 4320 2551 4374 καὶ
2579 4317 2771 4387 φυγεῖν
2813 4313 3020 4383 ταύτην
3068 4313 3168 4366 οὐκ
3217 4313 3519 4376 ἀκίνδυνον,
3579 4313 3789 4384 καίπερ

2200 4412 2462 4474 πολλάκις
2517 4405 2972 4479 βουλευσάμενος,
3004 4396 3095 4456 οἷά
3156 4418 3242 4465 τις
3270 4400 3690 4471 οίακοστρόφος.
3725 4401 3791 4455 ὲν

2203 4505 2355 4576 μέσῳ
2389 4501 2658 4562 κλύδωνος
2688 4495 3058 4568 περιζέοντος,
3095 4491 3152 4545 τὸ
3194 4491 3294 4561 τῆς
3337 4491 3516 4562 ψυχῆς
3551 4490 3792 4554 ὸκνῶδες

2201 4593 2656 4664 ἀποσεισάμενος,
2699 4590 2793 4642 καὶ
2844 4588 2907 4641 τὸ
2959 4586 3059 4656 τῆς
3087 4584 3326 4647 διανοίας
3368 4583 3524 4652 δμμα
3551 4581 3791 4651 ὑψιφρὸο

2203 4705 2308 4750 νως
2333 4685 2642 4749 ἀνατείνας,
2677 4680 2956 4752 ίχνηλατεϊ
2985 4676 3173 4730 λοιπὸν
3197 4674 3323 4736 τοὺς
3353 4673 3462 4728 τῶν
3493 4672 3788 4744 μακαρίων

517 4778 790 4847 vestigare
815 4775 985 4846 coepit
1007 4775 1248 4830 virorum
1283 4780 1606 4830 sanctorum
1640 4773 1804 4840 vitas,
1869 4789 1976 4829 non
2030 4789 2075 4828 at

2199 4778 2410 4849 ἀνδρῶν
2438 4777 2587 4848 βίους
2610 4791 2625 4805 °
2659 4776 2721 4829 ού
2755 4772 2891 4844 πρὸς
2947 4769 3017 4824 τὰ
3077 4769 3324 4842 προσεχῆ
3358 4767 3790 4838 παραδείγματα

519 4867 762 4922 recentia
799 4865 1046 4938 exempla
1077 4865 1377 4937 respiciens
1418 4863 1559 4936 (haec
1587 4866 1735 4920 enim
1772 4864 2097 4936 plerumque

519 4959 752 5014 distorta
783 4957 1124 5030 confusaque
1157 4959 1328 5030 sunt),
1349 4961 1444 5013 sed
1476 4958 1542 5011 ad
1573 4957 1922 5028 archetypam
1967 4972 2097 5027 apo-

522 5049 730 5107 stolica
764 5051 888 5105 vitae
918 5050 1232 5124 imaginem,
1265 5050 1412 5121 quod
1437 5049 1618 5106 facere
1654 5058 1870 5119 oportet
1906 5065 2101 5108 omnes

522 5157 622 5200 eos
651 5139 1020 5216 quiperieetat
1061 5141 1279 5206 virtutis
1315 5141 1675 5208 sittiulacrutn
1705 5140 2015 5211 exprimere
2044 5142 2098 5196 in

523 5249 586 5291 se
627 5235 876 5304 cupiunt,
917 5243 971 5288 et
1004 5233 1171 5287 vitam
1206 5234 1394 5288 volunt
1423 5233 1492 5288 ad
1523 5231 1936 5287 similitudinem
1999 5232 2103 5290 Pa-

525 5335 670 5385 trum
703 5333 871 5396 atque
904 5325 972 5380 ad
1001 5324 1231 5381 salutem
1273 5323 1578 5378 instituere.

594 5419 958 5492 25..Brimum
986 5426 1168 5484 autem
1204 5417 1312 5480 hoc
1344 5413 1494 5480 fecit,
1527 5423 1588 5470 et
1626 5417 1848 5486 quidem
1905 5416 2100 5471 admo-

595 5521 758 5614 tJob.
793 5573 848 5624 v,
884 5557 990 5623 is;
1021 5571 1173 5620 xm.
1201 5553 1287 5610 ιε.
1328 5551 1414 5608 l6.

2198 4851 2434 4943 βλέπων,
2481 4869 2606 4923 ἐπεὶ
2651 4867 2783 4932 λοξὰ
2816 4859 2925 4920 ’καὶ
2969 4860 3380 4934 συγκεχυμέναο
3412 4857 3551 4930 πρδς
3591 4856 3648 4910 δὲ
3687 4856 3792 4925 τὴν

2197 4962 2505 5032 ἀρχέτυπον
2558 4960 2752 5013 εἰκόνα
2803 4958 2906 5029 τῆς
2963 4953 3330 5022 ἀποστολικῆς
3365 4947 3514 5018 ζωῆς
3542 4949 3792 5002 ἀποσκοο

2200 5052 2316 5106 πῶν
2348 5050 2395 5121 (ὃ
2424 5049 2506 5104 δεῖ
2541 5048 2748 5112 πάντας
2777 5047 2904 5108 τοὺς
2934 5045 3033 5115 τῆς
3065 5041 3270 5114 ἀρετῆς
3310 5037 3561 5110 γραφέας
3585 5037 3787 5100 ποιεῖν,

2198 5143 2251 5196 εί
2270 5158 2335 5211 γε
2377 5140 2627 5212 μέλλοιεν
2671 5137 3068 5209 Πατροείκελον
3085 5134 3180 5187 καὶ
3223 5132 3492 5200 σωτήριον
3531 5127 3624 5180 τὸν
3657 5128 3792 5180 ἑαυ-

2203 5231 2314 5286 τῶν
2351 5231 2462 5302 βίον
2489 5228 2956 5302 ἀπεργάζεσθαι),
2992 5225 3210 5298 πρῶτον
3256 5221 3416 5276 τοῦτο
3469 5219 3654 5282 ποιεῖ,
3697 5216 3795 5270 καὶ

2204 5325 2328 5380 λίαν
2362 5323 2651 5388 νεανικῶς.

2289 5413 2399 5483 κγ’.
2429 5416 2522 5478 Ei;
2553 5415 2650 5478 τὰς
2679 5413 2775 5467 τοῦ
2808 5410 3047 5484 μεγάλου
3079 5411 3174 5465 καὶ
3205 5409 3466 5482 θεοφόρου
3506 5408 3795 5463 Βασιλείου

2036 5665 2280 5724 ΝΟΤΑΕ.

597 5768 712 5843 (1⁸5)
743 5767 928 5834 Gmoe
961 5768 1204 5842 μιγάδες.
1247 5767 1478 5824 Sirletus
1522 5762 1830 5834 conjugatos
1884 5763 2063 5828 vertit,

2206 5759 2521 5834 μονασταῖς,
2555 5753 2860 5817 monachis,
2889 5766 2981 5808 eos
3005 5748 3246 5820 opponit.
