4064 6372
515 351 621 416 827

1704 358 1765 420 S.
1807 358 2197 421 THEODORI
2241 357 2586 420 STUDITzE

3670 357 3778 420 8%

522 466 868 540 pientissima
897 468 1074 536 Irene,
1107 481 1162 527 et
1188 472 1332 528 circa
1353 473 1712 543 qumstionem
1736 475 1806 530 de
1833 489 2098 530 veneran-

2214 476 2552 547 Βαλλομένων
2588 475 2850 547 περὶτῆς
2890 475 2998 530 τῶν
3039 489 3258 529 σεπτων
3303 471 3532 531 εἰκόνων
3575 477 3778 533 ὕποθέ-

525 562 614 617 dis
663 561 998 632 imaginibus
1054 563 1108 618 in
1159 575 1446 634 utramque
1490 575 1700 636 partem
1727 568 1896 622 multa
1931 567 2100 636 jacta-

523 660 743 716 rentur,
772 661 902 707 ante
932 653 1130 709 multos
1157 667 1210 708 ct
1238 671 1361 710 cum
1393 657 1581 726 paucis
1611 657 1780 714 libere
1812 659 2096 715 veritatem

521 746 1076 818 proﬁtetur;pugnat
1125 755 1388 816 quantum
1443 757 1621 818 potest
1669 759 1861 805 contra
1914 751 2100 806 lcono-

519 837 771 891 machos.
796 836 1060 902 Quamvis
1082 838 1227 891 enim
1271 853 1377 890 non
1419 849 1563 892 esset
1601 838 1968 909 dogmaticus,
2004 843 2100 895 sed

523 928 756 997 simplici
789 939 1033 984 uteretur
1066 943 1357 994 sermone;
1383 945 1506 984 eum
1545 940 1722 985 tamen
1757 932 1986 988 habebat
2011 949 2102 988 co-

522 1019 736 1086 piosum
793 1017 968 1086 (ju‘xta
1025 1019 1264 1072 nominis
1311 1021 1418 1082 sui,
1459 1034 1489 1074 a
1537 1021 1821 1077 latitudine
1873 1022 2098 1092 sumpti,

522 1111 933 1179 proprio-tatem)
973 1117 1028 1164 et
1077 1111 1422 1179 persuasioni
1506 1127 1762 1181 perquam
1819 1113 2098 1168 idoneum.

522 1199 692 1266 (Iujns
720 1200 798 1252 rei
831 1208 1209 1268 argumentum
1229 1210 1342 1264 est,
1368 1200 1515 1270 quod
1547 1202 1600 1256 in
1631 1218 1693 1256 ea
1729 1219 1848 1272 qua:
1874 1206 1941 1257 ad
1973 1219 2103 1258 san-

519 1299 639 1345 ctos
693 1291 966 1358 apostolos
1002 1299 1189 1345 coacta
1241 1301 1324 1346 est
1371 1293 1583 1364 synodo
1624 1294 1775 1364 (15),
1808 1297 1876 1350 ab
1907 1309 1974 1349 eo
2007 1296 2100 1366 qui

519 1391 652 1436 tunc
683 1391 795 1437 erat
823 1383 1130 1452 patriarcha
1166 1384 1372 1440 electus
1403 1385 1518 1454 ipse
1535 1385 1627 1451 sit,
1655 1387 1749 1456 qui
1807 1398 2102 1457 poneretur

525 1474 579 1526 in
619 1476 877 1528 cathedra
930 1475 1250 1544 metropolis
1301 1475 1548 1529 omnium
1609 1476 2012 1542 illustrissimze,
2049 1487 2104 1532 et

517 1565 665 1619 Sictll
704 1575 862 1619 antea
895 1579 1003 1619 non
1039 1565 1296 1621 timuerat
1335 1568 1516 1623 minas
1548 1566 1849 1622 faventium
1885 1569 2100 1633 lueresi,

519 1659 602 1713 sic
627 1673 805 1727 neque
845 1666 976 1713 tunc
996 1657 1313 1713 formidavit
1339 1659 1764 1729 prohibitionem
1791 1661 2103 1716 incursum-

2203 583 2362 629 σεως,
2393 563 2836 636 παρρησιάζεται
2871 563 2979 635 πρὸ
3001 563 3110 617 τῶν
3151 561 3364 617 πολλῶν
3411 565 3505 617 καὶ
3541 567 3638 620 σὺν
3666 567 3776 620 ὀλί-

2201 673 2318 725 γοις
2350 656 2446 726 τὴν
2472 656 2750 726 ἀλήθειαν,
2781 656 3013 726 μάχεται
3030 657 3144 719 τοῖς
3167 656 3619 728 εἱκονομαχοΰσιν
3645 658 3778 712 καθ-

2199 745 2327 798 ὅσον
2359 738 2471 796 οἷόν
2499 759 2581 810 τε,
2614 745 2737 796 ἐπεὶ
2769 743 2907 814 μηδὲ
2940 744 3271 814 δογματικδς
3299 740 3388 817 ἦν,
3422 746 3540 799 ἀλλ’
3569 747 3778 802 ἁπλοῦν

2204 833 2302 902 μὲν
2320 833 2411 886 τδν
2424 833 2603 902 λόγον,
2621 832 2936 905 εὐρύχωρον
2951 833 2998 886 δ’
3013 835 3164 904 ὅμως
3181 851 3244 902 φε
3254 834 3521 906 ρωνύμως
3539 838 3635 891 καὶ
3657 853 3780 892 πει-

2202 924 2362 994 θήνον
2380 924 2728 998 [Γ.πειθανὸν]
2745 924 2904 995 ἔχων.
2924 925 3224 991 Ἀπόδειξις
3241 927 3351 981 τῶν
3377 929 3707 1000 εἰρημένων,
3720 931 3782 984 τὺ

2201 1019 2259 1070 έν
2289 1017 2528 1088 καθέδρᾳ
2559 1017 2947 1088 μητροπόλεως
2966 1017 3075 1072 τῶν
3105 1019 3390 1088 ἐπιφανῶν
3408 1059 3424 1085 ,
3455 1021 3514 1074 έν
3537 1024 3604 1092 τῇ
3639 1022 3782 1076 κατὰ

2199 1110 2330 1170 τοὺς
2377 1109 2566 1177 ἁγίους
2599 1108 2956 1172 Ἀποστόλους
2996 1111 3220 1181 συνόδῳ,
3242 1111 3394 1182 παρὰ
3415 1111 3779 1182 τοῦτηνικάδε

2201 1198 2626 1272 προεδρεύοντος
2653 1199 2774 1253 κατ’
2802 1199 3032 1270 ἐκλογὴν
3061 1201 3288 1271 τεθῆναι
3311 1202 3403 1256 τὸν
3429 1203 3620 1273 ἄνδρα,
3653 1203 3780 1257 οὔτε

2202 1289 2470 1362 πρότερον
2497 1289 2800 1360 πτοηθέντα
2836 1289 2935 1354 τὰς
2964 1291 3194 1354 ἀπειλὰς
3221 1291 3332 1345 τῶν
3363 1294 3778 1364 αίρετιζόντων,

2201 1376 2327 1431 οὔτε
2382 1377 2682 1448 τηνικαῦτα
2730 1375 3120 1449 ὑποπτήξαντα
3171 1381 3273 1452 τὴν
3325 1382 3644 1454 ἀποτροπὴν
3685 1387 3783 1440 καὶ

2202 1469 2504 1540 ἐπιδρομὴν
2537 1467 2631 1522 τοῦ
2679 1470 3071 1540 στρατιωτικοῦ
3112 1473 3409 1543 τάγματος,
3459 1474 3623 1546 ἡνίκα
3668 1476 3786 1548 ῶρο

2205 1578 2380 1633 μησεν
2394 1561 2531 1633 πρὸς
2547 1562 2637 1614 τὸν
2654 1561 2832 1631 μέγαν
2857 1561 3018 1628 νεὼν,
3043 1564 3326 1619 καταϐοῶν
3365 1565 3462 1620 τοῦ
3486 1567 3780 1638 προέδρου,

2203 1655 2300 1707 καὶ
2329 1654 2537 1726 ἀνευφη
2546 1653 2664 1726 μῶν
2708 1655 2803 1708 τὸν
2829 1656 2973 1710 κατά
2999 1656 3110 1711 τῶν
3144 1658 3362 1713 σεπτῶν
3391 1660 3620 1714 εἰκόνων
3645 1661 3787 1732 ψευ-

519 1766 626 1820 que
664 1750 874 1806 ordinis
922 1751 1211 1816 militaris,
1246 1751 1468 1822 quando
1517 1752 1564 1807 is
1599 1752 1860 1822 impetum
1893 1753 2021 1809 fecit
2045 1741 2100 1808 in

2214 1745 2546 1814 Βοσύλλογον.
2571 1747 2680 1800 Καὶ
2729 1747 2928 1818 μικρὸν
2969 1747 3217 1821 ὕστερον,
3248 1751 3411 1804 ὁπότε
3454 1751 3700 1808 διελύετο
3724 1754 3788 1807 τὸ

520 1857 776 1912 magnum
799 1843 928 1898 illud
950 1845 1235 1914 templum,
1254 1847 1465 1902 insanis
1495 1847 1832 1902 clamoribus
1869 1848 2102 1918 patriar-

2214 1840 2302 1908 τῆς
2331 1839 2590 1910 ἀληθείας
2611 1815 2906 1912 ἄθροισμα,
2937 1841 3034 1895 καὶ
3081 1815 3158 1906 ῶς
3193 1844 3258 1896 ὲκ
3285 1843 3453 1915 μέσου
3479 1843 3718 1901 λεόντων
3751 1847 3784 1916 ἡ

519 1935 636 1989 cba:
689 1935 1034 2006 obstrepens,
1072 1946 1128 1992 et
1181 1939 1656 2010 pscudosynodum
1699 1939 1928 1994 laudans
1969 1940 2100 1996 olim

2214 1930 2489 1999 βασίλισσα
2502 1931 2750 2004 ὑπεξῄει,
2767 1933 2895 1987 ἄνευ
2924 1933 3180 2004 αἵματος,
3192 1933 3267 1998 ὡς
3284 1937 3490 2002 εἰπεῖν,
3509 1936 3788 2006 δειχθεῐσσ.

518 2030 782 2082 adversus
807 2028 1072 2099 imagines
1123 2030 1388 2084 habitam.
1426 2031 1594 2086 Paulo
1641 2042 1784 2102 post,
1833 2048 1956 2086 cum
1987 2032 2102 2088 dis-

2214 2024 2438 2094 μάρτυς,
2470 2023 2567 2076 καὶ
2597 2023 2627 2076 ό
2651 2023 2923 2096 ἡμέτερος
2957 2025 3276 2098 καθηγητὴς
3292 2027 3370 2099 τῷ
3387 2030 3637 2103 ἀρχιερεῖ
3656 2048 3785 2086 συνο

519 2116 734 2171 solutus
785 2125 934 2172 esset
977 2126 1156 2174 cretus
1202 2119 1310 2185 ille,
1355 2135 1454 2190 pro
1508 2119 1740 2175 veritate
1773 2120 2098 2175 stabilienda

2214 2115 2493 2185 επόμενος,
2527 2114 2680 2168 οὐδὲν
2709 2114 2804 2168 ἐπὶ
2848 2118 2962 2180 τοῖς
3008 2117 3437 2191 τετολμημένοις
3484 2124 3784 2180 ἐδεδοίκειο

521 2208 784 2262 collectus
805 2249 820 2274 ,
848 2209 1021 2264 evasit
1042 2209 1384 2280 imperatrix,
1412 2211 1560 2266 velut
1589 2226 1620 2266 e
1640 2211 1828 2267 medio
1853 2213 2097 2276 leonum,

2214 2206 2398 2278 μικρὸν
2433 2206 2542 2278 γάρ
2567 2209 2682 2261 ἐστι
2704 2207 2768 2262 τὸ
2801 2209 2859 2263 ἐν
2886 2210 2955 2280 τῇ
2981 2208 3236 2265 Νικαέων
3269 2213 3472 2295 συνόδῳ
3500 2216 3567 2270 ὲκ
3598 2216 3787 2271 δευτέ-

523 2296 688 2360 facta,
730 2308 791 2353 ut
830 2298 910 2354 sic
960 2299 1178 2370 loquar,
1219 2303 1366 2357 circa
1413 2303 1737 2374 sanguinem
1772 2311 2020 2374 martyr;
2051 2310 2104 2356 et

2214 2315 2306 2370 ρου
2329 2299 2640 2370 εὑρεθῆναι,
2670 2300 2760 2354 διὰ
2782 2300 2844 2354 τὸ
2876 2301 2942 2354 ἐκ
2973 2301 3142 2372 μέσου
3191 2305 3315 2358 τότε
3357 2306 3647 2376 γεγονέναι
3694 2309 3788 2363 τὸν

522 2389 862 2459 hegumenus
913 2402 1099 2446 noster
1148 2393 1516 2463 patriarcham
1573 2403 1830 2460 secutus,
1886 2401 2106 2464 propter

2214 2391 2466 2446 ἀτίθασον
2495 2391 2624 2447 λαὸν
2654 2394 2751 2446 καὶ
2777 2393 3112 2466 ἀτεράμονα.

521 2497 585 2536 ea
614 2499 735 2552 qua:
773 2483 990 2541 fuerant
1025 2488 1287 2544 audacter
1350 2489 1632 2560 designata
1673 2505 1782 2544 non
1839 2489 1942 2544 fuit
1998 2487 2358 2557 perterritus:
2392 2503 2630 2558 moxque
2659 2489 2912 2546 inventus
2939 2503 3026 2547 est
3088 2492 3144 2548 in
3179 2494 3420 2550 secunda
3446 2493 3664 2554 Nicaeua
3699 2513 3792 2569 sy-

523 2580 686 2643 nodo,
737 2579 863 2648 quia
917 2579 1181 2649 dissipata
1239 2590 1370 2636 tunc
1405 2582 1507 2636 fuit.
1553 2582 1707 2653 plebs
1763 2582 1854 2637 illa
1893 2581 2232 2638 tumultuosa
2261 2590 2316 2637 ct
2348 2581 2626 2652 pervicax.

589 2673 681 2728 23.
712 2674 1006 2743 Postquam
1059 2675 1176 2730 haec
1223 2677 1304 2732 sic
1329 2687 1482 2747 gesta
1514 2687 1569 2732 et
1616 2677 1962 2732 orthodoxiae
1991 2684 2109 2730 tro-

2280 2683 2380 2732 κε’.
2425 2675 2644 2750 Ἐπειδὴ
2670 2675 2729 2731 δὲ
2761 2675 2935 2732 ταῦτα
2961 2676 3106 2734 οὕτω
3134 2679 3230 2734 καὶ
3261 2679 3324 2736 τὸ
3351 2681 3453 2753 τῆς
3476 2681 3793 2752 spumata;

524 2769 738 2836 pluteum
792 2777 1036 2822 erectum
1100 2767 1243 2832 fuit;
1272 2770 1339 2823 ad
1366 2786 1530 2824 suum
1593 2770 1991 2826 monasterium
2030 2786 2112 2824 rc-

2214 2766 2469 2839 τρόπαιον
2517 2767 2848 2839 ἐκρατύνθη,
2887 2770 3168 2841 ἐπανῆκεν
3197 2773 3226 2825 ὁ
3256 2773 3449 2846 Πατὴρ
3477 2775 3560 2838 είς
3597 2773 3660 2829 τὸ
3707 2775 3794 2828 oi-

524 2862 687 2916 vertit
738 2861 930 2915 beatus
963 2901 979 2927 ,
1025 2861 1342 2915 exercenda:
1397 2861 1703 2930 pradaturae
1756 2877 1994 2917 vacans:
2024 2859 2112 2915 ubi

2214 2862 2356 2914 κείον
2390 2863 2823 2932 φροντιστήριον,
2854 2862 3114 2933 ἐχόμενος
3139 2865 3241 2936 τῆς
3289 2867 3623 2935 προστασίας
3645 2883 3663 2900 ’
3695 2864 3797 2919 καὶ

525 2953 816 3023 prolapsus
852 2953 906 3006 in
959 2954 1233 3017 morbum,
1277 2952 1370 3021 qui
1423 2953 1616 3008 mortis
1665 2953 1866 3009 indicia
1916 2967 2028 3022 prae
2055 2967 2112 3007 se

2214 2950 2436 3020 βληθεὶς
2464 2951 2627 3022 νόσῳ,
2653 2949 2968 3020 ἀπόγνωσιν
3005 2953 3152 3023 ζωῆς
3211 2955 3556 3028 ύποδηλούσῃ
3588 2957 3670 3029 τῷ
3695 2956 3794 3023 έρ-

529 3046 737 3100 ferebat
775 3045 910 3116 (16),
941 3061 1006 3099 ac
1026 3044 1171 3099 velut
1204 3044 1482 3114 insperato
1534 3043 1756 3115 gavisus
1809 3044 1993 3108 lucro,
2034 3058 2112 3098 re-

2219 3043 2365 3114 μαίῳ
2421 3043 2523 3112 τῆς
2576 3043 2892 3113 ἐπιθυμίας,
2945 3043 3292 3114 μετατίθεται
3347 3046 3447 3119 τὴν
3497 3048 3674 3121 ἀρχὴν
3703 3049 3798 3121 ἐφ’

527 3137 746 3210 gimiuis
793 3151 933 3192 onus
959 3137 1014 3191 in
1057 3153 1160 3192 nos
1210 3136 1486 3202 transfert,
1520 3151 1620 3191 nec
1661 3136 1854 3206 dignos
1895 3136 2112 3204 quidem

2219 3135 2385 3206 ἡμᾶς,
2418 3135 2546 3197 τοὺς
2581 3135 2718 3206 μηδὲ
2742 3133 2836 3188 τοῦ
2871 3135 3134 3206 ἄρχεσθαι
3185 3137 3390 3203 ἀξίους.
3413 3139 3673 3209 Εὑρίσκει
3698 3135 3800 3194 οὖν

529 3230 623 3300 qui
672 3231 740 3283 ab
779 3229 899 3299 ipso
947 3243 1283 3299 regerentur.
1342 3228 1552 3282 Invenit.
1599 3242 1728 3298 ergo
1767 3228 2112 3298 concupitam

2217 3223 2318 3294 τὴν
2375 3222 2719 3294 ποθουμένην
2783 3223 3148 3288 ταπείνωσιν,
3193 3223 3459 3296 λαμϐάνει
3502 3225 3800 3297 ἀνακωχὴν

533 3321 924 3387 humilitatem,
959 3321 1170 3391 accepit
1203 3320 1451 3375 inducias
1479 3320 1880 3386 molestiarum,
1913 3319 2115 3376 libera-

533 3426 622 3470 tus
651 3426 736 3469 εει
766 3429 796 3469 a
822 3413 1293 3469 circumdantibus
1315 3428 1375 3468 se
1399 3413 1803 3479 vexationibus,
1847 3413 2119 3483 apparuit-

530 3521 639 3578 que
664 3505 804 3561 idem
830 3506 923 3576 qui
946 3515 1100 3561 antea
1136 3521 1235 3561 nec
1252 3505 1526 3576 pecuni-az,
1560 3519 1659 3560 nec
1683 3506 2112 3576 possessionum,

533 3615 637 3654 nec
668 3599 1014 3669 negotiorum
1044 3607 1325 3668 appetens,
1353 3612 1477 3652 cum
1501 3597 1614 3668 jam
1641 3611 1750 3651 non
1790 3597 2017 3652 haberet
2035 3597 2116 3651 in-

532 3691 675 3746 vidia
708 3692 941 3760 amplius
973 3691 1324 3746 occasionem
1374 3689 1738 3746 obnubilandi
1786 3689 1971 3745 radios
2003 3690 2116 3744 vir-

533 3783 667 3835 tutis
699 3780 842 3849 rjus.
885 3776 1019 3834 Nam
1055 3787 1111 3834 et
1169 3778 1271 3832 viri
1305 3778 1440 3849 justi
1472 3788 1772 3844 tentantur,
1809 3787 1867 3830 ut
1892 3792 1958 3831 ex
1998 3777 2114 3846 ipsa

535 3873 806 3927 malorum
831 3870 1136 3926 tentatione
1167 3885 1306 3925 auro
1331 3870 1630 3926 similiores
1670 3869 1908 3925 evadant
1934 3869 2116 3940 quoad

534 3965 798 4027 animam,
837 3972 1093 4032 recteque
1119 3960 1432 4018 incedentes
1474 3977 1583 4017 non
1629 3961 1934 4026 labascaut,
1956 3969 2013 4016 et
2035 3959 2118 4015 di-

535 4067 694 4113 scant
717 4055 982 4129 quidquid
1013 4071 1046 4111 a
1085 4069 1148 4112 se
1179 4054 1318 4112 bene
1345 4055 1556 4128 geritur
1585 4070 1709 4113 esse
1743 4069 1810 4112 ex
1842 4053 1974 4111 Deo.

2216 3315 2327 3368 τῶν
2377 3314 2661 3386 λυπηρῶν,
2705 3313 2891 3369 λύεται
2935 3315 3045 3371 τῶν
3112 3316 3448 3387 συνεχόντων
3493 3317 3798 3389 ἑπηρειῶν,

2216 3408 2405 3477 ὀφθεὶς
2435 3403 2545 3472 οἷος
2569 3404 2636 3481 ἦν
2665 3409 2728 3463 τὸ
2747 3409 3040 3484 πρότερον,
3065 3411 3459 3483 ἀφιλάργυρος,
3503 3411 3805 3483 ἀφιλοκτήο

2223 3517 2360 3571 μων,
2407 3499 2869 3574 ἁφιλοπράγμων,
2910 3500 3010 3570 τῆς
3048 3500 3372 3572 δυσμενείας
3420 3502 3520 3554 ούκ
3561 3503 3806 3572 ἐχούσης

2220 3593 2406 3665 χώραν
2431 3592 2514 3646 ἔτι
2533 3595 2817 3663 συννεφεῖν
2845 3593 2945 3665 τῆς
2967 3593 3179 3648 ἐκείνου
3204 3593 3408 3669 ἀρετῆς
3428 3594 3528 3669 τὴν
3555 3594 3757 3650 ἀκτῖνα
3783 3608 3802 3624 ·

2222 3685 2577 3756 πειράζονται
2608 3684 2718 3756 γὰρ
2747 3684 2844 3740 καὶ
2865 3684 3090 3752 δίκαιοι,
3119 3685 3197 3750 ὡς
3228 3687 3296 3741 ἂν
3326 3690 3393 3758 τῇ
3416 3687 3665 3758 πυρώσει
3688 3670 3823 3741 τῶν

2219 3777 2480 3848 λυπηρῶν
2534 3777 3003 3850 χρυσοειδέστεροι
3047 3777 3148 3843 τὰς
3205 3777 3386 3848 ψυχὰς
3417 3777 3651 3848 γένοιντ’
3692 3779 3764 3835 ἂν

2222 3871 2322 3925 καὶ
2351 3870 2428 3942 μὴ
2467 3869 2942 3932 ὑπολισθαίνουσιν
2975 3869 3407 3942 εὐθυπορῶντες
3427 3909 3444 3936 ,
3472 3869 3550 3935 ὡς
3585 3870 3654 3925 ἂν
3690 3873 3772 3940 μά

2225 3962 2370 4016 θοιεν
2425 3960 2580 4033 παρὰ
2623 3959 2760 4014 Θεοῦ
2803 3960 2988 4024 αὐτοῖς
3040 3954 3182 4014 εἶναι
3229 3959 3340 4016 πᾶν
3387 3958 3450 4013 τὸ
3492 3958 3802 4029 κατορθούο

2229 4069 2390 4126 μενον

2057 4213 2294 4272 NOTAE.

613 4369 724 4440 (l5)
759 4387 778 4420 ι
807 4367 967 4440 Anno
995 4368 1028 4423 6
1059 4369 1273 4438 imperii
1296 4367 1645 4440 Constantini
1681 4376 1736 4440 et
1776 4366 1997 4440 Irenes,
2024 4364 2115 4421 die

544 4437 894 4510 U'Augusti,
955 4437 1251 4510 indictione
1282 4439 1367 4510 ,9,Δ
1402 4454 1547 4510 anno
1593 4437 1797 4492 Christi
1851 4437 1975 4510 785,
2003 4451 2115 4491 cm-

2221 4365 2325 4420 bus
2355 4363 2703 4447 laudantibus
2754 4362 3237 4447 pseudosynodum
3257 4403 3273 4428 ,
3297 4358 3668 4447 habitamsub
3693 4361 3806 4416 Co-

2222 4450 2510 4505 pronymo.
2546 4435 2685 4490 Huic
2713 4443 2894 4506 autem
2943 4435 3210 4506 principio
3240 4446 3482 4506 consona
3500 4440 3805 4506 suntquae

544 4522 635 4583 pta
655 4499 759 4583 illa
794 4499 1056 4583 synodus.
1090 4499 1618 4583 Sedscholariorum
1647 4516 1700 4583 ει
1735 4499 2112 4583 excubiturum
2139 4507 2194 4567 D
2220 4499 2525 4583 sequuntur
2564 4517 2792 4583 “caetera:
2838 4499 3157 4583 Cmptane'a
3213 4502 3456 4583 synodus
3496 4500 3544 4583 ξ
3561 4499 3800 4583 Kalend.

545 4577 735 4652 copiae,
787 4577 1006 4660 nudatis
1068 4577 1297 4660 gladiis,
1336 4577 1606 4660 impetum
1666 4577 1719 4632 in
1768 4577 2113 4660 eos__fecere_;

544 4645 883 4723 mortemque
915 4658 1024 4703 tant
1069 4645 1172 4717 ipsi
1215 4645 1567 4723 patriarchae,
1599 4663 1770 4723 quam
1801 4645 2120 4723 orthodoxis

544 4715 954 4791 episcopis,'et
1013 4715 1484 4791 Διηὸῃειέιειῆοιίιιιι
1541 4715 1852 4791 praepositis
1915 4715 2120 4791 inferre

546 4786 748 4846 minati
765 4793 926 4859 Istum.
955 4807 973 4839 ι
1012 4787 1083 4842 Ita
1119 4787 1513 4859 Theophanes;
1544 4787 1859 4842 Patriarcha
1888 4797 2008 4842 erat

545 4856 825 4924 Tarasiu's,
874 4861 924 4911 in
981 4859 1141 4926 cujus
1191 4856 1310 4911 Vita
1353 4858 1422 4912 25
1476 4856 1781 4920 Februarii,
1837 4873 1994 4912 num.
2031 4856 2117 4923 l7,

544 4932 733 4986 eadem
773 4929 939 4983 latius
973 4925 1252 4984 dicuntur.
1295 4925 1675 4983 Hallucinatus
1709 4936 1794 4982 est
1819 4937 2002 4982 autem
2033 4926 2120 4980 in-

547 5003 774 5068 signiter
802 4999 1060 5065 S;rlctus,
1089 4999 1306 5065 quando
1338 5014 1437 5068 pro
1466 4997 1945 5067 Constantinopoli
1997 5011 2120 5067 quae

549 5071 583 5124 b
608 5068 1011 5140 εςμητρόπολις
1054 5069 1162 5122 τῶν
1193 5068 1476 5136 ἐπιφανῶν
1529 5068 1751 5134 dicitur,
1777 5069 1829 5123 id
1870 5076 1955 5123 est
1995 5069 2122 5122 illu-

549 5139 741 5196 strium
771 5139 988 5193 urbium
1032 5140 1370 5208 metropolis,
1412 5139 1570 5193 ﬁnxit
1625 5141 1815 5193 urbem
1844 5146 2121 5207 metropo-

549 5207 1253 5278 litanainEpipbauorum,
1295 5211 1349 5262 in
1395 5225 1501 5278 qua
1538 5207 1777 5278 synodus
1817 5215 2118 5262 convocata

549 5281 736 5334 fuerit.
768 5277 954 5347 Neque
983 5279 1036 5331 in
1071 5286 1171 5332 hoc
1204 5277 1421 5332 tantum
1453 5278 1819 5333 ballucinatus
1845 5287 1928 5330 est
1957 5277 2122 5332 nimis

554 5350 784 5404 festinus
820 5350 1088 5416 interpres
1115 5366 1127 5400 :
1159 5350 1235 5402 sel
1265 5348 1429 5402 semel
1460 5350 1561 5402 sibi
1598 5349 1929 5414 imaginatus
1960 5363 2122 5416 pseu-

551 5419 891 5491 dosynodum
946 5420 1209 5491 aliquam,
1247 5419 1300 5491 in
1355 5433 1462 5485 qua
1508 5433 1612 5491 non
1665 5417 2124 5491 ad__dicendume

551 5485 808 5544 eathedra
855 5485 1153 5542 honoriﬁce
1187 5488 1468 5550 invitatus,
1511 5488 1604 5540 sed
1635 5488 1701 5541 ad
1731 5485 2121 5556 disputandum

552 5562 719 5615 fuerit
772 5559 1072 5614 insolenter
1124 5569 1450 5629 provocatus
1499 5559 1690 5629 Plato;
1727 5565 2126 5629 consequenter

552 5631 621 5686 de
673 5629 901 5684 Platone
947 5629 1099 5692 dicit,
1124 5625 1424 5684 “adversus
1453 5627 1738 5698 praesidem
1775 5625 2122 5692 clamavisse,

555 5709 610 5755 et
686 5700 1024 5770 vituperasse
1085 5699 1308 5770 impiam
1379 5698 1851 5770 synodumzcum
1895 5698 2124 5770 ἀνευφη-

560 5772 680 5839 μιῖν
710 5767 978 5841 significet
999 5767 1356 5840 contrarium,
1396 5767 1557 5840 idque
1579 5767 1792 5824 dicatur
1821 5767 1888 5825 de
1929 5767 2120 5825 militi-

2196 4569 2677 4646 ‘Octobrnjndiet.
2728 4569 3013 4646 “Latmo
3029 4573 3178 4646 πει-1.,
3211 4569 3378 4646 desiit
3421 4572 3475 4626 5.
3505 4569 3581 4624 De
3606 4585 3672 4625 ea
3697 4571 3804 4626 Mi-

2221 4645 2371 4704 chael
2392 4645 2444 4699 in
2469 4643 2590 4698 Vita
2607 4644 2796 4700 Sancti
2820 4643 3091 4700 Theodori
3120 4661 3134 4698 :
3158 4661 3176 4693 ι
3201 4641 3591 4697 Convenerunt
3614 4655 3682 4694 ex
3702 4657 3805 4696 va-

2221 4715 2317 4770 riis
2349 4714 2538 4769 Patres
2575 4715 2800 4769 trecenti
2835 4729 3068 4770 numero
3108 4721 3162 4768 et
3191 4710 3804 4782 quinquagintalyinter

2221 4801 2359 4855 quos
2382 4785 2556 4839 adfuit
2575 4795 2629 4840 et
2674 4784 2866 4855 Plato:
2907 4801 2927 4834 ι
2953 4793 3012 4855 ει
3047 4777 3363 4838 ειιῠεείίὶΜι⁷
3393 4777 3529 4850 ipse.
3572 4777 3806 4834 Πλάτων

2221 4854 2520 4926 ἡγούμενος
2541 4854 2929 4926 Σακουδιῶνος.
2964 4854 3112 4926 Plato
3130 4857 3492 4926 begumenus,
3515 4864 3614 4926 seu
3659 4864 3803 4926 pne.

2224 4919 2455 4994 positus,
2475 4924 2823 4994 Sacudionis.
2859 4921 2933 4994 De
2964 4924 3066 4994 hoc
3092 4919 3433 4976 monasterio
3460 4919 3564 4973 ista
3591 4919 3804 4994 haben-

2223 4989 2313 5052 iur
2343 4996 2396 5049 in
2419 4993 2537 5048 Vita
2555 4995 2614 5050 S.
2639 4992 2948 5048 Theodori:
2975 5009 2995 5044 ι
3023 4992 3160 5046 Cum
3199 5006 3392 5061 agrum
3415 4989 3712 5061 quemdam
3735 5004 3804 5061 et

2222 5066 2338 5120 suis
2368 5065 2689 5136 Boscycium
2722 5063 2941 5136 nomine
2967 5064 3036 5136 ad
3075 5057 3288 5136 sacram
3319 5057 3666 5136 mansionem
3701 5057 3806 5112 ab-

2222 5136 2479 5201 dicasset,
2503 5128 2594 5194 cui
2625 5144 2679 5189 et
2695 5133 3000 5190 oratorium
3023 5133 3200 5188 inerat
3233 5128 3565 5186 Sacudionis
3595 5142 3802 5196 cogno-

2222 5217 2429 5267 mento,
2486 5206 2615 5260 illuc
2662 5219 2855 5258 nunties
2902 5217 3043 5273 quos
3093 5210 3220 5273 ante
3255 5201 3564 5273 retulimus.
3599 5213 3660 5252 se
3696 5214 3802 5252 una

2223 5265 2711 5347 recipientcs,_l)eo
2761 5265 3037 5347 promissa
3058 5271 3366 5347 reddere_et
3407 5265 3640 5347 implere
3671 5283 3801 5347 oro-

2225 5338 2510 5416 pcrabant.
2542 5365 2559 5395 ι
2588 5338 2928 5399 Describitur
2955 5344 3080 5398 dein
3105 5343 3396 5416 aintenitas
3441 5338 3546 5391 loci
3566 5339 3622 5390 in
3657 5338 3804 5416 olive

2224 5407 2370 5472 inter
2422 5418 2671 5478 arbores,
2700 5429 2894 5483 aquas,
2920 5422 2974 5468 et
3021 5427 3249 5483 campos
3306 5411 3401 5467 siti
3432 5427 3446 5464 :
3479 5420 3584 5462 nec
3610 5407 3806 5477 procul

2227 5488 2409 5542 \‘tdetu
2427 5503 2451 5539 r
2477 5482 2961 5554 Constantinopoli
2979 5482 3242 5554 abfuisse.

2296 5557 2407 5624 (l6)
2440 5556 2494 5609 In
2524 5556 2715 5610 eadem
2755 5551 2877 5608 Vita
2914 5553 3406 5624 diciturdextrema
3457 5552 3564 5624 sibi
3594 5551 3806 5624 instare

2236 5619 2548 5692 simulasse,
2581 5638 2636 5682 ει
2659 5626 2762 5696 sic,
2793 5622 3241 5696 conspirantibus
3289 5621 3595 5695 suffragiis,
3619 5619 3806 5676 Thoo-

2229 5700 2424 5754 dorum
2456 5697 2689 5753 electum
2725 5695 2915 5752 fuisse.
