4064 6372
288 376 396 442 829
926 379 1207 442 ORATIO
1239 379 1346 441 XI.
1387 407 1454 417 -
1500 379 1879 440 LAUDATIO
1912 379 1972 438 S.
2018 374 2384 439 PLATOle
2424 373 2855 438 HEGUMENI.
3429 373 3537 439 830

1003 500 1252 554 ΚΕΦΔΛ.
1283 500 1358 554 E'.

2537 562 2546 571 O
2631 492 2785 547 CAP.
2820 490 2887 549 ν.

782 594 915 660 Qua:
949 610 1138 665 passus
1163 596 1232 650 sit
1265 594 1423 649 Plato
1445 596 1506 648 ob
1536 594 1899 664 reprehensam
1936 590 2276 646 Constantini
2292 599 2340 644 et
2375 589 2662 643 Theodotes
2700 590 3045 644 adulterium.

360 694 477 754 ις’.
508 686 567 741 '0
590 686 692 759 μὲν
721 681 814 742 οὖν
827 688 927 757 τῆς
948 688 1308 760 καθηγήσεως
1328 689 1550 760 τρόπος,
1574 689 1674 760 ήδη
1688 688 1860 742 πεπέ-

2030 682 2121 737 26.
2156 681 2444 749 Quomodo
2480 682 2829 750 prmlaturam
2854 681 3086 751 gesserit
3113 689 3342 737 sanctus
3389 679 3545 736 Plato

289 794 492 849 ρασται
512 792 525 807 ·
554 776 829 849 τρέψομαι
854 778 912 831 δὲ
938 777 1029 831 τὸν
1049 778 1205 847 λόγον
1229 777 1321 832 ἐπὶ
1348 778 1411 831 τὸ
1428 778 1739 843 διαϐοητὸτε
1750 794 1860 850 ρον.

303 868 446 924 Ἀλλ’
463 869 615 939 οῐμοι
637 871 651 924 !
681 868 888 922 στένειν
906 869 1192 940 πάρεστιν,
1209 869 1516 941 έρμωμένῳ
1546 869 1644 939 μὲν
1669 868 1863 939 τ’ὰληο

291 960 363 1029 θῆ
392 962 621 1030 φρᾶσαι,
661 959 1003 1031 ἀναινομένῳ
1028 960 1087 1014 δὲ
1112 958 1211 1031 τὴν
1251 959 1501 1030 διήγησιν
1551 961 1727 1030 φειδοῖ
1752 960 1864 1014 τῶν

291 1051 652 1124 δεδρακότων.
686 1053 877 1120 Ὅμως
905 1050 1029 1104 ἐπεὶ
1049 1051 1122 1123 μὴ
1154 1046 1264 1105 οἷόν
1283 1068 1341 1104 τε
1356 1051 1531 1115 ἄλλως
1547 1068 1682 1120 φανε
1692 1050 1864 1127 ρῶσαι

290 1141 361 1196 τὰ
381 1141 651 1218 κρυϐῆναι
670 1142 748 1214 μὴ
764 1141 1066 1211 ὀφείλοντα,
1083 1142 1290 1214 καίπερ
1307 1142 1585 1214 πανταχοῦ
1606 1142 1726 1196 διαθ
1736 1141 1866 1213 ρυλ-

292 1234 554 1305 λούμενα,
596 1234 692 1287 ἐπὶ
714 1234 815 1306 τὴν
853 1233 1089 1307 δήλωσιν
1120 1233 1412 1305 ἐλεύσομαι
1432 1250 1447 1265 ⁸
1476 1220 1537 1288 οὗ
1567 1232 1870 1306 θριαμϐεύ-

293 1341 376 1389 ειν
401 1325 528 1388 τοὺς
551 1324 856 1396 δράσαντας
887 1324 1229 1397 βουλόμενος,
1254 1326 1380 1379 ὅσον
1418 1324 1865 1398 στηλογραφῆσαι

290 1415 391 1480 τὴν
416 1416 617 1488 ἀρετὴν
638 1416 735 1470 τοῦ
750 1417 1111 1489 ἀειμάκαρος.
1142 1416 1292 1471 Οὐαί
1311 1431 1430 1483 σοι,
1451 1417 1651 1485 πόλις,
1676 1417 1865 1489 φησιν,

288 1503 367 1578 ἧς
383 1511 418 1562 ὀ
428 1510 713 1577 ϐασιλεύς
731 1523 849 1565 σου
868 1507 1154 1580 νεώτερός
1168 1509 1362 1575 ἐστιν,
1390 1509 1491 1580 τῆς
1516 1510 1739 1582 Γραφῆς
1760 1508 1866 1563 πά-

288 1600 384 1663 λαι
404 1600 504 1671 μὲν
519 1602 758 1673 ἀκήκοα,
776 1600 874 1656 νῦν
890 1602 948 1657 δὲ
968 1604 1025 1656 ὲν
1039 1602 1209 1674 πείρᾳ
1229 1601 1556 1674 γεγένημαι,
1577 1604 1867 1656 Κωνσταν-

289 1694 460 1756 τίνος,
494 1694 523 1745 ό
553 1695 654 1764 τῆς
695 1693 933 1764 Εἰρήνης
985 1693 1299 1765 ρἀαμνος,
1327 1684 1392 1746 οὗ
1431 1694 1463 1763 ή
1516 1691 1700 1755 πίστις
1767 1690 1868 1762 μὲν

290 1782 431 1855 ὀρθὴ
459 1786 523 1837 ἐκ
559 1784 835 1857 μητρικῆς
857 1785 1141 1849 εὐσεϐείας
1170 1784 1605 1858 ὲσφραγισμένη,
1623 1784 1651 1837 ό
1679 1783 1792 1854 βίος
1809 1782 1865 1836 δὲ

291 1876 545 1948 σκαμϐδς
571 1877 633 1943 ἑξ
662 1878 1134 1950 αὑτοκρατορικῆς
1183 1877 1480 1942 ἀκολασίας
1507 1877 1866 1949 οίστρηλατη-

295 1972 489 2041 μένος·
524 1971 647 2045 ἄρτι
676 1973 785 2043 γὰρ
817 1974 1102 2046 κρατήσας
1122 1975 1181 2029 ὲν
1206 1973 1474 2045 νεαζούσῃ
1494 1973 1703 2046 ήλικίᾳ,
1728 1972 1865 2044 ὁμοῦ

294 2063 400 2133 μὲν
432 2063 529 2135 τῆς
563 2064 824 2136 μητρῴας
867 2065 1051 2129 αἰδοῦς
1094 2065 1191 2119 καὶ
1238 2064 1487 2135 φυλακῆς
1534 2064 1866 2137 ἀφηνιάσας,
1891 2048 1939 2107 Β

290 2154 434 2225 ὁμοῦ
472 2155 528 2209 δὲ
554 2156 662 2209 τῶν
686 2156 781 2210 τού
816 2156 952 2211 Θεοῦ
1003 2158 1184 2227 νόμων
1230 2155 1672 2229 ὑπερφρονήσας,
1703 2155 1868 2209 ἐκδα-

290 2243 406 2297 λὼν
435 2244 533 2318 τήν
577 2245 823 2317 νομίμως
866 2247 1018 2319 αὐτῷ
1056 2244 1421 2316 συναφθείσαν
1457 2248 1715 2314 γυναῖκα,
1750 2261 1870 2315 μοι-

290 2336 449 2408 χεύει
476 2337 618 2392 κατὰ
642 2338 734 2393 τὸν
780 2337 1044 2409 Ἡρώδην.
1090 2338 1250 2393 Ἀλλὰ
1276 2337 1422 2403 τίνος
1446 2338 1634 2391 ἕνεκεν
1664 2338 1697 2409 ή
1730 2338 1872 2390 ιστο-

294 2431 424 2501 ρίας
458 2432 582 2485 Ὀτι
615 2431 709 2485 τοῦ
750 2431 1068 2503 Προδρόμου
1098 2431 1364 2503 δμόζηλος
1407 2432 1501 2485 καὶ
1528 2432 1557 2485 ό
1598 2430 1871 2501 ἡμέτερος

293 2522 620 2594 καθηγητὴς
661 2522 1046 2595 πεφανέρωταί
1085 2540 1221 2587 πως,
1263 2522 1484 2576 πάντων
1518 2521 1704 2591 σχεδὸν
1742 2537 1871 2574 συν-

290 2614 563 2668 ελθόντων
589 2616 655 2685 τῇ
682 2614 1019 2685 παρανομίᾳ,
1047 2613 1226 2685 μόνος,
1259 2613 1336 2678 ὡς
1370 2616 1567 2678 εἰπεῖν,
1589 2605 1745 2676 οὗτος
1774 2613 1871 2667 σὺν

290 2702 409 2768 τοῖς
445 2701 639 2755 ἑαυτοῦ
666 2702 856 2755 παισὶν
878 2702 978 2755 εἴτ’
1009 2701 1102 2755 οὖν
1128 2705 1411 2772 φοιτηταῖς
1434 2702 1727 2774 ἀκλόνητος
1757 2702 1873 2757 δια-

296 2793 499 2862 μένων,
558 2794 699 2866 ὑπὲρ
748 2787 809 2848 οὗ
858 2795 963 2848 ὃσα
1002 2795 1098 2849 καὶ
1145 2795 1310 2867 ήλίκα
1347 2794 1414 2848 δι’
1444 2794 1567 2848 ὅλου
1620 2795 1778 2857 ἔτους
1801 2794 1871 2849 τὰ

195 2933 210 2946 ,
291 2886 679 2959 ἀγωνίσματα,
698 2887 862 2942 ἀκοαὶ
886 2887 973 2942 ἐπ’
987 2888 1201 2954 ἀκοαῖς,
1230 2887 1454 2942 ἀπειλαὶ
1477 2889 1568 2942 ἐπ’
1590 2888 1867 2953 ἀπειλαῖς,

295 2967 604 3056 μαστίγων,
628 2979 875 3051 ἐξοριῶν,
907 2977 1403 3048 ᾄκρωτηριασμῶν.

1960 775 2075 847 jam
2093 774 2323 829 dicendo
2347 774 2715 830 absolvimus:
2740 773 3003 848 quare.ad
3034 773 3087 829 id
3106 774 3251 844 quod
3269 773 3544 830 celebrins

1965 869 2072 925 fuit
2105 868 2410 923 orationem
2451 878 2863 926 convertamus.
2901 867 3008 924 Sed
3034 868 3125 925 hic
3151 882 3321 946 prope
3386 866 3543 922 adest

1966 970 2028 1017 ut
2058 961 2440 1032 ingemiscam,
2477 962 2764 1017 veritatem
2815 959 3038 1032 quidem
3098 960 3281 1017 dicere
3348 974 3545 1031 aggre-

1965 1053 2142 1118 diens,
2174 1052 2382 1109 invitus
2410 1062 2590 1110 tamen
2625 1069 2740 1109 rem
2777 1062 2834 1109 ut
2863 1062 2985 1109 acta
3017 1062 3102 1110 est
3126 1067 3380 1118 narrans,
3416 1053 3545 1107 dum

1966 1146 2036 1202 iis
2064 1146 2334 1216 parcitnm
2364 1146 2525 1215 cupio
2556 1145 2649 1215 qui
2692 1146 2871 1215 ipsam
2903 1152 3154 1216 egerunt.
3196 1142 3429 1210 Quando
3464 1149 3550 1196 ta-

1965 1252 2093 1292 men
2127 1235 2390 1306 possibile
2418 1249 2526 1290 non
2561 1245 2646 1290 est
2671 1236 2837 1290 aliter
2870 1235 3224 1290 manifestare
3294 1247 3361 1288 ea
3423 1246 3547 1301 quae

1967 1326 2193 1381 minime
2229 1324 2491 1381 occultari
2527 1325 2747 1390 debent,
2785 1326 3045 1393 quoniam
3089 1325 3290 1394 ubique
3324 1322 3553 1393 vulgata

1960 1417 2074 1489 jam
2109 1424 2259 1481 sunt,
2290 1416 2549 1471 exordior
2610 1416 2727 1486 ipsa
2766 1417 2856 1472 hic
2888 1414 3236 1482 describere;
3266 1427 3377 1467 non
3401 1412 3549 1467 utiis

1966 1510 2059 1580 qui
2098 1508 2348 1578 impliciti
2388 1508 2540 1563 fuere
2567 1507 2845 1574 insultem,
2878 1508 2973 1565 sed
3035 1516 3095 1562 ut
3127 1505 3271 1562 beati
3295 1505 3549 1560 virtutem

1965 1601 2350 1671 depraedicent.
2393 1598 2484 1656 νω
2516 1600 2633 1666 tibi,
2671 1609 2833 1666 terra,
2872 1600 3054 1671 inquit
3083 1600 3209 1666 ille,
3267 1598 3421 1668 cujus
3454 1612 3551 1652 rea:

1966 1709 2097 1763 pater
2126 1703 2202 1748 est
2232 1694 2255 1725 ³
2281 1694 2295 1748 l
2336 1694 2483 1763 quod
2514 1702 2696 1748 autem
2729 1692 2857 1748 olim
2889 1708 2956 1748 ex
2985 1692 3290 1763 Scripturis
3340 1692 3549 1756 audiri,

1966 1800 2116 1841 nunc
2144 1786 2262 1859 ipsa
2296 1785 2465 1841 didici
2498 1785 2864 1863 experientia.
2904 1784 3323 1852 Constantinus,
3366 1782 3550 1839 lrenes

1968 1878 2250 1941 surculus,
2280 1878 2441 1946 cujus
2495 1887 2642 1932 recta
2668 1876 2892 1947 quidem
2922 1890 2990 1931 ex
3053 1884 3298 1931 materna
3347 1874 3552 1946 pietate

1970 1968 2103 2025 lldcs
2152 1968 2274 2035 fuit,
2339 1970 2450 2024 vita
2495 1977 2678 2023 autem
2712 1968 3026 2038 depravata,
3074 1974 3332 2037 tanquam
3379 1974 3551 2022 (nstro

1966 2061 2354 2117 stimulabatur
2441 2061 2792 2133 imperatoria
2882 2060 3216 2126 insolentia,
3299 2074 3425 2115 cum
3495 2057 3550 2114 in

1970 2160 2127 2209 aetate
2174 2152 2472 2209 admodum
2539 2150 2772 2227 juvenili
2849 2148 3409 2222 regnarecmpisset,
3470 2147 3552 2204 si—

1974 2244 2089 2299 mul
2125 2252 2181 2300 et
2210 2252 2471 2299 materna:
2512 2242 2837 2299 reverentiae
2904 2241 3277 2310 custodiaque
3334 2238 3549 2296 frenum

1974 2336 2284 2402 excutiens,
2314 2345 2371 2392 et
2398 2336 2493 2392 Dei
2533 2335 2705 2407 legem
2736 2344 3121 2396 contemnens,
3152 2335 3375 2388 ductam
3409 2331 3551 2402 legi-

1976 2430 2127 2487 timis
2161 2430 2368 2500 nuptiis
2423 2429 2717 2499 conjugem
2753 2427 3091 2498 repudiavit,
3116 2437 3169 2481 et
3200 2424 3437 2482 Ilerodis
3469 2425 3555 2478 in-

1974 2534 2092 2581 star
2127 2526 2435 2580 moechatus
2468 2530 2554 2577 est
2602 2522 2742 2593 (l7).
2774 2519 2888 2576 Hoc
2916 2528 3101 2575 autem
3154 2535 3264 2590 quo
3309 2515 3557 2590 spectat?

1972 2614 2113 2681 Quia
2146 2615 2324 2671 zelum
2358 2613 2652 2670 Prodromi
2717 2612 2900 2683 palam
2942 2619 3029 2666 est
3090 2611 3339 2666 imitatus
3392 2608 3554 2665 Pater

1975 2723 2193 2774 neSter;
2252 2722 2490 2776 cumque
2523 2704 2636 2761 fere
2696 2719 2890 2763 omnes
2946 2701 3222 2771 iniquitati
3278 2701 3557 2758 consenti-

1973 2808 2117 2865 rent,
2152 2800 2307 2855 solos
2333 2799 2475 2869 ipse,
2506 2806 2566 2853 ut
2592 2798 2676 2853 sic
2698 2796 2906 2861 dicam,
2926 2810 3051 2849 cum
3078 2794 3268 2865 pueris
3291 2793 3431 2857 suis,
3456 2808 3552 2847 seu

1975 2891 2151 2945 mavis
2208 2889 2357 2953 liliis,
2418 2890 2792 2944 inconcussus
2856 2885 3136 2957 perstitit:
3191 2886 3553 2956 quamobrem

1975 2998 2098 3053 qua:
2129 2989 2184 3036 et
2213 2988 2422 3051 quanta
2458 2996 2566 3034 non
2603 2979 2829 3035 fuerunt
2858 2993 2954 3049 per
2986 2986 3162 3032 totum
3223 2992 3393 3031 unum
3457 2992 3558 3029 an-

294 3085 434 3139 num
490 3072 776 3128 subeunda
846 3071 1189 3135 certamina!
1264 3084 1519 3127 rumores
1575 3083 1745 3142 supra
1793 3086 2071 3139 rumores,
2111 3073 2274 3128 mina:
2298 3085 2465 3141 supra
2499 3066 3398 3137 minas,verberum,exsiliorum,
3432 3081 3556 3121 mu-

296 3167 640 3221 tilationum.

371 3258 474 3323 κξ.
518 3259 608 3323 Ὠς
641 3257 697 3312 δὲ
724 3257 877 3312 οὐδὲν
902 3256 1151 3323 ἐντεῦθεν
1203 3255 1399 3327 ἠνύετο
1432 3255 1543 3312 τῶν
1572 3255 1873 3322 σπουδαζο-

296 3351 484 3422 μένων
511 3350 588 3421 τῷ
639 3350 902 3421 Καίσαρι,
931 3349 1016 3419 ἐφ’
1050 3351 1238 3421 ἕτερον
1264 3349 1477 3420 μέτεισι
1501 3348 1705 3420 τρόπον
1730 3365 1744 3380 ο
1774 3349 1873 3401 καὶ

290 3442 371 3515 ἦν
400 3444 461 3497 τὸ
497 3445 595 3515 μὲν
623 3444 811 3513 δρᾶμα
872 3444 1018 3497 κατὰ
1065 3445 1128 3496 τὸ
1172 3442 1431 3514 ᾀδόμενον
1471 3440 1677 3509 ἑτέρων
1700 3479 1716 3505 ,
1750 3441 1783 3508 ἡ
1814 3439 1874 3492 δὲ

292 3537 424 3608 χεὶρ
464 3535 875 3607 Ἀσεσσαλὼμή
922 3533 1080 3588 τοῦτο
1122 3531 1526 3605 πρακτεύουσα.
1568 3532 1710 3587 Ἰστε
1748 3530 1876 3598 τοὺς

297 3627 809 3698 παραπεμφθέντας
834 3625 1185 3697 μονάζοντας,
1206 3625 1300 3678 καὶ
1320 3623 1387 3677 τὰ
1407 3621 1672 3676 σταλέντα
1691 3621 1875 3692 γράμ-

297 3737 473 3791 ματα.
505 3721 615 3789 Καὶ
658 3702 810 3788 τέλος
855 3702 1044 3789 ἐπειδὴ
1084 3719 1178 3772 καὶ
1220 3716 1392 3785 ταῦτα
1436 3714 1584 3781 εωλα
1628 3713 1721 3775 καὶ
1747 3711 1877 3766 ἁδέ-

294 3804 456 3879 gata,
479 3811 572 3879 τοῦ
606 3812 818 3883 ιΙατρὺς
842 3811 910 3864 τὰ
938 3810 1126 3864 δέοντα
1148 3806 1605 3879 ἁντεπιερέροντος
1632 3804 1728 3859 καὶ
1749 3805 1877 3857 ἀντ.-

293 3903 739 3970 επιστέλλοντος,
767 3903 801 3972 ή
831 3899 1173 3969 ἀνακάλυψις
1194 3900 1293 3969 τῆς
1312 3898 1601 3968 βασιλικῆς
1634 3894 1875 3968 μορφῆς,

295 3995 492 4049 οὐκέτι
530 3992 718 4067 χώραν
770 3992 986 4064 ἔχοντος
1021 3990 1116 4045 τοῦ
1166 3989 1538 4063 προσωπείου,
1566 3987 1873 4059 φαίνεσθαι.

310 4086 514 4140 Ἀδάλε
542 4086 611 4139 τὰ
660 4086 783 4140 τότε
843 4084 1187 4155 γεγενημένα
1222 4082 1374 4155 παρὰ
1419 4081 1527 4136 τῶν
1578 4079 1879 4135 σταλέντων

293 4180 402 4233 δύο
463 4177 809 4248 στρατηγῶν,
851 4176 927 4240 ὡς
956 4176 1049 4229 ἐπὶ
1105 4175 1380 4247 πολεμίων
1420 4172 1584 4228 τινῶν
1617 4174 1753 4246 πρὸς
1785 4173 1879 4227 τδν

182 4338 185 4341 _
295 4269 506 4326 ἄοπλον
543 4267 813 4340 μοναστήν
861 4266 955 4321 τοῦ
987 4265 1243 4337 Χριστοῦ,
1284 4266 1382 4320 καὶ
1431 4265 1580 4337 μόνῳ
1628 4254 1708 4336 τῷ
1747 4264 1878 4335 θείῳ

296 4362 458 4431 νόμῳ
499 4359 890 4432 φραττόμενον.
918 4359 1111 4430 fliqu
1174 4360 1380 4429 ποιμὴν
1420 4359 1486 4411 ὲκ
1541 4344 1732 4427 μέσου,
1784 4358 1879 4425 καὶ

296 4452 701 4524 διὲσκορπίσθη
730 4452 798 4507 τὰ
831 4452 1081 4524 πρίὁατα
1114 4452 1221 4517 ἀπὸ
1260 4450 1361 4520 τῆς
1383 4451 1619 4521 ποίμνης
1643 4466 1657 4480 ο
1687 4451 1738 4504 οι
1777 4451 1880 4524 μὲν

298 4547 643 4617 ἐτύφθησαν,
661 4544 809 4599 ἄλλοι
825 4542 1302 4615 ύπερωρίσθησαν,
1324 4542 1506 4613 ἕτεροι
1520 4540 1876 4612 ἐδιώχθησαν,

2054 3250 2146 3307 27.
2184 3247 2319 3303 Cum
2352 3257 2535 3302 autem
2597 3246 2681 3303 sic
2710 3246 3025 3304 nullatenus
3083 3245 3352 3302 intentum
3392 3261 3555 3302 suum

1975 3349 2369 3409 assequeretur
2402 3338 2734 3407 imperator,
2770 3336 2840 3390 ad
2907 3335 3059 3391 aliud
3112 3349 3177 3391 se
3234 3336 3554 3391 convertit:

1974 3440 2029 3487 et
2054 3440 2172 3486 erat
2204 3430 2425 3500 quidem
2470 3430 2705 3484 aliorum
2740 3443 2879 3498 opus
2908 3445 2925 3496 ;
2953 3427 3048 3482 sed
3073 3427 3377 3483 secundum
3405 3426 3555 3482 illam

1975 3523 2488 3580 decantatissimam
2522 3522 2576 3577 in
2615 3520 2923 3593 Scripturis
2972 3520 3320 3592 tragtediam,
3359 3535 3558 3576 manus

1978 3614 2241 3669 Absalom
2271 3613 2508 3668 iaciebat
2539 3612 2748 3667 omnia.
2804 3609 2974 3665 Scitis
3019 3611 3329 3667 submissos
3384 3609 3556 3666 fuisse

1976 3707 2301 3768 monachos,
2340 3705 2497 3760 scitis
2550 3704 2763 3760 litteras
2816 3703 3070 3773 scriptas.
3120 3702 3370 3773 Cumque
3441 3704 3559 3758 hate

1975 3796 2140 3852 etiam
2167 3795 2352 3851 inania
2407 3803 2461 3849 ct
2516 3793 2733 3848 intirma
2790 3806 2915 3847 esse
2971 3800 3284 3861 appareret,
3333 3788 3558 3844 Platone

1979 3888 2125 3957 quod
2156 3901 2371 3957 aequum
2407 3892 2526 3940 erat
2554 3892 2948 3939 manutenente
2972 3889 3027 3937 et
3056 3880 3405 3952 praeferente,
3470 3895 3557 3934 te-

1978 3981 2193 4036 velatus
2225 3989 2309 4035 est
2336 3978 2554 4034 tandem
2582 3977 2699 4047 ipse
2736 3975 3057 4046 imperator,
3098 3974 3191 4044 qui
3229 3973 3333 4028 sub
3370 3987 3558 4041 perso-

1980 4088 2047 4127 na
2083 4072 2292 4126 diutius
2321 4069 2589 4125 occultari
2623 4084 2731 4123 non
2761 4075 3000 4138 poterat.
3037 4063 3159 4120 Vah
3186 4067 3199 4119 ι
3240 4063 3311 4119 ob
3336 4079 3399 4119 ea
3423 4077 3546 4134 qua:

1979 4171 2133 4235 gesta
2164 4178 2193 4217 a
2225 4161 2443 4217 duobus
2472 4159 2811 4215 exercituum
2842 4157 3098 4225 ducibus,
3134 4165 3396 4227 tanquam
3452 4156 3558 4211 ad~

1977 4271 2175 4311 versus
2228 4255 2414 4309 hostes
2467 4252 2736 4323 quosdam
2802 4250 3014 4317 missis,
3064 4259 3257 4306 contra
3305 4248 3553 4304 incrnem

1978 4350 2185 4406 Christi
2215 4348 2575 4412 monachum,
2611 4355 2668 4403 et
2697 4345 2813 4401 sola
2834 4344 2928 4401 Dei
2960 4344 3077 4414 lege
3104 4342 3415 4400 defensum.
3445 4340 3554 4398 Su-

1980 4444 2163 4500 blatus
2201 4451 2289 4498 est
2321 4441 2388 4496 de
2412 4439 2593 4494 medio
2624 4447 2838 4509 pastor,
2859 4445 2916 4492 et
2941 4436 3206 4507 dispersa
3235 4442 3367 4490 sunt
3422 4447 3556 4491 oves

1980 4536 2182 4608 gregis.
2221 4532 2287 4589 Et
2312 4532 2405 4587 alii
2438 4530 2655 4602 quidem
2678 4528 3135 4592 verberabantur,
3165 4526 3552 4597 relegabantur

299 4640 404 4693 καὶ
432 4638 559 4705 τόγε
594 4634 973 4705 ἐλεεινότερον,
996 4634 1275 4702 θέσπισμα
1305 4631 1582 4701 βασιλικὸν
1614 4631 1873 4703 ἁπροσδέε

1984 4628 2103 4692 alii,
2131 4626 2317 4681 caeteri
2379 4624 2818 4695 persecutionem
2855 4620 3241 4686 sustinebant;
3295 4618 3555 4689 quodque

299 4747 472 4792 κτους
501 4725 639 4782 εἶναι
672 4724 948 4796 πανταχοῦ
977 4726 1103 4793 τοὺς
1118 4723 1206 4777 διὰ
1234 4724 1437 4795 Κύριον
1464 4723 1876 4794 δεδιωγμένουςι

300 4821 405 4884 καὶ
439 4818 757 4888 ὑπήκουσαν
805 4832 868 4883 γε
905 4816 957 4868 οἱ
1006 4816 1116 4869 τῶν
1158 4816 1396 4893 σεμνίων
1466 4818 1878 4888 προϊστάμενοι,

300 4911 408 4965 καὶ
447 4910 674 4972 σπάνιος
698 4911 725 4962 ὁ
751 4906 1073 4977 ἀποτολμῶν
1106 4906 1448 4972 εἰσδέξασθαι
1477 4924 1490 4938 ·
1519 4908 1613 4961 καὶ
1644 4907 1881 4979 Χριστὸς

302 5000 623 5065 ἐκάθευδεν,
650 4999 715 5052 δι’
740 4997 834 5062 οὓς
872 4993 1019 5051 οἶδεν
1048 4997 1305 5066 τρόπους,
1355 4997 1664 5068 δοκιμάζων
1700 4999 1763 5053 τὰ
1796 5016 1881 5066 γι-

301 5093 575 5164 γνόμενα,
596 5090 703 5143 τῶν
733 5090 834 5161 μὲν
869 5088 1175 5160 βασανίζων
1223 5088 1315 5141 τὸν
1356 5088 1490 5159 πρὸς
1519 5089 1681 5142 αὐτὸν
1711 5087 1876 5151 πόθον

304 5183 360 5237 εἰ
389 5181 719 5252 ὲπιμένοιεν,
748 5180 858 5233 τῶν
886 5180 943 5233 δὲ
973 5180 1033 5232 τὸ
1086 5178 1455 5249 ἀπάνθρωπον
1505 5178 1877 5250 οίκτιζόμενος

308 5276 563 5342 ὲνεγκεῖν
601 5274 682 5337 είς
724 5272 1047 5343 μετάμελον.

390 5544 411 5575 ⁸
439 5540 621 5596 Eccic.
653 5555 705 5604 κ,
735 5539 818 5593 ιιι.

1982 4718 2290 4774 mirabilius
2328 4716 2453 4783 fuit,
2479 4714 2789 4771 Caesareum
2816 4713 3059 4770 edictum
3093 4719 3212 4767 erat
3240 4726 3309 4767 ne
3339 4710 3553 4781 uspiam

1981 4811 2381 4881 reciperentur,
2411 4808 2507 4878 qui
2536 4809 2666 4863 talia
2695 4807 3046 4878 patiebantur
3097 4811 3321 4875 propter
3367 4801 3554 4858 Domi-

1981 4917 2154 4967 num;
2184 4907 2242 4955 et
2277 4899 2457 4955 edicto
2480 4898 2559 4953 illi
2598 4898 2869 4968 parebant
2896 4894 3156 4967 praesides
3179 4893 3553 4949 monasterio-

1982 5007 2129 5056 rum,
2161 4991 2297 5047 adeo
2349 5000 2409 5046 ut
2432 4991 2520 5046 vix
2573 4991 2718 5046 ullus
2773 4988 3134 5050 inveniretur,
3180 4985 3275 5056 qui
3328 4985 3555 5040 auderet

1983 5083 2227 5155 przebere
2263 5092 2561 5153 receptum.
2595 5080 2851 5137 Christus
2890 5087 3071 5133 autem
3123 5076 3449 5143 dormiebat,
3482 5076 3555 5132 ob

1985 5184 2146 5231 notas
2179 5175 2283 5229 sibi
2317 5190 2516 5230 causas
2544 5192 2560 5242 ;
2586 5174 2787 5228 horum
2833 5170 3059 5241 quidem
3107 5168 3161 5223 in
3185 5183 3245 5225 se
3311 5168 3554 5239 probans

1984 5282 2255 5333 amorem,
2286 5284 2354 5322 an
2387 5274 2535 5323 esset
2563 5272 2850 5330 constans,
2873 5262 3103 5319 illorum'
3123 5276 3253 5318 vero
3280 5260 3556 5317 miserans

1986 5361 2467 5427 inhumanitatem,
2519 5371 2578 5417 ut
2624 5374 2721 5417 eos
2782 5358 2852 5414 ad
2909 5355 3289 5429 pmnitentiam
3354 5368 3560 5425 proro—

1886 5484 1889 5487 ν
1988 5463 2154 5506 (331⁸01.

1845 5622 2070 5679 NOTAE.

393 5738 1374 5821 (l7)CopulavitAsibi_Conslantinus
1425 5735 1703 5805 illegitimo
1775 5733 2026 5806 coniugio
2083 5718 2405 5803 Theodoten
2458 5740 2871 5809 cubiculariam,
2936 5753 3122 5799 mense
3154 5736 3425 5813 Augusto,
3460 5739 3549 5805 ω.

316 5809 554 5889 dictione
581 5809 635 5885 5',
667 5833 753 5872 an.
792 5815 912 5870 795.
954 5813 1084 5868 Vide
1113 5809 1521 5889 Theophanem.
