4064 6372
515 347 618 414 831

1707 343 1782 407 s.-
1801 341 2198 404 THEODORI
2238 313 2585 403 'srumm

3668 339 3780 403 832

583 463 675 520 28.
709 459 850 530 Quid
878 469 1060 518 autem
1079 459 1284 518 athleta
1311 459 1516 517 Christi
1541 459 1566 514 ‘l
1599 457 1870 514 Avellitur
1898 467 2094 530 sponte

2266 465 2370 527 κη’.
2410 457 2476 510 Τί
2505 453 2599 511 οὖν
2633 458 2662 510 6
2694 454 2788 510 τοῦ
2818 453 3058 528 Χριστοῦ
3089 413 3328 528 ἀθλητής
3349 456 3778 529 ςἈποιι-έμνεται

515 571 547 612 a
587 555 825 626 propriis
856 554 1143 618 membris.
1185 553 1449 622 solusque
1482 551 1913 621 derelinquitur,
1971 550 2094 603 ani-

515 663 660 704 mam
697 661 852 701 suam
879 661 1096 716 ponens
1131 660 1234 715 pro
1261 645 1459 700 ovibus
1489 643 1626 704 suis.
1687 643 1842 711 juxta
1911 641 2096 695 Evan-

516 739 743 809 gelium.
778 715 974 806 utpote
1005 751 1132 790 vere
1179 746 1366 806 pastor
1396 736 1595 789 bonus.
1632 732 1886 788 Violenta
1930 748 2094 786 manu

516 830 584 885 ad
626 829 900 884 Caesarem
930 828 1150 884 ducitur
1183 845 1196 882 :
1236 828 1445 884 resistit
1475 829 1530 882 in
1588 825 1808 892 faciem,
1834 827 2095 881 audacter

519 924 674 989 dico,
703 922 852 977 velut
881 921 1020 977 alter
1054 920 1298 976 Joannes
1359 920 1562 975 Christi
1617 920 1974 989 prodi-omns,
2027 933 2094 972 eo

519 1015 697 1072 solum
727 1025 977 1085 excepto,
1012 1014 1160 1084 quod
1195 1013 1286 1068 hic
1325 1028 1430 1067 suo
1468 1013 1671 1082 ipsius,
1713 1012 1830 1081 ipse
1861 1011 2094 1065 alterius

517 1108 688 1164 ductu
714 1107 881 1162 venit.
916 1103 961 1161 0
987 1105 1201 1161 virilem
1237 1105 1520 1159 animum!
1556 1103 1674 1157 Non
1704 1112 1790 1160 est
1827 1104 2096 1159 reveritus

519 1200 865 1269 maiestatem
915 1197 1160 1267 imperii.
1199 1211 1309 1252 non
1370 1195 1685 1250 formidavit
1739 1197 1940 1260 minas,
1988 1211 2095 1249 non

517 1302 606 1347 est
625 1290 906 1345 emollitus
930 1289 1232 1352 blanditiis,
1257 1287 1421 1358 idque
1452 1304 1577 1342 cum
1604 1303 1670 1343 ex
1698 1303 1799 1343 suo
1825 1289 2098 1359 sanguine

517 1389 668 1452 esset
689 1379 887 1434 mulier
919 1393 1042 1448 quae
1073 1377 1435 1432 llerodiadem
1492 1375 1768 1432 referebat
1806 1392 1820 1428 :
1859 1377 1952 1430 sed
1993 1376 2098 1429 im-

518 1474 845 1546 perterritus
876 1471 1276 1542 pronuntiavit,
1327 1480 1384 1524 et
1419 1485 1526 1524 non
1579 1470 1802 1524 erubuit
1868 1469 2094 1522 verbum

517 1562 786 1618 veritatis.
821 1561 968 1615 Dixit
1006 1560 1322 1615 Przrcursor
1365 1561 1580 1616 Domini
1613 1577 1627 1614 :
1673 1560 1798 1614 Non
1836 1560 1956 1614 licet
2003 1559 2098 1614 tibi

519 1655 707 1708 habere
733 1668 949 1706 uxorem
979 1651 1214 1723 Philippi
1242 1654 1425 1722 fratris
1449 1655 1526 1708 tui
1565 1655 1586 1686 ⁹
1622 1671 1636 1707 :
1685 1653 1889 1707 similia
1949 1653 2098 1707 illius

521 1746 768 1800 imitator
803 1745 959 1809 dixit,
996 1744 1061 1798 ad
1089 1760 1214 1798 eum
1259 1745 1352 1815 qui
1381 1745 1620 1799 similem
1651 1760 1712 1799 se
1756 1743 1960 1798 llerodi
2018 1743 2097 1798 fe-

2195 551 2306 605 τῶν
2332 551 2553 605 οἰκείων
2599 545 2778 621 μελῶν
2811 548 3116 620 ἐθελοντὴς,
3157 549 3640 622 καταλιμπάνεται
3674 568 3776 617 μο-

2197 641 2435 705 νώτατος
2459 640 2558 712 τὴν
2585 639 2763 712 ψυχὴν
2799 640 2913 704 θεὶς
2943 639 3084 712 ὑπὲρ
3121 641 3232 695 τῶν
3289 641 3605 713 προϐάτων,
3636 642 3778 696 κατά

2193 733 2256 787 τὸ
2285 733 2639 803 Εὑαγγέλιον,
2665 735 2694 786 6
2716 733 2791 796 ὡς
2823 733 3039 804 ἀληθῶς
3095 734 3302 805 ποιμὴν
3333 734 3556 803 ἀγαθὸς,
3583 736 3780 803 ἄγεται

2195 825 2286 878 ἐπὶ
2312 825 2404 879 τὸν
2433 825 2690 896 Καίσαρα
2721 825 2828 879 ὑπὸ
2848 825 3076 898 βριαροῦ
3095 827 3302 898 χειρὸς,
3351 827 3599 899 εἱστήκει
3629 828 3774 882 κατά

2196 915 2507 984 πρόσωπον,
2548 917 2600 969 εί
2631 915 2725 970 καὶ
2755 916 3030 988 τολμηρὸν
3068 918 3263 982 εἰπεῖν,
3305 911 3418 972 οἷον
3458 918 3717 990 Ἰωάννης
3751 922 3782 974 6

2197 1006 2512 1078 Πρόδρομος
2537 1005 2635 1060 τοῦ
2663 1007 2893 1077 Κυρίου,
2923 1006 3064 1078 πλὴν
3079 1008 3203 1061 ὅσον
3220 1007 3249 1060 6
3275 1008 3372 1080 μὲν
3395 1009 3777 1080 αὐτοκίνητος,

2194 1101 2222 1151 ὁ
2258 1097 2316 1150 δὲ
2357 1099 2758 1169 ἑτεροκίνητος.
2797 1100 2863 1151 Ὠ
2912 1098 3009 1170 τῆς
3058 1099 3326 1171 ἀνδρικῆς
3373 1101 3644 1171 καρδίαςί
3679 1103 3782 1172 οὐχ

2197 1190 2508 1262 ὑπέπτηξεν
2545 1191 2622 1263 τῷ
2653 1191 2864 1263 κράτει,
2910 1193 3012 1246 οὐκ
3046 1193 3308 1246 ἐνέδωκεν
3333 1195 3452 1258 ταῖς
3503 1195 3756 1257 ἀπειλαῖς

2195 1278 2297 1330 οὐκ
2333 1278 2618 1351 ἐχαυνώθη
2679 1283 2800 1344 ταῖς
2838 1282 3214 1354 πειθανότησι,
3254 1283 3348 1336 καὶ
3393 1282 3572 1337 ταῦτα
3612 1284 3780 1355 οὔσης

2195 1371 2288 1440 ἀφ’
2320 1371 2554 1442 αἵματος
2595 1373 2697 1444 τῆς
2744 1377 2809 1445 τῇ
2863 1373 3152 1445 Ἡρωδιάδι
3208 1375 3631 1446 ὀμογνώμονοςο
3661 1375 3782 1429 ἀλλ’

2197 1463 2462 1534 ὲφθέξατο
2489 1466 2757 1536 ἀτρέμας,
2791 1466 2909 1520 ἀλλ’
2937 1466 3289 1537 ὡμολόγησεν
3330 1466 3782 1538 ἀνεπαισχύντως
3806 1517 3812 1520 .

2199 1555 2293 1610 τὸν
2323 1555 2482 1625 λόγον
2505 1558 2602 1626 τῆς
2627 1559 2907 1629 ἀληθείας.
2937 1555 3104 1613 Εἶπεν
3135 1562 3161 1613 6
3183 1559 3276 1613 τοῦ
3309 1559 3512 1630 Κυρίου
3540 1560 3781 1630 Πρὸδρο-

2203 1663 2323 1717 μοςο
2358 1649 2479 1702 Οὺκ
2505 1649 2748 1714 ἔξεστίν
2771 1668 2869 1705 σοι
2889 1652 3054 1720 ἔχειν
3074 1651 3328 1722 γυναῖκα
3342 1653 3643 1706 Φιλίππου
3673 1651 3780 1704 τοῦ

2197 1743 2468 1813 ἀδελφοῦ
2484 1743 2796 1801 σου.Εῐπεν
2815 1749 2906 1800 καὶ
2919 1750 2945 1800 6
2961 1748 3150 1801 τούτου
3171 1746 3491 1818 μιμητὴςτά
3508 1744 3781 1816 ἐφάμιλλα

521 1847 692 1904 cerat,
728 1839 904 1907 capite
936 1847 1118 1892 tamen
1140 1837 1387 1893 minutus
1417 1853 1524 1891 non
1556 1849 1641 1893 est
1673 1853 1688 1891 :
1729 1836 1906 1891 noluit
1952 1836 2095 1890 enim

2203 1837 2338 1908 πρὸς
2363 1839 2454 1890 τὸν
2487 1838 2729 1911 Ἡρώδου
2755 1841 2940 1910 ὅμοιον
2963 1857 2976 1871 ·
3013 1843 3110 1894 καὶ
3148 1841 3408 1910 τέμνεται
3438 1840 3539 1909 μὲν
3559 1840 3660 1911 τὴν
3685 1855 3782 1892 κε-

522 1931 846 2001 imperator.
894 1931 1358 2000 quemadmodum
1387 1930 1737 2000 praedixerat,
1793 1939 2096 2000 martyrem

523 2024 729 2089 facere,
755 2028 820 2078 ad
862 2025 1114 2078 ult-imum
1149 2032 1426 2079 certamen
1454 2024 1731 2077 voluntate
1759 2031 2096 2091 promptum.

521 2116 906 2172 Confessorem
943 2131 1120 2170 tamen
1147 2117 1368 2186 ,Christi
1436 2114 1583 2178 fecit,
1637 2114 1801 2168 etiam
1861 2114 2098 2179 nolens,

520 2212 767 2265 veritatis
795 2212 1137 2274 thesaurum,
1169 2219 1228 2262 ut
1287 2208 1592 2262 maleficum
1627 2207 1926 2271 hominem,
1967 2222 2099 2260 con-

521 2303 750 2356 eludens
785 2303 1003 2365 cellula,
1046 2303 1339 2371 clavesque
1401 2316 1566 2370 supra
1619 2299 1800 2355 claves
1861 2315 2094 2369 ponens,

519 2403 574 2446 et
599 2393 795 2461 jubens
831 2408 925 2461 per
958 2401 1252 2462 angustum
1291 2389 1539 2444 foramen
1561 2391 1748 2444 cibqu
1780 2391 1828 2443 ei
1869 2389 2095 2458 przeberi

520 2486 601 2539 sic
631 2494 690 2538 ut
734 2500 763 2539 a
834 2486 1052 2539 nemine
1098 2485 1340 2554 conspici
1372 2492 1578 2554 posset,
1620 2499 1784 2552 quem
1843 2481 2096 2537 Christus

520 2578 858 2632 intui-batur.

587 2668 676 2722 9.9.
713 2668 1020 2733 Quiautcm
1083 2667 1137 2720 in
1199 2667 1285 2721 his
1339 2667 1784 2735 cooperabantur
1839 2666 2042 2729 Caesari
2078 2710 2094 2736 ,

519 2769 674 2815 erant
708 2761 1109 2813 monachorum
1176 2758 1475 2826 praesides,
1527 2774 1765 2828 quorum
1831 2759 2096 2814 erubesco

519 2853 767 2924 proferre
801 2853 1047 2908 nomina.
1085 2851 1288 2906 Carcer
1337 2869 1491 2918 vero,
1526 2869 1559 2907 ο
1626 2870 1740 2908 rem
1791 2854 2047 2909 miseram
2078 2857 2092 2909 !

520 2958 706 2996 carcer
739 2951 875 3003 erat,
905 2942 1218 2996 miserabile
1263 2944 1657 2998 monasterium
1703 2945 1876 3014 ipsius
1908 2945 2096 3014 palatii

520 3032 808 3087 Echecolla
843 3033 1273 3098 dietum,custos
1290 3036 1530 3090 carceris
1564 3035 1952 3101 admirandus,
1979 3037 2095 3104 ipse

518 3124 612 3193 qui
650 3124 893 3178 mmcbos
929 3135 1314 3180 coronavcrat.
1352 3126 1467 3180 Heu
1503 3143 1590 3182 me
1625 3129 1638 3182 ι
1677 3129 1987 3182 exclamare
2010 3129 2094 3181 lu-

518 3214 610 3268 bet
667 3230 792 3268 cum
836 3215 1134 3286 Propheta.
1181 3215 1347 3270 Periit
1391 3228 1604 3272 sanctus
1635 3218 1698 3276 de
1733 3228 1892 3285 terra,
1921 3229 1970 3272 et
2012 3236 2093 3272 re-

520 3315 634 3360 ctus
673 3309 728 3360 in
753 3307 1049 3361 hominibus
1083 3326 1184 3362 non
1216 3319 1292 3362 est
1327 3310 1391 3363 ¹⁰.
1425 3309 1566 3376 Quid
1601 3326 1747 3365 nunc
1785 3326 1911 3365 eum
1948 3327 2097 3365 com-

521 3413 822 3453 memorem
850 3437 867 3461 ,
899 3399 994 3468 qui
1034 3408 1282 3454 sanctum
1314 3401 1738 3456 custodiendum
1771 3403 1995 3456 tradidit
2032 3403 2098 3454 il-

522 3490 800 3545 licitarum
870 3493 1187 3562 nuptiarum
1241 3494 1582 3548 conciliatori
1630 3493 1781 3564 (18);
1822 3503 1918 3549 aut
1970 3510 2095 3549 eum

522 3584 614 3652 qui
655 3585 858 3639 missus
888 3586 958 3639 ah
1011 3585 1343 3656 imperatore
1400 3589 1752 3658 praesumpsit
1811 3588 2094 3644 innoxium

517 3675 813 3746 judicare?
841 3676 981 3741 Quid
1027 3675 1328 3746 Episcopos
1359 3677 1537 3732 dicam
1587 3694 1618 3733 a
1659 3680 1876 3735 Carsarc
1935 3681 2100 3752 depu-

522 3774 687 3831 talos,
724 3767 933 3822 ulsolo
989 3768 1155 3822 verbo
1209 3769 1519 3824 consentire
1565 3769 1774 3839 justum
1833 3769 2096 3836 lacerent,

519 3871 756 3926 eumque
781 3874 812 3910 a
853 3874 1074 3912 carcere
1116 3858 1406 3914 liberatum
1463 3861 1804 3918 dimitterent
1827 3880 1916 3920 res
1968 3879 2098 3920 suas

521 3962 622 4018 pro
652 3949 882 4003 arbitrio
919 3949 1360 4006 administrare?
1395 3950 1537 4017 Quid
1557 3948 1799 4023 denique
1860 3954 2096 4009 subsan-

521 4050 718 4096 nantes
775 4042 823 4096 ei
885 4058 949 4095 ac
1013 4043 1367 4099 detrahentes
1436 4059 1752 4101 recenseam
1787 4046 2098 4118 .sanguine

520 4134 843 4202 conjunctos
870 4145 926 4188 et
958 4134 1188 4201 alienos,
1223 4136 1412 4190 habitu
1454 4137 1665 4193 similes
1695 4147 1751 4193 et
1779 4138 2096 4197 dissimiles.

520 4225 566 4282 0
617 4227 1045 4282 absurditatem!
1079 4239 1174 4284 aut
1207 4229 1394 4298 potius
1429 4229 1688 4299 injuriam
1745 4231 1947 4286 factam
2004 4249 2097 4288 ve-

521 4319 708 4373 ritati!
749 4318 952 4374 Delirio
987 4335 1314 4386 generosum
1364 4321 1544 4375 virum
1618 4323 1938 4390 arguebant,
1980 4324 2098 4394 qui

521 4411 856 4464 adulterium
895 4411 1149 4465 volebant
1197 4412 1512 4481 coniugium
1585 4413 1801 4468 videri:
1879 4429 2097 4486 sparge-

2201 1929 2375 2000 φαλὴν
2413 1931 2685 2002 οὐδαμῶς,
2717 1933 2799 1986 ὅτι
2833 1933 2968 2004 μηδὲ
3004 1929 3266 2003 ἠϐούλετο
3302 1935 3331 1987 6
3371 1935 3593 2003 Καῖσαρ
3626 1932 3782 2003 μάρ-

2197 2037 2338 2092 τυρα
2360 2022 2581 2076 τελέσαι
2613 2024 2703 2077 τὸν
2731 2027 2798 2095 τῇ
2831 2024 3149 2095 προαιρέσει
3178 2023 3510 2094 ἀθλήσαντα,
3539 2023 3616 2087 ὡς
3646 2039 3782 2094 προ-

2198 2112 2377 2167 λαϐὼν
2447 2115 2850 2186 ἀπεφθέγξατο,
2883 2117 3222 2188 ὁμολογητὴν
3286 2118 3343 2170 δὲ
3399 2115 3639 2188 Χριστοῦ
3687 2117 3783 2170 καὶ

2201 2206 2278 2277 μὴ
2310 2206 2631 2278 βουλόμενος
2652 2207 2936 2273 ἀπέδειξεν
2961 2247 2976 2272 ,
3001 2209 3295 2280 καθείρξας
3324 2213 3382 2262 ὲν
3403 2209 3637 2280 οἰκίσκῳ
3673 2211 3782 2262 τινὶ

2198 2298 2273 2360 ὡς
2295 2297 2603 2368 κακοῦργον
2631 2300 2724 2354 τὸν
2755 2301 3028 2373 θησαυρὸν
3065 2303 3163 2373 τῆς
3189 2301 3471 2374 ἀληθείας,
3507 2301 3662 2364 κλεῖς
3685 2302 3782 2354 ἐπὶ

2197 2388 2373 2442 κλεισὶ
2401 2389 2645 2461 θέμενος,
2679 2393 2774 2446 καὶ
2803 2394 2866 2445 δι’
2916 2396 3055 2464 ὀπῆς
3086 2393 3183 2464 τὴν
3225 2395 3432 2465 τροφὴν
3457 2392 3782 2464 πορίζεσθαι

2197 2481 2562 2546 κεκελευκὼς,
2595 2483 2731 2554 πρὸς
2759 2484 2818 2538 τὸ
2849 2485 2945 2538 ὑπ’
2976 2486 3190 2548 οὐδενὸς
3211 2485 3440 2558 ὁρᾶσθαι
3469 2485 3580 2540 τῶν
3604 2485 3782 2539 ἀλλων

2199 2574 2455 2628 ἁπάντων
2487 2575 2578 2629 τὸν
2611 2577 2716 2629 ὑπὸ
2743 2577 2947 2648 Κυρίου
2978 2577 3276 2648 ὁρώμενον.

2268 2668 2370 2721 κθ’.
2406 2666 2515 2719 Καὶ
2543 2667 2592 2719 οἱ
2619 2665 3033 2738 συναιρούμενοι
3062 2667 3141 2738 τῷ
3181 2666 3421 2739 Καίσαρι
3472 2666 3584 2720 τῶν
3613 2683 3784 2738 μονα-

2199 2758 2341 2812 στῶν
2373 2758 2424 2811 οἱ
2457 2757 2804 2829 προέχοντες,
2833 2751 2908 2811 ὧν
2948 2759 3315 2831 αἰσχυναίμην
3355 2759 3533 2812 είπεῖν
3575 2759 3647 2809 τά
3667 2757 3782 2809 ὀνό-

2202 2867 2348 2919 ματα
2376 2865 2388 2879 ⁸
2430 2850 2525 2902 καὶ
2565 2851 2599 2919 ή
2642 2848 2854 2919 εἱρκτὴ,
2885 2848 2945 2901 τὸ
2990 2848 3234 2919 σχέτλιον
3275 2851 3645 2920 μοναστήριον
3671 2847 3780 2901 τῶν

2199 2941 2489 3013 βασιλείων
2524 2941 2815 3012 Ἐχέκιιλλα
2841 2940 2938 3010 (g),
2977 2943 3070 2994 καὶ
3100 2943 3128 2993 6
3159 2940 3781 3012 θαυμαστὸςῖφρούραρ-

2197 3051 2292 3104 χος
2333 3036 2362 3086 6
2411 3033 2539 3098 τοὺς
2596 3033 2972 3104 μοιχωμένους
3027 3032 3532 3102 καταστεψάμενος.
3579 3033 3784 3102 Οἴμοιι

2123 3162 2168 3223 c
2202 3129 2341 3198 μετά
2371 3130 2464 3182 τοῦ
2491 3131 2773 3200 προφήτου
2808 3129 3094 3201 βοήσομαι,
3123 3129 3204 3182 ὅτι
3245 3129 3304 3182 Ἀ
3319 3130 3599 3183 aemuler
3626 3132 3660 3184 ὀ
3680 3131 3785 3183 εὑ-

2199 3220 2399 3287 λαϐἡς
2423 3221 2542 3274 ἀπὸ
2569 3219 2682 3288 τῆς
2716 3219 2848 3289 γῆς,
2889 3221 2990 3274 καὶ
3043 3223 3074 3274 ὁ
3104 3219 3408 3288 κατορθῶν
3444 3220 3514 3273 ὲν
3553 3221 3786 3289 ἀνθρώ·

2200 3330 2335 3378 ποις
2369 3316 2478 3366 οὐκ
2505 3313 2697 3367 ἐστιν.
2724 3313 2789 3365 Τί
2821 3312 2930 3383 γάρ
2955 3313 3050 3366 καὶ
3080 3312 3223 3366 εἴπω
3263 3316 3353 3366 τὸν
3378 3311 3786 3382 παραδὼσαντα

2200 3403 2289 3455 τὸν
2344 3403 2498 3470 ἅγιον
2553 3402 2630 3472 τῷ
2666 3403 3028 3475 μοιχοςεύκτῃ
3071 3406 3150 3467 εἰς
3198 3405 3260 3458 τὸ
3295 3404 3675 3475 φρουρηθῆναι
3701 3422 3717 3466 ;
3747 3404 3785 3473 ἢ

2201 3495 2292 3549 τὸν
2325 3499 2798 3568 προανακρίναντα
2833 3497 2890 3564 ὲξ
2913 3497 3216 3568 ἀποστολῆς
3249 3480 3344 3551 τοῦ
3393 3497 3661 3568 βασιλέως
3689 3498 3788 3549 τὸν

2200 3586 2490 3640 ἀνεύθυνον
2515 3603 2530 3652 ;
2559 3586 2592 3657 ἢ
2617 3587 2744 3649 τοὺς
2779 3587 2915 3656 μετά
2948 3587 3048 3656 τὴν
3079 3585 3306 3657 εἱρκτὴν
3346 3584 3786 3655 παραπεμφθέν-

2199 3695 2295 3741 τας
2321 3678 2455 3748 πρὸς
2480 3677 2574 3731 τοῦ
2605 3678 2884 3750 Καίσαρος
2933 3679 3190 3750 ίεράρχας
3240 3678 3318 3741 είς
3342 3677 3400 3731 τὸ
3443 3677 3587 3747 λόγῳ
3619 3676 3790 3748 μόνον

2201 3770 2495 3824 συνθέσθαι
2545 3769 2636 3824 τὸν
2689 3770 2920 3836 δίκαιον,
2949 3769 3050 3840 τῆς
3105 3786 3165 3822 τε
3213 3768 3462 3838 φυλακῆς
3488 3767 3580 3820 τοῦ
3617 3767 3788 3837 χάριν

2201 3862 2490 3931 ἀφεθῆναι,
2555 3863 2652 3915 καὶ
2709 3862 2928 3915 πάντων
2968 3861 3076 3914 τῶν
3123 3860 3341 3914 οἰκείων
3391 3859 3712 3923 δεσπόζεινς
3747 3859 3784 3930 ἢ

2199 3957 2325 4017 τοὺς
2357 3953 2555 4020 ἔξωθεν
2583 3951 2938 4016 σκώπτοντάς
2997 3970 3057 4006 τε
3084 3953 3180 4006 καὶ
3222 3950 3598 4025 διασύροντας,
3629 3951 3790 4021 ὁμαί-

2203 4048 2368 4119 μονάς
2392 4065 2451 4100 τε
2481 4048 2575 4101 καὶ
2605 4047 2704 4116 οὐχ
2729 4046 3054 4118 ὁμαίμονας,
3089 4047 3434 4116 ὁμοσχήμους
3457 4061 3517 4096 τε
3548 4044 3788 4098 καὶέτε-

2201 4141 2552 4212 ροσχήμους;
2593 4140 2660 4191 Ὠ
2676 4140 2774 4208 τῆς
2802 4138 3055 4203 ἀτοπίας,
3085 4137 3285 4208 μᾶλλον
3303 4137 3360 4190 δὲ
3390 4137 3488 4207 τῆς
3511 4135 3655 4190 κατά
3680 4137 3786 4204 τῆς

2199 4230 2460 4301 ἀληθείας
2522 4229 2891 4300 ὲξυ6ρίσεωςῐ
2940 4230 3238 4282 Ἔκστασιν
3291 4229 3636 4298 κατηγόρουν
3685 4227 3783 4279 τοῦ

2198 4325 2450 4393 γενναίου
2483 4325 2533 4377 οί
2611 4322 3042 4393 μοιχαλλοίωτοι,
3087 4321 3386 4388 κενοδοξεῖν
3436 4321 3784 4392 ἐπεφήμιζον

2201 4413 2293 4466 τὸν
2317 4413 2459 4483 ὑπὲρ
2492 4409 2730 4482 Χριστοῦ
2759 4410 2917 4480 δόξης
2940 4409 3412 4479 ὲναγωνιζόμενον
3442 4411 3491 4462 oi
3514 4410 3606 4464 διὰ
3628 4411 3688 4462 τὸ
3707 4413 3782 4462 τὰ

521 4501 651 4557 haut
682 4502 828 4555 inani
866 4503 1038 4572 gl0ria
1067 4503 1190 4556 duci
1220 4518 1314 4572 pro
1343 4502 1564 4558 Christo
1617 4504 2012 4570 decertantem,
2061 4507 2094 4560 ii

2203 4504 2339 4575 πρὸς
2378 4504 2670 4575 ἀρέσκειαν
2697 4501 2789 4556 τοῦ
2827 4502 3110 4574 Καίσαρος
3166 4502 3425 4572 πράττειν
3452 4519 3510 4555 τε
3550 4504 3644 4555 καὶ
3692 4502 3777 4554 λέο

519 4595 612 4663 qui
637 4594 820 4648 studio
842 4593 1036 4662 agendi
1068 4594 1434 4662 loquendique
1455 4610 1520 4648 ex
1549 4595 1824 4649 voluntate
1869 4597 2095 4652 Carsaris

2202 4615 2320 4666 γειν
2348 4598 2448 4666 τῆς
2494 4595 2813 4658 δεσποτείας
2858 4595 3067 4666 Κυρίου
3117 4595 3498 4659 ἐκπίπτοντες.
3534 4595 3782 4665 Ἐφερεν

518 4686 836 4740 exciderant
895 4684 1108 4738 Domini
1143 4684 1226 4737 sui
1260 4684 1516 4754 imperio.
1557 4685 1837 4741 Sustinuit
1903 4690 2102 4746 nihilo-

520 4777 704 4832 minus
763 4777 1120 4832 inhumanam
1185 4777 1448 4846 temporis
1521 4777 1670 4834 illius
1724 4780 2096 4836 calamitatem

520 4867 727 4922 athleta
773 4868 1006 4934 Christi,
1040 4869 1216 4924 Solam
1253 4869 1477 4924 intuens
1507 4869 1792 4925 veritatem
1844 4880 1901 4926 et
1937 4874 2096 4927 retri-

588 5004 609 5039 ⁸
644 5003 810 5060 Marc.
845 5019 920 5071 vt,
953 5004 1043 5059 1³8.
1121 5004 1166 5038 ⁸⁸
1205 5003 1369 5060 Mich.
1400 5021 1497 5070 vn,
1517 5006 1574 5063 2.

2199 4691 2254 4744 δὲ
2280 4690 2430 4759 ὅμως
2457 4688 2556 4759 τὴν
2589 4687 2956 4758 ἀπάνθρωπον
2983 4686 3076 4740 τοῦ
3120 4686 3317 4759 καιροῦ
3367 4685 3540 4757 φορὰν
3590 4687 3618 4738 6
3647 4686 3788 4755 Χρι-

2201 4782 2327 4835 στοῦ
2354 4779 2720 4852 θεραπευτής,
2749 4779 2884 4849 πρὸς
2913 4778 2971 4832 ἓν
3018 4779 3182 4845 μόνον
3231 4778 3452 4833 σκοπῶν
3499 4779 3602 4848 τὴν
3645 4778 3782 4848 ἀλή-

2197 4872 2348 4926 θειαν
2379 4871 2474 4926 καὶ
2499 4871 2596 4944 τὴν
2628 4871 2768 4944 ὑπὲρ
2801 4871 2971 4943 αὐτῆς
2995 4871 3352 4926 ἀνταπόδοσιν
3375 4886 3390 4903 ο
3418 4871 3512 4926 καί
3539 4887 3607 4940 γε
3624 4869 3778 4941 διῆλ-

2040 5129 2268 5188 NOTAE.

595 5269 669 5342 La)
711 5269 968 5352 ‘Soirletus
1003 5269 1222 5351 videtur
1245 5271 1742 5352 ἐνεκόλλοιιθβίεςρ,
1769 5273 1914 5352 ηυοά
1964 5273 2095 5352 ipsa}

2196 5291 2291 5347 ego
2331 5291 2549 5348 quoque
2591 5279 2795 5352 credidi
2833 5280 3321 5339 substituendum:
3365 5297 3515 5338 nunc
3543 5294 3700 5346 vero,
3731 5280 3777 5333 si

517 5344 868 5423 pla-ceabipsi
890 5344 1066 5422 nostri
1096 5344 1350 5423 ecgraphi
1383 5344 1684 5423 _scriptioni
1709 5345 1996 5423 inhaerere,
2040 5345 2132 5399 ubi
2159 5344 2416 5416 expresse
2453 5344 2548 5417 per
2575 5351 2934 5423 maiusculam
2967 5353 3202 5408 litteram
3235 5355 3403 5423 (quod
3427 5352 3566 5407 alias
3590 5344 3778 5423 rarum

517 5410 571 5494 et
600 5412 749 5494 haud.
778 5411 943 5466 dubie
997 5410 1050 5494 in
1085 5410 1346 5494 originali
1382 5410 1686 5494 inge-iitum)
1738 5414 2136 5494 scribiturj'ott
2166 5410 2607 5494 proparoxvtona
2641 5410 2679 5488 ς’
2711 5420 2966 5477 fortassis
3021 5410 3256 5494 habebis
3276 5410 3572 5494 'proprium
3600 5421 3780 5490 ipsius

519 5481 782 5561 Ιξιιιιιιίιιι⁵
803 5482 1129 5561 monasterii
1162 5481 1386 5561 nomen,
1419 5483 1730 5561 ﬁehecolla,
1755 5493 1825 5561 _et
1870 5481 2195 5539 concinnior
2221 5481 2328 5542 erit
2364 5481 2621 5558 periodus
2642 5481 2654 5488 ’
2674 5507 2768 5561 per
2795 5494 2899 5547 tria
2933 5496 3183 5549 membra
3209 5481 3530 5551 div'isa'sine
3553 5481 3777 5560 expres-

517 5555 676 5608 sione
710 5552 948 5622 alicujus
982 5553 1134 5608 verbi
1188 5554 1652 5622 subintelligendo
1680 5556 1904 5624 ubique,
1933 5563 2072 5610 erat.

591 5691 970 5777 (ιβῃρςρῃιι.
1004 5693 1372 5777 ρεοειξειοεηει
1425 5693 1708 5777 _Eeelesi:n
1772 5711 2114 5768 meouomus,
2157 5698 2470 5760 illicilarum
2539 5704 2856 5777 nuptiarum
2903 5705 3150 5764 initiator
3209 5702 3610 5765 etconeiliator
3636 5715 3782 5758 con-

515 5755 648 5836 iugii
679 5755 894 5820 dicitur:
923 5765 975 5818 in
1009 5755 1125 5821 Vita
1158 5755 1217 5822 ὃ.
1253 5765 1547 5822 Theodori.
