4064 6372
181 5735 184 5738 ~
267 5708 522 5773 rat;sed

253 369 361 437 833

919 363 1201 430 ORATIO
1233 364 1341 428 XI.
1377 390 1437 400 -
1485 362 1868 426 LAUDATIO
1907 364 1968 424 S.
2009 361 2378 424 PLATONIS
2423 361 2858 428 HEGUMENI.

3405 363 3510 430 834

255 483 349 536 θεν
376 481 480 551 τὴν
535 476 782 533 κάκωσιν
805 477 883 541 ὡς
929 479 990 529 ὲν
1035 474 1250 540 ἀδύτοις
1286 475 1718 544 ἀναπαυόμενος.
1762 466 1838 526 Ob

1947 470 2225 525 butionem
2243 469 2418 524 eidem
2441 472 2736 540 repositam
2760 488 2777 540 ;
2799 473 2984 543 itaque
3007 487 3285 530 mrumn‘os
3303 491 3364 532 os
3387 477 3512 534 illus

254 575 370 644 γὰρ
405 570 541 634 Θεὸς
568 569 630 624 τὸ
681 566 1142 640 σπουδαζόμενον,
1191 570 1305 622 ἐκεῖ
1351 566 1504 622 οὐδὲν
1558 566 1620 619 τὸ
1647 565 1816 620 νικῶν

255 659 352 712 τὸν
384 656 654 727 φιλόθεον.

330 831 398 888 λ’.
423 833 608 904 Βραχὺ
631 830 693 886 τὸ
723 829 951 902 ὲμμέσῳ
983 830 1078 884 καὶ
1109 830 1142 900 ἡ
1183 828 1406 900 μοιχικὴ
1452 827 1720 900 βασιλεία,
1759 825 1838 898 μὴ

263 923 592 996 βουληθεῖσα
619 923 862 978 συνιέναι
891 921 987 976 τοῦ
1017 921 1308 990 ἀγαθῦναι,
1331 923 1394 974 ὲκ
1416 924 1580 991 μέσου
1602 921 1834 990 γίνεται,

260 1016 338 1080 ὡς
367 1014 432 1069 ἂν
464 1014 688 1085 μάθοιεν
731 1016 826 1069 καὶ
879 1014 1119 1086 βασιλεῖς
1169 1013 1244 1084 μὴ
1273 1013 1433 1068 θείων
1450 1013 1630 1083 νόμων
1667 1012 1839 1082 ὑπερ·

261 1104 705 1174 ﬂammma
736 1105 1087 1176 παρανόμους
1116 1104 1192 1175 (It)
1219 1104 1494 1174 διωγμοὺς
1542 1103 1637 1157 καὶ
1664 1104 1840 1174 φυλα-

262 1198 367 1261 κάς
391 1197 727 1266 ὲξυφαίνειν,
760 1197 868 1250 κᾶν
896 1196 1038 1267 μέγα
1066 1199 1134 1267 τῇ
1165 1196 1458 1267 πορφυρίδι
1501 1197 1840 1267 ὑπεραίρων-

261 1305 387 1344 ταιο
416 1290 512 1342 καὶ
549 1289 578 1341 ὁ
613 1288 802 1352 πιστὸς
855 1287 952 1342 τοῦ
996 1290 1204 1358 Κυρίου
1257 1287 1590 1358 νομοφύλαξ,
1633 1288 1698 1340 τὸ
1738 1289 1838 1356 τῆς

259 1378 551 1450 ὁμολογίας
581 1377 836 1449 βραϐεῖον
888 1377 1322 1447 ἀναδησάμενος,
1378 1378 1580 1442 ἔξεισιν
1610 1377 1719 1432 ἀπὸ
1738 1377 1839 1447 τῆς

261 1470 516 1540 φυλακῆς
547 1469 624 1533 ὡς
651 1469 902 1539 νικητὴς,
931 1461 1102 1522 πολλὰ
1140 1469 1210 1522 τὰ
1241 1467 1497 1537 ἐγκώμια
1529 1466 1682 1537 παρά
1703 1466 1838 1519 πολ-

260 1560 372 1614 λῶν
394 1559 706 1629 δεχόμενος,
741 1558 1101 1628 ὑμνούμενος,
1132 1557 1589 1628 μακαριζόμενος,
1632 1574 1842 1628 μαρτυ-

263 1650 682 1722 ρολογούμενος,
733 1649 829 1703 καὶ
877 1651 1008 1720 παρ’
1049 1649 1228 1701 αὐτῶν
1257 1648 1367 1701 τῶν
1397 1648 1666 1720 πρότερον
1701 1663 1842 1700 σκω-

261 1744 507 1797 πτόντων
535 1757 598 1794 τε
648 1741 746 1794 καὶ
793 1739 1228 1811 κωμῳδοὺντων.
1257 1741 1467 1792 Ἰσασιν
1509 1739 1639 1808 γὰρ,
1674 1739 1840 1809 φησὶν

1936 562 2057 617 dies
2089 565 2377 632 transegit,
2408 565 2556 619 velut
2589 565 2636 618 si
2671 565 2726 620 in
2755 568 2931 622 sacris
2979 568 3169 639 templi
3207 569 3385 642 adytis
3423 589 3512 628 re-

1936 654 2248 722 quievisset.
2306 654 2410 722 Qui
2441 656 2585 711 enim
2616 657 2782 712 Deum
2819 673 2927 728 pne
2956 660 3134 715 oculis
3163 661 3358 727 habet,
3391 663 3514 734 ejus

1936 760 2065 816 erga
2100 747 2278 815 ipsum
2309 762 2552 802 amorem
2578 749 2712 804 nihil
2743 759 2922 821 potest
2949 768 3226 822 superare.

2010 836 2102 892 '50.
2137 837 2294 892 Brevi
2322 841 2508 910 elapso
2543 853 2788 912 tempore
2819 845 3100 899 sublatum
3138 846 3204 900 de
3222 848 3403 901 medio
3432 857 3515 903 cst

1939 929 2310 985 adulterinum
2338 932 2471 987 illud
2500 934 2786 1004 imperium
2820 936 2954 1007 (l9),
3021 939 3165 1007 quod
3220 939 3394 992 noluit
3430 940 3517 991 iii-

1937 1023 2183 1094 telligere
2219 1031 2278 1078 ttt
2311 1024 2449 1079 bene
2475 1037 2696 1096 ageret;
2740 1037 2800 1083 ut
2857 1030 3023 1083 etiam
3066 1031 3167 1098 ipsi
3215 1047 3370 1102 reges
3427 1030 3513 1083 tli-

1939 1127 2096 1170 seant
2132 1115 2348 1170 divinas
2383 1118 2526 1186 leges
2549 1134 2658 1173 non
2700 1121 2925 1185 violare,
2973 1137 3148 1192 neque
3173 1123 3370 1194 impias
3395 1139 3517 1193 per-

1941 1206 2256 1261 secutiones
2289 1216 2383 1261 aut
2411 1209 2756 1278 captivitates
2789 1211 2994 1275 moliri,
3039 1215 3392 1282 quantumvis
3447 1214 3516 1266 ob

1941 1313 2242 1366 purpuram
2273 1297 2635 1354 honorentur.
2678 1300 2865 1371 Itaque
2902 1303 3102 1357 divinae
3135 1305 3269 1374 legis
3327 1313 3517 1360 custos

1943 1387 2136 1454 lidelis,
2172 1388 2542 1445 confessionis
2577 1395 2811 1462 egregia:
2860 1393 3174 1448 diademate
3207 1395 3516 1459 redimitus,

1945 1486 2202 1548 tanquam
2259 1480 2434 1535 \ictor
2479 1482 2650 1537 exivit
2682 1483 2747 1536 de
2772 1498 3024 1549 carcere;
3057 1486 3280 1540 multam
3316 1502 3344 1541 a
3377 1487 3520 1540 mul-

1945 1571 2012 1625 tis
2061 1570 2282 1624 laudem
2317 1571 2579 1635 referens.
2614 1575 2916 1646 beatusque
2951 1589 3005 1630 et
3030 1587 3238 1646 martyr
3302 1593 3515 1632 nuncu-

1944 1669 2122 1730 patris,
2153 1661 2316 1716 etiam
2348 1663 2417 1716 ab
2448 1663 2518 1718 iis
2551 1665 2641 1733 qui
2671 1666 2772 1734 ipsi
2807 1677 2966 1721 antea
3003 1669 3346 1723 insultahant.
3395 1670 3521 1722 illu-

1945 1751 2274 1822 debantque.
2313 1751 2511 1808 Sciunt
2544 1757 2715 1823 enim,
2756 1759 2932 1827 inquit
2962 1758 3261 1825 Gregorius
3287 1759 3522 1814 Theolo-

259 1838 290 1890 ὁ
311 1834 595 1904 Θεολόγος,
623 1832 930 1903 θαυμάζειν
965 1833 1162 1904 ἀνδρὸς
1187 1833 1392 1904 ἀρετὴν
1421 1833 1518 1886 καὶ
1561 1831 1838 1901 πολέμιοι,

1947 1860 2068 1913 gus,
2102 1844 2266 1898 etiam
2300 1844 2510 1900 inimici
2553 1847 2816 1903 admirari
2868 1851 3127 1904 virtutem
3184 1852 3285 1904 viri
3332 1850 3518 1917 fortis,

257 1927 342 1981 ὅτ’
374 1929 440 1982 ἂν
462 1926 556 1981 τοῦ
588 1924 763 2002 θυμοῦ
792 1923 1054 1992 λήξαντος
1105 1924 1192 1993 ἐφ’
1222 1924 1425 1993 ἑαυτῆς
1451 1924 1485 1993 ἡ
1520 1921 1718 1992 πρᾶξις
1752 1920 1842 1972 δο-

256 2019 591 2089 κιμάζηται,
620 2019 670 2071 εί
697 2017 794 2072 καὶ
825 2016 1194 2086 ἑτερολέκτως
1222 2016 1339 2086 ἔχει
1364 2013 1545 2086 δεῦρο.
1575 2013 1688 2084 Τῆς
1729 2011 1840 2083 γὰρ

257 2110 587 2182 φερωνύμου
616 2112 855 2182 Εἰρήνης
907 2109 1070 2163 πάλιν
1107 2107 1484 2179 κρατησάσης,
1516 2104 1617 2159 καὶ
1644 2105 1712 2159 δι’
1753 2107 1841 2158 αι-

255 2199 385 2263 δοῦς
422 2200 761 2271 μαρτυρικοῦ
813 2197 1154 2268 ὲκὸαλοὺσης
1211 2214 1273 2249 τε
1328 2196 1426 2250 καὶ
1471 2194 1705 2266 ἐχούσης
1749 2194 1843 2246 τὸν

256 2290 454 2359 ἄνδρα,
487 2288 816 2361 παλιρροίας
847 2289 1004 2358 δίκην
1033 2289 1129 2342 καὶ
1157 2287 1319 2351 εἴτις
1355 2286 1551 2357 ἐχθρὸς
1573 2290 1656 2350 είς
1689 2285 1843 2356 φίλον

259 2381 358 2434 καὶ
387 2381 682 2452 ἐπαινέτην
713 2377 1098 2451 μετελήλυθεν,
1123 2377 1200 2442 ὼς
1230 2378 1326 2432 καὶ
1374 2376 1536 2434 αὐτὸν
1560 2377 1654 2431 τὸν
1682 2394 1845 2448 φρου-

264 2473 366 2544 ρέα
389 2472 708 2530 ,ἀντιϐολεῖν
734 2474 834 2544 τὴν
876 2473 1228 2544 συγχώρησιν
1261 2473 1402 2527 κατά
1439 2475 1544 2543 γῆς
1571 2473 1843 2544 ἐρριμμέ-

261 2584 355 2620 νον
378 2583 394 2597 ·
425 2567 630 2622 ἔπαθεν
667 2567 726 2621 δὲ
771 2565 943 2631 πάθος
991 2567 1193 2637 μᾶλλον
1235 2565 1264 2617 ὁ
1293 2564 1621 2632 ἀναίσθητος
1671 2563 1840 2630 λίθος,

263 2660 299 2730 ἡ
321 2677 378 2714 τι
401 2659 586 2718 καινὸν
612 2661 820 2725 ἐκεῖνος
845 2662 905 2716 ὲν
941 2662 1055 2724 τοῖς
1073 2659 1376 2730 ὁρωμένοις
1404 2675 1464 2712 τε
1486 2659 1582 2714 καὶ
1610 2657 1843 2727 λεγομέο

265 2771 402 2818 νοις.

335 2938 441 2994 λα’.
481 2939 703 3012 Ἐπειδὴ
734 2940 791 2994 δὲ
823 2941 1174 3013 ὲπανήκομεν
1203 2942 1267 2994 ὲκ
1296 2940 1396 3011 τῆς
1423 2941 1720 3013 ὑπερορίας
1751 2943 1845 2995 καλ⁵

259 3034 455 3104 ἡμεῖς,
475 3033 623 3088 ἄλλοι
655 3052 716 3090 τε
759 3036 1080 3107 ἀλλαχόθεν,
1101 3035 1355 3106 καθάπερ
1381 3033 1524 3099 τινὲς
1540 3035 1843 3106 ὑπόπτεροι

263 3125 684 3196 συντρέχοντες,
720 3127 1062 3198 ἐθαυμάζετο
1107 3129 1207 3198 μὲν
1247 3129 1309 3181 τὸ
1339 3128 1523 3199 δρᾶμα
1551 3127 1702 3197 παρὰ
1730 3130 1842 3190 τοῖς
1875 3166 1912 3221 C

262 3215 547 3283 εὐσεϐέσι,
581 3219 886 3290 σννήπτετο
913 3219 970 3272 δὲ
1000 3223 1068 3291 τῇ
1099 3221 1313 3292 κεφαλῇ
1343 3221 1410 3274 τὰ
1446 3219 1604 3290 μέλη,
1645 3220 1846 3288 ἐφθέγ-

265 3323 401 3374 γετο
450 3308 506 3361 δὲ
551 3310 690 3378 τάχα
727 3309 1028 3371 κάνταῦθα,
1059 3312 1109 3363 εἰ
1151 3311 1245 3364 καὶ
1286 3310 1578 3382 τολμηρὸν,
1608 3311 1636 3363 ὁ
1673 3327 1845 3381 μεγα-

264 3398 648 3467 λοφωνότατος
687 3400 936 3463 Ἠσαῖαςο
973 3397 1162 3468 *Αρον
1213 3403 1421 3468 κύκλῳ
1461 3402 1604 3467 τοὺς
1628 3403 1847 3470 cyma.

258 3491 425 3558 μούς
466 3505 602 3553 σου,
638 3491 737 3545 καὶ
803 3492 893 3545 ἴδε
941 3491 1296 3562 συνηγμένα
1352 3493 1423 3547 τὰ
1473 3492 1657 3546 τέκνα
1707 3508 1846 3556 σου,

263 3581 538 3650 ἥκουσιν
571 3582 794 3648 πάντες
837 3586 892 3636 oi
922 3585 1042 3637 vlo!
1071 3598 1187 3637 σου
1214 3586 1541 3652 μακρόθεν
1577 3585 1698 3636 τότε
1730 3583 1847 3651 ὄψει

262 3673 370 3728 καὶ
421 3677 656 3746 χαρήσῃ,
691 3677 783 3728 καὶ
822 3675 1142 3748 φοὸηθήσῃ,
1181 3677 1275 3729 καὶ
1333 3677 1573 3746 ἐκστήσῃ
1616 3677 1681 3746 τῇ
1714 3692 1850 3744 καρ-

261 3767 383 3839 δίᾳ.
431 3765 489 3821 Ὀ
531 3768 629 3838 μὲν
657 3768 721 3839 δὴ
756 3767 968 3822 ταῦτα·
1011 3768 1124 3836 ἐγὼ
1169 3768 1224 3821 δὲ
1275 3770 1452 3821 ἐκεῖνο
1494 3769 1732 3838 εἴποιμι,
1766 3769 1848 3820 ὅτι

265 3862 371 3914 καὶ
416 3860 445 3911 ὁ
476 3860 736 3932 ίεράρχης
785 3861 984 3932 ᾐδέσθη
1016 3862 1107 3914 τὸν
1138 3861 1327 3926 ἄνδρα,
1367 3861 1664 3929 ἀπολογίαν
1689 3879 1849 3931 ποιη-

265 3951 513 4023 σάμενος
543 3992 557 4015 ,
624 3955 720 4006 καὶ¹
767 3953 903 4024 πρὸς
957 3953 1154 4008 ἕνωσιν
1186 3955 1630 4024 ὲκκαλεσάμενος
1654 3972 1668 3986 ·
1697 3956 1730 4024 ἢ
1757 3955 1852 4007 καὶ

262 4043 520 4112 γέγονεν,
547 4042 744 4118 ἐκϐολῇ
769 4043 866 4096 τοῦ
902 4044 1347 4115 στεφανώσαντος
1401 4047 1497 4099 καὶ
1544 4049 1717 4116 φειδοῖ
1750 4047 1852 4117 τῆς

265 4135 615 4199 διαστάσεως
638 4153 652 4166 ·
679 4138 745 4210 ἢν
777 4137 858 4194 ὅτι
885 4137 1123 4210 μάλιστα
1153 4139 1376 4208 φεύγων
1412 4135 1480 4211 ἦν
1507 4143 1533 4192 ὁ
1557 4139 1848 4214 μακάριος,

267 4229 387 4283 κᾶν
420 4229 577 4298 νίκης
606 4227 840 4284 ἔπαθλον
871 4229 1011 4301 πρὸς
1049 4229 1294 4295 ἅπαντας
1332 4231 1461 4295 τοὺς
1496 4231 1853 4294 συνελθόντας

263 4317 636 4389 ἀπηνέγκατο
661 4334 676 4350 ·
717 4318 769 4371 τί
800 4318 910 4390 γὰρ
948 4319 1268 4390 φιλαίτατον
1296 4319 1426 4374 ἄλλο
1447 4317 1568 4391 Θεῴ
1596 4320 1853 4391 ὁμονοίας

265 4410 369 4467 καὶ
399 4407 670 4478 ἑνώσεως,
701 4410 871 4482 ἡνίκα
905 4411 938 4482 ὴ
972 4411 1170 4476 ἓνωσις
1209 4411 1286 4484 μὴ
1346 4411 1568 4484 ἐντολῆς
1612 4412 1748 4466 Θεοῦ
1777 4413 1854 4468 δι·

267 4501 524 4573 ίστησιν;

858 4615 1112 4674 ΚΕΦΑΛ.
1165 4617 1258 4684 ς’.

1942 1935 2164 2004 quando
2196 1936 2387 1990 sedato
2421 1937 2608 1993 furore
2641 1955 2729 1995 res
2781 1941 2836 1994 iit
2899 1941 3098 2010 seipsis
3154 1943 3518 2006 aestimantur,

1943 2024 2043 2080 etsi
2073 2033 2306 2081 eatenus
2327 2027 2486 2081 aliter
2516 2028 2621 2082 sint
2658 2029 2846 2085 locuti.
2904 2030 3041 2085 Cum
3091 2033 3236 2084 enim
3296 2031 3520 2101 pacilica

1942 2116 2098 2172 lrene
2132 2118 2314 2173 denuo
2341 2122 2579 2189 coepisse
2635 2122 2930 2191 imperaret
2977 2133 3029 2177 et
3059 2124 3318 2177 extollere
3358 2133 3523 2192 atque

1943 2212 2169 2264 charum
2189 2211 2391 2266 habere
2419 2214 2598 2267 virmn
2633 2225 2854 2284 propter
2883 2217 3247 2270 reverentiam
3315 2226 3518 2286 marty-

1944 2301 2040 2355 rici
2071 2301 2324 2368 decoris;
2370 2317 2636 2358 conversa
2673 2314 2802 2358 sunt
2838 2306 3046 2367 omnia,
3089 2320 3146 2359 ut
3171 2306 3309 2359 solet
3335 2307 3386 2359 in
3425 2306 3523 2360 llu-

1946 2392 2151 2446 minum
2208 2407 2437 2446 recursu
2476 2392 2628 2458 ﬁeri;
2678 2403 2731 2448 et
2778 2393 2824 2448 si
2887 2395 3012 2463 quis
3051 2394 3308 2448 inimicus
3363 2407 3522 2450 antea

1946 2482 2143 2548 fuerat,
2173 2483 2226 2538 in
2264 2483 2502 2538 amicum
2536 2493 2592 2538 et
2616 2485 2953 2538 laudatorem
2991 2486 3303 2538 mutabatur
3338 2503 3350 2538 :
3385 2487 3523 2540 adeo

1946 2583 2005 2628 ut
2032 2574 2149 2643 ipse
2177 2573 2340 2627 etiam
2375 2584 2564 2629 custos
2597 2575 2838 2628 carceris
2871 2574 3018 2626 humi
3055 2583 3259 2628 stratus
3303 2578 3520 2628 veniam

1945 2672 2200 2732 posceret
2233 2679 2248 2714 :
2290 2659 2385 2716 sed
2423 2662 2561 2730 lapis
2592 2662 2930 2716 insensibilis
2975 2662 3226 2716 humanae
3257 2665 3524 2732 fragilita-

1947 2757 2017 2810 tis
2052 2769 2248 2824 passus
2275 2752 2468 2808 luisset
2499 2752 2664 2807 citius
2702 2769 2866 2822 quam
2902 2754 3016 2824 ipse
3050 2769 3248 2808 novum
3287 2756 3523 2825 aliquem

1947 2856 2156 2900 ntotum
2211 2847 2264 2900 in
2303 2846 2369 2899 iis
2402 2860 2525 2916 qua:
2553 2843 2754 2897 fiebant
2777 2845 3230 2914 dicebanturque.

2015 2937 2414 3006 51.Postquam
2448 2950 2576 2989 vero
2604 2935 2767 2988 etiam
2801 2951 2900 2989 nos
2930 2936 3254 2990 revertitnus
3279 2934 3525 2991 ah'exsi-

1946 3032 2041 3096 lio,
2072 3032 2163 3085 alii
2191 3031 2412 3084 aliunde
2443 3036 2840 3083 concurrentes
2893 3036 3154 3098 tanquam
3223 3028 3356 3096 pulli
3423 3029 3526 3082 sub

1947 3127 2082 3190 alas,
2136 3124 2511 3194 spectaculum
2548 3123 2887 3192 praebuimus
2941 3123 3161 3191 pietatis
3222 3122 3527 3176 culterihus

1948 3220 2350 3274 admirandum.
2375 3215 2867 3286 Conjungebantur
2895 3216 3060 3284 capiti
3131 3229 3234 3269 suo
3283 3215 3526 3268 membra

1948 3309 2388 3378 audiebatttrque
2438 3310 2567 3363 illud
2597 3308 3146 3372 exelamantislsaite,
3184 3310 3442 3362 audacter
3473 3311 3525 3363 itt

1949 3419 2008 3455 re
2045 3400 2298 3472 praesenti
2345 3398 2815 3469 pronuntiandum
2848 3415 2860 3450 :
2893 3395 3029 3452 Leva
3064 3399 3116 3451 in
3157 3399 3377 3452 circuito
3413 3414 3530 3452 ocu-

1947 3495 2026 3548 los
2089 3505 2205 3547 mos
2251 3501 2299 3545 et
2328 3490 2482 3552 vide;
2527 3506 2704 3544 omnes
2749 3490 2840 3542 isti
2893 3491 3195 3561 congregati
3242 3499 3398 3554 sunt;
3441 3505 3529 3543 ve-

1951 3595 2133 3639 nerunt
2165 3585 2259 3638 tibi
2313 3583 2486 3637 sancti
2520 3582 2597 3635 tui
2646 3581 2709 3635 de
2745 3581 2898 3650 longe
2934 3581 2972 3612 “
3005 3601 3016 3635 :
3059 3591 3190 3635 tunc
3232 3580 3442 3636 videbis
3477 3591 3530 3638 et

1950 3677 2230 3748 gaudebis,
2304 3675 2661 3744 obstupesees
2695 3683 2749 3727 et
2800 3674 3064 3743 linqueris
3086 3675 3292 3727 animo.
3331 3673 3393 3728 Et
3416 3676 3532 3730 haec

1950 3769 2168 3838 quidem
2202 3768 2292 3821 ille
2327 3786 2338 3822 :
2375 3782 2476 3836 ego
2509 3780 2639 3820 vero
2669 3766 2834 3820 etiam
2885 3765 2990 3819 hoc
3041 3765 3326 3827 addidero,
3381 3765 3531 3834 quod

1951 3860 2260 3931 patriarcha
2295 3857 2407 3930 (20)
2459 3858 2641 3911 virum
2681 3856 2948 3910 reveritus
2984 3856 3032 3909 ei
3062 3871 3119 3911 se
3163 3857 3530 3923 excusaverit,

1953 3954 2128 4022 ipsum
2163 3953 2227 4004 ad
2271 3950 2526 4004 unionem
2557 3949 2840 4014 inritans;
2895 3963 3018 4018 quae
3085 3957 3137 4003 et
3170 3957 3357 4003 secuta
3425 3960 3529 4012 est,

1951 4046 2127 4115 ejeeto
2155 4044 2225 4098 ab
2248 4043 2492 4098 Ecclesia
2512 4044 2604 4112 qui
2636 4043 2905 4097 mmeham
2943 4051 3316 4106 coronaverat,
3356 4040 3419 4094 ad
3445 4041 3531 4094 l’u-

1953 4136 2208 4208 giendam
2235 4135 2594 4197 discordiam,
2623 4149 2653 4187 a
2696 4149 2802 4202 qua
2832 4133 3205 4187 alienissimus
3234 4143 3373 4193 ,ατη
3409 4147 3536 4186 san-

1953 4238 2094 4294 ctus,
2125 4227 2379 4298 quamvis
2407 4226 2654 4279 victoria:
2683 4223 2898 4278 laudent
2915 4239 3098 4278 coram
3127 4233 3241 4279 toto
3269 4239 3533 4281 consessu

1954 4329 2258 4393 reportaret
2290 4337 2304 4374 :
2331 4317 2468 4372 nihil
2496 4317 2642 4372 enim
2676 4325 2784 4370 tam
2809 4316 3036 4372 charum
3072 4315 3184 4372 Deo
3231 4325 3318 4373 est
3367 4333 3532 4388 quam

1957 4412 2253 4471 concordia
2287 4420 2342 4468 et
2380 4411 2533 4478 unio,
2576 4409 2740 4465 modo
2773 4409 2867 4464 illa
2896 4409 3030 4464 unio
3061 4408 3308 4466 divinam
3356 4408 3530 4482 legem

1881 4501 1937 4561 D
1964 4519 2072 4560 non
2102 4501 2386 4559 dissolvat.

2593 4611 2745 4672 CAP.
2799 4612 2891 4669 Vl.

519 4727 580 4785 S.
638 4729 888 4785 Platonis
946 4730 1174 4786 reclusio
1234 4731 1704 4804 Constantinopoli
1736 4749 1756 4788 :
1812 4733 2102 4806 Nicepltori
2134 4732 2472 4804 imperatoris
2511 4739 2697 4788 contra
2729 4732 2968 4786 eumdem
2995 4733 3280 4802 asperitas.

336 4823 444 4895 λβι.
486 4821 652 4878 ’Δλλὰ
671 4824 725 4878 τί
753 4823 826 4878 τὰ
859 4826 998 4896 μετὰ
1019 4827 1228 4894 causa;
1272 4828 1338 4881 Ἦ
1366 4829 1591 4884 ἀπὸτοῦ
1630 4829 1851 4901 πρώτου

261 4916 696 4988 φροντιστηρίω
722 4917 1028 4988 μετάϐασις
1062 4919 1230 4990 ἡμῶν
1265 4921 1360 4976 διὰ
1395 4922 1457 4976 τὺ
1490 4921 1646 4988 ἔθνος
1675 4921 1746 4994 (i).
1774 4923 1854 4987 είς

339 5012 385 5046 ⁸¹
420 5011 528 5067 lsa.
567 5025 717 5076 xm,
751 5009 839 5065 18.

2031 4833 2126 4889 52.
2156 4829 2302 4897 Quid
2337 4837 2522 4883 autem
2555 4836 2679 4896 post
2701 4827 2853 4883 ista?
2906 4827 3140 4898 Propter
3173 4828 3351 4899 gentis
3405 4829 3534 4886 bar-

1960 4923 2110 4979 barae
2143 4919 2524 4978 incursionem.
2549 4917 2662 4991 (21)
2691 4933 2759 4974 ex
2810 4920 2986 4990 priori
3045 4923 3382 4978 mnasterio
3425 4921 3536 4978 mi-

1795 5099 2029 5157 NOTAE.

339 5196 422 5267 (It)
439 5196 762 5270 _Perpera_m_
789 5197 861 5270 in_
877 5211 984 5270 ms.
1041 5196 1414 5270 παρανομίαις
1434 5211 1450 5226 ·
1507 5195 1646 5254 forte
1671 5195 1845 5268 legent

1947 5212 1964 5251 ι
2001 5199 2120 5252 erat
2143 5195 2275 5267 παρ’
2297 5195 2529 5270 ἀνομίας
2555 5205 2778 5270 propter
2795 5198 3352 5267 injutitiasgscilicct
3382 5217 3535 5259 exse-

260 5265 519 5338 quendas
545 5265 639 5320 aut
667 5265 1057 5325 defendendas.

269 5326 410 5420 :ﬂti)
449 5333 712 5406 Suspicor
769 5338 960 5420 deesse
1004 5338 1254 5420 aliquid:
1292 5326 1720 5420 ideoqueverti,
1760 5348 1974 5420 propter
1997 5337 2444 5420 gentis-barbara!
2468 5341 2883 5420 jucu‘rsionem.‘
2922 5340 3156 5420 S__i_r_letus
3200 5340 3364 5398 vertit
3389 5343 3533 5414 genti

262 5405 422 5462 illius
446 5405 608 5460 causa
645 5423 664 5462 :
693 5407 784 5462 sed
826 5407 930 5464 hoc
957 5405 1115 5479 aeque
1149 5405 1451 5465 obscurum
1479 5416 1584 5470 est,
1613 5405 1911 5478 quia'nihil
1954 5405 2212 5478 praecedit
2232 5409 2300 5464 ad
2341 5411 2486 5481 quod
2537 5411 2808 5468 referatur
2835 5413 2896 5467 τὸ
2939 5413 3107 5468 illius.

343 5495 459 5568 (19)
501 5497 662 5554 Anno
699 5499 803 5555 797
835 5503 1265 5572 comprehensus
1326 5509 1415 5558 est
1448 5501 1850 5557 Constantinus

263 5576 328 5624 et
348 5578 658 5643 excaecatus
680 5609 696 5634 ,
720 5579 783 5643 et
808 5573 971 5643 paulo
1001 5581 1126 5643 post
1153 5572 1483 5628 exstinctus.

347 5637 461 5707 (20)
491 5637 543 5712 l‘s
575 5650 693 5694 erat
720 5637 1017 5705 Tal-asins;
1037 5642 1132 5712 qui
1154 5645 1334 5712 primo
1381 5643 1599 5698 fortiter
1631 5642 1850 5699 restite-

551 5719 762 5780 postea,
790 5719 1041 5769 metuens
1067 5727 1134 5768 ne
1169 5713 1590 5778 Constantinus.
1620 5713 1852 5770 libidine

271 5775 498 5848 ardens,
531 5775 846 5853 religionem
877 5783 1240 5840 orthodoxam
1269 5775 1853 5854 everteret,'dissimu-

1958 5499 2106 5556 labat
2135 5519 2150 5567 ;
2180 5501 2428 5570 pellicem
2460 5512 2642 5561 tamen
2677 5515 2938 5562 renuerat
2967 5518 3260 5564 coronare.
3289 5502 3532 5560 Consule

1958 5584 2078 5626 can.
2118 5573 2148 5626 7
2179 5570 2316 5626 Vita!
2345 5574 2486 5626 eius.

1958 5573 2148 5710 0³ῗέίῖ
2175 5573 2684 5701 ἒαᾙεῖιὲέηοτυιη
2722 5646 3115 5709 incursionem,
3159 5644 3227 5698 ad
3256 5653 3532 5701 monaste-

1958 5710 2102 5766 rium
2131 5711 2308 5768 Studii
2339 5713 2546 5771 dictum
2576 5717 2719 5772 intra
2753 5719 2944 5772 urbem
2969 5715 3310 5772 transierunt
3335 5732 3352 5771 :
3384 5715 3530 5774 sicut

1959 5781 2067 5837 late
2108 5781 2162 5837 in
2197 5781 2317 5837 Vita
2349 5783 2408 5840 S.
2452 5783 2727 5842 Theodori
2761 5787 3082 5857 explicatur.
