4064 6372
538 333 646 400 835

1714 332 1774 400 3.
1816 328 2204 400 THEODORI
2257 319 2603 406 STUDIT£

3680 338 3784 409 836

544 447 822 522 gravimus
856 447 1206 522 Byzantium,
1259 449 1351 506 ubi
1421 440 1580 506 Pater
1621 460 1826 516 noster,
1883 454 2104 508 virtutis

2228 455 2264 506 τὸ
2302 454 2622 520 Βυζάντιον,
2657 453 2791 508 ἔνθα
2833 454 2932 526 τὴν
2978 454 3362 526 ἐγκλειστικὴν
3399 455 3580 527 ζωὴν,
3613 457 3703 512 διά
3721 459 3784 512 τὸ

543 539 990 607 amantissimus,
1067 556 1139 598 ne
1198 551 1489 613 cogeretur
1541 555 1820 596 resumere
1870 543 2110 597 habenas

545 631 829 703 regiminis
845 673 864 700 ,
886 632 1049 688 vitam
1066 632 1334 689 reclusam
1351 632 1651 704 elegit.Sed
1675 632 1801 690 vide
1831 633 2113 688 humilita-

544 721 618 777 tis
653 737 886 778 summa:
921 723 1246 778 admirabile
1293 727 1574 779 inventura
1608 741 1623 778 :
1676 733 1737 779 ut
1775 725 1878 780 sub
1910 725 2112 794 duplici

545 812 778 884 imperio
809 828 919 870 non
951 822 1200 870 maneret
1247 809 1562 870 fraternitas
1592 814 1729 886 (22),
1789 815 2114 872 obedientia;

537 903 674 976 iugo
698 905 930 976 subjecit
963 920 1084 961 sese
1116 905 1288 960 divini
1345 906 1589 960 imitator
1630 906 1886 976 exempli,
1949 906 2114 977 idque

545 1003 731 1048 coram
761 992 992 1048 testibus
1038 992 1104 1048 ad
1137 989 1240 1048 hoc
1292 995 1654 1064 congregatis.
1710 993 1965 1064 Nunquid
2011 994 2114 1049 mi-

545 1086 717 1140 rabile
747 1089 833 1141 est
859 1076 1032 1140 tilium
1067 1075 1175 1140 dici
1205 1101 1352 1151 eum,
1379 1085 1473 1155 qui
1513 1093 1664 1156 pater
1715 1096 1876 1140 antea
1939 1083 2114 1141 fuerat

546 1175 892 1248 appellatus;
926 1178 980 1231 et
1011 1167 1229 1246 qttidem
1290 1179 1409 1247 ejus
1443 1176 1637 1243 filium,
1693 1191 1856 1247 quem
1894 1177 2010 1247 ipse
2057 1177 2111 1232 in

547 1269 743 1340 spiritu
773 1257 1062 1338 genuerit?
1097 1268 1146 1323 ei
1180 1277 1362 1324 autem
1397 1268 1618 1338 subjici,
1654 1269 1749 1324 cui
1809 1278 1972 1324 antea
2008 1267 2114 1324 im-

543 1349 805 1430 perarat?
839 1359 1002 1429 idque
1051 1368 1176 1430 post
1197 1361 1346 1415 tanta
1377 1360 1676 1415 certamina
1725 1360 2021 1426 cxautlata,
2058 1361 2112 1415 in

544 1451 744 1523 quibus
777 1451 862 1508 vel
911 1451 1090 1507 solum
1123 1452 1368 1507 modeste
1396 1467 1454 1508 se
1481 1467 1672 1524 gerere
1713 1451 1960 1507 sufﬁcere
2021 1451 2115 1507 de-

547 1545 714 1602 bebat
743 1546 812 1601 ad
839 1544 1099 1602 laudem?
1130 1545 1281 1602 Fecit
1333 1547 1439 1602 hoc
1470 1545 1555 1601 vir
1607 1545 1698 1600 ille
1751 1543 2112 1607 admirabilis,

547 1650 660 1692 non
697 1635 954 1692 simulate
983 1645 1079 1692 aut
1110 1635 1274 1692 modo
1301 1636 1539 1706 quodam
1569 1635 1898 1698 adulterino,
1931 1635 2112 1690 solum

546 1745 747 1785 nomen
778 1727 1097 1798 relinquens
1144 1727 1390 1796 praelato,
1460 1724 1559 1782 sed
1610 1724 1836 1780 omnino
1903 1723 2113 1792 integre

432 1834 442 1844 '
550 1821 865 1890 divineque.
905 1773 1008 1875 libi
1037 1773 1182 1874 enim
1217 1817 1493 1874 confessio
1515 1826 1621 1882 est,
1653 1816 1766 1872 illic
1822 1821 1879 1870 et
1943 1813 2115 1869 confi—
2144 1773 2188 1832 Β

550 1905 736 1968 tientia
768 1919 852 1967 est
879 1927 897 1978 ;
927 1918 985 1964 et
1017 1909 1114 1965 ubi
1151 1908 1501 1974 confidentia,
1531 1907 1644 1964 illic
1669 1905 1964 1962 voluntatis
2016 1904 2116 1960 ab-

551 2001 751 2058 scissio
766 2017 788 2066 ,°
813 2008 868 2055 et
893 1999 983 2054 ubi
1010 1987 1308 2054 voluntatis
1337 1997 1624 2064 abscissio,
1659 1996 1732 2051 ibi
1756 2004 1838 2052 est
1860 1993 2117 2065 perfectio

553 2091 900 2147 obedientia.
934 2089 1137 2145 Harum
1174 2088 1396 2144 laudum
1427 2097 1595 2145 testes
1661 2097 1813 2152 sunt,
1875 2100 2114 2156 quorum

554 2198 726 2240 causa
756 2181 961 2253 aliquid
993 2181 1314 2253 postulavit.
1351 2179 1409 2235 Si
1437 2181 1580 2236 enim
1640 2193 1740 2248 pro
1795 2179 1980 2250 aliquo
2015 2178 2118 2235 sibi

554 2275 864 2348 propinquo
897 2274 1110 2341 orabat,
1143 2283 1198 2329 et
1227 2273 1504 2344 postulata
1535 2271 1878 2342 impetraret,
1911 2270 2118 2341 gaude-

552 2363 649 2423 bat
675 2380 734 2422 se
758 2380 822 2421 ea
851 2364 1155 2420 obtinuisse
1181 2381 1196 2421 :
1253 2365 1302 2420 si
1334 2379 1534 2434 rogans
1564 2378 1672 2419 non
1697 2373 2122 2429 consequeretur

559 2459 753 2530 petita,
790 2471 900 2512 non
926 2469 1068 2528 agre
1101 2455 1306 2511 ferebat
1337 2455 1601 2526 petitione
1629 2470 1730 2510 sua
1775 2469 1836 2510 se
1882 2453 2122 2511 frustra-

555 2552 674 2605 tum
704 2565 721 2613 ;
757 2547 893 2602 nihil
917 2546 1071 2602 aliud
1110 2556 1361 2618 spectans
1401 2561 1566 2617 quam
1601 2537 1917 2600 utilitatem
1967 2545 2122 2600 labo-

557 2639 757 2704 rantis,
785 2653 894 2694 non
924 2646 986 2694 ut
1011 2653 1168 2694 suam
1222 2637 1470 2709 impleret
1520 2636 1884 2692 voluntatem.
1940 2636 2128 2693 Liceat

559 2731 693 2787 mihi
725 2730 1035 2787 exclamare
1081 2727 1397 2799 prophetica
1449 2743 1581 2782 voce
1610 2745 1626 2784 :
1660 2727 1774 2782 Heu
1811 2727 1928 2782 me!
1954 2736 2123 2796 pater,

557 2835 722 2893 quare
734 2819 954 2891 genuisti
973 2835 1052 2872 me
1071 2819 1113 2850 ⁸⁸
1133 2818 1157 2872 ?
1172 2832 1277 2873 non
1291 2818 1686 2873 verecundalus
1701 2825 1909 2888 patrem
1935 2832 2128 2873 vocare

561 2927 713 2977 eum,
744 2910 838 2982 qui
899 2925 1006 2966 non
1026 2925 1177 2966 eram
1206 2909 1404 2979 dignus
1428 2910 1612 2964 vocari
1631 2908 2128 2976 filiustuus.Quare

564 3001 634 3058 ad
673 3001 818 3058 hanc
850 3001 1170 3071 dignitatem
1194 3001 1432 3058 extulisti
1471 3016 1579 3068 me,
1606 3001 1700 3071 qui
1727 3016 1904 3070 neque
1941 3017 2128 3071 parere

2212 547 2315 610 τὰς
2337 547 2498 617 ἡνίας
2525 547 2601 618 μὴ
2639 547 2864 618 ὑπέχειν
2889 547 2993 618 τῆς
3023 547 3388 628 προστασίας,
3426 549 3457 601 6
3490 548 3784 619 φιλάρετος

2212 634 2372 706 ἡμῶν
2407 635 2600 706 Πατὴρ
2625 635 2953 700 ἀσπάζεται.
3001 635 3146 690 Ἀλλ’
3178 637 3284 707 δρα
3319 636 3554 690 κάνθάδε
3600 651 3780 706 παραέ

2211 723 2364 789 δόξου
2413 726 2746 796 πράγματος
2785 727 3128 798 ἐπιτήδευμα
3157 743 3172 760 ·
3201 729 3283 782 ὅτι
3323 727 3414 783 διὰ
3449 728 3658 797 πλῆθος
3688 745 3785 782 τα-

2212 811 2546 878 πεινώσεως,
2575 814 2670 868 καὶ
2699 813 2763 868 τὸ
2791 813 2867 886 μὴ
2907 817 2988 880 εἰς
3040 813 3138 869 δύο
3187 814 3362 887 ἀρχάς
3391 815 3782 869 διαϐλέπεσθαι

2210 903 2309 976 τὴν
2335 904 2694 978 ἀδελφότητα,
2723 905 2802 977 τῷ
2826 904 2978 976 ζυγῷ
3002 905 3104 976 τῆς
3125 907 3406 977 ὑποταγῆς
3423 907 3616 960 ἐαυτὸν
3650 907 3785 960 ὕποέ

2209 993 2424 1067 τίθησιν
2455 997 2484 1050 6
2509 995 2884 1068 θεομίμητοςξ
2921 996 3014 1050 καὶ
3036 996 3198 1050 τοῦτο
3229 997 3335 1050 ὑπὸ
3369 997 3636 1067 μάρτυσι,
3670 998 3785 1060 τοῖς

2212 1088 2294 1152 εις
2331 1087 2465 1142 αὐτὸ
2507 1087 2668 1142 τοῦτο
2729 1088 3164 1160 συνεληλυθόσιν.
3194 1084 3321 1160 Ἆρ’
3367 1087 3462 1143 οὖν
3519 1089 3583 1142 ού
3630 1090 3788 1156 ξένον

2212 1177 2400 1235 τέκνον
2425 1179 2762 1252 χρηματίσαι
2793 1180 2884 1235 τὸν
2912 1181 3042 1252 πρὶν
3058 1180 3272 1252 πατέρα
3295 1180 3390 1234 τοῦ
3410 1175 3583 1252 οὗπερ
3615 1197 3786 1236 mru-

2216 1271 2460 1340 ματικῶς
2485 1273 2736 1342 ἦνεγκεν,
2791 1271 2888 1325 καὶ
2919 1271 3284 1326 ὑποτακτικὸν
3315 1271 3378 1325 τὸ
3420 1271 3653 1343 ἀρχικὸν
3685 1271 3782 1325 τοῦ

2211 1353 2385 1432 οὗπερ
2408 1357 2612 1434 ἧρξενς
2651 1362 2726 1434 μὴ
2753 1363 2835 1416 ὅτι
2861 1379 2926 1432 γε
2982 1361 3122 1434 μετὰ
3174 1362 3444 1417 τοσούτων
3489 1363 3783 1434 προδιηνυ-

2217 1454 2435 1524 σμένων
2469 1454 2667 1520 ἄθλων,
2687 1449 2769 1518 οἷς
2798 1454 2859 1508 τὸ
2886 1453 3200 1526 μετριάζειν
3244 1454 3405 1525 μόνον
3431 1455 3667 1526 ἀρκετὸν
3703 1457 3785 1519 εις

2214 1545 2453 1600 ἔπαινον.
2470 1546 2630 1601 Ἀλλὰ
2645 1547 2721 1617 τῷ
2735 1563 2798 1615 γε
2814 1546 3128 1616 άξιαγάστῳ
3140 1546 3384 1611 εὐπετῶς
3399 1545 3784 1615 κατώρθωται.

2215 1637 2317 1692 ούκ
2345 1639 2695 1702 ἐπιπλάστως
2721 1655 2839 1702 πως
2911 1638 3004 1694 καὶ
3047 1638 3472 1709 νεναθευμὲνως,
3505 1639 3582 1702 ὠς
3613 1639 3787 1709 ὄνομα

2219 1729 2378 1800 μόνον
2419 1731 2772 1801 παραχωρεῖν
2823 1728 3115 1801 κρατοῦντι
3164 1729 3470 1799 πράγματι,
3517 1728 3656 1782 ἀλλὰ
3689 1729 3788 1784 καὶ

2213 1821 2334 1876 λίαν
2363 1821 2672 1892 εἰλικρινῶς
2696 1819 2792 1874 καὶ
2816 1819 3122 1892 θεοφρόνως
3140 1835 3156 1852 ⁸
3186 1815 3248 1874 οὗ
3277 1819 3388 1892 γάρ
3406 1820 3785 1890 ἐξαγόρευσις.

2214 1912 2334 1966 ἐκεῖ
2384 1911 2478 1964 καὶ
2521 1910 2868 1981 πεποίθησις,
2900 1910 2996 1964 καὶ
3041 1904 3104 1964 οὗ
3132 1909 3478 1975 πεποίθησις,
3524 1911 3646 1964 ἐκεῖ
3692 1911 3790 1965 καὶ

2216 1999 2362 2071 κοπὴ
2389 2000 2715 2071 θελήματος,
2749 2000 2843 2054 καὶ
2868 1992 2929 2053 οὗ
2957 2001 3102 2070 κοπὴ
3149 2000 3476 2071 θελήματος,
3503 2002 3624 2055 ἐκεῖ
3651 2001 3790 2055 ὕπολ

2214 2091 2389 2162 ταγῆς
2421 2091 2720 2154 τελείωσις.
2747 2091 3038 2162 Μάρτυρες
3068 2091 3129 2145 δέ
3173 2091 3284 2144 τῶν
3317 2090 3788 2164 κατορθώματων,

2216 2177 2294 2239 ὧν
2342 2183 2439 2237 καὶ
2483 2183 2552 2237 τά
2588 2184 2906 2254 αἰτήματα·
2943 2182 3215 2252 ἠντιϐόλει
3261 2183 3402 2254 ὑπὲρ
3445 2182 3542 2236 τοῦ
3590 2183 3788 2248 πέλας.

2220 2274 2317 2328 καὶ⁵
2339 2272 2611 2344 ἐπιτυχὼν
2638 2273 2731 2328 τοῦ
2763 2272 3092 2344 αἰτήματος,
3128 2271 3348 2344 ἐχαιρεν
3375 2273 3499 2325 ἀντὶ
3530 2271 3630 2325 τοῦ
3657 2272 3792 2326 άπσο

2217 2367 2499 2431 λαύοντος,
2525 2367 2756 2432 ἐξαιτῶν
2779 2365 2880 2419 οὐκ
2896 2364 3282 2437 ἐπετύγχανεν,
3307 2365 3404 2419 καὶ
3423 2365 3682 2436 άπρακτή
3691 2382 3791 2428 σας

2221 2461 2324 2514 οὐκ
2348 2458 2757 2529 ἐδυσχέραινεν·
2788 2457 2924 2529 πρὸς
2951 2456 3010 2511 ἐν
3038 2457 3198 2528 μόνον
3243 2456 3566 2510 άποῆλιπων
3598 2456 3662 2510 τὸ
3693 2456 3791 2510 τοῦ

2223 2551 2526 2621 κάμνοντος
2545 2549 2845 2620 ὠφέλιμον,
2875 2549 2976 2619 οὺχ
3002 2549 3151 2613 ὅπως
3187 2547 3519 2602 ἐκτελέσειεν
3547 2547 3614 2602 τὸ
3663 2549 3796 2601 ἑαυ-

2222 2641 2316 2696 τοῦ
2345 2641 2577 2713 θέλημα.
2636 2641 2834 2711 Οῑμοι,
2903 2642 3100 2712 πάτερ,
3131 2643 3442 2714 προφητικῇ
3481 2645 3634 2712 φωνῇ
3660 2683 3680 2708 ,
3709 2641 3796 2707 ὡς

2223 2737 2360 2790 τινα
2405 2752 2483 2805 με
2539 2735 2761 2802 ἔτεκες,
2794 2735 3003 2806 πατέρα
3025 2733 3210 2788 καλεῖν
3249 2733 3324 2806 μὴ
3361 2736 3756 2805 αἰσχυνόμενος
3773 2765 3796 2797 ς

2223 2830 2314 2882 τὸν
2349 2827 2485 2898 μηδέ
2516 2827 2631 2880 υἱόν
2670 2841 2764 2879 σου
2794 2825 3159 2897 ὀνομάζεσθαι
3203 2825 3457 2892 ἐπάξιον;
3489 2827 3584 2880 καὶ
3619 2826 3707 2880 ἵνα
3739 2827 3795 2878 τε

2229 2935 2294 2988 με
2329 2919 2409 2982 εἰς
2429 2917 2550 2971 τόδε
2585 2915 2647 2970 τὸ
2678 2915 2899 2986 ἀξίωμα
2924 2917 3243 2986 προήγαγες
3275 2916 3366 2970 τὸν
3401 2917 3681 2978 ἀδυνάτως
3701 2917 3802 2968 καὶ

2224 3007 2320 3063 τοῦ
2348 3007 2610 3080 ἄρχεσθαι
2635 3004 2825 3078 ἔχοντα
2849 3023 2864 3073 ;
2887 3001 3045 3060 Οῐδεν
3065 3006 3197 3070 Θεὸς
3222 3006 3316 3061 καὶ
3346 3007 3380 3077 ἡ
3401 3005 3468 3077 σὴ
3490 3006 3620 3075 ἁγία
3647 3006 3802 3076 ψυχῆ

561 3105 684 3148 sum
713 3090 984 3146 idoneus?
1019 3088 1181 3146 Novit
1211 3089 1356 3146 Deus
1387 3099 1440 3145 et
1467 3098 1656 3144 sancta
1686 3089 1868 3143 anima
1905 3096 1996 3143 tua
2020 3090 2122 3142 hu-

2228 3098 2316 3151 τὸν
2343 3099 2474 3168 περὶ
2493 3096 2684 3150 τούτου
2715 3096 2895 3164 λόγον,
2927 3097 3024 3150 καὶ
3050 3095 3128 3160 ὡς
3159 3096 3228 3150 τά
3274 3095 3418 3168 ὑπὲρ
3457 3094 3692 3166 δύναμιν
3719 3094 3804 3148 οε-

557 3181 651 3256 jus
733 3182 812 3238 rei
876 3181 1167 3248 rationem,
1213 3191 1267 3236 et
1301 3180 1446 3253 quod
1508 3179 1750 3235 amicitia
1803 3195 1898 3235 seu
1945 3180 2126 3249 potius

561 3273 870 3332 obedientia
943 3274 1118 3329 latura
1197 3272 1272 3328 sit
1355 3271 1643 3342 plusquam
1723 3270 1867 3326 vires
1915 3271 2126 3340 patien—

566 3374 680 3431 tur,
709 3374 771 3422 ut
799 3365 951 3422 brevi
985 3363 1156 3420 verbo
1187 3370 1361 3418 totam
1419 3362 1508 3418 hic
1569 3362 1978 3418 excusationem
2033 3375 2132 3430 po-

636 3543 726 3605 53.
769 3545 877 3604 Sed
905 3547 1285 3604 revertendum
1319 3552 1407 3602 est
1456 3545 1526 3602 ad
1587 3546 1923 3617 propositam
1972 3542 2132 3603 nobis

568 3638 961 3696 narrationem.
992 3635 1365 3693 Claudebatur
1401 3629 1562 3693 Pater
1591 3653 1607 3692 :
1636 3638 1776 3693 cella
1819 3646 1999 3694 autem
2031 3653 2133 3692 an-

568 3730 886 3803 gustissima
916 3737 1058 3793 erat,
1085 3737 1140 3784 et
1164 3728 1348 3784 aetatis
1385 3737 1638 3800 tempore
1663 3730 1800 3784 adeo
1823 3729 2022 3792 calida,
2075 3735 2138 3785 ut

570 3820 742 3876 altera
774 3812 1106 3891 Babylonica
1134 3813 1329 3875 fornax
1354 3819 1652 3885 videretur,
1687 3829 1906 3890 propter
1929 3819 2138 3874 inﬂam-

571 3913 868 3969 mationem
896 3913 1102 3983 plumbi
1135 3926 1244 3984 quo
1264 3912 1580 3982 tegebatur;
1611 3919 1825 3966 tantum
1853 3927 1984 3966 vero
2032 3911 2131 3966 ab-

569 4013 694 4061 erat
721 4016 782 4060 ut
818 4019 884 4060 eo
913 4003 1296 4070 oﬂ‘enderetdr,
1324 4012 1384 4058 ut
1407 4018 1438 4059 e
1482 4012 1672 4058 contra
1703 4015 1886 4059 oraret
1929 4003 2141 4059 instan-

571 4106 679 4163 ter,
714 4096 874 4152 talem
899 4097 1254 4167 imposterum
1276 4086 1384 4151 sibi
1415 4095 1622 4151 servari
1658 4098 1922 4165 requiem,
1953 4111 2142 4150 amore

573 4189 779 4246 scilicet
833 4189 1072 4244 laborem
1109 4187 1446 4254 sublevante,
1499 4192 1552 4242 et
1579 4202 1676 4257 spe
1717 4187 1861 4242 bona
1908 4178 2142 4242 difficul-

573 4291 743 4337 tatem
769 4289 1102 4335 extenuante
1127 4296 1142 4333 :
1175 4295 1239 4334 ex
1285 4279 1484 4349 quibus
1511 4279 1726 4334 duobus
1749 4279 2017 4348 capitibus
2034 4273 2142 4333 vir-

580 4379 724 4426 tutes
757 4370 970 4424 eximia:
998 4369 1169 4424 robur
1219 4369 1518 4438 accipiunt.
1574 4369 1774 4424 Verum
1801 4383 1978 4440 nequc
2037 4370 2144 4425 hoc

2230 3207 2313 3244 σει
2343 3189 2515 3259 φιλία,
2549 3188 2648 3242 εἴτ’
2677 3183 2771 3243 οὖν
2795 3187 3029 3260 ὑπακοὴ,
3068 3187 3136 3242 ἵν’
3167 3188 3226 3242 ἐν
3269 3186 3464 3260 βραχεῖ
3511 3187 3660 3259 λόγῳ
3699 3185 3804 3258 τὴν

2229 3282 2528 3352 ἀπολογίαν
2557 3279 2790 3337 ἐνταῦθα
2814 3279 3022 3350 θείημι.

2301 3546 2408 3616 λγ’.
2455 3543 2595 3599 Ἀλλ’
2623 3542 2907 3598 ἐπανιτέον
2955 3542 3035 3605 εὶς
3075 3539 3136 3594 τὸ
3180 3525 3561 3611 προκείμενον.
3606 3535 3809 3604 Ἐγκέδ

2234 3638 2451 3692 κλειστο
2481 3639 2509 3692 6
2539 3635 2748 3708 Πατὴρ,
2792 3634 2885 3688 καὶ
2918 3635 2952 3704 ἡ
2985 3631 3261 3703 κάθειρξις
3304 3629 3680 3700 σμικροτάτη,
3713 3630 3812 3681 καὶ

2235 3728 2486 3784 τοσοῦτον
2520 3729 2579 3782 ἐν
2607 3727 2758 3798 θέρει
2815 3723 3149 3794 θαλπομένη,
3179 3722 3256 3786 ὡς
3304 3721 3472 3792 ἄλλην
3501 3716 3648 3775 εἶναι
3675 3720 3812 3774 ταύο

2237 3837 2338 3891 την
2360 3819 2592 3890 κάμινον
2621 3815 2934 3887 Χαλδαῖκὴν
2967 3815 3030 3868 ἐκ
3049 3813 3150 3884 τῆς
3179 3813 3543 3884 ἐκπυρώσεως
3573 3811 3678 3881 τῆς
3713 3828 3811 3882 μοο

2239 3909 2480 3989 λιὸδίνης
2514 3907 2748 3979 στέγηςο
2776 3907 2805 3960 6
2827 3906 2885 3960 δέ
2925 3903 3180 3989 τοσούτον
3224 3903 3485 3989 ἀπείχετο
3525 3903 3810 3988 ἀνιᾶσθαι.

2237 4001 2314 4065 ὡς
2343 3983 2512 4072 εὒχῆν
2547 3997 2827 4070 εὔχεσθαι,
2852 3984 3182 4069 τηλικαύτην
3216 3983 3364 4065 αύτῷ
3385 3995 3694 4048 ἀνάπαυσιν
3730 3984 3815 4056 εἱς

2240 4092 2303 4145 τὸ
2335 4090 2526 4162 μέλλον
2556 4077 2936 4160 ταμιεύεσθαι,
2976 4080 3070 4140 τοῦ
3113 4077 3278 4138 πόθου
3317 4083 3410 4137 τὸν
3461 4085 3634 4136 κόπον
3678 4087 3814 4136 κου.

2243 4182 2511 4254 φίζοντος,
2539 4181 2634 4233 καὶ
2663 4179 2761 4250 τῆς
2791 4170 3005 4241 ἐλπίδος
3053 4173 3456 4246 εύμαριζούσης
3491 4172 3592 4243 τὴν
3620 4162 3818 4242 δυσχέ-

2246 4284 2419 4346 ρειαν,
2451 4272 2512 4337 ἐξ
2540 4265 2616 4326 ὧν
2639 4273 2695 4325 αἱ
2720 4269 2952 4342 μεγάλαι
2971 4260 3165 4339 ἀρεταὶ
3184 4266 3279 4320 καὶ
3299 4265 3563 4318 πολιτεῖαι
3579 4264 3643 4317 τὸ
3670 4263 3816 4335 κρά-

2245 4385 2334 4432 τος
2354 4366 2586 4438 ἐχουσιν.
2604 4363 2726 4418 Οὐδ’
2749 4361 2893 4416 οὕτω
2919 4351 3081 4415 πάλιν
3102 4356 3504 4431 ἀρκούμενοςγό
3524 4354 3820 4438 φιλόπονος

581 4459 884 4517 subiciebat
912 4459 1029 4514 viro
1067 4459 1313 4514 laborum
1340 4432 1654 4528 appetenti,
1721 4460 1816 4514 sed
1876 4432 2128 4517 i'nstantel

2250 4432 2560 4529 anteiam
2598 4456 2697 4527 μέν
2725 4445 2846 4516 ταῖς
2867 4451 3056 4524 χερσὶν
3085 4448 3582 4520 ἐργαζόμενος,καὶ
3608 4432 3819 4530 πολλῆς

581 4551 910 4623 Operabatur
935 4550 1188 4605 manibus
1213 4549 1344 4615 illis,
1375 4564 1444 4606 ex
1465 4549 1668 4620 quibus
1699 4551 1884 4606 multae
1909 4553 2144 4609 virtutes

583 4643 970 4715 procedebant.
998 4639 1302 4697 Instantius
1343 4650 1526 4697 autem
1574 4641 1910 4698 meditationi
1949 4643 2148 4700 divinae

581 4735 724 4791 dans
750 4751 994 4806 operam,
1022 4741 1080 4788 et
1123 4733 1371 4804 quotidie
1404 4733 1668 4790 adversus
1697 4736 1908 4792 hostem
1960 4736 2149 4793 decer-

586 4835 708 4882 tans
740 4842 908 4898 seque
942 4825 1168 4881 utilitati
1194 4825 1450 4881 Fratrum
1487 4824 1788 4883 ferventius
1819 4837 2035 4899 aptans,
2057 4845 2150 4886 so-

588 4919 800 4977 labatur
833 4919 1471 4986 maestum,deficientem
1525 4919 1850 4988 instruebat,
1909 4922 2152 4993 erigebat

589 5011 825 5081 lapsum,
899 5009 1135 5068 leniebat
1217 5020 1625 5083 exasperatum,
1678 5029 1846 5084 seque
1899 5017 2153 5086 patientis

588 5100 968 5158 conformahat
1008 5103 1332 5170 conditioni,
1371 5105 1610 5176 optimus
1633 5107 1940 5160 animarum
1978 5108 2152 5163 medi-

588 5209 688 5248 cus
728 5202 784 5249 et
824 5194 1196 5251 curandarum
1228 5196 1547 5267 passionum
1603 5198 1990 5268 peritissimus.
2045 5198 2150 5255 Sed

590 5299 770 5356 neque
799 5287 900 5342 hoc
940 5287 1367 5357 praetermisero,
1425 5289 1688 5343 memoria
1718 5289 1910 5358 utique
1953 5290 2159 5360 dignis-

589 5376 819 5444 simum,
855 5377 1005 5450 quod
1035 5385 1287 5434 catenam
1320 5377 1554 5434 ferream
1608 5379 1745 5436 satis
1791 5382 2156 5452 ponderosam

545 5503 549 5507 ’
665 5516 709 5548 ’⁸
731 5514 930 5572 Jerem.
962 5529 1051 5581 xv,
1080 5512 1163 5568 10.

2246 4553 2525 4620 δυνάμεως
2547 4545 2888 4619 παράύταῐς
2929 4540 3310 4614 ἐξερχομένης,
3353 4537 3714 4610 εὐτονώτερον
3757 4538 3820 4590 δέ

2248 4644 2316 4713 τῇ
2345 4639 2467 4712 θείᾳ
2489 4637 2689 4709 μελέτῃ
2719 4634 3093 4706 ἐπειγόμενος,
3127 4632 3222 4684 καὶ
3247 4627 3535 4684 πυκτεύων
3560 4629 3697 4699 πρὸς
3721 4627 3821 4680 τὸν

2251 4731 2512 4799 πολέμιον
2527 4730 2806 4791 ἑκάστοτε,
2825 4725 3156 4796 θερμότερον
3177 4721 3234 4776 δὲ
3250 4723 3389 4794 πρὸς
3415 4721 3513 4790 τὴν
3533 4718 3644 4773 τῶν
3664 4717 3822 4772 ἁδελ-

2253 4825 2370 4896 φῶν
2423 4821 2610 4895 χρείαν
2652 4818 3079 4890 παριστάμενος,
3103 4815 3199 4870 καὶ
3241 4813 3333 4867 τὸν
3374 4812 3473 4883 μέν
3495 4807 3822 4881 θεραπεύων

2253 4915 2613 4987 λυπούμενον,
2645 4912 2736 4967 τὸν
2764 4910 2822 4966 δέ
2845 4907 3188 4981 ψυχαγωγῶν
3221 4903 3566 4966 ἐκλείποντα,
3602 4902 3700 4954 καὶ
3719 4900 3824 4954 De

2254 5009 2346 5064 λον
2371 5002 2688 5078 ἐπανορθῶν
2715 5001 3148 5064 καταπίπτοντα,
3185 4995 3282 5051 καὶ
3307 4995 3496 5064 ἓτερον
3510 4992 3823 5061 γλυκαινων

2259 5098 2704 5172 πικραινόμενον,
2731 5094 2826 5149 καὶ
2851 5095 2918 5164 τῇ
2938 5088 3032 5145 τοῦ
3065 5088 3364 5160 πάσχοντος
3408 5083 3519 5148 ἕξει
3569 5097 3825 5153 συμμορ-

2258 5193 2548 5266 φούμενος,
2573 5191 2604 5245 6
2642 5186 2924 5256 πολυειδὴς
2964 5183 3171 5246 ἐκεῖνος
3225 5178 3334 5232 τῶν
3372 5174 3564 5246 ψυχῶν
3617 5173 3824 5266 ἰατρὸς,

2259 5288 2356 5341 καὶ
2373 5265 2698 5357 θεραπεύων
2727 5279 2925 5348 ἄριστα
2946 5275 3073 5338 τοὺς
3092 5271 3421 5342 πάσχοντας.
3449 5265 3587 5320 ούδέ
3641 5265 3828 5357 ἐκεῖνο

2263 5354 2671 5450 παραλείψομαι
2703 5365 3196 5438 ἀξιομνημόνευτον
3225 5359 3511 5431 τυγχάνον,
3527 5357 3614 5411 ὅτι
3636 5354 3830 5412 ἅλυσιν

2097 5601 2326 5661 NOTAE.

671 5723 786 5796 (εε)
822 5721 1120 5781 Monachus
1155 5719 1221 5777 ad
1249 5717 1439 5778 decem
1467 5716 1744 5776 centurias
1766 5718 2155 5790 pr0pemodum
2197 5715 2516 5785 accessisse,
2545 5713 2712 5770 tradit
2736 5712 2924 5769 eadem
2956 5709 3094 5764 Vita.
