4064 6372
253 324 363 402 837

925 337 1207 399 ORATIO
1244 337 1349 397 Xl.
1383 363 1448 373 -
1476 333 1858 396 LAUDATIO
1898 334 1961 394 S.
2001 332 2371 393 PLATONIS
2419 332 2851 395 HEGUMENI.

3400 336 3505 400 838

257 451 570 526 σιδηραίαν,
601 449 792 521 ἱκανὴν
821 452 898 523 τῷ
930 453 1108 525 βάρει,
1158 454 1238 524 τῷ
1290 452 1413 506 ποῶ⁵
1461 451 1726 522 περιθεὶς,
1750 453 1829 505 ὲν-

1936 450 2055 520 pedi
2115 450 2559 517 circumpouens,
2629 446 2682 499 in
2732 444 2826 499 tali
2896 443 3080 498 labore
3144 451 3509 515 perseverarit

253 546 543 618 ικαρτέρει
573 546 686 608 τοῖς
712 543 896 609 πόνοις
934 545 1055 615 (καὶ
1081 546 1142 599 τὸ
1178 545 1421 609 κοπῶδες
1451 546 1597 609 ὅσον,
1618 544 1680 597 τὸ
1713 542 1831 613 μεθ’

254 636 459 706 ἑαυτῆς
500 634 814 700 καθεύδειν,
848 634 987 706 ὁμοῦ
1040 653 1100 689 τε
1136 636 1501 707 ἐγρηγορέναι
1541 635 1635 688 καὶ
1662 633 1832 705 ἐργά-

254 726 467 793 ζεσθαι,
511 729 744 799 συνορᾷν
784 726 995 793 ἔξεστιν
1039 728 1118 799 τῷ
1157 726 1463 799 ἀρτίφρονι)
1495 727 1596 781 οὐκ
1627 726 1834 780 ἐπιδειιι

254 820 425 874 κτιῶν
457 819 556 891 τὴν
584 820 881 892 κάθειρξιν,
911 820 1019 875 οὐδ’
1044 821 1106 875 οὐ
1143 822 1249 893 μὴν
1281 819 1463 890 αὐχῶν
1491 820 1592 891 τὴν
1634 817 1833 890 πρᾶξιν

254 912 333 976 ὡς
361 913 562 984 ἀρετῆς
591 915 976 985 ἐργαστήριον,
1005 914 1126 969 κατ’
1156 914 1364 968 ἐκεῖνόν
1411 929 1517 967 που
1565 911 1656 965 τὸν
1700 910 1832 965 Χεί-

259 1020 406 1074 ρωνα
436 1003 497 1057 τὸ
532 1004 855 1059 Θετταλικὸν
888 1005 1084 1077 ἄντρον
1133 1005 1388 1059 οἰκοῦντα
1430 1002 1642 1074 (τιόρρω
1665 1001 1776 1074 γὰρ
1803 1002 1832 1055 6

253 1094 494 1167 ἀθλητὴς
519 1094 627 1163 ζτοῦ
676 1094 927 1166 πάθους)ο
972 1094 1110 1151 ἀλλά
1147 1095 1246 1165 τὴν
1290 1094 1389 1164 μὲν
1420 1091 1729 1157 εὐτελίζων,
1756 1092 1833 1154 ὡς

254 1185 318 1240 οὐ
351 1185 671 1257 θεραπεύων
700 1186 866 1253 ἀξίως
888 1187 986 1258 τὴν
1016 1186 1075 1240 δὲ
1121 1186 1337 1257 κρύψας
1374 1183 1542 1259 τέχνῃ
1579 1201 1833 1238 ταπεινο-

256 1277 555 1349 φροσύνης,
608 1279 701 1332 καὶ
760 1278 958 1349 μικροῦ
1020 1278 1199 1333 λαθὼν
1253 1279 1524 1343 ἅπαντας,
1588 1279 1694 1341 ἕως
1742 1278 1831 1331 ὅτε

254 1370 542 1441 προελθὼν
579 1371 681 1442 τῆς
706 1370 902 1443 κέλλης
925 1370 1015 1425 διά
1050 1370 1256 1443 Κύριον
1276 1414 1292 1438 ,
1321 1371 1587 1444 ἑγνώρισε
1629 1370 1724 1424 καὶ
1755 1367 1831 1439 μὴ

256 1458 606 1530 βουλόμενος.
657 1458 798 1531 Περὶ
856 1459 956 1529 μὲν
1004 1460 1211 1515 τούτων
1259 1462 1400 1528 ἃλις,
1434 1459 1713 1531 φιλοῦντος
1734 1457 1831 1512 τοῦ

253 1548 529 1621 ἀκροατοῦ
559 1548 620 1603 τὸ
653 1548 899 1621 μέτριον,
937 1551 1031 1605 καὶ
1051 1551 1151 1606 οὐκ
1183 1552 1548 1625 εὐποροῦντος
1572 1549 1670 1606 τοῦ
1696 1550 1835 1623 γρά-

254 1655 452 1708 φοντος
484 1634 650 1709 ἂξηγο
658 1642 770 1704 ρείν
808 1638 1234 1712 πλουσιώτερον.

327 1729 423 1783 λδ’.
468 1729 688 1801 Ἐπειδὴ
705 1729 762 1783 δι
782 1730 996 1785 ἀπεϐίω
1020 1732 1050 1784 6
1063 1732 1366 1798 τηνικαῦτα
1387 1731 1530 1795 θεῖος
1546 1730 1827 1802 πρόεδρος,

253 1821 503 1894 ζητεῖται
528 1822 709 1894 ψῆφος
730 1823 1256 1893 πατριαρχήσοντος,
1285 1824 1379 1877 καὶ
1405 1822 1473 1877 τὰ
1496 1821 1828 1894 ψηφίσματα

1936 1816 2054 1888 ejus
2088 1814 2351 1885 temporis
2399 1812 2765 1885 patriarcltam
2788 1810 2925 1881 (23),
2956 1825 3195 1879 cumque
3226 1810 3294 1865 de
3322 1808 3509 1865 futuro
3614 1820 3619 1825 ‘

252 1914 351 1968 ἐπὶ
376 1913 607 1978 πολλοὺς
627 1914 680 1966 ei
710 1913 920 1977 πολλοὶ,
947 1913 1023 1978 ὼς
1051 1914 1281 1977 ἕκαστος
1308 1911 1452 1985 εἶχεν
1468 1915 1612 1969 κατὰ
1640 1915 1827 1985 φιλίαν

249 2003 286 2074 ἢ
319 2002 618 2074 ἀλήθειανι
655 2000 902 2074 ζητεῖται
954 2001 1050 2056 καὶ
1093 2001 1243 2073 παρὰ
1284 2002 1379 2056 τοῦ
1430 2003 1679 2075 Πατρὸς,
1728 2005 1829 2076 ούχ

251 2092 363 2146 ὑπὸ
383 2092 492 2146 τῶν
539 2091 639 2162 τῆς
706 2090 1006 2163 ἱερωσύνης
1046 2091 1207 2161 μόνον
1246 2091 1535 2163 ὲγκρίτων,
1570 2094 1687 2148 ἀλλ’
1726 2094 1826 2167 ήδη

250 2185 352 2238 καὶ
375 2183 513 2255 πρὸς
534 2182 697 2236 αὐτοῦ
729 2181 826 2236 τοῦ
853 2182 1249 2253 βασιλεύοντος.
1282 2184 1346 2237 Τί
1363 2181 1457 2239 οὖν
1482 2186 1610 2252 ἔδει,
1632 2186 1677 2239 ὣ
1694 2187 1830 2258 πρὸς

250 2274 358 2344 τῆς
388 2273 647 2344 ἀληθείας
676 2272 850 2343 αὐτῆς
875 2292 889 2340 ;
922 2274 1044 2345 οὐχὶ
1066 2277 1158 2328 τὸν
1191 2275 1429 2330 τοσαῦτα
1454 2277 1592 2350 ὑπὲρ
1608 2277 1701 2332 τοῦ
1726 2296 1829 2331 κα-

248 2365 351 2419 λοῦ
394 2365 767 2431 ἔναθλήσαντα
799 2364 893 2418 καὶ
940 2365 1325 2436 ἡκριϐωμένου
1361 2366 1476 2437 βίου
1527 2370 1643 2433 τοῖς
1693 2371 1829 2424 πᾶσι

249 2456 422 2524 νόμον
455 2456 839 2529 προκείμενον,
870 2456 1114 2526 ἀψευδῶς
1129 2460 1303 2513 εἰπεῖν
1339 2459 1436 2531 τὴν
1478 2460 1704 2515 ἐνοῦσαν
1739 2462 1832 2516 αὐ-

249 2549 335 2616 τῷ
357 2546 617 2615 διάθεσιν,
651 2547 788 2618 πρὸς
816 2549 879 2602 τὸ
931 2551 1084 2621 κοινῇ
1143 2550 1422 2623 συμφέρον
1481 2552 1827 2619 σκοποῦντα;

251 2640 358 2704 Ού,
383 2641 546 2710 φασὶν
570 2641 620 2694 οί
646 2642 714 2693 τὰ
738 2641 947 2693 ἐκείνου
968 2639 1310 2703 σκώπτοντές
1329 2660 1389 2696 τε
1419 2644 1512 2697 καὶ
1539 2643 1832 2714 διαγελῶν-

248 2746 371 2794 τες,
399 2730 513 2783 ἀλλ’
543 2730 577 2800 ἢ
604 2729 701 2800 τὴν
754 2728 978 2797 ἄγνοιαν
1018 2730 1409 2803 προϐαλέσθαι,
1433 2732 1467 2803 ἢ
1495 2737 1609 2797 τοῖς
1641 2735 1833 2808 ἐπιζη-

247 2822 459 2888 τήσασι
485 2819 889 2891 παραχωρῆσαι
920 2820 980 2872 τὸ
1012 2819 1274 2891 ψήφισμα
1296 2837 1310 2851 '
1342 2822 1491 2877 ἐστιν
1530 2824 1609 2889 δὲ,
1643 2826 1704 2878 τὸ
1733 2826 1831 2897 μὲν

249 2910 524 2983 πρότερον
546 2909 760 2980 ψεῦδος,
786 2911 847 2963 τὸ
873 2911 928 2964 δὲ
952 2911 1206 2982 δεύτερον
1237 2914 1547 2984 ὑπόκρισις,
1598 2919 1690 2970 καὶ
1720 2919 1831 2989 ἀμ-

248 3002 467 3073 φότερα
490 3001 832 3056 ἀπόπτυστα.
867 3002 924 3056 '0
958 3003 1058 3074 μὲν
1091 3001 1186 3058 οῦν
1218 3006 1321 3076 τὴν
1349 3006 1531 3077 ψῆφον
1561 3008 1825 3065 ἔστειλεν

245 3095 314 3149 τὸ
368 3095 425 3148 δὲ
466 3094 551 3165 ἐφ’
579 3096 723 3164 ὅτῳ,
770 3095 931 3166 παρῶ
980 3096 1158 3165 λέγειν
1187 3113 1203 3130 ο
1254 3099 1566 3153 ἐπέστειλεν
1603 3101 1648 3155 δ’
1683 3104 1832 3172 ὅμως

246 3186 329 3249 ὡς
359 3185 463 3239 ὑπὸ
483 3185 601 3257 Θεῷ
633 3187 892 3258 μάρτυρι.
932 3187 1045 3241 Καὶ
1069 3187 1120 3241 οί
1186 3188 1283 3258 μὲν
1328 3190 1581 3260 ἀσμένως
1616 3191 1834 3258 ἐδέξαν-

244 3294 336 3344 το,
370 3278 470 3331 οὐκ
498 3274 598 3332 οἷδ’
640 3279 809 3351 ὁποίῳ
841 3279 1028 3353 τρόπῳ
1057 3279 1456 3351 βεϐαιώσαντες
1478 3282 1540 3336 τὸ
1559 3285 1795 3357 γράμμα
1814 3301 1829 3315 ·

243 3375 276 3428 6
314 3372 379 3427 δὲ
407 3371 588 3427 λαϐὼν
633 3372 983 3440 ἀπσείσατο,
1042 3373 1409 3445 μετακυλίσας
1445 3376 1523 3442 ὡς
1575 3379 1634 3432 ὲν
1681 3378 1832 3452 κύϐῳ

243 3465 357 3528 τὰς
388 3464 627 3535 ψήφους.

1939 547 2125 617 (quam
2157 555 2339 599 autem
2381 542 2673 596 molestum
2706 538 2871 595 fuerit
2900 554 3025 594 cum
3057 539 3327 608 ejusmodi
3382 544 3508 597 viu-

1937 638 2064 693 culo
2080 637 2342 699 dormire,
2360 636 2609 706 vigilare.
2623 632 2858 704 operari,
2881 632 3034 688 facile
3060 643 3283 703 apparet
3305 634 3509 690 intelli-

1938 728 2137 800 genti),
2176 728 2340 798 idque
2366 743 2475 782 non
2502 736 2562 782 ut
2586 726 2896 782 clausuram
2931 734 3252 791 ostentaret,
3296 735 3390 781 aut
3418 743 3511 783 ve-

1938 817 2018 873 lut
2038 816 2257 872 virtutis
2294 814 2562 870 ofﬁcinam
2595 814 2849 884 iactaret,
2886 812 3165 880 quomodo
3197 811 3395 866 Chiron
3419 813 3509 867 ille

1939 920 2160 967 antrum
2225 907 2605 964 Thessalicum
2664 905 2917 962 habitans
2962 904 3144 974 (longe
3204 903 3349 958 enim
3380 904 3511 958 abc-

1938 1013 2090 1059 rata
2149 1001 2243 1057 tali
2306 1000 2489 1069 vitio),
2529 998 2623 1054 sed
2678 998 2935 1052 virtutem
2991 996 3212 1065 quidem
3242 1004 3509 1050 extenua-

1938 1096 2054 1164 bat,
2096 1106 2157 1151 ut
2188 1095 2280 1166 qui
2313 1109 2433 1150 eam
2468 1109 2585 1149 non
2622 1100 2786 1163 prout
2817 1106 2913 1161 par
2939 1100 3057 1146 crat
3082 1092 3289 1145 coleret
3317 1107 3331 1156 ;
3362 1098 3510 1145 cate-

1938 1204 2064 1244 nam
2110 1203 2239 1243 vero
2267 1185 2642 1242 abscondebat
2670 1183 2963 1238 artiﬁciosa
2989 1182 3320 1247 humilitate,
3371 1182 3507 1236 adeo

1938 1290 2000 1336 ut
2039 1279 2155 1335 lore
2187 1286 2419 1335 cunctos
2472 1275 2683 1339 lateret,
2726 1272 2914 1345 quoad
2972 1287 3002 1328 e
3058 1274 3197 1327 cella
3255 1286 3510 1341 egressus

1939 1381 2159 1440 propter
2191 1367 2480 1423 Dominum
2511 1383 2527 1433 ;
2563 1380 2686 1422 eam
2712 1365 2800 1420 vel
2840 1363 3046 1418 invitus
3074 1361 3354 1431 patefecit.
3402 1359 3511 1415 Ve-

1938 1476 2060 1517 rum
2117 1459 2184 1514 de
2213 1458 2300 1513 bis
2331 1470 2479 1511 nunc
2519 1454 2676 1519 satis,
2721 1467 2849 1508 cum
2876 1460 2930 1506 et
2953 1449 3169 1505 auditor
3211 1447 3508 1503 mediocri-

1938 1559 2104 1605 tatem
2134 1555 2301 1613 amet,
2333 1554 2386 1601 et
2421 1544 2658 1616 scriptor
2696 1557 2806 1598 non
2839 1539 3084 1596 abundet
3130 1538 3393 1596 facultate
3419 1552 3508 1594 res

1938 1637 2220 1708 copiosius
2250 1633 2570 1689 enarrandi.

2010 1726 2100 1782 54.
2148 1725 2388 1795 Contigit
2414 1732 2594 1779 autem
2632 1738 2696 1778 ex
2724 1721 2827 1776 bac
2854 1720 2964 1776 vita
3007 1719 3242 1791 migrare
3261 1718 3504 1774 divinum

1933 1908 2171 1965 Pmsule
2222 1907 2509 1962 sententiae
2532 1904 2958 1976 postularentur,
2988 1917 3168 1974 eaeque
3200 1902 3508 1957 divideren-

1936 2010 2025 2056 tur
2047 2001 2100 2054 in
2119 1999 2342 2062 multos,
2366 1995 2774 2067 proutquisque
2792 1994 2877 2051 vel
2899 1993 3294 2049 amicitiam‘vel
3324 2006 3507 2047 veram

1935 2094 2191 2149 Ecclesia
2210 2090 2492 2162 spectabat
2516 2089 2807 2145 utilitatem
2834 2088 3098 2158 requisita
3115 2096 3201 2142 est
3223 2086 3388 2142 etiam
3406 2084 3508 2140 Pa-

1935 2185 2035 2240 tris
2053 2184 2226 2239 nostri
2257 2183 2666 2247 sententia,non
2680 2179 2857 2236 solum
2877 2178 3026 2234 abiis
3045 2175 3509 2249 quierantSacer—

1934 2276 2084 2331 dotio
2111 2274 2373 2343 insignes,
2403 2271 2499 2327 sed
2515 2270 2582 2325 ab
2615 2272 2736 2341 ipso
2768 2284 2987 2339 quoque
3014 2266 3352 2338 lmperatore
3372 2264 3508 2336 (Si).

1934 2367 2176 2423 Obsecro
2188 2382 2283 2437 per
2297 2367 2579 2420 veritatem
2606 2362 2947 2434 ipsam,quid
2972 2361 3398 2431 oportebateum
3424 2358 3511 2413 fa-

1935 2462 2100 2518 cere?
2151 2458 2407 2530 Nunquid
2446 2457 2679 2513 debebat
2708 2455 2756 2511 is
2783 2455 2877 2526 qui
2913 2464 3060 2509 tanta
3089 2462 3205 2508 erat
3246 2468 3345 2523 pro
3399 2453 3512 2506 vir-

1938 2564 2054 2609 tute
2086 2567 2299 2624 passus,
2332 2560 2387 2606 et
2431 2551 2558 2606 vita:
2611 2548 3014 2620 probatissimae
3066 2546 3320 2617 exemplo
3364 2561 3508 2601 cuu-

1937 2648 2040 2704 ctis
2069 2645 2420 2717 praelucebat,
2450 2643 2664 2699 sincere
2696 2641 2913 2697 edicere
2958 2640 3289 2695 sententiam
3348 2653 3507 2693 suam

1938 2739 2236 2810 spectando
2263 2737 2534 2808 publicam
2573 2733 2912 2789 utilitatem?
2953 2731 3194 2797 Minime,
3254 2730 3510 2800 inquiunt

1937 2831 2055 2900 ejus
2087 2828 2514 2883 subsannatores
2559 2824 2944 2891 irrisoresque,
2978 2821 3071 2877 sed
3129 2821 3212 2875 vel
3249 2820 3510 2891 ignorau-

1942 2922 2073 2977 tiam
2132 2928 2425 2990 praetexere
2480 2914 2688 2981 debuit,
2730 2923 2828 2969 aut
2880 2929 2940 2970 se
3001 2913 3507 2983 interrogantibus,

1938 3013 2266 3069 sententiam
2316 3010 2657 3081 permittere.
2690 3009 2759 3061 At
2791 3010 3030 3078 primum
3060 3008 3279 3072 quidem
3308 3004 3509 3061 falsum

1941 3105 2154 3168 fuisset,
2198 3102 2564 3158 adulatorium
2594 3100 2865 3165 alterum;
2907 3108 3201 3167 utrumque
3249 3112 3510 3167 respuen-

1937 3197 2091 3251 dum.
2123 3194 2270 3250 Misit
2302 3194 2466 3265 igitur
2500 3191 2821 3261 sufl‘ragium
2850 3205 3011 3246 suum
3045 3189 3154 3259 (cui
3185 3187 3401 3252 datum,
3426 3187 3510 3241 di-

1939 3304 2064 3346 cere
2099 3284 2478 3356 supersedeo),
2514 3284 2868 3339 misitautem
2892 3280 3042 3335 velut
3076 3279 3187 3334 Deo
3215 3289 3350 3334 teste
3387 3296 3401 3332 :
3453 3285 3511 3334 et

1938 3378 2195 3451 EpiscOpi
2214 3376 2432 3448 quidem
2450 3381 2830 3444 susceperunt,
2863 3371 3052 3426 nescio
3076 3372 3352 3441 quomodo
3374 3385 3507 3425 eon-

1939 3475 2223 3530 firmantes
2253 3468 2398 3541 quod
2466 3467 2803 3538 scripserat;
2843 3464 3144 3536 imperator
3173 3481 3305 3520 vero
3359 3464 3508 3520 acci-

244 3558 413 3629 piens
461 3557 744 3628 suffragia,
775 3572 861 3622 ea,
904 3558 1051 3615 velut
1084 3559 1137 3614 in
1185 3562 1318 3617 aleae
1354 3560 1506 3629 ludo,
1561 3564 1834 3625 invertens
1901 3567 2166 3625 excussit.
2204 3564 2305 3621 Ast
2368 3562 2523 3618 Plato
2549 3559 2851 3632 (quoniam,
2906 3566 3135 3628 urgente
3185 3557 3510 3613 necessitate

246 3652 497 3723 capitis,
552 3654 980 3725 unumquodque
1028 3656 1399 3713 membrorum
1474 3670 1731 3728 praestare
1797 3664 1938 3720 solet
2004 3662 2150 3735 quod
2217 3662 2270 3715 in
2334 3674 2395 3715 se
2449 3658 2574 3727 est)
2634 3657 2700 3711 ad
2737 3656 3031 3727 quemdam
3096 3655 3508 3710 mouasticilia-

246 3745 409 3803 bitus
428 3745 631 3810 virum,
652 3744 887 3802 Caesaris
919 3754 1101 3802 autem
1118 3748 1688 3819 propiuquum,noctu
1739 3756 1989 3821 contulit,
2008 3754 2142 3809 nihil
2166 3752 2422 3807 dubitans
2451 3749 2601 3806 foras
2630 3748 2882 3820 progredi
2912 3758 3132 3820 propter
3159 3763 3506 3803 communem

246 3844 553 3902 utilitatem
583 3860 597 3897 :
643 3856 881 3912 cumque
910 3843 960 3897 ei
989 3856 1113 3912 quae
1169 3844 1548 3912 conveniebat,
1598 3848 1831 3905 dixisset
1858 3847 2148 3906 confestim
2181 3844 2405 3901 domum
2438 3841 2618 3897 rediit.

319 3934 425 3989 λε’.
466 3936 577 3990 Καὶ
609 3934 638 3988 6
667 3936 764 4005 μιν
792 3934 1002 4006 (ἐπειδὴ
1030 3935 1191 4007 χρεία
1218 3938 1465 4011 κεφαλῆς
1502 3946 1829 4014 προϊσταμί.

2006 3942 2098 3999 55.
2135 3940 2441 4010 Imperator
2471 3950 2635 4007 porro
2665 3935 2771 3990 hoc
2799 3934 3128 4005 intelligens,
3170 3934 3355 3990 furere
3395 3951 3511 3991 cm-

244 4045 352 4100 νης
384 4027 615 4082 ἕκαστον
631 4025 741 4079 τῶν
776 4026 954 4094 μελῶν
975 4027 1036 4081 τὺ
1057 4027 1180 4082 καθ’
1199 4028 1362 4083 ἑαυτὸ
1392 4032 1675 4099 εἰσοίσειν)
1699 4035 1829 4108 πρός

1936 4035 2036 4107 pit,
2060 4032 2452 4099 modicumque
2480 4035 2793 4091 cunctatus,
2819 4027 2993 4081 donec
3019 4026 3340 4097 perfecisset
3362 4030 3507 4097 quod

243 4135 383 4173 τινα
413 4118 521 4171 τῶν
541 4118 897 4188 ὀμοσχήμων,
921 4119 1185 4190 ἀγχιστέα
1207 4121 1264 4175 δὲ
1300 4121 1392 4176 τοῦ
1423 4124 1724 4197 Καίσαρος,
1757 4127 1829 4200 μὴ

1936 4125 2171 4190 νοίθωι,
2208 4122 2337 4177 tulit
2363 4120 2653 4175 nobiscum
2687 4118 2904 4173 Patrem
2928 4128 3173 4173 nostrum
3209 4136 3223 4172 :
3255 4130 3310 4173 et
3353 4127 3508 4190 post-

244 4208 582 4279 εύλαϐηθεὶς
611 4208 710 4280 τὴν
728 4209 904 4276 ἔξοδον
925 4210 1015 4264 διὰ
1029 4210 1090 4263 τδ
1112 4213 1265 4284 κοινῇ
1291 4215 1588 4285 συμφέρον,
1614 4217 1829 4290 νύκτωρ

1936 4232 2097 4288 quam
2123 4213 2312 4285 viginti
2346 4221 2591 4283 quatuor
2637 4209 2832 4266 diebus
2864 4210 2919 4265 in
2944 4210 3083 4265 bene
3114 4211 3325 4266 munita
3377 4226 3509 4267 cus-

244 4304 499 4366 ἆπεισιν,
528 4303 625 4359 καὶ
652 4302 1027 4373 φθεγξάμενος
1053 4305 1122 4357 τὰ
1154 4305 1362 4374 εἰκότα,
1391 4308 1571 4361 οἶκαδε
1629 4309 1823 4365 θᾶττον

1936 4308 2076 4362 todia
2113 4304 2398 4360 habuisset
2429 4301 2679 4371 permisit
2734 4301 2911 4357 redire
2956 4301 3022 4356 ad
3082 4305 3500 4359 monasterium.

244 4395 557 4450 ἐπάνεισιν
587 4395 615 4447 6
643 4392 701 4446 δὶ
744 4392 929 4463 μαθὼν
979 4395 1238 4468 ἐξεμάνη,
1287 4399 1382 4451 καὶ
1425 4399 1621 4470 μικρὸν
1646 4400 1823 4472 λωφή-

1936 4396 2061 4464 Quid
2096 4396 2290 4450 attinet
2315 4394 2521 4458 dicere,
2552 4403 2791 4464 quantas
2836 4392 3043 4451 Saneto
3070 4436 3084 4460 ,
3122 4396 3233 4451 imo
3265 4398 3368 4468 ipsi
3410 4415 3505 4453 ve-

244 4499 348 4547 σας
384 4481 511 4535 ὅσον
551 4482 633 4545 είς
662 4481 837 4553 πέρας
875 4482 1106 4552 ἀγαγεῖν
1150 4484 1213 4539 τὸ
1263 4485 1708 4559 βεϐουλευμένον,
1743 4490 1826 4543 αἵ-

1936 4486 2066 4540 ritati
2099 4485 2330 4555 injurias
2355 4484 2624 4549 intulerit,
2656 4484 2939 4539 iracundia
2968 4487 3506 4558 percitustotamque

245 4573 469 4663 pste-iw
494 4575 627 4644 ἡμῖν
653 4573 744 4627 τδν
777 4574 1022 4645 Πατέρα,
1053 4576 1146 4630 καὶ
1172 4578 1346 4630 εἴκοσι
1374 4579 1512 4647 πρὸς
1538 4580 1827 4651 τέσσαρσιν

1936 4577 2268 4634 conturbans
2300 4577 2781 4643 communitatem,
2811 4577 2953 4631 alios
2988 4580 3303 4634 carceribus
3328 4582 3505 4635 inclu-

242 4661 496 4735 ἡμέραις
524 4664 753 4734 θέμενος
795 4666 855 4717 έν
894 4667 1090 4736 στερεᾷ
1134 4666 1373 4740 φυλακῇ.
1426 4672 1565 4724 οἴκοι
1602 4672 1829 4725 ἐπανελ-

1936 4670 2131 4733 dendo,
2173 4669 2311 4724 alios
2376 4668 2444 4723 ad
2497 4668 2859 4738 quaestionem
2911 4669 3223 4739 rapiendo?
3277 4687 3398 4726 cum
3449 4672 3502 4727 in

245 4754 365 4809 θεῖν
388 4755 641 4823 ἀφίησιν.
666 4755 808 4809 Ὅσα
836 4757 946 4829 γὰρ
970 4758 1253 4830 ἐξύϐρισεν
1286 4762 1427 4816 κατὰ
1477 4762 1572 4816 τοῦ
1613 4763 1827 4835 ἀνδρὸς,

1936 4762 2184 4817 omnibus
2226 4759 2444 4816 tandem
2483 4761 2665 4817 victus
2690 4770 2745 4816 et
2775 4764 2886 4816 risu
2939 4763 3138 4833 dignus
3168 4768 3503 4835 apparuerit.

245 4845 457 4915 μᾶλλον
483 4845 541 4898 δὲ
568 4845 694 4900 κατ’
722 4847 895 4916 αὐτῆς
922 4848 1018 4918 τῆς
1055 4849 1312 4921 ἀληθείας
1338 4850 1692 4924 θυμομαχῶν.
1733 4854 1829 4907 καὶ

242 4938 646 5007 συνταράσσων
665 4936 762 5007 τὴν
781 4938 1141 5009 ἀδελφότητα,
1160 4943 1255 4995 καὶ
1274 4945 1401 5006 τοὺς
1431 4944 1528 5013 μὲν
1555 4944 1827 5016 φρουρῶν,

240 5028 375 5091 τοῦς
410 5027 467 5081 δὲ
495 5027 673 5082 ἕλκων
722 5030 803 5092 είς
861 5032 1219 5103 κατηγορίας,
1254 5035 1304 5086 εί
1352 5035 1447 5088 καὶ
1477 5035 1738 5107 ῥίψασπις
1768 5038 1827 5089 ὲν

242 5121 383 5174 πᾶσι
418 5119 615 5188 γέγονε
655 5120 751 5175 καὶ
791 5120 1199 5190 ἀξιογέλαστος,
1238 5125 1291 5177 τί
1324 5118 1408 5179 δεῖ
1456 5127 1551 5181 καὶ
1608 5127 1826 5196 λέγειν;

242 5211 410 5263 ἅτινα
441 5211 767 5281 παρασκευὴ
799 5207 869 5283 ἦν
910 5212 1012 5282 τῆς
1053 5216 1425 5288 τυρευομένης
1468 5218 1617 5289 αὐτῷ
1659 5236 1824 5291 πονη-

243 5299 372 5368 ρὶας
405 5300 501 5353 καὶ
519 5302 683 5355 οἱονεὶ
707 5303 1044 5373 προεισόδιος
1062 5306 1281 5377 ἀνομία,
1310 5308 1585 5378 παίδευμα
1602 5309 1658 5363 δὲ
1682 5311 1822 5363 κατὰ

239 5390 343 5461 τὴν
379 5391 596 5445 ἐκείνου
644 5393 981 5466 φληνάφειαν
1028 5396 1129 5467 τῆς
1170 5398 1435 5469 δοκούσης
1468 5401 1819 5473 προπετείας.

1934 4851 2039 4906 Sed
2068 4852 2183 4907 haec
2225 4852 2403 4907 solum
2435 4853 2694 4922 praeludia
2724 4855 2972 4923 quaedam
3008 4866 3164 4910 erant
3196 4858 3506 4929 iniquitatis

1931 4960 2094 5016 quam
2134 4944 2525 5010 meditabatur,
2564 4955 2618 4999 et
2640 4946 2789 5001 velut
2813 4948 3211 5016 praeambulare
3243 4952 3502 5023 flagitium

1931 5048 1996 5088 ac
2020 5033 2391 5088 rudimentum
2421 5034 2751 5106 nugacitatis
2773 5043 2827 5091 et
2866 5038 3198 5106 petulantia).
3216 5041 3505 5101 intervallo

1932 5141 2171 5196 namque
2226 5127 2491 5196 temporis
2563 5127 2780 5182 modico
2847 5139 3072 5185 secutus
3147 5142 3231 5187 est
3285 5136 3506 5192 malitia:

1932 5229 2335 5273 consummatae
2386 5219 2631 5275 assultus
2664 5236 2677 5273 :
2709 5220 2872 5291 idque
2909 5234 3130 5293 propter
3175 5224 3502 5298 Joseplium,

1932 5310 2085 5365 illum
2141 5309 2233 5379 qui
2306 5310 2554 5366 mmcltos
2633 5311 3037 5382 coniunxerat,
3106 5318 3308 5371 malum
3361 5319 3503 5372 intra

1931 5402 2138 5456 viscera
2171 5402 2408 5468 haerens,
2453 5411 2510 5458 ct
2564 5402 2822 5459 Ecclesiae
2875 5406 3311 5463 turbamentum.
3348 5409 3507 5465 PoSt-

1826 5512 2059 5570 NOTAE.

242 5678 287 5735 Ρ
319 5611 437 5734 $23)
469 5610 718 5695 \fortuus
745 5626 828 5673 est
858 5618 918 5675 S.
966 5618 1229 5677 Tarasius
1290 5638 1437 5680 anno
1475 5624 1599 5694 806,
1630 5628 1717 5685 die
1759 5628 1829 5685 εδ

287 5697 319 5736 e
344 5698 556 5737 Il'Ilal'll.

1936 5628 2246 5701 arripuerat
2294 5646 2438 5687 anno
2497 5632 2756 5704 802-,qui
2789 5634 3066 5703 quomodo
3102 5651 3160 5692 se
3187 5641 3416 5704 gesserit
3447 5641 3500 5699 iu

1941 5702 2280 5737 nrnnnrnndn
2342 5701 2379 5737 ς
2440 5700 2732 5737 Νἷηοηιιιυιί
2790 5704 2854 5737 ml
2920 5705 3343 5737 πιαινὲσ.νηιιηι.....
3396 5714 3471 5737 ..ιη

315 5700 556 5737 turllarll.

315 5752 437 5822 ἂι)
468 5752 517 5809 Is
535 5763 653 5810 erat
677 5756 1037 5822 Nicephorius,
1059 5762 1152 5822 qui
1177 5763 1329 5821 lrene
1353 5765 1829 5822 eiectaimnerium

1941 5700 2281 5769 proettranda
2342 5701 2402 5758 S.
2440 5700 2734 5773 Niceplm'ri
2789 5700 2854 5757 ad
2917 5700 3344 5773 patriarcli‘atum
3392 5714 3502 5769 cle-

1940 5771 2142 5822 ctione.
2175 5771 2299 5822 vide
2322 5772 2569 5822 inshuius
2600 5772 2720 5822 Vita
2756 5773 2818 5822 I5
2860 5772 3036 5822 Martii
3062 5791 3210 5822 ntun-
3242 5779 3337 5822 εΗ-.

808 5771 1037 5829 puorus,
1059 5771 1152 5832 qui
1177 5771 1329 5821 lrenc
1353 5771 1830 5839 ejectaimperium
1940 5771 2142 5841 ctione,
2175 5771 2299 5825 vide
2322 5771 2727 5843 inhuios'Vita.
2756 5773 2818 5828 l3
2860 5771 3036 5829 Martii
3062 5791 3212 5833 nutu.
3242 5779 3337 5834 (ες.

3518 4936 3571 4955 π
