4064 6372
245 317 350 383 8i!

920 315 1204 378 ORATIO
1242 316 1349 378 XI.
1374 341 1444 355 ν-
1472 313 1856 378 LAUDATIO
1892 313 1953 374 S.
1994 312 2363 376 PLATONIS
2405 315 2837 379 HEGUMENI.

3381 319 3487 384 842

252 429 578 501 μετέπειτα,
604 428 768 499 ἡνίκα
811 429 1110 499 ἀπαγωγαὶ
1168 430 1262 483 καὶ
1320 430 1659 499 μεταγωγαὶ,
1693 429 1817 481 διω-

1936 427 2080 497 plura
2148 429 2314 484 etiam
2347 445 2508 500 quam
2534 430 2674 500 jussi
2705 436 2859 485 erant
2897 430 3036 485 mala
3062 430 3289 489 inclusis
3347 434 3489 489 infe-

247 521 386 592 γμοὶ
415 520 513 575 καὶ
537 519 847 590 ὲξετασμοὶ,
896 520 1259 592 διαχωρισμοί
1299 538 1358 574 τε
1390 515 1458 575 αὖ
1509 520 1606 575 καὶ
1633 519 1824 589 ἀφοριο

248 614 399 684 σμοὶ,
423 614 646 669 ἀπειλαί
678 631 738 667 τε
764 614 861 667 καὶ
882 615 1066 686 ὀργαὶ,
1093 614 1391 686 ἐρωτήσεις
1441 631 1504 668 τε
1575 614 1671 669 καὶ
1698 614 1825 668 ἀντ-

248 707 601 779 αποκρίσεις,
642 706 739 761 καὶ
765 707 795 760 ὁ
822 706 882 760 ὲν
906 707 1059 779 πάσῃ
1082 709 1150 778 τῇ
1183 707 1338 760 πόλει
1362 695 1730 778 κωδωνὶσμδς,
1748 708 1821 778 μή

246 795 334 859 τίς
379 814 483 851 που
505 796 804 868 κρύπτοιτο
830 795 1007 855 λαθὼν
1034 795 1145 852 τῶν
1191 796 1459 867 ἀδελφῶν,
1492 796 1568 861 ῶς
1616 798 1711 850 καὶ
1744 797 1824 861 εἰς

247 889 390 953 ὀπὰς
440 889 542 960 τῆς
603 890 705 961 γῆς
756 889 868 943 δέει
916 887 1031 945 τῶν
1090 887 1334 943 διωκτῶν
1385 904 1509 943 τινα
1551 887 1824 959 διασωθῆ-

248 995 363 1033 ναι.

321 1236 428 1308 λη’.
455 1216 566 1292 Καὶ
596 1236 770 1291 ταῦτα
798 1236 942 1307 ὑπὲρ
983 1236 1163 1303 τίνος;
1190 1236 1382 1305 (Πάλιν
1430 1237 1540 1309 γὰρ
1577 1237 1822 1308 ἀναλαμ-

248 1327 435 1383 ϐάνειν
469 1328 730 1397 ἐκπλήξει
765 1328 828 1381 τὸ
858 1324 1043 1397 δρᾶμα
1062 1328 1628 1399 περιπνοῦμαι.)”1να
1653 1332 1680 1387 ὁ
1700 1347 1825 1383 στε-

251 1422 509 1491 φανώσας
554 1422 680 1484 τοὺς
736 1420 1109 1491 μοιχωμένους
1148 1420 1302 1490 παρὰ
1358 1420 1419 1474 τὸ
1464 1421 1820 1489 Εὑαγγέλιον,

252 1514 401 1565 κατὰ
429 1511 702 1566 ἀντίθεσιν
739 1511 834 1564 τοῦ
868 1510 1207 1583 Προδρόμου,
1238 1510 1315 1573 ὡς
1360 1512 1674 1581 οἰκονομίαν
1711 1529 1819 1567 σω-

250 1604 442 1674 τήριον
461 1604 528 1673 τῇ
574 1600 875 1673 Ἐκκλησία
894 1601 1213 1671 πεποιηκὼς
1228 1600 1459 1670 ἀθωωθῇ
1483 1604 1787 1673 ἱερουργεῖν
1801 1615 1818 1632 ⁸

1925 527 2129 573 rentes.
2184 517 2455 575 Praetereo
2489 535 2611 589 quae
2644 528 2832 590 postea
2876 518 3019 575 facta
3073 531 3225 584 sunt,
3268 525 3511 593 quando

1924 606 2072 663 aliud
2101 609 2235 663 nihil
2266 611 2458 665 audire
2484 619 2602 665 erat
2649 625 2815 680 quam
2871 610 3250 678 abductiones,
3301 612 3490 667 tradu-

1926 698 2156 764 ctiones,
2190 701 2622 769 persecutiones,
2654 703 3001 772 quaestiones,
3071 702 3488 772 disjunctiones,

1925 791 2306 861 relegationes,
2339 794 2536 861 minas,
2564 794 2799 860 furores,
2846 794 3314 864 investigatioues;
3345 803 3490 849 tota-

1924 895 2034 951 que
2057 882 2192 937 urbe
2213 890 2615 954 perstrepentes
2631 885 3106 954 proclamationes;
3129 900 3196 940 ne
3210 886 3334 955 quis
3361 885 3491 939 Fra-

1921 981 2068 1027 trum
2110 973 2321 1043 uspiam
2349 973 2522 1031 latens
2550 975 3020 1041 absconderetur;
3054 976 3189 1030 adeo
3225 986 3283 1030 ut
3318 977 3371 1031 in
3397 991 3492 1032 ca-

1925 1066 2106 1120 vernis
2130 1073 2309 1132 terraa,
2342 1070 2758 1138 persecutorum
2790 1078 2959 1134 metu,
2994 1071 3225 1123 salutem
3254 1071 3489 1139 quasie-

1926 1155 2036 1209 rint
2063 1156 2255 1225 aliqui.

1993 1247 2083 1301 38.
2114 1247 2436 1305 "meantem
2449 1250 2633 1307 omnia
2655 1266 2761 1322 qua
2786 1250 2853 1308 de
2869 1267 3037 1310 causa
3061 1254 3086 1309 ‘.’
3113 1254 3327 1326 (iterum
3343 1255 3489 1311 enim

1925 1353 2035 1409 pne
2064 1339 2419 1397 admiratione
2463 1357 2628 1414 cogor
2676 1357 2789 1399 rem
2834 1348 3150 1415 esponere.)
3193 1346 3267 1403 Ut
3296 1363 3491 1417 nempe

1925 1428 1973 1484 is
2009 1428 2101 1497 qui
2144 1429 2424 1486 adulteros
2489 1440 2847 1488 coronaverat
2882 1442 3075 1489 contra
3136 1433 3488 1506 Evangelium

1921 1528 1976 1573 et
2004 1532 2199 1575 contra
2223 1521 2589 1579 Praecursoris
2637 1525 2969 1594 exemplum,
3003 1535 3265 1597 tanquam
3300 1527 3491 1583 Eccle-

1923 1607 2016 1664 siae
2056 1609 2174 1662 utili
2204 1609 2532 1667 discretione
2562 1627 2715 1678 usus,
2753 1613 2973 1682 impune
3007 1614 3181 1669 sacris
3226 1630 3484 1685 operare-

252 1692 353 1745 καὶ
380 1693 430 1745 οἱ
458 1691 648 1747 τοῦτον
671 1692 748 1763 μὴ
783 1691 1139 1762 προσιέμενοι
1169 1691 1565 1760 εύαγγελικῶς,
1597 1692 1821 1764 ἔκνομοι

1936 1708 2055 1753 tur:
2089 1700 2293 1769 quique
2321 1700 2498 1767 illum,
2563 1702 2895 1773 evangelicis
2944 1705 3230 1774 praeceptis
3275 1706 3490 1761 obtem-

253 1785 352 1839 καὶ⁸
380 1783 803 1856 ἡλλοτριωμένοι
828 1782 841 1836 l
872 1783 938 1837 Ὦ
960 1781 1190 1837 διώκτου
1224 1780 1448 1854 πικροῦ,
1489 1763 1818 1854 Χριστιανοῦ

1936 1763 2221 1858 perant-es;
2247 1805 2359 1847 non
2425 1763 2789 1858 admitterent,
2826 1763 2978 1862 impii
3006 1809 3036 1849 a
3066 1763 3287 1866 Deoque
3313 1797 3478 1852 alieni

253 1873 626 1945 προσηγορίαν
652 1872 887 1945 ἔχοντος,
928 1873 1023 1925 καὶ
1070 1871 1310 1943 Χριστοῦ
1342 1873 1540 1943 νόμους
1569 1890 1820 1927 καταπα-

249 1965 463 2017 τεῖσθαι
499 1963 751 2029 ζέοντοςι
788 1964 853 2018 Τί
881 1963 1024 2017 οὕτω
1056 1963 1329 2035 μέμηνας,
1372 1963 1702 2036 βαρυκάρδιε
1726 1965 1823 2020 καὶ

251 2053 620 2124 ἀπηνέστατε,
666 2055 762 2108 σὺν
802 2053 882 2125 τῷ
945 2054 1237 2126 ὁμοτρόπῳ
1280 2069 1373 2106 σου
1424 2053 1682 2125 σκύμνῳ;
1711 2054 1824 2109 Οὐκ

249 2145 413 2199 οἶσθα
440 2146 520 2199 ὃτι
551 2146 685 2217 πρὸς
714 2146 1019 2216 ἀηττήτους
1071 2145 1272 2217 νόμους
1326 2140 1468 2200 Θεοῦ
1497 2147 1826 2220 παραστήσῃ

251 2235 351 2301 οὓς
401 2238 576 2302 οὐδεὶς
625 2238 1061 2309 βασιλευσάντων
1143 2239 1435 2307 νενίκηκε;
1480 2237 1558 2310 μὴ
1597 2239 1680 2292 ὄτι
1761 2254 1825 2306 γε

253 2328 353 2381 καὶ
409 2328 796 2400 προσκρούσας
843 2328 1030 2393 αὐτοῖς
1089 2328 1165 2393 ῶς
1202 2330 1291 2394 σὺ,
1340 2328 1654 2400 περιφανῶς
1717 2329 1826 2383 ἀπ-

254 2436 451 2473 ωλετο.

334 2701 436 2757 λθ’.
478 2701 625 2756 Ἀλλ’
650 2701 696 2754 ὤ
723 2702 737 2755 l
769 2702 887 2768 πῶς
923 2703 1172 2776 ἀπήγετο
1194 2701 1335 2757 δτοῦ
1362 2700 1497 2756 Θεοῦ
1536 2701 1830 2773 θεράπωνς

260 2793 354 2845 ἐπ’
384 2792 545 2845 αὐτὸν
570 2791 678 2863 γὰρ
725 2792 1012 2865 ἑπανίημι.
1058 2793 1227 2849 Πάλιν
1278 2791 1701 2863 μεθοριζόμενος
1740 2795 1833 2846 καὶ

1916 1880 2294 1946 crederentur,
2339 1879 2385 1937 0
2438 1881 2638 1937 divina;
2673 1882 2808 1953 legis
2855 1885 3396 1953 prtevaricationeml
3455 1902 3491 1942 ο

1924 1970 2182 2025 acerbum
2213 1982 2646 2041 persecutorem,
2707 1973 2801 2043 qui
2828 1988 3028 2030 nomen
3060 1975 3355 2031 Christiani
3417 1976 3493 2031 le-

1924 2078 2073 2128 rens,
2122 2064 2329 2121 Christi
2362 2066 2506 2137 leges
2564 2068 2897 2125 conculcare
2954 2069 3276 2140 satagebat!
3346 2069 3489 2137 Quid

1926 2164 2077 2211 tanto
2120 2156 2308 2213 lurore
2358 2159 2497 2228 agis,
2526 2174 2560 2213 ο
2604 2160 2792 2230 gravis
2840 2162 3007 2217 corde
3038 2171 3090 2216 et
3125 2163 3494 2218 inclementis-

1922 2262 2086 2314 stme,
2115 2263 2219 2303 una
2249 2264 2371 2303 eum
2404 2250 2566 2305 simili
2601 2252 2695 2305 tibi
2725 2253 2908 2308 catulo
2935 2253 3053 2326 (27)
3079 2254 3103 2307 l
3151 2253 3335 2311 Nescit
3363 2258 3491 2327 quia

1928 2337 2128 2391 bellum
2182 2339 2279 2393 tibi
2306 2348 2391 2394 est
2430 2340 2691 2396 adversus
2724 2341 3122 2412 iusuperabiles
3185 2345 3282 2399 Dei
3323 2345 3490 2414 leges,

1926 2437 2113 2484 contra
2187 2445 2326 2499 quas
2389 2438 2514 2484 ante
2560 2440 2612 2485 te
2670 2430 3057 2500 imperantium
3118 2449 3278 2489 nemo
3332 2436 3495 2491 victo-

1928 2521 2065 2576 riam
2118 2523 2390 2577 obtinuit?
2440 2522 2688 2593 quinimo
2717 2526 3059 2595 quiscunque
3108 2527 3210 2591 eis,
3265 2529 3344 2582 uti
3410 2537 3491 2596 tu,

1931 2612 2163 2677 restitit,
2199 2612 2393 2668 incidit
2414 2613 2469 2668 in
2494 2612 2840 2669 manifestum
2863 2615 3109 2670 exitium.

2000 2702 2090 2757 39.
2121 2703 2226 2757 Sed
2267 2705 2336 2758 οε
2373 2719 2481 2774 qua
2510 2705 2723 2760 ratione
2766 2705 3033 2762 abductus
3077 2715 3163 2762 est
3201 2707 3291 2762 Dei
3320 2707 3495 2764 famu-

1935 2790 2018 2845 lus
2039 2792 2062 2845 ?
2084 2791 2153 2846 ad
2206 2791 2359 2846 illum
2392 2792 2539 2847 enim
2592 2793 2887 2849 revertitur
2938 2795 3134 2850 oratio.
3169 2794 3383 2852 Rursus
3408 2814 3498 2853 re-

260 2885 431 2939 πάλιν
454 2884 831 2956 διασπώμενος
864 2885 1140 2939 ύπδνδυοίν
1172 2902 1234 2938 τε
1279 2884 1721 2956 σκηριπτόμενος
1742 2884 1831 2937 διὰ

1936 2879 2162 2947 legatus,
2228 2896 2421 2937 rursus
2468 2883 2764 2939 distractus
2815 2898 2844 2939 a
2902 2885 3077 2951 nobis,
3110 2894 3165 2941 et
3204 2901 3234 2940 a
3284 2887 3497 2943 duobus

262 2979 326 3032 τὸ
360 2978 433 3049 μὴ
476 2977 678 3047 ἰσχύειν
709 2978 790 3030 ἔτι
842 2978 1182 3048 προϐαίνειν,
1230 2977 1517 3047 ἑλκόμενος
1544 2975 1614 3030 αὖ
1645 2992 1706 3028 τε
1741 2974 1834 3028 καὶ

1938 2969 2251 3025 hominibus
2289 2980 2614 3040 protrusus;
2652 2987 2721 3027 eo
2774 2976 2919 3043 quod
2976 2976 3211 3045 amplius
3246 2978 3497 3048 progredi

264 3070 718 3141 περισυρόμενος,
750 3070 844 3122 καὶ
874 3068 1070 3139 θρῆνον
1092 3068 1338 3139 ἐμποιῶν
1352 3068 1453 3137 τῆς
1480 3066 1666 3121 ἀδίκου
1692 3066 1833 3158 πρά-

1938 3060 2205 3129 nequiret,
2257 3062 2583 3117 trahebatur
2626 3064 2844 3129 iterum,
2867 3066 3317 3139 raptabaturque,
3352 3076 3407 3122 et
3432 3068 3499 3123 ad

265 3161 405 3225 ξεως
470 3161 565 3214 καὶ
617 3161 797 3223 αὐτοῖς
861 3160 975 3222 τοῖς
1032 3158 1374 3228 ἀναισθήτοις
1424 3156 1612 3220 λίθοις.
1645 3156 1834 3210 Βοάτω

1936 3150 2211 3220 planctuum
2244 3168 2340 3221 pro
2391 3154 2710 3225 indignitate
2748 3155 3007 3212 facinoris
3055 3160 3309 3215 movebat
3353 3161 3502 3229 ipsos

265 3252 443 3307 ταῦτα
469 3254 497 3305 ὁ
520 3251 614 3304 τοῦ
645 3251 968 3323 περιϐοήτου
1007 3250 1284 3321 μάρτυρος
1306 3249 1606 3319 Μάμαντος
1622 3250 1832 3319 χῶρος’

266 3341 531 3412 γραφέτω
559 3341 731 3395 ταῦτα
760 3342 795 3411 ἡ
850 3341 1234 3413 φρουρήσασα,
1270 3341 1411 3411 μετά
1460 3339 1559 3411 τὴν
1610 3339 1836 3415 πρώτην

265 3432 366 3485 τοῦ
388 3431 620 3501 ἀδελφοῦ
647 3433 912 3502 φρουρὰν,
943 3431 1036 3484 τὸν
1098 3432 1201 3501 τῆς
1254 3430 1540 3494 εὐσεϐείας
1595 3431 1836 3501 φρουρὸν

265 3524 419 3589 ὀξεῖα
450 3526 634 3595 νῆσος.
664 3523 769 3577 Φεῦ
791 3524 892 3593 τῆς
923 3523 1229 3594 ἀναλγήτου
1280 3522 1527 3594 καρδίας,
1572 3522 1703 3587 τῶν,
1737 3522 1838 3574 οὐκ

264 3612 368 3668 οἷδ’
388 3616 537 3678 ὅπως
561 3615 856 3686 εὐπρεπῶς
899 3614 1133 3685 εἴποιμι,
1163 3614 1642 3685 στρατιομονάχων
1666 3612 1840 3681 φυλά-

267 3708 419 3763 xw!
460 3707 682 3760 Ἐθεντο
714 3707 808 3761 τὸν
844 3707 1050 3761 δίκαιον
1097 3705 1394 3777 μονώτατοι
1438 3706 1516 3769 ὡς
1556 3706 1613 3758 ἐν
1652 3704 1840 3775 λάκκῳ

269 3799 573 3869 κατωτάτῳ
604 3799 664 3851 εν
687 3815 792 3852 τινι
825 3798 1010 3869 κέλλῃ,
1054 3797 1465 3870 τετρυχωμένον
1501 3796 1604 3868 ηδη
1637 3794 1714 3865 τῷ
1741 3797 1841 3867 γή-

270 3908 360 3960 ρει
393 3891 487 3944 καὶ
519 3892 586 3961 τῇ
618 3888 758 3960 νόσῳ
807 3888 1131 3959 βαλλόμενον
1152 3905 1167 3920 ο
1193 3889 1383 3942 εἴασαν
1421 3887 1510 3957 ὑφ’
1546 3887 1628 3940 ἐνὶ
1647 3886 1839 3957 δούλῳ,

264 3984 322 4036 οἱ
356 3981 535 4035 δοῦλοι
557 3982 667 4035 τῶν
707 3982 860 4035 κάτω
910 3982 1007 4036 καὶ
1079 3979 1176 4033 τοῦ
1220 3980 1518 4049 Καίσαρος,
1562 3978 1652 4032 τδν
1697 3979 1842 4031 ὅσιον

267 4070 426 4135 ἅπαξ
448 4074 513 4143 τῇ
543 4072 724 4142 ἡμέρᾳ
749 4071 782 4142 ἢ
811 4071 895 4134 δὶς
919 4067 1328 4141 ὑπηρετεῖσθαι.
1365 4068 1664 4123 Ἦντιϐόλει
1696 4071 1725 4122 δ
1751 4068 1842 4137 γέ-

268 4180 387 4234 ρων
420 4162 878 4234 μετακομίζεσθαι
904 4162 1045 4234 πρὸς
1071 4162 1377 4230 ἀναγκαίαν
1414 4159 1605 4231 χρείαν
1622 4159 1715 4213 τοῦ
1739 4159 1843 4213 σώ-

270 4270 446 4324 ματος
468 4251 570 4326 [τι]
603 4253 697 4306 καὶ
721 4256 750 4306 ὁ
775 4251 1043 4323 δυσμενὴς
1064 4250 1359 4314 ὠνείδιζεν·
1384 4249 1525 4321 1ᾔτει,
1551 4250 1660 4302 τῶν
1703 4246 1847 4303 κατὰ

267 4345 374 4416 τὴν
392 4344 678 4397 ἀσθένειαν
702 4342 1045 4414 ἐπιτηδείων,
1070 4340 1208 4408 καὶλὸ
1221 4341 1520 4412 δύστροπος
1538 4340 1661 4393 κατ’
1678 4338 1844 4393 αὐτοῦ

1932 3242 2098 3295 etiam
2136 3241 2484 3300 insensibiles
2530 3244 2758 3312 lapides.
2808 3244 3057 3301 Testetur
3104 3247 3220 3302 haec
3274 3249 3503 3319 insignis

1938 3330 2190 3404 Martyris
2221 3332 2513 3390 Mamantis
2566 3333 2778 3406 Regio;
2818 3338 3043 3403 scribat,
3072 3354 3194 3408 quae
3241 3349 3367 3409 post
3392 3343 3500 3410 pri-

1936 3437 2081 3476 mam
2108 3423 2295 3478 fratris
2323 3426 2426 3479 mei
2458 3427 2764 3480 custodiam
2818 3429 3099 3483 custodem
3134 3430 3354 3500 pietatis
3390 3433 3506 3486 vin-

1937 3522 2085 3566 ctum
2116 3513 2325 3580 habuit,
2364 3515 2595 3585 abrupta
2616 3517 2818 3572 insula.
2855 3516 2968 3573 Vah
3008 3520 3236 3575 immitia
3264 3534 3503 3592 pectora,

1939 3607 2407 3663 monachorumne
2442 3610 2641 3674 dicam,
2678 3627 2746 3665 an
2791 3611 3063 3678 militum,
3111 3615 3311 3684 quibus
3352 3630 3504 3671 com-

1939 3697 2110 3752 missa
2169 3698 2356 3755 Sancti
2410 3704 2659 3761 custodia
2704 3704 3048 3761 fuitlsolum
3087 3724 3234 3775 eum,
3266 3711 3415 3768 velut
3451 3713 3505 3768 in

1940 3789 2060 3846 lacu
2098 3792 2365 3859 inferiori,
2396 3804 2702 3864 posuerunt
2733 3798 2788 3852 in
2819 3799 2952 3854 cella
2985 3801 3241 3871 quadam,
3269 3803 3380 3872 jam
3423 3821 3510 3861 se-

1942 3883 2034 3937 nio
2066 3884 2374 3939 conlectum
2415 3895 2469 3941 et
2507 3887 2701 3942 morbo
2731 3898 3047 3957 gravatum;
3080 3892 3263 3961 ibique
3286 3909 3317 3949 a
3360 3910 3510 3950 man-

1942 3975 2087 4045 cipio
2118 3991 2247 4040 uno,
2274 3976 2379 4047 ipsi
2406 3977 2681 4048 mancipia
2712 3980 2901 4036 mundi
2943 3982 3306 4053 Caesarisque.
3339 3984 3508 4040 facie~

1942 4061 2075 4120 bant
2124 4067 2173 4121 ei
2228 4066 2527 4122 ministrari
2584 4069 2752 4125 semel
2784 4080 2882 4126 aut
2920 4072 3003 4128 bis
3051 4072 3106 4127 in
3134 4074 3242 4129 die.
3270 4074 3513 4146 Rogabat

1943 4170 2108 4211 senex
2134 4155 2316 4210 afferri
2367 4157 2472 4212 sibi
2522 4159 2802 4231 quidpiam
2832 4161 2901 4216 ad
2941 4163 3188 4232 corporis
3217 4166 3512 4222 necessita-

1944 4256 2073 4311 tem,
2134 4255 2189 4302 et
2242 4247 2443 4303 ellerus
2500 4248 2590 4304 ille
2643 4251 2747 4306 hoc
2775 4251 2825 4306 ei
2854 4254 3219 4322 exprobrabat
3249 4274 3263 4310 :
3294 4259 3513 4324 petebat

1946 4338 2149 4409 aliquid
2194 4339 2386 4394 morbo
2438 4355 2765 4411 congruum,
2791 4351 2847 4399 et
2896 4344 3100 4399 ostium
3129 4346 3180 4401 ei
3226 4346 3514 4403 claudebat

265 4436 374 4505 τὴν
412 4434 586 4505 θύραν
608 4433 817 4487 ἔκλειεν
841 4450 856 4466 ·
882 4431 1178 4485 καὶταῦτα
1201 4431 1593 4502 ὑφιστάμενος.
1617 4428 1837 4501 ἀνεξάρ-

1946 4430 2211 4485 barbarus
2236 4439 2338 4486 :.et
2366 4431 2483 4487 haec
2514 4434 2791 4491 sustinens
2824 4444 3067 4500 sanctus,
3097 4437 3288 4494 ﬁrmus
3329 4440 3383 4493 in
3413 4456 3513 4495 sua

267 4544 436 4598 γητος
456 4529 558 4597 τῆς
586 4525 756 4596 καλῆς
783 4524 1092 4596 ὁμολογίας,
1126 4519 1194 4593 ἧς
1222 4522 1576 4593 ὡμολόγησεν
1613 4520 1844 4574 ἐνώπιον

268 4617 417 4673 Θεοῦ
468 4619 564 4672 καὶ
610 4616 936 4686 ἀνθρώπων.
976 4615 1194 4685 Ἐπειδὴ
1242 4613 1299 4667 δὲ
1355 4614 1419 4666 ὲκ
1462 4613 1561 4683 τῆς
1591 4610 1845 4683 τοιαύτης

269 4709 616 4780 καθείρξεως
652 4706 1041 4778 νοσηλεύεσθαι
1090 4705 1254 4760 αὐτὸν
1312 4703 1658 4758 ὲπιθανάτιον
1692 4702 1845 4772 ιάκή-

269 4819 406 4858 κοεν
433 4806 463 4856 ὁ
499 4804 736 4872 Καῖσαρ,
768 4800 997 4868 μετάγει
1024 4800 1084 4850 ὲν
1111 4797 1188 4867 τῷ
1221 4795 1500 4865 Βυζαντίῳ
1551 4794 1848 4865 μαλαχθεὶς

268 4895 380 4964 τὴν
407 4893 716 4963 ἀτεράμονα
755 4890 1005 4961 καρδίαν,
1043 4890 1136 4943 καὶ
1168 4887 1407 4957 ἐνεγκὼν
1437 4885 1849 4957 παρασκευάζε-

269 5002 397 5051 ται,
422 4982 755 5055 ἐπανορθοῦν
780 4982 943 5054 δῆθεν
975 4982 1038 5034 τὸ
1061 4979 1248 5043 κακῶς
1277 4978 1671 5048 γεγενημένον.
1709 4977 1848 5031 Ἀλλ’

1949 4520 2316 4586 confessione,
2356 4538 2521 4592 quam
2548 4525 2835 4582 confessus
2878 4532 2963 4581 est
2989 4540 3173 4580 coram
3199 4525 3309 4582 Deo
3338 4537 3390 4582 et
3415 4529 3515 4583 ho-

1950 4610 2192 4666 minibus
2247 4627 2531 4682 nunquam
2558 4615 2846 4685 abnegavit
2872 4615 3176 4670 veritatem.
3219 4615 3513 4687 Postquam

1951 4718 2079 4757 vero
2110 4703 2375 4759 intellexit
2426 4704 2727 4774 Imperator
2763 4705 2899 4776 (28),
2938 4721 3001 4761 cx
3034 4706 3302 4777 ejusmodi
3333 4719 3517 4763 custo-

1952 4794 2039 4849 dia
2089 4807 2357 4863 aagrotare
2403 4796 2576 4861 illum,
2605 4808 2660 4851 et
2686 4799 2905 4868 quidem
2940 4813 3114 4869 usque
3145 4800 3211 4853 ad
3245 4809 3472 4854 mortem
3500 4818 3515 4861 ;

1955 4886 2194 4939 emollita
2264 4886 2513 4940 nonnihil
2561 4888 2729 4942 animi
2794 4888 3518 4961 incletnentia,Byzantium

1954 4975 2237 5031 Platonem
2275 4979 2574 5047 transtulit,
2616 4988 2670 5034 et
2718 4996 2978 5052 reparare
3005 4981 3179 5039 voluit
3203 4983 3349 5052 quod
3381 4984 3522 5039 male

1808 5174 2039 5233 NOTAE.

275 5354 555 5415 utrosque
602 5339 851 5415 custodia
906 5336 1133 5401 includi,
1164 5334 1259 5389 sed
1306 5332 1851 5415 singulos‘seorsim,

276 5423 366 5475 ita
394 5404 698 5470 utinutuus
716 5411 797 5465 eis
827 5418 1080 5485 aspectus
1104 5413 1411 5485 negaretur,
1444 5404 1607 5485 quod
1632 5404 1855 5457 unicum

276 5487 463 5543 estin
518 5496 739 5554 carcere
785 5480 1072 5554 solatium.
1141 5475 1508 5554 :l‘hepphanes
1538 5475 1615 5526 ait
1670 5484 1861 5554 mense

278 5556 553 5613 Januario
611 5551 908 5608 indictione
952 5546 1192 5604 secunda
1259 5543 1314 5599 in
1338 5544 1593 5600 exsilium
1646 5543 1859 5611 pulsos,

282 5624 620 5766 angusta}
661 5690 853 5766 dubito
884 5684 1235 5766 quinlos-cph
1270 5681 1862 5766 @conornus,_turba:

291 5750 423 5825 tuin
446 5750 636 5823 causa.
659 5750 1013 5828 intelligatur.
1035 5750 1266 5810 Sirletus
1287 5754 1487 5808 leonem
1514 5752 1694 5818 vertit,
1718 5750 1864 5822 quod

645 5877 914 5940 PATROL.
958 5873 1074 5934 Gn.
1120 5870 1331 5933 XCIX.

1965 5334 2087 5389 aliis
2107 5335 2455 5409 occasionem
2504 5338 2650 5393 dedit
2702 5336 2937 5395 Leonem
2953 5340 3175 5409 proprio
3202 5341 3423 5395 nomine
3451 5340 3532 5395 sic

1967 5406 2318 5479 appellatum,
2382 5407 2634 5479 fortassis
2694 5406 3017 5474 Isauricum,
3047 5406 3206 5479 cujus
3254 5425 3435 5464 mores
3478 5413 3530 5463 in

1967 5475 2407 5549 lioe_imi_taretur
2435 5476 2792 5549 Nicephorus,
2838 5475 3189 5549 intelligendi.

2037 5545 2151 5613 (28)
2189 5546 2239 5600 ls
2268 5554 2350 5601 est
2377 5547 2435 5602 S.
2483 5545 2822 5616 Nicephorus
2882 5545 3331 5616 pretiomiuatus,
3372 5547 3532 5613 cujus

1966 5621 2030 5690 et
2053 5616 2285 5690 alioru_n_t
2319 5616 2521 5690 laetum
2563 5616 2820 5690 relinquit
2850 5618 3053 5685 iudicio
3085 5617 3179 5674 Dei
3213 5617 3443 5673 Michael
3477 5618 3533 5671 in

1970 5682 2094 5741 Vita
2129 5683 2187 5740 S.
2214 5684 2501 5744 Theodori.

3030 5860 3110 5923 2'1
