  <div class='ocr_page' id='page_1' title='image "/cluster/home/n/w/nwhite01/storage/ocr_20150623/99/hvd.32044024464356/427.png"; bbox 0 0 4064 6372; ppageno 0'>
   <div class='ocr_carea' id='block_1_1' title="bbox 575 317 3824 394">
    <p class='ocr_par' dir='ltr' id='par_1_1' title="bbox 575 317 3824 394">
     <span class='ocr_line' id='line_1_1' title="bbox 575 317 3824 394; baseline 0.005 -20"><span class='ocrx_word' id='word_1_1' title='bbox 575 328 680 394; x_wconf 64' lang='lat'><strong>343</strong></span> <span class='ocrx_word' id='word_1_2' title='bbox 1775 320 1833 378; x_wconf 91' lang='lat' dir='ltr'><strong>s.</strong></span> <span class='ocrx_word' id='word_1_3' title='bbox 1865 317 2256 378; x_wconf 81' lang='lat' dir='ltr'><strong>THEODORI</strong></span> <span class='ocrx_word' id='word_1_4' title='bbox 2285 319 2626 381; x_wconf 66' lang='lat' dir='ltr'><strong>srumm</strong></span> <span class='ocrx_word' id='word_1_5' title='bbox 3717 327 3824 391; x_wconf 79' lang='lat' dir='ltr'><strong>stt</strong></span> 
     </span>
    </p>
   </div>
   <div class='ocr_carea' id='block_1_2' title="bbox 577 425 2216 510">
    <p class='ocr_par' dir='ltr' id='par_1_2' title="bbox 577 425 2216 510">
     <span class='ocr_line' id='line_1_2' title="bbox 577 425 2216 510; baseline -0.009 -17"><span class='ocrx_word' id='word_1_6' title='bbox 577 443 762 510; x_wconf 77' lang='lat' dir='ltr'><strong>egerat</strong></span> <span class='ocrx_word' id='word_1_7' title='bbox 793 453 804 490; x_wconf 93' lang='lat'>:</span> <span class='ocrx_word' id='word_1_8' title='bbox 839 434 933 492; x_wconf 85' lang='lat' dir='ltr'><strong>sed</strong></span> <span class='ocrx_word' id='word_1_9' title='bbox 963 431 1225 504; x_wconf 88' lang='lat' dir='ltr'><strong>quoniam</strong></span> <span class='ocrx_word' id='word_1_10' title='bbox 1278 444 1471 500; x_wconf 86' lang='lat' dir='ltr'><strong>parum</strong></span> <span class='ocrx_word' id='word_1_11' title='bbox 1512 435 1659 482; x_wconf 80' lang='lat' dir='ltr'><strong>recta</strong></span> <span class='ocrx_word' id='word_1_12' title='bbox 1686 425 1987 481; x_wconf 71' lang='lat' dir='ltr'><strong>intentione</strong></span> <span class='ocrx_word' id='word_1_13' title='bbox 2011 425 2146 479; x_wconf 84' lang='lat' dir='ltr'><strong>l‘ere-</strong></span> <span class='ocrx_word' id='word_1_14' title='bbox 2177 444 2216 496; x_wconf 69' lang='grc' dir='ltr'><strong>Α</strong></span> 
     </span>
    </p>
   </div>
   <div class='ocr_carea' id='block_1_3' title="bbox 2272 425 3824 510">
    <p class='ocr_par' dir='ltr' id='par_1_3' title="bbox 2272 429 3824 501">
     <span class='ocr_line' id='line_1_3' title="bbox 2272 429 3824 501; baseline 0.007 -22"><span class='ocrx_word' id='word_1_15' title='bbox 2272 429 2438 497; x_wconf 79' lang='grc' dir='ltr'>,πειδῆ</span> <span class='ocrx_word' id='word_1_16' title='bbox 2464 429 2566 481; x_wconf 81' lang='grc' dir='ltr'><strong>ούκ</strong></span> <span class='ocrx_word' id='word_1_17' title='bbox 2591 429 2702 482; x_wconf 84' lang='grc' dir='ltr'>ἀπὸ</span> <span class='ocrx_word' id='word_1_18' title='bbox 2731 429 2898 500; x_wconf 80' lang='grc' dir='ltr'>ὀρθῆς</span> <span class='ocrx_word' id='word_1_19' title='bbox 2934 431 3159 501; x_wconf 82' lang='grc' dir='ltr'><strong>γνώμης</strong></span> <span class='ocrx_word' id='word_1_20' title='bbox 3199 433 3228 484; x_wconf 77' lang='grc' dir='ltr'><strong>ὁ</strong></span> <span class='ocrx_word' id='word_1_21' title='bbox 3291 433 3512 499; x_wconf 73' lang='grc' dir='ltr'>σκοπὸς,</span> <span class='ocrx_word' id='word_1_22' title='bbox 3564 435 3689 489; x_wconf 69' lang='grc' dir='ltr'>οὐδὲ</span> <span class='ocrx_word' id='word_1_23' title='bbox 3739 439 3824 500; x_wconf 86' lang='grc' dir='ltr'><strong>εἰς</strong></span> 
     </span>
    </p>
   </div>
   <div class='ocr_carea' id='block_1_4' title="bbox 581 518 2216 596">
    <p class='ocr_par' dir='ltr' id='par_1_4' title="bbox 581 518 2143 592">
     <span class='ocr_line' id='line_1_4' title="bbox 581 518 2143 592; baseline -0.01 -6"><span class='ocrx_word' id='word_1_24' title='bbox 581 532 760 592; x_wconf 89' lang='lat' dir='ltr'><strong>batur,</strong></span> <span class='ocrx_word' id='word_1_25' title='bbox 812 527 880 582; x_wconf 91' lang='lat' dir='ltr'><strong>ad</strong></span> <span class='ocrx_word' id='word_1_26' title='bbox 921 527 1082 581; x_wconf 87' lang='lat' dir='ltr'><strong>linem</strong></span> <span class='ocrx_word' id='word_1_27' title='bbox 1125 537 1234 578; x_wconf 91' lang='lat' dir='ltr'><strong>non</strong></span> <span class='ocrx_word' id='word_1_28' title='bbox 1275 521 1530 592; x_wconf 77' lang='lat' dir='ltr'><strong>perduxit</strong></span> <span class='ocrx_word' id='word_1_29' title='bbox 1580 518 1724 588; x_wconf 88' lang='lat' dir='ltr'><strong>quod</strong></span> <span class='ocrx_word' id='word_1_30' title='bbox 1765 525 2143 586; x_wconf 75' lang='lat' dir='ltr'><strong>proposuerat.</strong></span> 
     </span>
    </p>
   </div>
   <div class='ocr_carea' id='block_1_5' title="bbox 2272 518 3822 596">
    <p class='ocr_par' dir='ltr' id='par_1_5' title="bbox 2272 518 3822 596">
     <span class='ocr_line' id='line_1_5' title="bbox 2272 518 3822 596; baseline 0.006 -25"><span class='ocrx_word' id='word_1_31' title='bbox 2272 519 2421 590; x_wconf 84' lang='grc' dir='ltr'>τέρας</span> <span class='ocrx_word' id='word_1_32' title='bbox 2442 518 2566 588; x_wconf 82' lang='grc' dir='ltr'>ἀγει</span> <span class='ocrx_word' id='word_1_33' title='bbox 2587 521 2687 590; x_wconf 86' lang='grc' dir='ltr'>τὴν</span> <span class='ocrx_word' id='word_1_34' title='bbox 2714 523 2992 593; x_wconf 75' lang='grc' dir='ltr'><strong>πρόθεσιν.</strong></span> <span class='ocrx_word' id='word_1_35' title='bbox 3045 524 3150 577; x_wconf 79' lang='grc' dir='ltr'><strong>Τὸν</strong></span> <span class='ocrx_word' id='word_1_36' title='bbox 3200 525 3300 594; x_wconf 81' lang='grc' dir='ltr'>μὲν</span> <span class='ocrx_word' id='word_1_37' title='bbox 3343 527 3472 596; x_wconf 81' lang='grc' dir='ltr'>γάρ,</span> <span class='ocrx_word' id='word_1_38' title='bbox 3535 527 3628 580; x_wconf 76' lang='grc' dir='ltr'>ἐπὶ</span> <span class='ocrx_word' id='word_1_39' title='bbox 3685 527 3822 580; x_wconf 79' lang='grc' dir='ltr'>πολὺ</span> 
     </span>
    </p>
   </div>
   <div class='ocr_carea' id='block_1_6' title="bbox 579 607 2216 688">
    <p class='ocr_par' dir='ltr' id='par_1_6' title="bbox 579 607 2148 688">
     <span class='ocr_line' id='line_1_6' title="bbox 579 607 2148 688; baseline -0.009 -14"><span class='ocrx_word' id='word_1_40' title='bbox 579 621 717 674; x_wconf 83' lang='lat' dir='ltr'><strong>Nam</strong></span> <span class='ocrx_word' id='word_1_41' title='bbox 777 619 956 688; x_wconf 88' lang='lat' dir='ltr'><strong>ipsum</strong></span> <span class='ocrx_word' id='word_1_42' title='bbox 996 614 1240 686; x_wconf 87' lang='lat' dir='ltr'><strong>quidem,</strong></span> <span class='ocrx_word' id='word_1_43' title='bbox 1281 609 1594 681; x_wconf 75' lang='lat' dir='ltr'><strong>arrogantia</strong></span> <span class='ocrx_word' id='word_1_44' title='bbox 1643 608 1945 673; x_wconf 88' lang='lat' dir='ltr'><strong>sublatum,</strong></span> <span class='ocrx_word' id='word_1_45' title='bbox 2005 607 2148 661; x_wconf 87' lang='lat' dir='ltr'><strong>haud</strong></span> 
     </span>
    </p>
   </div>
   <div class='ocr_carea' id='block_1_7' title="bbox 2272 607 3823 688">
    <p class='ocr_par' dir='ltr' id='par_1_7' title="bbox 2272 611 3823 688">
     <span class='ocr_line' id='line_1_7' title="bbox 2272 611 3823 688; baseline 0.006 -26"><span class='ocrx_word' id='word_1_46' title='bbox 2272 611 2687 682; x_wconf 80' lang='grc' dir='ltr'>ιετεωρισθέντα</span> <span class='ocrx_word' id='word_1_47' title='bbox 2741 615 2812 685; x_wconf 81' lang='grc' dir='ltr'><strong>τῇ</strong></span> <span class='ocrx_word' id='word_1_48' title='bbox 2869 614 3122 686; x_wconf 75' lang='grc' dir='ltr'><strong>ἀπονοίᾳ,</strong></span> <span class='ocrx_word' id='word_1_49' title='bbox 3165 617 3199 686; x_wconf 80' lang='grc' dir='ltr'><strong>ἡ</strong></span> <span class='ocrx_word' id='word_1_50' title='bbox 3241 617 3476 686; x_wconf 86' lang='grc' dir='ltr'>κραταιά</span> <span class='ocrx_word' id='word_1_51' title='bbox 3544 617 3670 688; x_wconf 83' lang='grc' dir='ltr'>χεὶρ</span> <span class='ocrx_word' id='word_1_52' title='bbox 3726 618 3823 672; x_wconf 75' lang='grc' dir='ltr'><strong>τοῦ</strong></span> 
     </span>
    </p>
   </div>
   <div class='ocr_carea' id='block_1_8' title="bbox 579 697 2216 780">
    <p class='ocr_par' dir='ltr' id='par_1_8' title="bbox 579 699 2150 778">
     <span class='ocr_line' id='line_1_8' title="bbox 579 699 2150 778; baseline -0.008 -14"><span class='ocrx_word' id='word_1_53' title='bbox 579 710 676 764; x_wconf 91' lang='lat' dir='ltr'><strong>diu</strong></span> <span class='ocrx_word' id='word_1_54' title='bbox 708 717 832 778; x_wconf 89' lang='lat' dir='ltr'><strong>post</strong></span> <span class='ocrx_word' id='word_1_55' title='bbox 851 707 1073 762; x_wconf 88' lang='lat' dir='ltr'><strong>robusta</strong></span> <span class='ocrx_word' id='word_1_56' title='bbox 1106 704 1200 760; x_wconf 85' lang='lat' dir='ltr'><strong>Dei</strong></span> <span class='ocrx_word' id='word_1_57' title='bbox 1242 699 1524 766; x_wconf 73' lang='lat' dir='ltr'><strong>manusad</strong></span> <span class='ocrx_word' id='word_1_58' title='bbox 1559 699 2031 771; x_wconf 82' lang='lat' dir='ltr'><strong>Scythasexpulit,</strong></span> <span class='ocrx_word' id='word_1_59' title='bbox 2069 706 2150 752; x_wconf 86' lang='lat' dir='ltr'><strong>at-</strong></span> 
     </span>
    </p>
   </div>
   <div class='ocr_carea' id='block_1_9' title="bbox 2272 697 3827 780">
    <p class='ocr_par' dir='ltr' id='par_1_9' title="bbox 2272 697 3827 780">
     <span class='ocr_line' id='line_1_9' title="bbox 2272 697 3827 780; baseline 0.005 -27"><span class='ocrx_word' id='word_1_60' title='bbox 2272 701 2384 754; x_wconf 70' lang='grc' dir='ltr'>)εοῦ</span> <span class='ocrx_word' id='word_1_61' title='bbox 2435 697 2515 765; x_wconf 82' lang='grc' dir='ltr'><strong>εἰς</strong></span> <span class='ocrx_word' id='word_1_62' title='bbox 2565 702 2778 768; x_wconf 81' lang='grc' dir='ltr'><strong>Σκύθας</strong></span> <span class='ocrx_word' id='word_1_63' title='bbox 2829 706 3186 770; x_wconf 84' lang='grc' dir='ltr'>ἐκτοπίσασα,</span> <span class='ocrx_word' id='word_1_64' title='bbox 3250 707 3428 760; x_wconf 76' lang='grc' dir='ltr'>ἐκεῖσε</span> <span class='ocrx_word' id='word_1_65' title='bbox 3485 710 3827 780; x_wconf 61' lang='grc' dir='ltr'><strong>πανστραετεδ⁶</strong></span> 
     </span>
    </p>
   </div>
   <div class='ocr_carea' id='block_1_10' title="bbox 579 788 2216 872">
    <p class='ocr_par' dir='ltr' id='par_1_10' title="bbox 579 788 2152 870">
     <span class='ocr_line' id='line_1_10' title="bbox 579 788 2152 870; baseline -0.006 -18"><span class='ocrx_word' id='word_1_66' title='bbox 579 815 690 870; x_wconf 89' lang='lat' dir='ltr'><strong>que</strong></span> <span class='ocrx_word' id='word_1_67' title='bbox 715 815 842 854; x_wconf 91' lang='lat' dir='ltr'><strong>cum</strong></span> <span class='ocrx_word' id='word_1_68' title='bbox 889 805 1004 852; x_wconf 89' lang='lat' dir='ltr'><strong>toto</strong></span> <span class='ocrx_word' id='word_1_69' title='bbox 1052 808 1155 853; x_wconf 90' lang='lat' dir='ltr'><strong>suo</strong></span> <span class='ocrx_word' id='word_1_70' title='bbox 1198 793 1438 849; x_wconf 81' lang='lat' dir='ltr'><strong>exercitu</strong></span> <span class='ocrx_word' id='word_1_71' title='bbox 1480 789 1716 861; x_wconf 88' lang='lat' dir='ltr'><strong>perdidit</strong></span> <span class='ocrx_word' id='word_1_72' title='bbox 1740 788 1890 860; x_wconf 72' lang='lat'><strong>(29;:</strong></span> <span class='ocrx_word' id='word_1_73' title='bbox 1921 789 2152 844; x_wconf 83' lang='lat' dir='ltr'><strong>horren-</strong></span> 
     </span>
    </p>
   </div>
   <div class='ocr_carea' id='block_1_11' title="bbox 2272 788 3825 872">
    <p class='ocr_par' dir='ltr' id='par_1_11' title="bbox 2272 792 3825 872">
     <span class='ocr_line' id='line_1_11' title="bbox 2272 792 3825 872; baseline 0.005 -27"><span class='ocrx_word' id='word_1_74' title='bbox 2272 792 2473 858; x_wconf 75' lang='grc' dir='ltr'>ῢλεσιν,</span> <span class='ocrx_word' id='word_1_75' title='bbox 2507 793 2753 865; x_wconf 77' lang='grc' dir='ltr'><strong>διήγημα</strong></span> <span class='ocrx_word' id='word_1_76' title='bbox 2780 796 3013 866; x_wconf 80' lang='grc' dir='ltr'>φοϐερὸν</span> <span class='ocrx_word' id='word_1_77' title='bbox 3057 799 3153 851; x_wconf 80' lang='grc' dir='ltr'>καὶ</span> <span class='ocrx_word' id='word_1_78' title='bbox 3183 797 3403 869; x_wconf 79' lang='grc' dir='ltr'><strong>λάλημα</strong></span> <span class='ocrx_word' id='word_1_79' title='bbox 3441 799 3673 872; x_wconf 78' lang='grc' dir='ltr'>φρικτὸν</span> <span class='ocrx_word' id='word_1_80' title='bbox 3703 803 3825 864; x_wconf 81' lang='grc' dir='ltr'>ταῖς</span> 
     </span>
    </p>
   </div>
   <div class='ocr_carea' id='block_1_12' title="bbox 581 880 2216 959">
    <p class='ocr_par' dir='ltr' id='par_1_12' title="bbox 581 880 2150 958">
     <span class='ocr_line' id='line_1_12' title="bbox 581 880 2150 958; baseline -0.009 -11"><span class='ocrx_word' id='word_1_81' title='bbox 581 891 713 947; x_wconf 89' lang='lat' dir='ltr'><strong>dum</strong></span> <span class='ocrx_word' id='word_1_82' title='bbox 730 887 1036 958; x_wconf 75' lang='lat' dir='ltr'><strong>exemplum</strong></span> <span class='ocrx_word' id='word_1_83' title='bbox 1055 893 1386 953; x_wconf 88' lang='lat' dir='ltr'><strong>narratuque</strong></span> <span class='ocrx_word' id='word_1_84' title='bbox 1418 881 1660 936; x_wconf 90' lang='lat' dir='ltr'><strong>terribile</strong></span> <span class='ocrx_word' id='word_1_85' title='bbox 1681 880 1954 938; x_wconf 83' lang='lat' dir='ltr'><strong>secuturis</strong></span> <span class='ocrx_word' id='word_1_86' title='bbox 1983 895 2150 951; x_wconf 86' lang='lat' dir='ltr'><strong>gene-</strong></span> 
     </span>
    </p>
   </div>
   <div class='ocr_carea' id='block_1_13' title="bbox 2272 880 3825 959">
    <p class='ocr_par' dir='ltr' id='par_1_13' title="bbox 2272 885 3825 959">
     <span class='ocr_line' id='line_1_13' title="bbox 2272 885 3825 959; baseline 0.005 -22"><span class='ocrx_word' id='word_1_87' title='bbox 2272 885 2552 938; x_wconf 78' lang='grc' dir='ltr'>ιετέπειτα</span> <span class='ocrx_word' id='word_1_88' title='bbox 2569 888 2785 953; x_wconf 78' lang='grc' dir='ltr'><strong>γενεαῖς</strong></span> <span class='ocrx_word' id='word_1_89' title='bbox 2820 888 3108 958; x_wconf 89' lang='grc' dir='ltr'>κριμάτων</span> <span class='ocrx_word' id='word_1_90' title='bbox 3150 890 3460 958; x_wconf 86' lang='grc' dir='ltr'>ἀνεφίκτων</span> <span class='ocrx_word' id='word_1_91' title='bbox 3479 891 3582 959; x_wconf 88' lang='grc' dir='ltr'><strong>τῆς</strong></span> <span class='ocrx_word' id='word_1_92' title='bbox 3626 891 3825 945; x_wconf 76' lang='grc' dir='ltr'>ἑαυτοῦ</span> 
     </span>
    </p>
   </div>
   <div class='ocr_carea' id='block_1_14' title="bbox 583 972 2216 1052">
    <p class='ocr_par' dir='ltr' id='par_1_14' title="bbox 583 972 2154 1042">
     <span class='ocr_line' id='line_1_14' title="bbox 583 972 2154 1042; baseline -0.008 -4"><span class='ocrx_word' id='word_1_93' title='bbox 583 982 889 1038; x_wconf 80' lang='lat' dir='ltr'><strong>rationibus</strong></span> <span class='ocrx_word' id='word_1_94' title='bbox 939 987 1186 1033; x_wconf 87' lang='lat' dir='ltr'><strong>statuens</strong></span> <span class='ocrx_word' id='word_1_95' title='bbox 1239 973 1634 1028; x_wconf 86' lang='lat' dir='ltr'><strong>inevitabilium</strong></span> <span class='ocrx_word' id='word_1_96' title='bbox 1665 972 2002 1042; x_wconf 68' lang='lat' dir='ltr'><strong>iudiciorum</strong></span> <span class='ocrx_word' id='word_1_97' title='bbox 2039 985 2154 1026; x_wconf 68' lang='lat' dir='ltr'><strong>sum</strong></span> 
     </span>
    </p>
   </div>
   <div class='ocr_carea' id='block_1_15' title="bbox 2272 972 3829 1052">
    <p class='ocr_par' dir='ltr' id='par_1_15' title="bbox 2272 976 3829 1052">
     <span class='ocr_line' id='line_1_15' title="bbox 2272 976 3829 1052; baseline 0.003 -24"><span class='ocrx_word' id='word_1_98' title='bbox 2272 976 2576 1046; x_wconf 74' lang='grc' dir='ltr'>ιοφωτάτης</span> <span class='ocrx_word' id='word_1_99' title='bbox 2591 977 2902 1046; x_wconf 77' lang='grc' dir='ltr'><strong>οἰκονομίας</strong></span> <span class='ocrx_word' id='word_1_100' title='bbox 2919 979 3382 1050; x_wconf 78' lang='grc' dir='ltr'>ἐγκαταλείψασαο</span> <span class='ocrx_word' id='word_1_101' title='bbox 3402 981 3493 1035; x_wconf 74' lang='grc' dir='ltr'>τὸν</span> <span class='ocrx_word' id='word_1_102' title='bbox 3510 981 3569 1035; x_wconf 72' lang='grc' dir='ltr'>δὲ</span> <span class='ocrx_word' id='word_1_103' title='bbox 3583 982 3683 1035; x_wconf 72' lang='grc' dir='ltr'>σὺν</span> <span class='ocrx_word' id='word_1_104' title='bbox 3696 982 3829 1052; x_wconf 74' lang='grc' dir='ltr'>ἡμῖν</span> 
     </span>
    </p>
   </div>
   <div class='ocr_carea' id='block_1_16' title="bbox 586 1062 2216 1143">
    <p class='ocr_par' dir='ltr' id='par_1_16' title="bbox 586 1062 2152 1143">
     <span class='ocr_line' id='line_1_16' title="bbox 586 1062 2152 1143; baseline -0.01 -13"><span class='ocrx_word' id='word_1_105' title='bbox 586 1069 1006 1143; x_wconf 65' lang='lat' dir='ltr'><strong>sapientissime</strong></span> <span class='ocrx_word' id='word_1_106' title='bbox 1073 1065 1448 1136; x_wconf 68' lang='lat' dir='ltr'><strong>providentim.</strong></span> <span class='ocrx_word' id='word_1_107' title='bbox 1507 1064 1774 1119; x_wconf 87' lang='lat' dir='ltr'><strong>Sanctum</strong></span> <span class='ocrx_word' id='word_1_108' title='bbox 1828 1076 1955 1116; x_wconf 91' lang='lat' dir='ltr'><strong>vero</strong></span> <span class='ocrx_word' id='word_1_109' title='bbox 2003 1062 2152 1131; x_wconf 84' lang='lat' dir='ltr'><strong>gregi</strong></span> 
     </span>
    </p>
   </div>
   <div class='ocr_carea' id='block_1_17' title="bbox 2272 1062 3829 1143">
    <p class='ocr_par' dir='ltr' id='par_1_17' title="bbox 2272 1066 3829 1142">
     <span class='ocr_line' id='line_1_17' title="bbox 2272 1066 3829 1142; baseline 0.006 -23"><span class='ocrx_word' id='word_1_110' title='bbox 2272 1066 2400 1138; x_wconf 65' lang='grc' dir='ltr'>ίοπὴ</span> <span class='ocrx_word' id='word_1_111' title='bbox 2435 1067 2544 1120; x_wconf 89' lang='grc' dir='ltr'><strong>τῶν</strong></span> <span class='ocrx_word' id='word_1_112' title='bbox 2581 1068 2882 1139; x_wconf 90' lang='grc' dir='ltr'>τηνικαῦτα</span> <span class='ocrx_word' id='word_1_113' title='bbox 2931 1070 3173 1135; x_wconf 82' lang='grc' dir='ltr'>εὐσεϐῶς</span> <span class='ocrx_word' id='word_1_114' title='bbox 3233 1073 3698 1142; x_wconf 76' lang='grc' dir='ltr'><strong>βασιλευσάντων,</strong></span> <span class='ocrx_word' id='word_1_115' title='bbox 3745 1077 3829 1138; x_wconf 87' lang='grc' dir='ltr'><strong>εἰς</strong></span> 
     </span>
    </p>
   </div>
   <div class='ocr_carea' id='block_1_18' title="bbox 585 1153 2216 1239">
    <p class='ocr_par' dir='ltr' id='par_1_18' title="bbox 585 1153 2152 1239">
     <span class='ocr_line' id='line_1_18' title="bbox 585 1153 2152 1239; baseline -0.01 -19"><span class='ocrx_word' id='word_1_116' title='bbox 585 1163 942 1239; x_wconf 26' lang='grc' dir='ltr'>ευολρτοριιίο</span> <span class='ocrx_word' id='word_1_117' title='bbox 977 1159 1274 1215; x_wconf 85' lang='lat' dir='ltr'><strong>restituens</strong></span> <span class='ocrx_word' id='word_1_118' title='bbox 1296 1167 1459 1212; x_wconf 88' lang='lat' dir='ltr'><strong>natus</strong></span> <span class='ocrx_word' id='word_1_119' title='bbox 1481 1156 1571 1227; x_wconf 90' lang='lat' dir='ltr'><strong>pie</strong></span> <span class='ocrx_word' id='word_1_120' title='bbox 1602 1165 1735 1210; x_wconf 92' lang='lat' dir='ltr'><strong>tunc</strong></span> <span class='ocrx_word' id='word_1_121' title='bbox 1765 1153 2152 1224; x_wconf 83' lang='lat' dir='ltr'><strong>imperantium</strong></span> 
     </span>
    </p>
   </div>
   <div class='ocr_carea' id='block_1_19' title="bbox 2272 1153 3828 1239">
    <p class='ocr_par' dir='ltr' id='par_1_19' title="bbox 2272 1157 3828 1237">
     <span class='ocr_line' id='line_1_19' title="bbox 2272 1157 3828 1237; baseline 0.007 -28"><span class='ocrx_word' id='word_1_122' title='bbox 2272 1157 2353 1228; x_wconf 72' lang='grc' dir='ltr'><strong>τὴν</strong></span> <span class='ocrx_word' id='word_1_123' title='bbox 2380 1158 2587 1213; x_wconf 81' lang='grc' dir='ltr'>οἰκείαν</span> <span class='ocrx_word' id='word_1_124' title='bbox 2610 1160 2772 1214; x_wconf 87' lang='grc' dir='ltr'>πάλιν</span> <span class='ocrx_word' id='word_1_125' title='bbox 2816 1163 3053 1234; x_wconf 89' lang='grc' dir='ltr'>ποίμνην</span> <span class='ocrx_word' id='word_1_126' title='bbox 3101 1165 3636 1236; x_wconf 86' lang='grc' dir='ltr'>ἀποκαταστήσασα,</span> <span class='ocrx_word' id='word_1_127' title='bbox 3695 1167 3828 1237; x_wconf 79' lang='grc' dir='ltr'>ὀμο-</span> 
     </span>
    </p>
   </div>
   <div class='ocr_carea' id='block_1_20' title="bbox 585 1246 2216 1322">
    <p class='ocr_par' dir='ltr' id='par_1_20' title="bbox 585 1246 1874 1322">
     <span class='ocr_line' id='line_1_20' title="bbox 585 1246 1874 1322; baseline -0.009 -10"><span class='ocrx_word' id='word_1_128' title='bbox 585 1271 710 1312; x_wconf 85' lang='lat' dir='ltr'><strong>cutn</strong></span> <span class='ocrx_word' id='word_1_129' title='bbox 741 1253 845 1309; x_wconf 88' lang='lat' dir='ltr'><strong>sibi</strong></span> <span class='ocrx_word' id='word_1_130' title='bbox 877 1266 976 1322; x_wconf 95' lang='lat' dir='ltr'><strong>pro</strong></span> <span class='ocrx_word' id='word_1_131' title='bbox 1015 1248 1348 1306; x_wconf 83' lang='lat' dir='ltr'><strong>Conlessore</strong></span> <span class='ocrx_word' id='word_1_132' title='bbox 1380 1247 1568 1304; x_wconf 88' lang='lat' dir='ltr'><strong>haberi</strong></span> <span class='ocrx_word' id='word_1_133' title='bbox 1604 1246 1874 1318; x_wconf 78' lang='lat' dir='ltr'><strong>probavit.</strong></span> 
     </span>
    </p>
   </div>
   <div class='ocr_carea' id='block_1_21' title="bbox 2272 1246 3276 1322">
    <p class='ocr_par' dir='ltr' id='par_1_21' title="bbox 2272 1249 3276 1322">
     <span class='ocr_line' id='line_1_21' title="bbox 2272 1249 3276 1322; baseline 0.008 -20"><span class='ocrx_word' id='word_1_134' title='bbox 2272 1249 2494 1320; x_wconf 70' lang='grc' dir='ltr'>ιογητὴν</span> <span class='ocrx_word' id='word_1_135' title='bbox 2527 1250 2738 1316; x_wconf 84' lang='grc' dir='ltr'>ἐαυτοίς</span> <span class='ocrx_word' id='word_1_136' title='bbox 2770 1251 2842 1322; x_wconf 84' lang='lat' dir='ltr'><strong>(k)</strong></span> <span class='ocrx_word' id='word_1_137' title='bbox 2875 1253 3276 1310; x_wconf 86' lang='grc' dir='ltr'>ἀναδείκνυσιν.</span> 
     </span>
    </p>
   </div>
   <div class='ocr_carea' id='block_1_22' title="bbox 653 1329 2216 1420">
    <p class='ocr_par' dir='ltr' id='par_1_22' title="bbox 653 1329 2158 1412">
     <span class='ocr_line' id='line_1_22' title="bbox 653 1329 2158 1412; baseline -0.006 -13"><span class='ocrx_word' id='word_1_138' title='bbox 653 1345 746 1399; x_wconf 71' lang='grc'><strong>40.</strong></span> <span class='ocrx_word' id='word_1_139' title='bbox 780 1343 894 1399; x_wconf 83' lang='lat' dir='ltr'><strong>Hoc</strong></span> <span class='ocrx_word' id='word_1_140' title='bbox 943 1351 1126 1397; x_wconf 90' lang='lat' dir='ltr'><strong>autem</strong></span> <span class='ocrx_word' id='word_1_141' title='bbox 1174 1338 1737 1412; x_wconf 75' lang='lat' dir='ltr'><strong>quomodo&#39;accidit?</strong></span> <span class='ocrx_word' id='word_1_142' title='bbox 1760 1353 1861 1394; x_wconf 91' lang='lat' dir='ltr'><strong>nec</strong></span> <span class='ocrx_word' id='word_1_143' title='bbox 1899 1337 2044 1393; x_wconf 90' lang='lat' dir='ltr'><strong>enim</strong></span> <span class='ocrx_word' id='word_1_144' title='bbox 2070 1329 2158 1391; x_wconf 81' lang='lat' dir='ltr'><strong>di-</strong></span> 
     </span>
    </p>
   </div>
   <div class='ocr_carea' id='block_1_23' title="bbox 2272 1329 3830 1420">
    <p class='ocr_par' dir='ltr' id='par_1_23' title="bbox 2331 1340 3830 1420">
     <span class='ocr_line' id='line_1_23' title="bbox 2331 1340 3830 1420; baseline 0.005 -24"><span class='ocrx_word' id='word_1_145' title='bbox 2331 1340 2404 1413; x_wconf 84' lang='grc' dir='ltr'><strong>μ’.</strong></span> <span class='ocrx_word' id='word_1_146' title='bbox 2432 1343 2545 1396; x_wconf 73' lang='grc' dir='ltr'><strong>Καὶ</strong></span> <span class='ocrx_word' id='word_1_147' title='bbox 2585 1341 2745 1396; x_wconf 89' lang='grc' dir='ltr'>τοῦτο</span> <span class='ocrx_word' id='word_1_148' title='bbox 2776 1344 2934 1412; x_wconf 88' lang='grc' dir='ltr'>πῶς;</span> <span class='ocrx_word' id='word_1_149' title='bbox 2981 1343 3104 1400; x_wconf 75' lang='grc' dir='ltr'>οὐδὲ</span> <span class='ocrx_word' id='word_1_150' title='bbox 3141 1346 3248 1418; x_wconf 93' lang='grc' dir='ltr'><strong>γάρ</strong></span> <span class='ocrx_word' id='word_1_151' title='bbox 3288 1347 3620 1420; x_wconf 83' lang='grc' dir='ltr'>παραλιπεῖν</span> <span class='ocrx_word' id='word_1_152' title='bbox 3651 1349 3830 1415; x_wconf 77' lang='grc' dir='ltr'>ἀξιον.</span> 
     </span>
    </p>
   </div>
   <div class='ocr_carea' id='block_1_24' title="bbox 585 1429 2216 1510">
    <p class='ocr_par' dir='ltr' id='par_1_24' title="bbox 585 1429 2157 1510">
     <span class='ocr_line' id='line_1_24' title="bbox 585 1429 2157 1510; baseline -0.007 -18"><span class='ocrx_word' id='word_1_153' title='bbox 585 1451 754 1510; x_wconf 89' lang='lat' dir='ltr'><strong>gnum</strong></span> <span class='ocrx_word' id='word_1_154' title='bbox 804 1443 888 1490; x_wconf 84' lang='lat' dir='ltr'><strong>est</strong></span> <span class='ocrx_word' id='word_1_155' title='bbox 928 1431 1196 1503; x_wconf 70' lang='lat' dir='ltr'><strong>praeteriri</strong></span> <span class='ocrx_word' id='word_1_156' title='bbox 1251 1432 1494 1488; x_wconf 89' lang='lat' dir='ltr'><strong>silentio.</strong></span> <span class='ocrx_word' id='word_1_157' title='bbox 1522 1432 1727 1487; x_wconf 87' lang='lat' dir='ltr'><strong>Eorum</strong></span> <span class='ocrx_word' id='word_1_158' title='bbox 1773 1444 1906 1485; x_wconf 90' lang='lat' dir='ltr'><strong>cura</strong></span> <span class='ocrx_word' id='word_1_159' title='bbox 1935 1429 2027 1500; x_wconf 89' lang='lat' dir='ltr'><strong>qui</strong></span> <span class='ocrx_word' id='word_1_160' title='bbox 2055 1442 2157 1482; x_wconf 86' lang='lat' dir='ltr'><strong>no-</strong></span> 
     </span>
    </p>
   </div>
   <div class='ocr_carea' id='block_1_25' title="bbox 2272 1429 3833 1510">
    <p class='ocr_par' dir='ltr' id='par_1_25' title="bbox 2272 1429 3833 1510">
     <span class='ocr_line' id='line_1_25' title="bbox 2272 1429 3833 1510; baseline 0.007 -27"><span class='ocrx_word' id='word_1_161' title='bbox 2272 1429 2502 1502; x_wconf 68' lang='lat' dir='ltr'><strong>Dpowfdt</strong></span> <span class='ocrx_word' id='word_1_162' title='bbox 2525 1431 2638 1487; x_wconf 90' lang='grc' dir='ltr'><strong>τῶν</strong></span> <span class='ocrx_word' id='word_1_163' title='bbox 2665 1433 3118 1506; x_wconf 86' lang='grc' dir='ltr'>ἐπισκηπτόντων</span> <span class='ocrx_word' id='word_1_164' title='bbox 3143 1435 3214 1490; x_wconf 81' lang='grc' dir='ltr'>τὰ</span> <span class='ocrx_word' id='word_1_165' title='bbox 3239 1437 3362 1492; x_wconf 85' lang='grc' dir='ltr'>καθ’</span> <span class='ocrx_word' id='word_1_166' title='bbox 3382 1439 3550 1510; x_wconf 79' lang='grc' dir='ltr'>ἡμᾶς,</span> <span class='ocrx_word' id='word_1_167' title='bbox 3567 1441 3833 1504; x_wconf 80' lang='grc' dir='ltr'>εὐνοϊκῶς</span> 
     </span>
    </p>
   </div>
   <div class='ocr_carea' id='block_1_26' title="bbox 587 1521 2216 1600">
    <p class='ocr_par' dir='ltr' id='par_1_26' title="bbox 587 1521 2156 1598">
     <span class='ocr_line' id='line_1_26' title="bbox 587 1521 2156 1598; baseline -0.008 -12"><span class='ocrx_word' id='word_1_168' title='bbox 587 1540 766 1588; x_wconf 84' lang='lat' dir='ltr'><strong>strum</strong></span> <span class='ocrx_word' id='word_1_169' title='bbox 792 1524 990 1598; x_wconf 91' lang='lat' dir='ltr'><strong>agendi</strong></span> <span class='ocrx_word' id='word_1_170' title='bbox 1013 1523 1262 1589; x_wconf 91' lang='lat' dir='ltr'><strong>modum,</strong></span> <span class='ocrx_word' id='word_1_171' title='bbox 1282 1522 1469 1578; x_wconf 89' lang='lat' dir='ltr'><strong>animo</strong></span> <span class='ocrx_word' id='word_1_172' title='bbox 1493 1522 1755 1578; x_wconf 91' lang='lat' dir='ltr'><strong>benevolo</strong></span> <span class='ocrx_word' id='word_1_173' title='bbox 1783 1521 1943 1577; x_wconf 93' lang='lat' dir='ltr'><strong>nobis</strong></span> <span class='ocrx_word' id='word_1_174' title='bbox 1957 1521 2156 1592; x_wconf 45' lang='lat' dir='ltr'><strong>quam;</strong></span> 
     </span>
    </p>
   </div>
   <div class='ocr_carea' id='block_1_27' title="bbox 2272 1521 3831 1600">
    <p class='ocr_par' dir='ltr' id='par_1_27' title="bbox 2272 1522 3831 1600">
     <span class='ocr_line' id='line_1_27' title="bbox 2272 1522 3831 1600; baseline 0.008 -26"><span class='ocrx_word' id='word_1_175' title='bbox 2272 1538 2319 1575; x_wconf 77' lang='grc' dir='ltr'><strong>τε</strong></span> <span class='ocrx_word' id='word_1_176' title='bbox 2359 1522 2392 1592; x_wconf 81' lang='grc' dir='ltr'>ἢ</span> <span class='ocrx_word' id='word_1_177' title='bbox 2428 1524 2522 1577; x_wconf 78' lang='grc' dir='ltr'>καὶ</span> <span class='ocrx_word' id='word_1_178' title='bbox 2549 1525 2863 1592; x_wconf 81' lang='grc' dir='ltr'><strong>ἀντιθέτως,</strong></span> <span class='ocrx_word' id='word_1_179' title='bbox 2897 1526 3041 1598; x_wconf 81' lang='grc' dir='ltr'>ῆρθη</span> <span class='ocrx_word' id='word_1_180' title='bbox 3082 1529 3147 1582; x_wconf 89' lang='grc' dir='ltr'><strong>ἐκ</strong></span> <span class='ocrx_word' id='word_1_181' title='bbox 3183 1529 3349 1600; x_wconf 81' lang='grc' dir='ltr'>μέσου</span> <span class='ocrx_word' id='word_1_182' title='bbox 3398 1529 3462 1584; x_wconf 80' lang='grc' dir='ltr'><strong>τὸ</strong></span> <span class='ocrx_word' id='word_1_183' title='bbox 3509 1531 3831 1600; x_wconf 81' lang='grc' dir='ltr'>σκάνδαλον,</span> 
     </span>
    </p>
   </div>
   <div class='ocr_carea' id='block_1_28' title="bbox 585 1609 2216 1694">
    <p class='ocr_par' dir='ltr' id='par_1_28' title="bbox 585 1611 2159 1685">
     <span class='ocr_line' id='line_1_28' title="bbox 585 1611 2159 1685; baseline -0.006 -11"><span class='ocrx_word' id='word_1_184' title='bbox 585 1621 672 1677; x_wconf 87' lang='lat' dir='ltr'><strong>vis</strong></span> <span class='ocrx_word' id='word_1_185' title='bbox 727 1616 1027 1683; x_wconf 89' lang='lat' dir='ltr'><strong>contrario,</strong></span> <span class='ocrx_word' id='word_1_186' title='bbox 1068 1614 1468 1685; x_wconf 89' lang='lat' dir='ltr'><strong>improbabant,</strong></span> <span class='ocrx_word' id='word_1_187' title='bbox 1523 1613 1801 1669; x_wconf 85' lang='lat' dir='ltr'><strong>sublatum</strong></span> <span class='ocrx_word' id='word_1_188' title='bbox 1827 1611 2159 1668; x_wconf 83' lang='lat' dir='ltr'><strong>estemedio</strong></span> 
     </span>
    </p>
   </div>
   <div class='ocr_carea' id='block_1_29' title="bbox 2272 1609 3834 1694">
    <p class='ocr_par' dir='ltr' id='par_1_29' title="bbox 2272 1609 3834 1694">
     <span class='ocr_line' id='line_1_29' title="bbox 2272 1609 3834 1694; baseline 0.007 -26"><span class='ocrx_word' id='word_1_189' title='bbox 2272 1614 2326 1668; x_wconf 73' lang='lat' dir='ltr'><strong>it’</strong></span> <span class='ocrx_word' id='word_1_190' title='bbox 2360 1609 2422 1668; x_wconf 76' lang='grc' dir='ltr'>οὖ</span> <span class='ocrx_word' id='word_1_191' title='bbox 2446 1617 2541 1670; x_wconf 80' lang='grc' dir='ltr'>καὶ</span> <span class='ocrx_word' id='word_1_192' title='bbox 2565 1617 2600 1688; x_wconf 86' lang='grc' dir='ltr'><strong>ή</strong></span> <span class='ocrx_word' id='word_1_193' title='bbox 2648 1617 2884 1689; x_wconf 85' lang='grc' dir='ltr'>διαφορά</span> <span class='ocrx_word' id='word_1_194' title='bbox 2926 1619 3065 1690; x_wconf 84' lang='grc' dir='ltr'>πρὸς</span> <span class='ocrx_word' id='word_1_195' title='bbox 3107 1620 3200 1674; x_wconf 83' lang='grc' dir='ltr'>τὸν</span> <span class='ocrx_word' id='word_1_196' title='bbox 3230 1622 3592 1694; x_wconf 84' lang='grc' dir='ltr'>ίεραρχοῦντα</span> <span class='ocrx_word' id='word_1_197' title='bbox 3621 1640 3636 1654; x_wconf 91' lang='grc'><strong>·</strong></span> <span class='ocrx_word' id='word_1_198' title='bbox 3669 1624 3834 1678; x_wconf 80' lang='grc' dir='ltr'>ἐδυσ-</span> 
     </span>
    </p>
   </div>
   <div class='ocr_carea' id='block_1_30' title="bbox 588 1702 2216 1786">
    <p class='ocr_par' dir='ltr' id='par_1_30' title="bbox 588 1702 2161 1780">
     <span class='ocr_line' id='line_1_30' title="bbox 588 1702 2161 1780; baseline -0.009 -8"><span class='ocrx_word' id='word_1_199' title='bbox 588 1713 934 1777; x_wconf 87' lang='lat' dir='ltr'><strong>scandalum,</strong></span> <span class='ocrx_word' id='word_1_200' title='bbox 972 1718 1194 1780; x_wconf 89' lang='lat' dir='ltr'><strong>propter</strong></span> <span class='ocrx_word' id='word_1_201' title='bbox 1243 1706 1394 1777; x_wconf 85' lang='lat' dir='ltr'><strong>quod</strong></span> <span class='ocrx_word' id='word_1_202' title='bbox 1425 1721 1455 1760; x_wconf 90' lang='lat' dir='ltr'><strong>a</strong></span> <span class='ocrx_word' id='word_1_203' title='bbox 1487 1704 1807 1760; x_wconf 85' lang='lat' dir='ltr'><strong>Patriarcba</strong></span> <span class='ocrx_word' id='word_1_204' title='bbox 1868 1702 2012 1760; x_wconf 76' lang='lat' dir='ltr'><strong>facta</strong></span> <span class='ocrx_word' id='word_1_205' title='bbox 2043 1712 2161 1758; x_wconf 89' lang='lat' dir='ltr'><strong>erat</strong></span> 
     </span>
    </p>
   </div>
   <div class='ocr_carea' id='block_1_31' title="bbox 2272 1702 3835 1786">
    <p class='ocr_par' dir='ltr' id='par_1_31' title="bbox 2272 1708 3835 1786">
     <span class='ocr_line' id='line_1_31' title="bbox 2272 1708 3835 1786; baseline 0.007 -25"><span class='ocrx_word' id='word_1_206' title='bbox 2272 1708 2491 1780; x_wconf 72' lang='grc' dir='ltr'>ὡπησαν</span> <span class='ocrx_word' id='word_1_207' title='bbox 2551 1711 2601 1764; x_wconf 91' lang='grc' dir='ltr'><strong>οἰ</strong></span> <span class='ocrx_word' id='word_1_208' title='bbox 2634 1711 2986 1782; x_wconf 79' lang='grc' dir='ltr'>κρατοῦντες,</span> <span class='ocrx_word' id='word_1_209' title='bbox 3037 1714 3418 1786; x_wconf 79' lang='grc' dir='ltr'>ἀπελογήσατο</span> <span class='ocrx_word' id='word_1_210' title='bbox 3444 1718 3474 1770; x_wconf 84' lang='grc' dir='ltr'>ὁ</span> <span class='ocrx_word' id='word_1_211' title='bbox 3523 1716 3835 1785; x_wconf 81' lang='grc' dir='ltr'>ἀγιώτατος</span> 
     </span>
    </p>
   </div>
   <div class='ocr_carea' id='block_1_32' title="bbox 587 1787 2216 1880">
    <p class='ocr_par' dir='ltr' id='par_1_32' title="bbox 587 1787 2216 1871">
     <span class='ocr_line' id='line_1_32' title="bbox 587 1787 2216 1871; baseline -0.012 -7"><span class='ocrx_word' id='word_1_212' title='bbox 587 1805 829 1864; x_wconf 57' lang='lat' dir='ltr'><strong>secessio</strong></span> <span class='ocrx_word' id='word_1_213' title='bbox 853 1821 870 1871; x_wconf 87' lang='lat'><strong>;</strong></span> <span class='ocrx_word' id='word_1_214' title='bbox 897 1803 1256 1858; x_wconf 79' lang='lat' dir='ltr'><strong>intercessere</strong></span> <span class='ocrx_word' id='word_1_215' title='bbox 1310 1805 1535 1853; x_wconf 88' lang='lat' dir='ltr'><strong>orantes</strong></span> <span class='ocrx_word' id='word_1_216' title='bbox 1573 1795 1854 1866; x_wconf 81' lang='lat' dir='ltr'><strong>Principes</strong></span> <span class='ocrx_word' id='word_1_217' title='bbox 1881 1813 1896 1862; x_wconf 90' lang='lat'><strong>;</strong></span> <span class='ocrx_word' id='word_1_218' title='bbox 1928 1793 2158 1850; x_wconf 87' lang='lat' dir='ltr'><strong>sanctis-</strong></span> <span class='ocrx_word' id='word_1_219' title='bbox 2188 1787 2216 1844; x_wconf 76' lang='grc' dir='ltr'><strong>Ε</strong></span> 
     </span>
    </p>
   </div>
   <div class='ocr_carea' id='block_1_33' title="bbox 2272 1787 3831 1880">
    <p class='ocr_par' dir='ltr' id='par_1_33' title="bbox 2272 1802 3831 1880">
     <span class='ocr_line' id='line_1_33' title="bbox 2272 1802 3831 1880; baseline 0.004 -26"><span class='ocrx_word' id='word_1_220' title='bbox 2272 1802 2606 1874; x_wconf 72' lang='grc' dir='ltr'>πατριάρχης</span> <span class='ocrx_word' id='word_1_221' title='bbox 2637 1804 2817 1859; x_wconf 89' lang='grc' dir='ltr'>πάντα</span> <span class='ocrx_word' id='word_1_222' title='bbox 2849 1804 2921 1859; x_wconf 90' lang='grc' dir='ltr'><strong>τά</strong></span> <span class='ocrx_word' id='word_1_223' title='bbox 2943 1807 3283 1878; x_wconf 81' lang='grc' dir='ltr'>γεγενημένα</span> <span class='ocrx_word' id='word_1_224' title='bbox 3312 1808 3372 1875; x_wconf 81' lang='grc' dir='ltr'>ἐξ</span> <span class='ocrx_word' id='word_1_225' title='bbox 3409 1809 3739 1873; x_wconf 86' lang='grc' dir='ltr'>ἐπιεικείαις</span> <span class='ocrx_word' id='word_1_226' title='bbox 3763 1810 3831 1880; x_wconf 85' lang='grc'><strong>(1)</strong></span> 
     </span>
    </p>
   </div>
   <div class='ocr_carea' id='block_1_34' title="bbox 590 1885 2216 1974">
    <p class='ocr_par' dir='ltr' id='par_1_34' title="bbox 590 1885 2156 1958">
     <span class='ocr_line' id='line_1_34' title="bbox 590 1885 2156 1958; baseline -0.009 -4"><span class='ocrx_word' id='word_1_227' title='bbox 590 1900 765 1955; x_wconf 91' lang='lat' dir='ltr'><strong>simus</strong></span> <span class='ocrx_word' id='word_1_228' title='bbox 791 1892 1107 1950; x_wconf 84' lang='lat' dir='ltr'><strong>Patriarcha</strong></span> <span class='ocrx_word' id='word_1_229' title='bbox 1133 1890 1440 1955; x_wconf 76' lang='lat' dir='ltr'><strong>excusavit,</strong></span> <span class='ocrx_word' id='word_1_230' title='bbox 1466 1887 1651 1944; x_wconf 86' lang='lat' dir='ltr'><strong>omnia</strong></span> <span class='ocrx_word' id='word_1_231' title='bbox 1687 1903 1755 1942; x_wconf 80' lang='lat' dir='ltr'><strong>ex</strong></span> <span class='ocrx_word' id='word_1_232' title='bbox 1773 1887 2008 1958; x_wconf 88' lang='lat' dir='ltr'><strong>quadam</strong></span> <span class='ocrx_word' id='word_1_233' title='bbox 2035 1885 2156 1956; x_wconf 89' lang='lat' dir='ltr'><strong>epi-</strong></span> 
     </span>
    </p>
   </div>
   <div class='ocr_carea' id='block_1_35' title="bbox 2272 1885 3832 1974">
    <p class='ocr_par' dir='ltr' id='par_1_35' title="bbox 2272 1887 3832 1974">
     <span class='ocr_line' id='line_1_35' title="bbox 2272 1887 3832 1974; baseline 0.007 -28"><span class='ocrx_word' id='word_1_234' title='bbox 2272 1887 2401 1946; x_wconf 75' lang='grc' dir='ltr'>εἶναι</span> <span class='ocrx_word' id='word_1_235' title='bbox 2449 1893 2544 1947; x_wconf 87' lang='grc' dir='ltr'><strong>τοῦ</strong></span> <span class='ocrx_word' id='word_1_236' title='bbox 2595 1893 3032 1964; x_wconf 85' lang='grc' dir='ltr'>βασιλεύσαντος.</span> <span class='ocrx_word' id='word_1_237' title='bbox 3076 1895 3392 1969; x_wconf 76' lang='grc' dir='ltr'>Τηνικαῦτα</span> <span class='ocrx_word' id='word_1_238' title='bbox 3447 1903 3482 1972; x_wconf 85' lang='grc' dir='ltr'><strong>ή</strong></span> <span class='ocrx_word' id='word_1_239' title='bbox 3553 1902 3832 1974; x_wconf 89' lang='grc' dir='ltr'>σύμϐασς,</span> 
     </span>
    </p>
   </div>
   <div class='ocr_carea' id='block_1_36' title="bbox 590 1976 2216 2064">
    <p class='ocr_par' dir='ltr' id='par_1_36' title="bbox 590 1976 2164 2058">
     <span class='ocr_line' id='line_1_36' title="bbox 590 1976 2164 2058; baseline -0.01 -12"><span class='ocrx_word' id='word_1_240' title='bbox 590 1989 679 2046; x_wconf 78' lang='lat' dir='ltr'><strong>kia</strong></span> <span class='ocrx_word' id='word_1_241' title='bbox 719 1995 938 2058; x_wconf 89' lang='lat' dir='ltr'><strong>propter</strong></span> <span class='ocrx_word' id='word_1_242' title='bbox 969 1983 1357 2054; x_wconf 86' lang='lat' dir='ltr'><strong>Imperatorem</strong></span> <span class='ocrx_word' id='word_1_243' title='bbox 1382 1979 1524 2036; x_wconf 79' lang='lat' dir='ltr'><strong>facta</strong></span> <span class='ocrx_word' id='word_1_244' title='bbox 1569 1977 1760 2034; x_wconf 78' lang='lat' dir='ltr'><strong>fuisse.</strong></span> <span class='ocrx_word' id='word_1_245' title='bbox 1795 1976 2032 2032; x_wconf 86' lang='lat' dir='ltr'><strong>Secutus</strong></span> <span class='ocrx_word' id='word_1_246' title='bbox 2076 1986 2164 2032; x_wconf 89' lang='lat' dir='ltr'><strong>est</strong></span> 
     </span>
    </p>
   </div>
   <div class='ocr_carea' id='block_1_37' title="bbox 2272 1976 3836 2064">
    <p class='ocr_par' dir='ltr' id='par_1_37' title="bbox 2272 1984 3836 2064">
     <span class='ocr_line' id='line_1_37' title="bbox 2272 1984 3836 2064; baseline 0.007 -29"><span class='ocrx_word' id='word_1_247' title='bbox 2272 1984 2357 2038; x_wconf 76' lang='grc' dir='ltr'>ιιαὶ</span> <span class='ocrx_word' id='word_1_248' title='bbox 2393 1985 2428 2053; x_wconf 81' lang='grc' dir='ltr'><strong>ἡ</strong></span> <span class='ocrx_word' id='word_1_249' title='bbox 2461 1984 2599 2056; x_wconf 80' lang='grc' dir='ltr'>πρὸς</span> <span class='ocrx_word' id='word_1_250' title='bbox 2629 1985 2792 2040; x_wconf 73' lang='grc' dir='ltr'>αὐτὸν</span> <span class='ocrx_word' id='word_1_251' title='bbox 2815 1986 3136 2056; x_wconf 84' lang='grc' dir='ltr'>ἀφοσίωσις,</span> <span class='ocrx_word' id='word_1_252' title='bbox 3177 1990 3260 2044; x_wconf 83' lang='grc' dir='ltr'>ὃτι</span> <span class='ocrx_word' id='word_1_253' title='bbox 3309 1991 3444 2062; x_wconf 77' lang='grc' dir='ltr'><strong>μηδέ</strong></span> <span class='ocrx_word' id='word_1_254' title='bbox 3509 1992 3666 2062; x_wconf 83' lang='grc' dir='ltr'>φίλον</span> <span class='ocrx_word' id='word_1_255' title='bbox 3712 1994 3836 2064; x_wconf 85' lang='grc' dir='ltr'>Θεῷ</span> 
     </span>
    </p>
   </div>
   <div class='ocr_carea' id='block_1_38' title="bbox 591 2067 2216 2152">
    <p class='ocr_par' dir='ltr' id='par_1_38' title="bbox 591 2067 2159 2149">
     <span class='ocr_line' id='line_1_38' title="bbox 591 2067 2159 2149; baseline -0.009 -15"><span class='ocrx_word' id='word_1_256' title='bbox 591 2092 927 2149; x_wconf 87' lang='lat' dir='ltr'><strong>congressus</strong></span> <span class='ocrx_word' id='word_1_257' title='bbox 977 2082 1032 2130; x_wconf 91' lang='lat' dir='ltr'><strong>et</strong></span> <span class='ocrx_word' id='word_1_258' title='bbox 1088 2070 1460 2129; x_wconf 85' lang='lat' dir='ltr'><strong>reconciliatio</strong></span> <span class='ocrx_word' id='word_1_259' title='bbox 1511 2085 1634 2123; x_wconf 89' lang='lat' dir='ltr'><strong>cum</strong></span> <span class='ocrx_word' id='word_1_260' title='bbox 1689 2069 1838 2124; x_wconf 90' lang='lat' dir='ltr'><strong>dicto</strong></span> <span class='ocrx_word' id='word_1_261' title='bbox 1882 2067 2159 2122; x_wconf 68' lang='lat' dir='ltr'><strong>Praesule:</strong></span> 
     </span>
    </p>
   </div>
   <div class='ocr_carea' id='block_1_39' title="bbox 2272 2067 3837 2152">
    <p class='ocr_par' dir='ltr' id='par_1_39' title="bbox 2272 2074 3837 2152">
     <span class='ocr_line' id='line_1_39' title="bbox 2272 2074 3837 2152; baseline 0.005 -24"><span class='ocrx_word' id='word_1_262' title='bbox 2272 2074 2390 2128; x_wconf 76' lang='grc' dir='ltr'>Ξλλο</span> <span class='ocrx_word' id='word_1_263' title='bbox 2420 2091 2473 2128; x_wconf 93' lang='grc' dir='ltr'><strong>τι</strong></span> <span class='ocrx_word' id='word_1_264' title='bbox 2500 2074 2576 2139; x_wconf 81' lang='grc' dir='ltr'><strong>ὡς</strong></span> <span class='ocrx_word' id='word_1_265' title='bbox 2599 2074 2658 2128; x_wconf 80' lang='grc' dir='ltr'>τὸ</span> <span class='ocrx_word' id='word_1_266' title='bbox 2680 2075 2778 2146; x_wconf 86' lang='grc' dir='ltr'><strong>τῆς</strong></span> <span class='ocrx_word' id='word_1_267' title='bbox 2808 2079 3034 2148; x_wconf 85' lang='grc' dir='ltr'>εἰρήνης</span> <span class='ocrx_word' id='word_1_268' title='bbox 3073 2079 3172 2132; x_wconf 72' lang='grc' dir='ltr'>καὶ</span> <span class='ocrx_word' id='word_1_269' title='bbox 3207 2082 3458 2152; x_wconf 78' lang='grc' dir='ltr'>ὁμονοίας</span> <span class='ocrx_word' id='word_1_270' title='bbox 3478 2083 3666 2149; x_wconf 80' lang='grc' dir='ltr'>καλὸν,</span> <span class='ocrx_word' id='word_1_271' title='bbox 3695 2086 3837 2138; x_wconf 67' lang='grc' dir='ltr'>ἐπὰν</span> 
     </span>
    </p>
   </div>
   <div class='ocr_carea' id='block_1_40' title="bbox 593 2159 2216 2248">
    <p class='ocr_par' dir='ltr' id='par_1_40' title="bbox 593 2159 2162 2238">
     <span class='ocr_line' id='line_1_40' title="bbox 593 2159 2162 2238; baseline -0.005 -16"><span class='ocrx_word' id='word_1_272' title='bbox 593 2171 722 2238; x_wconf 87' lang='lat' dir='ltr'><strong>quia</strong></span> <span class='ocrx_word' id='word_1_273' title='bbox 751 2167 861 2222; x_wconf 89' lang='lat' dir='ltr'><strong>Deo</strong></span> <span class='ocrx_word' id='word_1_274' title='bbox 892 2165 1029 2221; x_wconf 83' lang='lat' dir='ltr'><strong>nihil</strong></span> <span class='ocrx_word' id='word_1_275' title='bbox 1056 2173 1142 2220; x_wconf 88' lang='lat' dir='ltr'><strong>est</strong></span> <span class='ocrx_word' id='word_1_276' title='bbox 1165 2162 1386 2220; x_wconf 86' lang='lat' dir='ltr'><strong>charius</strong></span> <span class='ocrx_word' id='word_1_277' title='bbox 1407 2161 1553 2216; x_wconf 88' lang='lat' dir='ltr'><strong>bono</strong></span> <span class='ocrx_word' id='word_1_278' title='bbox 1583 2161 1733 2232; x_wconf 87' lang='lat' dir='ltr'><strong>pacis</strong></span> <span class='ocrx_word' id='word_1_279' title='bbox 1749 2170 1805 2216; x_wconf 89' lang='lat' dir='ltr'><strong>et</strong></span> <span class='ocrx_word' id='word_1_280' title='bbox 1832 2159 2162 2224; x_wconf 64' lang='lat' dir='ltr'><strong>concordia,</strong></span> 
     </span>
    </p>
   </div>
   <div class='ocr_carea' id='block_1_41' title="bbox 2272 2159 3836 2248">
    <p class='ocr_par' dir='ltr' id='par_1_41' title="bbox 2272 2165 3836 2248">
     <span class='ocr_line' id='line_1_41' title="bbox 2272 2165 3836 2248; baseline 0.009 -31"><span class='ocrx_word' id='word_1_281' title='bbox 2272 2167 2299 2237; x_wconf 70' lang='grc' dir='ltr'>ἡ</span> <span class='ocrx_word' id='word_1_282' title='bbox 2334 2165 2556 2235; x_wconf 83' lang='grc' dir='ltr'>ὁμόνοια</span> <span class='ocrx_word' id='word_1_283' title='bbox 2593 2167 2655 2221; x_wconf 84' lang='grc' dir='ltr'><strong>ού</strong></span> <span class='ocrx_word' id='word_1_284' title='bbox 2693 2167 2961 2238; x_wconf 84' lang='grc' dir='ltr'>διαφωνία</span> <span class='ocrx_word' id='word_1_285' title='bbox 2993 2171 3254 2236; x_wconf 84' lang='grc' dir='ltr'>πίστεως,</span> <span class='ocrx_word' id='word_1_286' title='bbox 3294 2174 3416 2228; x_wconf 80' lang='grc' dir='ltr'>οὐδὲ</span> <span class='ocrx_word' id='word_1_287' title='bbox 3443 2176 3668 2248; x_wconf 75' lang='grc' dir='ltr'>ἐντολῆς</span> <span class='ocrx_word' id='word_1_288' title='bbox 3696 2176 3836 2230; x_wconf 88' lang='grc' dir='ltr'>Θεοῦ</span> 
     </span>
    </p>
   </div>
   <div class='ocr_carea' id='block_1_42' title="bbox 592 2253 2216 2340">
    <p class='ocr_par' dir='ltr' id='par_1_42' title="bbox 592 2253 2158 2329">
     <span class='ocr_line' id='line_1_42' title="bbox 592 2253 2158 2329; baseline -0.005 -14"><span class='ocrx_word' id='word_1_289' title='bbox 592 2262 811 2329; x_wconf 87' lang='lat' dir='ltr'><strong>quando</strong></span> <span class='ocrx_word' id='word_1_290' title='bbox 841 2258 932 2313; x_wconf 86' lang='lat' dir='ltr'><strong>illa</strong></span> <span class='ocrx_word' id='word_1_291' title='bbox 957 2255 1252 2313; x_wconf 87' lang='lat' dir='ltr'><strong>concordia</strong></span> <span class='ocrx_word' id='word_1_292' title='bbox 1283 2269 1390 2310; x_wconf 91' lang='lat' dir='ltr'><strong>non</strong></span> <span class='ocrx_word' id='word_1_293' title='bbox 1428 2262 1514 2310; x_wconf 91' lang='lat' dir='ltr'><strong>est</strong></span> <span class='ocrx_word' id='word_1_294' title='bbox 1543 2254 1626 2310; x_wconf 89' lang='lat' dir='ltr'><strong>vel</strong></span> <span class='ocrx_word' id='word_1_295' title='bbox 1652 2253 1992 2309; x_wconf 87' lang='lat' dir='ltr'><strong>dissonantia</strong></span> <span class='ocrx_word' id='word_1_296' title='bbox 2017 2268 2048 2307; x_wconf 89' lang='lat' dir='ltr'><strong>a</strong></span> <span class='ocrx_word' id='word_1_297' title='bbox 2065 2267 2158 2307; x_wconf 87' lang='lat' dir='ltr'><strong>ve-</strong></span> 
     </span>
    </p>
   </div>
   <div class='ocr_carea' id='block_1_43' title="bbox 2272 2253 3838 2340">
    <p class='ocr_par' dir='ltr' id='par_1_43' title="bbox 2272 2257 3838 2340">
     <span class='ocr_line' id='line_1_43' title="bbox 2272 2257 3838 2340; baseline 0.009 -30"><span class='ocrx_word' id='word_1_298' title='bbox 2272 2257 2602 2330; x_wconf 87' lang='grc' dir='ltr'>παράϐασις,</span> <span class='ocrx_word' id='word_1_299' title='bbox 2627 2260 2739 2314; x_wconf 77' lang='grc' dir='ltr'>οὐδ’</span> <span class='ocrx_word' id='word_1_300' title='bbox 2771 2262 2836 2316; x_wconf 87' lang='grc' dir='ltr'>οὑ</span> <span class='ocrx_word' id='word_1_301' title='bbox 2888 2263 2996 2333; x_wconf 79' lang='grc' dir='ltr'>μὴν</span> <span class='ocrx_word' id='word_1_302' title='bbox 3010 2264 3232 2329; x_wconf 83' lang='grc' dir='ltr'>κανόνος</span> <span class='ocrx_word' id='word_1_303' title='bbox 3251 2265 3528 2339; x_wconf 79' lang='grc' dir='ltr'><strong>ἀθέτησις,</strong></span> <span class='ocrx_word' id='word_1_304' title='bbox 3547 2269 3625 2332; x_wconf 85' lang='grc' dir='ltr'>ὡς</span> <span class='ocrx_word' id='word_1_305' title='bbox 3640 2270 3674 2339; x_wconf 82' lang='grc' dir='ltr'>ἡ</span> <span class='ocrx_word' id='word_1_306' title='bbox 3691 2288 3838 2340; x_wconf 85' lang='grc' dir='ltr'>παρ-</span> 
     </span>
    </p>
   </div>
   <div class='ocr_carea' id='block_1_44' title="bbox 594 2344 2216 2431">
    <p class='ocr_par' dir='ltr' id='par_1_44' title="bbox 594 2344 2164 2416">
     <span class='ocr_line' id='line_1_44' title="bbox 594 2344 2164 2416; baseline -0.006 -9"><span class='ocrx_word' id='word_1_307' title='bbox 594 2368 654 2407; x_wconf 89' lang='lat' dir='ltr'><strong>ra</strong></span> <span class='ocrx_word' id='word_1_308' title='bbox 683 2351 808 2416; x_wconf 77' lang='lat' dir='ltr'><strong>title,</strong></span> <span class='ocrx_word' id='word_1_309' title='bbox 832 2350 917 2404; x_wconf 85' lang='lat' dir='ltr'><strong>vel</strong></span> <span class='ocrx_word' id='word_1_310' title='bbox 934 2347 1105 2404; x_wconf 87' lang='lat' dir='ltr'><strong>divini</strong></span> <span class='ocrx_word' id='word_1_311' title='bbox 1127 2345 1371 2404; x_wconf 85' lang='lat' dir='ltr'><strong>mandati</strong></span> <span class='ocrx_word' id='word_1_312' title='bbox 1403 2344 1794 2416; x_wconf 86' lang='lat' dir='ltr'><strong>transgressio,</strong></span> <span class='ocrx_word' id='word_1_313' title='bbox 1820 2344 2164 2414; x_wconf 85' lang='lat' dir='ltr'><strong>autdenique</strong></span> 
     </span>
    </p>
   </div>
   <div class='ocr_carea' id='block_1_45' title="bbox 2272 2344 3834 2431">
    <p class='ocr_par' dir='ltr' id='par_1_45' title="bbox 2272 2349 3834 2431">
     <span class='ocr_line' id='line_1_45' title="bbox 2272 2349 3834 2431; baseline 0.007 -27"><span class='ocrx_word' id='word_1_314' title='bbox 2272 2349 2403 2406; x_wconf 85' lang='grc' dir='ltr'>οῦσα</span> <span class='ocrx_word' id='word_1_315' title='bbox 2425 2351 2715 2418; x_wconf 84' lang='grc' dir='ltr'>δέδεικται,</span> <span class='ocrx_word' id='word_1_316' title='bbox 2739 2354 2862 2408; x_wconf 79' lang='grc' dir='ltr'>ὅσον</span> <span class='ocrx_word' id='word_1_317' title='bbox 2889 2356 2950 2408; x_wconf 87' lang='grc' dir='ltr'><strong>τὺ</strong></span> <span class='ocrx_word' id='word_1_318' title='bbox 2979 2356 3104 2410; x_wconf 77' lang='grc' dir='ltr'>καθ’</span> <span class='ocrx_word' id='word_1_319' title='bbox 3131 2359 3298 2428; x_wconf 69' lang='grc' dir='ltr'>ἡμᾶς,</span> <span class='ocrx_word' id='word_1_320' title='bbox 3327 2363 3442 2423; x_wconf 81' lang='grc' dir='ltr'>τοῖς</span> <span class='ocrx_word' id='word_1_321' title='bbox 3475 2359 3604 2414; x_wconf 88' lang='grc' dir='ltr'>νοῦν</span> <span class='ocrx_word' id='word_1_322' title='bbox 3625 2361 3834 2431; x_wconf 77' lang='grc' dir='ltr'>έχουσι,</span> 
     </span>
    </p>
   </div>
   <div class='ocr_carea' id='block_1_46' title="bbox 593 2436 2216 2522">
    <p class='ocr_par' dir='ltr' id='par_1_46' title="bbox 593 2436 2161 2510">
     <span class='ocr_line' id='line_1_46' title="bbox 593 2436 2161 2510; baseline -0.004 -13"><span class='ocrx_word' id='word_1_323' title='bbox 593 2443 824 2498; x_wconf 83' lang='lat' dir='ltr'><strong>canonis</strong></span> <span class='ocrx_word' id='word_1_324' title='bbox 849 2440 1085 2510; x_wconf 80' lang='lat' dir='ltr'><strong>alicujus</strong></span> <span class='ocrx_word' id='word_1_325' title='bbox 1131 2438 1418 2508; x_wconf 82' lang='lat' dir='ltr'><strong>abrOgatio</strong></span> <span class='ocrx_word' id='word_1_326' title='bbox 1445 2454 1460 2504; x_wconf 91' lang='lat'><strong>;</strong></span> <span class='ocrx_word' id='word_1_327' title='bbox 1490 2438 1706 2507; x_wconf 89' lang='lat' dir='ltr'><strong>qualem</strong></span> <span class='ocrx_word' id='word_1_328' title='bbox 1750 2436 1918 2502; x_wconf 88' lang='lat' dir='ltr'><strong>illam,</strong></span> <span class='ocrx_word' id='word_1_329' title='bbox 1958 2437 2025 2491; x_wconf 90' lang='lat' dir='ltr'><strong>de</strong></span> <span class='ocrx_word' id='word_1_330' title='bbox 2054 2450 2161 2506; x_wconf 91' lang='lat' dir='ltr'><strong>qua</strong></span> 
     </span>
    </p>
   </div>
   <div class='ocr_carea' id='block_1_47' title="bbox 2272 2436 3839 2522">
    <p class='ocr_par' dir='ltr' id='par_1_47' title="bbox 2272 2441 3839 2522">
     <span class='ocr_line' id='line_1_47' title="bbox 2272 2441 3839 2522; baseline 0.008 -29"><span class='ocrx_word' id='word_1_331' title='bbox 2272 2441 2336 2494; x_wconf 88' lang='grc' dir='ltr'><strong>τά</strong></span> <span class='ocrx_word' id='word_1_332' title='bbox 2371 2441 2460 2494; x_wconf 91' lang='grc' dir='ltr'><strong>διά</strong></span> <span class='ocrx_word' id='word_1_333' title='bbox 2518 2442 2688 2513; x_wconf 80' lang='grc' dir='ltr'>μέσου</span> <span class='ocrx_word' id='word_1_334' title='bbox 2740 2445 2954 2516; x_wconf 84' lang='grc' dir='ltr'>χαίρειν</span> <span class='ocrx_word' id='word_1_335' title='bbox 3001 2447 3286 2513; x_wconf 83' lang='grc' dir='ltr'>ἐάσαντας,</span> <span class='ocrx_word' id='word_1_336' title='bbox 3315 2449 3389 2514; x_wconf 83' lang='grc' dir='ltr'><strong>ὡς</strong></span> <span class='ocrx_word' id='word_1_337' title='bbox 3413 2451 3697 2522; x_wconf 72' lang='grc' dir='ltr'>ὁμότροπα</span> <span class='ocrx_word' id='word_1_338' title='bbox 3723 2456 3839 2516; x_wconf 85' lang='grc' dir='ltr'>τοῖς</span> 
     </span>
    </p>
   </div>
   <div class='ocr_carea' id='block_1_48' title="bbox 595 2528 2216 2612">
    <p class='ocr_par' dir='ltr' id='par_1_48' title="bbox 595 2528 2163 2602">
     <span class='ocr_line' id='line_1_48' title="bbox 595 2528 2163 2602; baseline -0.003 -14"><span class='ocrx_word' id='word_1_339' title='bbox 595 2549 741 2589; x_wconf 87' lang='lat' dir='ltr'><strong>nunc</strong></span> <span class='ocrx_word' id='word_1_340' title='bbox 794 2532 1032 2602; x_wconf 80' lang='lat' dir='ltr'><strong>agimus,</strong></span> <span class='ocrx_word' id='word_1_341' title='bbox 1091 2545 1198 2585; x_wconf 93' lang='lat' dir='ltr'><strong>non</strong></span> <span class='ocrx_word' id='word_1_342' title='bbox 1253 2528 1447 2594; x_wconf 77' lang='lat' dir='ltr'><strong>fuisse,</strong></span> <span class='ocrx_word' id='word_1_343' title='bbox 1477 2538 1744 2598; x_wconf 88' lang='lat' dir='ltr'><strong>quantum</strong></span> <span class='ocrx_word' id='word_1_344' title='bbox 1801 2528 2024 2598; x_wconf 91' lang='lat' dir='ltr'><strong>quidem</strong></span> <span class='ocrx_word' id='word_1_345' title='bbox 2061 2541 2163 2584; x_wconf 88' lang='lat' dir='ltr'><strong>nos</strong></span> 
     </span>
    </p>
   </div>
   <div class='ocr_carea' id='block_1_49' title="bbox 2272 2528 3845 2612">
    <p class='ocr_par' dir='ltr' id='par_1_49' title="bbox 2272 2528 3845 2612">
     <span class='ocr_line' id='line_1_49' title="bbox 2272 2528 3845 2612; baseline 0.01 -30"><span class='ocrx_word' id='word_1_346' title='bbox 2272 2528 2440 2584; x_wconf 87' lang='grc' dir='ltr'>πάλαι</span> <span class='ocrx_word' id='word_1_347' title='bbox 2468 2531 2564 2584; x_wconf 75' lang='grc' dir='ltr'>ἐπὶ</span> <span class='ocrx_word' id='word_1_348' title='bbox 2585 2533 2696 2585; x_wconf 88' lang='grc' dir='ltr'><strong>τῶν</strong></span> <span class='ocrx_word' id='word_1_349' title='bbox 2719 2534 2996 2607; x_wconf 84' lang='grc' dir='ltr'>θεοφόρων</span> <span class='ocrx_word' id='word_1_350' title='bbox 3029 2537 3286 2609; x_wconf 85' lang='grc' dir='ltr'>Πατέρων</span> <span class='ocrx_word' id='word_1_351' title='bbox 3315 2541 3716 2612; x_wconf 86' lang='grc' dir='ltr'>συμϐεϐηκόσι,</span> <span class='ocrx_word' id='word_1_352' title='bbox 3744 2544 3845 2597; x_wconf 77' lang='grc' dir='ltr'>καὶ</span> 
     </span>
    </p>
   </div>
   <div class='ocr_carea' id='block_1_50' title="bbox 593 2617 2216 2705">
    <p class='ocr_par' dir='ltr' id='par_1_50' title="bbox 593 2617 2163 2690">
     <span class='ocr_line' id='line_1_50' title="bbox 593 2617 2163 2690; baseline -0.004 -12"><span class='ocrx_word' id='word_1_353' title='bbox 593 2621 806 2687; x_wconf 84' lang='lat' dir='ltr'><strong>attinet,</strong></span> <span class='ocrx_word' id='word_1_354' title='bbox 835 2628 980 2690; x_wconf 86' lang='lat' dir='ltr'><strong>patet</strong></span> <span class='ocrx_word' id='word_1_355' title='bbox 1011 2633 1203 2675; x_wconf 89' lang='lat' dir='ltr'><strong>sanam</strong></span> <span class='ocrx_word' id='word_1_356' title='bbox 1246 2628 1483 2674; x_wconf 88' lang='lat' dir='ltr'><strong>mentem</strong></span> <span class='ocrx_word' id='word_1_357' title='bbox 1533 2617 1855 2674; x_wconf 83' lang='lat' dir='ltr'><strong>habentibus</strong></span> <span class='ocrx_word' id='word_1_358' title='bbox 1888 2635 1902 2672; x_wconf 90' lang='lat'>:</span> <span class='ocrx_word' id='word_1_359' title='bbox 1937 2632 2059 2672; x_wconf 89' lang='lat' dir='ltr'><strong>cum</strong></span> <span class='ocrx_word' id='word_1_360' title='bbox 2097 2632 2163 2672; x_wconf 89' lang='lat' dir='ltr'><strong>ea</strong></span> 
     </span>
    </p>
   </div>
   <div class='ocr_carea' id='block_1_51' title="bbox 2272 2617 3842 2705">
    <p class='ocr_par' dir='ltr' id='par_1_51' title="bbox 2272 2620 3842 2705">
     <span class='ocr_line' id='line_1_51' title="bbox 2272 2620 3842 2705; baseline 0.01 -31"><span class='ocrx_word' id='word_1_361' title='bbox 2272 2620 2532 2686; x_wconf 80' lang='grc' dir='ltr'>ὡσαύτως</span> <span class='ocrx_word' id='word_1_362' title='bbox 2558 2625 2919 2697; x_wconf 74' lang='grc' dir='ltr'>οἰκονομικῶς</span> <span class='ocrx_word' id='word_1_363' title='bbox 2949 2632 3412 2702; x_wconf 80' lang='grc' dir='ltr'>παρεωραθὲίσιν,</span> <span class='ocrx_word' id='word_1_364' title='bbox 3449 2635 3655 2705; x_wconf 70' lang='grc' dir='ltr'>μᾶλλον</span> <span class='ocrx_word' id='word_1_365' title='bbox 3674 2637 3734 2690; x_wconf 79' lang='grc' dir='ltr'>δὲ</span> <span class='ocrx_word' id='word_1_366' title='bbox 3762 2637 3842 2699; x_wconf 80' lang='grc' dir='ltr'>ὡς</span> 
     </span>
    </p>
   </div>
   <div class='ocr_carea' id='block_1_52' title="bbox 591 2710 2216 2799">
    <p class='ocr_par' dir='ltr' id='par_1_52' title="bbox 591 2710 2163 2786">
     <span class='ocr_line' id='line_1_52' title="bbox 591 2710 2163 2786; baseline -0.003 -18"><span class='ocrx_word' id='word_1_367' title='bbox 591 2731 716 2786; x_wconf 74' lang='lat' dir='ltr'><strong>qua:</strong></span> <span class='ocrx_word' id='word_1_368' title='bbox 749 2713 968 2769; x_wconf 87' lang='lat' dir='ltr'><strong>interitu</strong></span> <span class='ocrx_word' id='word_1_369' title='bbox 995 2721 1147 2784; x_wconf 83' lang='lat' dir='ltr'><strong>gesta</strong></span> <span class='ocrx_word' id='word_1_370' title='bbox 1177 2719 1334 2767; x_wconf 90' lang='lat' dir='ltr'><strong>erant</strong></span> <span class='ocrx_word' id='word_1_371' title='bbox 1361 2711 1759 2775; x_wconf 83' lang='lat' dir='ltr'><strong>dimiserimus,</strong></span> <span class='ocrx_word' id='word_1_372' title='bbox 1793 2720 2052 2779; x_wconf 86' lang='lat' dir='ltr'><strong>tanquam</strong></span> <span class='ocrx_word' id='word_1_373' title='bbox 2088 2710 2163 2765; x_wconf 86' lang='lat' dir='ltr'><strong>si-</strong></span> 
     </span>
    </p>
   </div>
   <div class='ocr_carea' id='block_1_53' title="bbox 2272 2710 3842 2799">
    <p class='ocr_par' dir='ltr' id='par_1_53' title="bbox 2272 2712 3842 2799">
     <span class='ocr_line' id='line_1_53' title="bbox 2272 2712 3842 2799; baseline 0.011 -34"><span class='ocrx_word' id='word_1_374' title='bbox 2272 2712 2367 2783; x_wconf 87' lang='grc' dir='ltr'><strong>τῆς</strong></span> <span class='ocrx_word' id='word_1_375' title='bbox 2418 2713 2626 2768; x_wconf 88' lang='grc' dir='ltr'>τούτων</span> <span class='ocrx_word' id='word_1_376' title='bbox 2679 2717 2946 2788; x_wconf 89' lang='grc' dir='ltr'>ἀκριϐοῦς</span> <span class='ocrx_word' id='word_1_377' title='bbox 3003 2722 3304 2790; x_wconf 70' lang='grc' dir='ltr'>ἐξετάσεως</span> <span class='ocrx_word' id='word_1_378' title='bbox 3351 2728 3408 2778; x_wconf 89' lang='grc' dir='ltr'><strong>ἐν</strong></span> <span class='ocrx_word' id='word_1_379' title='bbox 3453 2726 3533 2798; x_wconf 85' lang='grc' dir='ltr'><strong>τῷ</strong></span> <span class='ocrx_word' id='word_1_380' title='bbox 3585 2729 3842 2799; x_wconf 85' lang='grc' dir='ltr'>μέλλοντι</span> 
     </span>
    </p>
   </div>
   <div class='ocr_carea' id='block_1_54' title="bbox 593 2801 2216 2886">
    <p class='ocr_par' dir='ltr' id='par_1_54' title="bbox 593 2801 2159 2876">
     <span class='ocr_line' id='line_1_54' title="bbox 593 2801 2159 2876; baseline -0.003 -16"><span class='ocrx_word' id='word_1_381' title='bbox 593 2807 745 2860; x_wconf 87' lang='lat' dir='ltr'><strong>milia</strong></span> <span class='ocrx_word' id='word_1_382' title='bbox 795 2806 862 2860; x_wconf 89' lang='lat' dir='ltr'><strong>iis</strong></span> <span class='ocrx_word' id='word_1_383' title='bbox 901 2819 1025 2876; x_wconf 66' lang='lat' dir='ltr'><strong>qua:</strong></span> <span class='ocrx_word' id='word_1_384' title='bbox 1066 2804 1198 2858; x_wconf 92' lang='lat' dir='ltr'><strong>olim</strong></span> <span class='ocrx_word' id='word_1_385' title='bbox 1243 2803 1348 2859; x_wconf 86' lang='lat' dir='ltr'><strong>sub</strong></span> <span class='ocrx_word' id='word_1_386' title='bbox 1381 2801 1581 2856; x_wconf 87' lang='lat' dir='ltr'><strong>divinis</strong></span> <span class='ocrx_word' id='word_1_387' title='bbox 1615 2802 1869 2857; x_wconf 86' lang='lat' dir='ltr'><strong>Patribus</strong></span> <span class='ocrx_word' id='word_1_388' title='bbox 1890 2801 2159 2867; x_wconf 89' lang='lat' dir='ltr'><strong>accidere,</strong></span> 
     </span>
    </p>
   </div>
   <div class='ocr_carea' id='block_1_55' title="bbox 2272 2801 3482 2886">
    <p class='ocr_par' dir='ltr' id='par_1_55' title="bbox 2272 2802 3482 2886">
     <span class='ocr_line' id='line_1_55' title="bbox 2272 2802 3482 2886; baseline 0.013 -32"><span class='ocrx_word' id='word_1_389' title='bbox 2272 2802 2425 2856; x_wconf 80' lang='grc' dir='ltr'>αίῶνι</span> <span class='ocrx_word' id='word_1_390' title='bbox 2453 2803 2532 2874; x_wconf 83' lang='grc' dir='ltr'>τῷ</span> <span class='ocrx_word' id='word_1_391' title='bbox 2551 2804 2835 2879; x_wconf 82' lang='grc' dir='ltr'>ἀδεκάστῳ</span> <span class='ocrx_word' id='word_1_392' title='bbox 2854 2813 3016 2883; x_wconf 69' lang='grc' dir='ltr'>κριτῇ</span> <span class='ocrx_word' id='word_1_393' title='bbox 3047 2817 3482 2886; x_wconf 86' lang='grc' dir='ltr'>ταμιευομένοις.</span> 
     </span>
    </p>
   </div>
   <div class='ocr_carea' id='block_1_56' title="bbox 595 2889 3844 2979">
    <p class='ocr_par' dir='ltr' id='par_1_56' title="bbox 595 2889 3844 2979">
     <span class='ocr_line' id='line_1_56' title="bbox 595 2889 3844 2979; baseline 0.003 -27"><span class='ocrx_word' id='word_1_394' title='bbox 595 2906 651 2952; x_wconf 90' lang='lat' dir='ltr'><strong>et</strong></span> <span class='ocrx_word' id='word_1_395' title='bbox 676 2894 934 2952; x_wconf 90' lang='lat' dir='ltr'><strong>similiter</strong></span> <span class='ocrx_word' id='word_1_396' title='bbox 962 2908 1058 2964; x_wconf 91' lang='lat' dir='ltr'><strong>per</strong></span> <span class='ocrx_word' id='word_1_397' title='bbox 1089 2892 1328 2964; x_wconf 81' lang='lat' dir='ltr'><strong>epikiam</strong></span> <span class='ocrx_word' id='word_1_398' title='bbox 1357 2889 1509 2948; x_wconf 84' lang='lat' dir='ltr'><strong>luere</strong></span> <span class='ocrx_word' id='word_1_399' title='bbox 1528 2891 1913 2959; x_wconf 88' lang='lat' dir='ltr'><strong>dissimulata;</strong></span> <span class='ocrx_word' id='word_1_400' title='bbox 1975 2902 2070 2948; x_wconf 89' lang='lat' dir='ltr'><strong>aut</strong></span> <span class='ocrx_word' id='word_1_401' title='bbox 2112 2889 2294 2961; x_wconf 89' lang='lat' dir='ltr'><strong>potius</strong></span> <span class='ocrx_word' id='word_1_402' title='bbox 2351 2892 2496 2948; x_wconf 87' lang='lat' dir='ltr'><strong>velut</strong></span> <span class='ocrx_word' id='word_1_403' title='bbox 2557 2909 2792 2966; x_wconf 90' lang='lat' dir='ltr'><strong>quorum</strong></span> <span class='ocrx_word' id='word_1_404' title='bbox 2838 2901 3150 2958; x_wconf 86' lang='lat' dir='ltr'><strong>accuratior</strong></span> <span class='ocrx_word' id='word_1_405' title='bbox 3190 2903 3461 2962; x_wconf 88' lang='lat' dir='ltr'><strong>discussio</strong></span> <span class='ocrx_word' id='word_1_406' title='bbox 3518 2907 3844 2979; x_wconf 90' lang='lat' dir='ltr'><strong>incorrupto</strong></span> 
     </span>
    </p>
   </div>
   <div class='ocr_carea' id='block_1_57' title="bbox 590 2987 1768 3062">
    <p class='ocr_par' dir='ltr' id='par_1_57' title="bbox 590 2987 1768 3062">
     <span class='ocr_line' id='line_1_57' title="bbox 590 2987 1768 3062; baseline -0.004 -18"><span class='ocrx_word' id='word_1_407' title='bbox 590 2989 760 3062; x_wconf 87' lang='lat' dir='ltr'><strong>judici</strong></span> <span class='ocrx_word' id='word_1_408' title='bbox 790 2995 1101 3044; x_wconf 86' lang='lat' dir='ltr'><strong>reservetur</strong></span> <span class='ocrx_word' id='word_1_409' title='bbox 1126 2987 1180 3042; x_wconf 90' lang='lat' dir='ltr'><strong>in</strong></span> <span class='ocrx_word' id='word_1_410' title='bbox 1212 2987 1474 3043; x_wconf 68' lang='lat' dir='ltr'><strong>saeculum</strong></span> <span class='ocrx_word' id='word_1_411' title='bbox 1500 2987 1768 3041; x_wconf 85' lang='lat' dir='ltr'><strong>luturum.</strong></span> 
     </span>
    </p>
   </div>
   <div class='ocr_carea' id='block_1_58' title="bbox 1176 3143 2216 3204">
    <p class='ocr_par' dir='ltr' id='par_1_58' title="bbox 1176 3143 1566 3202">
     <span class='ocr_line' id='line_1_58' title="bbox 1176 3143 1566 3202; baseline 0 -2"><span class='ocrx_word' id='word_1_412' title='bbox 1176 3143 1404 3202; x_wconf 80' lang='lat' dir='ltr'><strong>CAPUT</strong></span> <span class='ocrx_word' id='word_1_413' title='bbox 1454 3143 1566 3200; x_wconf 80' lang='lat' dir='ltr'><strong>Vll.</strong></span> 
     </span>
    </p>
   </div>
   <div class='ocr_carea' id='block_1_59' title="bbox 2272 3143 3228 3204">
    <p class='ocr_par' dir='ltr' id='par_1_59' title="bbox 2853 3149 3228 3204">
     <span class='ocr_line' id='line_1_59' title="bbox 2853 3149 3228 3204; baseline 0.005 -2"><span class='ocrx_word' id='word_1_414' title='bbox 2853 3149 3102 3204; x_wconf 71' lang='grc' dir='ltr'><strong>ΚΕΦΑΛ.</strong></span> <span class='ocrx_word' id='word_1_415' title='bbox 3155 3153 3228 3204; x_wconf 88' lang='lat' dir='ltr'><strong>Z&#39;.</strong></span> 
     </span>
    </p>
   </div>
   <div class='ocr_carea' id='block_1_60' title="bbox 1403 3257 3048 3332">
    <p class='ocr_par' dir='ltr' id='par_1_60' title="bbox 1403 3257 3048 3332">
     <span class='ocr_line' id='line_1_60' title="bbox 1403 3257 3048 3332; baseline 0.004 -22"><span class='ocrx_word' id='word_1_416' title='bbox 1403 3257 1684 3314; x_wconf 76' lang='lat' dir='ltr'><strong>Extremus</strong></span> <span class='ocrx_word' id='word_1_417' title='bbox 1749 3261 1921 3316; x_wconf 75' lang='lat' dir='ltr'><strong>sancti</strong></span> <span class='ocrx_word' id='word_1_418' title='bbox 1971 3260 2214 3316; x_wconf 75' lang='lat' dir='ltr'><strong>Platonis</strong></span> <span class='ocrx_word' id='word_1_419' title='bbox 2275 3259 2518 3328; x_wconf 79' lang='lat' dir='ltr'><strong>morbus,</strong></span> <span class='ocrx_word' id='word_1_420' title='bbox 2558 3268 2606 3314; x_wconf 83' lang='lat' dir='ltr'><strong>et</strong></span> <span class='ocrx_word' id='word_1_421' title='bbox 2663 3261 2782 3332; x_wconf 73' lang='lat' dir='ltr'><strong>pius</strong></span> <span class='ocrx_word' id='word_1_422' title='bbox 2853 3260 3048 3317; x_wconf 75' lang='lat' dir='ltr'><strong>obitus.</strong></span> 
     </span>
    </p>
   </div>
   <div class='ocr_carea' id='block_1_61' title="bbox 665 3383 2216 3480">
    <p class='ocr_par' dir='ltr' id='par_1_61' title="bbox 665 3383 2216 3469">
     <span class='ocr_line' id='line_1_61' title="bbox 665 3383 2216 3469; baseline 0 -13"><span class='ocrx_word' id='word_1_423' title='bbox 665 3402 752 3456; x_wconf 71' lang='lat' dir='ltr'><strong>4t.</strong></span> <span class='ocrx_word' id='word_1_424' title='bbox 787 3401 919 3456; x_wconf 89' lang='lat' dir='ltr'><strong>Post</strong></span> <span class='ocrx_word' id='word_1_425' title='bbox 947 3398 1065 3454; x_wconf 71' lang='lat' dir='ltr'><strong>ltaac</strong></span> <span class='ocrx_word' id='word_1_426' title='bbox 1101 3413 1205 3453; x_wconf 90' lang='lat' dir='ltr'><strong>non</strong></span> <span class='ocrx_word' id='word_1_427' title='bbox 1246 3398 1481 3469; x_wconf 87' lang='lat' dir='ltr'><strong>amplius</strong></span> <span class='ocrx_word' id='word_1_428' title='bbox 1521 3400 1770 3456; x_wconf 90' lang='lat' dir='ltr'><strong>inclusus</strong></span> <span class='ocrx_word' id='word_1_429' title='bbox 1816 3399 1951 3456; x_wconf 81' lang='lat' dir='ltr'><strong>vixit</strong></span> <span class='ocrx_word' id='word_1_430' title='bbox 1987 3383 2216 3464; x_wconf 76' lang='lat' dir='ltr'><strong>Pater,(</strong></span> 
     </span>
    </p>
   </div>
   <div class='ocr_carea' id='block_1_62' title="bbox 2272 3383 3844 3480">
    <p class='ocr_par' dir='ltr' id='par_1_62' title="bbox 2343 3399 3844 3480">
     <span class='ocr_line' id='line_1_62' title="bbox 2343 3399 3844 3480; baseline 0.007 -28"><span class='ocrx_word' id='word_1_431' title='bbox 2343 3399 2536 3470; x_wconf 87' lang='grc' dir='ltr'>μα’.Τί</span> <span class='ocrx_word' id='word_1_432' title='bbox 2564 3400 2630 3454; x_wconf 88' lang='grc' dir='ltr'>τὰ</span> <span class='ocrx_word' id='word_1_433' title='bbox 2652 3399 2790 3470; x_wconf 89' lang='grc' dir='ltr'><strong>μετά</strong></span> <span class='ocrx_word' id='word_1_434' title='bbox 2808 3399 3012 3467; x_wconf 87' lang='grc' dir='ltr'>ταῦτα;</span> <span class='ocrx_word' id='word_1_435' title='bbox 3053 3403 3252 3458; x_wconf 81' lang='grc' dir='ltr'>Οὐκέτι</span> <span class='ocrx_word' id='word_1_436' title='bbox 3277 3406 3306 3459; x_wconf 83' lang='grc' dir='ltr'><strong>ό</strong></span> <span class='ocrx_word' id='word_1_437' title='bbox 3336 3406 3528 3480; x_wconf 78' lang='grc' dir='ltr'>Πατὴρ</span> <span class='ocrx_word' id='word_1_438' title='bbox 3557 3409 3844 3478; x_wconf 62' lang='grc' dir='ltr'>ἐγκεκλει-</span> 
     </span>
    </p>
   </div>
   <div class='ocr_carea' id='block_1_63' title="bbox 597 3491 2216 3573">
    <p class='ocr_par' dir='ltr' id='par_1_63' title="bbox 597 3491 2166 3565">
     <span class='ocr_line' id='line_1_63' title="bbox 597 3491 2166 3565; baseline -0.003 -13"><span class='ocrx_word' id='word_1_439' title='bbox 597 3510 770 3565; x_wconf 86' lang='lat' dir='ltr'><strong>ncque</strong></span> <span class='ocrx_word' id='word_1_440' title='bbox 826 3491 975 3547; x_wconf 90' lang='lat' dir='ltr'><strong>enim</strong></span> <span class='ocrx_word' id='word_1_441' title='bbox 1023 3491 1170 3546; x_wconf 88' lang='lat' dir='ltr'><strong>vires</strong></span> <span class='ocrx_word' id='word_1_442' title='bbox 1218 3500 1376 3547; x_wconf 88' lang='lat' dir='ltr'><strong>erant</strong></span> <span class='ocrx_word' id='word_1_443' title='bbox 1430 3492 1513 3548; x_wconf 93' lang='lat' dir='ltr'><strong>vel</strong></span> <span class='ocrx_word' id='word_1_444' title='bbox 1545 3493 1612 3548; x_wconf 90' lang='lat' dir='ltr'><strong>ad</strong></span> <span class='ocrx_word' id='word_1_445' title='bbox 1665 3495 1768 3549; x_wconf 88' lang='lat' dir='ltr'><strong>hoc</strong></span> <span class='ocrx_word' id='word_1_446' title='bbox 1797 3503 1856 3548; x_wconf 95' lang='lat' dir='ltr'><strong>ut</strong></span> <span class='ocrx_word' id='word_1_447' title='bbox 1881 3495 2166 3562; x_wconf 88' lang='lat' dir='ltr'><strong>corporeis</strong></span> 
     </span>
    </p>
   </div>
   <div class='ocr_carea' id='block_1_64' title="bbox 2272 3491 3843 3573">
    <p class='ocr_par' dir='ltr' id='par_1_64' title="bbox 2272 3491 3843 3573">
     <span class='ocr_line' id='line_1_64' title="bbox 2272 3491 3843 3573; baseline 0.008 -29"><span class='ocrx_word' id='word_1_448' title='bbox 2272 3491 2479 3561; x_wconf 87' lang='grc' dir='ltr'>σμένος</span> <span class='ocrx_word' id='word_1_449' title='bbox 2506 3529 2523 3554; x_wconf 93' lang='grc'><strong>,</strong></span> <span class='ocrx_word' id='word_1_450' title='bbox 2577 3491 2662 3544; x_wconf 84' lang='grc' dir='ltr'><strong>δτι</strong></span> <span class='ocrx_word' id='word_1_451' title='bbox 2710 3491 2850 3562; x_wconf 83' lang='grc' dir='ltr'><strong>μηδέ</strong></span> <span class='ocrx_word' id='word_1_452' title='bbox 2891 3492 3046 3563; x_wconf 80' lang='grc' dir='ltr'>ἰσχὺς</span> <span class='ocrx_word' id='word_1_453' title='bbox 3071 3495 3221 3565; x_wconf 85' lang='grc' dir='ltr'>αύτῷ</span> <span class='ocrx_word' id='word_1_454' title='bbox 3243 3496 3339 3550; x_wconf 81' lang='grc' dir='ltr'>καὶ</span> <span class='ocrx_word' id='word_1_455' title='bbox 3355 3499 3454 3568; x_wconf 78' lang='grc' dir='ltr'>τὴν</span> <span class='ocrx_word' id='word_1_456' title='bbox 3467 3499 3565 3554; x_wconf 90' lang='grc' dir='ltr'><strong>τοῦ</strong></span> <span class='ocrx_word' id='word_1_457' title='bbox 3586 3501 3843 3573; x_wconf 82' lang='grc' dir='ltr'>σώματος</span> 
     </span>
    </p>
   </div>
   <div class='ocr_carea' id='block_1_65' title="bbox 596 3579 2216 3666">
    <p class='ocr_par' dir='ltr' id='par_1_65' title="bbox 596 3583 2165 3656">
     <span class='ocr_line' id='line_1_65' title="bbox 596 3583 2165 3656; baseline 0 -16"><span class='ocrx_word' id='word_1_458' title='bbox 596 3583 1021 3642; x_wconf 89' lang='lat' dir='ltr'><strong>necessitatibus</strong></span> <span class='ocrx_word' id='word_1_459' title='bbox 1056 3583 1257 3638; x_wconf 82' lang='lat' dir='ltr'><strong>faceret</strong></span> <span class='ocrx_word' id='word_1_460' title='bbox 1315 3598 1414 3654; x_wconf 90' lang='lat' dir='ltr'><strong>per</strong></span> <span class='ocrx_word' id='word_1_461' title='bbox 1471 3598 1530 3640; x_wconf 88' lang='lat' dir='ltr'><strong>se</strong></span> <span class='ocrx_word' id='word_1_462' title='bbox 1582 3587 1760 3641; x_wconf 87' lang='lat' dir='ltr'><strong>satis:</strong></span> <span class='ocrx_word' id='word_1_463' title='bbox 1821 3587 1917 3642; x_wconf 86' lang='lat' dir='ltr'><strong>sed</strong></span> <span class='ocrx_word' id='word_1_464' title='bbox 1969 3595 2165 3656; x_wconf 75' lang='lat' dir='ltr'><strong>par-Lm</strong></span> 
     </span>
    </p>
   </div>
   <div class='ocr_carea' id='block_1_66' title="bbox 2272 3579 3842 3666">
    <p class='ocr_par' dir='ltr' id='par_1_66' title="bbox 2272 3579 3842 3666">
     <span class='ocr_line' id='line_1_66' title="bbox 2272 3579 3842 3666; baseline 0.009 -33"><span class='ocrx_word' id='word_1_465' title='bbox 2272 3579 2574 3648; x_wconf 74' lang='grc' dir='ltr'>ἀναγκαίαν</span> <span class='ocrx_word' id='word_1_466' title='bbox 2601 3580 2790 3651; x_wconf 85' lang='grc' dir='ltr'>χρείαν</span> <span class='ocrx_word' id='word_1_467' title='bbox 2811 3582 2917 3648; x_wconf 81' lang='grc' dir='ltr'>κάξ</span> <span class='ocrx_word' id='word_1_468' title='bbox 2940 3584 3106 3638; x_wconf 84' lang='grc' dir='ltr'>αὑτοῦ</span> <span class='ocrx_word' id='word_1_469' title='bbox 3129 3587 3422 3642; x_wconf 86' lang='grc' dir='ltr'>ποιεῖσθαι·</span> <span class='ocrx_word' id='word_1_470' title='bbox 3455 3590 3594 3645; x_wconf 90' lang='grc' dir='ltr'><strong>ἀλλά</strong></span> <span class='ocrx_word' id='word_1_471' title='bbox 3627 3594 3706 3663; x_wconf 83' lang='grc' dir='ltr'><strong>πῆ</strong></span> <span class='ocrx_word' id='word_1_472' title='bbox 3741 3597 3842 3666; x_wconf 70' lang='grc' dir='ltr'>μὲν</span> 
     </span>
    </p>
   </div>
   <div class='ocr_carea' id='block_1_67' title="bbox 594 3671 2216 3754">
    <p class='ocr_par' dir='ltr' id='par_1_67' title="bbox 594 3673 2168 3740">
     <span class='ocr_line' id='line_1_67' title="bbox 594 3673 2168 3740; baseline -0.003 -6"><span class='ocrx_word' id='word_1_473' title='bbox 594 3677 794 3734; x_wconf 88' lang='lat' dir='ltr'><strong>lectulo</strong></span> <span class='ocrx_word' id='word_1_474' title='bbox 854 3673 1226 3740; x_wconf 89' lang='lat' dir='ltr'><strong>recumbens,</strong></span> <span class='ocrx_word' id='word_1_475' title='bbox 1292 3675 1574 3730; x_wconf 85' lang='lat' dir='ltr'><strong>solabatur</strong></span> <span class='ocrx_word' id='word_1_476' title='bbox 1627 3691 1748 3733; x_wconf 86' lang='lat' dir='ltr'><strong>sese</strong></span> <span class='ocrx_word' id='word_1_477' title='bbox 1803 3678 2168 3732; x_wconf 82' lang='lat' dir='ltr'><strong>retributione</strong></span> 
     </span>
    </p>
   </div>
   <div class='ocr_carea' id='block_1_68' title="bbox 2272 3671 3843 3754">
    <p class='ocr_par' dir='ltr' id='par_1_68' title="bbox 2272 3671 3843 3754">
     <span class='ocr_line' id='line_1_68' title="bbox 2272 3671 3843 3754; baseline 0.011 -30"><span class='ocrx_word' id='word_1_478' title='bbox 2272 3672 2364 3725; x_wconf 76' lang='grc' dir='ltr'>ἐπὶ</span> <span class='ocrx_word' id='word_1_479' title='bbox 2383 3671 2570 3743; x_wconf 85' lang='grc' dir='ltr'>κλίνης</span> <span class='ocrx_word' id='word_1_480' title='bbox 2593 3675 3011 3743; x_wconf 86' lang='grc' dir='ltr'>κατακείμενος,</span> <span class='ocrx_word' id='word_1_481' title='bbox 3034 3677 3435 3736; x_wconf 87' lang='grc' dir='ltr'>ἀναδόσεσιτῶν</span> <span class='ocrx_word' id='word_1_482' title='bbox 3453 3685 3843 3754; x_wconf 82' lang='grc' dir='ltr'>προλαϐόντων</span> 
     </span>
    </p>
   </div>
   <div class='ocr_carea' id='block_1_69' title="bbox 595 3767 2165 3840">
    <p class='ocr_par' dir='ltr' id='par_1_69' title="bbox 595 3767 2165 3840">
     <span class='ocr_line' id='line_1_69' title="bbox 595 3767 2165 3840; baseline 0.001 -18"><span class='ocrx_word' id='word_1_483' title='bbox 595 3769 999 3840; x_wconf 70' lang='lat' dir='ltr'><strong>praeteritorum</strong></span> <span class='ocrx_word' id='word_1_484' title='bbox 1033 3781 1260 3823; x_wconf 86' lang='lat' dir='ltr'><strong>suorum</strong></span> <span class='ocrx_word' id='word_1_485' title='bbox 1291 3767 1658 3824; x_wconf 88' lang='lat' dir='ltr'><strong>asceticorum</strong></span> <span class='ocrx_word' id='word_1_486' title='bbox 1695 3775 1753 3824; x_wconf 90' lang='lat' dir='ltr'><strong>et</strong></span> <span class='ocrx_word' id='word_1_487' title='bbox 1783 3769 2165 3824; x_wconf 81' lang='lat' dir='ltr'><strong>athleticoruni</strong></span> 
     </span>
    </p>
   </div>
   <div class='ocr_carea' id='block_1_70' title="bbox 596 3857 2168 3929">
    <p class='ocr_par' dir='ltr' id='par_1_70' title="bbox 596 3857 2168 3929">
     <span class='ocr_line' id='line_1_70' title="bbox 596 3857 2168 3929; baseline 0 -14"><span class='ocrx_word' id='word_1_488' title='bbox 596 3861 848 3917; x_wconf 88' lang='lat' dir='ltr'><strong>laborum</strong></span> <span class='ocrx_word' id='word_1_489' title='bbox 873 3877 888 3925; x_wconf 85' lang='lat'><strong>;</strong></span> <span class='ocrx_word' id='word_1_490' title='bbox 915 3859 1115 3928; x_wconf 89' lang='lat' dir='ltr'><strong>partim</strong></span> <span class='ocrx_word' id='word_1_491' title='bbox 1140 3858 1193 3912; x_wconf 92' lang='lat' dir='ltr'><strong>in</strong></span> <span class='ocrx_word' id='word_1_492' title='bbox 1225 3857 1382 3914; x_wconf 89' lang='lat' dir='ltr'><strong>sedili</strong></span> <span class='ocrx_word' id='word_1_493' title='bbox 1416 3859 1785 3929; x_wconf 87' lang='lat' dir='ltr'><strong>requiescens,</strong></span> <span class='ocrx_word' id='word_1_494' title='bbox 1800 3869 1894 3914; x_wconf 91' lang='lat' dir='ltr'><strong>aut</strong></span> <span class='ocrx_word' id='word_1_495' title='bbox 1918 3859 2168 3916; x_wconf 80' lang='lat' dir='ltr'><strong>Psalmos</strong></span> 
     </span>
    </p>
   </div>
   <div class='ocr_carea' id='block_1_71' title="bbox 594 3951 2168 4022">
    <p class='ocr_par' dir='ltr' id='par_1_71' title="bbox 594 3951 2168 4022">
     <span class='ocr_line' id='line_1_71' title="bbox 594 3951 2168 4022; baseline 0.001 -16"><span class='ocrx_word' id='word_1_496' title='bbox 594 3951 882 4006; x_wconf 87' lang='lat' dir='ltr'><strong>Davidicos</strong></span> <span class='ocrx_word' id='word_1_497' title='bbox 914 3951 1180 4006; x_wconf 89' lang='lat' dir='ltr'><strong>vocaliter</strong></span> <span class='ocrx_word' id='word_1_498' title='bbox 1229 3951 1516 4017; x_wconf 88' lang='lat' dir='ltr'><strong>recitabat,</strong></span> <span class='ocrx_word' id='word_1_499' title='bbox 1550 3962 1648 4006; x_wconf 90' lang='lat' dir='ltr'><strong>aut</strong></span> <span class='ocrx_word' id='word_1_500' title='bbox 1695 3952 2006 4007; x_wconf 88' lang='lat' dir='ltr'><strong>mentaliter</strong></span> <span class='ocrx_word' id='word_1_501' title='bbox 2044 3969 2168 4022; x_wconf 87' lang='lat' dir='ltr'><strong>pre-</strong></span> 
     </span>
    </p>
   </div>
   <div class='ocr_carea' id='block_1_72' title="bbox 593 4039 2164 4110">
    <p class='ocr_par' dir='ltr' id='par_1_72' title="bbox 593 4039 2164 4110">
     <span class='ocr_line' id='line_1_72' title="bbox 593 4039 2164 4110; baseline -0.003 -13"><span class='ocrx_word' id='word_1_502' title='bbox 593 4042 824 4097; x_wconf 88' lang='lat' dir='ltr'><strong>cabatur</strong></span> <span class='ocrx_word' id='word_1_503' title='bbox 845 4040 1037 4105; x_wconf 90' lang='lat' dir='ltr'><strong>Dcum,</strong></span> <span class='ocrx_word' id='word_1_504' title='bbox 1071 4048 1168 4094; x_wconf 90' lang='lat' dir='ltr'><strong>aut</strong></span> <span class='ocrx_word' id='word_1_505' title='bbox 1195 4040 1404 4110; x_wconf 90' lang='lat' dir='ltr'><strong>aliquid</strong></span> <span class='ocrx_word' id='word_1_506' title='bbox 1436 4039 1750 4095; x_wconf 81' lang='lat' dir='ltr'><strong>conferebat</strong></span> <span class='ocrx_word' id='word_1_507' title='bbox 1773 4039 1839 4094; x_wconf 88' lang='lat' dir='ltr'><strong>ad</strong></span> <span class='ocrx_word' id='word_1_508' title='bbox 1872 4040 2164 4095; x_wconf 89' lang='lat' dir='ltr'><strong>utilitatem</strong></span> 
     </span>
    </p>
   </div>
   <div class='ocr_carea' id='block_1_73' title="bbox 593 4129 2165 4197">
    <p class='ocr_par' dir='ltr' id='par_1_73' title="bbox 593 4129 2165 4197">
     <span class='ocr_line' id='line_1_73' title="bbox 593 4129 2165 4197; baseline -0.002 -10"><span class='ocrx_word' id='word_1_509' title='bbox 593 4131 982 4193; x_wconf 79' lang='lat' dir='ltr'><strong>fraternitatis,</strong></span> <span class='ocrx_word' id='word_1_510' title='bbox 1028 4131 1395 4197; x_wconf 90' lang='lat' dir='ltr'><strong>consulendo,</strong></span> <span class='ocrx_word' id='word_1_511' title='bbox 1435 4130 1799 4196; x_wconf 85' lang='lat' dir='ltr'><strong>adhortando,</strong></span> <span class='ocrx_word' id='word_1_512' title='bbox 1818 4129 2165 4193; x_wconf 87' lang='lat' dir='ltr'><strong>instruendo,</strong></span> 
     </span>
    </p>
   </div>
   <div class='ocr_carea' id='block_1_74' title="bbox 594 4222 2166 4293">
    <p class='ocr_par' dir='ltr' id='par_1_74' title="bbox 594 4222 2166 4293">
     <span class='ocr_line' id='line_1_74' title="bbox 594 4222 2166 4293; baseline -0.005 -9"><span class='ocrx_word' id='word_1_513' title='bbox 594 4225 950 4290; x_wconf 86' lang='lat' dir='ltr'><strong>consolando,</strong></span> <span class='ocrx_word' id='word_1_514' title='bbox 974 4225 1276 4281; x_wconf 90' lang='lat' dir='ltr'><strong>secundum</strong></span> <span class='ocrx_word' id='word_1_515' title='bbox 1321 4233 1603 4293; x_wconf 89' lang='lat' dir='ltr'><strong>paternam</strong></span> <span class='ocrx_word' id='word_1_516' title='bbox 1628 4238 1785 4279; x_wconf 91' lang='lat' dir='ltr'><strong>suam</strong></span> <span class='ocrx_word' id='word_1_517' title='bbox 1817 4222 2166 4278; x_wconf 65' lang='lat' dir='ltr'><strong>benevolam»</strong></span> 
     </span>
    </p>
   </div>
   <div class='ocr_carea' id='block_1_75' title="bbox 596 4315 2168 4388">
    <p class='ocr_par' dir='ltr' id='par_1_75' title="bbox 596 4315 2168 4388">
     <span class='ocr_line' id='line_1_75' title="bbox 596 4315 2168 4388; baseline -0.002 -15"><span class='ocrx_word' id='word_1_518' title='bbox 596 4334 703 4388; x_wconf 86' lang='lat' dir='ltr'><strong>que</strong></span> <span class='ocrx_word' id='word_1_519' title='bbox 727 4317 1186 4374; x_wconf 86' lang='lat' dir='ltr'><strong>consuetudinem</strong></span> <span class='ocrx_word' id='word_1_520' title='bbox 1217 4334 1230 4370; x_wconf 87' lang='lat'><strong>:</strong></span> <span class='ocrx_word' id='word_1_521' title='bbox 1267 4331 1377 4370; x_wconf 88' lang='lat' dir='ltr'><strong>non</strong></span> <span class='ocrx_word' id='word_1_522' title='bbox 1411 4324 1594 4370; x_wconf 90' lang='lat' dir='ltr'><strong>autem</strong></span> <span class='ocrx_word' id='word_1_523' title='bbox 1621 4325 1834 4386; x_wconf 85' lang='lat' dir='ltr'><strong>poterat</strong></span> <span class='ocrx_word' id='word_1_524' title='bbox 1860 4315 2044 4385; x_wconf 91' lang='lat' dir='ltr'><strong>operis</strong></span> <span class='ocrx_word' id='word_1_525' title='bbox 2065 4315 2168 4370; x_wconf 90' lang='lat' dir='ltr'><strong>ali-</strong></span> 
     </span>
    </p>
   </div>
   <div class='ocr_carea' id='block_1_76' title="bbox 597 4405 2154 4486">
    <p class='ocr_par' dir='ltr' id='par_1_76' title="bbox 597 4405 2154 4486">
     <span class='ocr_line' id='line_1_76' title="bbox 597 4405 2154 4486; baseline -0.003 -23"><span class='ocrx_word' id='word_1_526' title='bbox 597 4411 728 4480; x_wconf 84' lang='lat' dir='ltr'><strong>quid</strong></span> <span class='ocrx_word' id='word_1_527' title='bbox 760 4409 964 4471; x_wconf 76' lang='lat' dir='ltr'><strong>laccre,</strong></span> <span class='ocrx_word' id='word_1_528' title='bbox 1002 4416 1096 4463; x_wconf 89' lang='lat' dir='ltr'><strong>aut</strong></span> <span class='ocrx_word' id='word_1_529' title='bbox 1131 4423 1272 4477; x_wconf 90' lang='lat' dir='ltr'><strong>genu</strong></span> <span class='ocrx_word' id='word_1_530' title='bbox 1299 4405 1536 4466; x_wconf 79' lang='lat' dir='ltr'><strong>ﬂectere.</strong></span> <span class='ocrx_word' id='word_1_531' title='bbox 1555 4416 1650 4461; x_wconf 90' lang='lat' dir='ltr'><strong>aut</strong></span> <span class='ocrx_word' id='word_1_532' title='bbox 1679 4405 1906 4486; x_wconf 79' lang='lat' dir='ltr'><strong>lectioni</strong></span> <span class='ocrx_word' id='word_1_533' title='bbox 1935 4421 2154 4469; x_wconf 75' lang='lat' dir='ltr'><strong>vacare,</strong></span> 
     </span>
    </p>
   </div>
   <div class='ocr_carea' id='block_1_77' title="bbox 603 4496 2168 4570">
    <p class='ocr_par' dir='ltr' id='par_1_77' title="bbox 603 4496 2168 4570">
     <span class='ocr_line' id='line_1_77' title="bbox 603 4496 2168 4570; baseline -0.003 -16"><span class='ocrx_word' id='word_1_534' title='bbox 603 4499 710 4555; x_wconf 91' lang='lat' dir='ltr'><strong>nisi</strong></span> <span class='ocrx_word' id='word_1_535' title='bbox 735 4508 1005 4570; x_wconf 89' lang='lat' dir='ltr'><strong>quantum</strong></span> <span class='ocrx_word' id='word_1_536' title='bbox 1036 4496 1102 4552; x_wconf 92' lang='lat' dir='ltr'><strong>ad</strong></span> <span class='ocrx_word' id='word_1_537' title='bbox 1130 4497 1232 4551; x_wconf 88' lang='lat' dir='ltr'><strong>hoc</strong></span> <span class='ocrx_word' id='word_1_538' title='bbox 1257 4497 1564 4550; x_wconf 91' lang='lat' dir='ltr'><strong>conducere</strong></span> <span class='ocrx_word' id='word_1_539' title='bbox 1584 4505 1796 4565; x_wconf 90' lang='lat' dir='ltr'><strong>poterat</strong></span> <span class='ocrx_word' id='word_1_540' title='bbox 1813 4511 1978 4568; x_wconf 89' lang='lat' dir='ltr'><strong>opera</strong></span> <span class='ocrx_word' id='word_1_541' title='bbox 2000 4511 2168 4567; x_wconf 83' lang='lat' dir='ltr'><strong>prope</strong></span> 
     </span>
    </p>
   </div>
   <div class='ocr_carea' id='block_1_78' title="bbox 603 4587 2170 4662">
    <p class='ocr_par' dir='ltr' id='par_1_78' title="bbox 603 4587 2170 4662">
     <span class='ocr_line' id='line_1_78' title="bbox 603 4587 2170 4662; baseline -0.001 -16"><span class='ocrx_word' id='word_1_542' title='bbox 603 4608 728 4648; x_wconf 78' lang='lat' dir='ltr'><strong>etim</strong></span> <span class='ocrx_word' id='word_1_543' title='bbox 795 4592 1024 4662; x_wconf 80' lang='lat' dir='ltr'><strong>legentis</strong></span> <span class='ocrx_word' id='word_1_544' title='bbox 1083 4587 1340 4646; x_wconf 84' lang='lat' dir='ltr'><strong>ministri.</strong></span> <span class='ocrx_word' id='word_1_545' title='bbox 1375 4587 1481 4643; x_wconf 88' lang='lat' dir='ltr'><strong>Sed</strong></span> <span class='ocrx_word' id='word_1_546' title='bbox 1523 4589 1576 4642; x_wconf 87' lang='lat' dir='ltr'><strong>in</strong></span> <span class='ocrx_word' id='word_1_547' title='bbox 1620 4587 1706 4644; x_wconf 89' lang='lat' dir='ltr'><strong>bis</strong></span> <span class='ocrx_word' id='word_1_548' title='bbox 1742 4588 2170 4644; x_wconf 86' lang='lat' dir='ltr'><strong>contristabatur</strong></span> 
     </span>
    </p>
   </div>
   <div class='ocr_carea' id='block_1_79' title="bbox 605 4680 2170 4756">
    <p class='ocr_par' dir='ltr' id='par_1_79' title="bbox 605 4680 2170 4756">
     <span class='ocr_line' id='line_1_79' title="bbox 605 4680 2170 4756; baseline -0.003 -16"><span class='ocrx_word' id='word_1_549' title='bbox 605 4686 1037 4756; x_wconf 86' lang='lat' dir='ltr'><strong>angebaturqne,</strong></span> <span class='ocrx_word' id='word_1_550' title='bbox 1069 4683 1230 4753; x_wconf 90' lang='lat' dir='ltr'><strong>quasi</strong></span> <span class='ocrx_word' id='word_1_551' title='bbox 1283 4681 1524 4736; x_wconf 86' lang='lat' dir='ltr'><strong>animam</strong></span> <span class='ocrx_word' id='word_1_552' title='bbox 1568 4680 1917 4752; x_wconf 87' lang='lat' dir='ltr'><strong>perdidisset,</strong></span> <span class='ocrx_word' id='word_1_553' title='bbox 1939 4681 2068 4754; x_wconf 89' lang='lat' dir='ltr'><strong>quia</strong></span> <span class='ocrx_word' id='word_1_554' title='bbox 2101 4680 2170 4736; x_wconf 90' lang='lat' dir='ltr'><strong>ab</strong></span> 
     </span>
    </p>
   </div>
   <div class='ocr_carea' id='block_1_80' title="bbox 599 4773 2166 4846">
    <p class='ocr_par' dir='ltr' id='par_1_80' title="bbox 599 4773 2166 4846">
     <span class='ocr_line' id='line_1_80' title="bbox 599 4773 2166 4846; baseline -0.003 -16"><span class='ocrx_word' id='word_1_555' title='bbox 599 4777 883 4832; x_wconf 77' lang='lat' dir='ltr'><strong>exercitiis</strong></span> <span class='ocrx_word' id='word_1_556' title='bbox 911 4774 1299 4846; x_wconf 88' lang='lat' dir='ltr'><strong>spiritualibus</strong></span> <span class='ocrx_word' id='word_1_557' title='bbox 1323 4788 1562 4838; x_wconf 90' lang='lat' dir='ltr'><strong>cessare,</strong></span> <span class='ocrx_word' id='word_1_558' title='bbox 1594 4782 1649 4830; x_wconf 91' lang='lat' dir='ltr'><strong>et</strong></span> <span class='ocrx_word' id='word_1_559' title='bbox 1677 4788 1709 4828; x_wconf 89' lang='lat' dir='ltr'><strong>a</strong></span> <span class='ocrx_word' id='word_1_560' title='bbox 1728 4773 2010 4830; x_wconf 85' lang='lat' dir='ltr'><strong>laboribus</strong></span> <span class='ocrx_word' id='word_1_561' title='bbox 2040 4787 2166 4829; x_wconf 87' lang='lat' dir='ltr'><strong>cor-</strong></span> 
     </span>
    </p>
   </div>
   <div class='ocr_carea' id='block_1_81' title="bbox 598 4861 2168 4937">
    <p class='ocr_par' dir='ltr' id='par_1_81' title="bbox 598 4861 2168 4937">
     <span class='ocr_line' id='line_1_81' title="bbox 598 4861 2168 4937; baseline -0.001 -18"><span class='ocrx_word' id='word_1_562' title='bbox 598 4864 880 4937; x_wconf 86' lang='lat' dir='ltr'><strong>poralibus</strong></span> <span class='ocrx_word' id='word_1_563' title='bbox 905 4879 1104 4920; x_wconf 89' lang='lat' dir='ltr'><strong>vacare</strong></span> <span class='ocrx_word' id='word_1_564' title='bbox 1135 4879 1193 4919; x_wconf 91' lang='lat' dir='ltr'><strong>se</strong></span> <span class='ocrx_word' id='word_1_565' title='bbox 1215 4863 1458 4919; x_wconf 88' lang='lat' dir='ltr'><strong>videbat.</strong></span> <span class='ocrx_word' id='word_1_566' title='bbox 1509 4861 1566 4918; x_wconf 90' lang='lat' dir='ltr'><strong>Si</strong></span> <span class='ocrx_word' id='word_1_567' title='bbox 1615 4862 1838 4934; x_wconf 90' lang='lat' dir='ltr'><strong>quando</strong></span> <span class='ocrx_word' id='word_1_568' title='bbox 1884 4877 2016 4919; x_wconf 87' lang='lat' dir='ltr'><strong>vero</strong></span> <span class='ocrx_word' id='word_1_569' title='bbox 2059 4862 2168 4918; x_wconf 90' lang='lat' dir='ltr'><strong>cibi</strong></span> 
     </span>
    </p>
   </div>
   <div class='ocr_carea' id='block_1_82' title="bbox 599 4954 2168 5025">
    <p class='ocr_par' dir='ltr' id='par_1_82' title="bbox 599 4954 2168 5025">
     <span class='ocr_line' id='line_1_82' title="bbox 599 4954 2168 5025; baseline 0 -16"><span class='ocrx_word' id='word_1_570' title='bbox 599 4955 804 5025; x_wconf 87' lang='lat' dir='ltr'><strong>aliquid</strong></span> <span class='ocrx_word' id='word_1_571' title='bbox 832 4955 1083 5010; x_wconf 89' lang='lat' dir='ltr'><strong>sumebat</strong></span> <span class='ocrx_word' id='word_1_572' title='bbox 1112 4970 1280 5011; x_wconf 87' lang='lat' dir='ltr'><strong>causa</strong></span> <span class='ocrx_word' id='word_1_573' title='bbox 1318 4954 1517 5020; x_wconf 88' lang='lat' dir='ltr'><strong>morbi,</strong></span> <span class='ocrx_word' id='word_1_574' title='bbox 1546 4963 1642 5010; x_wconf 88' lang='lat' dir='ltr'><strong>aut</strong></span> <span class='ocrx_word' id='word_1_575' title='bbox 1679 4955 1902 5011; x_wconf 88' lang='lat' dir='ltr'><strong>lavacro</strong></span> <span class='ocrx_word' id='word_1_576' title='bbox 1945 4964 2168 5025; x_wconf 86' lang='lat' dir='ltr'><strong>propter</strong></span> 
     </span>
    </p>
   </div>
   <div class='ocr_carea' id='block_1_83' title="bbox 601 5045 2168 5117">
    <p class='ocr_par' dir='ltr' id='par_1_83' title="bbox 601 5045 2168 5117">
     <span class='ocr_line' id='line_1_83' title="bbox 601 5045 2168 5117; baseline 0 -17"><span class='ocrx_word' id='word_1_577' title='bbox 601 5047 972 5102; x_wconf 88' lang='lat' dir='ltr'><strong>obedientiam</strong></span> <span class='ocrx_word' id='word_1_578' title='bbox 1008 5047 1283 5113; x_wconf 83' lang='lat' dir='ltr'><strong>utebatur,</strong></span> <span class='ocrx_word' id='word_1_579' title='bbox 1314 5046 1424 5102; x_wconf 84' lang='lat' dir='ltr'><strong>Deo</strong></span> <span class='ocrx_word' id='word_1_580' title='bbox 1465 5045 1687 5117; x_wconf 87' lang='lat' dir='ltr'><strong>quidem</strong></span> <span class='ocrx_word' id='word_1_581' title='bbox 1715 5045 1911 5117; x_wconf 86' lang='lat' dir='ltr'><strong>agebat</strong></span> <span class='ocrx_word' id='word_1_582' title='bbox 1940 5046 2168 5116; x_wconf 88' lang='lat' dir='ltr'><strong>gratias,</strong></span> 
     </span>
    </p>
   </div>
   <div class='ocr_carea' id='block_1_84' title="bbox 595 5136 2168 5211">
    <p class='ocr_par' dir='ltr' id='par_1_84' title="bbox 595 5136 2168 5211">
     <span class='ocr_line' id='line_1_84' title="bbox 595 5136 2168 5211; baseline -0.002 -17"><span class='ocrx_word' id='word_1_583' title='bbox 595 5140 817 5194; x_wconf 89' lang='lat' dir='ltr'><strong>dolebat</strong></span> <span class='ocrx_word' id='word_1_584' title='bbox 868 5147 1050 5196; x_wconf 90' lang='lat' dir='ltr'><strong>tamen</strong></span> <span class='ocrx_word' id='word_1_585' title='bbox 1103 5149 1324 5211; x_wconf 89' lang='lat' dir='ltr'><strong>propter</strong></span> <span class='ocrx_word' id='word_1_586' title='bbox 1361 5139 1603 5193; x_wconf 82' lang='lat' dir='ltr'><strong>laxatum</strong></span> <span class='ocrx_word' id='word_1_587' title='bbox 1635 5137 1758 5192; x_wconf 69' lang='lat' dir='ltr'><strong>vita:</strong></span> <span class='ocrx_word' id='word_1_588' title='bbox 1785 5136 1989 5207; x_wconf 87' lang='lat' dir='ltr'><strong>prioris</strong></span> <span class='ocrx_word' id='word_1_589' title='bbox 2021 5138 2168 5205; x_wconf 87' lang='lat' dir='ltr'><strong>rigo-</strong></span> 
     </span>
    </p>
   </div>
   <div class='ocr_carea' id='block_1_85' title="bbox 598 5230 2168 5305">
    <p class='ocr_par' dir='ltr' id='par_1_85' title="bbox 598 5230 2168 5305">
     <span class='ocr_line' id='line_1_85' title="bbox 598 5230 2168 5305; baseline -0.002 -19"><span class='ocrx_word' id='word_1_590' title='bbox 598 5249 734 5289; x_wconf 86' lang='lat' dir='ltr'><strong>rem.</strong></span> <span class='ocrx_word' id='word_1_591' title='bbox 767 5233 1135 5305; x_wconf 85' lang='lat' dir='ltr'><strong>Dignissimus</strong></span> <span class='ocrx_word' id='word_1_592' title='bbox 1155 5248 1290 5289; x_wconf 84' lang='lat' dir='ltr'><strong>sane</strong></span> <span class='ocrx_word' id='word_1_593' title='bbox 1323 5232 1504 5295; x_wconf 90' lang='lat' dir='ltr'><strong>laude,</strong></span> <span class='ocrx_word' id='word_1_594' title='bbox 1542 5230 1638 5302; x_wconf 89' lang='lat' dir='ltr'><strong>qui</strong></span> <span class='ocrx_word' id='word_1_595' title='bbox 1684 5230 1975 5302; x_wconf 88' lang='lat' dir='ltr'><strong>pulchrum</strong></span> <span class='ocrx_word' id='word_1_596' title='bbox 2007 5244 2168 5286; x_wconf 86' lang='lat' dir='ltr'><strong>suum</strong></span> 
     </span>
    </p>
   </div>
   <div class='ocr_carea' id='block_1_86' title="bbox 596 5318 2169 5388">
    <p class='ocr_par' dir='ltr' id='par_1_86' title="bbox 596 5318 2169 5388">
     <span class='ocr_line' id='line_1_86' title="bbox 596 5318 2169 5388; baseline -0.005 -6"><span class='ocrx_word' id='word_1_597' title='bbox 596 5327 834 5382; x_wconf 84' lang='lat' dir='ltr'><strong>stadium</strong></span> <span class='ocrx_word' id='word_1_598' title='bbox 871 5340 936 5382; x_wconf 89' lang='lat' dir='ltr'><strong>ac</strong></span> <span class='ocrx_word' id='word_1_599' title='bbox 977 5340 1100 5382; x_wconf 85' lang='lat' dir='ltr'><strong>vere</strong></span> <span class='ocrx_word' id='word_1_600' title='bbox 1123 5325 1358 5383; x_wconf 87' lang='lat' dir='ltr'><strong>solarem</strong></span> <span class='ocrx_word' id='word_1_601' title='bbox 1401 5336 1625 5379; x_wconf 89' lang='lat' dir='ltr'><strong>cursum</strong></span> <span class='ocrx_word' id='word_1_602' title='bbox 1658 5319 1913 5388; x_wconf 86' lang='lat' dir='ltr'><strong>absolvit,</strong></span> <span class='ocrx_word' id='word_1_603' title='bbox 1943 5318 2014 5375; x_wconf 90' lang='lat' dir='ltr'><strong>ab</strong></span> <span class='ocrx_word' id='word_1_604' title='bbox 2036 5319 2169 5374; x_wconf 89' lang='lat' dir='ltr'><strong>obe-</strong></span> 
     </span>
    </p>
   </div>
   <div class='ocr_carea' id='block_1_87' title="bbox 2265 3763 3842 3844">
    <p class='ocr_par' dir='ltr' id='par_1_87' title="bbox 2265 3763 3842 3844">
     <span class='ocr_line' id='line_1_87' title="bbox 2265 3763 3842 3844; baseline 0.01 -28"><span class='ocrx_word' id='word_1_605' title='bbox 2265 3763 2578 3833; x_wconf 89' lang='grc' dir='ltr'>ἀσκητικῶν</span> <span class='ocrx_word' id='word_1_606' title='bbox 2602 3764 2695 3818; x_wconf 77' lang='grc' dir='ltr'>καὶ</span> <span class='ocrx_word' id='word_1_607' title='bbox 2709 3764 3018 3838; x_wconf 78' lang='grc' dir='ltr'>ἀθλητικῶν</span> <span class='ocrx_word' id='word_1_608' title='bbox 3037 3769 3202 3823; x_wconf 85' lang='grc' dir='ltr'>αὑτοῦ</span> <span class='ocrx_word' id='word_1_609' title='bbox 3216 3771 3412 3826; x_wconf 77' lang='grc' dir='ltr'>πόνωψ</span> <span class='ocrx_word' id='word_1_610' title='bbox 3428 3774 3502 3844; x_wconf 90' lang='grc' dir='ltr'><strong>πῆ</strong></span> <span class='ocrx_word' id='word_1_611' title='bbox 3518 3775 3578 3829; x_wconf 81' lang='grc' dir='ltr'>δὲ</span> <span class='ocrx_word' id='word_1_612' title='bbox 3597 3778 3695 3830; x_wconf 77' lang='grc' dir='ltr'>ἐπὶ</span> <span class='ocrx_word' id='word_1_613' title='bbox 3706 3778 3842 3831; x_wconf 68' lang='grc' dir='ltr'>καθ.</span> 
     </span>
    </p>
   </div>
   <div class='ocr_carea' id='block_1_88' title="bbox 2267 3855 3843 3936">
    <p class='ocr_par' dir='ltr' id='par_1_88' title="bbox 2267 3855 3843 3936">
     <span class='ocr_line' id='line_1_88' title="bbox 2267 3855 3843 3936; baseline 0.01 -28"><span class='ocrx_word' id='word_1_614' title='bbox 2267 3855 2520 3925; x_wconf 90' lang='grc' dir='ltr'>ισματίου</span> <span class='ocrx_word' id='word_1_615' title='bbox 2545 3855 2983 3928; x_wconf 79' lang='grc' dir='ltr'>ἀναπαυόμενος,</span> <span class='ocrx_word' id='word_1_616' title='bbox 3010 3861 3102 3913; x_wconf 74' lang='grc' dir='ltr'>καὶ</span> <span class='ocrx_word' id='word_1_617' title='bbox 3117 3860 3205 3915; x_wconf 83' lang='grc' dir='ltr'><strong>διά</strong></span> <span class='ocrx_word' id='word_1_618' title='bbox 3219 3863 3470 3936; x_wconf 84' lang='grc' dir='ltr'>γλώσσης</span> <span class='ocrx_word' id='word_1_619' title='bbox 3483 3867 3656 3922; x_wconf 86' lang='grc' dir='ltr'>τάτοῦ</span> <span class='ocrx_word' id='word_1_620' title='bbox 3673 3870 3843 3925; x_wconf 78' lang='grc' dir='ltr'>Δαυιδ</span> 
     </span>
    </p>
   </div>
   <div class='ocr_carea' id='block_1_89' title="bbox 2265 3944 3836 4030">
    <p class='ocr_par' dir='ltr' id='par_1_89' title="bbox 2265 3944 3836 4030">
     <span class='ocr_line' id='line_1_89' title="bbox 2265 3944 3836 4030; baseline 0.011 -32"><span class='ocrx_word' id='word_1_621' title='bbox 2265 3944 2655 4016; x_wconf 84' lang='grc' dir='ltr'>φθεγγόμενος,</span> <span class='ocrx_word' id='word_1_622' title='bbox 2677 3948 2773 4002; x_wconf 78' lang='grc' dir='ltr'>καὶ</span> <span class='ocrx_word' id='word_1_623' title='bbox 2808 3949 2950 4003; x_wconf 89' lang='grc' dir='ltr'><strong>κατά</strong></span> <span class='ocrx_word' id='word_1_624' title='bbox 2965 3951 3094 4004; x_wconf 86' lang='grc' dir='ltr'>νοῦν</span> <span class='ocrx_word' id='word_1_625' title='bbox 3126 3951 3206 4023; x_wconf 81' lang='grc' dir='ltr'>τῷ</span> <span class='ocrx_word' id='word_1_626' title='bbox 3235 3954 3355 4025; x_wconf 83' lang='grc' dir='ltr'><strong>Θεῴ</strong></span> <span class='ocrx_word' id='word_1_627' title='bbox 3372 3961 3836 4030; x_wconf 84' lang='grc' dir='ltr'>προσευχόμενος,</span> 
     </span>
    </p>
   </div>
   <div class='ocr_carea' id='block_1_90' title="bbox 2269 4035 3840 4120">
    <p class='ocr_par' dir='ltr' id='par_1_90' title="bbox 2269 4035 3840 4120">
     <span class='ocr_line' id='line_1_90' title="bbox 2269 4035 3840 4120; baseline 0.011 -32"><span class='ocrx_word' id='word_1_628' title='bbox 2269 4035 2368 4089; x_wconf 82' lang='grc' dir='ltr'>ὅσα</span> <span class='ocrx_word' id='word_1_629' title='bbox 2383 4052 2442 4089; x_wconf 90' lang='grc' dir='ltr'><strong>τε</strong></span> <span class='ocrx_word' id='word_1_630' title='bbox 2456 4036 2592 4090; x_wconf 81' lang='grc' dir='ltr'>ἀλλα</span> <span class='ocrx_word' id='word_1_631' title='bbox 2605 4037 2684 4100; x_wconf 87' lang='grc' dir='ltr'><strong>εἰς</strong></span> <span class='ocrx_word' id='word_1_632' title='bbox 2697 4037 2948 4109; x_wconf 82' lang='grc' dir='ltr'>βοήθειαν</span> <span class='ocrx_word' id='word_1_633' title='bbox 2957 4040 3058 4110; x_wconf 90' lang='grc' dir='ltr'><strong>τῆς</strong></span> <span class='ocrx_word' id='word_1_634' title='bbox 3071 4041 3428 4116; x_wconf 85' lang='grc' dir='ltr'>ἀδελφότητος</span> <span class='ocrx_word' id='word_1_635' title='bbox 3444 4051 3840 4120; x_wconf 68' lang='grc' dir='ltr'>συνεισφέρων,</span> 
     </span>
    </p>
   </div>
   <div class='ocr_carea' id='block_1_91' title="bbox 2276 4126 3846 4211">
    <p class='ocr_par' dir='ltr' id='par_1_91' title="bbox 2276 4126 3846 4211">
     <span class='ocr_line' id='line_1_91' title="bbox 2276 4126 3846 4211; baseline 0.008 -30"><span class='ocrx_word' id='word_1_636' title='bbox 2276 4126 2656 4198; x_wconf 88' lang='grc' dir='ltr'>συμϐουλίαις,</span> <span class='ocrx_word' id='word_1_637' title='bbox 2716 4129 3076 4201; x_wconf 83' lang='grc' dir='ltr'>ὑπομνήσεσι,</span> <span class='ocrx_word' id='word_1_638' title='bbox 3117 4133 3447 4202; x_wconf 88' lang='grc' dir='ltr'>νουθεσίαις,</span> <span class='ocrx_word' id='word_1_639' title='bbox 3489 4140 3846 4211; x_wconf 84' lang='grc' dir='ltr'>παρακλήσε-</span> 
     </span>
    </p>
   </div>
   <div class='ocr_carea' id='block_1_92' title="bbox 2269 4218 3844 4298">
    <p class='ocr_par' dir='ltr' id='par_1_92' title="bbox 2269 4218 3844 4298">
     <span class='ocr_line' id='line_1_92' title="bbox 2269 4218 3844 4298; baseline 0.009 -28"><span class='ocrx_word' id='word_1_640' title='bbox 2269 4233 2374 4281; x_wconf 89' lang='grc' dir='ltr'>σιν,</span> <span class='ocrx_word' id='word_1_641' title='bbox 2405 4218 2548 4274; x_wconf 83' lang='grc' dir='ltr'>κατὰ</span> <span class='ocrx_word' id='word_1_642' title='bbox 2577 4219 2679 4290; x_wconf 81' lang='grc' dir='ltr'>τὴν</span> <span class='ocrx_word' id='word_1_643' title='bbox 2699 4219 3082 4291; x_wconf 85' lang='grc' dir='ltr'>προλαϐοῦσαν</span> <span class='ocrx_word' id='word_1_644' title='bbox 3128 4224 3279 4294; x_wconf 76' lang='grc' dir='ltr'>αὐτῷ</span> <span class='ocrx_word' id='word_1_645' title='bbox 3321 4227 3596 4298; x_wconf 78' lang='grc' dir='ltr'>πατρικὴν</span> <span class='ocrx_word' id='word_1_646' title='bbox 3626 4231 3723 4284; x_wconf 79' lang='grc' dir='ltr'>καὶ</span> <span class='ocrx_word' id='word_1_647' title='bbox 3748 4233 3844 4284; x_wconf 80' lang='grc' dir='ltr'>εύ-</span> 
     </span>
    </p>
   </div>
   <div class='ocr_carea' id='block_1_93' title="bbox 2271 4309 3844 4389">
    <p class='ocr_par' dir='ltr' id='par_1_93' title="bbox 2271 4309 3844 4389">
     <span class='ocr_line' id='line_1_93' title="bbox 2271 4309 3844 4389; baseline 0.009 -27"><span class='ocrx_word' id='word_1_648' title='bbox 2271 4309 2457 4381; x_wconf 81' lang='grc' dir='ltr'>νοῖκὴν</span> <span class='ocrx_word' id='word_1_649' title='bbox 2489 4309 2799 4380; x_wconf 86' lang='grc' dir='ltr'>συνήθειαν,</span> <span class='ocrx_word' id='word_1_650' title='bbox 2831 4311 2985 4367; x_wconf 80' lang='grc' dir='ltr'>οὒπω</span> <span class='ocrx_word' id='word_1_651' title='bbox 3016 4313 3216 4385; x_wconf 88' lang='grc' dir='ltr'>ἰσχύων</span> <span class='ocrx_word' id='word_1_652' title='bbox 3244 4315 3323 4370; x_wconf 72' lang='grc' dir='ltr'>ἔτι</span> <span class='ocrx_word' id='word_1_653' title='bbox 3350 4318 3700 4389; x_wconf 80' lang='grc' dir='ltr'>ἐργάζεσθαι,</span> <span class='ocrx_word' id='word_1_654' title='bbox 3730 4323 3844 4376; x_wconf 73' lang='grc' dir='ltr'>οὐδ’</span> 
     </span>
    </p>
   </div>
   <div class='ocr_carea' id='block_1_94' title="bbox 2274 4400 3846 4481">
    <p class='ocr_par' dir='ltr' id='par_1_94' title="bbox 2274 4400 3846 4481">
     <span class='ocr_line' id='line_1_94' title="bbox 2274 4400 3846 4481; baseline 0.01 -28"><span class='ocrx_word' id='word_1_655' title='bbox 2274 4400 2334 4454; x_wconf 87' lang='grc' dir='ltr'><strong>ού</strong></span> <span class='ocrx_word' id='word_1_656' title='bbox 2365 4403 2475 4472; x_wconf 82' lang='grc' dir='ltr'><strong>μὴν</strong></span> <span class='ocrx_word' id='word_1_657' title='bbox 2504 4402 2632 4470; x_wconf 89' lang='grc' dir='ltr'>γόνυ</span> <span class='ocrx_word' id='word_1_658' title='bbox 2661 4403 2865 4467; x_wconf 83' lang='grc' dir='ltr'>κλῖναι,</span> <span class='ocrx_word' id='word_1_659' title='bbox 2917 4403 3032 4458; x_wconf 75' lang='grc' dir='ltr'>οὔτ’</span> <span class='ocrx_word' id='word_1_660' title='bbox 3061 4402 3130 4460; x_wconf 83' lang='grc' dir='ltr'>αὖ</span> <span class='ocrx_word' id='word_1_661' title='bbox 3153 4409 3510 4480; x_wconf 85' lang='grc' dir='ltr'>ἐπισκήπτειν</span> <span class='ocrx_word' id='word_1_662' title='bbox 3529 4411 3846 4481; x_wconf 78' lang='grc' dir='ltr'>ἀναγνώσε-</span> 
     </span>
    </p>
   </div>
   <div class='ocr_carea' id='block_1_95' title="bbox 2272 4490 3843 4573">
    <p class='ocr_par' dir='ltr' id='par_1_95' title="bbox 2272 4490 3843 4573">
     <span class='ocr_line' id='line_1_95' title="bbox 2272 4490 3843 4573; baseline 0.008 -30"><span class='ocrx_word' id='word_1_663' title='bbox 2272 4507 2378 4556; x_wconf 91' lang='grc' dir='ltr'>σιν,</span> <span class='ocrx_word' id='word_1_664' title='bbox 2408 4490 2443 4562; x_wconf 78' lang='grc' dir='ltr'><strong>ῆ</strong></span> <span class='ocrx_word' id='word_1_665' title='bbox 2489 4491 2612 4546; x_wconf 83' lang='grc' dir='ltr'>ὅσον</span> <span class='ocrx_word' id='word_1_666' title='bbox 2677 4492 2744 4546; x_wconf 82' lang='grc' dir='ltr'><strong>ἐκ</strong></span> <span class='ocrx_word' id='word_1_667' title='bbox 2770 4493 2868 4547; x_wconf 88' lang='grc' dir='ltr'><strong>τοῦ</strong></span> <span class='ocrx_word' id='word_1_668' title='bbox 2905 4496 3490 4570; x_wconf 84' lang='grc' dir='ltr'>παραναγινώσκοντος</span> <span class='ocrx_word' id='word_1_669' title='bbox 3538 4499 3843 4573; x_wconf 72' lang='grc' dir='ltr'>ὑπηρέτου.</span> 
     </span>
    </p>
   </div>
   <div class='ocr_carea' id='block_1_96' title="bbox 2274 4577 3844 4662">
    <p class='ocr_par' dir='ltr' id='par_1_96' title="bbox 2274 4577 3844 4662">
     <span class='ocr_line' id='line_1_96' title="bbox 2274 4577 3844 4662; baseline 0.006 -25"><span class='ocrx_word' id='word_1_670' title='bbox 2274 4583 2384 4637; x_wconf 74' lang='grc' dir='ltr'><strong>Καὶ</strong></span> <span class='ocrx_word' id='word_1_671' title='bbox 2412 4577 2481 4654; x_wconf 84' lang='grc' dir='ltr'>ἧν</span> <span class='ocrx_word' id='word_1_672' title='bbox 2509 4584 2567 4637; x_wconf 87' lang='grc' dir='ltr'><strong>ἐν</strong></span> <span class='ocrx_word' id='word_1_673' title='bbox 2593 4583 2806 4648; x_wconf 86' lang='grc' dir='ltr'>τούτοις</span> <span class='ocrx_word' id='word_1_674' title='bbox 2823 4585 3274 4658; x_wconf 88' lang='grc' dir='ltr'>συλλυπούμενος</span> <span class='ocrx_word' id='word_1_675' title='bbox 3296 4589 3392 4642; x_wconf 81' lang='grc' dir='ltr'>καὶ</span> <span class='ocrx_word' id='word_1_676' title='bbox 3406 4589 3844 4662; x_wconf 76' lang='grc' dir='ltr'>σκυθρωπάζων,</span> 
     </span>
    </p>
   </div>
   <div class='ocr_carea' id='block_1_97' title="bbox 2272 4673 3847 4752">
    <p class='ocr_par' dir='ltr' id='par_1_97' title="bbox 2272 4673 3847 4752">
     <span class='ocr_line' id='line_1_97' title="bbox 2272 4673 3847 4752; baseline 0.006 -26"><span class='ocrx_word' id='word_1_677' title='bbox 2272 4673 2348 4738; x_wconf 85' lang='grc' dir='ltr'>ὡς</span> <span class='ocrx_word' id='word_1_678' title='bbox 2379 4673 2480 4746; x_wconf 81' lang='grc' dir='ltr'><strong>ῆδη</strong></span> <span class='ocrx_word' id='word_1_679' title='bbox 2510 4673 2881 4739; x_wconf 89' lang='grc' dir='ltr'>ἀπολωλεκὼς</span> <span class='ocrx_word' id='word_1_680' title='bbox 2895 4675 2995 4748; x_wconf 79' lang='grc' dir='ltr'>τὴν</span> <span class='ocrx_word' id='word_1_681' title='bbox 3010 4677 3213 4748; x_wconf 79' lang='grc' dir='ltr'>ψυχὴν,</span> <span class='ocrx_word' id='word_1_682' title='bbox 3237 4677 3330 4732; x_wconf 89' lang='grc' dir='ltr'><strong>διά</strong></span> <span class='ocrx_word' id='word_1_683' title='bbox 3343 4695 3404 4733; x_wconf 88' lang='grc' dir='ltr'><strong>τε</strong></span> <span class='ocrx_word' id='word_1_684' title='bbox 3431 4678 3531 4751; x_wconf 79' lang='grc' dir='ltr'><strong>τήν</strong></span> <span class='ocrx_word' id='word_1_685' title='bbox 3550 4681 3847 4752; x_wconf 84' lang='grc' dir='ltr'>ἀδράνειαν</span> 
     </span>
    </p>
   </div>
   <div class='ocr_carea' id='block_1_98' title="bbox 2272 4765 3848 4842">
    <p class='ocr_par' dir='ltr' id='par_1_98' title="bbox 2272 4765 3848 4842">
     <span class='ocr_line' id='line_1_98' title="bbox 2272 4765 3848 4842; baseline 0.005 -24"><span class='ocrx_word' id='word_1_686' title='bbox 2272 4765 2381 4818; x_wconf 90' lang='grc' dir='ltr'><strong>τῶν</strong></span> <span class='ocrx_word' id='word_1_687' title='bbox 2429 4766 2817 4836; x_wconf 83' lang='grc' dir='ltr'>πνευματικῶν</span> <span class='ocrx_word' id='word_1_688' title='bbox 2859 4766 3232 4840; x_wconf 89' lang='grc' dir='ltr'>λειτουργιῶν,</span> <span class='ocrx_word' id='word_1_689' title='bbox 3289 4770 3383 4824; x_wconf 77' lang='grc' dir='ltr'>καὶ</span> <span class='ocrx_word' id='word_1_690' title='bbox 3431 4771 3531 4842; x_wconf 81' lang='grc' dir='ltr'><strong>τὴν</strong></span> <span class='ocrx_word' id='word_1_691' title='bbox 3564 4772 3848 4842; x_wconf 78' lang='grc' dir='ltr'>ἀπραξίαν</span> 
     </span>
    </p>
   </div>
   <div class='ocr_carea' id='block_1_99' title="bbox 2273 4855 3850 4934">
    <p class='ocr_par' dir='ltr' id='par_1_99' title="bbox 2273 4855 3850 4934">
     <span class='ocr_line' id='line_1_99' title="bbox 2273 4855 3850 4934; baseline 0.005 -26"><span class='ocrx_word' id='word_1_692' title='bbox 2273 4856 2383 4909; x_wconf 87' lang='grc' dir='ltr'><strong>τῶν</strong></span> <span class='ocrx_word' id='word_1_693' title='bbox 2423 4855 2754 4926; x_wconf 88' lang='grc' dir='ltr'>σωματικῶν</span> <span class='ocrx_word' id='word_1_694' title='bbox 2790 4857 3063 4929; x_wconf 75' lang='grc' dir='ltr'>ἐργασιῶν</span> <span class='ocrx_word' id='word_1_695' title='bbox 3085 4875 3100 4890; x_wconf 76' lang='grc' dir='ltr'><strong>ο</strong></span> <span class='ocrx_word' id='word_1_696' title='bbox 3133 4859 3187 4913; x_wconf 86' lang='grc' dir='ltr'><strong>εί</strong></span> <span class='ocrx_word' id='word_1_697' title='bbox 3215 4860 3317 4914; x_wconf 87' lang='grc' dir='ltr'><strong>πού</strong></span> <span class='ocrx_word' id='word_1_698' title='bbox 3354 4877 3409 4914; x_wconf 90' lang='grc' dir='ltr'><strong>τι</strong></span> <span class='ocrx_word' id='word_1_699' title='bbox 3450 4861 3542 4914; x_wconf 86' lang='grc' dir='ltr'>καὶ</span> <span class='ocrx_word' id='word_1_700' title='bbox 3569 4861 3850 4934; x_wconf 73' lang='grc' dir='ltr'>μετελάμ-</span> 
     </span>
    </p>
   </div>
   <div class='ocr_carea' id='block_1_100' title="bbox 2275 4949 3852 5028">
    <p class='ocr_par' dir='ltr' id='par_1_100' title="bbox 2275 4949 3852 5028">
     <span class='ocr_line' id='line_1_100' title="bbox 2275 4949 3852 5028; baseline 0.004 -26"><span class='ocrx_word' id='word_1_701' title='bbox 2275 4949 2405 5003; x_wconf 84' lang='grc' dir='ltr'>ϐανε</span> <span class='ocrx_word' id='word_1_702' title='bbox 2465 4949 2664 5021; x_wconf 81' lang='grc' dir='ltr'>βρῶμα</span> <span class='ocrx_word' id='word_1_703' title='bbox 2715 4951 3050 5022; x_wconf 82' lang='grc' dir='ltr'>κατάλληλον</span> <span class='ocrx_word' id='word_1_704' title='bbox 3103 4955 3170 5025; x_wconf 77' lang='grc' dir='ltr'>τῇ</span> <span class='ocrx_word' id='word_1_705' title='bbox 3247 4955 3410 5027; x_wconf 84' lang='grc' dir='ltr'>νόσῳ,</span> <span class='ocrx_word' id='word_1_706' title='bbox 3441 4955 3594 5028; x_wconf 77' lang='grc' dir='ltr'>ήκαὶ</span> <span class='ocrx_word' id='word_1_707' title='bbox 3631 4955 3852 5026; x_wconf 83' lang='grc' dir='ltr'>λουτρῷ</span> 
     </span>
    </p>
   </div>
   <div class='ocr_carea' id='block_1_101' title="bbox 2273 5039 3855 5116">
    <p class='ocr_par' dir='ltr' id='par_1_101' title="bbox 2273 5039 3855 5116">
     <span class='ocr_line' id='line_1_101' title="bbox 2273 5039 3855 5116; baseline 0.005 -23"><span class='ocrx_word' id='word_1_708' title='bbox 2273 5040 2396 5095; x_wconf 86' lang='grc' dir='ltr'>καθ’</span> <span class='ocrx_word' id='word_1_709' title='bbox 2440 5039 2687 5112; x_wconf 83' lang='grc' dir='ltr'>ὑπακοὴν</span> <span class='ocrx_word' id='word_1_710' title='bbox 2739 5042 3102 5114; x_wconf 84' lang='grc' dir='ltr'>κεχρημένος,</span> <span class='ocrx_word' id='word_1_711' title='bbox 3144 5045 3463 5116; x_wconf 84' lang='grc' dir='ltr'>ηύχαρίστει</span> <span class='ocrx_word' id='word_1_712' title='bbox 3499 5046 3598 5116; x_wconf 73' lang='grc' dir='ltr'>μὲν</span> <span class='ocrx_word' id='word_1_713' title='bbox 3625 5046 3708 5116; x_wconf 81' lang='grc' dir='ltr'>τῷ</span> <span class='ocrx_word' id='word_1_714' title='bbox 3733 5048 3855 5101; x_wconf 82' lang='grc' dir='ltr'><strong>Κυ-</strong></span> 
     </span>
    </p>
   </div>
   <div class='ocr_carea' id='block_1_102' title="bbox 2277 5131 3856 5204">
    <p class='ocr_par' dir='ltr' id='par_1_102' title="bbox 2277 5131 3856 5204">
     <span class='ocr_line' id='line_1_102' title="bbox 2277 5131 3856 5204; baseline 0.006 -20"><span class='ocrx_word' id='word_1_715' title='bbox 2277 5132 2402 5204; x_wconf 87' lang='grc' dir='ltr'>ρίῳ,</span> <span class='ocrx_word' id='word_1_716' title='bbox 2437 5133 2628 5202; x_wconf 73' lang='grc' dir='ltr'>ἠνιᾶτο</span> <span class='ocrx_word' id='word_1_717' title='bbox 2663 5131 2723 5186; x_wconf 78' lang='grc' dir='ltr'>δὲ</span> <span class='ocrx_word' id='word_1_718' title='bbox 2766 5132 2856 5186; x_wconf 87' lang='grc' dir='ltr'><strong>διά</strong></span> <span class='ocrx_word' id='word_1_719' title='bbox 2886 5133 2984 5204; x_wconf 76' lang='grc' dir='ltr'>τὴν</span> <span class='ocrx_word' id='word_1_720' title='bbox 3026 5135 3233 5191; x_wconf 87' lang='grc' dir='ltr'>ἀνεσιν.</span> <span class='ocrx_word' id='word_1_721' title='bbox 3281 5136 3419 5191; x_wconf 79' lang='grc' dir='ltr'>Ἀλλ’</span> <span class='ocrx_word' id='word_1_722' title='bbox 3455 5137 3626 5202; x_wconf 75' lang='grc' dir='ltr'>ὅντως</span> <span class='ocrx_word' id='word_1_723' title='bbox 3681 5139 3856 5194; x_wconf 75' lang='grc' dir='ltr'>καλὸν</span> 
     </span>
    </p>
   </div>
   <div class='ocr_carea' id='block_1_103' title="bbox 2275 5222 3855 5300">
    <p class='ocr_par' dir='ltr' id='par_1_103' title="bbox 2275 5222 3855 5300">
     <span class='ocr_line' id='line_1_103' title="bbox 2275 5222 3855 5300; baseline 0.004 -24"><span class='ocrx_word' id='word_1_724' title='bbox 2275 5222 2490 5276; x_wconf 90' lang='grc' dir='ltr'>δίαυλον</span> <span class='ocrx_word' id='word_1_725' title='bbox 2520 5223 2615 5277; x_wconf 76' lang='grc' dir='ltr'>καὶ</span> <span class='ocrx_word' id='word_1_726' title='bbox 2641 5223 2868 5295; x_wconf 82' lang='grc' dir='ltr'>ήλιακὺν</span> <span class='ocrx_word' id='word_1_727' title='bbox 2891 5224 3094 5297; x_wconf 89' lang='grc' dir='ltr'>δρόμον</span> <span class='ocrx_word' id='word_1_728' title='bbox 3110 5229 3140 5282; x_wconf 88' lang='grc' dir='ltr'><strong>ό</strong></span> <span class='ocrx_word' id='word_1_729' title='bbox 3164 5227 3521 5300; x_wconf 82' lang='grc' dir='ltr'>πανεύφημος</span> <span class='ocrx_word' id='word_1_730' title='bbox 3540 5229 3855 5293; x_wconf 73' lang='grc' dir='ltr'>τετέλεκε-δ,</span> 
     </span>
    </p>
   </div>
   <div class='ocr_carea' id='block_1_104' title="bbox 2278 5317 3860 5394">
    <p class='ocr_par' dir='ltr' id='par_1_104' title="bbox 2278 5317 3860 5394">
     <span class='ocr_line' id='line_1_104' title="bbox 2278 5317 3860 5394; baseline 0.004 -23"><span class='ocrx_word' id='word_1_731' title='bbox 2278 5318 2341 5372; x_wconf 81' lang='grc' dir='ltr'>τὸ</span> <span class='ocrx_word' id='word_1_732' title='bbox 2373 5317 2439 5388; x_wconf 84' lang='grc' dir='ltr'>δὴ</span> <span class='ocrx_word' id='word_1_733' title='bbox 2471 5317 2796 5388; x_wconf 87' lang='grc' dir='ltr'>λεγόμενον,</span> <span class='ocrx_word' id='word_1_734' title='bbox 2833 5319 2898 5386; x_wconf 80' lang='grc' dir='ltr'>ἐξ</span> <span class='ocrx_word' id='word_1_735' title='bbox 2936 5321 3185 5394; x_wconf 81' lang='grc' dir='ltr'>ὑπακοῆς</span> <span class='ocrx_word' id='word_1_736' title='bbox 3217 5322 3502 5388; x_wconf 82' lang='grc' dir='ltr'>ἀνατείλας</span> <span class='ocrx_word' id='word_1_737' title='bbox 3528 5325 3625 5380; x_wconf 77' lang='grc' dir='ltr'>καὶ</span> <span class='ocrx_word' id='word_1_738' title='bbox 3653 5326 3735 5388; x_wconf 85' lang='grc' dir='ltr'><strong>εἰς</strong></span> <span class='ocrx_word' id='word_1_739' title='bbox 3755 5325 3860 5378; x_wconf 78' lang='grc' dir='ltr'><strong>ὕπ-</strong></span> 
     </span>
    </p>
   </div>
   <div class='ocr_carea' id='block_1_105' title="bbox 2104 5451 2342 5512">
    <p class='ocr_par' dir='ltr' id='par_1_105' title="bbox 2104 5451 2342 5512">
     <span class='ocr_line' id='line_1_105' title="bbox 2104 5451 2342 5512; baseline 0.017 -4"><span class='ocrx_word' id='word_1_740' title='bbox 2104 5451 2315 5508; x_wconf 60' lang='grc' dir='ltr'><strong>ΝΟΤΑΕ</strong></span> <span class='ocrx_word' id='word_1_741' title='bbox 2327 5493 2342 5512; x_wconf 89' lang='grc'><strong>.</strong></span> 
     </span>
    </p>
   </div>
   <div class='ocr_carea' id='block_1_106' title="bbox 666 5567 2276 5650">
    <p class='ocr_par' dir='ltr' id='par_1_106' title="bbox 666 5567 2276 5650">
     <span class='ocr_line' id='line_1_106' title="bbox 666 5567 2276 5650; baseline -0.004 -18"><span class='ocrx_word' id='word_1_742' title='bbox 666 5580 740 5650; x_wconf 73' lang='lat' dir='ltr'><strong>(It)</strong></span> <span class='ocrx_word' id='word_1_743' title='bbox 781 5577 1054 5648; x_wconf 90' lang='lat' dir='ltr'><strong>Scriptum</strong></span> <span class='ocrx_word' id='word_1_744' title='bbox 1075 5583 1195 5631; x_wconf 89' lang='lat' dir='ltr'><strong>erat</strong></span> <span class='ocrx_word' id='word_1_745' title='bbox 1223 5571 1439 5636; x_wconf 75' lang='grc' dir='ltr'>ἑαυτοῦ,</span> <span class='ocrx_word' id='word_1_746' title='bbox 1469 5567 1612 5642; x_wconf 90' lang='lat' dir='ltr'><strong>quod</strong></span> <span class='ocrx_word' id='word_1_747' title='bbox 1637 5567 2022 5640; x_wconf 78' lang='lat' dir='ltr'><strong>corrigendum</strong></span> <span class='ocrx_word' id='word_1_748' title='bbox 2051 5569 2276 5627; x_wconf 74' lang='lat' dir='ltr'><strong>credidi.</strong></span> 
     </span>
    </p>
   </div>
   <div class='ocr_carea' id='block_1_107' title="bbox 2384 5571 3598 5651">
    <p class='ocr_par' dir='ltr' id='par_1_107' title="bbox 2384 5571 3598 5651">
     <span class='ocr_line' id='line_1_107' title="bbox 2384 5571 3598 5651; baseline 0.005 -25"><span class='ocrx_word' id='word_1_749' title='bbox 2384 5571 2450 5644; x_wconf 82' lang='grc' dir='ltr'><strong>(ι)</strong></span> <span class='ocrx_word' id='word_1_750' title='bbox 2488 5573 2620 5631; x_wconf 87' lang='lat' dir='ltr'><strong>Item</strong></span> <span class='ocrx_word' id='word_1_751' title='bbox 2647 5579 2918 5650; x_wconf 86' lang='grc' dir='ltr'>ἐπιρείας,</span> <span class='ocrx_word' id='word_1_752' title='bbox 2944 5581 3090 5651; x_wconf 89' lang='lat' dir='ltr'><strong>quod</strong></span> <span class='ocrx_word' id='word_1_753' title='bbox 3133 5578 3271 5634; x_wconf 85' lang='lat' dir='ltr'><strong>nihil</strong></span> <span class='ocrx_word' id='word_1_754' title='bbox 3292 5577 3598 5648; x_wconf 76' lang='lat' dir='ltr'><strong>significat.</strong></span> 
     </span>
    </p>
   </div>
   <div class='ocr_carea' id='block_1_108' title="bbox 668 5688 3582 5770">
    <p class='ocr_par' dir='ltr' id='par_1_108' title="bbox 668 5688 3582 5770">
     <span class='ocr_line' id='line_1_108' title="bbox 668 5688 3582 5770; baseline 0 -17"><span class='ocrx_word' id='word_1_755' title='bbox 668 5698 783 5768; x_wconf 74' lang='lat'><strong>(29)</strong></span> <span class='ocrx_word' id='word_1_756' title='bbox 817 5697 1003 5753; x_wconf 66' lang='lat' dir='ltr'><strong>Cwsus</strong></span> <span class='ocrx_word' id='word_1_757' title='bbox 1032 5711 1062 5749; x_wconf 90' lang='lat' dir='ltr'><strong>a</strong></span> <span class='ocrx_word' id='word_1_758' title='bbox 1092 5693 1341 5766; x_wconf 86' lang='lat' dir='ltr'><strong>Bulgaris</strong></span> <span class='ocrx_word' id='word_1_759' title='bbox 1371 5689 1712 5761; x_wconf 79' lang='lat' dir='ltr'><strong>Nicepiiorns</strong></span> <span class='ocrx_word' id='word_1_760' title='bbox 1745 5688 1880 5760; x_wconf 89' lang='lat' dir='ltr'><strong>imp.</strong></span> <span class='ocrx_word' id='word_1_761' title='bbox 1915 5689 1986 5748; x_wconf 79' lang='lat'><strong>26</strong></span> <span class='ocrx_word' id='word_1_762' title='bbox 2021 5690 2150 5748; x_wconf 78' lang='lat' dir='ltr'><strong>Julii</strong></span> <span class='ocrx_word' id='word_1_763' title='bbox 2191 5705 2338 5749; x_wconf 86' lang='lat' dir='ltr'><strong>anno</strong></span> <span class='ocrx_word' id='word_1_764' title='bbox 2365 5692 2488 5760; x_wconf 81' lang='lat' dir='ltr'><strong>8H,</strong></span> <span class='ocrx_word' id='word_1_765' title='bbox 2521 5696 2610 5752; x_wconf 89' lang='lat' dir='ltr'><strong>cui</strong></span> <span class='ocrx_word' id='word_1_766' title='bbox 2641 5698 2910 5754; x_wconf 89' lang='lat' dir='ltr'><strong>successit</strong></span> <span class='ocrx_word' id='word_1_767' title='bbox 2944 5697 3171 5755; x_wconf 77' lang='lat' dir='ltr'><strong>Michael</strong></span> <span class='ocrx_word' id='word_1_768' title='bbox 3199 5697 3582 5770; x_wconf 75' lang='lat' dir='ltr'><strong>Cumpalates.</strong></span> 
     </span>
    </p>
   </div>
  </div>
