4064 6372
288 321 400 386 845

947 323 1228 385 ORATIO
1263 323 1371 384 XI.
1407 349 1476 362 -
1513 321 1893 384 LAUDATIO
1929 321 1992 382 S.
2025 319 2398 382 PLATONIS
2437 321 2870 384 HEGUMENI.

3417 319 3524 383 846

280 433 456 505 ακοὴν
494 431 828 504 καταλήξας³
855 435 922 503 τῇ
938 431 1276 503 δωδεκαταίᾳ
1291 431 1400 502 γὰρ
1425 431 1534 483 τῶν
1547 429 1704 500 ὡρῶν
1725 431 1858 500 ἡμε-

1970 427 2161 481 iientia
2219 410 2472 483 videlicet
2525 428 2825 498 incipiens,
2854 434 2910 482 et
2937 425 2993 482 in
3025 425 3340 482 obedientta
3369 429 3528 492 desi-

282 528 410 598 ρινῇ
468 525 702 598 περιόδῳ
765 523 1052 594 ἰσάριθμον
1096 524 1188 578 τὸν
1232 522 1342 578 τῶν
1370 521 1509 576 ἐτῶν
1535 521 1736 575 κύκλον
1769 522 1852 590 ἐφ’

281 619 502 690 ἑκάστῳ
532 617 704 686 ἀγῶνι
732 611 1022 688 διηνυκὼς,
1045 615 1128 679 είς
1150 615 1299 686 ζωὴν
1344 611 1562 668 αἰώνιον
1591 611 1856 682 ἀδιαδόχῳ

282 711 428 779 φωτὶ
453 708 849 764 ἀνασεϐίωκεν.
891 706 1141 778 Ἀρίθμει
1191 708 1316 770 τοὺς
1358 704 1599 775 ἀγῶνας,
1641 705 1736 758 καὶ
1766 704 1858 756 εύ-

285 802 478 874 ρήσεις
509 801 636 863 τοὺς
692 799 943 871 χρόνους,
1003 797 1154 850 ὀκτὼ
1207 796 1345 869 πρὸς
1399 795 1851 866 τεσσαράκοντα·

284 892 521 963 πρόσθες
547 891 675 954 τοὺς
701 890 808 960 πρὸ
835 889 933 960 τῆς
964 889 1247 960 άποταγῆς
1259 885 1692 950 δισδυοκαίδεκα,
1720 885 1856 955 πρὸς

284 983 470 1046 ἄλλοις
495 982 756 1052 τέσσαρσι
783 982 891 1035 τῶν
933 978 1209 1049 διωγμῶν,
1243 977 1338 1030 καὶ
1375 976 1525 1048 τρισὶ
1553 976 1650 1046 τῆς
1691 976 1856 1029 ἀσθε-

285 1073 456 1138 νείας,
487 1072 584 1127 καὶ⁵
608 1073 864 1144 εὑρήσεις
893 1071 970 1143 τῷ
1007 1067 1354 1142 ὀγδοηκοστῷ
1396 1067 1509 1121 ἔτει
1555 1067 1695 1139 πλὴν
1741 1067 1859 1130 ἐνὸς

285 1164 667 1237 τελειούμενον
697 1166 787 1219 τὸν
813 1165 1081 1235 ἀοίδιμον.

366 1430 478 1501 μβ’.
520 1430 659 1483 Ἀλλ’
689 1429 760 1485 ti)!
805 1430 916 1496 πῶς
943 1431 1211 1502 ἀδακρυτὶ
1239 1431 1300 1482 τὸ
1323 1429 1514 1484 τούτου
1535 1431 1862 1503 διηγήσαιμι

288 1523 441 1587 τέλος
463 1541 478 1590 ;
506 1524 722 1577 Ἐκειτο
751 1524 779 1575 ὁ
803 1523 1000 1595 γέρων,
1021 1522 1208 1594 ὥσπερ
1225 1542 1276 1576 τι
1293 1526 1462 1593 γέρας
1483 1524 1685 1598 τίμιον,
1711 1525 1862 1594 ἡτοι-

295 1613 576 1682 μασμένος
607 1614 704 1685 τὴν
743 1613 922 1684 ψυχὴν
950 1613 1086 1684 πρὸς
1108 1613 1207 1684 τὴν
1235 1611 1434 1679 ἔξοδον,
1470 1612 1564 1666 καὶ
1614 1611 1801 1684 κύκλῳ
1830 1614 1863 1684 ὴ

293 1702 593 1774 ἀδελφότης
625 1703 985 1774 περιχυθεῖσα
1008 1703 1189 1775 ἐξῄτει
1212 1701 1320 1756 τῶν
1351 1701 1514 1772 ίερῶν
1541 1703 1864 1774 προσευχῶν

291 1771 461 1848 αὐτού
516 1771 713 1850 λαϐεῖνῂ
753 1771 816 1850 τὸ
863 1771 1184 1867 δῶρονοτκαὶ
1231 1771 1462 1866 ἐπείπερ
1505 1771 1601 1848 ἕνα
1630 1771 1860 1851 ἕκαστον
1891 1771 1937 1832 Β

289 1883 596 1955 ηύλόγησεν
637 1885 734 1939 καὶ
785 1889 1196 1956 κατησπάσατο,
1225 1889 1444 1944 ἄπεισιν
1485 1888 1582 1944 καὶ
1605 1890 1742 1961 πρὸς
1768 1890 1860 1943 τὸν

287 1973 484 2042 τάφον,
519 1973 579 2046 ὃν
603 1976 666 2028 ἐκ
688 1973 855 2028 πόθου
891 1976 1074 2044 ἐζήτει
1105 1974 1275 2029 πάλαι
1331 1975 1650 2043 θεάσασθαι,
1677 1977 1725 2030 εί
1767 1978 1863 2032 καὶ

288 2065 394 2117 ούκ
423 2066 790 2134 ἐπετύγχανεν
821 2063 916 2118 τοῦ
963 2067 1326 2136 καταθυμίου.
1361 2070 1504 2138 κοπῇ
1561 2067 1654 2122 τοῦ
1705 2068 1864 2138 θελή-

296 2172 468 2226 ματος
492 2172 506 2186 ⁸
537 2156 596 2209 ὃν
653 2156 798 2219 ίδὼν,
833 2155 1007 2228 ἐχάρη
1072 2155 1214 2219 λίαν,
1268 2156 1762 2228 άνθωμολογήσατο
1785 2157 1864 2229 τῷ

290 2246 508 2318 Κυρίῳ,
523 2248 618 2300 ἐπε
628 2247 764 2302 ιπών
784 2265 797 2278 ·
817 2249 980 2316 Αὕτη
996 2247 1033 2316 ή
1052 2249 1397 2304 κατάπαυσί
1401 2269 1432 2314 ς
1442 2268 1563 2319 μου
1576 2253 1660 2316 εὶς
1679 2249 1867 2306 αἰῶνα

289 2338 542 2406 αἰῶνος·
577 2339 961 2410 μεθηρμόσατο
1010 2343 1106 2395 καλ⁵
1133 2341 1231 2412 τὴν
1265 2341 1451 2413 φωνὴν
1485 2342 1724 2413 ἐκείνην·
1762 2345 1864 2399 Θέ-

291 2432 462 2497 drum
495 2427 615 2483 τῶν
664 2431 1058 2500 φοϐουμένων
1099 2431 1288 2487 αὐτὸν
1337 2432 1578 2499 ποιήσει
1626 2435 1864 2503 Κύριος.

305 2518 596 2591 Ἕκίνιςσεν
615 2522 710 2574 καὶ
739 2523 849 2576 τῶν
875 2523 980 2588 ἔξω
1027 2523 1130 2578 οὐκ
1171 2524 1408 2593 ὀλίγους,
1432 2523 1482 2578 οἳ
1521 2525 1616 2579 καὶ
1659 2525 1734 2596 μὴ
1777 2526 1869 2579 εύ-

291 2607 628 2680 λαϐηθὲντες
654 2615 745 2666 τὸν
776 2614 970 2686 καιρὸν
996 2610 1084 2687 (ἦν
1112 2615 1222 2686 γὰρ
1255 2615 1361 2670 τῶν
1395 2616 1559 2686 ίερῶν
1599 2616 1868 2687 νηστειῶν

296 2702 594 2775 περίοδος),
615 2705 953 2778 συνέδραμον
991 2707 1345 2778 μοναδικοιτε
1380 2709 1473 2762 καὶ
1502 2708 1868 2780 μιγάδες,ηύ-

293 2791 504 2866 λογήθη
514 2813 630 2860 σαν,
657 2796 1016 2869 ὑπέστρεψεν,
1049 2798 1458 2869 ἐφοδιασθέντες
1477 2799 1640 2852 καλὸν
1656 2799 1870 2866 ἐφόδιον

293 2885 403 2956 τὴν
439 2887 648 2941 ἐκείνου
683 2889 844 2959 ἁγίαν
869 2890 1195 2962 παράθεσιν.
1222 2891 1332 2945 Καί
1350 2907 1414 2959 γε
1448 2892 1611 2955 αὐτὸς
1637 2892 1666 2944 ὁ
1710 2892 1872 2961 ἁγιώ-

296 2991 469 3038 τατος
501 2978 848 3050 πατριάρχης
878 2981 1076 3052 παρεὶς
1105 2981 1409 3052 ἐξῃτήσατο
1436 2981 1625 3052 εὐχὴν,
1647 2983 1744 3036 καὶ
1771 2981 1870 3036 λα-

1956 533 2126 583 neus;
2168 533 2292 572 cum
2324 518 2471 573 enim
2514 519 2712 573 diurno
2765 518 3026 574 horarum
3071 517 3360 574 duodecim
3416 519 3528 574 cir-

1955 606 2080 661 culo
2101 621 2285 674 parem
2319 620 2590 660 annorum
2627 607 2910 677 periodum
2951 607 3006 660 in
3035 621 3372 678 unoquoque
3405 621 3528 662 cer-

1955 697 2158 752 tamine
2181 698 2662 770 (50)explevisset,
2687 701 2753 754 ad
2774 709 3032 756 aeternam
3050 699 3241 766 vitam,
3265 709 3528 770 perpetuo

1957 787 2163 844 lumine
2212 789 2520 857 fruiturus,
2553 792 2860 861 emigravit.
2908 789 3148 845 Numera
3191 791 3518 858 certamina,

1955 892 2012 941 et
2045 884 2287 940 invenies
2309 900 2484 942 annos
2513 887 2870 956 quadraginta
2889 896 3032 941 octo.
3062 884 3207 942 Tum
3229 900 3408 940 annos
3439 885 3526 940 bis

1959 976 2252 1032 duodecim
2282 977 2420 1047 (51),
2444 987 2570 1033 ante
2585 977 3116 1032 abren’untiationem
3151 977 3337 1035 saeculi
3356 987 3528 1042 actos,

1953 1067 2123 1137 iunge
2148 1068 2272 1124 aliis
2299 1079 2536 1140 quatuor
2565 1071 2744 1135 annis,
2764 1085 2906 1139 quos
2938 1069 2992 1124 in
3016 1069 3526 1140 persecutionibus;

1957 1168 2011 1213 et
2037 1159 2233 1225 tribus,
2274 1175 2414 1231 quos
2463 1160 2517 1215 in
2585 1160 2906 1214 infirmitate
2950 1160 3192 1216 traduxit
3239 1161 3475 1216 Sanctus
3512 1179 3525 1213 :

1959 1259 2012 1305 et
2046 1251 2310 1316 invenies,
2341 1251 2515 1304 virum
2547 1251 2910 1306 venerabilem
2951 1251 3162 1307 abiisse
3191 1265 3335 1306 anno
3353 1251 3530 1306 aetatis

1960 1339 2104 1393 unde
2131 1341 2465 1410 octogesimo
2495 1339 2628 1411 (52).
2737 1377 2740 1380 .

2028 1431 2119 1485 42.
2164 1429 2270 1486 Sed
2304 1432 2580 1500 quomodo
2630 1431 2750 1486 sine
2798 1430 3056 1502 lacrymis
3105 1443 3335 1488 mortem
3385 1433 3534 1487 illius

1962 1519 2236 1577 narrabo?
2260 1518 2486 1576 Jacebat
2512 1535 2702 1588 senex,
2737 1520 2948 1576 habens
3002 1520 3242 1576 animam
3283 1532 3532 1590 paratam

1961 1611 2030 1666 ad
2091 1625 2414 1680 egressum,
2483 1611 2636 1665 velut
2701 1611 3030 1666 honoratum
3095 1609 3370 1679 quoddam
3439 1623 3534 1664 xe-

1965 1706 2118 1760 nium
2153 1703 2306 1777 (35);
2340 1714 2397 1760 et
2437 1704 2644 1760 circum
2674 1702 2850 1760 allusa
2887 1703 3203 1760 fraternitas
3236 1703 3450 1763 orabat.
3478 1710 3536 1755 ut

1966 1812 2170 1852 munus
2222 1795 2530 1852 orationum
2582 1795 2700 1866 ejus
2743 1804 3047 1850 mereretur
3074 1795 3344 1864 accipere.
3367 1793 3533 1863 Post-

1965 1901 2129 1954 quam
2162 1884 2329 1955 igitur
2353 1883 2654 1954 unicuique
2682 1883 2965 1955 sigillatim
2987 1883 3267 1938 benedixit
3285 1891 3339 1938 et
3369 1897 3537 1937 oscu-

1966 1974 2112 2030 latus
2139 1983 2242 2041 est,
2266 1975 2404 2030 abiit
2439 1975 2508 2032 ad
2578 1975 2918 2046 sepulcrum,
2986 1975 3132 2046 quod
3184 1975 3370 2030 videre
3421 1975 3532 2044 jam

1967 2066 2175 2136 pridem
2242 2067 2499 2122 ardenter
2545 2066 2942 2136 concupierat,
2972 2065 3225 2136 quamvis
3281 2075 3409 2120 voto
3436 2079 3540 2120 suo

1968 2156 2270 2213 frustratus
2317 2158 2518 2225 fuerit,
2548 2157 2679 2228 quia
2726 2172 3069 2228 prmpropera
3121 2166 3241 2213 erat
3285 2159 3410 2213 talis
3440 2171 3539 2212 vo-

1969 2245 2174 2301 luntas.
2196 2247 2330 2301 Illud
2350 2257 2532 2302 autem
2552 2263 2677 2302 cum
2704 2247 2950 2312 vidisset,
2988 2247 3210 2319 gavisus
3249 2257 3333 2302 est
3361 2247 3536 2308 valde.

1971 2347 2025 2392 et
2075 2337 2352 2392 benedixit
2415 2339 2730 2404 Dominum,
2779 2339 3036 2409 inquiens
3095 2356 3109 2394 :
3154 2339 3284 2394 Ha'c
3334 2342 3538 2408 requies

1971 2445 2086 2484 mea
2119 2431 2174 2484 in
2201 2431 2452 2484 swculum
2472 2431 2657 2485 seculi
2676 2432 2738 2488 ¹³.
2772 2431 2979 2488 Deinde
2997 2433 3156 2488 istam
3191 2447 3410 2502 quoque
3441 2446 3539 2486 vo-

1971 2539 2088 2580 cem
2120 2523 2435 2594 subjunxit:
2473 2522 2806 2580 Voluntatem
2831 2525 3130 2580 timentium
3157 2543 3212 2580 se
3238 2525 3398 2594 faciet
3431 2524 3509 2578 Do
3536 2553 3542 2566 ε

1972 2615 2144 2670 minus
2169 2615 2236 2670 ιδ.
2270 2615 2462 2670 Traxit
2494 2617 2660 2672 etiam
2703 2617 2772 2672 ad
2799 2631 2859 2672 se
2886 2626 3241 2672 externorum
3267 2632 3374 2672 non
3405 2631 3515 2687 patt

1973 2721 2070 2763 cos
2096 2723 2111 2761 :
2139 2707 2232 2776 qui
2266 2707 2417 2764 nulla
2471 2708 2656 2764 habita
2699 2709 2912 2764 ratione
2952 2708 3212 2777 temporis
3270 2709 3544 2778 (verteba-

1974 2805 2066 2852 tur
2088 2798 2232 2853 enim
2280 2798 2424 2853 sacri
2476 2797 2670 2869 jejunii
2727 2799 2989 2868 circulus)
3029 2799 3392 2855 accurrebant
3429 2809 3543 2856 tam

1975 2889 2230 2944 monachi
2263 2904 2424 2958 quam
2460 2891 2772 2958 saeculares,
2806 2891 3295 2961 benedictioneque
3318 2902 3540 2962 accepto

1977 2980 2389 3036 revertebantur
2457 2980 2712 3036 instructi
2767 2981 2836 3036 ad
2894 2981 2998 3038 iter
3049 2983 3256 3054 optimo
3317 2983 3540 3049 viatico,

297 3064 416 3118 σὼν
440 3068 742 3138 ἠσπάσατο.
771 3071 996 3139 Γέγονεν
1025 3073 1136 3142 τεὴ
1159 3072 1277 3145 ὥρα
1294 3071 1502 3143 ἐκείνη,
1525 3073 1707 3144 πάσης
1740 3074 1870 3127 ὐπο-

1977 3081 2180 3128 sanctae
2236 3073 2445 3128 scilicet
2501 3073 2860 3143 depositionis
2888 3077 3153 3130 memoria
3201 3077 3541 3148 (34).Quin-

297 3158 602 3229 νοουμένης
625 3160 882 3232 διαφορᾶς
902 3162 1278 3233 ἀλεξητήριον,
1310 3164 1420 3217 τῶν
1455 3164 1584 3235 πρὶν
1611 3163 1870 3238 λυπηρῶν

299 3249 550 3303 ἐκποδὼν
578 3255 983 3323 γεγενημένων.
1032 3255 1258 3310 Πάντων
1302 3251 1395 3309 οὖν
1430 3257 1871 3328 ύπεμνημάτισε,

298 3342 476 3394 πᾶσιν
504 3342 874 3414 ύπερηύξατο,
908 3346 1112 3400 ἅπασιν
1134 3347 1382 3417 ἀφίησιν,
1403 3347 1720 3418 ἐχθράνασι,
1750 3349 1876 3402 διώ-

299 3430 451 3496 ξασι,
488 3431 818 3504 λυπήσασιν,
853 3438 882 3490 ὁ
912 3437 988 3501 ὼς
1023 3437 1238 3508 άληθῶς
1271 3436 1366 3491 τοῦ
1414 3437 1551 3491 Θεοῦ
1589 3431 1875 3510 ἄνθρωπος

299 3525 398 3574 καὶ
424 3523 656 3596 Χριστὸν
683 3529 786 3579 κᾶν
814 3527 891 3597 τῷ
919 3526 1132 3597 θανάτῳ
1169 3527 1528 3598 μιμούμενος.

1975 3162 2087 3218 imo
2133 3162 2514 3218 sanctissimus
2545 3165 2856 3234 patriarcha
2895 3164 3068 3222 adfuit
3091 3167 3234 3238 (55),
3266 3177 3457 3238 petens
3483 3179 3544 3226 ut

1975 3263 2156 3309 oraret
2186 3269 2284 3324 pro
2316 3269 2415 3320 se;
2445 3270 2622 3325 eoque
2641 3255 2954 3326 impetrato,
2985 3260 3266 3314 osculatus
3292 3268 3376 3316 est
3390 3276 3540 3316 eum.

1976 3345 2164 3416 Itaque
2211 3346 2342 3400 hora
2393 3347 2484 3402 illa
2523 3348 2780 3404 omnibus
2828 3349 3258 3418 suspicantibus,
3289 3350 3541 3406 alieniori

1978 3437 2125 3507 ipsos
2158 3437 2226 3490 ab
2277 3437 2507 3492 invicem
2556 3451 2678 3493 esse
2716 3438 2922 3504 animo,
2958 3437 3102 3494 facta
3135 3438 3239 3495 fuit
3268 3440 3324 3495 in
3359 3456 3544 3496 reme-

1977 3528 2150 3590 dium,
2181 3526 2368 3596 procul
2401 3527 2659 3580 submota
2685 3542 3029 3598 quacunque
3067 3537 3225 3584 antea
3259 3529 3546 3587 exstiterat

296 3617 654 3684 aegritudine.
711 3615 957 3686 Denique
991 3632 1187 3672 omnes
1229 3617 1537 3685 admonuit,
1569 3617 1750 3672 oravit
1805 3632 1906 3688 pro
1975 3615 2256 3681 omnibus,
2308 3615 2567 3670 omnibus
2619 3617 2844 3686 ignovit,
2904 3633 3141 3687 quorum
3195 3619 3541 3684 inimicitias.

297 3711 744 3783 p.~rsecutiones.
809 3712 1090 3767 molestias
1132 3714 1351 3776 tulerat,
1396 3721 1585 3780 utpote
1621 3701 1748 3767 veFe
1773 3711 1859 3766 vir
1897 3711 2014 3777 Dei,
2049 3719 2103 3764 et
2131 3709 2412 3765 Christum
2445 3709 2611 3766 etiam
2649 3710 2704 3765 in
2733 3723 2911 3767 morte
2939 3713 3188 3769 imitans.

379 3809 494 3873 μγ’.
529 3802 752 3873 Ἐπειδὴ
781 3801 838 3856 δὲ
877 3801 974 3856 καὶ
1001 3802 1269 3874 διαθήκην
1310 3803 1420 3856 ἔδει
1457 3801 1764 3865 διαθέσθαι,
1793 3802 1881 3866 τίς

297 3891 484 3964 αὖτης
531 3893 596 3946 Ἠ
626 3893 906 3965 ὀρθόδοξος
951 3895 1155 3958 πίστις,
1189 3895 1283 3948 καὶ
1308 3895 1342 3965 ὴ
1369 3894 1600 3966 νόμιμος
1616 3893 1878 3956 πολιτεία,

299 3981 398 4048 αἷς
427 3985 742 4056 συνέζησεν,
775 3985 872 4039 καὶ
921 3985 1042 4056 μεθ’
1081 3980 1156 4040 ὧν
1202 3987 1555 4058 ἀπεδήμησεν
1585 4003 1602 4020 ο
1628 3986 1788 4040 τοῦτο
1820 3987 1880 4040 δὲ

300 4080 532 4134 κάκεῖνο
576 4079 877 4150 διανέμειν,
927 4079 988 4133 ού
1023 4080 1160 4150 πρὸς
1209 4079 1375 4133 αὐτοῦ
1413 4081 1515 4149 (ὅτι
1549 4080 1673 4150 μηδ’
1703 4081 1872 4148 αύτῆς

297 4173 406 4239 τῆς
422 4170 691 4240 ἐπωμίδος
715 4165 783 4241 ἦν
818 4170 1024 4241 κύριος)
1049 4168 1452 4224 διατάττεσθαι.
1489 4170 1708 4239 ’Δμέλει
1732 4172 1873 4240 ὲρω-

299 4260 498 4331 τηθεὶς
529 4260 664 4330 πρὸς
691 4259 824 4330 ἐμοῦ
853 4259 946 4312 τοῦ
967 4258 1222 4327 ἐλεεινοιλ
1241 4259 1314 4330 μή
1332 4277 1384 4313 τι
1411 4257 1586 4328 ἔχοιεν
1613 4259 1876 4330 παριστά·

305 4366 476 4423 μενον
500 4364 514 4378 °
549 4351 614 4422 τῇ
643 4350 744 4421 μὲν
781 4349 926 4422 χειρὶ
948 4348 1226 4422 ἁψάμενος
1287 4349 1382 4406 τοῦ
1438 4350 1677 4422 ἱματίου,
1715 4350 1877 4406 τοῦτο

391 4469 434 4500 ιι
465 4468 610 4526 Psal.
640 4483 830 4535 cuiu,
862 4469 949 4526 ιι.
1029 4470 1072 4508 ιι
1107 4467 1255 4526 Psal.
1285 4482 1464 4536 cum
1494 4469 1584 4530 i9.

2044 3801 2136 3856 45.
2172 3799 2444 3868 Quoniam
2484 3816 2616 3857 vero
2655 3803 2902 3871 Oportuit
2947 3802 3111 3858 etiam
3154 3813 3542 3864 testamentum

1975 3895 2140 3949 condi
2173 3913 2187 3949 :
2219 3895 2519 3966 quodnam,
2560 3910 2771 3966 quaeso,
2823 3895 3083 3966 reliquit?
3115 3896 3304 3954 Fidem
3363 3901 3548 3958 ortho-

1976 3987 2175 4040 doxam
2202 3998 2255 4041 et
2280 3989 2762 4044 conversationem
2786 3988 3118 4058 regularem,
3150 3989 3204 4043 in
3229 3991 3432 4060 quibus
3460 3993 3544 4048 vi-
3655 3987 3662 3998 '

1979 4078 2058 4131 xit
2085 4086 2140 4132 et
2173 4093 2296 4132 cum
2325 4079 2528 4148 quibus
2552 4080 2692 4133 obiit
2720 4097 2734 4135 :
2769 4079 2875 4134 hoc
2905 4089 3088 4136 autem
3121 4081 3203 4137 vel
3227 4082 3361 4139 illud
3416 4084 3544 4144 dis-

1979 4169 2251 4223 stribuere
2277 4169 2344 4223 ad
2380 4168 2534 4223 illum
2577 4185 2686 4223 non
2741 4169 3068 4240 pertinebat,
3115 4187 3242 4228 cum
3273 4190 3450 4245 neque
3481 4175 3551 4231 de

1981 4259 2099 4328 ipso
2121 4259 2286 4328 pallio
2307 4269 2490 4328 posset
2533 4269 2593 4315 ut
2635 4260 2898 4317 dominus
2924 4263 3136 4318 testari.
3175 4262 3419 4320 Tandem
3455 4281 3550 4320 ro-

1980 4362 2140 4422 gatus
2171 4368 2201 4406 a
2229 4369 2316 4410 me
2354 4353 2678 4421 miserabili,
2707 4369 2837 4410 num
2857 4355 2990 4425 quid
3013 4356 3242 4414 haberet
3270 4373 3549 4416 commen-

1810 4609 2040 4667 ΝΟΤᾸΞ.

382 4829 496 4912 (59)
525 4825 914 4910 Primum_sub
955 4825 1372 4912 obedientiausn.
1413 4826 1735 4912 Thepctisti,
1792 4846 1876 4887 se-
1908 4832 1952 4890 Ι)
1978 4829 2378 4912 exprimeretur
2423 4830 2703 4912 ejusque
2749 4832 2804 4912 in
2827 4831 3018 4912 Graeco
3054 4839 3139 4886 est
3159 4830 3226 4885 ad
3256 4844 3448 4912 vocum
3471 4832 3551 4887 si-

303 4897 553 4970 cundum
585 4897 659 4970 in_
681 4898 946 4970 regimine
979 4899 1297 4970 monasterii
1323 4898 1734 4970 §ymbnlorutn,
1761 4913 1874 4956 ter-

303 4972 448 5024 tium
469 4969 536 5043 _in
571 4966 930 5043 gubernando
959 4968 1292 5043 monasterio
1315 4966 1674 5037 Sticudionis,
1702 4966 1872 5043 quar-

304 5051 428 5095 tum
458 5037 933 5106 Constantinopoli
960 5036 1012 5091 in
1037 5037 1362 5094 reciusione.

382 5109 696 5191 ‘5”er
710 5107 1170 5191 ﬂcfuoxalbexq,
1205 5108 1307 5191 §ed
1327 5111 1500 5191 prima
1530 5109 1733 5191 syllaba
1753 5109 1874 5164 Sir-

304 5177 405 5236 leti
460 5180 651 5234 oculos
706 5177 866 5244 fugit,
898 5186 958 5232 ut
1007 5177 1282 5233 duodecim
1329 5177 1586 5245 verteret,
1615 5189 1670 5236 et
1703 5189 1875 5236 totam

305 5249 687 5320 chronologia;
710 5249 980 5303 rationem
1007 5248 1265 5320 turbavit.

384 5317 500 5390 (32)
539 5317 616 5390 Ei
670 5317 772 5374 hac
822 5320 935 5373 vita
990 5319 1231 5374 excessit
1282 5318 1666 5376 sanctissimus
1704 5319 1881 5385 Plato,

308 5389 917 5469 octogesimumaetatis
958 5403 1182 5469 apnum_
1213 5405 1326 5446 uno
1363 5392 1543 5469 minus
1579 5405 1778 5469 agens,
1801 5391 1884 5444 vir

307 5458 566 5532 pluribus
621 5458 944 5532 perfunctus
991 5458 1294 5532 laboribus,
1338 5462 1567 5532 egregiis
1619 5458 1884 5516 virtutum

308 5526 477 5585 Editis
508 5526 875 5585 documentis.
909 5527 986 5583 lta
1014 5528 1071 5583 S.
1105 5526 1394 5584 Theodori
1422 5526 1566 5596 Vita,

386 5600 502 5668 (55)
525 5599 715 5672 Graace
738 5597 964 5672 ἔκειτοὸ
991 5598 1191 5672 γέρων,
1216 5599 1406 5671 ὥσπερ
1432 5618 1484 5655 τι
1505 5605 1674 5671 γέρας
1697 5601 1880 5672 τίμιον

309 5667 721 5742 ἡτοιμασμένος
768 5670 868 5740 τὴν
900 5667 1216 5742 ψυχήν-εει
1245 5667 1424 5742 autem
1459 5667 1652 5742 γέρας,
1687 5667 1879 5742 decus,

313 5740 629 5810 praemium,
669 5752 770 5811 pro
824 5753 936 5811 quo
987 5740 1252 5798 vertimus
1298 5740 1540 5812 xenium,
1569 5748 1628 5796 ut
1661 5741 1884 5814 propius

1981 4899 2343 4971 militudinem
2402 4899 2694 4956 allusio‘nis
2751 4899 3546 4971 elegantia;quamUSirletus

1980 4970 2234 5041 neglexit,
2262 4970 2391 5024 dum
2420 4971 2492 5025 ita
2524 4971 2704 5036 vertit,
2751 4989 2770 5022 ι
2797 4969 3021 5026 Jacebat
3056 4969 3222 5026 senex
3270 4969 3362 5026 ille
3395 4973 3552 5027 senio

1980 5040 2273 5095 admodum
2303 5041 2589 5094 honorato.
2616 5058 2636 5091 ι

2049 5109 2164 5181 (54)
2181 5110 2368 5181 Graece
2383 5110 2484 5181 sint
2493 5110 2704 5179 pliciter
2718 5117 2802 5164 est
2825 5127 2843 5160 ι
2861 5118 3049 5164 sancta
3071 5111 3192 5179 ejus
3208 5110 3503 5181 depositio.
3530 5130 3548 5162 ι

1979 5177 2302 5250 παράθεσις.
2336 5177 2607 5243 Sirletus,
2643 5177 3146 5235 commendationem
3188 5177 3350 5236 vertit
3386 5199 3400 5236 :
3450 5197 3556 5250 pu-

1978 5251 2090 5333 tavi
2127 5251 2296 5306 menti
2327 5253 2570 5306 auctoris
2594 5251 2821 5320 propius
2851 5266 3203 5308 accessuram
3252 5255 3556 5323 paraphra-

1979 5337 2107 5378 smn.

2049 5390 2164 5462 (55)
2192 5387 2315 5462 Yita
2335 5389 2394 5462 S.
2414 5388 2688 5462 Theodori
2719 5403 2734 5445 :
2767 5409 2786 5441 ι
2813 5389 2870 5444 In
2901 5405 2967 5445 eo
2995 5391 3155 5445 etiam
3178 5389 3549 5445 abundantem

1977 5459 2290 5531 patriarcha
2329 5459 2617 5516 charitatis
2651 5475 2765 5515 sua:
2781 5462 2889 5514 vim
2915 5463 3193 5531 animique
3229 5468 3373 5514 recte
3399 5471 3553 5511 com-

1981 5529 2140 5603 positi
2187 5531 2466 5603 specimen
2489 5531 2753 5603 exhibuit.
2787 5529 3381 5603 Accurrensuipsetnet
3419 5540 3548 5580 cum

1980 5597 2242 5657 universo
2295 5599 2449 5670 clero
2463 5599 2530 5656 ad
2544 5600 2970 5670 monasterium,
2996 5597 3324 5670 moribundo
3353 5603 3547 5670 sancto

1989 5673 2183 5736 astitit.
2236 5677 2384 5725 totus
2441 5669 2497 5724 in
2521 5669 2673 5724 illum
2694 5670 2929 5733 deﬁxus,
2954 5668 3199 5722 tneinbra
3218 5665 3338 5734 ejus
3362 5665 3551 5720 omnia

1988 5741 2379 5811 complectens,
2410 5741 2761 5811 suaviterque
2802 5739 3016 5812 singula
3045 5737 3394 5796 deosculans.
3427 5753 3448 5788 ι
3543 5803 3550 5812 ,
