4064 6372
577 347 682 410 847
1803 356 1861 418 S.
1901 356 2294 422 THEODORI
2324 357 2666 422 STUDIT/E
3718 368 3823 433 848

570 460 836 527 dandum,
861 473 1026 518 manu
1053 472 1261 520 vestem
1278 468 1717 538 apprehendens,
1739 481 1860 522 eam
1875 469 2141 532 excussit,

2247 471 2587 535 κατέσεισεν,
2620 469 2696 534 ὡς
2734 468 3002 542 σύμϐολον
3057 471 3308 544 ὑπακοῆς
3360 473 3816 547 παντελευθέρου,

569 550 630 605 in
655 551 875 622 signum
920 555 1348 625 expeditissima
1385 555 1746 628 obedientiae;
1786 567 1840 615 et
1873 575 2008 616 voce
2043 561 2141 617 ad-

569 631 797 698 modum
843 643 1120 701 submissa
1180 645 1338 713 dixit,
1394 647 1536 703 nihil
1589 648 1812 716 habere,
1861 664 1929 706 eo
1992 652 2140 722 quod

570 735 758 790 omnia
792 749 929 792 mea
964 737 1222 808 parvitati
1261 741 1655 797 committeret.
1711 739 1884 798 Porro
1913 755 2141 813 praeter-

568 825 812 880 eundum
845 841 952 882 non
991 835 1076 884 est
1107 828 1336 900 aliquid,
1361 830 1470 884 vim
1504 830 1713 887 habens
1742 833 2137 902 praedictionis,

570 918 720 987 quod
749 931 947 989 nempe
970 918 1257 975 funebrem
1299 929 1524 976 cantum
1563 921 1667 979 sibi
1693 925 1809 994 ipse
1837 933 1964 981 ante
1990 942 2141 982 mor-

573 1021 680 1065 tem
706 1011 993 1068 cecinerit.
1025 1011 1162 1068 Cum
1197 1013 1344 1069 enim
1375 1029 1440 1070 ex
1464 1025 1687 1087 pectore
1713 1019 2013 1084 laboraret,
2049 1036 2140 1077 as-

570 1099 844 1169 siduoque
883 1101 1184 1156 anhelitum
1236 1102 1482 1171 duceret,
1529 1121 1594 1162 ex
1643 1119 1909 1164 consueta
1955 1126 2138 1168 rerum

568 1187 880 1242 divinarum
909 1189 1271 1247 meditatione
1287 1196 1542 1251 movebat
1583 1196 1748 1264 labia,
1783 1199 2020 1254 maxime
2049 1215 2144 1254 au-

571 1286 682 1332 tem
707 1280 974 1348 psallebat
997 1280 1144 1336 illam
1171 1297 1342 1339 sacrae
1357 1288 1629 1344 cantionis
1655 1291 2017 1360 particulam:
2043 1290 2142 1346 Re-

571 1380 784 1440 surgent
831 1374 1049 1438 mortui,
1087 1381 1139 1428 et
1173 1376 1264 1445 qui
1296 1377 1352 1430 in
1386 1381 1738 1435 monumentis
1790 1390 1913 1437 sunt
1968 1383 2142 1436 susci-

573 1461 845 1525 tabuntur.
877 1471 928 1518 et
972 1463 1298 1522 fwtabantur
1347 1471 1437 1539 qui
1485 1482 1606 1526 sunt
1653 1473 1880 1529 interra
1922 1491 1942 1528 :
1976 1491 2140 1545 quem

570 1552 966 1612 suavissimum
1010 1571 1228 1614 versum
1290 1559 1620 1619 hortabatur
1671 1575 1730 1620 ut
1768 1581 1953 1621 secum
1983 1583 2145 1623 cane-

571 1656 696 1702 rent
745 1647 842 1718 qui
886 1659 1087 1719 praesto
1117 1659 1304 1720 erant,
1337 1655 1518 1725 quoad
1548 1655 1699 1727 loqui
1733 1660 1932 1729 potuit,
1957 1669 2011 1715 et
2041 1676 2141 1716 vo-

569 1751 690 1794 cem
717 1740 803 1796 vel
839 1742 1222 1799 tenuissimam
1245 1746 1516 1804 emittere.
1550 1747 1749 1806 Secuta
1790 1763 1970 1808 autem
2005 1770 2141 1810 can-

574 1839 688 1884 tum
717 1839 805 1887 est
837 1846 1010 1899 mors,
1049 1843 1182 1890 tunc
1233 1835 1311 1892 illi
1360 1837 1680 1906 adveniens,
1713 1846 1935 1914 quando
1968 1845 2142 1902 insta-
2172 1804 2214 1860 Β

571 1921 668 1977 bat
695 1924 962 1980 memoria
987 1923 1122 1995 justi
1153 1925 1349 1984 Lazari
1401 1930 1534 2003 (36),
1567 1934 1632 1988 ad
1681 1951 1842 2005 quem
1907 1935 2141 1993 refertur

569 2023 770 2072 cantus
800 2015 914 2082 ille,
943 2025 999 2073 et
1027 2029 1150 2076 cum
1183 2031 1295 2092 'quo
1321 2037 1453 2094 pars
1483 2025 1605 2094 ejus
1636 2026 1703 2080 de
1732 2043 1844 2094 quo
1879 2029 2036 2086 nobis
2058 2041 2143 2086 est

569 2119 782 2164 sermo.

639 2201 735 2256 ιιι.
762 2199 1008 2272 Denique
1033 2211 1364 2273 extremum,
1411 2207 1720 2272 insurrans,
1747 2207 1940 2267 Estote
1976 2213 2138 2281 salvi,

569 2289 886 2364 decoroque
913 2291 1105 2350 habitu
1131 2297 1346 2366 jacens,
1387 2313 1512 2354 cum
1542 2297 1610 2354 ad
1654 2299 1934 2357 dexteram
1981 2304 2142 2359 incli-

571 2392 758 2440 nasset
783 2391 968 2454 caput,
995 2387 1216 2457 placido
1243 2403 1307 2445 ac
1342 2389 1449 2445 leni
1478 2400 1630 2446 motu
1677 2393 1950 2464 corporis,
1997 2395 2141 2452 velut

569 2477 662 2546 qui
717 2477 772 2530 in
831 2477 1054 2548 propria
1099 2479 1254 2536 abire
1300 2481 1798 2552 disponit,clausit
1834 2487 2048 2552 oculos,
2075 2503 2140 2542 ea

569 2579 674 2638 qua
707 2567 790 2624 sol
823 2571 1102 2626 occumbit
1133 2572 1296 2636 liora,
1323 2581 1379 2630 et
1405 2574 1662 2644 spiritum
1701 2592 1862 2632 suum
1889 2588 2138 2634 sanctum

572 2657 794 2714 tradidit
838 2659 1072 2730 angelis,
1098 2662 1280 2732 ipsd’m
1304 2664 1369 2718 ad
1401 2665 1570 2720 solem
1600 2665 1830 2736 justitia:
1871 2667 2139 2725 deductu-

569 2749 666 2805 ris.
686 2747 754 2803 Et
771 2764 918 2805 nunc
948 2750 1040 2807 ille
1063 2753 1280 2823 quidem
1307 2755 1363 2809 in
1392 2757 1550 2812 ctelis
1581 2765 1665 2812 est
1701 2757 1836 2830 (56‘)
1861 2758 2038 2815 audeo
2055 2760 2139 2816 di-

567 2855 715 2905 cere,
777 2853 888 2896 non
945 2841 1127 2898 solum
1175 2843 1412 2900 ascetico
1466 2846 1725 2916 dignatus
1781 2849 2008 2918 ordine,
2041 2852 2138 2907 sed

567 2929 953 2988 confessorum
991 2933 1443 2992 adnumerandus
1461 2937 1679 2994 choreis
1700 2957 1713 2993 :
1739 2955 1972 3008 quorum
1989 2943 2135 2998 enim

567 3017 868 3080 certamina
929 3025 1175 3096 pertulit,
1212 3027 1409 3082 horum
1448 3029 1671 3086 indubie
1707 3033 1874 3086 etiam
1905 3033 2139 3090 haeredi-

2241 561 2428 634 φωνὴν
2451 561 2508 616 δὲ
2531 561 2760 634 ἀφίησιν
2785 559 2904 618 λίαν
2962 561 3212 634 ἀμυδρὰν
3263 564 3386 634 μηδ’
3421 564 3606 620 ὁτιοῦν
3651 566 3818 636 ἔχειν,

2239 653 2328 707 διὰ
2352 653 2414 706 τὸ
2441 653 2625 707 πάντα
2656 652 2950 707 ἀναθέσθαι
2972 653 3038 726 τῇ
3062 655 3391 709 ταπεινώσει
3415 673 3549 727 μου.
3579 657 3691 710 Καὶ
3711 658 3821 728 μὴν

2239 745 2352 800 οὐδ’
2379 746 2555 799 ἐκεῖνο
2583 743 3016 817 παραλείψομαι,
3067 747 3428 818 προρρήσεως
3476 747 3601 818 ἔχον
3642 747 3821 818 ἔμφα-

2242 856 2348 902 σιν,
2385 838 2467 892 ὅτι
2501 836 2664 900 αὐτὸς
2689 835 2869 908 ἑαυτῷ
2901 840 3190 908 ἐπιτάφιον
3238 839 3380 912 ᾠδὴν
3417 841 3526 912 πρὸ
3581 840 3818 896 Θανάτου

2243 923 2649 995 μεμλῲδηκεν.
2693 922 3059 996 Συνεχόμενος
3095 927 3204 998 γάρ
3246 928 3352 982 ὑπὸ
3414 927 3508 983 τοῦ
3557 927 3814 999 Θώρακος

2241 1011 2336 1064 καὶ
2369 1010 2689 1081 ἀσθμαίνων
2717 1011 3018 1084 ἐπάλληλα,
3065 1013 3238 1070 ἐκίνει
3293 1015 3392 1088 μὲν
3449 1019 3517 1072 τά
3549 1017 3709 1089 χείλη
3757 1020 3820 1073 ἐκ

2239 1101 2339 1171 τῆς
2371 1100 2638 1172 συνήθους
2668 1101 2817 1175 αὐτῷ
2852 1104 2962 1158 τῶν
3001 1104 3162 1160 θείων
3211 1107 3466 1179 μελέτης,
3508 1107 3819 1178 ὑπέψαλλεν

2238 1193 2298 1247 δὲ
2329 1193 2563 1262 μάλιστα
2591 1194 2652 1247 τὸ
2688 1194 2791 1266 τῆς
2833 1195 2982 1268 ᾠδῆς
3029 1195 3248 1270 ἐκείνης
3295 1199 3493 1271 μέρος,
3536 1203 3821 1269 Ἀναστή-

2239 1298 2454 1339 σονται
2481 1287 2535 1339 οι
2561 1286 2782 1354 νεκροί,
2833 1288 2931 1341 καί
2989 1288 3415 1358 ἐγερθήσονται
3464 1294 3520 1346 οἱ
3575 1292 3646 1345 ἐν
3695 1293 3820 1360 τοῖς

2237 1377 2549 1445 μνημείοις
2575 1376 2675 1430 καί
2703 1378 3230 1447 εὐφρανθήσονται
3265 1383 3319 1436 οι
3346 1383 3416 1436 ἑν
3439 1381 3515 1453 τῇ
3550 1383 3650 1453 τῇ,
3695 1402 3822 1439 συνο

2243 1468 2392 1540 ᾴδειν
2421 1467 2572 1538 αὐτῷ
2609 1470 3052 1541 προτρεπόμενος
3097 1474 3482 1546 συνεχέστερον
3522 1477 3616 1530 τὸν
3649 1477 3821 1532 αὐτὸν

2241 1557 2346 1628 ἢδη
2403 1556 2584 1627 στίχον
2641 1559 2770 1622 τοὺς
2831 1561 3306 1632 παρισταμένους,
3332 1563 3438 1628 ἕως
3487 1565 3555 1619 ἂν
3582 1565 3821 1635 ⁴ίξδύνατο

2245 1645 2470 1711 σθένειν,
2499 1647 2590 1700 καὶ
2622 1647 2827 1719 μικρὰν
2862 1650 3078 1718 ἀφιέναι
3125 1653 3332 1724 φωνήν.
3362 1653 3474 1708 Καί
3510 1671 3575 1724 γε
3608 1658 3818 1727 ἐπηκο-

2242 1737 2506 1808 λούθησεν
2525 1739 2592 1809 τῇ
2616 1736 2726 1810 ᾠδῇ
2754 1739 2788 1810 ἡ
2817 1739 3094 1812 κοίμησις,
3138 1741 3260 1796 τότε
3321 1743 3599 1814 φθάσασα,
3649 1746 3820 1817 ἡνίκα

2242 1827 2398 1898 ἡτοῦ
2439 1826 2649 1882 δικαίου
2693 1827 2949 1901 Λαζάρου
2991 1832 3179 1904 μνήμη
3227 1832 3454 1906 ἐπέστη,
3485 1835 3626 1906 πρὸς
3667 1836 3734 1891 ὃν
3785 1838 3818 1908 ἡ

2241 1917 2494 1990 ἀναφορά
2518 1917 2620 1990 τῆς
2646 1916 2816 1991 ᾠδῆς,
2845 1921 2939 1976 καὶ
2976 1923 3098 1995 μεθ’
3123 1917 3184 1978 οὗ
3212 1926 3247 1997 η
3289 1927 3450 2000 μερὶς
3492 1927 3587 1982 τοῦ
3639 1921 3817 2000 οὗπερ

2240 2011 2270 2063 ὁ
2300 2010 2476 2080 λόγος.

2315 2185 2422 2258 με.
2462 2177 2599 2243 Εἶτα
2621 2187 2933 2242 τελευταῖον
2977 2189 3040 2242 τὸ
3089 2188 3359 2254 σώζεσθαι
3403 2189 3818 2260 ὲπιψιθυρίσας,

2241 2276 2336 2330 ἐπὶ
2366 2277 2645 2347 σχήματός
2693 2293 2756 2330 τε
2796 2275 3108 2348 εὐπρεποῦς
3163 2276 3440 2348 κείμενος,
3485 2277 3587 2346 τὴν
3634 2278 3819 2347 κάραν

2240 2369 2474 2435 δεξιόθεν
2501 2368 2886 2437 ὲπικεκλικὼς,
2938 2368 3140 2424 οὑτωσὶ
3180 2371 3385 2441 πραείᾳ
3436 2371 3533 2422 καὶ
3565 2369 3820 2440 ἠρεμαίᾳ

2239 2463 2306 2534 τῇ
2350 2461 2566 2532 κινήσει
2608 2459 2705 2516 τοῦ
2753 2460 3030 2532 σώματος,
3055 2460 3132 2524 ὥς
3175 2461 3258 2523 εἰς
3293 2461 3360 2515 τά
3405 2460 3514 2514 ῐδια
3553 2459 3820 2531 ἀπαίρειν

2241 2551 2696 2623 προαιρούμενος,
2727 2549 2908 2622 μύσας
2933 2551 3063 2614 τοὺς
3087 2549 3400 2620 ὀφθαλμοὺς
3441 2550 3502 2602 ὲν
3550 2547 3673 2621 ὥρᾳ
3727 2547 3823 2602 δύ-

2239 2657 2380 2707 σεως
2411 2641 2590 2713 ἡλίου,
2615 2641 2936 2715 παρέδωκεν
2969 2640 3074 2714 τὴν
3111 2639 3274 2710 ἁγίαν
3316 2640 3497 2711 ψυχὴν
3540 2643 3659 2704 τοῖς
3709 2641 3821 2696 ἀπ-

2239 2733 2466 2802 άγουσιν
2493 2733 2664 2806 αὐτὴν
2693 2733 2868 2802 ἁγίοις
2894 2733 3147 2804 ἀγγέλοις
3172 2733 3309 2814 πρὸς
3329 2733 3420 2787 τὸν
3434 2733 3587 2804 ἥλιον
3615 2732 3722 2803 τῆς
3749 2731 3823 2786 δι-

2239 2826 2552 2896 καιοσύνης.
2579 2826 2690 2880 Καὶ
2717 2825 2814 2880 νῦν
2857 2826 3006 2880 ἐστιν
3031 2828 3060 2880 ὁ
3101 2825 3202 2897 μὲν
3223 2827 3282 2879 ὲν
3311 2825 3584 2898 οὐρανοῖς,
3612 2826 3674 2880 οὐ
3727 2823 3824 2896 μόο

2239 2935 2330 2972 νον
2380 2916 2690 2989 ἀσκητικῆς
2741 2916 2949 2981 τάξεώς
2977 2934 3037 2971 τε
3059 2917 3155 2971 καὶ
3200 2917 3600 2988 παραστάσεως
3629 2913 3822 2988 θαρρῶ

2238 3007 2419 3078 λέγειν
2449 3007 2774 3080 ἠξιωμένος,
2797 3007 2934 3062 ἀλλὰ
2959 3007 3069 3080 γὰρ
3090 3007 3184 3061 καὶ
3204 3007 3554 3080 ὁμολογητῶν
3573 3006 3822 3078 χορείαις

569 3126 737 3172 tatem
793 3092 1191 3190 participavit:
1224 3130 1318 3176 aut
1353 3121 1401 3177 si
1449 3121 1660 3192 placet,
1694 3139 1820 3180 cum
1869 3125 2135 3196 subjectis

2240 3099 2609 3172 ἠριθμημένος
2631 3114 2646 3132 ο
2674 3092 2750 3152 ὧν
2789 3097 2899 3170 γὰρ
2929 3099 3055 3162 τοὺς
3080 3098 3276 3162 ἀθλους
3303 3099 3558 3169 ἤνεγκεν,
3612 3096 3824 3151 τούτων

565 3209 854 3278 subjectus
901 3207 1348 3280 probatissimus,
1387 3211 1500 3266 imo
1545 3211 1627 3268 bis
1671 3213 1936 3269 obediens
1976 3230 2137 3270 coro-

571 3297 762 3352 narius
787 3315 802 3364 ;
831 3309 956 3353 cum
1014 3299 1284 3354 ‘solitariis
1343 3300 1622 3358 solitarius
1653 3301 1931 3373 legitimus
1959 3321 1974 3371 ;
2008 3321 2134 3360 cum

569 3387 812 3457 prmlatis
853 3389 1114 3459 praelatus
1173 3390 1562 3462 dignissimus,
1598 3407 1722 3449 cum
1749 3394 1997 3461 inclusis,
2025 3411 2137 3451 non

569 3477 750 3533 solum
808 3477 1079 3544 inclusus,
1113 3481 1208 3536 sed
1228 3483 1392 3537 etiam
1432 3481 1717 3552 subditus;
1747 3486 2004 3557 quodque
2037 3501 2140 3543 au-

570 3578 792 3643 gustum
845 3569 1136 3640 inprimis,
1192 3587 1316 3628 cum
1381 3573 1794 3632 confessoribus
1853 3577 2140 3634 confessor

571 3662 870 3730 genuinus,
903 3663 1082 3732 reipsa
1134 3665 1315 3720 verbis
1345 3675 1664 3722 altestante.
1693 3665 1806 3738 Ego
1838 3679 2019 3724 autem
2055 3671 2139 3724 in-

573 3753 727 3818 felix,
757 3754 966 3823 Optimo
985 3755 1213 3811 orbatus
1258 3765 1450 3826 patre;
1479 3759 1566 3813 cui
1621 3774 1845 3814 manum
1893 3759 2137 3831 injiciam

569 3843 758 3901 animo
799 3843 1115 3902 ﬂuctuans?
1151 3861 1312 3918 quem
1363 3848 1766 3905 admonitorem
1805 3849 2083 3908 inveniam
2107 3868 2138 3907 a

568 3946 742 3994 recta
771 3937 1056 3995 declinans
1101 3941 1358 3996 ratione?
1383 3941 1664 4012 quomodo
1704 3944 1834 3998 mali
1871 3941 2140 4002 daemonis

568 4031 855 4087 incursum
887 4029 1118 4102 fugiam,
1156 4047 1264 4088 non
1299 4033 1511 4092 habens
1537 4045 1588 4091 te
1633 4036 2001 4093 domesticum
2056 4038 2142 4093 in-

567 4133 902 4182 structorem
935 4123 1352 4198 doctoremque.

641 4373 733 4428 45.
763 4373 883 4439 Ast,
909 4387 945 4427 ο
975 4372 1222 4429 divinum
1266 4373 1402 4428 mihi
1430 4382 1485 4431 et
1502 4387 1719 4428 sacrum
1753 4383 1938 4444 caput,
1971 4381 2028 4428 tu
2056 4389 2142 4430 me

2235 3190 2394 3263 δῆλον
2425 3190 2509 3243 ὅτι
2537 3188 2636 3242 καὶ
2660 3185 2764 3258 τῆς
2796 3188 3130 3261 κληρουχίας
3165 3187 3493 3259 μετείληφεν
3517 3203 3536 3220 ο
3566 3189 3618 3241 εί
3641 3187 3823 3260 βούλει

2235 3279 2318 3344 δὲ,
2354 3277 2494 3350 μετά
2525 3275 2908 3332 ύποτακτικῶν
2947 3275 3308 3338 ύποτακτικδς
3341 3274 3587 3344 δόκιμος,
3619 3274 3824 3344 μᾶλλον

2236 3371 2295 3426 δὲ
2321 3371 2401 3434 δίς
2429 3369 2671 3441 ὑπήκοος
2699 3367 3047 3438 στεφανίτης,
3083 3366 3204 3437 μεθ’
3254 3364 3579 3436 ὴσυχαστῶν
3611 3367 3824 3436 ἡσυχα-

2239 3461 2373 3532 στὴς
2424 3461 2669 3532 ἔννομος,
2727 3460 2869 3528 μετά
2913 3455 3244 3530 καθηγητῶν
3301 3455 3628 3529 καθηγητὴς
3673 3457 3823 3530 ἔνθεο

2240 3571 2398 3625 σμος,
2449 3553 2589 3623 μετὰ
2643 3551 2974 3621 έγκλείστων
3001 3552 3063 3604 οὐ
3099 3550 3261 3621 μόνον
3311 3547 3653 3618 ἔγκλειστος,
3687 3547 3822 3602 ἀλλά

2239 3643 2333 3698 καὶ
2360 3641 2762 3712 ύεεοτακτήτης,
2783 3637 2812 3694 ὃ
2833 3640 2931 3694 καὶ
2955 3639 3275 3711 σεϐάσμιον,
3309 3638 3446 3709 μετά
3464 3637 3822 3710 ὀμολογητῶν

2238 3732 2580 3804 ὁμολογητὴς
2606 3731 3066 3802 ἀπαράγραπτος,
3112 3727 3499 3802 μαρτυρούσης
3547 3727 3632 3796 τῷ
3679 3727 3824 3796 λόγῳ

2237 3825 2340 3894 τῆς
2372 3823 2644 3894 πράξεως.
2675 3821 2817 3890 Ἐγὼ
2837 3821 2894 3876 δὲ
2925 3823 2954 3876 ὁ
2973 3821 3253 3892 δύστηνος,
3281 3819 3713 3892 ἀπορφανισθεὶς
3731 3817 3822 3871 τοῦ

2239 3913 2406 3968 καλοῦ
2439 3911 2673 3983 Πατρὺς,
2701 3910 2805 3965 ποῦ
2839 3911 3000 3982 χεῖρα
3027 3909 3394 3983 ἀπερείσομαι
3451 3908 3597 3963 κατά
3639 3907 3824 3978 ψυχὴν

2242 3987 2602 4074 σαλευόμενος
2625 4018 2642 4067 ;
2668 4002 2790 4055 τίνα
2823 4000 3183 4074 ύπομνηστὴν
3223 3999 3443 4072 εὕροιμι
3486 3997 3823 4069 παραλόγως

2241 4096 2578 4167 φερόμενοςς
2616 4093 2736 4158 πῶς
2779 4092 2874 4148 τοῦ
2897 4093 3154 4167 Πονηροῦ
3199 4093 3301 4166 τὴν
3329 4091 3519 4163 ἔφοδον
3565 4090 3821 4160 φύγοιμι,

2244 4191 2321 4260 μὴ
2349 4189 2412 4242 σὲ
2439 4187 2531 4241 τδν
2579 4185 2838 4258 νουθετὴν
2883 4187 2978 4243 καὶ
3021 4187 3321 4259 παιδευτὴν
3369 4185 3630 4257 εὐπορῶν
3673 4187 3821 4240 οἰκο-

2243 4281 2334 4335 θεν
2358 4299 2374 4349 ;

2317 4381 2422 4446 με’.
2465 4373 2608 4430 Ἀλλ’
2638 4369 2684 4430 ὧ
2715 4373 2836 4428 θεία
2877 4389 2970 4444 μοι
3018 4372 3112 4426 καὶ
3157 4371 3282 4442 ίερά
3344 4369 3582 4442 κεφαλὴ.
3633 4369 3701 4424 σύ
3755 4385 3822 4440 με

569 4482 636 4522 ex
693 4467 806 4522 alto
844 4465 1115 4537 propitius
1167 4466 1400 4535 respice,
1422 4465 1698 4520 labantem
1753 4465 1937 4536 erige.
1969 4465 2141 4536 dirige

2243 4470 2567 4535 ὲποπτεύοις
2580 4471 2788 4526 ἀνωθεν
2803 4469 2985 4533 ῖλεως,
2999 4467 3098 4523 καὶ
3117 4467 3365 4540 ἀνορθοῖς
3385 4465 3821 4521 καταπίπτοντα.

571 4557 932 4627 gradientem,
974 4569 1135 4612 serva
1170 4555 1524 4620 incolumem,
1549 4570 1711 4625 pasce
1752 4570 1965 4612 mecum
1993 4556 2140 4612 hunc

570 4665 810 4721 gregem,
844 4648 1225 4721 quem-multo
1281 4648 1467 4703 labore
1506 4657 1560 4703 et
1590 4647 1792 4704 sudore
1839 4647 2142 4718 collegisti;

570 4751 646 4797 ut‘
665 4744 776 4800 tuis
814 4743 1077 4798 insistens
1111 4741 1377 4812 vestigiis,
1408 4739 1653 4794 ambulet
1697 4754 1791 4808 per
1818 4739 1960 4794 viam
1989 4754 2144 4794 man-

569 4835 822 4892 datorum
868 4835 1003 4891 Dei:
1034 4834 1290 4898 observa,
1349 4831 1493 4896 fove,
1530 4847 1813 4903 propugna
1875 4842 1986 4888 tam
2023 4847 2142 4887 ma-

571 4941 709 4998 gnos
772 4941 936 4998 quam
995 4940 1215 4997 parvos,
1239 4924 1702 4996 quemadmodum
1757 4933 1810 4979 te
1857 4923 2042 4994 rogavi
2084 4925 2138 4977 in

571 5017 705 5072 hora
764 5017 947 5074 exitus
997 5013 1224 5073 tuiztui
1279 5015 1424 5072 enim
1491 5023 1619 5071 sunt
1660 5028 1874 5081 omnes,
1908 5028 2141 5084 quorum

569 5110 740 5163 duces
764 5107 862 5162 filii
887 5108 972 5162 tui
997 5117 1147 5174 sunt,
1179 5117 1275 5164 aut
1297 5107 1394 5163 filii
1435 5106 1672 5162 filiorum
1709 5122 1724 5160 :
1757 5115 1815 5160 ut
1845 5105 1900 5160 in
1935 5103 2048 5158 Deo
2084 5111 2140 5158 et

2241 4563 2336 4618 καὶ
2358 4562 2655 4627 διευθύνοις
2684 4561 3070 4632 πορευόμενον,
3086 4561 3182 4614 καὶ
3201 4560 3486 4628 συντηροῖς
3507 4555 3822 4628 ἀνεπηρέα-

2243 4671 2405 4722 στον,
2440 4654 2593 4723 ἄγοις
2651 4671 2713 4708 τε
2761 4653 2858 4708 καὶ
2903 4649 3330 4723 συμποιμαίνοις
3381 4666 3496 4721 μοι,
3521 4649 3621 4702 καὶ
3663 4647 3820 4718 τήνδε

2244 4744 2345 4816 τὴν
2402 4745 2658 4816 ποίμνην,
2697 4744 2769 4814 ἢν
2798 4741 3012 4806 πολλοῖς
3047 4741 3235 4805 πόνοις
3277 4757 3336 4794 τε
3363 4740 3457 4793 καὶ
3479 4739 3661 4807 ἀγῶσι
3699 4753 3820 4790 συν-

2245 4834 2480 4906 εστήσω,
2503 4834 2564 4888 ιν
2599 4833 2772 4905 ίχνεσι
2811 4835 2923 4896 τοῖς
2961 4831 3077 4895 σοίς
3119 4832 3466 4902 περιπατεῖν,
3511 4830 3570 4884 ἐν
3611 4827 3822 4899 τρίϐοις

2245 4925 2357 4980 τῶν
2385 4926 2546 4980 θείων
2568 4923 2798 4979 ἐντολῶν
2841 4922 3196 4995 πορεύεσθαι,
3237 4924 3478 4986 σκέπων,
3514 4921 3816 4992 περιέπων,

2250 5017 2617 5088 προπολεμῶν
2646 5017 2755 5070 τῶν
2771 5017 3030 5087 μεγάλων
3061 5033 3155 5070 σου
3175 5016 3270 5070 καὶ
3291 5013 3505 5085 μικρῶν
3527 5012 3816 5082 ποιμνίων,

2241 5106 2424 5172 καθὼς
2452 5109 2548 5163 καὶ
2591 5107 2836 5178 ὑπέσχου
2883 5109 2942 5161 ἐν
2983 5107 3161 5180 καιρῷ
3213 5121 3309 5160 σου
3329 5105 3430 5176 τῆς
3469 5103 3694 5170 ἐξόδους
3725 5102 3818 5156 καὶ

2071 5195 2306 5253 NOTAE.

643 5288 759 5359 (36)
788 5287 864 5343 Ita
890 5289 957 5343 ad
987 5289 1212 5344 verbum
1248 5285 1456 5343 Graeca.
1501 5286 1737 5343 Sirlelus
1766 5287 1964 5359 vertit:_
1991 5286 2140 5341 Iusti

569 5356 769 5414 La'zari
801 5359 1016 5430 ejusque
1057 5359 1161 5430 diei
1213 5359 1331 5429 festi
1365 5361 1696 5430 memoriam,
1736 5357 1897 5430 quale
1943 5356 2141 5430 festum

573 5433 786 5488 nullum
825 5428 1031 5484 habent
1069 5428 1241 5484 ϐιαιῡί
1272 5447 1286 5495 ;
1319 5430 1410 5483 scd
1447 5428 1770 5499 simpliciter
1797 5428 2139 5499 memoriam,

570 5501 864 5558 occasione
919 5499 1187 5567 evangelii
1258 5500 1431 5568 pridie
1481 5497 1779 5556 Doinluicte
1822 5497 2141 5554 Palmarum

571 5570 902 5641 legenditut
931 5584 1110 5641 supra,
1128 5571 1359 5641 dictum.

642 5633 771 5711 (ὅθ’)
796 5633 1017 5711 Ἐοᾱεηῖ
1037 5637 1173 5711 _Vila
1220 5640 1287 5694 de
1315 5638 1733 5711 sepulturaista
1775 5635 1962 5711 addit:
1999 5654 2017 5687 ι
2043 5633 2146 5711 Cui

2236 5289 2460 5368 tandem
2491 5305 2692 5368 corpus
2729 5289 2989 5368 sepulcro
3021 5285 3290 5368 condidit,
3349 5286 3535 5342 multis
3562 5287 3821 5368 undique

2237 5357 2662 5436 confluentibus,
2694 5357 2926 5436 ejusque
2948 5358 3345 5436 depositionem
3393 5373 3494 5427 pro
3525 5357 3667 5410 virili
3697 5369 3823 5436 pro-

2239 5429 2584 5510 hibentibus.
2617 5429 2939 5510 ut__qui'_ne‘c
2967 5437 3190 5510 mortuo
3217 5429 3456 5510 quidem.
3490 5436 3683 5510 sancto
3713 5429 3821 5510 pti-

2235 5501 2601 5577 varihvellent.
2627 5519 2645 5553 ι
2671 5492 2751 5577 Et'_
2766 5501 2869 5556 sub
2891 5499 3051 5554 linem
3235 5492 3354 5577 ista
3371 5497 3681 5577 habentur:
3713 5492 3735 5545 ἃ
3763 5492 3818 5548 ln

2241 5568 2422 5624 Studii
2457 5572 2792 5627 monasterio
2833 5579 2888 5625 et
2936 5569 3117 5640 magni
3142 5567 3388 5623 Platonis
3421 5577 3475 5623 et
3515 5567 3652 5620 beati
3684 5579 3821 5634 quo-

2240 5641 2610 5711 qchosephi
2651 5643 2804 5698 dives
2826 5655 2954 5696 arca
2990 5641 3196 5710 pariter
3223 5647 3542 5711 asset-vatur
3565 5655 3581 5690 :
3606 5645 3653 5689 el
3697 5649 3818 5687 cor-

574 5707 831 5782 tanquam
859 5708 1008 5782 Patri
1035 5708 1261 5782 Patrum
1286 5707 1427 5782 cuin
1478 5709 1788 5782 patriarcha
1829 5707 2148 5782 innumeris
2240 5707 2344 5782 pus
2372 5710 2430 5768 S.
2459 5707 2734 5769 Theodori
2767 5712 2823 5766 in
2853 5707 3078 5768 Patrum
3115 5714 3330 5766 thecam
3364 5709 3574 5764 illatum
3605 5715 3713 5760 est.
3756 5721 3778 5755 ι

573 5777 876 5838 luminibus
901 5781 1191 5848 that-isque
1207 5779 1389 5836 sumtu
1409 5777 1557 5848 iusta
1605 5777 1980 5850 persolvisset,
2003 5789 2148 5850 aegre
