4064 6372
267 388 378 454 849

913 392 1198 455 ORATIO
1234 396 1374 457 XII.
1408 422 1479 434 ο-
1503 399 1888 464 LAUDA'I‘IO
1918 403 1979 465 S.
2021 402 2338 466 ARSENII
2374 405 2923 472 ANACHORETE.

3422 420 3529 486 850
3592 382 3593 387 χ

266 503 380 570 γάρ
413 515 511 553 σου
547 497 776 569 ποίμνια
828 499 1028 565 πάντα,
1070 496 1145 556 ὧν
1193 504 1336 558 εἰσιν
1370 506 1751 578 καθηγεμόνες
1780 509 1850 563 τά

1949 516 2092 584 apud
2153 515 2325 569 Deum
2367 526 2421 569 te
2449 514 2713 571 habentes
2753 526 3072 586 patronum,
3105 534 3529 591 permaneamus

265 592 339 646 σά
370 592 561 656 τέκνα,
600 590 694 643 καὶ
723 589 789 644 ἐκ
821 590 1029 645 τέκνων
1056 594 1255 663 ἔγγονα
1277 612 1291 628 ·
1317 595 1394 660 ὡς
1442 597 1753 671 ἂν-ἐχοντές
1791 620 1853 657 σε

263 685 511 746 ἅπαντες
551 682 633 746 είς
676 679 814 736 Θεὸν
837 682 932 736 καὶ
957 684 1095 756 πρὸς
1118 684 1253 740 Θεδν
1277 691 1680 765 προασπιστὴν,
1708 694 1853 767 ἀπή-

268 793 465 847 μαντοι
500 775 853 847 διαμένοιμεν
923 776 1178 847 ἀοράτων
1230 795 1291 832 τε
1376 781 1472 836 καὶ
1550 785 1850 857 ὁρωμένων

263 869 500 941 ἐχθρῶν,
535 869 705 941 μηδὲν
734 867 984 939 ύφιέντες
1001 869 1089 924 διὰ
1115 870 1282 940 φόϐον
1316 872 1417 945 τῆς
1447 873 1732 946 ὀρθοδόξου
1757 879 1849 933 πί-

264 979 459 1029 στεως,
518 961 643 1034 μηδ’
673 957 741 1015 αὖ
786 962 1146 1034 ἐκφερόμενοι
1218 963 1331 1019 τῶν
1387 965 1551 1023 θείων
1596 968 1849 1039 ἐντολῶν,

265 1055 395 1126 μήτ’
422 1051 497 1129 αὖ
518 1053 692 1129 θύραν
722 1054 1034 1123 ἀνοίγοντες
1082 1054 1386 1129 ἀπροσεείᾳ
1429 1061 1546 1125 τοῖς
1581 1060 1851 1133 ὀλεθρίοις

260 1144 516 1209 πάθεσιν,
566 1145 706 1219 μήτε
750 1143 857 1216 μὴν
887 1144 1387 1217 κατολιγωροῦντες
1414 1150 1517 1221 τῆς
1535 1151 1844 1223 ἀσκήσεως,

261 1237 323 1289 ὲν
344 1234 568 1307 Χριστῷ
602 1232 778 1305 Ἰησοῦ
809 1234 889 1306 τῷ
934 1234 1128 1307 Κυρίῳ
1157 1235 1336 1307 ἡμῶν,
1378 1230 1424 1307 ᾧ
1456 1239 1490 1310 ἡ
1532 1238 1660 1305 δόξα
1685 1240 1781 1293 καὶ
1809 1241 1845 1312 ἡ

258 1328 401 1399 τιμὴ
426 1326 611 1382 καὶτὸ
658 1328 882 1399 κράτος,
927 1327 1026 1381 σὺν
1076 1325 1156 1398 τῷ
1203 1329 1609 1401 παντοκράτορι
1645 1329 1842 1401 Πατρὶ,

259 1419 360 1476 καὶ
391 1418 469 1490 τῷ
507 1417 757 1489 ζωοποιῷ
771 1418 869 1473 καὶ
897 1417 1148 1489 παναγίῳ
1178 1419 1481 1491 Πνεύματι,
1503 1420 1600 1476 νῦν
1615 1422 1708 1476 καὶ
1732 1422 1841 1490 ἀεὶ,

260 1513 363 1568 καὶ
392 1515 473 1579 είς
507 1514 634 1579 τοὺς
656 1512 860 1576 αίῶνας
883 1510 995 1565 τῶν
1023 1510 1258 1567 αίώνων.
1304 1512 1497 1584 ’Δμήν.

1949 605 2224 662 immunes
2244 606 2315 661 ab
2341 605 2594 661 hostibus
2614 606 2927 665 visibilibus
2952 620 3007 666 et
3038 611 3425 682 invisibilibus,
3461 634 3528 674 ne

1945 711 2045 769 per
2077 690 2330 753 timorem
2362 697 2701 755 declinemus
2738 713 2768 754 a
2811 716 2939 757 vera
2973 703 3078 759 ﬁde
3110 705 3165 761 in
3197 707 3408 779 aliquo,
3441 711 3527 766 vel

1946 788 2242 845 eﬂ‘eramur
2291 800 2446 846 extra
2498 790 2591 847 Dei
2645 803 3058 865 praecepta;ne
3102 813 3199 868 per
3248 800 3524 872 ignaviam

1946 881 2260 951 aperiamus
2280 881 2508 953 januam
2562 887 2745 955 pravis
2798 886 3128 958 aﬂectibns;
3171 906 3240 948 ne
3285 894 3527 965 denique

1950 972 2268 1029 deﬁciamus
2324 974 2379 1030 in
2435 977 2831 1034 exercitatione
2871 982 3175 1051 proposita,
3211 983 3265 1039 in
3301 984 3526 1043 Christo

1946 1063 2080 1122 Jesu
2126 1064 2357 1122 Domino
2397 1076 2608 1134 nostro,
2638 1069 2728 1124 cui
2782 1079 2867 1126 est
2918 1071 3114 1140 gloria.
3147 1074 3328 1129 honor
3349 1085 3402 1131 et
3423 1092 3524 1147 po-

1948 1166 2137 1225 testas,
2192 1174 2317 1215 cum
2381 1159 2544 1217 Patre
2584 1163 2950 1235 omnipotenti
3006 1174 3170 1236 atque
3226 1167 3443 1222 viviﬁco
3470 1179 3525 1225 et

1945 1250 2300 1307 sanctissimo
2325 1250 2557 1322 Spiritu,
2585 1270 2754 1323 nunc,
2787 1264 2843 1313 et
2871 1270 3114 1329 semper,
3144 1266 3197 1313 et
3228 1258 3283 1313 in
3317 1260 3522 1317 sa‘cula

1944 1342 2297 1400 surculorum.
2335 1344 2534 1403 Amen.

1800 1775 1941 1839 Xll.

1134 1946 1549 2012 LAUDATIO
1590 1948 1653 2011 S.
1701 1946 2022 2010 ARSENII
2068 1945 2661 2013 ANACHORETIE.

259 2111 348 2166 E1
386 2119 678 2182 pervctusto
701 2108 877 2167 codice
908 2108 1056 2168 Petri
1091 2109 1370 2184 Seguiegii,
1406 2110 1657 2165 Francia:
1695 2110 2027 2184 canceyarii,
2064 2110 2209 2184 varie
2241 2110 2465 2184 collato.
2490 2110 2790 2184 ilnterprete
2824 2114 3035 2173 Joanne
3072 2115 3253 2176 Pim'o.
3290 2116 3519 2177 Edidere

1278 2181 1668 2238 Bousnntsm.
1698 2180 1819 2237 Act.
1851 2180 2041 2237 Sanct.
2085 2180 2194 2237 Jul.
2222 2190 2261 2237 t.
2293 2180 2382 2247 IV,
2411 2183 2538 2238 617.

846 2594 1250 2652 ΠΡΟΟΙΜΙΟΝ.

336 2690 408 2747 α’.
448 2688 650 2763 Ἀστὴρ
680 2690 943 2761 ἀειφανὴς
971 2692 1125 2761 ἡμῖν,
1150 2692 1253 2746 οὐκ
1277 2691 1337 2746 ὲν
1362 2690 1441 2762 τῷ
1467 2690 1716 2762 ζωδιακῷ
1746 2689 1844 2746 κύ-

258 2785 384 2856 κλῳ
415 2784 919 2856 κατηριθμημένος,
948 2785 1065 2840 ἀλλ’
1094 2786 1154 2840 ἑν
1198 2782 1277 2855 τῷ
1302 2783 1405 2854 τῆς
1433 2783 1639 2854 ἀρετῆς
1673 2783 1841 2854 ούρα-

256 2877 346 2949 νῷ
369 2878 779 2949 ὲστηριγμένος,
810 2876 898 2931 διὰ
925 2877 1025 2948 τῆς
1052 2877 1270 2948 ἑτησίου
1299 2874 1467 2929 αὐτοῦ
1497 2877 1719 2947 μνήμης
1749 2876 1845 2943 σή-

263 2988 440 3042 μερον
505 2968 810 3025 ἀνατέὶλων
846 3008 862 3033 ,
922 2970 1063 3039 φωτὶ
1115 2968 1412 3039 ἀῦλωιιάτῳ
1474 2968 1845 3039 μαρμαρυγὰς

262 3061 701 3133 ὑπερλάμπρους
728 3059 1101 3130 ἀγαθοεργίας
1129 3060 1397 3130 ἐπαφίησι
1423 3062 1491 3132 τῇ
1525 3059 1839 3130 οἰκουμένη.

259 3152 367 3215 Τίς
398 3152 457 3206 δέ
488 3152 638 3205 ἐστιν
672 3145 849 3217 οὗτος,
882 3145 930 3205 ὦ
968 3151 1219 3223 φιλάγιον
1247 3152 1557 3224 ἀθροισμα;
1596 3151 1657 3205 '0
1685 3151 1843 3220 ισάγ-

259 3243 428 3313 γελος
458 3243 751 3315 ’Δρσένιος,
780 3244 811 3297 ό
837 3243 938 3315 τὴν
965 3244 1167 3316 ἀρετὴν
1198 3244 1511 3317 ἀπρόσιτος,
1541 3244 1605 3297 τὸ
1630 3246 1729 3313 τῆς
1748 3259 1844 3299 τα-

261 3336 581 3400 πεινώσεως
614 3335 769 3407 ὕψος,
795 3336 857 3391 τὸ
883 3335 985 3407 τῆς
1013 3335 1358 3403 κατανύξεως
1386 3337 1622 3411 ῥεῖθρον,
1652 3332 1716 3391 οὗ
1748 3335 1843 3391 καὶ

260 3432 300 3504 ἡ
338 3430 525 3502 μνήμη
551 3430 686 3501 μόνη
717 3429 1064 3501 παράκλησίς
1081 3432 1231 3484 ἐστιν
1253 3431 1335 3494 είς
1355 3430 1555 3502 ἀρετῆς
1580 3427 1839 3483 ἐπίδοσιν.

262 3522 381 3577 Καί
414 3539 504 3593 μοι
527 3521 826 3593 θαυμάζειν
847 3522 1058 3594 ἐπίησι,
1081 3522 1201 3587 πῶς
1220 3522 1331 3577 τῶν
1350 3521 1526 3579 ἄλλων
1556 3520 1844 3593 μακαρίων

260 3608 502 3680 ἀνδρῶν,
536 3609 689 3679 παρά
723 3609 833 3663 τῶν
862 3610 1004 3664 κατὰ
1032 3612 1225 3683 καιρὸν
1262 3611 1363 3683 τῆς
1389 3611 1596 3683 ἀρετῆς
1620 3612 1842 3667 ἐπαινε-

260 3701 398 3764 τῶν,
429 3701 539 3754 τῶν
568 3699 699 3771 βίων
727 3701 1258 3774 ἀναγεγραμμένων,
1299 3704 1395 3758 καὶ
1428 3706 1550 3767 ταῖς
1593 3704 1705 3758 τῶν
1744 3704 1841 3772 ἑγ-

261 3792 495 3863 κωμίων
540 3792 714 3863 βολίσι
761 3795 1310 3866 καταστραπτόντων,
1338 3794 1497 3851 τοῦδε
1540 3794 1638 3850 τοῦ
1683 3811 1843 3868 τρισ-

263 3885 522 3954 μάκαρος
561 3886 591 3939 ό
635 3884 749 3955 βίος
777 3885 1131 3957 ἀνιστόρητος
1152 3886 1335 3958 είάθη,
1377 3886 1519 3957 πλὴν
1547 3886 1675 3941 ὅσον
1702 3903 1837 3941 σπο-

263 3944 444 4050 ῥάδηᾷ
699 3944 864 4033 τνινων
923 3944 1087 4035 ὁσίων
1110 3944 1395 4052 ’Πατέρὲυν
1448 3944 1839 4052 δεδηλωμένος,
1864 3944 1909 4005 c

258 4073 473 4144 καίπερ
503 4072 578 4145 μὴ
604 4072 1176 4144 ὲναπολιμπανόμενος
1197 4074 1301 4143 τῆς
1333 4072 1591 4146 ἐναρέτου
1619 4073 1844 4131 ἐκείνων

259 4166 704 4237 λαμπροφορίας,
734 4167 816 4221 ὅτι
849 4164 924 4237 μὴ
958 4165 1051 4220 καὶ
1079 4164 1279 4235 μᾶλλον
1303 4164 1414 4219 τῶν
1440 4164 1655 4221 πολλῶν
1679 4166 1847 4237 ὑπερ-

259 4258 503 4329 λάμπων
532 4258 652 4322 ταῖς
679 4257 880 4327 σύγαῖς
906 4258 1017 4313 τῶν
1046 4256 1207 4312 θείων
1227 4254 1393 4311 αὐτοῦ
1416 4255 1845 4329 ἀνδραγαθημά-

258 4365 397 4403 των.

338 4439 406 4510 β’.
439 4439 507 4494 Τί
538 4440 662 4505 οὒνς
690 4439 1158 4513 Συνδιαμείψομεν
1183 4442 1284 4497 καὶ
1310 4443 1474 4513 ἡμεῖς
1499 4442 1614 4506 τοῖς
1638 4439 1843 4512 προλα-

262 4531 419 4585 ϐοῦσι
449 4531 546 4586 τὸν
573 4532 782 4602 χρόνον,
818 4531 915 4586 καὶ
943 4533 1164 4603 οἴσομεν
1204 4532 1525 4605 τηλικοῦτον
1572 4531 1847 4604 θησαυρὸν

261 4623 373 4677 ὑπὸ
397 4625 499 4695 τῆς
519 4625 679 4694 σιγῆς
708 4623 1115 4691 καλύπτεσθαι;
1146 4625 1425 4696 Ούμενοῦν
1449 4642 1464 4658 ο
1492 4624 1626 4679 ἀλλά
1655 4624 1844 4678 πειθό-

265 4729 420 4782 μενοι
455 4714 567 4777 τοῖς
595 4713 692 4766 ἐπὶ
720 4712 878 4767 τοῦτο
908 4715 1303 4785 παρορμήσασι
1331 4714 1631 4786 Πατράσιν,
1664 4713 1715 4766 εί
1752 4711 1847 4766 καὶ

262 4804 488 4873 ἄμοιροι
511 4801 607 4855 τοῦ
632 4803 1000 4874 προσήκοντος
1026 4803 1209 4873 λόγου,
1230 4805 1524 4874 ἠλπικότες
1541 4821 1601 4858 τε
1631 4803 1847 4859 ἐπίκου-

265 4911 361 4965 ρον
385 4893 644 4961 δέξασθαι
690 4893 784 4947 τοῦ
817 4895 1221 4965 ἐγχειρήματος
1251 4896 1415 4950 αὑτὸν
1456 4896 1550 4949 τὸν
1594 4896 1675 4959 είς
1710 4894 1845 4949 ὑπό·

262 4988 417 5041 θεσιν
443 4986 537 5039 τοῦ
570 4985 686 5056 βίου
714 4985 1097 5056 προκείμενον,
1133 4986 1492 5059 ἀπαρξόμεθα
1517 4986 1613 5041 τοῦ
1644 4986 1844 5057 λέγειν,

262 5079 419 5133 οὐδὲν
447 5076 884 5143 ξενοδεκτοῦντες
910 5078 1061 5149 παρά
1079 5078 1141 5131 τὸ
1172 5078 1392 5150 ἀληθὲς,
1421 5080 1523 5133 ὅσα
1554 5079 1612 5134 δὲ
1639 5080 1706 5132 ὲκ
1734 5078 1847 5132 τῶν

264 5172 396 5241 περὶ
429 5169 597 5224 αὐτοῦ
628 5171 1125 5240 περικεκομμένως
1169 5172 1477 5242 εἰρημένων
1503 5170 1842 5241 ἀναλεγόμε-

262 5281 366 5326 νοι,
398 5263 448 5315 εί
481 5261 576 5315 καὶ
620 5260 709 5317 διά
761 5260 1014 5334 ἀρῤάφου
1045 5263 1372 5335 διηγήσεως,
1410 5266 1490 5329 είς
1536 5258 1853 5337 ὑπόμνησιν
1878 5300 1923 5357 D

260 5358 549 5427 φέροντες,
603 5355 698 5410 καὶ
743 5355 920 5411 ταῦτα
967 5356 1134 5411 οίονεὶ
1178 5359 1616 5428 συνυφαίνοντες,
1650 5360 1744 5414 καὶ
1781 5359 1849 5414 ἐκ

257 5447 474 5502 τούτων
501 5448 626 5511 ταῖς
658 5447 974 5515 ἀκολούθοις
998 5449 1231 5513 ἐννοίαις
1265 5449 1377 5503 ἔσθ’
1403 5451 1492 5503 ἅτε
1524 5449 1847 5522 προσθήκην

262 5538 583 5608 ποιούμενοι
612 5538 736 5594 καθ’
758 5539 975 5613 εἱρμὸν,
997 5540 1376 5613 πειρασόμεθα
1395 5542 1489 5595 τὸν
1515 5540 1631 5613 βίον
1660 5541 1845 5613 ἀπαρ-

262 5630 543 5692 τίσασθαι,
596 5629 1020 5704 ἀφουσιούμενοι
1081 5631 1175 5687 τδν
1235 5632 1421 5702 πόθον,
1467 5631 1527 5689 ὃν
1570 5634 1701 5707 περὶ
1750 5633 1846 5688 τοῦ

267 5720 647 5793 παμμάκαρος
678 5721 894 5793 ἔχουσιν
923 5724 974 5779 oi
1007 5724 1308 5798 φιλάρετοι.

2540 2599 2928 2661 PROLOGUS.

2015 2693 2068 2749 1.
2114 2693 2280 2750 Stella
2311 2700 2573 2764 perpetuo
2606 2694 2771 2749 nobis
2814 2709 3108 2765 apparens,
3154 2709 3263 2751 non
3297 2693 3523 2751 zodiaco

1942 2785 2151 2841 circulo
2167 2793 2547 2851 annumerata,
2570 2785 2662 2841 sed
2681 2784 2738 2840 in
2756 2786 2976 2843 virtutis
3001 2787 3144 2844 caelo
3164 2787 3403 2851 lirmata,
3426 2803 3524 2857 per

1942 2877 2377 2933 anniversariam
2442 2890 2599 2932 suam
2644 2877 2969 2933 memoriam
3032 2879 3192 2933 hodie
3248 2880 3524 2944 exoriens,

1943 2968 2416 3039 splendidissimas
2444 2968 2710 3023 bonorum
2737 2983 2965 3039 operum
2987 2971 3401 3027 coruscationes
3426 2970 3524 3025 de-

1945 3058 2287 3116 l‘zecatissitna
2309 3059 2429 3115 luce
2456 3058 2703 3115 immittit
2723 3060 2844 3116 orbi
2873 3069 3166 3117 terrarum.
3191 3060 3258 3117 At
3273 3076 3523 3132 quaenam

1946 3152 2036 3207 illa
2075 3160 2180 3215 est,
2213 3166 2247 3205 o
2285 3150 2595 3209 sanctitatis
2635 3160 2884 3208 amantes
2918 3151 3233 3209 auditores?
3262 3154 3527 3208 Arsenius

1941 3252 2046 3306 est,
2076 3242 2284 3313 angelis
2321 3257 2440 3312 par,
2477 3242 2679 3297 virtute
2719 3242 3058 3308 inaccessus,
3083 3242 3409 3300 humilitatis
3447 3245 3528 3299 al.

1944 3334 2142 3398 titudo,
2172 3336 2424 3390 asceticat
2448 3332 2753 3402 disciplina:
2771 3334 2967 3403 gloria,
2997 3334 3310 3390 solitudinis
3338 3335 3528 3398 robur,

1945 3424 2385 3495 compunctionis
2429 3422 2732 3491 ﬂuentum;
2773 3424 2932 3493 cujus
2965 3424 3051 3481 vel
3099 3424 3217 3481 sola
3262 3426 3529 3481 memoria

1944 3517 2011 3572 ad
2035 3530 2384 3587 progressum
2415 3515 2470 3571 in
2504 3516 2704 3572 virtute
2733 3516 3149 3571 incitamentum
3178 3524 3281 3573 est.
3310 3517 3377 3572 Et
3396 3531 3530 3573 vero

1944 3612 2132 3667 mirari
2172 3612 2341 3679 subit,
2371 3611 2504 3681 quid
2533 3610 2627 3679 sit,
2654 3611 2826 3682 quod.
2858 3621 3147 3682 postquam
3180 3612 3410 3669 aliorum
3447 3612 3529 3668 vi-

1943 3715 2130 3756 rorum
2166 3702 2471 3767 beatorum,
2512 3702 2734 3758 virtutis
2767 3716 2935 3758 causa
2983 3703 3361 3769 laudabilium,
3407 3704 3533 3759 vita

1940 3794 2268 3865 conscripta:
2323 3803 2476 3861 sunt,
2547 3795 2947 3865 praeconiorum
3008 3795 3179 3852 radiis
3241 3795 3528 3867 fulgentes,

1946 3887 2095 3942 nulla
2120 3887 2190 3944 de
2225 3887 2528 3945 beatissimi
2551 3886 2782 3959 hujusce
2814 3887 2926 3943 vita
2959 3886 3028 3943 ad
3062 3896 3314 3957 posteros
3351 3896 3529 3943 trans-

1946 3980 2071 4037 ierit
2087 3978 2337 4045 historia,
2364 3987 2560 4048 preter
2586 3993 2731 4043 eam,
2758 3993 2883 4049 qua:
2906 3993 2935 4033 a
2963 3978 3293 4049 quibusdam
3319 3982 3527 4038 sanctis

1942 4071 2199 4128 Patribus
2227 4068 2465 4138 sparsim
2494 4069 2752 4130 indicata,
2789 4069 3011 4139 insigni,
3053 4084 3160 4140 qua
3186 4069 3409 4139 pollent,
3439 4085 3528 4126 res

1944 4162 2255 4221 illustrandi
2280 4160 2558 4227 facultate,
2584 4174 2692 4217 non
2718 4159 2945 4216 inferior
2964 4170 3070 4227 est,
3100 4160 3211 4217 imo
3231 4175 3361 4217 vero
3385 4161 3529 4218 mul-

1946 4258 2019 4312 tis
2074 4255 2258 4327 potius
2312 4253 2437 4309 aliis
2485 4252 2769 4324 praefulget
2820 4252 2892 4308 ob
2942 4252 3157 4311 divinos
3207 4253 3423 4311 Arsenii
3461 4269 3528 4311 ac

1945 4349 2221 4405 masculos
2249 4357 2531 4420 gestorum
2565 4346 2903 4416 splendores.

2016 4445 2072 4499 2.
2096 4444 2240 4511 Quid
2261 4444 2565 4516 igituriAn
2589 4457 2693 4499 nos
2717 4442 2884 4498 etiam
2906 4456 3031 4498 cum
3056 4441 3145 4508 iis,
3170 4440 3264 4513 qui
3283 4450 3533 4513 tempore

1945 4545 2364 4607 praecesserunt,
2394 4534 2863 4592 commutabimus
2890 4534 3039 4590 vices
3064 4542 3388 4603 tantumque
3416 4534 3530 4588 the-

1946 4644 2171 4684 saurum
2224 4628 2496 4698 patiemur
2542 4627 2646 4683 sub
2701 4626 2923 4682 silentio
2970 4625 3270 4681 abscondi?
3311 4626 3529 4693 Nequa-

1946 4740 2112 4795 qnam
2142 4741 2156 4777 :
2192 4734 2247 4779 at
2267 4721 2491 4778 Patrum
2523 4721 2774 4791 exemplo
2803 4719 3032 4785 incitati,
3072 4717 3293 4774 tametsi
3324 4731 3528 4772 conve-

1946 4813 2130 4869 niente
2152 4812 2399 4867 oratione
2413 4810 2692 4877 destituti;
2725 4810 2978 4880 fretique,
3006 4808 3211 4863 auxilio
3240 4816 3526 4864 venturum

1947 4905 2200 4975 praesenti
2228 4904 2449 4960 conatui
2475 4903 2626 4959 illum
2660 4904 2861 4973 ipsum,
2893 4901 3054 4972 cujus
3085 4899 3247 4957 nobis
3274 4902 3516 4972 proposi-

1947 5001 2063 5047 tum
2088 5003 2174 5049 est
2197 4994 2324 5047 vita:
2338 5002 2742 5063 argumentum,
2764 4990 2977 5046 dicendi
3003 4990 3216 5045 initium
3242 4989 3528 5057 faciemus,

1948 5086 2083 5142 nihil
2113 5086 2456 5156 peregrinum
2483 5093 2539 5141 et
2568 5099 2599 5139 a
2628 5098 2754 5139 vero
2776 5083 3014 5139 alienum
3045 5083 3400 5155 adoptantes;
3432 5086 3528 5140 scd

1948 5191 2292 5248 quaecunque
2335 5174 2722 5246 compendiose
2747 5175 2816 5231 de
2847 5175 2970 5246 ipso
3006 5174 3153 5231 dicta
3185 5185 3335 5240 sunt,
3373 5175 3530 5231 colli—

1951 5277 2162 5339 gentes,
2192 5276 2247 5322 et
2274 5266 2489 5322 etiamsi
2522 5266 2838 5323 narratione
2862 5282 2967 5322 non
2991 5267 3301 5323 cohaerente
3331 5267 3384 5320 in
3413 5282 3534 5323 me-

1953 5361 2182 5416 moriam
2219 5367 2557 5423 revocantes,
2588 5368 2753 5431 atque
2794 5359 2911 5415 haec
2948 5359 3359 5430 quodammodo
3400 5373 3535 5411 con-

1953 5458 2216 5515 texentes,
2235 5449 2449 5521 adjecto
2476 5449 2664 5514 etiam,
2686 5449 2779 5505 ubi
2801 5463 2890 5505 res
2914 5448 3071 5514 feret,
3094 5464 3163 5505 ex
3184 5445 3535 5518 cogitationi-

1949 5543 2054 5599 bus
2104 5542 2231 5598 inde
2285 5542 2754 5611 consequentibus
2809 5539 3218 5605 additamenta,
3276 5551 3388 5607 quo
3447 5553 3537 5592 res

1948 5632 2277 5697 cohaereant,
2301 5632 2468 5687 vitam
2491 5632 2775 5688 absolvere
2797 5631 3139 5693 conabimur,
3165 5627 3533 5697 gratiﬁcantes

1950 5723 2245 5789 desiderio,
2301 5738 2413 5792 quo
2463 5738 2591 5793 erga
2652 5720 3029 5779 beatissimum
3081 5718 3225 5774 hunc
3284 5723 3536 5771 tenentur

1954 5815 2173 5871 virtutis
2206 5822 2473 5870 amantes.
