4064 6372
499 389 604 458 851
1704 401 1764 460 S.
1801 399 2198 460 THEODORI
2232 397 2580 462 STUDITZE

1035 508 1266 568 CAPUT
1304 509 1601 568 PRIMUM.

2627 507 3026 563 ΚΕΦΑΛΛΙΟΝ
3055 507 3354 565 ΠΡΩΤΟΝ.

507 627 692 684 Sancti
719 627 923 700 patria,
951 628 1196 698 natales;
1227 629 1334 685 vita
1364 628 1640 686 mentiaris
1665 641 1785 684 cum
1831 627 2080 752 solitaria
2135 626 2314 766 divino
2345 627 2553 681 monitu
2603 635 2970 693 commutata;
2997 627 3229 698 insignes
3257 627 3314 682 in
3341 641 3409 682 ea
3432 637 3744 696 progressus
3765 637 3788 686 ;

1958 713 2194 753 omnium
2255 715 2382 766 uga.

1958 713 2194 753 omnium
2231 713 2382 769 luga.

579 815 636 872 5.
661 813 849 872 Genus
883 812 1124 881 Arsenii,
1160 821 1220 869 ut
1247 811 1427 869 dicam
1471 813 1526 869 id
1569 813 1717 884 quod
1767 826 1856 870 res
1899 822 2006 876 est,
2039 820 2096 868 et

2263 818 2334 882 γ’.
2360 811 2522 876 Γένος
2545 811 2649 882 μὲν
2676 810 2976 881 ’Δρσενίου,
2994 809 3228 882 τάληθὲς
3245 811 3444 877 είπεῐν,
3457 808 3556 863 καὶ
3574 808 3639 862 ού
3657 806 3798 862 σπά-

510 909 754 966 allinium
817 908 1131 973 multitudo,
1187 906 1357 962 virtus
1407 905 1545 973 fuit;
1599 907 1832 978 ejusque
1879 905 2095 962 incendi

2228 923 2296 959 ιοι
2321 907 2370 960 οἱ
2404 905 2747 977 μετέχοντες.
2773 905 2807 976 η
2842 904 3012 976 ἀρετὴ
3038 920 3054 936 ·
3083 903 3178 958 καὶ
3202 903 3266 957 τὸ
3297 902 3510 957 έκεῖθεν
3540 901 3788 970 κατάγε-

513 1001 708 1057 studiis
738 1015 804 1058 ac
835 998 1085 1072 insigniri
1124 999 1569 1065 characteribus;
1605 998 1862 1069 quoniam
1903 1013 2032 1053 vero
2064 1013 2094 1051 a

2228 999 2320 1052 θαι
2345 999 2442 1052 καὶ
2463 995 2969 1070 χαρακτηρίζεσθαι
2986 1008 3002 1024 ⁶
3037 994 3227 1066 ἐπειδὴ
3253 995 3312 1048 δὲ
3343 994 3405 1048 τδ
3437 993 3531 1064 ἀφ’
3559 993 3790 1064 ατμασιν

513 1092 778 1164 sanguine
795 1091 847 1148 id
870 1099 1124 1162 repetunt
1141 1090 1341 1147 eruditi
1360 1107 1376 1158 ;
1393 1092 1570 1162 patria
1586 1091 1636 1147 ei
1661 1091 1764 1146 fuit
1785 1091 2094 1155 civitatum,

2228 1091 2308 1154 οῖς
2334 1087 2694 1159 φιλοπαθέσιν
2737 1087 3102 1160 ὲπιζητεῖται·
3146 1089 3182 1158 ἡ
3214 1085 3410 1158 πρώτη
3467 1085 3579 1139 τῶν
3615 1086 3788 1139 ὑπου-

513 1198 636 1253 quae
669 1183 774 1239 sub
805 1183 945 1239 coelo
983 1190 1134 1250 sunt,
1169 1182 1443 1254 princeps,
1485 1181 1684 1247 Roma,
1727 1181 1976 1253 inquam,
2008 1195 2099 1236 ce-

2228 1180 2402 1236 ανίων
2463 1180 2674 1234 πόλεων
2731 1178 2908 1252 τούτῳ
2959 1180 3179 1252 πατρὶς,
3223 1179 3446 1252 Ῥώμην
3491 1179 3638 1248 λέγω
3687 1179 3794 1250 τὴν

515 1273 806 1328 leherrima
846 1288 877 1328 a
906 1287 1014 1344 qua
1040 1282 1467 1344 cognomentum
1507 1282 1836 1344 acceperunt
1867 1271 1970 1334 illi,
2005 1270 2099 1341 qui

2228 1273 2524 1344 περιϐόητον
2543 1288 2558 1303 ο
2585 1271 2680 1343 ἀφ’
2703 1267 2772 1343 ἦς
2796 1273 2898 1344 τὴν
2929 1273 3312 1346 προσηγορίαν
3338 1275 3391 1327 οἱ
3419 1273 3482 1328 τὸ
3508 1272 3793 1344 βασιλικὸν

516 1363 730 1434 imperii
765 1374 1036 1435 sceptrum
1080 1365 1454 1422 moderantur.
1501 1365 1769 1421 Surculus
1810 1364 1913 1419 fuit
1947 1364 2103 1418 nobi-

2228 1364 2482 1434 ’κῆπτρον
2512 1364 2838 1435 κατέχοντες
2872 1362 3226 1437 ἐξειλήφασιν
3249 1381 3264 1396 ·
3315 1365 3556 1434 εὐγενῶν
3588 1381 3792 1434 γεννη-

515 1456 649 1509 lium
675 1465 981 1525 parentum,
1011 1457 1318 1528 opibusque
1340 1473 1404 1514 ac
1426 1458 1637 1528 reliquo
1662 1457 1787 1512 vita
1811 1456 2104 1527 splendore

2231 1457 2376 1528 ὀρων
2409 1455 2684 1526 στέλεχος,
2716 1455 2933 1527 πλούτῳ
2963 1473 3025 1510 τε
3078 1453 3376 1527 κομώντων
3404 1456 3500 1511 καὶ
3529 1457 3596 1528 τῇ
3625 1456 3792 1528 λοιπῇ

516 1546 851 1602 ﬂorentium.
902 1546 1128 1604 Familia
1170 1547 1342 1619 ipsius
1380 1548 1450 1603 ad
1501 1549 1606 1603 hoc
1659 1563 1834 1619 usque
1886 1555 2101 1618 tempus

2228 1549 2296 1603 τοῦ
2331 1549 2448 1620 βίου
2481 1548 2849 1621 περιφανείᾳο
2881 1544 2944 1604 οὗ
2977 1549 3134 1603 ἑστία
3165 1549 3329 1621 μέχρι
3366 1548 3460 1603 τοῦ
3491 1548 3588 1604 νῦν
3626 1549 3792 1621 περί-

518 1639 730 1709 integra
759 1653 865 1694 non
891 1649 1143 1710 superest
1169 1641 1432 1710 (quonam
1463 1639 1609 1695 enim
1645 1649 1806 1711 pacto
1839 1648 1919 1696 tot
1942 1639 2104 1694 annis

2228 1658 2356 1695 :cmv
2399 1643 2499 1712 οὐχ
2540 1641 2868 1713 ὁλόκληρος·
2901 1642 3022 1706 πῶς
3063 1642 3173 1714 γάρ
3215 1641 3283 1697 ἂν
3333 1642 3430 1696 καὶ
3462 1641 3793 1696 διεσέσωστο

519 1740 729 1786 servata
758 1731 924 1787 fuerit
943 1731 988 1802 l)
1015 1732 1109 1788 sed
1137 1731 1390 1804 vestigia,
1418 1731 1512 1788 tali
1535 1731 1911 1802 magnitudine
1933 1731 2106 1788 excel-

2228 1731 2479 1796 τοσούτοις
2511 1731 2726 1799 ἐτεσιν;
2769 1731 2893 1803 ίχνη
2920 1732 2978 1786 δὲ
3006 1733 3102 1788 καὶ
3135 1731 3378 1805 τοσούτῳ
3418 1731 3642 1805 μεγέθει
3672 1731 3791 1785 δια-

3682 389 3793 453 852

521 1823 710 1887 lentia,
766 1823 953 1879 divisit
1014 1824 1418 1880 habitatoribus
1468 1825 1617 1879 velut
1674 1824 1726 1878 in
1781 1824 1947 1880 cellas
2005 1824 2105 1878 tri-

522 1918 671 1984 ginta
710 1916 845 1988 (57).
876 1917 1055 1987 Atque
1087 1917 1193 1973 hoc
1233 1916 1454 1982 suﬂicit,
1486 1926 1545 1972 ut
1571 1916 1908 1981 ostendatur,
1938 1931 2103 1986 quam

525 2010 756 2066 illustris
777 2025 840 2064 ac
865 2010 1231 2080 undequaque
1255 2010 1446 2066 beatus
1474 2008 1641 2065 fuerit
1663 2009 1742 2064 vir
1771 2008 1872 2065 iste
1899 2024 2104 2067 memo-

525 2102 748 2169 rabilis;
771 2117 1006 2173 cumque
1037 2112 1216 2158 tantus
1235 2110 1402 2167 esset,
1425 2101 1674 2156 doctrina
1707 2101 1872 2156 altius
1899 2101 2108 2157 emine-

525 2194 638 2260 bat,
661 2193 846 2250 Graeca
871 2210 934 2250 ac
952 2191 1199 2249 Romana
1218 2194 1420 2265 pariter
1443 2193 1708 2264 sapientia
1731 2193 2105 2249 admirandus.

596 2285 648 2340 4.
683 2284 814 2356 Ejus
854 2285 1039 2358 itaque
1071 2286 1215 2341 fama
1244 2289 1311 2341 ad
1344 2300 1506 2342 aures
1551 2294 1682 2341 tunc
1717 2284 1894 2340 delata
1927 2284 2110 2356 magni

527 2377 819 2434 Theodosii
855 2378 1226 2447 imperatoris,
1276 2377 1569 2449 quaerentis
1609 2378 1770 2433 talem
1823 2377 1948 2433 [iliis
1994 2377 2112 2433 suis

529 2470 763 2525 Arcadio
788 2479 844 2526 et
881 2468 1126 2526 Honorio
1151 2471 1478 2542 magistrum
1523 2470 1823 2539 praeﬁcere,
1853 2471 1952 2541 qui
1993 2485 2112 2526 ma-

525 2559 647 2629 jore
673 2576 784 2630 pra:
808 2561 1067 2616 omnibus
1094 2562 1148 2617 id
1182 2576 1363 2633 operte
1389 2561 1567 2633 pretio
1595 2561 1816 2628 faceret,
1847 2561 2114 2618 Arsenius

531 2654 708 2710 accitu
755 2655 1103 2726 imperatoris
1158 2655 1478 2724 Byzantium
1526 2655 1825 2722 contendit,
1870 2663 1926 2711 et
1957 2669 2114 2711 assu-

533 2763 691 2804 mens
737 2748 925 2804 ambos
975 2763 1198 2818 pueros,
1235 2749 1484 2804 moribus
1520 2762 1585 2802 ac
1625 2747 1930 2819 disciplinis
1964 2748 2116 2818 ipsos

533 2837 872 2904 informavit,
901 2845 963 2892 ut
993 2838 1228 2908 optimos
1250 2852 1346 2893 eos
1377 2851 1502 2894 esse
1524 2837 1843 2893 ostenderet
1884 2837 1938 2892 in
1964 2847 2144 2914 utra--

2205 1824 2464 1896 φέροντα,
2511 1824 2586 1889 ὡς
2616 1826 2676 1878 ὲν
2704 1824 3051 1896 τριακοσίαις
3091 1825 3311 1890 κέλλαις
3351 1825 3635 1897 διαιροῦσα
3681 1828 3799 1890 τοῖς

2204 1918 2512 1987 οἰκήτορσι.
2553 1914 2944 1986 Ἐξαρκοῦντος
2972 1917 3165 1972 τούτου
3189 1917 3547 1990 ἑπιδηλῶσαι,
3574 1919 3699 1980 δσος
3726 1913 3800 1989 ἦν

2209 2010 2516 2079 περιφανὴς
2561 2009 2659 2063 καὶ
2720 2007 3018 2072 πολύολδος
3043 2010 3074 2062 ὁ
3117 2008 3398 2079 ἀοίδιμοςο
3449 2007 3694 2072 τοιοῦτός
3735 2025 3798 2062 τε

2207 2100 2306 2167 ὢν,
2339 2101 2554 2172 ὑπῆρχε
2588 2101 2686 2156 καὶ
2710 2103 2776 2174 τῇ
2810 2100 3092 2156 παιδεύσει
3132 2101 3464 2174 ὑπέρτερος,
3503 2099 3800 2172 Ἑλληνικῇ

2209 2213 2268 2249 τε
2304 2194 2399 2248 καὶ
2431 2194 2717 2265 Ῥωμαϊκῇ
2748 2193 2915 2266 σοφίᾳ
2945 2192 3386 2265 θαυμαζόμενος.

2278 2287 2343 2342 δ’.
2389 2286 2545 2340 Ἐπεὶ
2585 2280 2679 2340 οῦν
2707 2285 2769 2340 τὸ
2809 2286 3114 2358 τηνικαῦτα
3157 2286 3423 2358 Θεοδοσίῳ
3454 2286 3532 2358 τῷ
3574 2285 3805 2356 μεγάλῳ

2214 2379 2552 2452 βασιλεύοντι
2574 2377 2881 2450 ἐξηκούσθη
2911 2378 2982 2434 τά
3009 2378 3141 2449 περ)⁵
3167 2377 3357 2441 αὐτοῦ,
3386 2378 3638 2449 ζητοῦντι
3665 2395 3804 2432 παι-

2212 2471 2410 2540 δευτὴν
2432 2469 2675 2524 τοιοῦτον
2701 2470 2996 2542 ἐπιστῆσαι
3035 2471 3174 2534 υίοῖς
3199 2469 3367 2525 αὐτοῦ
3407 2470 3682 2542 ’Δρκαδίῳ
3707 2471 3806 2524 καὶ

2225 2564 2472 2634 Ὢνορίῳ,
2513 2562 2572 2626 δς
2613 2562 2698 2634 εῐη
2726 2561 3192 2635 προύργιωτερος
3225 2563 3506 2618 ἁπάντων·
3538 2563 3738 2631 ἄγεται
3777 2566 3808 2616 ὁ

2227 2655 2504 2726 Ἀρσένιος
2535 2657 2605 2725 τῇ
2637 2653 2733 2708 τοῦ
2761 2654 3094 2726 κρατοῦντος
3125 2656 3268 2726 ῥοπῇ
3299 2655 3359 2710 έν
3389 2653 3467 2726 τῷ
3497 2654 3806 2725 Βυζαντίῳ.

2216 2749 2311 2801 καὶ
2339 2745 2674 2818 παραλαϐὼν
2695 2746 3043 2819 ἀμφοτέρους
3068 2746 3198 2811 τοὺς
3225 2746 3443 2811 παῖδας,
3472 2746 3677 2816 ἀνῆγεν
3709 2747 3808 2800 αὺ-

2216 2839 2345 2901 τοὺς
2377 2837 2437 2891 ἐν
2457 2853 2518 2890 τε
2541 2837 2731 2908 ἤθεσιν
2751 2839 2848 2892 καὶ
2869 2835 3262 2907 παιδεύμασιν,
3296 2839 3554 2909 ἀρίστους
3580 2836 3808 2891 ἀποδει·

535 2945 644 2998 que
674 2927 948 2987 facultate.
975 2928 1056 2982 Ad
1083 2926 1558 2998 quadragesimum
1595 2943 1770 2999 usque
1794 2929 1972 2984 aetatis
2001 2943 2112 2985 sua:

2228 2929 2347 2992 ινὺς
2404 2927 2818 2998 ἀμφοτέρωθεν.
2870 2928 3051 2999 Μέχρι
3097 2926 3157 2982 δὲ
3199 2927 3297 2980 τοῦ
3348 2926 3806 2998 τεσσαρακοστοῦ

534 3037 741 3078 annum
777 3021 830 3075 in
871 3021 996 3076 aula
1041 3019 1264 3076 assidue
1289 3027 1544 3076 versatus
1568 3028 1652 3076 est
1683 3020 1871 3092 (5'1");
1909 3020 2115 3090 Deique

537 3115 791 3170 timorem
830 3113 883 3168 in
917 3126 1099 3169 mente
1148 3112 1376 3178 habens,
1411 3111 1700 3183 ingemuit,
1747 3124 1803 3168 et
1831 3113 2119 3170 invocabat

540 3205 708 3260 Deum
746 3220 868 3260 cum
903 3205 1162 3276 laerymis
1190 3204 1376 3261 dicens
1403 3221 1418 3258 :
1453 3204 1702 3271 Domine,
1734 3205 1962 3262 ostende
1986 3205 2116 3260 mihi

539 3299 705 3364 viam,
737 3299 789 3351 in
817 3312 926 3366 qua
965 3297 1151 3354 salvus
1196 3297 1346 3352 llam.
1387 3298 1455 3352 Et
1485 3311 1638 3363 vero,
1682 3297 1813 3353 dum
1851 3298 1940 3354 die
1965 3308 2121 3369 'qua-

537 3393 663 3446 dam
691 3392 745 3446 in
771 3392 895 3446 aula
925 3399 1088 3458 esset,
1136 3390 1346 3446 audivit
1387 3391 1628 3447 divinam
1671 3405 1886 3455 vocem,
1919 3405 2044 3460 quae
2070 3389 2121 3445 ei

541 3485 744 3546 diceret
778 3502 792 3539 :
833 3483 1049 3548 Arseni,
1088 3484 1135 3540 si
1162 3483 1363 3553 ,salvus
1390 3497 1512 3540 esse
1541 3482 1648 3552 vis,
1691 3481 1816 3554 iuge
1846 3482 2120 3544 homines.

539 3583 596 3630 et
623 3573 924 3630 salvaberis
959 3573 1092 3646 (58).

613 3665 668 3720 5.
697 3665 824 3720 Haec
847 3664 1030 3734 itaque
1055 3665 1146 3720 ubi
1181 3664 1422 3722 audisset
1458 3663 1748 3729 Arsenius,
1766 3663 1879 3735 jam
1913 3663 2122 3734 pridem

541 3756 730 3811 divino
767 3755 1041 3812 desiderio
1077 3756 1378 3822 sauciatus,
1412 3757 1566 3814 omni
1613 3773 1741 3815 mox
1772 3757 2013 3812 humana
2061 3771 2127 3812 ac

543 3848 748 3904 caduca
782 3848 954 3920 gloria
1001 3857 1342 3918 contempta;
1375 3851 1775 3921 splendoreque
1815 3864 1880 3905 ac
1917 3849 2127 3905 deliciis

543 3940 814 4010 corporis,
842 3939 1103 4010 omnique
1126 3939 1232 3995 alia
1262 3939 1489 3996 honoris
1519 3940 1847 4011 appetentia,
1877 3939 2128 4010 aulisque

548 4033 944 4102 imperatorum
976 4047 1075 4103 pro
1119 4032 1294 4088 nihilo
1323 4033 1548 4104 putatis,
1580 4033 1717 4088 nihil
1747 4033 2002 4103 cuiquam
2047 4032 2129 4086 lo-

527 4135 708 4180 eutus
757 4123 1144 4180 Alexandriam
1193 4123 1454 4198 navigat;
1501 4124 1734 4196 indeque
1780 4124 2028 4196 pervenit
2073 4125 2128 4178 in

545 4218 784 4284 Scetim;
813 4227 868 4272 et
904 4217 1190 4273 ecclesiam
1225 4218 1507 4289 ingressus
1538 4218 1769 4275 clericos
1797 4216 1946 4290 (58*)
1971 4232 2130 4274 acce-

547 4307 654 4372 dit,
682 4307 874 4364 dicens
907 4327 921 4362 :
959 4307 1062 4364 Per
1094 4307 1412 4376 Dominum,
1447 4309 1610 4367 facile
1643 4325 1732 4366 me
1773 4310 2122 4375 monachum,

551 4413 617 4453 ac
651 4399 794 4453 viam
830 4399 963 4454 mihi
984 4400 1278 4465 ostendite,
1316 4400 1407 4456 ubi
1432 4401 1615 4458 salvus
1646 4401 1795 4457 liam.
1833 4400 1913 4456 [lli
1941 4411 2124 4456 autem

555 4491 661 4544 viri
709 4489 1047 4546 nobilitatem
1095 4506 1161 4547 ex
1193 4493 1465 4560 moribus,
1510 4502 1566 4548 et
1598 4493 1752 4549 vultu
1788 4503 1843 4550 et
1887 4495 2131 4565 alloquio

551 4581 946 4652 colijectantes,
988 4585 1308 4654 quaerebant
1347 4599 1415 4640 ex
1455 4600 1544 4650 eo,
1586 4585 1838 4656 quisnam
1880 4596 1935 4642 et
1974 4587 2132 4658 cujus

551 4682 718 4730 esset.
755 4672 807 4731 Is
840 4691 966 4730 cum
1012 4675 1191 4746 primo
1221 4677 1507 4743 abnueret,
1549 4677 1864 4748 diceretque
1905 4695 1918 4732 :
1954 4678 2134 4738 Homo

553 4782 674 4821 sum
706 4767 1025 4838 peregrinus
1051 4778 1103 4824 et
1132 4769 1402 4840 abjectus,
1431 4771 1524 4840 qui
1553 4771 1739 4827 salvus
1769 4771 1882 4826 iieri
1913 4787 2132 4842 quaero;

551 4857 640 4912 vix
673 4859 890 4916 tandem
923 4859 974 4917 ei
1012 4862 1342 4932 persuadere
1371 4872 1667 4934 potuerunt
1699 4873 1778 4930 ut,
1817 4879 1940 4936 qua:
1966 4865 2034 4920 ad
2075 4880 2137 4922 se

2217 3019 2371 3083 ἔτους
2399 3020 2500 3090 τῆς
2531 3017 2748 3090 ἡλικίας
2793 3016 2963 3072 αὑτοῦ
3005 3019 3065 3070 ὲν
3094 3016 3176 3088 τῷ
3217 3016 3468 3087 παλατίῳ
3503 3014 3806 3086 διηνυκὼς,

2217 3111 2316 3166 καὶ
2339 3111 2432 3164 τὸν
2459 3111 2628 3180 φόϐον
2650 3109 2746 3165 τοῦ
2771 3109 2909 3164 Θεοῦ
2935 3109 3081 3164 κατὰ
3099 3108 3342 3165 διάνοιαν
3362 3108 3522 3180 ἔχων,
3546 3109 3810 3172 ἐστέναξε

2219 3204 2315 3258 καὶ
2344 3203 2647 3275 παρεκάλει
2669 3203 2761 3258 τὸν
2785 3202 2919 3257 Θεὸν
2947 3201 3090 3273 μεπά
3112 3200 3364 3274 δακρύων
3388 3201 3563 3270 λέγων
3585 3215 3601 3230 ·
3629 3201 3810 3272 Κύριε

2219 3295 2489 3368 ὁδήγησόν
2523 3312 2614 3368 με,
2644 3293 2763 3358 πῶς
2793 3291 2976 3348 σωθῶ.
2996 3293 3108 3348 Καὶ
3136 3293 3202 3366 δὴ
3225 3294 3284 3347 ὲν
3320 3295 3422 3366 μιᾷ
3453 3294 3608 3359 ὄντος
3639 3293 3811 3348 αὑτοῦ

2221 3389 2281 3441 ἐν
2307 3386 2387 3457 τῷ
2417 3385 2686 3456 παλατίῳ,
2715 3382 2905 3439 ἀκούει
2933 3383 3087 3449 θείας
3113 3385 3322 3455 φωνῆς,
3347 3383 3613 3454 λεγούσης
3632 3384 3806 3452 αύτῷο

2236 3477 2502 3550 ’Δρσένιε,
2533 3478 2583 3532 εί
2605 3476 2782 3541 θέλεις
2809 3474 3071 3548 σωθῆναι,
3107 3476 3279 3546 φεῦγε
3307 3476 3437 3541 τοὺς
3457 3475 3811 3548 ἀνθρώπονςθ

2224 3573 2322 3627 καὶ
2347 3571 2520 3642 σώσῃ.

2296 3678 2360 3728 ε’.
2387 3669 2610 3725 Τούτων
2638 3663 2733 3724 οὖν
2770 3668 3014 3732 ἀκούσας
3044 3669 3073 3722 ὁ
3107 3664 3406 3737 ’Λρσένιος,
3443 3661 3540 3716 καὶ
3573 3660 3812 3716 ἐπιπολὺ

2224 3765 2305 3837 τῷ
2345 3764 2475 3835 θείῳ
2504 3761 2656 3834 πόθῳ
2696 3762 2948 3834 τρωθεὶς,
2977 3761 3160 3830 πάσης
3185 3755 3349 3819 εὐθὺς
3387 3755 3814 3825 καταφρονήσας

2227 3855 2577 3930 ἀνθρωπίνης
2621 3854 2716 3908 καὶ
2741 3853 3081 3925 προσκαίρου
3127 3849 3413 3914 αἰνέσεως,
3443 3847 3537 3902 καὶ
3566 3864 3814 3918 περιφα-

2228 3950 2400 4015 νείας,
2429 3946 2644 4018 τρυφῆς
2673 3963 2735 3999 τε
2767 3944 3090 4017 σωματικῆς
3110 3942 3207 3997 καὶ
3234 3941 3417 4011 πάσης
3448 3939 3618 4010 ἄλλης
3656 3938 3815 4009 φιλο-

2227 4041 2429 4108 δοξίας,
2459 4039 2555 4094 καὶ
2611 4036 2920 4110 βασιλείους
2977 4034 3148 4097 αύλάς
3184 4034 3266 4096 εἰς
3305 4031 3461 4086 οὐδὲν
3496 4030 3816 4100 διαλογισά-

2234 4151 2424 4204 μενος,
2489 4131 2682 4203 μηδενὶ
2737 4129 2906 4199 μηδὲν
2971 4124 3212 4199 εἰρηκὼς
3259 4122 3529 4180 ἀποπλέει
3571 4123 3668 4176 ἐπὶ
3713 4123 3819 4192 τὴν

2244 4223 2679 4294 ’Δλεξάνδρειαν,
2729 4218 2989 4274 κάκεῖθεν
3037 4217 3260 4288 ἔρχεται
3312 4215 3394 4278 είς
3428 4213 3664 4284 Σκῆτιν·
3717 4211 3820 4266 καὶ

2235 4315 2492 4373 εἰσελθὼν
2516 4316 2574 4368 ὲν
2600 4317 2668 4386 τῇ
2695 4312 2980 4384 ἐκκλησίᾳ,
3009 4310 3376 4382 προσέρχεται
3398 4310 3511 4370 τοῖς
3534 4306 3818 4377 κληρικοῖς

2235 4410 2409 4480 λέγων
2431 4425 2447 4442 ο
2492 4407 2592 4461 Διά
2627 4406 2722 4461 τὸν
2753 4405 2983 4476 Κύριον,
3012 4400 3278 4471 ποιήσατέ
3325 4416 3392 4470 με
3437 4396 3694 4468 μοναχὸν,
3719 4397 3818 4449 καὶ

2234 4497 2540 4572 ὁδηγήσατέ
2571 4512 2640 4567 με
2674 4492 2793 4557 πῶς
2822 4489 3002 4546 σωθῶ.
3045 4491 3109 4544 Οί
3153 4490 3214 4542 δὲ
3255 4489 3358 4558 τὴν
3389 4487 3675 4556 εὐγένειαν
3720 4482 3818 4538 τοῦ

2239 4591 2430 4662 ἀνδρὸς
2462 4591 2528 4642 ὲκ
2556 4587 2650 4642 τοῦ
2679 4585 2870 4659 ἡθους,
2925 4583 3023 4638 καὶ
3076 4582 3173 4635 τοῦ
3222 4581 3543 4651 προσώπου,
3584 4579 3681 4632 καὶ
3717 4576 3822 4646 τῆς

2241 4682 2531 4753 συντυχίας
2554 4679 2953 4751 στοχασάμενοι
2976 4674 3240 4747 ἐξήταζον
3265 4673 3452 4739 αὑτὸν,
3485 4672 3573 4735 τίς
3608 4673 3696 4743 είη
3728 4672 3826 4723 καὶ

2241 4775 2427 4829 πόθεν.
2469 4770 2833 4844 ’Δρνουμένου
2864 4769 2924 4824 δὲ
2950 4767 3116 4822 αὑτοῦ
3148 4767 3219 4820 τὰ
3251 4765 3468 4838 πρῶτα,
3507 4765 3606 4819 καὶ
3633 4765 3824 4830 λέγον-

2241 4884 2364 4932 τος,
2386 4867 2470 4922 ὅτι
2503 4861 2829 4936 Ἄνθρωπός
2857 4859 2973 4933 είμι
3000 4859 3152 4928 ξένος
3179 4858 3273 4914 καὶ
3295 4856 3552 4920 ταπεινὸς
3581 4853 3827 4926 σωθῆναι

2068 5072 2302 5133 NOT/E.

629 5279 744 5355 (57)
787 5278 1014 5355 Videtur
1036 5291 1226 5355 auctor
1256 5283 1391 5338 nihil
1419 5285 1566 5341 aliud
1605 5284 1766 5349 velle,
1789 5299 1952 5355 quam
1980 5284 2138 5354 stipi-

557 5363 668 5408 tem
703 5351 922 5426 familia:
954 5353 1128 5426 sancti
1182 5356 1502 5424 primaevum
1533 5358 1589 5410 in
1616 5351 2021 5426 plures'postca
2049 5351 2138 5409 ra-

559 5439 682 5479 mos
736 5417 1242 5495 divisum_fuissé;
1297 5439 1431 5481 usus
1485 5417 1918 5495 him-quantum
1955 5426 2139 5495 suspi-

556 5511 676 5575 cor,
702 5492 789 5575 vel
827 5492 1013 5562 phrasi
1071 5491 1234 5551 istius
1267 5495 1547 5566 temporis,
1593 5491 1683 5551 vel
1724 5496 1992 5566 parmmia
2019 5491 2136 5551 tum

631 5633 779 5707 (57⁸)
810 5633 1114 5707 Διτξινεᾼκῶς⁸
1145 5637 1380 5693 subaudi
1414 5637 1621 5707 ἔμεινε,
1651 5634 1726 5707 ὣν
1769 5636 1857 5692 vel
1903 5635 2040 5707 quid
2065 5637 2141 5692 si-

563 5705 712 5779 mile.
731 5701 904 5779 _Apud
938 5704 1265 5779 Cotelerium
1295 5701 1614 5779 ΙεεηέΈτι
1635 5706 1711 5761 ὢν
1749 5707 1809 5761 έν
1835 5701 2129 5779 τῷ’παλα-

564 5773 689 5846 ιιίῳἑ
718 5773 851 5846 Cum
879 5777 1167 5846 etiamnum
1197 5789 1331 5834 esset
1349 5773 1425 5832 'in
1452 5777 1676 5846 palatio.

636 5845 753 5914 (58)
798 5845 930 5902 Vide
960 5845 1109 5904 Vitas
1135 5848 1358 5908 Patrum
1387 5845 1533 5922 apud
1554 5849 1916 5922 Rosweydum
1949 5849 2046 5907 lib.
2077 5865 2130 5915 v,

2239 5300 2364 5356 cap.
2426 5284 2483 5348 2,
2541 5283 3066 5356 pag.___563,_nurn.
3109 5271 3628 5356 2.__Damal_eviciu_s
3694 5267 3833 5356 Vita:

2240 5347 2420 5438 εείκεεί
2445 5347 2718 5438 sonum"
2737 5347 2982 5438 «sne
3009 5347 3831 5438 εαιηθὲξὲιιιθῑιξίἓέιέξίῖξε,ιίέζ

2243 5425 2403 5482 moll
2437 5419 2608 5490 Junii,
2642 5439 2767 5495 pag.
2799 5422 2928 5488 356,
2975 5437 3129 5478 num.
3166 5419 3256 5483 56,
3299 5427 3578 5473 secessum
3615 5419 3740 5492 ejus
3778 5419 3832 5463 in

2240 5512 2488 5552 eremum
2529 5496 2944 5566 Dobrovensem
2992 5498 3211 5566 narrat,
3257 5498 3569 5566 itanquam
3624 5497 3671 5563 si
3703 5496 3835 5534 san-

2243 5575 2365 5623 ctus
2399 5581 2588 5621 vocem
2632 5565 2845 5634 lapsam
2894 5562 3161 5634 divinitus
3203 5559 3272 5614 ad
3317 5559 3607 5634 Arsenium
3642 5559 3699 5634 in
3733 5567 3835 5634 sua

2243 5638 2531 5692 vocatione
2556 5624 2858 5692 audivisset
2889 5653 2902 5689 :
2935 5631 3135 5689 Arseni
3157 5630 3429 5687 tumultus
3456 5624 3604 5696 iuge,
3636 5631 3694 5677 et
3719 5624 3834 5677 sal—

2235 5709 2470 5762 vaheris.
2519 5726 2538 5760 ι

2306 5778 2454 5856 (38’)
2477 5777 2578 5856 [fer
2607 5777 2839 5856 clericos
2846 5774 3111 5856 jntellige
3145 5767 3586 5856 hicmonachos.
3617 5764 3827 5856 Exem-

2235 5841 2326 5921 pla
2358 5841 2452 5910 dat
2478 5849 2720 5922 Cangius
2755 5850 2810 5906 in
2839 5841 3111 5904 Glossar‘io
3140 5841 3353 5898 Latino.
