4064 6372
310 350 417 415 853

916 351 1199 413 ORATIO
1234 354 1374 415 XII.
1398 376 1466 391 —
1507 357 1891 418 LAUDATIO
1930 360 1992 419 S.
2030 360 2344 422 ARSENII
2392 362 2942 449 ANAQHORET/E.

3470 370 3579 438 854

308 463 513 535 ζητῶν,
563 462 722 533 μόγις
767 460 1116 533 ἠδυνήθησαν
1160 463 1350 516 πεῖσαι
1392 462 1578 529 αὑτὸν,
1618 465 1892 538 θαρρῆσαι

2002 471 2336 537 spectabant,
2373 472 2710 529 conﬁdenter
2742 474 2810 531 iis
2837 485 3157 545 exponeret.
3202 478 3337 547 Quae
3372 480 3572 542 edocti.

309 555 497 618 αὐτοῖς
535 554 608 608 τὰ
639 552 762 608 καθ’
803 552 1018 607 ἑαυτόν.
1070 553 1181 606 Kal
1230 552 1516 623 μαθόντες⁹
1558 548 1715 610 εἷπον
1753 556 1891 627 πρὸς

309 645 572 716 ἀλλήλους
599 659 615 675 ⁸
647 643 744 707 Τίς
771 644 881 713 ἄρα
906 643 1079 706 ἐστὶν,
1103 644 1132 695 6
1162 643 1396 713 ὀφείλων
1423 644 1617 701 τοῦτον
1643 648 1890 719 παραλα-

308 736 428 788 ϐεῖν
454 736 549 789 καὶ
572 734 839 804 ὢηγῆσαι
878 735 960 797 είς
992 733 1092 806 τὴν
1126 734 1424 806 μοναδικὴν
1448 737 1726 792 πολιτείαν
1754 755 1768 770 ο
1799 741 1894 794 καὶ

309 824 375 894 δὴ
408 823 856 895 βουλευσαμένων
881 822 1085 885 αὐτῶν,
1110 824 1351 877 συνεῖδον
1378 824 1708 895 ἀπενεγκεῖν
1729 827 1892 883 αὑτὸν

309 915 389 986 τῷ
429 915 576 987 ἀϐϐᾷ
622 915 842 987 Ἰωάννῃ
894 912 972 984 τῷ
1012 913 1257 984 Κολοϐᾦ.
1296 916 1407 968 Kal
1440 915 1699 982 λαϐόντες
1726 918 1894 973 αὐτὸν

315 1009 433 1077 μεθ’
474 1007 709 1074 ἑαυτῶν,
736 1005 980 1077 ἀπῆλθον
1012 1005 1153 1077 πρὸς
1180 1005 1271 1058 τὸν
1308 1005 1561 1077 γέροντα.
1608 1008 1719 1063 Kal
1753 1009 1895 1080 μετὰ

311 1101 373 1154 τὺ
404 1100 625 1171 ποιῆσαι
656 1099 856 1163 αὐτοὺς
887 1096 1078 1168 εὐχὴν,
1109 1095 1380 1169 ἐλάλησαν
1415 1098 1567 1171 αὐτῷ
1598 1099 1730 1171 περὶ
1762 1101 1889 1171 Ἀρ-

317 1192 520 1247 σενίου.

385 1290 459 1354 ς’,
499 1284 610 1337 Kal
630 1283 689 1337 ὲν
714 1281 794 1353 τῷ
823 1284 1210 1352 συντυγχάνειν
1234 1282 1454 1349 αὐτοὺς,
1481 1283 1895 1355 καταλαϐούσης

312 1375 413 1446 τῆς
464 1376 695 1445 ἑννάτης
747 1374 918 1446 ὧρας,
951 1374 1101 1443 λέγει
1133 1376 1248 1438 τοῖς
1273 1376 1557 1446 κληρικοίς
1603 1378 1633 1430 6
1676 1376 1888 1447 γέρων

313 1464 499 1527 Δεῦτε,
522 1465 842 1536 ποιήσωμεν
866 1465 1109 1536 ἀγάπην,
1133 1466 1229 1518 xal
1251 1465 1314 1518 τὸ
1336 1464 1550 1535 θέλημα
1570 1464 1662 1518 τοῦ
1686 1465 1892 1535 Κυρίου

312 1556 577 1626 γενέσθω.
606 1558 719 1611 Kal
748 1556 1038 1621 καθεσθεὶς
1071 1560 1100 1612 6
1128 1557 1305 1620 άϐϐᾶς
1337 1556 1592 1627 Ἰωάννης
1627 1555 1894 1626 μετὰτῶν

314 1648 616 1720 κληρικῶν,
662 1648 900 1719 ἧρξαντο
936 1648 1160 1713 ἐσθίειν,
1187 1648 1449 1711 ἐάσαντες
1480 1646 1573 1701 τὸν
1617 1646 1895 1717 Ἀρσένιον

317 1742 629 1811 ἱστάμενον.
662 1738 985 1794 Ῥίπτειοῦν
1013 1739 1274 1809 παξαμάν
1302 1739 1381 1802 είς
1408 1738 1510 1809 τὴν
1531 1737 1638 1809 γῆν
1668 1739 1698 1791 6
1719 1738 1895 1803 ἀϐϐἄς

1996 559 2138 615 alter
2167 561 2322 617 alteri
2352 563 2612 619 dicebant
2640 583 2653 619 :
2688 564 2954 633 Quisnam
2982 577 3087 635 est,
3115 568 3210 640 qui
3241 570 3400 627 debet
3433 573 3579 630 hunc

1992 649 2273 721 excipere,
2295 662 2350 709 et
2374 654 2683 710 conducere
2712 656 2780 712 ad
2818 658 3180 714 monasticum
3223 660 3577 717 institutum?

1994 740 2081 809 Et,
2112 743 2248 799 inito
2274 746 2527 812 consilio,
2555 748 2734 803 visum
2763 757 2848 804 est
2875 750 3148 807 abducere
3172 753 3350 822 ipsum
3376 755 3442 808 ad
3473 756 3575 809 ab-

1992 832 2172 888 batem
2200 832 2464 891 Joannem
2498 835 2765 894 Colobum
2797 840 2930 910 (59).
2968 841 3035 896 Et
3071 852 3417 900 assumentes
3447 861 3572 900 eum

1994 938 2207 991 secum,
2258 927 2512 984 abierunt
2559 928 2626 984 ad
2673 943 2891 998 senem;
2930 934 3274 1006 peractisque
3322 936 3575 1006 precibus

1992 1014 2160 1072 locuti
2195 1031 2319 1072 cum
2359 1016 2451 1077 illo
2475 1026 2607 1074 sunt
2630 1019 2698 1076 de
2718 1018 2973 1077 Arsenio.

2068 1281 2121 1335 6.
2157 1280 2405 1352 Cumque
2438 1282 2580 1338 inter
2612 1285 3034 1357 colloquendurn
3071 1289 3183 1360 jam
3223 1304 3366 1346 nona
3406 1290 3574 1347 adve-

1998 1377 2168 1432 nisset
2200 1376 2353 1442 hora,
2377 1375 2510 1433 dicit
2536 1379 2751 1436 clericis
2791 1397 2958 1438 senex
2994 1401 3011 1440 :
3051 1384 3275 1450 Adeste,
3305 1384 3573 1440 faciamus

1993 1482 2202 1537 agapen
2258 1468 2393 1539 (40),
2449 1476 2505 1526 et
2550 1471 2807 1529 voluntas
2853 1472 2949 1530 Dei
3001 1475 3118 1530 liat.
3164 1476 3577 1546 Considcusque

1992 1558 2232 1615 Joannes
2261 1560 2432 1615 abbas
2484 1575 2607 1616 cum
2642 1562 2883 1631 clericis,
2929 1574 3217 1634 cmperunt
3262 1567 3570 1633 comedere,

1992 1649 2234 1704 sinentes
2285 1648 2576 1705 Arsenium
2640 1661 2806 1708 stare.
2872 1652 3101 1724 Projicit
3166 1656 3351 1726 itaque
3404 1672 3575 1726 pasa-

1995 1755 2121 1793 tnan
2154 1738 2265 1810 (41)
2294 1741 2346 1794 in
2383 1749 2583 1796 terram
2618 1743 2788 1799 abbas
2809 1743 3074 1811 Joannes,
3098 1747 3283 1817 aitque
3302 1749 3534 1805 Arsenio
3558 1765 3574 1802 :

327 1806 603 1904 Ἰωάννης,
632 1831 727 1886 καὶ
758 1830 911 1900 λέγει
936 1830 1015 1901 τῷ
1047 1806 1309 1902 ’Δρσενίῳ
1333 1847 1347 1862 ο
1378 1806 1551 1897 Φάγε,
1574 1806 1669 1883 ἐὰν
1712 1828 1893 1901 θέλῃς.

2002 1828 2252 1894 Comede,
2274 1830 2322 1886 si
2356 1831 2510 1886 velis.
2543 1830 2636 1887 Ille
2659 1843 2840 1888 autem
2872 1833 3142 1890 inclinans
3167 1852 3227 1890 se
3259 1836 3314 1890 in
3349 1845 3572 1903 terram,

325 1924 390 1980 '0
409 1924 466 1980 δὲ
488 1925 677 1989 κλίνας
709 1924 903 1978 ἑαυτὸν
926 1924 1021 1976 ἐπὶ
1046 1922 1148 1993 τὴν
1174 1922 1300 1993 γῆν,
1334 1921 1546 1993 ἀπῆλθε
1573 1921 1895 1993 περιπατῶν

314 2018 438 2079 ταῖς
465 2018 628 2088 χερσὶ
659 2016 758 2070 καὶ
782 2017 897 2079 τοῖς
929 2016 1111 2081 ποσὶν,
1143 2015 1279 2069 ὅπου
1301 2008 1370 2086 ἦν
1402 2016 1432 2069 6
1464 2013 1726 2085 παξαμάς
1746 2031 1769 2051 δ
1801 2014 1896 2068 καὶ

316 2109 520 2179 ἔφαγεν
547 2108 735 2173 αὐτὸν,
763 2108 841 2172 ὡς
870 2108 1050 2161 εκειτο
1080 2109 1160 2170 είς
1188 2106 1289 2177 τὴν
1316 2108 1440 2178 γῆν.
1468 2105 1580 2160 Καὶ
1609 2105 1733 2159 ἰδὼν
1757 2105 1787 2158 6
1809 2106 1897 2174 γέο

319 2217 451 2270 ρων,
473 2200 620 2269 λέγει
654 2202 767 2264 τοῖς
796 2200 1046 2270 ἀδελφοῖς
1063 2215 1078 2230 ο
1123 2199 1395 2266 Ὑπάγετε
1425 2197 1569 2267 μετά
1589 2196 1781 2263 καλοῦ,
1803 2198 1898 2250 καὶ

316 2292 544 2358 εὔξασθε
577 2294 725 2365 ὑπὲρ
747 2294 935 2364 ἡμῶν·
962 2292 1138 2357 οὕτως
1177 2292 1287 2363 γὰρ
1318 2291 1639 2359 γινώσκετε,
1681 2292 1765 2345 ὅτι
1813 2292 1898 2345 δό-

317 2404 486 2458 κιμον
518 2386 634 2458 ἔχει
660 2389 885 2458 ποιῆσαι
910 2386 1169 2458 μοναχόν.
1214 2383 1536 2457 Ἦρώτησαν
1564 2379 1659 2438 οὖν
1682 2385 1733 2438 οἱ
1764 2383 1897 2456 κλη-

320 2479 467 2549 ρικοὶ
517 2478 612 2532 τὸν
657 2478 933 2551 ’Δρσένιον
954 2479 1079 2533 καθ’
1129 2478 1380 2542 ἑαυτοὺς,
1415 2476 1672 2546 λέγοντες
1713 2476 1892 2547 αὐτῷ·

322 2570 558 2636 Ποίησον
597 2570 845 2641 ἀγάπην,
871 2568 1090 2636 άδελφδ,
1113 2568 1208 2624 διὰ
1238 2569 1332 2623 τὸν
1374 2570 1603 2641 Κύριον,
1638 2570 1734 2624 καὶ
1776 2569 1897 2623 είπὲ

317 2663 476 2731 ἡμῖν,
528 2662 683 2716 ποῐον
711 2659 973 2730 λογισμὸν
1025 2658 1184 2729 ἔσχες
1235 2657 1433 2713 ἐσθίων
1473 2657 1567 2712 τὸν
1606 2658 1897 2729 παξαμάν;

319 2753 435 2808 Kal
466 2752 616 2822 λέγει
656 2752 873 2815 αὐτοῖς’
916 2750 1283 2821 Ἐλογισάμην
1336 2748 1474 2822 πρὸς
1512 2749 1773 2820 ἐμαυτὸν,
1816 2751 1900 2804 ὅτι

328 2849 420 2911 Ὠς
446 2845 573 2901 κυνί
594 2862 678 2900 σοι
705 2843 936 2916 ἔρριψαν
959 2842 1054 2896 τὸν
1079 2843 1345 2914 άρτον,ὡς
1371 2841 1518 2897 κύων
1545 2843 1688 2912 φάγε
1713 2843 1898 2899 αὐτόν.

320 2939 430 2993 Καὶ
478 2937 740 3002 ἐδόξασαν
775 2936 871 2990 τὸν
908 2934 1064 2990 Θεόν.
1113 2935 1319 3005 Χρόνον
1346 2930 1443 2989 οὖν
1488 2934 1671 3004 ὀλίγον
1711 2938 1902 3007 μείνας

324 3031 464 3099 μετὰ
492 3026 588 3083 τοῦ
615 3027 762 3083 ἀϐϐᾶ
798 3028 1051 3083 Ἰωάννου
1072 3026 1103 3079 6
1129 3025 1423 3097 Ἀρσένιος,
1447 3028 1544 3081 καὶ
1570 3027 1758 3099 μαθὼν
1790 3031 1899 3084 πᾶ-

1995 1921 2167 1991 abivit
2227 1921 2378 1986 illuc,
2437 1923 2728 1980 ambulans
2772 1924 3027 1980 manibus
3077 1925 3437 1997 pedibusque,
3481 1928 3575 1983 ubi

1994 2021 2113 2068 erat
2156 2028 2450 2083 paxamas;
2497 2022 2557 2091 et
2600 2014 2653 2067 in
2693 2022 2862 2080 terra,
2902 2024 3064 2085 prout
3107 2016 3343 2084 iacebat,
3396 2018 3576 2086 ipsum

1995 2103 2252 2157 comedit.
2280 2104 2457 2173 Atque
2495 2104 2600 2158 hoc
2626 2105 2975 2174 conspicatus
3004 2120 3189 2171 senex,
3220 2106 3354 2161 dicit
3392 2107 3578 2161 fratri-

1996 2192 2099 2248 bus
2124 2210 2138 2247 :
2173 2193 2331 2249 Abite
2359 2209 2479 2249 cum
2504 2196 2670 2260 bono,
2704 2203 2759 2251 et
2781 2206 2935 2251 orate
2959 2212 3059 2267 pro
3082 2198 3243 2253 nobis
3267 2216 3284 2254 :
3325 2200 3399 2253 ita
3429 2200 3577 2254 enim

1996 2286 2202 2354 scietis,
2225 2286 2364 2355 quod
2384 2288 2645 2357 probatus
2667 2288 2757 2352 sit,
2786 2297 2847 2342 ut
2870 2288 2963 2343 nat
2986 2290 3309 2346 monachus.
3338 2290 3576 2346 Interro-

1997 2389 2195 2448 garunt
2238 2378 2419 2448 itaque
2459 2380 2645 2435 clerici
2689 2380 2830 2436 inter
2872 2396 2931 2436 se
2984 2382 3297 2447 Arsenium,
3333 2383 3578 2440 dicentes

1997 2472 2073 2525 illi
2104 2487 2116 2522 :
2145 2468 2251 2526 Fac
2276 2486 2505 2541 agapen,
2529 2470 2719 2535 frater,
2746 2486 2843 2542 per
2865 2470 3188 2537 Dominum;
3211 2481 3265 2527 et
3286 2472 3375 2527 dic
3396 2472 3577 2537 nobis,

1995 2561 2194 2632 ecquid
2238 2562 2585 2632 cogitationis
2642 2561 2940 2628 habueris,
2994 2563 3216 2632 quando
3255 2563 3580 2617 contedebas

1998 2653 2305 2723 paxaman?
2335 2652 2546 2719 Quibus
2577 2653 2689 2717 ille,
2726 2652 3074 2724 Cogitabam,
3100 2653 3297 2724 inquit,
3325 2668 3532 2709 mecum
3560 2671 3576 2708 :

1997 2761 2160 2817 quem
2200 2744 2299 2799 tibi
2339 2753 2597 2815 tanquam
2664 2747 2787 2800 cani
2823 2745 3170 2816 proiecerunt
3217 2760 3433 2813 panem,
3481 2760 3583 2800 co-

2000 2837 2153 2892 mede
2175 2836 2327 2889 illum
2381 2844 2646 2901 tanquam
2673 2833 2848 2889 cauis.
2885 2834 2951 2889 Et
2976 2834 3355 2905 gloriﬁcabant
3388 2835 3578 2889 Deum.

1998 2926 2209 2998 Exiguo
2235 2926 2400 2998 igitur
2423 2934 2664 2995 tempore
2686 2924 2951 2980 Arsenius
2972 2940 3100 2980 cum
3126 2925 3323 2981 abbate
3365 2923 3584 2981 Joanne

1998 3030 2270 3088 versatus,
2302 3035 2633 3091 omnemque
2663 3018 2980 3075 monasticae
3008 3020 3133 3074 vita:
3159 3019 3420 3074 rationem
3450 3018 3582 3073 edo-

320 3137 423 3174 σαν
445 3119 544 3191 τὴν
573 3118 875 3191 μοναχικὴν
902 3117 1259 3183 κατάστασιν,
1288 3117 1535 3191 ἀπελύθη
1573 3120 1706 3193 παρ’
1731 3121 1899 3176 αὐτοῦ

2002 3124 2143 3179 ctus,
2179 3113 2430 3170 discessit
2463 3112 2532 3168 ab
2557 3127 2646 3176 eo,
2676 3120 2735 3168 ut
2779 3112 3058 3167 secederet
3096 3109 3310 3181 sibique
3346 3110 3450 3165 soli
3484 3124 3584 3165 va-

320 3212 578 3267 ἁπελθεῖν
602 3211 696 3265 καὶ
721 3211 943 3266 καθίσαι
971 3209 1115 3265 κατά
1148 3210 1315 3281 μόνας
1339 3227 1353 3244 ο
1380 3211 1477 3265 καὶ
1498 3212 1715 3283 ἔμεινεν
1753 3214 1903 3283 ἀγω-

320 3303 604 3374 νιζόμενος
627 3303 686 3355 ἐν
707 3302 924 3373 ιυρίῳ,
949 3300 1093 3355 ὥστε
1121 3302 1351 3365 πολλοὺς
1376 3304 1488 3356 τῶν
1508 3304 1652 3359 κατά
1668 3304 1762 3359 τὸν
1782 3322 1905 3359 και·

323 3395 420 3467 ρδν
445 3396 655 3449 ἐκεῖνον
689 3393 944 3465 μεγάλων
969 3391 1245 3464 γερόντων
1285 3393 1593 3465 ὑπερϐῆναι
1645 3397 1760 3459 τοῖς
1806 3396 1901 3450 πός

320 3502 458 3552 νοις,
488 3487 556 3556 τῇ
591 3502 651 3538 τε
697 3484 986 3556 καρτερίᾳ,
1016 3483 1113 3538 καὶ
1141 3485 1208 3554 τῇ
1243 3484 1489 3555 ὑπομονῇ
1524 3483 1635 3538 τῶν
1669 3486 1902 3555 ἀσκητι-

324 3576 438 3631 atth
475 3575 728 3644 ἀγώνων.
777 3574 1166 3645 ’Δναχωρήσας
1215 3568 1310 3628 οὖν
1352 3576 1412 3628 ἐν
1438 3574 1516 3645 τῷ
1537 3577 1890 3651 ήτυγαστικῷ

325 3669 449 3742 βίῳ,
481 3668 646 3723 πάλιν
676 3667 878 3739 ηὔξατο
902 3666 982 3736 τῷ
1005 3664 1125 3737 Θεῷ
1146 3666 1322 3735 λέγων
1340 3683 1355 3698 ·
1400 3666 1595 3737 Κύριε,
1627 3670 1896 3743 όδήγησόν

325 3776 422 3832 με,
442 3760 562 3823 πῶς
586 3758 772 3813 σωθῶο
806 3759 902 3811 καὶ
926 3758 1127 3829 ἢκουσε
1154 3756 1341 3827 φωνῆς
1370 3756 1665 3829 λεγούσης·
1706 3762 1897 3830 Ἀρσέ-

322 3851 633 3922 νιε,φεῦγε,
658 3849 866 3918 σιώπα,
888 3849 1161 3921 ἡσύχαζεο
1195 3849 1356 3904 αὑταὶ
1373 3850 1482 3920 γάρ
1508 3851 1645 3907 εἰσιν
1671 3854 1729 3909 al
1754 3856 1902 3924 ῥίζαι

321 3941 427 4016 τῆς
446 3942 887 4014 ἀναμαρτησίας.

2005 3216 2175 3265 caret.
2204 3207 2268 3262 Et
2295 3204 2681 3277 perseveravit,
2719 3219 2818 3274 pro
2849 3204 2991 3259 virili
3026 3203 3364 3259 contendens
3395 3202 3449 3257 in
3480 3201 3585 3256 Do-

2005 3301 2157 3355 mino
2185 3313 2359 3370 usque
2389 3298 2549 3364 adeo,
2573 3306 2635 3353 ut
2673 3312 2901 3367 magnos
2933 3296 2985 3351 id
3021 3296 3283 3366 temporis
3314 3310 3475 3352 senes
3503 3294 3584 3349 la-

2004 3393 2252 3460 boribus,
2291 3392 2623 3453 constantia,
2665 3405 2730 3446 ac
2791 3389 3158 3445 certaminum
3220 3387 3584 3444 asceticorum

2004 3485 2295 3543 tolerantia
2374 3491 2679 3555 superaret.
2752 3483 3046 3552 Postquam
3110 3480 3178 3536 ad
3243 3479 3584 3550 ltesychasti-

2006 3594 2128 3635 cam
2168 3577 2281 3647 (42)
2329 3578 2493 3632 vitam
2545 3575 2888 3642 secessisset,
2932 3575 3127 3629 iterum
3165 3572 3344 3627 oravit
3392 3570 3584 3637 Deum,

2001 3672 2188 3729 dicens
2221 3688 2235 3724 :
2273 3667 2521 3732 Domine,
2572 3666 2716 3721 viam
2755 3664 3016 3729 ostende,
3069 3664 3160 3719 ubi
3209 3664 3396 3719 salvus
3437 3662 3582 3726 tiam,

2008 3764 2073 3819 Et
2115 3761 2323 3817 audivit
2363 3773 2580 3833 vocem,
2634 3757 2903 3813 dicentem
2940 3774 2954 3811 :
3001 3755 3222 3821 Arseni,
3251 3754 3398 3826 fuge,
3443 3762 3585 3821 tace,

2008 3855 2232 3927 quiesce
2262 3871 2276 3907 :
2305 3866 2429 3906 nam
2477 3850 2563 3905 ha:
2603 3859 2732 3906 sunt
2774 3848 3009 3914 radices,
3049 3847 3252 3919 quibus
3293 3863 3325 3904 a
3365 3857 3590 3919 peccato

2014 3946 2276 4006 immunis
2307 3944 2404 4001 llas
2432 3941 2573 4015 (43).

1848 4085 2085 4145 ΝΟΤΛΕ.

398 4170 511 4243 ('59)
541 4169 805 4243 Joannes
834 4170 1085 4243 iColobus
1146 4170 1226 4243 (in
1289 4171 1589 4243 appendice
1637 4174 1705 4230 ad
1763 4176 1914 4235 Vitas

330 4241 559 4299 Patrum
586 4258 709 4313 pag.
747 4241 859 4313 904,
901 4256 996 4310 per
1028 4241 1309 4312 apocopen
1340 4241 1550 4311 Colob;
1585 4243 1773 4303 Cra-ce
1804 4251 1913 4303 Κο-

324 4315 508 4378 λοϐδς,
559 4312 754 4381 estque
788 4312 902 4381 hic
949 4321 1166 4375 curtus,
1205 4326 1432 4380 parvus,
1471 4329 1671 4380 nanus,
1726 4318 1912 4377 brevis

326 4396 573 4449 staturae,
607 4380 738 4458 etc.)
774 4380 877 4437 fuit
902 4382 1044 4458 inter
1075 4383 1449 4458 anachoretas
1483 4384 1907 4458 celeberrimus;

327 4458 586 4523 idemque
612 4451 866 4519 fortasse,
897 4452 994 4521 qui
1020 4452 1073 4505 in
1098 4451 1482 4523 Martyrologio
1513 4452 1729 4521 Coptica
1762 4451 1911 4514 tomo

329 4520 510 4580 tertio'
523 4520 723 4585 Martii,
764 4538 890 4593 pag.
908 4520 1014 4577 692
1042 4520 1265 4593 notatur
1295 4520 1634 4593 his—verbis:
1671 4546 1690 4577 ι
1713 4526 1909 4586 Obitus

327 4594 559 4650 Joannis
586 4594 737 4663 parvi
755 4590 1048 4663 ἐτείῳ-ἰωή
1078 4591 1355 4663 Gerardus
1384 4590 1613 4649 Vossius
1642 4594 1907 4653 Borcltlo-

332 4666 484 4731 nius,
514 4660 844 4733 praepositus
864 4660 1223 4733 Tungrensis,
1253 4663 1395 4717 inter
1447 4663 1905 4737 Apophthegmata

329 4734 582 4801 Patrum,
608 4748 757 4803 ﬁcum
798 4731 1273 4803 sanctoiEphraem
1305 4732 1445 4803 Syro
1483 4733 1723 4791 Coloniae
1759 4738 1903 4793 edita

328 4776 1906 4874 Ξιῖιὶἷῖῐςοέιῖῖηἶίἐΰτ,Ἕὸὶόϊὲὸξῗιξξξἵζ’ἷιὶἓὶῖιὲῖᾶῗ

326 4875 470 4929 deus
505 4891 522 4929 :
571 4894 591 4928 ι
640 4871 1025 4942 Verisimiliter
1070 4873 1160 4929 hic
1191 4871 1713 4942 iutelligiJoannem
1744 4874 1904 4933 Colo—

328 4944 526 5009 bitam,
570 4952 635 5013 et
678 4944 815 5000 alias
867 4941 1203 5013 Calybitam,
1264 4943 1547 5013 eremitam
1598 4943 1903 5002 Romanum

332 5016 542 5087 (potius
574 5012 932 5087 CPolitanum
961 5012 983 5074 ;’
1031 5012 1244 5087 v_i_de_si§_
1274 5012 1744 5087 Commentarium
1764 5016 1905 5087 ejus

330 5080 599 5167 praevium.
622 5085 710 5166 die
744 5083 818 5167 l§
842 5080 1276 5167 JanuariiL§_2),
1311 5081 1470 5167 cujus
1502 5087 1705 5167 mentio
1726 5080 1826 5167 lit'
1846 5087 1903 5143 in
1936 5110 1981 5167 ι)

333 5150 720 5226 Martyrologio
772 5150 1423 5226 Romano,l5]anuarii.
1481 5172 1502 5206 ι
1563 5154 1683 5226 Mox
1721 5165 1902 5212 tamen

331 5221 559 5280 alterius
605 5221 834 5279 Joannis
877 5224 1120 5277 eremitte
1165 5221 1405 5292 IEgyptii
1463 5224 1734 5291 meminit,
1794 5242 1906 5281 non

331 5294 668 5351 sumcienter
695 5296 1019 5358 instructus,
1053 5301 1113 5362 ut
1137 5292 1347 5362 aliquid
1376 5292 1522 5349 circa
1558 5295 1712 5349 illum
1741 5296 1906 5352 abso-

330 5366 509 5422 sulute
555 5362 1021 5434 determinet_.__De
1051 5360 1272 5434 Joanne
1314 5361 1522 5419 Colobo
1570 5365 1785 5434 plenius
1824 5367 1908 5420 in-

330 5439 470 5489 strui
512 5435 717 5503 poteris
767 5449 837 5488 ex
872 5430 1267 5503 Vitis_Patrut_tt
1305 5434 1474 5489 variis
1524 5430 1701 5500 lo'cis;
1744 5436 1907 5491 Cote-

333 5501 658 5630 leriogyto
685 5505 724 5569 ι,
754 5519 787 5558 a
811 5519 936 5575 pag.
962 5501 1088 5566 468,
1117 5517 1183 5557 ac
1207 5501 1555 5560 Tillemontio
1598 5513 1748 5562 tomo
1776 5507 1845 5572 X,
1878 5521 1907 5560 a

333 5589 456 5630 νεα.
598 5613 612 5627 .

371 5591 456 5628 αα.
485 5591 612 5628 421.

333 5589 771 5714 Ρδῗιίοῗχεερε,
802 5642 991 5698 Grmce
1008 5643 1220 5713 ἀγάπη,
1252 5643 1518 5713 accipitur
1548 5644 1631 5697 vel
1664 5660 1764 5714 pro
1811 5661 1908 5701 ex-

335 5715 702 5770 traordinaria
732 5714 1025 5769 refectione
1064 5715 1120 5767 iu
1153 5714 1537 5776 monasteriis;
1568 5715 1652 5784 vel
1694 5732 1791 5784 pro
1815 5731 1907 5770 so-

339 5786 507 5841 lemni
537 5784 787 5841 convivio
812 5800 826 5852 ;
862 5785 944 5841 vel
967 5800 1067 5856 pro
1095 5799 1252 5839 cmna
1280 5784 1347 5839 ad
1390 5799 1554 5854 quam
1582 5778 1904 5851 Christiani.

2011 4179 2107 4237 sed
2142 4189 2413 4248 pauperes
2448 4174 2799 4248 potissiQO
2848 4172 3275 4248 adhibebantur.
3313 4171 3387 4248 Ile
3411 4170 3591 4248 prima

2008 4242 2408 4319 signiﬁca—tione
2429 4242 2678 4319 consule
2694 4243 2964 4319 _C_angi_um
2991 4260 3005 4308 ;
3056 4247 3123 4319 de
3150 4242 3401 4319 secunda
3421 4242 3585 4319 Cote-

2012 4312 2207 4376 lerium
2240 4316 2296 4370 in
2328 4316 2473 4370 uotis
2507 4316 2615 4370 col.
2651 4313 2792 4379 80!;
2824 4312 2902 4367 ’de
2950 4312 3112 4367 tertia
3147 4312 3500 4367 Ciacconium
3530 4314 3589 4369 in

2010 4389 2157 4445 notis
2182 4386 2248 4441 ad
2274 4386 2599 4441 Cassianum
2629 4399 2752 4455 pag.
2783 4381 2908 4439 669.
2948 4381 3050 4437 Hic
3078 4397 3207 4437 vero
3225 4397 3333 4438 non
3370 4382 3485 4455 scio
3515 4399 3582 4439 an

2008 4463 2133 4531 plus
2186 4455 2395 4531 aliquid
2458 4453 2817 4526 signiﬁcetur,
2878 4467 3047 4524 quam
3098 4467 3257 4509 ctena
3304 4453 3585 4510 ordinaria

2009 4529 2430 4585 monachorum.

2079 4598 2192 4670 (41)
2234 4596 2327 4670 Illa
2349 4610 2451 4649 vox
2479 4594 2629 4670 varie
2659 4593 2967 4670 scribitur;
3000 4592 3280 4670 nimirum“
3298 4608 3587 4670 pascimus,

2008 4660 2375 4754 μαξειιὴιαιὶοιι,
2412 4665 2745 4754 ρακξηξριὶοιι
2767 4663 2887 4754 εηιξὶε
2928 4677 3048 4754 Διιιιιι
3063 4660 3586 4754 μίυιειεξιίέοεῖιεγιίιις

2007 4730 2061 4794 iu
2094 4730 2436 4793 Onomastico
2470 4734 2538 4788 ad
2570 4732 2719 4788 Vitas
2770 4730 2886 4786 PP.
2925 4730 2973 4786 ε’
2988 4747 3111 4802 pag.
3143 4731 3322 4797 1045;
3362 4730 3585 4790 brevius

2006 4810 2065 4863 in
2114 4806 2386 4863 Glossario
2422 4802 2635 4858 Latino.
2663 4802 2979 4873 Signillcat_
3007 4816 3137 4873 vero
3170 4816 3363 4871 panem
3396 4805 3583 4859 subci-

2008 4878 2297 4942 nericium,
2345 4883 2443 4929 aut
2499 4870 2777 4943 recoctum
2811 4887 2911 4927 seu
2967 4870 3051 4926 bis
3071 4870 3362 4943 _coctum:
3419 4889 3586 4943 quem

2007 4948 2079 5003 ita
2127 4939 2456 5027 appellatum
2502 4942 2729 5015 quidam
2770 4942 2966 4997 volunt
3008 4956 3039 4996 a
3070 4939 3311 4996 Paxamo
3345 4939 3585 5011 quodam

2007 5030 2355 5074 CIIDCdlaI'IO..

2080 5032 2431 5157 {garriam
2479 5082 2780 5157 quie_tam_,_
2824 5081 3153 5157 taciturnam
3179 5123 3196 5148 ,
3254 5080 3584 5139 solitariam.

2009 5152 2259 5213 Graecum
2307 5152 2670 5227 ἡσυχαρτικὺς
2707 5152 2997 5227 dilucidari
3031 5160 3226 5227 potest
3254 5167 3320 5227 ex
3353 5164 3587 5227 annota:

2008 5227 2174 5351 iisrad
2212 5219 2452 5351 capti;
2474 5223 2608 5280 Vita:
2637 5224 2811 5278 sancti
2839 5219 3095 5293 Stephani
3136 5219 3376 5277 Sabaitaa
3399 5223 3486 5278 die
3522 5225 3587 5279 l5

2042 5315 2074 5351 ιι
2102 5314 2159 5351 ιι.
2191 5313 2314 5351 nati.
2459 5333 2474 5349 .
3350 5350 3353 5351 ν

2008 5297 2159 5361 Julii,
2191 5313 2314 5361 pag.
2348 5297 2474 5351 554.
3348 5350 3359 5361 .

2081 5313 2664 5437 ἓῖἑ)βὲξῖιιῇῗιέἰιιοιιε
2689 5362 2887 5437 Junior
2908 5361 3330 5437 tltaumaturgus
3348 5350 3423 5417 ‘de
3441 5362 3585 5429 loco,

2010 5432 2104 5493 ubi
2131 5432 2331 5506 saepqu
2366 5450 2397 5490 a
2443 5436 2695 5506 pluribus
2740 5432 3210 5506 interpellabatur,
3242 5447 3365 5506 cum
3405 5447 3588 5506 scere:

2010 5508 2132 5564 tiori
2188 5500 2577 5562 commutando
2636 5500 3101 5574 Theophilactum
3151 5500 3587 5574 consulens,__id

2010 5577 2262 5647 responsi
2293 5577 2416 5631 tulit
2443 5577 2611 5647 (tomo
2637 5570 3209 5647 secundojlt‘ebruarii,
3244 5585 3373 5647 pag.
3401 5570 3583 5647 I94);

2024 5667 2041 5700 ι
2088 5640 2606 5716 Τεηοιιάιιιιι,’‹ιιιοι1
2646 5644 2852 5716 optime
2879 5640 3121 5716 haberet
3160 5640 3374 5716 Arsenii
3401 5640 3588 5716 _conSi-

2015 5719 2147 5772 lium
2185 5738 2197 5771 :
2228 5718 2273 5772 is
2303 5709 2450 5770 enim
2480 5709 2789 5783 'fugerc'ait
2832 5712 3081 5783 homines
3117 5719 3172 5783 et
3203 5710 3437 5783 salvari.
3476 5709 3584 5765 lte-

2014 5803 2247 5859 rumque
2277 5805 2289 5842 :
2320 5785 2487 5857 Fuge,
2524 5778 2661 5851 ta'cc,
2692 5784 2934 5851 quiesce.
2972 5799 2991 5832 ι
3019 5778 3217 5852 inspici
3249 5780 3421 5838 ctiam
3455 5794 3585 5852 pos.-
