4064 6372
290 386 393 453 861
904 386 1189 448 ORATIO
1222 387 1363 448 XII.
1392 414 1460 425 -
1496 387 1880 450 LAUDATIO
1916 387 1977 447 S.
2016 386 2333 447 ARSENII
2367 387 2917 449 ANACHORET/E.
3450 398 3555 462 862

290 473 396 533 ὧδε
420 492 435 507 ⁸
454 474 569 531 ἀλλ’
605 473 766 546 εὔχου
799 473 942 545 ὑπὲρ
973 474 1133 545 ἐμοῦ,
1165 474 1259 527 καὶ
1290 475 1598 545 μνημόνευέ
1627 492 1728 546 μου
1756 475 1868 529 δια-

1980 481 2110 527 tam.
2143 474 2242 528 Ast
2296 490 2391 528 ora
2424 489 2522 544 pro
2555 491 2663 541 me,
2715 491 3041 548 semperque
3083 480 3192 537 mei
3231 486 3553 544 memoriam

291 568 517 630 παντός.
563 567 625 620 Ὀ
659 566 716 619 δὲ
748 568 1091 636 ἀποκριθεὶς,
1127 564 1282 622 εἷπεν
1321 569 1479 639 αὐτῇ.
1515 566 1760 638 Εὖχομαι
1792 565 1868 636 τῷ

1976 564 2136 620 habe.
2186 567 2292 631 Qui
2328 567 2685 637 respondens,
2721 569 2858 622 dixit
2894 570 3009 624 illi:
3056 572 3240 630 Orabo
3268 574 3461 643 Deum,
3495 589 3556 636 ut

290 662 434 732 Θεῷ.
466 660 555 714 ἵνα
596 657 887 729 ἐξαλειφθῇ
925 658 987 712 τὸ
1022 660 1368 731 μνημόσυνόν
1396 677 1490 713 σου
1523 661 1589 713 ἐκ
1617 659 1713 729 τῆς
1753 659 1872 713 δια-

291 755 443 816 νοίας
482 769 606 823 μου.
644 750 833 805 Ταῦτα
858 750 1160 815 ἀκούσασα,
1196 751 1423 820 ἐξῆλθεν
1460 751 1869 823 τεταραγμένη.

296 847 405 900 Καὶ
429 846 506 908 ὡς
530 839 696 916 ἦλθεν
721 842 803 906 είς
823 841 923 913 τὴν
948 843 1123 907 πόλιν,
1146 844 1254 897 ἀπὸ
1280 843 1459 915 λύπης
1482 843 1641 897 ἔϐαλε
1669 844 1873 914 πυρέτ-

294 956 426 992 τειν.
456 938 567 991 Ka‘t
593 934 874 1007 ἀνηγγέλη
901 933 981 1005 τῷ
1005 934 1186 1007 πάπᾳ,
1236 936 1320 989 ὅτι
1354 934 1593 990 ἀσθενεῖ.
1638 935 1751 989 Καὶ
1778 934 1868 989 ἐλ-

295 1029 405 1082 θὼν
435 1028 572 1098 πρὸς
611 1025 810 1097 αὐτὴν,
838 1026 1140 1094 παρεκάλει
1170 1025 1364 1095 μαθεῖν
1386 1025 1441 1078 τί
1473 1027 1642 1087 ἐστιν,
1672 1024 1701 1077 0
1732 1025 1867 1093 ἔχει.

304 1121 367 1174 'H
394 1121 452 1174 δὲ
473 1116 631 1173 εἶπεν
660 1117 842 1186 αὐτῷ·
869 1114 996 1170 Εἴθε
1020 1116 1095 1187 μὴ
1123 1118 1412 1188 ἀπήντησα
1436 1111 1540 1171 ὦδε
1566 1134 1581 1150 ·
1607 1114 1737 1169 εἶπα
1761 1115 1869 1186 γάρ

293 1213 373 1280 τῷ
400 1211 659 1280 γέροντν
710 1208 1035 1279 Μνημόνευέ
1087 1225 1229 1277 μου·
1265 1209 1361 1261 καὶ
1416 1205 1541 1262 εἶπέ
1590 1224 1719 1278 μοι,
1784 1207 1870 1260 ὅτι

296 1300 543 1370 Εὖχομαι
575 1296 655 1368 τῷ
678 1296 819 1367 Θεῷ,
856 1296 943 1350 ῖνα
971 1294 1265 1367 ἐξαλειφθῇ
1293 1295 1356 1347 τὸ
1388 1293 1737 1366 μνημόσυνόν
1772 1308 1867 1344 σου

296 1393 363 1444 ἐκ
411 1390 514 1459 τῆς
550 1386 793 1451 διανοίας
846 1404 969 1457 μου.
1002 1384 1112 1440 Καὶ
1156 1386 1264 1440 ἰδοὺ
1294 1383 1406 1453 ἐγὼ
1433 1382 1761 1455 ἀποθνήσκω
1803 1383 1869 1435 ἐκ

293 1482 392 1550 τῆς
428 1480 626 1549 λύπης.
669 1478 778 1531 Καὶ
811 1468 963 1546 λέγει
1000 1477 1141 1548 αὐτῇ
1182 1479 1211 1529 0
1248 1475 1697 1546 ἀρχιεπίσκοπος.
1752 1472 1869 1526 Οὐκ

292 1568 440 1633 οἶδας
466 1572 549 1625 ὅτι
582 1569 721 1640 γυνὴ
749 1563 820 1635 εἴ,
849 1569 942 1622 καὶ
968 1569 997 1620 0
1025 1566 1216 1638 ἐχθρὸς
1237 1565 1481 1628 διάϐολος
1515 1564 1604 1617 διὰ
1632 1563 1741 1617 τῶν
1764 1579 1865 1632 γυ-

293 1662 498 1716 ναικῶν
528 1661 756 1732 πολεμεῖ
802 1661 929 1723 τοὺς
958 1658 1182 1727 ἀγίους;
1222 1658 1332 1711 Καὶ
1366 1656 1452 1709 διὰ
1473 1653 1635 1708 τοῦτο
1659 1649 1811 1707 εἶπεν
1838 1654 1867 1706 0

291 1756 475 1825 γέρων
495 1770 508 1783 ·
557 1755 687 1822 περὶ
714 1752 822 1823 γὰρ
849 1753 946 1821 τῆς
971 1750 1149 1822 ψυχῆς
1174 1767 1268 1804 σου
1306 1748 1525 1819 εὔχεται
1549 1746 1863 1811 διαπαντός.

1972 659 2236 712 memoria
2289 660 2364 712 tui
2431 659 2676 713 deleatur
2703 678 2769 715 ex
2808 663 2993 718 animo
3051 681 3193 721 meo.
3252 666 3375 724 llaec
3425 686 3550 726 cum

1970 749 2255 813 audiisset,
2286 750 2457 804 exivit
2483 753 2832 807 conturbata.
2880 755 3055 824 Atque
3086 767 3143 811 ιιι
3172 763 3423 827 pervenit
3481 764 3550 817 ad

1971 838 2273 903 civitatem,
2321 855 2431 908 pra":
2481 841 2697 896 tristitia
2744 844 2798 896 in
2853 843 3046 899 febrim
3081 848 3315 905 incidit:
3348 866 3550 907 renun-

1974 928 2283 998 tiatumque
2328 942 2410 985 est
2440 946 2593 1003 papa:
2615 932 2748 1005 (61),
2776 937 2918 1005 quod
2943 950 3267 1008 aegrotaret;
3306 944 3400 1013 qui
3426 960 3547 998 eam

1970 1020 2258 1087 accedens,
2302 1024 2527 1091 rogabat
2592 1028 2879 1082 certiorem
2911 1046 2969 1085 se
2997 1034 3167 1097 reddi,
3212 1050 3322 1104 quo
3359 1038 3552 1093 morbo

1976 1110 2270 1168 laboraret.
2354 1114 2600 1186 Subjecit
2644 1116 2781 1173 illa:
2841 1118 3056 1176 Utinam
3116 1140 3393 1194 nunquam
3444 1128 3551 1182 huc

1968 1205 2275 1260 venissem!
2306 1207 2418 1261 dixi
2447 1210 2649 1263 etenim
2684 1209 2814 1265 Seni
2842 1230 2858 1270 :
2892 1213 3208 1270 Memoriam
3243 1218 3349 1272 mei
3386 1218 3547 1287 habe,

1969 1305 2023 1349 et
2052 1298 2376 1366 respondit:
2425 1297 2603 1355 Orabo
2641 1299 2836 1367 Deum,
2865 1312 2923 1357 ut
2966 1307 3227 1361 memoria
3261 1311 3335 1362 tui
3365 1308 3547 1364 delea-

1968 1393 2057 1439 tur
2120 1401 2187 1440 ex
2236 1388 2419 1443 animo
2462 1405 2602 1444 meo.
2652 1388 2720 1445 Et
2762 1406 2885 1446 ecce
2913 1395 3114 1449 morior
3141 1412 3241 1467 ego
3282 1413 3390 1467 pra:
3449 1399 3548 1453 tri-

1966 1476 2138 1542 stitia,
2177 1475 2413 1532 Rursum
2464 1482 2907 1553 archiepiscopus
2946 1502 2961 1540 :
3019 1484 3134 1540 Non
3180 1489 3345 1553 nosti,
3400 1492 3546 1558 quod

1967 1567 2166 1621 mulier
2222 1568 2321 1633 sis,
2362 1577 2416 1623 et
2460 1571 2604 1639 quod
2658 1573 2833 1629 hostis
2881 1576 3134 1633 diabolus
3161 1594 3256 1647 per
3286 1581 3546 1638 mulieres

1966 1657 2245 1729 impugnet
2305 1664 2561 1717 sanctos!
2600 1663 2770 1733 quue
2812 1665 2935 1720 ideo
2965 1667 3102 1722 dixit
3143 1650 3317 1725 Senex
3356 1689 3369 1725 :
3416 1688 3543 1727 nam

1967 1763 2065 1818 pro
2114 1751 2298 1805 anima
2343 1760 2432 1805 tua
2462 1752 2683 1808 assidue
2730 1765 2870 1809 orat.
2901 1756 2967 1811 Et
3010 1758 3091 1813 sic
3120 1774 3275 1814 mens
3310 1760 3429 1829 ejus
3461 1778 3545 1816 re-

294 1816 406 1900 Kat
430 1844 604 1909 οὕτως
625 1816 1020 1916 ἐθεραπεύθη
1041 1816 1300 1913 λογισμὸς
1329 1816 1520 1911 αύτῆς,
1544 1839 1638 1892 καὶ
1657 1836 1868 1908 ἀπῆλθε

1971 1816 2152 1895 creata
2184 1851 2301 1910 est;
2331 1852 2384 1896 et
2412 1859 2538 1899 cum
2569 1846 2768 1916 gaudio
2796 1847 3045 1903 discessit
3072 1849 3138 1903 ad
3164 1816 3380 1920 propria
3404 1852 3541 1922 (62).

299 1939 438 2008 μετά
466 1938 642 2006 χαρᾶς
680 1937 762 1999 είς
800 1937 869 1988 τά
900 1934 1027 1990 ῖδια.
1080 1934 1144 1987 Ἡ
1182 1935 1282 2004 μὲν
1307 1928 1401 1987 οὖν
1440 1930 1664 2003 ⁴ήσυχία,
1709 1931 1867 2002 καὶὴ

293 2029 601 2099 ἀπάντησις
626 2027 852 2098 τοιαύτη
878 2026 973 2081 τοῦ
1021 2024 1326 2095 ’Δρσενίου.

892 2137 1145 2193 ΚΕΦΑΛ.
1186 2135 1262 2190 B'.

1970 1927 2039 1987 Et
2112 1933 2238 1989 talis
2302 1936 2522 2005 quidem
2585 1937 2798 1993 Arsenii
2852 1954 3102 1995 secessus
3154 1950 3209 1996 et
3266 1957 3533 1999 occursus
3602 1950 3621 1965 '

1970 2022 2095 2080 fuit:

2584 2139 2813 2197 CAPUT
2851 2142 2916 2199 11.

315 2256 527 2311 Donum
557 2252 815 2309 arationis
843 2259 892 2305 et
922 2253 1309 2323 lacrymarum:
1346 2248 1559 2332 vigilite.
1600 2250 1937 2332 flanimeum,
1980 2249 2133 2332 labar
2160 2267 2457 2332 manuum-,-
2498 2256 2866 2327 mortiﬁcatio,
2904 2268 3225 2329 paupertas;
3256 2260 3545 2332 discipulo-

1252 2337 1370 2374 rum
1402 2321 1667 2386 dimissia,
1697 2330 1747 2376 et
1788 2320 2081 2386 adaiissio,‘
2106 2322 2301 2376 reditus
2328 2324 2382 2376 in
2413 2323 2603 2379 Troen.

369 2449 457 2512 ιγ’.
493 2440 671 2511 Εὑχῆς
702 2437 760 2492 δέ
789 2438 883 2492 καὶ
910 2436 1406 2507 ταπεινοφροσύνης
1434 2436 1622 2507 χάρισι
1653 2436 1737 2500 τίς
1769 2436 1855 2490 οὖ-

290 2555 404 2600 τως
440 2534 816 2603 ἐκεκόσμητο;
870 2530 983 2584 Καί
1035 2546 1120 2593 τις
1172 2529 1271 2599 μὲν
1323 2529 1533 2601 μάρτυς
1574 2532 1604 2583 0
1639 2529 1866 2598 ἀδελφὸς

294 2632 525 2693 ἐκεῖνος,
554 2628 584 2678 0
614 2621 943 2695 παραϐαλὼν
963 2623 1022 2675 ὲν
1049 2621 1127 2692 τῷ
1159 2620 1357 2691 κελλίῳ
1385 2620 1481 2674 τοῦ
1511 2620 1784 2692 γέροντος,
1807 2620 1867 2686 ὃς

292 2718 552 2792 προσχὼν
584 2717 672 2771 διά
694 2717 791 2785 τῆς
818 2714 1032 2785 θυρίδος
1070 2712 1237 2778 ἔνδον,
1276 2712 1473 2781 θεωρεῖ
1516 2713 1606 2765 τὸν
1636 2712 1869 2783 γέροντα

291 2813 419 2866 ὅλον
448 2811 525 2873 ὼς
552 2808 682 2880 πῦρ.
715 2801 822 2860 Ἦν
852 2806 945 2859 καὶ
976 2805 1125 2871 ἀξιος
1148 2806 1177 2858 0
1203 2803 1429 2872 ἀδελφὸς
1454 2803 1549 2857 τοῦ
1582 2804 1725 2858 ἰδεῖν.
1759 2804 1871 2858 Καὶ

292 2905 373 2967 ὡς
404 2902 684 2973 ἔκρουσεν,
719 2898 944 2969 ἐξῆλθεν
989 2899 1019 2949 0
1053 2897 1230 2968 γέρων
1254 2912 1269 2926 ·
1304 2898 1398 2950 καὶ
1442 2895 1566 2948 ίδὼν
1595 2896 1687 2948 τὸν
1719 2894 1873 2949 ἀδελ-

292 2994 401 3063 φὸν
457 2991 751 3062 ἐκθαμσον,
802 2989 951 3058 λέγει
999 2987 1178 3059 αὐτῷ’
1241 2988 1429 3057 Ἔχεις
1476 2986 1677 3057 πολλὴν
1718 2986 1870 3058 ὥραν

2034 2436 2127 2493 15.
2165 2437 2285 2493 Jam
2312 2455 2439 2495 vero
2464 2441 2588 2511 quis
2615 2442 2879 2501 orationis
2895 2452 2950 2501 et
2973 2444 3299 2503 humilitatis
3325 2447 3542 2507 dotibus

1970 2528 2225 2582 ornatior
2259 2529 2352 2583 illo
2408 2532 2655 2586 exstitit?
2698 2533 2867 2604 Cujus
2914 2536 3134 2605 quidem
3170 2538 3244 2592 rei
3278 2540 3430 2595 testis
3460 2549 3544 2595 est

1968 2617 2135 2672 frater
2190 2618 2302 2685 ille,
2337 2621 2429 2689 qui
2471 2622 2539 2676 ad
2589 2624 2782 2678 cellam
2835 2626 2985 2682 senis
3022 2626 3325 2698 digressus,
3357 2640 3411 2685 et
3440 2631 3543 2685 ob-

1972 2722 2196 2764 servans
2225 2724 2322 2779 per
2349 2709 2643 2767 fenestram
2674 2728 2756 2777 ea,
2792 2730 2916 2785 qua;
2960 2716 3163 2772 fiebant
3201 2717 3373 2780 intus.
3396 2721 3544 2777 videt

1971 2811 2154 2852 senem
2205 2806 2401 2864 totum,
2458 2800 2615 2869 quasi
2671 2802 2850 2872 ignem
2910 2804 2987 2873 (et
3039 2820 3172 2860 sane
3200 2807 3400 2877 dignus
3424 2819 3544 2865 erat

1970 2886 2141 2943 frater
2183 2889 2286 2944 ista
2313 2891 2541 2960 videre).
2597 2892 2775 2948 Simul
2805 2903 2970 2961 atque
2995 2896 3041 2950 is
3071 2899 3327 2966 pulsavit,
3358 2916 3544 2970 egres-

1971 2995 2066 3036 sus
2088 2990 2174 3036 est
2197 2997 2386 3045 senex,
2419 2984 2721 3055 vidensque
2761 2984 2984 3041 fratrem
3021 2998 3246 3057 stupore
3278 2990 3540 3056 defixum,

292 3084 548 3156 κρούων;
596 3083 688 3156 Μή
729 3081 784 3135 τί
818 3097 949 3133 ποτε
979 3076 1120 3144 εῐδες
1163 3073 1299 3145 ὧδε;
1338 3079 1449 3132 Καὶ
1485 3075 1665 3131 εἶπεν
1710 3078 1865 3148 Οὐχί.

1969 3073 2099 3128 dicit
2125 3076 2175 3128 ei
2213 3091 2227 3127 :
2263 3074 2346 3127 An
2379 3089 2410 3128 a
2455 3076 2628 3143 multo
2681 3085 2920 3146 lempure
2971 3079 3235 3148 pulsasti?
3272 3080 3542 3138 Numnam

292 3177 411 3232 Καὶ
458 3174 699 3245 λαλήσας
738 3172 905 3242 αὐτῷ,
933 3171 1223 3226 ἀπέλυσεν.
1281 3171 1379 3234 T‘t;
1410 3170 1468 3224 δὲ
1500 3173 1529 3224 0
1562 3168 1750 3233 εἰπὼν,
1790 3171 1869 3223 ὅτι

288 3268 489 3339 ὥσπερ
527 3265 700 3327 οὐδεὶς
739 3262 834 3317 τοῦ
879 3262 1140 3316 παλατίου
1186 3262 1373 3333 ἐφόρει
1421 3261 1667 3332 βελτίονα
1705 3259 1870 3315 αὑτοῦ

290 3358 503 3428 ἐσθῆτα
549 3356 609 3409 ἐν
650 3356 763 3419 τοῖς
793 3353 1086 3425 βασιλείοις
1113 3353 1336 3423 διάγων,
1369 3352 1540 3414 οὕτως
1566 3353 1687 3406 οὐδὲ
1719 3355 1777 3405 ἐν
1803 3354 1869 3423 τῇ

290 3449 565 3521 ἐκκλησία
603 3449 703 3519 τῆς
751 3446 1003 3516 Σκήτεως
1032 3443 1465 3515 προσερχόμενος
1489 3441 1873 3509 εὐτελεστέραν

288 3540 464 3596 αὐτοῦ
494 3540 652 3603 ἀλλος
684 3537 974 3608 ἐφόρησεν.
1008 3535 1138 3588 Ὅτε
1166 3534 1261 3588 καὶ
1288 3532 1444 3604 ἐδόθη
1476 3532 1606 3586 ποτὲ
1634 3534 1713 3595 εἰς
1738 3532 1873 3601 Σκῆ-

288 3650 383 3686 τιν
415 3632 552 3703 πρὸς
583 3631 740 3698 ὀλίγα
774 3629 1007 3699 ἰσχάδια,
1040 3626 1137 3679 καὶ
1172 3624 1247 3689 ὡς
1280 3624 1445 3695 μηδὲν
1479 3623 1607 3678 ὄντα
1634 3625 1735 3678 οὐκ
1763 3626 1871 3677 ἀπ-

278 3723 537 3777 ’έστειλεν
567 3721 647 3793 τῷ
685 3719 969 3793 Ἀρσενίῳ,
996 3717 1073 3779 ὡς
1096 3717 1184 3770 ῖνα
1218 3715 1293 3787 μὴ
1327 3714 1486 3786 ὕϐριν
1517 3715 1685 3789 πάθῃ.
1722 3714 1782 3769 '0
1814 3716 1871 3769 δὲ

288 3818 479 3885 γέρων
510 3813 747 3875 ἀκούσας
767 3852 782 3878 ,
817 3812 917 3863 οὐκ
944 3805 1107 3881 ἦλθεν
1136 3809 1217 3871 είς
1245 3807 1348 3880 τήν
1376 3806 1616 3874 σύναξιν,
1658 3806 1832 3875 λέγων
1851 3821 1867 3838 ⁸

304 3901 638 3973 Ἦφορίσατέ
674 3918 765 3969 μοι
795 3897 889 3952 τοῦ
934 3895 1009 3967 μὴ
1034 3894 1217 3948 δοῦναί
1257 3911 1347 3966 μοι
1369 3894 1471 3963 τὴν
1500 3894 1770 3962 εὐλογίαν,
1803 3895 1870 3963 ἢν

290 3992 544 4063 ἐπεμψεν
564 3994 592 4045 0
617 3991 749 4053 Θεὸς
771 3991 883 4051 τοῖς
919 3986 1187 4055 ἀδελφοῖς,
1223 3986 1289 4057 ην
1319 3985 1422 4039 οὐκ
1446 3985 1565 4055 είμ)¹
1594 3984 1741 4050 ἄξιος
1772 3984 1870 4036 λα-

288 4086 436 4138 ϐεῖν.
469 4084 576 4137 Καὶ
603 4084 843 4155 ήκουσαν
870 4081 1091 4141 πάντες,
1123 4075 1220 4130 καὶ
1260 4074 1624 4146 ὠφελήθησαν
1667 4076 1747 4139 είς
1770 4075 1871 4147 τὴν

287 4175 625 4229 ταπείνωσιν
679 4172 773 4226 τοῦ
830 4172 1106 4241 γέροντος.
1174 4167 1286 4222 Καὶ
1334 4165 1588 4221 ἀπελθὼν
1646 4168 1676 4219 0
1738 4184 1870 4238 πρε-

1972 3163 2177 3233 aliquid
2211 3164 2298 3219 hic
2329 3165 2555 3220 vidisti?
2596 3164 2701 3233 Qui
2730 3168 2867 3221 dixit
2898 3187 2911 3223 :
2944 3168 3324 3241 Nequaquam.
3354 3172 3420 3227 Et
3455 3173 3543 3242 ip-

1970 3270 2092 3309 sum
2142 3255 2431 3320 allocutus,
2491 3256 2707 3313 dimisit
2754 3260 2997 3328 (65-64).
3053 3261 3179 3318 Fuit
3234 3267 3327 3334 qui
3382 3266 3542 3332 dixit,

1969 3344 2135 3415 quod,
2167 3346 2309 3400 sicut
2339 3361 2499 3400 nemo
2527 3347 2581 3401 in
2620 3349 2821 3418 palatio
2851 3360 3086 3421 gestaret
3119 3354 3542 3421 splendidiorem

1970 3445 2199 3504 vestem,
2234 3453 2399 3507 quam
2432 3439 2572 3509 ipse.
2610 3442 2831 3511 quando
2860 3443 3089 3510 degebat
3122 3447 3173 3500 iu
3218 3447 3336 3501 aula
3380 3449 3546 3519 impe-

1969 3530 2202 3597 ratoris;
2229 3533 2310 3586 sic
2341 3547 2504 3587 nemo
2537 3549 2647 3603 pm
2693 3536 2811 3603 ipso
2845 3536 2988 3591 alius
3020 3540 3245 3608 gestarit
3271 3541 3542 3606 viliorem,

1969 3629 2254 3691 postquam
2277 3622 2343 3676 ad
2375 3630 2578 3677 emtum
2622 3622 2863 3679 Sreticos
2892 3627 3219 3683 accessisset
3244 3630 3355 3700 (65)
3405 3633 3543 3687 Cum

1967 3711 2260 3781 aliquando
2287 3712 2341 3767 in
2372 3713 2517 3768 Secti
2550 3714 2795 3783 paucula:
2822 3716 3017 3771 carica:
3048 3717 3531 3788 distribuerentur;

1966 3817 2063 3858 eas
2117 3812 2376 3873 tanquam
2430 3820 2516 3860 res
2566 3804 2723 3859 nihili
2768 3805 2998 3860 Arsenio
3028 3822 3133 3862 non
3167 3810 3449 3875 miserunt,
3485 3822 3543 3867 ιιι

1968 3909 2038 3950 ne
2094 3893 2292 3962 injuria
2337 3892 2659 3950 afﬁceretur.
2698 3896 2818 3962 Quo
2875 3897 3085 3965 audito,
3143 3914 3253 3955 non
3303 3903 3446 3956 venit
3473 3904 3542 3958 ad

1968 3987 2252 4041 collectam
2314 4001 2501 4052 senex,
2556 3986 2788 4041 dicens:
2845 3986 3184 4057 Segregastis
3245 4006 3370 4056 me,
3431 4008 3540 4048 non

1968 4076 2150 4131 dando
2187 4076 2319 4130 mihi
2367 4076 2637 4145 eulogiam
2673 4074 2808 4146 (66),
2862 4092 3026 4145 quam
3067 4079 3218 4133 misit
3247 4078 3391 4134 Deus
3424 4079 3539 4135 fra-

1969 4166 2186 4232 tribus;
2226 4179 2389 4235 quam
2423 4180 2533 4218 non
2565 4179 2687 4219 sum
2726 4165 2928 4236 dignus
2957 4167 3227 4236 accipere.
3260 4166 3325 4221 Et
3358 4169 3544 4224 audie-

1969 4265 2101 4312 runt
2132 4271 2343 4320 omnes,
2373 4254 2736 4325 atdiﬁcatique
2777 4264 2907 4312 sunt
2949 4257 3002 4311 in
3034 4256 3346 4312 humilitate
3371 4260 3540 4317 senis.

290 4264 560 4337 σϐύτερος
612 4263 822 4332 ἢγαγεν
868 4262 1028 4315 αὑτὸν
1070 4260 1151 4323 είς
1189 4257 1289 4329 τὴν
1333 4255 1554 4321 σύναξιν
1591 4257 1730 4328 μετά
1766 4275 1868 4328 χα-

290 4358 422 4429 ρᾶς,
1970 4348 2040 4404 Et
2076 4348 2265 4405 abiens
2296 4347 2580 4418 presbyter
2606 4345 2721 4420 (67)
2746 4349 2907 4404 duxit
2944 4349 3122 4421 ipsum
3155 4350 3224 4405 ad
3256 4351 3541 4409 collectam

1900 4439 1942 4495 D
1969 4456 2095 4497 cum
2121 4439 2339 4511 gaudio.

368 4532 456 4586 ιδ’.
488 4529 563 4583 Τδ
588 4529 647 4583 δέ
681 4529 947 4600 διερωτᾷν
976 4528 1162 4593 αὐτὸν,
1198 4529 1293 4584 καὶ
1322 4529 1398 4601 μὴ
1438 4532 1667 4601 στοιχεῖν
1696 4531 1757 4584 ἐν
1792 4529 1868 4601 τῷ

2044 4531 2132 4586 ιι.
2173 4532 2253 4586 Ad
2303 4532 2438 4600 haec,
2502 4533 2648 4602 quod
2711 4533 3070 4604 interrogaret
3121 4534 3279 4601 alios,
3332 4550 3543 4606 suoque

297 4624 422 4694 ἰδίῳ
454 4620 659 4692 σκοπῷ,
691 4622 752 4674 ού
779 4620 1163 4684 ταπεινώσεως
1185 4622 1382 4690 ἐργονς
1413 4623 1618 4693 καίπερ
1647 4623 1868 4691 γνώσει,

1969 4622 2285 4692 neutiquam
2314 4620 2585 4677 arbitratu
2609 4622 2956 4692 procederet,
2994 4638 3177 4678 nonne
3215 4623 3542 4681 humilitatis

295 4715 398 4768 καὶ
428 4714 643 4766 συνέσει
683 4713 776 4766 καὶ
803 4712 966 4783 σοφίᾳ
995 4712 1486 4781 κατηγλαῖσμένος.
1508 4714 1700 4769 Τοίνυν
1734 4733 1868 4769 πυν-

1971 4721 2055 4768 est
2080 4711 2261 4781 opus?
2302 4712 2519 4767 tametsi
2552 4713 2767 4775 notitia,
2803 4712 3159 4782 intelligentia
3184 4726 3254 4766 ac
3275 4712 3542 4781 sapientia

293 4806 601 4875 θανόμενον
628 4804 788 4858 αὐτόν
812 4805 943 4858 ποτέ
963 4821 1086 4858 τινα
1108 4803 1406 4871 Αίγύπτιον
1430 4806 1560 4875 περὶ
1586 4807 1694 4861 τῶν
1726 4807 1868 4861 ἰδίων

1973 4802 2364 4859 ornatissimus
2389 4801 2552 4857 foret.
2605 4801 2741 4857 Dum
2796 4802 2983 4871 itaque
3018 4803 3259 4871 quodam
3297 4812 3543 4873 tempore

292 4896 598 4965 Λογισμῶν,
647 4893 773 4948 ίδὼν
816 4894 979 4947 αὑτὸν
1016 4894 1201 4965 ἕτερος
1238 4895 1348 4949 τῶν
1379 4896 1644 4965 ἀδελφῶν,
1679 4893 1868 4952 εἶπεν·

1971 4894 2289 4966 Egyptium
2352 4894 2591 4964 aliquem
2654 4902 3068 4962 percontaretur
3091 4893 3158 4949 de
3203 4892 3545 4963 cogitationi-

305 4988 486 5045 ’Δϐὁᾶ
525 4987 789 5059 ’Δρσένιε,
830 4986 949 5051 πῶς
994 4986 1263 5057 τοσαύτην
1303 4988 1586 5043 παίδευσιν
1632 4990 1868 5062 Ῥωμαῖ-

1969 4987 2074 5045 bus
2099 4987 2240 5053 suis,
2267 4987 2407 5043 alius
2432 4986 2652 5057 quidam
2683 4986 2914 5041 fratrum
2958 4985 3139 5055 ipsum
3165 4986 3541 5058 conspicatus,

1707 5192 1714 5201 .
1808 5122 2047 5180 Νοτιε.

2047 5240 2160 5313 (66)
2200 5240 2487 5309 Εὐλογίαν.
2516 5237 2616 5294 llic
2638 5237 2875 5309 intellige
2895 5237 3542 5313 eduliuin__b_enedict_ione

1973 5307 2279 5368 sacerdotis
2326 5307 2728 5375 consecratum,
2766 5307 2911 5378 quod
2960 5318 3082 5378 post
3131 5307 3326 5363 Missas
3377 5311 3540 5364 alicui

1972 5382 2104 5437 dare
2157 5383 2240 5436 vel
2288 5381 2681 5442 transmittere,
2718 5388 2837 5433 erat
2872 5379 3089 5445 signum
3130 5380 3538 5433 communionis

1970 5462 2024 5506 et
2053 5451 2362 5519 charitatis,
2393 5451 2470 5506 uti
2505 5449 2709 5506 videsis
2737 5449 2882 5519 apud
2913 5447 3275 5519 Rosweydum
3303 5448 3357 5503 in
3390 5446 3537 5503 Ono-

1970 5534 2216 5575 ηιαειιεο.

371 5236 489 5305 (61)
526 5234 619 5307 Ἰζῷ
638 5233 918 5307 πάπᾳηίιο
937 5245 1164 5292 vocatus
1184 5235 1286 5307 fuit
1301 5237 1611 5307 patriarcha
1635 5238 1870 5293 Alexan-

292 5304 523 5377 drinus.
555 5304 781 5377 V'idesis’
808 5304 1139 5377 Glossarium
1176 5304 1420 5362 Graecum
1463 5307 1678 5377 Cangii.
1708 5308 1869 5364 Cote-

294 5378 423 5449 let;
442 5376 609 5449 Dabat,
645 5375 1013 5449 τῷΑξακᾳρίφ
1052 5377 1293 5447 Θεοφίλῳ
1324 5375 1864 5449 τῷὰρκιεέτισκόπφο

330 5440 520 5517 "(62)_
552 5444 656 5500 Vit.
693 5440 833 5517 ῬῬΑ.
862 5440 1000 5517 ⁸Ιῖὶιξ
1029 5458 1114 5510 ιιι,
1159 5440 1281 5516 (ηεξ
1328 5440 1558 5517 7511,’ὂι
1596 5448 1764 5504 libell.
1807 5440 1867 5516 '2,

297 5513 521 5586 num.'7
546 5532 573 5586 :_
598 5514 823 5586 etaqu
835 5513 1087 5586 _Coteler.
1118 5513 1254 5586 pag:
1275 5516 1399 5571 360.

371 5583 585 5667 (ὃὸ-δι)
630 5581 753 5667 [it—‘1
776 5581 893 5637 PP.
935 5583 1032 5640 lib.
1062 5581 1321 5649 v,'libell.
1365 5585 1452 5655 18,
1489 5601 1641 5641 num.
1675 5588 1730 5654 1,
1753 5586 1861 5644 Co-

1969 5660 2001 5667 --
2040 5592 2153 5662 (67)
2192 5589 2431 5667 Camer;
2459 5604 2583 5667 ras-
2612 5588 2725 5667 35.6.
2754 5588 2947 5667 addit?
2988 5607 3006 5638 ι
3041 5586 3263 5667 Caris“
3296 5586 3351 5667 εί
3377 5585 3537 5667 del":

299 5653 612 5728 ιειεῐεῖηὲτ
650 5653 816 5728 δδὲο,
1648 5726 1677 5728 η
1714 5653 1717 5654 ν
1769 5727 1774 5728 ί
1967 5653 2060 5728 Ιίιξ
2090 5653 2184 5714 iet
2216 5660 2319 5715 Vit.
2344 5653 2573 5715 PPflib.
2601 5658 2840 5726 v,libell.
2867 5656 2957 5725 55,
2983 5656 3224 5713 num.8:
3250 5674 3268 5709 ι
3292 5654 3536 5713 Portavit

374 5720 511 5796 (65):
551 5720 655 5796 V_it.
699 5721 841 5796 _PP.
873 5720 1126 5796 lih.__iu,
1172 5739 1300 5796 pag.
1350 5724 1476 5793 506,
1533 5725 1702 5783 libell.
1760 5727 1857 5795 15,
1964 5732 2015 5786 ei
2044 5720 2113 5787 de
2138 5729 2336 5786 caricis
2372 5730 2500 5785 iHis.
2530 5748 2548 5781 ι

300 5810 459 5853 ιιιιω.
484 5795 541 5864 6,
561 5792 797 5851 Coteler.
831 5808 951 5865 pag.
979 5793 1103 5849 555.
