4064 6372
548 327 658 397 863

1754 323 1815 384 S.
1855 319 2250 382 THEODORI
2299 315 2645 379 STUDszE

3693 315 3806 382 εει

544 445 724 501 dixit:
779 437 930 496 Abba
976 437 1194 505 Arseni,
1233 437 1511 509 quomodo
1538 443 1621 502 tu,
1657 434 1753 504 qui
1784 441 1937 488 tanta
1963 431 2114 486 vales

2221 427 2316 499 κήν
2344 428 2439 482 καὶ
2475 426 2800 500 Ἑλληνικὴν
2839 427 3226 499 ἐπιστάμενος,
3256 427 3446 482 τοῦτον
3473 427 3569 482 τὸν
3609 430 3803 501 ἀγροῖο

545 535 852 593 eruditione
883 535 1127 588 Romana
1171 549 1234 588 ac
1257 533 1467 596 Graeca,
1501 539 1771 602 agrestem
1803 527 1964 584 istum
2000 541 2115 597 per-

547 629 796 686 contaris
847 628 913 682 de
964 627 1072 682 tuis
1098 623 1562 694 c0gitationibus?
1594 619 1697 676 Cui
1728 619 1918 674 beatus
1955 633 1970 672 :
2001 617 2112 673 Ro-

549 738 766 778 manam
809 720 1119 792 quidemet
1145 717 1386 772 Graecam
1429 713 1772 784 disciplinam
1802 711 1915 784 (68)
1947 712 2069 767 novi
2096 729 2112 779 ;

548 815 898 884 alphabetum
939 827 1067 866 vero
1091 809 1259 879 hujus
1303 809 1532 880 agrestis
1570 806 1801 862 necdum
1827 805 2014 861 didici.
2053 803 2118 859 Et

547 923 676 960 vero
698 906 951 975 quidnam
982 914 1204 958 sanctus
1230 900 1503 971 signiﬁcat
1543 899 1646 955 hac
1680 898 1774 954 re?
1800 897 1976 965 Quod,
2012 897 2118 952 nisi

547 998 669 1067 quis
699 1014 794 1067 per
840 1011 1024 1049 veram
1074 995 1431 1048 humilitatem
1480 1001 1606 1048 ante
1637 991 1820 1048 omnia
1861 990 2118 1061 alphabe-

547 1099 660 1144 tum
690 1090 882 1150 discm,
916 1087 969 1140 in
999 1085 1255 1140 secundis
1295 1101 1503 1155 ponens
1546 1095 1806 1154 tanquam
1842 1083 1894 1137 in
1932 1097 2119 1138 acces-

545 1178 695 1234 sorio
747 1191 961 1230 omnem
1011 1173 1343 1229 mundanam
1395 1173 1762 1242 sapientiam,
1819 1171 2034 1228 etiamsi
2065 1171 2117 1226 in

544 1268 692 1324 onmi
733 1269 1061 1323 exercitatus
1097 1267 1264 1321 fuerit
1292 1265 1602 1336 disciplina,
1643 1280 1830 1320 revera
1878 1263 2035 1320 rudis
2064 1272 2121 1319 et

545 1357 956 1413 indoctissimus
985 1358 1078 1414 sit.
1110 1357 1310 1412 lterum
1343 1357 1526 1426 itaque
1568 1356 1922 1426 interrogavit
1947 1370 2072 1410 eum
2100 1373 2115 1411 :

543 1449 829 1517 Quomodo
856 1466 951 1506 nos
978 1465 1042 1505 ex
1067 1458 1214 1505 tanta
1239 1449 1547 1504 eruditione
1567 1456 1623 1503 et
1665 1433 1953 1518 sapientia,
1985 1446 2119 1503 nihil

543 1539 723 1613 [boni]
757 1540 1063 1607 habemus;
1121 1539 1360 1612 Egyptii
1399 1550 1579 1595 autem
1621 1538 1709 1592 isti
1743 1547 1921 1592 tantas
1943 1537 2122 1608 possi-

543 1634 672 1688 dent
710 1633 981 1688 virtutes?
1037 1633 1350 1702 Respondet
1423 1629 1735 1687 Arsenius:
1785 1627 1893 1684 Nos
1935 1644 2001 1684 ex
2032 1644 2123 1685 sa-

2215 536 2310 574 κον
2339 518 2470 590 περὶ
2491 518 2602 572 τῶν
2644 519 2756 573 σῶν
2783 521 2995 592 ἐρωτᾷς
3014 519 3292 589 λογισμῶν
3313 536 3330 588 ;
3353 520 3464 574 Καὶ
3483 520 3512 573 ὁ
3534 521 3806 591 μακάριος

2214 611 2319 680 ἔφη
2343 625 2358 640 ·
2388 611 2504 681 Τὴν
2536 611 2634 682 μὲν
2675 611 2994 683 Ῥωμαικὴν
3022 611 3122 665 καὶ
3163 609 3490 682 Ἑλληνικὴν
3517 611 3807 665 παίδευσιν

2215 698 2466 770 ἵσταμαι,
2489 697 2582 752 τὸν
2603 699 2661 752 δὲ
2684 699 2998 771 ἀλφάϐητον
3016 698 3113 752 τοῦ
3142 699 3403 770 ἀγροίκου
3429 700 3626 754 τούτου
3651 699 3808 752 obrue

2218 788 2536 859 μεμάθηκα.
2566 787 2633 840 Τί
2696 787 2850 860 δηλοῖ
2906 790 2937 842 ὁ
2968 787 3123 856 ἅγιος
3176 790 3236 842 ιν
3281 787 3493 858 τούτῳ;
3529 789 3656 842 Ὅτι
3701 789 3808 843 κᾶν

2216 882 2398 934 πᾶσαν
2437 879 2721 934 παίδευσιν
2845 897 2932 944 τις
2964 879 3307 952 ὲξησκηκὼς,
3346 882 3423 952 μὴ
3449 880 3551 952 τὴν
3588 879 3680 935 διὰ.
3705 899 3808 936 τα-

2217 971 2527 1036 πεινώσεως
2563 971 2800 1044 ἀληθοῦς
2825 971 3143 1043 ἀλφάσητον
3173 974 3234 1027 ὲν
3260 972 3499 1047 πρώτοις
3532 973 3719 1044 μάθοι,
3747 975 3809 1026 ἑν

2224 1060 2466 1134 δευτέρῳ
2492 1062 2666 1124 τιθεὶς
2684 1063 2762 1127 ὡς
2782 1066 2842 1118 ἐν
2869 1063 3137 1136 παρέργῳ
3166 1066 3348 1120 πᾶσαν
3379 1064 3577 1135 σοφίαν
3609 1083 3810 1136 κοσμι-

2217 1151 2342 1223 κὴν,
2369 1153 2696 1219 ἀπαίδευτός
2725 1155 2845 1210 ἐστι
2871 1155 2951 1227 τῷ
2976 1155 3111 1221 ὄντι,
3137 1157 3232 1211 καὶ
3256 1155 3658 1228 ἀμαθέστατος.
3693 1158 3809 1212 Πᾶς

2217 1243 2304 1297 λιν
2334 1239 2428 1299 οὖν
2454 1244 2810 1318 ἐπηρώτησεν
2833 1249 3017 1303 αὐτόν’
3053 1248 3179 1311 Πῶς
3200 1249 3364 1319 ἡμεῖς
3391 1246 3502 1303 ἀπὸ
3529 1248 3810 1320 τοσαύτης

2219 1336 2553 1403 παιδεύσεως
2608 1339 2704 1392 καὶ
2751 1339 2948 1408 σοφίας
2994 1339 3150 1394 οὐδὲν
3196 1339 3397 1412 ἔχομεν
3418 1381 3434 1406 ,
3462 1333 3611 1396 οὗτοι
3647 1341 3707 1396 δὲ
3753 1342 3807 1394 οἱ

2217 1428 2506 1496 Αἰγύπτιοι
2533 1429 2803 1494 τοσαύτας
2831 1430 3033 1502 ἀρετὰς
3058 1431 3351 1502 κέκτηνται
3373 1450 3389 1500 ;
3412 1432 3581 1502 Λέγει
3601 1433 3754 1504 αύτῷ
3775 1436 3808 1488 ὁ

2232 1519 2542 1592 ’Δρσένιοςο
2583 1521 2780 1592 Ἡμεῖς
2810 1522 2920 1576 ἀπὸ
2947 1522 3050 1593 τῆς
3087 1522 3182 1576 τοῦ
3215 1523 3425 1594 κόσμου
3461 1523 3808 1586 παιδεύσεως

2219 1612 2374 1667 οὐδὲν
2401 1612 2600 1683 ἔχομεν
2620 1629 2635 1644 ο
2667 1607 2816 1668 οὗτοι
2841 1613 2899 1668 δὲ
2924 1615 2976 1668 οι
3009 1615 3300 1685 Δίγύπτιοι
3334 1617 3432 1670 καὶ
3455 1615 3667 1673 ἰδιῶται
3695 1617 3808 1672 ἀπὺ

545 1725 746 1796 pientia
809 1725 996 1779 mundi
1053 1701 1189 1778 nihil
1257 1725 1570 1786 habemus;
1619 1731 1702 1776 ast
1772 1721 1846 1776 illi
1883 1719 2118 1794 Egyptii

2225 1701 2373 1757 ἰδίων
2401 1703 2588 1757 κόπων
2615 1704 2920 1774 ἐκτήσαντο
2947 1705 3046 1769 τὰς
3069 1706 3292 1777 ἀρετάς.

543 1826 598 1871 et
639 1817 820 1871 idiotas
871 1830 941 1871 ex
999 1815 1118 1872 suis
1165 1814 1445 1870 laboribus
1503 1821 1893 1882 compararunt
1953 1816 2123 1869 virtu-

543 1911 626 1959 tes
650 1903 788 1973 \69).

620 1995 707 2050 l5.
745 1995 947 2049 Praeter
986 1992 1370 2056 humilitatem,
1416 2007 1621 2063 pernox
1649 1995 1812 2050 etiam
1842 2002 1962 2049 erat
1989 2009 2120 2050 san-

545 2097 690 2150 ctus,
723 2096 965 2140 sanctam
990 2085 1196 2156 iugiter
1225 2084 1524 2156 lacrymam
1556 2099 1710 2140 suam
1739 2083 2077 2162 profundens
2103 2102 2119 2140 :

545 2177 697 2232 omni
745 2176 947 2246 quippe
987 2184 1228 2244 tempore
1283 2175 1409 2230 vita:
1435 2189 1572 2240 suae,
1600 2191 1712 2247 quo
1745 2176 1813 2231 ad
1839 2191 1978 2245 opus
2001 2191 2123 2231 ma-

547 2284 720 2322 nuum
749 2267 992 2330 sedebat,
1025 2281 1267 2336 pannum
1303 2267 1558 2337 gestabat
1605 2268 1659 2322 in
1692 2269 1816 2324 sinu
1850 2268 2123 2341 lacryma-

547 2377 667 2417 rum
694 2375 884 2426 causa,
919 2375 984 2415 ex
1009 2359 1190 2416 oculis
1230 2359 1350 2430 ejus
1379 2360 1690 2416 cadentium
1728 2361 1865 2432 (70).
1895 2363 1975 2418 Ad
2005 2363 2122 2419 haec

547 2455 724 2512 inerat
747 2454 850 2522 ipsi
888 2453 1198 2523 vigiliarum
1234 2455 1408 2521 gratia
1460 2467 1628 2522 supra
1659 2470 1824 2524 quam
1857 2454 1966 2509 dici
1997 2471 2120 2524 pus.

547 2543 640 2599 sit.
670 2543 977 2613 Aliquando
1011 2542 1176 2612 igitur
1203 2541 1417 2596 vocavit
1446 2541 1562 2613 (71)
1593 2543 1845 2598 abbatem
1878 2545 2120 2599 Alexan-

545 2636 704 2691 drum
760 2649 826 2690 ac
878 2633 1113 2700 Zoilum,
1169 2633 1475 2701 discipulos
1537 2649 1687 2698 suos.
1725 2649 1894 2706 seque
1944 2637 2120 2706 ipsum

549 2725 864 2791 humilians,
897 2724 1078 2779 dixit:
1123 2721 1574 2793 Quandoquidem
1620 2723 1898 2780 daemones
1941 2725 2121 2796 impu-

545 2825 715 2887 gnant
741 2831 846 2880 me,
894 2831 960 2872 ac
992 2815 1181 2871 nescio
1205 2830 1274 2870 an
1314 2814 1369 2870 in
1403 2829 1599 2871 somno
1628 2816 1762 2872 mihi
1785 2818 2120 2888 subrepant;

547 2918 760 2961 noctem
797 2907 938 2962 hanc
993 2906 1212 2976 vigilate
1263 2921 1501 2970 mecum,
1541 2915 1596 2962 et
1641 2907 1953 2973 observate,
1990 2925 2121 2964 num

548 2996 604 3052 in
630 2995 913 3066 pervigilio
932 2995 1244 3050 dormitem.
1278 2995 1447 3066 Igitur
1473 3010 1503 3050 a
1541 2995 1851 3065 vespertino
1882 3002 2124 3064 tempore

547 3086 809 3142 sederunt
859 3085 1041 3153 taciti,
1080 3101 1222 3141 unus
1251 3101 1281 3140 ο
1323 3086 1529 3141 dextris
1576 3086 1745 3152 illius,
1769 3087 1908 3144 alter
1934 3103 1966 3142 a
1990 3088 2124 3143 sini-
2151 3117 2193 3175 ο

547 3176 676 3231 stris
708 3194 722 3231 :
781 3184 836 3232 et
872 3176 1010 3231 dixit
1051 3185 1314 3246 uterque:
1357 3174 1470 3232 Nos
1501 3177 1882 3244 dormivimus,
1911 3186 1967 3234 et
1995 3193 2123 3234 sur-

548 3269 814 3333 reximus,
876 3283 1050 3338 neque
1107 3269 1384 3325 sensimus
1427 3285 1554 3325 eum
1609 3270 1934 3326 nictantem.
1967 3271 2124 3328 Mane

553 3368 735 3411 autem
763 3355 928 3426 (Dens
963 3357 1114 3412 novit
1144 3368 1324 3412 utrum
1354 3360 1472 3429 ipse
1500 3359 1795 3428 simularit,
1825 3377 1937 3431 quo
1975 3373 2126 3432 puta-

551 3462 756 3512 remus,
779 3449 955 3516 lpsum
969 3447 1390 3513 dormituriisse,
1409 3465 1505 3505 seu
1525 3466 1592 3504 an
1611 3452 1874 3508 naturalis
1895 3468 2124 3510 somnus

549 3553 681 3592 vere
728 3538 778 3592 ei
817 3537 1143 3608 obrepserit)
1185 3549 1267 3594 ter
1304 3541 1471 3606 llavit,
1507 3556 1572 3596 ac
1605 3557 1730 3597 mox
1758 3544 2015 3610 surrexit,
2043 3545 2124 3600 di-

549 3642 726 3685 Cens:
781 3627 1133 3688 Dormiturivi
1177 3631 1323 3686 enim
1379 3648 1530 3689 vero.
1589 3633 1656 3689 Et
1700 3639 2119 3706 respondimus:

549 3718 664 3775 Nos
693 3723 989 3778 nescimus.
1021 3720 1289 3778 Ceterum
1320 3733 1536 3779 noctem
1563 3723 1677 3795 (72)
1709 3734 1880 3782 totam
1915 3729 2120 3784 transi-

549 3811 712 3880 gebat
767 3800 938 3883 vigil;
986 3823 1042 3869 et
1072 3815 1303 3884 quando
1332 3830 1514 3882 mane,
1544 3827 1740 3872 natura
1767 3818 1840 3873 ita
1875 3831 2120 3890 cogente,

552 3901 800 3956 veniebat
843 3901 1198 3968 dormiturus,
1244 3903 1459 3960 dicebat
1509 3920 1704 3963 somno
1745 3923 1760 3962 :
1818 3907 2119 3978 Adesdum,

547 4007 708 4048 serve
732 4008 965 4063 nequam
992 4009 1010 4059 ;
1040 3993 1272 4064 adjuva;
1305 3995 1599 4066 somnique
1649 3997 1874 4068 paulum
1931 4015 2122 4071 carpe-

549 4083 664 4148 bat,
697 4083 916 4148 sedens,
937 4096 992 4140 et
1011 4086 1196 4142 statim
1227 4087 1650 4157 expergeﬂebat.
1676 4086 1914 4159 Vespere
1939 4100 2120 4148 autem

552 4173 940 4239 Sabbatorum,
984 4183 1272 4244 postquam
1297 4176 1409 4246 (73)
1444 4177 1790 4236 illucescebat
1817 4179 2119 4249 Dominica,

549 4263 867 4318 demittebat
921 4265 1092 4318 solem
1153 4273 1275 4334 post
1330 4280 1412 4332 se,
1462 4275 1518 4322 et
1563 4269 1890 4326 extendebat
1925 4285 2122 4329 manus

549 4366 682 4406 suas
711 4352 764 4404 in
790 4353 994 4406 caelum
1024 4367 1212 4417 orans,
1244 4355 1420 4410 donec
1449 4355 1645 4411 iterum
1676 4359 1760 4412 sol
1785 4357 1979 4416 {aciem
1999 4360 2122 4432 ejus

2295 1985 2380 2040 ιε’.
2411 1987 2556 2056 Πρὸς
2599 1986 2657 2041 δὲ
2695 1987 2794 2060 τὴν
2823 1971 3350 2062 ταπεινοφροσύνην,
3385 1993 3476 2046 καὶ
3505 1993 3809 2048 εὐκατάνυ-

2221 2094 2349 2142 κτος
2389 2073 2460 2150 ἦν
2489 2079 2519 2132 ὁ
2547 2078 2721 2147 ἅγιος,
2747 2078 3002 2151 προχέων
3047 2080 3289 2147 ἀεννάως
3317 2083 3380 2137 τὸ
3410 2083 3558 2156 ἱερὸν
3593 2085 3805 2138 ἐκείνου

2219 2166 2456 2238 δάκρυον
2479 2184 2494 2198 ο
2525 2166 2648 2223 ὅλον
2678 2168 2790 2240 γὰρ
2827 2168 2920 2222 τὸν
2941 2171 3134 2240 χρόνον
3169 2170 3269 2243 τῆς
3293 2172 3442 2243 ζωῆς
3471 2171 3641 2227 αὐτοῦ
3675 2174 3808 2228 καθ-

2221 2258 2479 2330 εζόμενος
2503 2260 2589 2324 είς
2614 2259 2676 2315 τὸ
2705 2260 3021 2332 ἐρχόμενον,
3049 2265 3217 2334 ῥάκος
3247 2259 3394 2336 εῖχεν
3423 2266 3484 2319 ὲν
3504 2265 3587 2337 τῷ
3615 2267 3806 2337 κόλπῳ

2221 2350 2383 2421 χάριν
2407 2349 2516 2406 τῶν
2544 2350 2817 2423 δακρύων,
2839 2353 2952 2408 τῶν
2975 2355 3286 2410 πιπτόντων
3328 2355 3437 2411 ἀπὸ
3461 2357 3577 2412 τῶν
3612 2358 3811 2428 ὀφθαλ-

2225 2443 2343 2513 μῶν
2367 2442 2555 2498 αὐτοῦ.
2600 2445 2818 2516 Προσῆν
2850 2445 2908 2500 δὲ
2938 2447 3088 2516 αύτῷ
3129 2448 3226 2502 καὶ
3261 2448 3326 2504 τὸ
3353 2449 3453 2520 τῆς
3496 2451 3810 2521 ἀγρυπνίας

2223 2535 2472 2605 χάρισμα
2507 2535 2822 2606 ὑπερφυῶς.
2859 2537 2996 2591 Ποτὲ
3037 2535 3132 2593 οὖν
3175 2539 3402 2594 ἐκάλεσε
3424 2543 3516 2594 τόν
3539 2559 3602 2595 τε
3634 2543 3809 2597 ἀσὸᾶν

2236 2625 2582 2697 Ἀλέξανδρον
2620 2630 2714 2680 καὶ
2756 2627 2979 2696 Ζὼῖλον,
3013 2630 3142 2694 τοὺς
3191 2632 3442 2703 μαθητὰς
3481 2634 3676 2698 αὐτοῦ,
3712 2637 3810 2688 καὶ

2222 2717 2497 2771 ταπεινῶν
2529 2719 2744 2786 ἑαυτὸν,
2771 2719 2995 2791 εἴρηκεν
3015 2735 3029 2748 ·
3074 2721 3296 2796 Ἐπειδὴ
3325 2725 3376 2779 οί
3411 2725 3668 2796 δαίμονες
3708 2745 3810 2782 πο-

2222 2808 2448 2880 λεμοῦσί
2478 2827 2572 2880 με,
2597 2812 2691 2866 καὶ
2723 2813 2825 2866 οὐκ
2869 2807 2988 2867 οἶδα
3021 2816 3069 2868 εἰ
3099 2815 3392 2870 κλέπτουσι
3424 2835 3492 2888 με
3522 2820 3582 2874 ὲν
3625 2820 3804 2892 ύπνῳ,

2222 2900 2322 2972 τὴν
2341 2901 2511 2955 νύκτα
2531 2901 2735 2974 ταύτην
2760 2903 3060 2958 κοπιάσατε
3085 2907 3203 2976 μετ’
3227 2906 3386 2975 ἐμοῦ,
3407 2909 3502 2962 καὶ
3531 2911 3810 2981 τηρήσατὲ

2226 3009 2317 3063 με,
2348 2995 2398 3047 εί
2421 2993 2668 3059 νυστάξω
2695 2995 2755 3049 ὲν
2783 2998 2850 3068 τῇ
2883 2997 3184 3069 ἀγρυπνίᾳ.
3212 3000 3325 3054 Καὶ
3350 3000 3613 3056 ἐκάθισαν
3645 2997 3728 3067 εἷς
3745 3005 3815 3057 ἐκ

2223 3081 2414 3149 δεξιῶν
2437 3083 2628 3153 αὐτοῦ,
2659 3087 2755 3140 καὶ
2789 3080 2878 3151 εἷς
2913 3088 2974 3157 ἐξ
3014 3089 3313 3160 εὐωνύμων
3350 3091 3516 3146 αὐτοῦ
3560 3092 3670 3148 ἀπὸ
3710 3094 3815 3165 ὀψὲ

2224 3174 2640 3245 σιωπήσαντες,
2694 3177 2792 3232 καὶ⁵
2853 3174 3008 3236 εἷπον
3055 3181 3363 3254 ἀμφότεροι
3384 3223 3400 3250 ,
3455 3185 3541 3240 ὅτι
3617 3185 3816 3256 Ἧμεῖς

2223 3265 2630 3341 ἐκοιμήθημεν,
2681 3269 2780 3324 καὶ
2819 3271 3150 3346 ἀνέστημεν,
3185 3275 3283 3328 καὶ
3316 3277 3419 3330 οὐκ
3457 3276 3818 3351 ῂσθάνθημεν

2221 3355 2384 3410 αὐτὸν
2421 3358 2787 3425 νυστάξαντα,
2825 3362 2920 3416 καὶ
2947 3363 3042 3418 ἐπὶ
3063 3363 3144 3436 τῷ
3172 3365 3338 3436 πρωῒ,
3370 3369 3400 3421 ὁ
3427 3367 3562 3434 Θεὸς
3592 3364 3737 3424 οἶδεν
3771 3373 3808 3443 ἢ

2221 3446 2305 3500 ὃτι
2331 3447 2426 3516 ἀφ’
2449 3447 2644 3502 ἑαυτοῦ
2687 3449 2964 3522 εποίησεν,
3002 3453 3090 3508 ἵνα
3130 3457 3416 3529 νοήσωμεν
3457 3459 3542 3514 ὅτι
3579 3460 3816 3515 ἐνύστα-

2227 3535 2337 3625 ξεν,
2365 3537 2399 3608 ἢ
2435 3537 2520 3592 ὅτι
2553 3539 2675 3596 κατ’
2713 3540 2977 3613 ἀλήθειαν
3021 3545 3056 3616 ἠ
3088 3547 3252 3616 φύσις
3295 3549 3392 3604 τοῦ
3421 3549 3594 3606 ὕπνου
3622 3548 3812 3625 ἦλθεν,

2222 3623 2460 3696 ὲκύσησε
2514 3629 2666 3699 τρεῖς
2725 3630 2916 3698 πνοὰς,
2970 3633 3067 3688 καὶ
3117 3635 3282 3700 εὐθὺς
3327 3639 3554 3711 ἀνέστη,
3589 3623 3809 3711 λέγων·

2234 3715 2564 3786 Ἐνύσταξα,
2603 3719 2718 3776 ναί.
2751 3722 2864 3778 Καὶ
2883 3723 3284 3798 ἀπεκρίθημεν·
3321 3727 3510 3802 Ἡμεῖς
3540 3733 3644 3788 οὐκ
3670 3735 3813 3792 οἶδα·

2223 3825 2347 3881 μεν.
2388 3810 2534 3882 Πλὴν
2569 3811 2702 3884 ὅλην
2742 3814 2844 3886 τὴν
2881 3816 3053 3872 νύκτα
3093 3817 3320 3875 διετέλει
3353 3823 3677 3893 ἀγρυπνῶν,
3712 3830 3813 3883 καὶ

2221 3903 2310 3956 ὅτε
2337 3897 2470 3973 ἦλθε
2503 3902 2581 3975 τῷ
2613 3904 2760 3976 πρωϊ
2785 3905 2874 3962 διὰ
2903 3908 3005 3980 τὴν
3029 3909 3192 3980 φύσιν
3226 3913 3580 3986 καθευδῆσαι,
3619 3919 3812 3989 ἔλεγεν

2219 3990 2299 4062 τῷ
2331 3991 2508 4065 ὕπνῳ’
2557 3995 2751 4067 Δεῦρο,
2799 3999 2937 4054 κακὲ
2954 4000 3133 4069 δοῦλε,
3172 4003 3538 4076 ὑπούργησον·
3579 4012 3676 4064 καὶ
3701 4013 3809 4082 ἥρ-

2221 4085 2363 4176 παξε
2383 4086 2580 4158 μικρὸν
2601 4089 2989 4160 καθεζόμενος,
3013 4095 3111 4152 καὶ
3135 4095 3339 4161 εὐθέως
3362 4098 3641 4171 ἠγείρετο.
3678 4104 3808 4176 Ὀψὲ

2220 4175 2536 4244 Σαϐϐάτων,
2564 4179 2989 4255 ἐπιφωσκούσης
3037 4185 3320 4259 Κυριακῆς
3349 4189 3478 4260 ῆφιε
3525 4191 3618 4244 τὸν
3654 4175 3807 4264 ἥλιον

2219 4267 2398 4321 ὀπίσω
2424 4267 2612 4336 αὐτοῦ,
2661 4270 2759 4325 καὶ
2804 4271 2974 4328 ἔτεινε
3013 4275 3113 4342 τὰς
3160 4279 3348 4350 χεῖρας
3385 4281 3553 4336 αὑτοῦ
3595 4286 3679 4348 είς
3715 4286 3806 4342 τὸν

2219 4361 2447 4432 οὐρανὸν
2493 4363 2804 4434 εὐχόμενος,
2853 4365 2959 4431 ἕως
3009 4362 3072 4424 οὗ
3124 4370 3286 4424 πάλιν
3333 4373 3364 4426 ὁ
3417 4373 3578 4444 ἥλιος
3631 4376 3804 4448 ἔλαμ-

547 4443 946 4510 collustraret;
993 4453 1048 4500 et
1089 4445 1188 4513 sic,
1223 4447 1372 4516 quod
1399 4456 1518 4503 erat
1557 4449 1854 4520 reliquum,
1885 4453 2121 4510 sedendo

2225 4451 2325 4522 ψεν
2361 4453 2443 4516 εἰς
2471 4452 2534 4508 τὸ
2560 4454 2856 4526 πρόσωπον
2883 4458 3071 4526 αὑτοῦ,
3111 4461 3207 4516 καὶ
3238 4460 3384 4518 οὕτω
3410 4443 3603 4522 λοιπδν
3637 4443 3802 4526 ἐκαθ-

549 4534 881 4592 insumebat.

621 4651 712 4707 l6.
753 4651 989 4707 Ell’atum
1035 4659 1228 4708 autem
1283 4653 1389 4709 hoc
1439 4654 1599 4712 beato
1641 4667 1762 4714 erat
1811 4659 2114 4719 familiare:

546 4742 700 4812 quod
729 4743 844 4816 (74)
879 4743 1150 4800 sumceret
1175 4746 1446 4802 monacho
1470 4763 1568 4818 per
1580 4765 1744 4806 unam
1773 4753 1964 4808 horam
1989 4756 2118 4811 dor-

547 4835 708 4898 mire,
739 4836 900 4890 modo
927 4837 1124 4905 pugilis
1147 4837 1194 4893 is
1218 4853 1418 4894 nomen
1445 4852 1772 4899 mereretur.
1799 4845 1877 4901 Ac
1897 4845 2115 4907 denuo:

548 4925 849 4984 Monachus
894 4929 1218 5000 peregrinus
1246 4931 1360 5004 (75)
1404 4932 1460 4988 in
1500 4935 1722 5005 regione
1759 4937 1960 5007 aliena,
1982 4944 2119 5000 nulli

2225 4543 2397 4608 έζετο.

2295 4660 2394 4726 ις’.
2426 4663 2612 4734 Φέρων
2635 4663 2693 4718 δὲ
2710 4659 2780 4736 ἦν
2801 4665 2890 4720 διὰ
2918 4664 3170 4740 γλώσσης
3195 4668 3226 4722 ὁ
3265 4671 3538 4744 μακάριος
3560 4674 3659 4729 καὶ
3678 4676 3797 4729 τοῦ-

2221 4768 2284 4806 το
2305 4766 2320 4782 °
2347 4753 2428 4806 ὅτι
2452 4753 2684 4824 ἀρκετὸν
2708 4755 2786 4826 τῷ
2811 4757 3050 4829 μοναχῷ,
3074 4759 3166 4812 ἴνα
3189 4763 3452 4832 κοιμᾶται
3476 4765 3607 4834 μίαν
3631 4766 3796 4839 ὥραν,

2225 4840 2322 4895 ἐάν
2349 4841 2499 4895 ἐστιν
2527 4844 2858 4916 ἀγωνιστής.
2895 4847 3008 4900 Καὶ
3043 4848 3210 4904 πάλιν
3235 4892 3251 4917 ,
3291 4852 3374 4906 ὅτι
3429 4851 3598 4919 Ξένος
3641 4873 3799 4928 μονα-

2225 4931 2320 5004 χδς
2345 4935 2428 4999 εἰς
2457 4934 2749 5008 ἀλλοτρίαν
2781 4936 2967 5010 χώραν
2991 4940 3176 5011 εμηδὲν
3202 4943 3506 5014 μεσαζέτω,
3533 4948 3632 5002 καὶ
3668 4950 3798 5003 ἀνα-

2058 5035 2291 5102 NOTAE.

622 5109 737 5188 (68)
786 5110 897 5169 Vit.
923 5111 1041 5188 P_P.
1073 5113 1171 5188 lib.
1194 5128 1249 5180 ν,
1280 5113 1450 5174 libell.
1480 5117 1570 5185 15,
1600 5133 1759 5176 num.
1784 5120 1844 5188 7,
1871 5123 2117 5184 addunt:

551 5199 574 5235 ε
605 5179 883 5246 Quantum
908 5183 974 5238 ad
1006 5183 1290 5240 saeculum.
1321 5203 1342 5238 ι

618 5251 761 5324 (ίῆθ)Δ
785 5250 891 5313 Vit.
923 5251 1041 5324 PR.
1075 5252 1172 5306 lib.
1208 5268 1264 5324 ν,
1295 5253 1463 5310 libell.
1495 5255 1586 5324 10,
1633 5272 1790 5313 num.
1821 5260 1857 5316 5
1895 5277 2121 5322 narrant

545 5335 614 5404 ea
632 5320 1183 5404 luxisselabbatem
1203 5323 1522 5404 Evagrium.
1548 5320 1581 5380 ι’
1597 5325 1840 5404 Coteler1
1866 5346 1989 5404 pag.
2015 5320 2122 5390 553

547 5397 605 5451 et
632 5388 781 5470 354:
817 5409 836 5443 ι
864 5390 1014 5447 Dixit
1048 5391 1249 5464 aliquis
1289 5388 1448 5452 beato
1493 5397 1728 5454 Arsenio
1755 5417 1770 5454 :
1801 5388 2121 5466 Quovmodo

549 5474 670 5522 nos,
690 5469 725 5510 ι
757 5469 866 5516 etc.

621 5528 738 5601 (70)
761 5529 916 5601 γει.
939 5529 1058 5586 PP.
1095 5530 1190 5586 lib.
1219 5546 1273 5595 ν,
1307 5534 1556 5601 Iibell."5,
1589 5553 1743 5593 num.
1788 5539 1838 5592 l.
1871 5541 2088 5598 Coteler

549 5611 674 5667 pag.
891 5599 972 5682 De
1017 5601 1176 5682 lletus
1217 5599 1551 5682 abundantia
1595 5607 1654 5662 in
1698 5607 1904 5664 Comm.
1949 5627 2105 5682 prwv.

549 5681 704 5722 num.
735 5670 838 5732 45;
875 5679 931 5725 et
957 5670 1099 5726 infra
1131 5686 1282 5727 num.
1310 5673 1402 5728 25.

621 5735 734 5809 (71)
773 5739 899 5797 Haec
925 5759 944 5794 ι
985 5739 1230 5797 narravit
1275 5743 1442 5802 abbas
1475 5743 1666 5804 Daniel
1701 5767 1720 5802 ι
1770 5750 1913 5820 apud
1951 5750 2108 5809 Cote-

2223 5135 2323 5191 ler.
2355 5152 2480 5206 pag.
2512 5138 2639 5195 571.

2295 5153 2688 5282 ἰῚΞῗεάοῗέἷέν.
2726 5223 2872 5282 _pag.
2908 5209 3015 5282 556
3043 5229 3058 5267 :
3088 5228 3108 5264 ι
3141 5211 3354 5273 Retulit
3398 5219 3571 5278 abbas
3610 5224 3793 5280 Daniel

2223 5274 2523 5354 defbbate
2547 5274 2799 5354 Arsenio,
2821 5274 2977 5354 ﬁucd
3015 5293 3231 5354 noctem
3269 5274 3789 5354 muniri—elidit.

2225 5343 2338 5426 ιῖρ.
2380 5347 2478 5426 lib.
2513 5363 2568 5426 v_,
2603 5343 2867 5417 libell.-4;
2896 5365 3052 5410 num.
3080 5350 3116 5405 2
3144 5356 3307 5412 etiam
3347 5343 3792 5418 Dadidi'ﬁ'ari-Il

2220 5417 2425 5470 tionem
2466 5417 2737 5474 tribuunt.

2288 5485 2402 5572 £273?
2449 5483 2558 5572 .Vi‘:
2596 5487 2713 5572 ἔῗίῖ·
2735 5489 2904 5572 '.i.b.e."-
2933 5493 2988 5572 ἐξ
3015 5495 3228 5572 ημμωεβ
3248 5494 3482 5572 οοιειειῑι
3509 5515 3634 5572 pas-
3660 5501 3785 5558 556-

2289 5554 2403 5627 (ᾙ)
2450 5555 2558 5627 Υἱι.
2592 5557 2714 5613 ΡΙ).
2747 5560 2905 5627 ibid.,
2934 5554 3104 5620 libell.
3143 5564 3232 5627 l0,
3257 5582 3411 5622 num.
3439 5569 3494 5622 6.

2287 5623 2564 5706 (75)”“Vit.
2590 5627 2705 5684 PP.
2749 5623 2907 5700 ibid.,
2949 5633 3122 5692 libell.
3162 5623 3250 5706 ll,
3284 5653 3440 5695 num.
3482 5639 3511 5696 1
3552 5639 3783 5699 Cotcler.

2214 5709 2337 5766 pug.
2367 5694 2490 5751 555.
