4064 6372
519 310 623 374 867

1753 301 1814 361 S.
1839 299 1947 361 ΤΗ
1956 293 2248 358 EODORI
2289 293 2644 357 STUDITB

520 423 892 481 hereditatem
923 419 1080 474 valde
1111 431 1364 489 magnam
1399 433 1416 473 :
1458 425 1750 488 postquam
1786 414 1838 469 id
1864 414 2108 482 accepis-

2223 407 2549 480 Βιακριτικδς
2589 405 2860 478 ὑπῆρχεν,
2879 406 2936 460 ετ
2988 423 3123 460 ποτε
3160 405 3328 478 ἤρετό
3353 421 3462 470 τις.
3494 405 3818 479 Πυθομένου

520 528 628 578 set.
677 515 852 570 voluit
885 510 1159 568 scindere.
1199 509 1442 566 Procidit
1492 516 1677 564 autem
1723 506 2114 578 magistrianus

2223 496 2307 555 νῦν
2352 499 2450 554 τοῦ
2494 499 2642 553 άὸϐἄ
2673 499 2906 570 Μάρκου
2937 499 3034 554 καὶ
3060 500 3314 568 λέγοντος
3334 515 3352 534 ο
3391 499 3578 554 Καλὸν
3620 499 3690 554 τὸ
3739 502 3820 571 μὴ

523 609 589 663 ad
625 606 792 678 pedes
813 603 956 672 ejus,
982 602 1169 655 dicens
1191 597 1330 654 :Oro
1356 608 1430 662 te,
1453 612 1523 652 ne
1550 594 1774 652 scindas
1810 595 1944 650 illud
1971 592 2112 664 (85).

520 699 568 754 si
614 698 905 753 admittere
950 708 1196 748 recusas.
1239 690 1511 746 Praterea
1545 687 1896 744 discernendi
1936 685 2114 741 facul~

523 801 637 846 tate
673 789 936 860 pollebat,
966 785 1011 841 si
1045 785 1171 854 quis
1208 798 1335 839 eum
1375 782 1756 853 interrogaret.
1787 779 2116 836 Sciscitante

523 883 691 953 igitur
723 882 919 937 abbate
953 878 1130 933 Marco
1161 876 1297 947 (84),
1335 883 1390 930 et
1418 875 1636 930 dicente
1674 891 1688 926 :
1722 873 1879 928 Anne
1906 871 2114 926 bonum

523 987 628 1039 est,
651 975 892 1044 ‘aliquem
926 971 1062 1025 nihil
1101 969 1302 1024 habere
1324 967 1501 1022 solatii
1525 966 1580 1020 in
1597 964 1732 1020 cella
1754 964 1880 1020 sua“!
1894 960 2115 1016 Etenim

525 1068 635 1122 vidi
687 1066 910 1120 fratrem
971 1061 1176 1116 habere
1209 1073 1376 1129 parva
1425 1058 1600 1122 olera,
1649 1069 1828 1126 eaque
1857 1053 2112 1109 evellere.

521 1157 626 1214 Cui
678 1172 890 1212 senex:
945 1153 1157 1207 Bonum
1196 1151 1482 1206 enimvero
1532 1159 1659 1204 est:
1705 1161 1899 1202 verum
1951 1152 2115 1215 prout

525 1249 767 1305 hominis
819 1247 986 1301 fuerit
1037 1245 1298 1300 affectio:
1358 1242 1565 1299 etenim
1618 1243 1665 1299 si
1713 1256 1824 1297 non
1861 1239 2117 1295 habuerit

526 1341 696 1396 robur
735 1339 788 1394 in
831 1339 928 1392 tali
964 1337 1126 1391 modo
1167 1335 1388 1407 agendi,
1437 1335 1636 1390 iterum
1667 1333 1940 1406 plantabit
1977 1331 2112 1388 alia.

525 1434 676 1487 Alias
735 1445 956 1486 rursum
1043 1445 1211 1484 senex
1286 1429 1427 1484 dixit
1495 1428 1683 1484 abbati
1756 1425 2115 1483 Alexandro:

525 1527 756 1594 Quando
814 1523 1114 1578 abscideris
1157 1522 1403 1591 palmeos
1432 1531 1558 1578 tuos
1607 1536 1795 1576 ramos
1821 1518 1956 1590 (85),
1995 1514 2118 1574 veni

2213 593 2359 665 ἔχειν
2384 595 2508 648 τινά
2532 594 2886 666 παράκλησιν
2915 595 2975 648 ὲν
3000 593 3079 666 τῷ
3111 595 3311 666 κελλίφ
3335 594 3540 660 αὐτοῦς
3569 594 3670 648 καὶ
3700 594 3814 664 γάρ

2213 685 2359 741 εἶδον
2397 685 2629 756 ἀδελφὸν
2666 686 2863 758 ἔχοντα
2901 686 3078 757 μικρά
3101 687 3310 758 λάχανα
3351 687 3450 743 καὶ
3481 686 3818 760 ἑκριςοῦντα

2215 779 2380 833 αὐτά.
2424 773 2597 834 Εἷπεν
2636 780 2666 834 6
2695 778 2908 850 γέρων·
2933 779 3113 833 Καλὸν
3143 779 3244 850 μέν
3277 781 3424 833 ἐστιν
3444 795 3461 809 ·
3493 779 3634 834 ἀλλὰ
3677 778 3820 850 πρὸς

2212 871 2315 942 τὴν
2338 871 2452 938 ἕξιν
2478 869 2576 925 τοῦ
2597 869 2893 943 ἀνθρώπου
2916 889 2933 903 ·
2961 871 3060 926 ἐὰν
3083 871 3195 942 γὰρ
3224 871 3300 942 μὴ
3330 871 3430 942 ἔχῃ
3469 873 3630 943 ἰσχὺν
3657 874 3718 927 ὲν
3736 872 3816 941 τῷ

2216 963 2444 1032 τοιούτῳ
2475 964 2687 1033 τρόπῳ,
2721 961 2888 1017 πάλιν
2917 961 3141 1030 φυτεύει
3169 962 3327 1020 ἄλλα.
3359 962 3590 1018 ’Ᾱλλοτε
3639 963 3806 1018 πάλιν

2217 1051 2372 1108 εἷπεν
2413 1055 2442 1108 6
2464 1054 2645 1124 γέρων
2672 1051 2751 1123 τῷ
2771 1052 2918 1124 άὸὁᾷ
2946 1052 3308 1124 ’Δλεξάνδρῳο
3333 1053 3458 1107 Ὀτ’
3477 1055 3548 1107 ἂν
3583 1053 3814 1122 ἀποσχε-

2218 1161 2320 1217 an;
2349 1145 2421 1197 τὰ
2446 1143 2639 1197 θαλλια
2671 1155 2686 1194 ι
2718 1160 2836 1208 σου,
2867 1143 3028 1214 δεῦρο
3057 1143 3253 1212 γεῦσαι
3282 1145 3401 1214 μετ’
3430 1143 3590 1214 δμοῦ.
3635 1144 3697 1197 ὐ
3719 1139 3815 1196 οὖν

2218 1237 2394 1300 άὸσᾶς
2438 1236 2791 1307 Ἀλέξανδρος
2818 1235 3043 1307 ὁμαλῶς
3071 1236 3360 1309 εἰργάζετο
3394 1238 3490 1292 καὶ
3524 1237 3814 1302 ἐπιεικῶς,

2218 1329 2314 1383 καὶ
2339 1329 2416 1393 ὡς
2448 1327 2738 1398 γεγόνασιν
2767 1329 2802 1400 ἡ
2831 1327 2971 1401 ὥρα,
2994 1327 3182 1400 ἀκμὴν
3211 1323 3326 1399 εἶχε
3357 1328 3574 1394 θαλλία,
3607 1331 3704 1384 καὶ
3724 1330 3816 1384 θέ-

2221 1421 2329 1476 λων
2363 1422 2602 1493 τηρῆσαι
2632 1419 2726 1474 τὸν
2755 1419 2916 1489 λόγον
2956 1420 3055 1474 τοῦ
3093 1421 3371 1491 γέροντος,
3397 1421 3654 1492 ἀνέμεινε
3679 1421 3818 1492 πλη-

2223 1513 2396 1586 ρῶσαι
2429 1513 2590 1568 αὐτά.
2635 1512 2698 1566 '0
2743 1510 2839 1566 οὖν
2880 1511 3057 1576 άὸσᾶς
3099 1512 3381 1584 Ἀρσένιος
3423 1513 3499 1578 ὡς
3539 1509 3681 1566 εἶδεν
3726 1514 3814 1566 ὅτι

526 1630 590 1675 ιιι
625 1633 838 1673 mecum
889 1614 1173 1670 comedas.
1207 1614 1391 1669 Abbas
1421 1623 1602 1668 autem
1635 1612 1946 1668 Alexander
1973 1612 2117 1666 lente

2223 1606 2489 1678 ἑχρὸνισε,
2519 1603 2881 1674 λογισάμενος
2912 1604 3124 1675 μήποτε
3157 1603 3345 1672 ξένους
3375 1603 3557 1673 ἔσχεν,
3583 1605 3818 1673 ἐγεύσα-

529 1709 815 1766 laborabat
862 1722 928 1761 ac
980 1705 1276 1760 moderate.
1335 1704 1511 1774 thue
1540 1702 1717 1760 adfuit
1746 1714 1985 1774 tempus,
2020 1703 2118 1758 ha-

2223 1717 2303 1756 το.
2349 1698 2409 1752 '0
2450 1697 2507 1752 δὲ
2560 1693 2934 1768 Ἀλέξανδρος,
2979 1695 3056 1760 ὡς
3113 1696 3380 1760 ἐτέλεσεν,
3427 1697 3526 1766 ὀψὲ
3572 1697 3811 1767 ἀπῆλθε⁶

531 1804 650 1859 huit
678 1802 977 1857 etiamnum
1016 1799 1260 1868 palmeos
1303 1813 1529 1854 ramos:
1567 1799 1867 1867 volensque
1894 1797 2113 1852 obtem-

2223 1791 2316 1845 καὶ
2347 1790 2497 1859 λέγει
2529 1788 2681 1860 αὐτῷ
2717 1787 2747 1840 6
2791 1767 3008 1860 γέρων⁹
3043 1787 3238 1854 Ξένους
3262 1788 3456 1860 ἔσχες
3488 1789 3600 1844 Kal
3627 1789 3811 1859 λέγει·

533 1909 726 1964 perare
763 1890 1002 1947 sermoni
1035 1890 1214 1952 Senis,
1262 1888 1559 1959 permansit
1599 1903 1772 1960 usque
1822 1887 1953 1943 dum
1997 1904 2112 1944 rem

2223 1882 2377 1953 οὐχί.
2410 1878 2578 1936 Εἶπον
2605 1878 2704 1935 οὖν
2727 1879 2880 1951 αὐτῷ
2898 1896 2912 1910 ·
2940 1879 3069 1944 Πῶς
3094 1880 3194 1934 οὐκ
3213 1876 3380 1952 ἦλθες
3403 1897 3418 1948 ;
3460 1881 3520 1936 '0
3551 1881 3610 1936 δὲ
3635 1881 3812 1949 λέγει·

538 1997 704 2041 totam
746 1985 1090 2055 explevisset.
1141 1983 1325 2038 Abbas
1357 1981 1541 2050 itaque
1577 1981 1845 2036 Arsenius
1878 1990 1940 2036 ut
1980 1982 2116 2036 vidit

2223 1974 2348 2028 Ὀτι
2396 1970 2551 2037 εἶπές
2597 1987 2713 2043 μοι’
2752 1971 2874 2024 Ὀτ’
2904 1970 2971 2027 ἂν
3021 1971 3330 2045 ἀποσχίσῃς
3365 1972 3438 2026 τά
3475 1971 3665 2026 θαλλεα
3689 1991 3812 2037 σου.

532 2091 660 2131 eum
732 2088 916 2128 moras
987 2071 1228 2134 trahere,
1295 2072 1543 2140 cogitans
1600 2069 1649 2125 si
1701 2069 1840 2125 forte
1892 2070 2118 2124 haberet

2223 2065 2367 2130 ἐλθὲ,
2397 2065 2494 2118 xal
2524 2063 2710 2136 τηρῶν
2738 2081 2832 2117 σου
2871 2063 2965 2118 τὸν
2992 2063 3174 2133 λόγον,
3205 2065 3306 2120 οὐκ
3340 2060 3531 2136 ἦλθον,
3565 2065 3650 2119 ὅτι
3683 2064 3813 2136 άρτι

534 2167 796 2237 hospites,
827 2164 1197 2220 manducavit.
1235 2163 1337 2218 Ast
1387 2161 1695 2217 Alexander
1735 2160 1828 2216 ubi
1860 2161 2114 2225 absolvit,

2223 2157 2541 2227 ὲπλήρωσα.
2575 2156 2686 2209 Kal
2727 2153 3043 2226 ἐθαύμαζεν
3087 2157 3116 2208 6
3150 2155 3331 2228 γέρων
3375 2157 3478 2226 τὴν
3518 2156 3814 2228 ἀκρίϐειαν

532 2275 759 2331 vespere
805 2258 986 2314 rediit.
1031 2257 1132 2312 Cui
1183 2271 1391 2312 senex:
1439 2255 1522 2310 An
1555 2255 1798 2324 hospites
1836 2252 2118 2309 habuisti?

2229 2245 2418 2311 αὐτοῦ,
2449 2245 2545 2298 καὶ
2567 2245 2718 2314 λέγει
2740 2245 2920 2315 αὐτῷ’
2953 2245 3280 2317 Ταχυτέρως
3309 2247 3572 2313 κατάλυε,
3605 2248 3694 2301 ἴνα
3719 2248 3817 2300 καὶ

535 2351 674 2406 Ille:
722 2348 1096 2419 Nequaquam,
1140 2347 1339 2417 inquit.
1386 2342 1524 2398 Tum
1570 2357 1780 2399 senex:
1836 2341 1953 2397 Cur
2008 2355 2117 2394 non

2225 2337 2328 2408 τὴν
2368 2335 2589 2404 σύναξίν
2631 2353 2726 2390 σου
2759 2335 2928 2408 βάλῃς
2961 2337 3012 2405 ll,
3049 2337 3145 2391 καὶ
3171 2337 3264 2392 τοῦ
3286 2337 3480 2402 ὕδατός
3521 2355 3618 2392 σου
3641 2355 3814 2410 μετα-

532 2441 772 2498 veuisti?
815 2441 1160 2511 Respondet:
1229 2437 1369 2503 Quia
1424 2435 1614 2491 dixisti
1670 2433 1826 2499 mihi,
1885 2431 2117 2498 Quando

2223 2428 2530 2499 λαμϐάνῃςο
2558 2429 2608 2483 ει
2641 2428 2699 2482 δὲ
2745 2429 2914 2501 μήγε,
2947 2429 3161 2500 ταχέως
3215 2428 3327 2500 ἔχει
3377 2430 3440 2484 τὸ
3487 2430 3651 2502 σῶμά
3708 2446 3806 2483 σου

533 2529 835 2586 abscideris
867 2539 990 2584 tuos
1033 2542 1240 2594 ramos,
1267 2526 1427 2582 veni:
1459 2535 1514 2580 et
1552 2525 1853 2580 observans
1887 2521 2113 2577 manda-
2217 2519 2538 2592 ἀσθενῆσαι.

537 2636 650 2680 tum
689 2630 841 2677 tuum
888 2619 1098 2692 [citius]
1133 2634 1240 2674 non
1271 2618 1396 2675 veni
1429 2637 1445 2675 :
1483 2618 1646 2674 modo
1669 2618 1816 2673 enim
1863 2617 2105 2672 laborem
2145 2616 2434 2686 complevi.
2479 2614 2545 2669 Et
2609 2615 2842 2673 miratus
2907 2625 2993 2672 est
3018 2631 3186 2672 senex
3220 2616 3637 2673 accurationem
3663 2617 3814 2688 eius,

533 2724 593 2770 et
618 2715 751 2770 dicit
795 2713 887 2768 ei:
929 2711 1091 2767 Ocius
1127 2711 1330 2766 diverte
1359 2710 1498 2782 (86).
1523 2723 1582 2767 ut
1623 2709 1854 2782 synaxin
1882 2708 1996 2779 (87)
2019 2705 2316 2778 persolvas,
2372 2717 2428 2764 et
2481 2721 2680 2778 aquam
2705 2715 2853 2762 tuam
2890 2707 3002 2780 (88)
3033 2722 3265 2765 sumas:
3294 2707 3382 2763 sin
3451 2708 3658 2772 minus,
3701 2719 3820 2764 sta-

537 2807 636 2862 tim
660 2821 860 2872 corpus
886 2813 1037 2859 tuum
1075 2803 1276 2860 incidet
1302 2803 1356 2859 in
1384 2803 1776 2859 infirmitatem.

612 2902 700 2957 18.
744 2901 859 2956 Non
946 2899 1237 2955 verebatur
1310 2897 1506 2953 beatus
1577 2896 1814 2967 quodam
1881 2903 2118 2964 tempore

2298 2890 2394 2956 ιη’.
2433 2885 2549 2939 Οὐκ
2591 2885 2764 2940 ὲδεῐτο
2809 2886 2867 2941 δὲ
2895 2888 3291 2945 ταπεινοῦσθαι
3332 2888 3512 2960 καιρῷ
3550 2906 3659 2944 τινι
3703 2890 3824 2952 τοῖς

537 2992 815 3050 humiliari
862 3005 1044 3046 coram
1111 2987 1394 3058 discipulis
1459 2985 1599 3042 suis.
1645 2984 1783 3040 Dum
1829 2984 2118 3055 aliquando

2227 2977 2422 3032 ἑαυτοῦ
2483 2978 2754 3050 μαθηταῖς
2799 2979 2829 3033 6
2907 2982 3176 3054 μακάριος
3224 2982 3594 3054 καθεζομένου
3647 2981 3823 3035 αὑτοῦ

543 3085 808 3143 resideret
835 3083 888 3137 in
923 3081 1277 3138 inferioribus
1315 3078 1565 3150 partibus
1613 3077 1670 3118 ί*
1701 3085 1756 3133 et
1776 3077 2124 3139 turbaretur,

542 3176 718 3228 visum
747 3181 829 3226 est
849 3171 898 3225 ei
926 3169 1120 3225 cellam
1149 3170 1496 3240 relinquere;
1547 3166 1684 3222 nihil
1711 3183 1778 3223 ex
1803 3167 1893 3222 illa
1933 3181 2119 3222 secum

543 3263 736 3319 ferenti
768 3283 780 3318 :
806 3260 1196 3332 profectusque
1229 3269 1314 3316 est
1339 3259 1406 3314 ad
1431 3259 1732 3330 discipulos
1757 3273 1888 3314 suos
1921 3259 2125 3313 Phara-

544 3354 690 3408 nitas
737 3349 1104 3406 Alexandrum
1149 3365 1216 3404 ac
1265 3349 1502 3404 Zoilum.
1543 3347 1690 3402 Dixit
1725 3362 1856 3418 ergo
1883 3348 2125 3402 Alexan-

542 3447 683 3499 dro:
723 3444 916 3511 Surge,
948 3453 1002 3496 et
1034 3441 1250 3512 naviga.
1282 3440 1350 3495 Et
1393 3454 1598 3495 morem
1629 3441 1824 3510 gessit.
1868 3441 1947 3494 Ac
1973 3438 2126 3493 Zoilo

545 3533 732 3588 dixit:
777 3527 909 3585 Veni
971 3545 1183 3584 mecum
1235 3543 1410 3598 usque
1445 3526 1517 3582 ad
1565 3525 1788 3591 flumen,
1839 3534 1893 3580 et
1942 3537 2128 3594 quaere

547 3623 680 3680 mihi
703 3637 921 3687 navem,
953 3635 1073 3690 quae
1109 3619 1494 3675 Alexandriam
1531 3633 1724 3674 versus
1764 3617 1881 3672 vela
1927 3615 2120 3672 faciat:

548 3713 738 3783 sicque
768 3719 823 3766 tu
860 3710 930 3766 ad
970 3709 1195 3766 fratrem
1255 3718 1409 3766 tuum
1461 3707 1677 3778 naviga.
1711 3705 1896 3763 Zoilus
1945 3715 2127 3762 autem

2228 3085 2360 3120 ποτε
2405 3068 2466 3122 ἑν
2510 3070 2623 3132 τοῖς
2686 3069 2838 3124 κάτω
2876 3071 3091 3142 μέρεσι,
3121 3076 3218 3126 καὶ
3249 3071 3597 3144 ὀχλουμένου,
3637 3071 3826 3138 ἔδοξεν

2229 3159 2381 3232 αὐτῷ
2411 3159 2734 3215 καταλιπεῖν
2762 3161 2824 3216 τδ
2853 3161 3088 3231 κελλίον,
3130 3164 3298 3235 μηδὲν
3328 3163 3389 3231 ἑξ
3414 3164 3580 3219 αὑτοῦ
3615 3164 3824 3218 λαϐών.

2230 3253 2341 3306 Kal
2374 3251 2650 3324 ἐπορεύθη
2693 3251 2832 3324 πρὸς
2859 3255 2986 3319 τοὺς
3010 3255 3206 3309 ἑαυτοῦ
3235 3255 3512 3327 μαθητὰς,
3548 3257 3679 3320 τοὺς
3717 3258 3827 3310 Φα-

2234 3345 2484 3418 ρανιτας,
2526 3343 2882 3418 Ἀλέξανδρον
2911 3348 3008 3402 καὶ
3037 3347 3260 3402 Ζώἶλον.
3294 3343 3464 3402 Εἶπεν
3496 3344 3594 3404 οὖν
3630 3347 3822 3416 Ἀλεξ-

2233 3438 2445 3510 άνδρῳο
2481 3438 2737 3504 ’Δνάστα,
2769 3439 3128 3496 ἀνάπλευσον.
3166 3441 3276 3496 Kal
3313 3442 3572 3513 ἐποίησεν
3622 3442 3820 3506 οὕτως.

2234 3531 2346 3586 Kal
2370 3531 2453 3603 τῷ
2480 3530 2671 3602 Ζωΐλῳ
2703 3529 2857 3587 εἶπεν
2877 3549 2893 3566 ο
2930 3534 3104 3606 Δεῦρο
3132 3536 3254 3606 μετ’
3280 3535 3416 3607 ἐμοῦ
3452 3536 3564 3598 ἕως
3589 3535 3689 3590 τοῦ
3721 3554 3825 3590 πο-

2229 3623 2429 3695 ταμοῦ,
2450 3625 2546 3680 καὶ
2575 3625 2815 3698 ζήτησόν
2845 3643 2937 3698 μοι
2958 3627 3146 3682 πλοῖον
3167 3628 3262 3681 ἐπὶ
3289 3628 3388 3699 τὴν
3405 3627 3829 3701 Ἀλεξάνδρειαν

2236 3715 2527 3772 άναπλέον.
2560 3718 2673 3772 Kal
2711 3717 2888 3784 οὕτως
2929 3719 3026 3775 καὶ
3071 3719 3140 3775 σὺ
3182 3719 3524 3776 άνάπλευσον
3555 3720 3695 3794 πρὸς
3733 3721 3830 3776 τὸν

1850 3847 2089 3905 ἾΔΒΙᾹΞ
2125 3850 2532 3912 LECTIONES.

629 3971 672 4010 ι’
707 3968 812 4024 Vit.
875 3965 994 4022 PP.
1060 3964 1157 4023 lib.
1187 3979 1242 4034 v,
1269 3963 1438 4021 libell.
1493 3963 1584 4032 l5,
1646 3977 1800 4019 num.
1846 3961 1904 4030 9,
1948 3963 2160 4021 addunt
2189 3963 2439 4039 ngypli.
2520 3981 2535 4020 ι
2575 3969 2650 4026 al.
2687 3970 2838 4044 βαΐα,
2915 3972 2941 4013 ι
2970 3971 3042 4028 ει,
3079 3973 3242 4044 ποιῇς
3277 3970 3596 4042 ἀταράχως,

2080 4078 2311 4138 ΝΟΤᾹΕ.

616 4201 731 4272 (8'5)
769 4197 1038 4272 Sttbditttr
1060 4197 1120 4272 in
1145 4196 1265 4272 γει.
1310 4195 1424 4272 PP.
1465 4194 1968 4272 ¢_Quia_incidetur
1991 4193 2128 4248 mihi

545 4265 730 4341 caput}
766 4271 835 4324 Et
863 4269 996 4324 dicit
1023 4269 1074 4323 ei
1094 4268 1281 4341 abbas
1305 4266 1572 4324 Arsenius
1603 4284 1616 4321 :
1650 4265 1764 4336 Ego
1781 4266 1949 4341 prius
1979 4279 2129 4318 mor-

2236 4211 2378 4266 opus
2419 4197 2534 4280 jam
2590 4199 2662 4254 ita
2715 4198 3058 4280 impleverat,
3094 4209 3171 4280 _ut
3213 4215 3324 4280 non
3375 4199 3572 4280 fuisse}
3611 4203 3830 4280 reditu-

2237 4281 2333 4323 rus
2389 4270 2498 4342 nisi
2551 4280 2841 4342 postquam
2901 4271 3035 4342 illud
3094 4271 3456 4342 implevisset.
3513 4270 3828 4342 Gotelerius

549 4336 676 4396 tuus
711 4355 857 4405 sum,
889 4353 1054 4408 quam
1092 4338 1240 4419 ille;.
1269 4336 1387 4406 ipse
1438 4345 1622 4391 autem
1666 4339 2126 4418 modounortuus
2234 4350 2361 4409 pag.
2391 4337 2496 4420 {>59
2523 4336 2863 4421 vertit—scire
2897 4340 3152 4409 (addens,
3173 4336 3318 4465 'ﬂuid
3348 4341 3400 4395 vi
3431 4341 3584 4396 verbi
3611 4342 3828 4398 διαλύω

549 4421 664 4465 est:
700 4409 977 4465 uuomodo
1021 4422 1108 4461 me
1141 4406 1272 4460 fecit
1300 4406 1594 4461 haeredem.
1625 4405 1693 4461 Et
1723 4414 1937 4461 remtsnt
1965 4412 2132 4460 testa-
2160 4405 2210 4465 D
2236 4421 2348 4462 non
2392 4410 2743 4465 inportatur)
2783 4413 3064 4465 ieiunium.
3101 4411 3182 4465 Ad
3225 4427 3277 4465 e.
3307 4411 3458 4465 auod
3492 4412 3827 4465 solvendum

544 4421 664 4478 est;
700 4405 1108 4479 quomodoume
1141 4406 1272 4479 fecit
1296 4405 1594 4479 haaredem.
1625 4405 1693 4461 Et
1711 4405 1937 4479 _remisit
1965 4412 2132 4479 testa-
2160 4405 2210 4465 D
2236 4405 2348 4479 non
2392 4408 2743 4479 importatur)
2775 4405 3064 4479 jejunium.
3101 4411 3182 4465 Ad

545 4473 828 4545 mentum;
891 4477 1027 4532 nihil
1081 4476 1382 4545 accipiens.
1417 4494 1436 4528 ι
1503 4473 1662 4530 Hunc
1711 4475 1894 4531 locum
1952 4475 2128 4545 tangit

545 4551 878 4675 biograpltus
926 4546 1069 4629 infra
1111 4561 1266 4603 num.
1311 4545 1384 4600 ‘26
1427 4545 1532 4601 sub
1562 4545 1766 4614 linem;
1812 4554 1876 4601 ut
1919 4545 2123 4602 mirum

547 4631 620 4675 sit
687 4637 736 4675 Ic
773 4626 972 4674 οιιιιιιι.

547 4631 620 4678 sit
646 4631 736 4675 hic
773 4631 972 4674 onntu.

614 4689 982 4761 (84)_ldemne
1007 4685 1110 4761 ille_
1130 4683 1366 4751 Marcus,
1393 4685 1490 4758 qui
1531 4699 1881 4761 supra_num.
1915 4687 1949 4761 ’ζ
1981 4687 2122 4761 (not.

547 4761 680 4834 45)?
713 4755 808 4815 'De
850 4767 1048 4834 sancto
1074 4755 1876 4834 _homonymo,_moitacho__in
1907 4755 2125 4834 §ee_thi,

546 4826 672 4888 cuin
709 4829 926 4900 epocha
960 4827 1088 4900 anni
1137 4826 1359 4900 circiter
1387 4826 1516 4900 {00.
1553 4835 1736 4900 aetum
1771 4827 2126 4900 die_5_Mar-

547 4903 632 4964 tii,
665 4897 786 4972 pag.
825 4899 966 4972 361;
1002 4898 1093 4953 ubt
1122 4897 1265 4972 etde
1293 4897 1507 4972 duobus
1541 4897 1666 4954 aliis
1704 4913 1829 4969 pag.
1859 4897 1986 4972 5358.
2009 4899 2126 4955 Cae-

548 4967 972 5038 teru'm'resihic
1015 4984 1047 5025 a
1088 4967 1356 5036 scriptore
1403 4968 1540 5023 Vita:
1571 4967 1858 5038 expressa,
1891 4968 2126 5024 habetur

548 5044 604 5098 in
655 5039 761 5095 Vit.
792 5037 909 5095 PP.
950 5039 1045 5094 lib.
1077 5055 1132 5104 v,
1167 5038 1337 5094 libell.
1371 5039 1460 5108 10,
1507 5037 1663 5094 num.
1695 5037 1763 5106 7;
1788 5039 1936 5111 apud
1963 5038 2126 5096 Cote—

548 5111 1037 5252 Ιθτξ8ἓῗ8θίῗόῗδῬ.
1067 5180 1360 5252 palmulas.
1396 5179 1578 5252 ΘιιίλιιιιΔ
1606 5179 1842 5252 simplici
1871 5179 1904 5232 λ
1932 5179 2126 5252 scribit

547 5248 814 5322 Cangius.
843 5251 990 5322 quod
1023 5270 1041 5303 ι
1069 5248 1127 5306 in
1168 5250 1392 5322 Lexico,
1424 5248 1626 5322 inquit,
1657 5248 1760 5307 Ms.
1784 5251 2122 5322 Nicomedis,

650 5319 995 5406 ’ξρύλλίτῶν
1038 5322 1319 5392 φοινίκων,
1366 5319 1519 5376 folia'
1535 5320 1864 5392 palmarum.
1897 5337 1917 5371 ι
1957 5319 2123 5377 Plura

549 5393 916 5532 'b'iiéii'w...
947 5458 1056 5516 PP.
1093 5463 1188 5518 lib.
1224 5477 1279 5526 v.
1322 5461 1492 5532 libell-
1523 5461 1617 5532 ιιι
1654 5477 1808 5518 ηυπι·
1841 5463 1868 5518 ί
1901 5480 1918 5518 ³
1951 5481 1970 5516 ⁸
1998 5462 2124 5520 θίδ⁹

545 5533 773 5606 iungere
799 5531 1091 5604 (interpres
1123 5534 1310 5603 legerit
1335 5531 1627 5598 καταλύου)
1657 5534 1727 5588 ab
1749 5548 1916 5604 opere
1941 5543 2069 5602 tuo;
2097 5552 2120 5587 ι

549 5605 644 5675 sed
689 5621 708 5675 ι
738 5603 936 5675 inscite
978 5612 1032 5657 et
1063 5604 1250 5675 alieno
1281 5603 1442 5675 plane
1469 5617 1662 5666 sensu,
1695 5621 1714 5675 ι
1749 5603 1929 5675 inquit
1976 5615 2124 5660 recte

550 5673 858 5729 Cotelerius
904 5674 958 5727 in
1000 5675 1141 5728 notis
1170 5673 1275 5729 col.
1302 5673 1404 5728 799
1430 5691 1445 5728 :
1473 5673 1752 5743 quomodo
1779 5673 1926 5731 enim
1960 5694 1980 5728 ι
2008 5675 2123 5730 dis-

548 5743 703 5816 jungi
749 5744 819 5800 ab
865 5757 1050 5815 Opere,
1081 5763 1099 5794 ο
1152 5759 1246 5802 seu
1295 5758 1436 5815 opus
1482 5745 1698 5818 mittere
1725 5744 1981 5818 iubetur.
2029 5746 2124 5819 qui

2236 4421 2348 4488 non
2392 4411 2743 4492 inportatur)
2775 4411 3064 4479 jejunium.
3101 4411 3277 4477 Adde,
3307 4411 3458 4492 quod
3492 4412 3827 4468 solvendum

2235 4492 2510 4546 Jejuntum
2552 4479 2762 4535 tndtcet
2807 4482 3022 4554 potius;
3068 4481 3122 4536 id
3151 4483 3297 4552 quod
3324 4497 3383 4554 tn
3419 4483 3675 4554 proximo
3711 4495 3825 4548 est,

2233 4564 2253 4598 ι
2286 4563 2486 4617 aquam
2513 4558 2661 4603 tuam
2681 4549 2890 4607 sumas.
2917 4549 3154 4622 r,ltaque
3170 4549 3462 4622 praplaeet
3484 4553 3766 4620 «diverte;
3800 4576 3820 4606 ι

2229 4617 2342 4672 hoc
2379 4621 2527 4672 enim
2569 4619 2826 4672 καταλύω
2857 4636 2955 4672 per
2991 4637 3052 4672 se
3078 4630 3136 4672 et
3164 4623 3218 4672 vi
3249 4622 3405 4672 vocis
3439 4622 3735 4672 silmilia.
3768 4634 3820 4672 el

2229 4623 2342 4673 hoc
2379 4623 2527 4673 enim
2569 4623 2826 4674 καταλύω
2857 4636 2955 4692 per
2991 4637 3052 4678 se
3078 4630 3136 4678 et
3164 4623 3218 4676 vi
3249 4623 3405 4678 vocis
3439 4623 3735 4694 significat,
3768 4634 3828 4679 et

2226 4687 2467 4770 cohaeret
2499 4703 2632 4768 .cutn
2676 4690 2956 4770 adiunctis
2985 4711 2999 4746 :
3032 4691 3193 4762 quasi
3225 4691 3382 4770 dicas
3410 4710 3424 4746 :
3452 4692 3597 4748 intro
3617 4702 3823 4770 tere-

2225 4760 2374 4840 cipe,
2419 4760 3002 4840 quiescenpaululum,
3041 4760 3387 4840 ut_syna__xin_
3426 4777 3523 4840 seu
3577 4762 3826 4840 ofﬁcium

2226 4829 2428 4910 recites
2456 4828 2532 4910 (et
2564 4828 3207 4910 quidemnprouthabe't
3230 4833 3336 4887 alia
3373 4833 3538 4910 lectio
3567 4835 3635 4887 ad
3661 4850 3824 4910 mar-

2226 4901 2408 4974 ginem
2465 4906 2658 4974 textus
2691 4901 2836 4974 apud
2883 4902 3216 4974 Cliteleriutn
3267 4912 3473 4974 notata
3499 4904 3824 4974 ἀταράχως,

2225 4970 2340 5022 sine
2363 4971 2802 5043 perturbatione),
2833 4979 2890 5026 et
2917 4972 3114 5027 deinde
3145 4970 3346 5027 famem
3375 4972 3564 5038 pellas,
3602 4970 3826 5029 reﬁcias

2226 5038 2406 5098 vires.
2472 5041 2742 5096 sumendo
2779 5057 2981 5098 aquam
3043 5052 3224 5098 tuam:
3281 5043 3381 5096 Sin
3434 5043 3640 5098 minus.
3705 5053 3822 5098 etc.

2390 5078 2406 5102 ν
2472 5057 2742 5096 sutnenao
2779 5057 2981 5107 aquam
3043 5057 3224 5107 tuam;
3281 5057 3381 5096 διη
3434 5057 3640 5106 ιιιιιιυε,
3705 5057 3822 5098 θυι.

2296 5057 2406 5102 res,
2472 5057 2742 5096 surnenao
2779 5057 2981 5111 aquam
3043 5057 3224 5107 tuam;
3281 5057 3381 5096 διη
3434 5057 3640 5106 minus,
3705 5057 3822 5098 etc.

2296 5108 2410 5183 (87)
2451 5111 2696 5182 Synaxis
2725 5123 2926 5183 praeter
2971 5111 3078 5166 alia
3114 5111 3392 5183 significat
3439 5112 3680 5183 oﬂiciurn
3725 5130 3826 5167 ec-

2227 5178 2634 5253 clesiasticum,
2671 5178 2742 5235 ut
2773 5182 2978 5238 videsis
3009 5182 3153 5253 apud
3169 5178 3454 5253 'Cangium
3500 5185 3556 5238 in
3593 5181 3825 5253 σιοεω-

2226 5251 2307 5303 rio
2329 5249 2549 5308 Latino.
2582 5251 2908 5323 CoteleriusA
2935 5249 3061 5323 pag:
3092 5253 3197 5308 359
3225 5268 3240 5306 :
3273 5249 3448 5320 (Quo
3483 5263 3538 5308 et
3561 5252 3822 5323 Ofﬁcium

2226 5268 2307 5303 rw
2329 5268 2549 5308 Latino.
2582 5268 2892 5308 Uulelel'lus
2971 5268 3060 5323 ag.
3093 5268 3197 5308 eoa
3225 5268 3240 5306 :
3273 5270 3294 5304 ι
3325 5268 3448 5320 uno
3483 5268 3538 5308 et
3561 5268 3822 5308 umerum

2225 5328 2382 5403 tuum
2411 5324 2631 5405 recites.
2665 5341 2685 5374 ι
2737 5320 2844 5405 νει-ι
3021 5323 3146 5405 loco
3173 5324 3422 5405 proxime
3449 5324 3658 5405 citato:
3695 5342 3714 5405 ς
3747 5322 3823 5378 Ut

2223 5402 2282 5446 et
2305 5393 2672 5450 ministerium
2708 5393 2975 5463 psallendi
3017 5392 3209 5448 facias.
3242 5411 3262 5444 ι
3297 5392 3478 5448 Malim
3511 5411 3529 5445 ε
3559 5392 3819 5448 Ofﬁcium

2225 5470 2381 5534 tuum
2427 5463 2678 5534 perﬁcias
2716 5464 2802 5517 vel
2838 5465 3064 5530 recites;
3099 5482 3119 5514 ι
3155 5464 3286 5534 quid
3320 5464 3467 5518 enim
3512 5463 3603 5519 hic
3645 5464 3820 5518 mini-

2224 5533 2458 5588 sterium
2508 5534 2801 5603 psallendi,
2849 5543 2958 5590 etc.
3007 5549 3133 5589 cum
3165 5533 3341 5590 vacuo
3383 5535 3714 5595 ventriculo,
3761 5543 3821 5590 et

2226 5617 2442 5677 summa
2478 5604 2782 5677 debilitate,
2820 5603 3061 5660 indicata
3091 5620 3184 5677 per
3228 5606 3288 5658 τὸ
3316 5603 3411 5660 Sin
3437 5606 3632 5672 minus,
3678 5615 3818 5673 etc.,

2224 5674 2374 5744 quod
2413 5674 2699 5744 sequitur?

2304 5743 2418 5814 (88)
2456 5743 2577 5804 Non
2607 5745 2794 5817 utique
2829 5761 3024 5818 aquam
3071 5761 3318 5820 meram;
3357 5762 3480 5820 quae
3518 5744 3652 5806 nihil
3683 5759 3815 5818 pro-
