4064 6372
255 393 362 456 869
924 377 1206 442 ORATIO
1248 375 1384 437 xu.
1418 398 1486 410 --
1524 365 1906 431 LAUDATIO
1931 366 1992 425 s.
2033 364 2344 426 ARSENII
2391 336 2937 423 Ammonem.
3409 352 3517 417 87o

258 501 488 572 ἀδελφόν
516 515 636 551 σου.
672 494 730 549 ’0
755 494 813 547 δὲ
841 492 1041 555 Ζώῖλος
1095 489 1191 542 ἐπὶ
1222 486 1301 555 τῷ
1338 485 1483 553 λόγῳ
1523 476 1838 572 ταραχθεὶς,

1913 523 1916 532 .
1946 474 2032 528 his
2067 474 2233 529 dictis
2257 475 2527 538 turbatus,
2558 473 2766 528 tacuit:
2795 480 2961 540 atque
2986 469 3063 525 ita
3091 467 3231 525 alter
3252 469 3322 525 ab
3346 471 3518 525 altero

258 561 560 662 ἐσιώπησε,
616 586 712 640 καὶ
764 583 939 645 οὕτως
998 578 1376 652 ἐχωρίσθησαν
1430 576 1526 628 ἀπ’
1569 570 1834 641 ἀλλήλων.

1942 565 2178 635 sejuneti
2204 576 2354 620 sunt.
2385 564 2671 620 Descendit
2701 563 2866 633 igitur
2885 577 3051 618 senex
3085 562 3143 617 in
3170 570 3355 631 partes
3375 561 3520 617 The-

256 656 549 753 Κατῆλδεν
589 672 684 732 οὖν
730 678 759 729 6
797 675 979 746 γέρων
1012 672 1109 726 ἐπὶ
1143 668 1215 723 τά
1246 669 1388 739 μέρη
1426 664 1708 733 Θηὸαἲδος,
1742 663 1839 717 καὶ

1943 659 2119 716 baidis
2171 658 2308 729 (89),
2363 658 2623 729 gravique
2676 656 2995 711 inﬁrmitate
3073 662 3361 725 correptus
3413 663 3516 711 est.

255 746 562 846 ἠσθένησεν
607 765 924 840 ἀρρωστίαν
955 761 1220 833 μεγάλην.
1253 760 1319 813 Ol.
1345 757 1404 813 δὲ
1428 756 1621 811 τούτου
1653 754 1839 846 διακοο

1944 752 2173 808 Ministri
2198 759 2381 806 autem
2425 750 2546 819 ejus
2584 749 2846 804 dixerunt
2876 748 3019 802 inter
3050 762 3153 803 se:
3199 746 3281 800 An
3325 747 3523 816 aliquis

258 840 424 935 νηταὶ
453 840 611 915 εἷπον
635 857 775 929 πρὸς
809 854 1076 925 ἀλλήλους
1099 870 1113 885 ·
1143 852 1236 923 Μὴ
1267 849 1381 921 ἀρά
1412 866 1500 912 τις
1527 846 1685 919 ἡμῶν
1714 845 1839 899 ὲλύ-

1943 855 2192 901 nostrum
2228 841 2580 898 contristavit
2618 857 2827 906 senem,
2861 855 3037 910 eaque
3067 840 3134 895 de
3159 854 3324 894 causa
3361 855 3390 893 a
3418 854 3519 893 no-

256 930 403 1028 πήσε
456 954 550 1009 τὸν
604 950 865 1023 γέροντα,
914 948 1010 1002 καὶ
1061 945 1152 1000 διά
1198 942 1361 999 τοῦτο
1414 940 1690 1012 ἐχωρίσθη
1745 937 1839 1007 ἀφ’

1943 937 2029 992 bis
2074 936 2352 999 seiunctus
2390 936 2511 990 est?
2538 934 2603 988 Et
2634 949 2739 987 non
2777 933 3100 987 invenerunt
3144 931 3438 1001 quidquam
3470 930 3524 985 in

255 1021 460 1119 ἡμῶνς
496 1021 733 1112 Καὶήούχ
771 1035 933 1112 εὗρον
956 1039 1015 1092 ὲν
1037 1037 1252 1099 ἑαυτοῖς
1283 1032 1456 1089 οὐδέν.
1499 1030 1754 1100 Ύγιάνας
1782 1030 1840 1084 δὲ

1945 1043 2005 1082 se
2055 1028 2248 1096 culpae.
2292 1024 2525 1080 Sanitati
2571 1037 2753 1079 autem
2794 1023 3081 1078 restitutus
3118 1036 3306 1085 senex,
3339 1021 3520 1077 dixit:

258 1114 498 1208 6'yépuw
523 1130 709 1189 simu:
738 1129 1085 1201 Πορεύσομαι
1109 1126 1249 1198 πρὸς
1277 1125 1404 1187 τοὺς
1431 1123 1677 1208 πατέρας
1713 1137 1838 1192 μου.

1952 1118 2043 1173 Ibo
2080 1119 2147 1174 ad
2190 1125 2376 1188 patres
2406 1132 2598 1183 meos;
2626 1126 2679 1171 et
2712 1116 2794 1171 sic
2832 1115 2957 1170 navi
3001 1122 3251 1169 revectus
3290 1116 3437 1168 venit
3470 1114 3523 1167 in

263 1203 579 1291 καὶ-οὔτως
608 1223 957 1286 ἀναπλεύσας
986 1217 1151 1291 ἦλθεν
1193 1219 1273 1282 εἰς
1304 1216 1406 1286 τὴν
1432 1204 1670 1285 Πέτραν,
1705 1214 1841 1268 ὅπου

1943 1209 2164 1266 Petram
2190 1209 2327 1279 (90),
2358 1209 2451 1265 ubi
2503 1214 2662 1263 erant
2697 1205 2950 1277 discipuli
3004 1204 3147 1274 ejus.
3205 1203 3340 1257 Cum
3398 1219 3526 1257 vero

261 1318 405 1394 ἦσαν
427 1323 476 1375 ol
501 1318 742 1391 μαθηταὶ
765 1313 959 1370 αὐτοῦ.
990 1314 1182 1375 Ὀντος
1209 1309 1268 1364 δὲ
1297 1305 1464 1363 αὑτοῦ
1495 1304 1723 1376 πλησίον
1747 1302 1841 1357 τοῦ

1945 1316 2116 1371 prope
2162 1300 2386 1355 ﬂuvium
2439 1308 2604 1361 esset,
2646 1298 2825 1368 puella
2888 1297 3137 1367 quaedam
3187 1294 3524 1363 EthiOpissa

262 1387 540 1483 ποταμού,
587 1387 853 1479 παιδίσκη
885 1422 971 1468 τις
1003 1403 1333 1458 meum“
1374 1397 1625 1461 ἐλθοῦσα,
1663 1395 1844 1466 ἥψατο

1947 1392 2213 1448 accedens
2271 1393 2447 1463 tetigit
2484 1390 2716 1445 meloten
2751 1389 2862 1460 (91)
2893 1389 3089 1458 ipsius.
3136 1387 3207 1441 At
3237 1402 3403 1442 senex
3439 1387 3523 1439 in-

266 1479 533 1575 μηλωτῆς
572 1500 761 1557 αὐτοῦ.
795 1498 856 1553 '0
886 1498 946 1553 δὲ
971 1495 1152 1567 γέρων
1190 1493 1525 1562 ἐπετίμησεν
1570 1489 1731 1559 αὐτῇ.
1778 1487 1843 1539 Ἠ

1947 1483 2187 1553 crepavit
2228 1498 2370 1538 eam.
2421 1482 2604 1537 Puella
2634 1497 2767 1537 vero
2791 1482 2929 1536 dixit
2958 1482 3033 1536 illi
3067 1500 3080 1535 :
3139 1479 3197 1535 Si
3226 1480 3526 1534 monachus

389 1570 647 1661 παιδίσκη
669 1591 820 1659 λέγει
843 1588 1018 1658 αὐτῷ·
1044 1586 1109 1642 El
1141 1583 1374 1657 μοναχδς
1398 1578 1468 1644 εἴ,
1505 1579 1737 1650 πορεύου
1765 1579 1845 1641 εἰς

1948 1588 2028 1637 es,
2073 1574 2207 1628 vade
2234 1574 2301 1627 ad
2346 1583 2610 1628 montem.
2657 1570 2833 1626 Senex
2866 1582 3049 1625 autem
3090 1584 3345 1626 sermone
3376 1585 3526 1622 com-

259 1686 329 1741 τὺ
358 1685 506 1757 ὅρος.
548 1684 608 1737 '0
634 1683 690 1738 δὲ
715 1682 899 1753 γέρων
929 1680 1024 1733 ἐπὶ
1052 1677 1131 1748 τῷ
1167 1678 1311 1748 λόγῳ
1342 1672 1687 1741 κατανυγεὶς,
1727 1671 1846 1725 ἔλε-

1950 1674 2205 1735 punctns,
2244 1665 2459 1720 dicebat
2487 1666 2629 1720 intra
2657 1679 2715 1720 se
2742 1682 2757 1720 :
2784 1664 3004 1726 Arseni.
3041 1662 3088 1717 si
3113 1663 3416 1716 monachus
3444 1676 3523 1724 es.

261 1795 365 1846 γεν
394 1752 452 1831 εν
487 1774 694 1846 ὲαυτῷ·
736 1752 1001 1843 Ἀγρσένιε,
1037 1771 1088 1823 εἰ
1136 1768 1367 1840 μοναχδς
1394 1763 1465 1830 el,
1490 1763 1723 1833 πορεύου
1764 1763 1847 1826 εἰς

1925 1758 2089 1846 _vade
2131 1757 2201 1812 ad
2244 1766 2505 1812 montem.
2561 1757 2775 1812 interea
2821 1763 3121 1810 occurrunt
3148 1754 3197 1809 ei
3224 1752 3530 1808 Alexander

261 1823 663 1939 483;...113
681 1823 1311 1933 ιπῐὲςᾷιέτέὶπήνίεησαῑ
1341 1823 1492 1928 αύτῷ
1508 1858 1538 1911 δ
1564 1823 1625 1910 τε
1668 1823 1850 1923 Ἀλέξζ

1923 1829 2010 1902 ιει
2060 1845 2279 1910 Zoilus;
2333 1861 2570 1916 cumque
2632 1844 2994 1914 procidissent
3048 1844 3115 1898 ad
3175 1845 3342 1913 pedes
3388 1844 3528 1908 eius,

264 1936 466 2032 ανδρος
488 1959 583 2013 καὶ
608 1957 832 2020 Ζώῖλος,
857 1955 953 2009 καὶ
975 1952 1349 2007 ἐπιπεσόντων
1376 1948 1558 2003 αὐτῶν
1581 1950 1695 2011 τοῖς
1723 1945 1851 2000 ποσὶ

1953 1939 2181 2008 proiecit
2224 1955 2283 1995 se
2327 1938 2493 1992 etiam
2562 1954 2777 1994 senex:
2826 1946 2881 1993 et
2927 1936 3195 1992 ﬂeverunt
3251 1937 3526 2004 utrinque.

264 2027 463 2113 αὐτοῦ,
493 2049 719 2122 ἔρριψεν
758 2046 948 2101 ἑαυτὸν
979 2047 1009 2099 6
1046 2044 1230 2115 Γέρων
1249 2059 1265 2075 ο
1293 2042 1387 2096 καὶ
1417 2040 1694 2095 ἔκλαυσαν
1740 2040 1850 2109 ἀμ-

1953 2031 2100 2086 Dixit
2141 2046 2348 2087 senex:
2393 2028 2509 2084 Non
2554 2030 2813 2094 audistis,
2843 2030 2989 2100 quod
3024 2029 3389 2100 aegrotarem?
3427 2027 3532 2082 Re-

266 2143 402 2210 φότε
413 2120 712 2213 ροιξΕῐπεν
732 2139 790 2192 δὲ
817 2139 846 2191 6
873 2136 1052 2207 γέρων
1072 2151 1086 2165 ·
1115 2135 1231 2188 Οὐκ
1259 2130 1555 2202 ἠκούσατε,
1578 2132 1663 2184 ὅτι
1688 2129 1855 2185 ἀσθε-

1954 2123 2334 2192 sponderunt:
2376 2122 2451 2178 lta
2486 2132 2591 2178 est.
2636 2123 2874 2178 Rursum
2910 2136 3077 2177 senex
3111 2139 3125 2175 :
3175 2120 3241 2176 Et
3280 2135 3381 2176 cur
3425 2137 3532 2175 non

266 2233 351 2286 νῶ
375 2249 392 2297 ;
418 2231 531 2286 Καὶ
568 2225 724 2284 εἷπον
755 2227 904 2299 αύτῷ
925 2243 939 2257 ·
967 2225 1095 2281 Ναί.
1128 2224 1241 2278 Kal
1266 2224 1415 2293 λέγει
1450 2226 1480 2277 ό
1509 2224 1713 2297 Γέρωνο
1744 2224 1857 2276 Kal

1955 2217 2183 2270 venistis
2224 2230 2313 2270 me
2358 2216 2638 2269 invisum?
2687 2214 2751 2269 Et
2798 2215 2937 2269 dixit
2968 2215 3139 2270 abbas
3179 2214 3530 2269 Alexander:

266 2324 367 2378 διὰ
416 2323 472 2375 τί
520 2322 622 2375 οὐκ
679 2318 874 2390 ἤλθετε
925 2317 1056 2370 ἰδεῖν
1107 2333 1215 2387 μσς
1247 2316 1358 2369 Kal
1416 2315 1565 2384 λέγει
1611 2315 1641 2367 6
1684 2314 1858 2379 ἀόὅᾶς

1960 2304 2244 2375 Separatio
2298 2308 2372 2360 tui
2406 2322 2435 2360 a
2474 2307 2629 2362 nobis
2675 2307 2972 2377 approbata
3034 2306 3179 2360 haud
3232 2305 3378 2372 fuit;
3426 2308 3537 2359 imo

281 2413 676 2483 Ἀλέξανδρος*
705 2410 828 2465 Ὅτι
862 2410 892 2462 6
922 2407 1202 2477 χωρισμός
1227 2423 1321 2461 σου
1353 2406 1446 2475 ἀφ’
1480 2407 1638 2477 ἡμῶν
1665 2407 1726 2461 ού
1760 2406 1860 2475 γέ-

1958 2398 2148 2454 multis
2180 2414 2286 2452 non
2342 2398 2569 2468 profuit,
2606 2398 2914 2454 dicentibus
2947 2417 2961 2453 :
3017 2397 3133 2454 Nisi
3163 2399 3536 2453 inobedientes

269 2522 405 2574 γονε
432 2502 681 2566 πιθανὸς,
711 2502 807 2555 καὶ
836 2499 1026 2553 πολλοὶ
1050 2498 1156 2552 οὐκ
1176 2497 1563 2568 ὠφελήθησαν,
1588 2496 1858 2566 λέγοντεςο

1962 2488 2197 2546 fuissent
2222 2492 2359 2555 seni,
2388 2506 2496 2545 non
2528 2492 2716 2561 utique
2753 2506 2874 2547 sese
2902 2491 2972 2546 ab
3022 2492 3157 2562 ipsis
3185 2491 3536 2560 sejunxisset.

272 2598 407 2649 Ὅτι
431 2596 480 2648 εἰ
507 2592 585 2664 μὴ
617 2594 977 2661 παρήκουσαν
1011 2589 1107 2644 τοῦ
1137 2590 1410 2660 γέροντος,
1442 2589 1543 2643 οὐκ
1575 2589 1642 2643 ἂν
1667 2589 1863 2659 ἐχωριο

1963 2583 2121 2639 Tunc
2143 2585 2234 2639 ille
2268 2600 2284 2639 :
2316 2583 2381 2639 Et
2410 2599 2512 2655 ego
2550 2585 2604 2640 id
2633 2586 2783 2644 novi.
2814 2585 3012 2640 lterum
3038 2600 3169 2656 ergo
3191 2586 3389 2641 dicturi
3411 2594 3539 2640 snnt

277 2686 390 2757 σθη
422 2685 519 2740 ἀπ’
560 2682 763 2738 αὐτῶν.
815 2681 925 2734 Kal
976 2679 1127 2747 λέγει
1180 2678 1397 2739 αὐτοῖς·
1446 2678 1619 2747 Κάγὼ
1654 2677 1860 2747 ἔγνων·

1965 2676 2216 2732 homines
2249 2694 2264 2731 :
2292 2675 2554 2731 Columba
2587 2692 2695 2731 non
2721 2678 3001 2732 inveniens
3036 2677 3276 2747 requiem
3310 2678 3539 2747 pedibus

274 2778 448 2834 πάλιν
490 2770 588 2829 οὖν
632 2773 920 2845 μέλλουσιν
956 2771 1137 2840 λέγειν
1175 2771 1227 2824 οἱ
1272 2770 1552 2840 ἄνθρωποι
1575 2785 1589 2799 ·
1632 2771 1755 2824 Ὅτι
1790 2772 1866 2842 μὴ

1966 2769 2106 2832 suis,
2146 2783 2364 2823 reversa
2404 2778 2492 2822 est
2546 2767 2614 2822 ad
2661 2766 2774 2824 Noe
2826 2768 2882 2823 in
2931 2783 3139 2823 arcam.
3171 2767 3239 2822 Et
3267 2769 3347 2823 sic
3368 2769 3541 2823 curati

275 2869 526 2940 εὑροῦσα
564 2869 598 2937 ἡ
640 2864 940 2936 περιστερά
977 2864 1287 2919 ἀνάπαυσιν
1327 2865 1440 2926 τοῖς
1481 2863 1643 2916 ποσὶν
1672 2864 1867 2934 αὐτῆς,

1970 2870 2119 2925 sunt,
2175 2869 2613 2931 manseruntque
2663 2876 2790 2917 eum
2838 2875 2906 2916 eo
2960 2875 3139 2932 usque
3185 2861 3254 2917 ad
3312 2871 3542 2917 mortem

276 2959 617 3031 ἀνέστρεψεν
644 2958 778 3029 πρὸς
821 2957 942 3011 Νῶε
995 2956 1076 3019 εἰς
1119 2954 1219 3025 τὴν
1262 2953 1516 3009 κιϐωτόν.
1558 2956 1670 3009 Kal
1697 2956 1870 3021 οὕτως
1973 2953 2165 3025 ipsius.

278 3051 775 3123 ἐθεραπεύθησαν.
815 3048 912 3104 καὶ
956 3047 1180 3118 ἔμειναν
1225 3048 1344 3117 μετ’
1372 3046 1587 3101 αὐτούι
1629 3047 1735 3113 ἕως
1771 3051 1872 3120 τῆς

279 3145 549 3214 τελευτῆς
584 3142 782 3202 αὐτοῦ.
1899 3156 1944 3214 ο

916 3252 1144 3307 ΚΕΦΑΛ
1156 3289 1170 3307 .
1196 3253 1271 3305 1".

2620 3244 2771 3300 CAP.
2817 3242 2901 3298 ΙΙΙ.

284 3366 598 3422 Fraudium
622 3364 901 3429 daemonis,
932 3373 983 3418 et
1015 3378 1337 3417 arcanorum
1365 3362 1776 3432 perspicientia;
1803 3366 2040 3432 morbus,
2070 3367 2223 3429 visio,
2256 3381 2386 3418 cura
2435 3360 2713 3417 vilissima:
2745 3360 3066 3431 sepulturas;
3092 3374 3233 3414 mors
3255 3359 3552 3423 ;Itabitudo

1418 3434 1680 3502 corporis,
1710 3437 1957 3503 periocha
1993 3440 2138 3504 vitae,
2174 3437 2422 3505 elogium.

359 3531 457 3586 t0'.
488 3530 658 3587 Πάλιν
684 3528 849 3583 ἄλλου
881 3525 1213 3600 πυθομένου,
1235 3529 1332 3582 καὶ
1357 3528 1612 3597 λέγοντος
1645 3528 1724 3600 τῷ
1745 3531 1804 3583 ‘A
1815 3548 1868 3601 ρ-

2041 3533 2129 3589 19.
2164 3532 2301 3587 Dum
2360 3546 2555 3587 rursus
2612 3529 2752 3584 alius
2817 3527 3180 3597 interrogaret
3234 3540 3300 3581 ac
3344 3526 3548 3581 diceret

290 3625 494 3693 σενιῳ’
528 3623 592 3675 υἱ
632 3622 889 3692 λογισμοί
925 3637 1027 3692 μου
1060 3619 1303 3674 θλίϐουσι
1345 3637 1434 3690 με,
1464 3621 1750 3689 λέγοντες·
1797 3622 1872 3674 Οὐ

1969 3626 2250 3682 Arscnio:
2310 3624 2685 3693 Cogitationes
2746 3635 2877 3675 meae
2937 3619 3184 3689 amigunt
3215 3614 3320 3683 me,
3351 3634 3546 3688 sugge-

288 3716 521 3769 δύνασαι
550 3713 864 3783 νηστεῦσαι,
890 3711 1013 3766 οὐδὲ
1039 3710 1391 3782 ἐργάζεσθαι,
1418 3711 1520 3765 κᾶν
1542 3712 1874 3766 ὲπισκὲπτου

1970 3727 2189 3773 rentes:
2220 3716 2338 3772 Non
2373 3718 2523 3772 vales
2542 3716 2813 3785 jejunare,
2846 3728 2946 3769 nec
2971 3712 3225 3782 operari;
3257 3714 3445 3768 saltem
3468 3713 3552 3765 in-

291 3807 683 3869 ἀσθενοῦντας,
714 3804 814 3859 καὶ
846 3804 1005 3859 τοῦτο
1034 3804 1091 3858 δὲ
1123 3804 1313 3872 ἀγάπη
1348 3802 1517 3857 ἐστίν.
1557 3802 1727 3867 Εἰδὼς
1759 3803 1816 3857 δὲ
1846 3805 1875 3857 6

1974 3810 2159 3865 firmos
2193 3809 2394 3875 visita;
2428 3818 2591 3878 atqne
2627 3788 2729 3861 hoc
2754 3815 2904 3861 certe
2953 3804 3196 3861 charilas
3225 3814 3331 3859 est.
3373 3804 3549 3859 Senex

292 3900 482 3969 γέρων
509 3900 611 3961 τὰς
636 3895 928 3967 πονηρίας,
955 3896 1051 3949 καὶ
1076 3895 1202 3958 τοὺς
1233 3894 1420 3956 δόλους
1446 3894 1555 3946 τῶν
1581 3895 1873 3965 δαιμόνων,

1975 3902 2157 3970 itaque
2206 3910 2352 3955 artes
2397 3900 2663 3969 dolosqne
2684 3897 2949 3952 daemonis
2998 3906 3281 3966 perspecta
3317 3897 3548 3963 habens,

293 3990 450 4059 λέγει
500 3988 579 4059 τῷ
624 3987 838 4057 ἀδελφῷ
861 4004 876 4019 ⁸
923 3987 1164 4055 ’Υπαγε,
1196 3986 1359 4054 φάγε,
1401 3984 1513 4047 πίε,
1548 3986 1747 4056 κοιμῶ,
1782 3988 1879 4041 καὶ

1974 3993 2114 4049 dixit
2166 3992 2365 4047 l'ratri:
2412 3992 2580 4053 Vade.
2631 3990 2879 4052 comede,
2924 3989 3070 4052 bibe,
3108 3989 3305 4054 dormi,
3356 3996 3411 4042 et
3442 4004 3549 4042 non

297 4080 374 4152 μὴ
419 4080 631 4152 ἐργάσῃ
649 4094 664 4111 ο
706 4079 867 4149 μόνον
889 4078 983 4131 τοῦ
1007 4077 1220 4131 κελλίου
1242 4094 1336 4131 σου
1363 4076 1437 4147 μὴ
1465 4077 1711 4148 ἀποστῇς
1729 4094 1743 4108 ο
1775 4078 1877 4150 ἤδη

1974 4099 2203 4153 operare
2230 4100 2243 4138 :
2276 4083 2437 4138 modo
2459 4099 2488 4136 a
2521 4082 2654 4137 cella
2680 4091 2770 4135 tna
2793 4097 2858 4135 ne
2880 4081 3114 4135 desistas
3145 4098 3158 4134 :
3193 4088 3351 4133 norat
3380 4080 3552 4144 enim,

296 4172 416 4242 γάρ
440 4172 522 4225 ὅτι
546 4172 579 4241 ἡ
606 4168 853 4240 ὑπομονὴ
877 4168 972 4223 τοῦ
1003 4168 1217 4221 κελλίου
1240 4168 1398 4238 φέρει
1419 4166 1511 4219 τὸν
1540 4166 1772 4237 μοναχὸν
1799 4169 1880 4228 εἰς

1976 4174 2250 4243 patientia:
2290 4173 2343 4227 in
2390 4173 2521 4228 celln
2560 4171 2951 4226 exercitatione
2996 4168 3323 4223 monachum
3373 4167 3426 4221 in
3460 4182 3553 4220 or-

296 4264 401 4335 τὴν
427 4262 583 4328 τάξιν
610 4260 800 4318 αὐτοῦ.
832 4262 947 4316 Ούκ
974 4259 1391 4331 ἀπελιμπάνετο
1424 4258 1483 4313 δὲ
1510 4257 1606 4312 τοῦ
1642 4259 1879 4330 διορατι-

1977 4262 2159 4317 dinem
2210 4277 2373 4319 suum
2404 4261 2575 4333 redigi
2601 4261 2738 4333 (92).
2765 4257 2955 4331 Neque
2977 4257 3381 4316 destituebatur
3413 4256 3549 4313 cha-

1570 4394 1812 4453 VAlllA'J
1852 4396 2267 4457 LECTIONES.

377 4471 401 4513 1
430 4468 668 4527 Coteler.
694 4468 884 4541 ἔμεινε
914 4467 1034 4540 μετ’
1057 4466 1263 4523 αὐτῶν·
1815 4537 2025 4595 NOTAE

305 4633 509 4689 fuisset
530 4630 598 4686 ad
620 4629 968 4686 eximendam
999 4628 1200 4700 famem
1226 4637 1282 4683 et
1303 4624 1694 4700 restaurandas
1715 4626 1883 4700 vires.
1983 4629 2319 4700 quadrupes.
2349 4629 2534 4700 Itaque
2559 4629 2853 4686 Ciaconins
2878 4630 2933 4686 in
2964 4629 3111 4687 notis
3134 4629 3200 4685 ad
3230 4629 3554 4686 Cassianum

303 4704 400 4759 sed
444 4711 619 4782 tuam,
657 4716 768 4782 qua
809 4699 1155 4782 vescisoles,
1184 4713 1345 4782 pane,
1380 4697 1587 4760 herbis,
1633 4705 1728 4782 aut
1762 4697 1886 4782 aliis
1983 4697 2110 4782 pag.
2140 4697 2238 4782 δελ
2270 4697 2844 4782 τεειεοέειιεειηροεεε
2874 4701 3049 4782 accipi
3096 4715 3559 4782 prolquacunque

303 4717 400 4759 sed
449 4717 619 4767 tuam,
657 4717 768 4769 qua
809 4717 1155 4782 vescusmes,
1184 4717 1345 4767 pane,
1380 4717 1587 4760 nel‘DIS,
1633 4717 1728 4751 aut
1762 4717 1886 4753 ams
1983 4717 2110 4822 pag.
2140 4717 2235 4755 οδι
2270 4717 2417 4755 recte
2448 4717 2655 4763 censet,
2682 4717 2844 4782 posse
2874 4717 3049 4771 accipi
3096 4717 3196 4770 pro
3228 4717 3556 4770 quacunque

303 4771 606 4847 esculentis
660 4769 1377 4847 hujusmodt_c_oncoctam,
1438 4768 1885 4847 sume,ncomede
1986 4786 2052 4839 pe
2078 4770 2145 4847 le_.
2201 4769 2571 4847 Delerminate
2625 4779 2789 4847 etiam
2851 4771 3227 4847 suini_potest
3258 4785 3367 4847 pro
3419 4773 3556 4847 pelle

305 4845 441 4912 (non
474 4839 679 4895 dicitur
703 4835 836 4902 bibe,
861 4839 1011 4907 quod
1043 4839 1104 4912 fit
1136 4839 1191 4892 in
1228 4853 1368 4907 aqna
1391 4835 1593 4912 mera).
1626 4835 1719 4890 Sic
1743 4836 1887 4890 dici-
1985 4835 2232 4909 caprina.
2290 4841 2590 4912 Cassianus
2613 4841 2778 4912 glibro
2812 4856 2853 4907 ι,
2911 4835 3090 4909 capite
3137 4840 3191 4902 8,
3240 4835 3315 4912 ςΙίεΔ
3357 4835 3557 4912 ηιὲξιρισ

305 4907 418 4977 tur,
460 4912 741 4981 jusculum
791 4924 1032 4972 sumere,
1072 4910 1169 4981 lac
1214 4907 1524 4972 comedere,
1569 4920 1885 4976 quanquam
1986 4907 2384 4981 monachorum
2411 4909 2789 4980 [Egyptiorum
2814 4907 3004 4981 agens,
3041 4912 3121 4965 sic
3154 4910 3379 4966 scribit:
3410 4929 3428 4961 ι
3461 4909 3557 4966 Ul-

306 4978 476 5052 panis
496 4980 660 5052 in_eis
692 4987 1006 5052 maceratus
1038 4978 1132 5052 sit.
1286 5047 1296 5052 _
1334 5047 1346 5052 Α
1576 5047 1638 5052 __
1691 5046 1702 5052 _
1907 5023 1961 5052 π
1987 4980 2157 5052 timus
2186 4989 2271 5052 est
2315 4978 2532 5034 habitus
2574 4994 2765 5052 eorum
2810 4980 2967 5052 pellis
2995 4981 3249 5052 caprina.
3281 4996 3405 5052 quae
3443 4997 3557 5036 me-

380 5023 1019 5123 i§§)"'s2'rii_{é}."5_5£§iﬁ'c
1038 5023 1416 5123 Ἇὶξωαηάνῑφ,
1435 5062 1544 5103 non
1575 5046 1878 5123 ηερρεάέε,
1907 5023 1962 5085 1)
1988 5023 2781 5123 Ῐόίὲῖνέῖρέᾗῖ’ἔόρξιῖεὶῖιὶὶ
2810 5023 2967 5104 Ti};
2992 5023 3557 5123 ii:'5i£é.‘éi”..§ii§

306 5117 625 5175 monuimus
674 5118 728 5171 in
783 5118 1174 5173 Commentario
1210 5119 1428 5187 prmio,
1473 5133 1626 5172 num.
1669 5118 1757 5187 33.
1804 5117 1880 5173 Ea
1985 5120 2043 5175 in
2078 5117 2313 5187 utroque
2349 5117 2639 5174 Glossario.

306 5205 457 5254 vero,
488 5204 611 5259 qua:
637 5188 725 5242 hic
753 5198 1071 5259 narrantur,
1102 5186 1267 5259 habes
1298 5188 1351 5243 in
1395 5187 1532 5243 Vitis
1563 5187 1675 5259 ΙζΡ,
1702 5186 1797 5242 lib.
1825 5202 1880 5254 ν,
2061 5190 2176 5258 (92)
2224 5186 2336 5243 Vit.
2382 5188 2497 5244 PP.
2547 5189 2641 5244 lib.
2672 5203 2730 5253 γ,
2781 5188 2955 5246 libell.
2986 5189 3039 5258 7,
3090 5205 3245 5245 num.
3294 5190 3362 5244 27
3407 5190 3559 5245 hisce

308 5260 477 5314 libell.
508 5256 602 5328 '15,
636 5272 787 5311 num.
820 5257 875 5328 9,
914 5257 1332 5328 apudpoteler.
1365 5274 1395 5314 a
1428 5273 1549 5327 pag.
1587 5256 1712 5311 565.
1780 5325 1807 5328 _
1986 5256 2194 5315 addunt
2221 5261 2290 5313 de
2336 5260 2609 5314 monacho
2649 5260 2756 5315 isto
2785 5277 2800 5313 :
2839 5278 2857 5311 ι
2887 5259 2990 5327 Qui
3026 5256 3159 5316 cum
3196 5260 3416 5316 fecisset
3447 5271 3558 5317 tres

381 5329 495 5399 (90)
536 5327 789 5450 Intelligo
819 5325 1035 5382 Petram
1069 5327 1261 5393 Troes,
1302 5330 1370 5383 de
1410 5325 1521 5397 qua
1555 5342 1741 5397 supra.
1774 5325 1885 5381 Su-
1984 5331 2123 5391 dies,
2153 5329 2476 5385 extzediatus
2504 5337 2609 5390 est.
2645 5338 2699 5385 et
2720 5325 3005 5386 inveniens
3031 5346 3232 5401 paucas
3262 5333 3556 5401 palmulas,

381 5413 428 5450 IS
478 5414 635 5450 num.
678 5398 713 5450 2
754 5437 769 5450 .
826 5407 989 5450 vocat
1035 5396 1253 5450 Petram
1306 5396 1573 5450 Stromes.
1633 5397 1886 5450 Anoara-
1985 5400 2148 5450 scidit
2194 5408 2414 5450 easzet
2462 5400 2662 5450 iterum
2717 5400 2772 5450 in
2822 5402 3068 5450 crastino
3115 5402 3281 5450 creuit
3322 5402 3556 5450 nlectam

306 5396 428 5471 rius
475 5396 769 5471 num._22,
826 5407 989 5471 vocat
1035 5396 1253 5471 P_etram
1306 5396 1573 5471 Stromest
1628 5396 1886 5471 ApOgra-
1985 5400 2148 5471 scidit
2194 5408 2414 5455 easzet
2462 5400 2662 5471 iterum
2717 5400 2772 5454 in
2822 5396 3068 5457 crastino
3115 5396 3281 5471 erepit
3322 5402 3556 5470 plectam

348 5469 477 5522 hum
515 5468 829 5539 medicatum
871 5466 1299 5539 regisFranciae
1342 5466 1484 5522 infra
1526 5466 1757 5522 citatum
1788 5468 1885 5520 ha-
1986 5468 2169 5525 facere
2204 5485 2272 5524 ex
2316 5471 2417 5525 eis.
2469 5468 2573 5539 Qui
2621 5485 2747 5524 cum
2776 5472 3063 5536 esurisset,
3097 5466 3238 5526 dixit
3275 5466 3416 5524 intra
3457 5486 3555 5525 se.

308 5483 477 5590 gnum
515 5483 829 5523 "catomum
871 5483 1014 5537 regis
1052 5483 1299 5521 rrancia:
1342 5483 1484 5522 nura
1526 5483 1757 5522 citatum
1788 5483 1885 5520 na-
1986 5483 2169 5525 tacere
2204 5485 2272 5524 ex
2316 5484 2417 5525 eis.
2469 5483 2573 5539 qui
2621 5485 2747 5524 cum
2776 5483 3063 5536 esurisset,
3097 5483 3238 5526 dixit
3275 5483 3416 5524 intra
3457 5486 3555 5525 se.

319 5546 403 5625 ἐι
422 5537 889 5625 ξτρώμνης,ᾼεεξι
934 5536 1689 5625 seri‘ptio‘sibinonconstat
1718 5552 1883 5625 ειμι-ιιι
1986 5540 2540 5625 Ecce‘aliaanpancze
2592 5549 2723 5596 sunt
2782 5542 3005 5625 palmae:
3058 5541 3292 5625 expli'eo‘
3322 5554 3449 5625 eas;
3504 5550 3559 5595 et

312 5614 366 5658 et
422 5606 661 5679 Τρώμήν
692 5606 879 5689 paulo
934 5617 1059 5730 post
1093 5608 1228 5689 .lego
1276 5606 1330 5660 in
1383 5607 1675 5663 accusandi
1728 5621 1881 5662 casu.
1984 5609 2276 5665 manduco.
2307 5606 2373 5665 Et
2400 5625 2525 5693 cum
2550 5606 2999 5681 perexpe'ndisset
3021 5606 3142 5675 eas,
3160 5608 3297 5692 dixit
3321 5606 3553 5691 iterum:

315 5674 516 5730 Neutra
551 5680 745 5730 placet.
787 5676 898 5730 Vat.
985 5676 1054 5730 P.
1092 5676 1293 5730 Ibidem
1331 5693 1483 5730 nunt.
1514 5676 1603 5730 10.
1652 5676 1879 5730 Troheu.
1984 5678 2131 5730 Lean
2160 5696 2376 5730 narum.
2407 5697 2489 5730 Sic
2518 5683 2815 5730 manduco.
2847 5682 2913 5730 Et
2941 5695 3065 5730 cum
3100 5682 3340 5730 lenisset.
3374 5680 3553 5730 dmt:

315 5674 516 5750 Neutra
539 5674 745 5750 placet.
787 5676 898 5731 Vit.
928 5674 1054 5750 ΔΡΡ.
1092 5674 1293 5750 ibidem
1331 5693 1483 5733 num.
1514 5676 1603 5750 ll),
1652 5676 1879 5750 Trahen.
1984 5678 2131 5750 Lego
2160 5696 2376 5749 parum,
2407 5682 2489 5735 sic
2518 5674 2815 5735 manduco.
2845 5682 2913 5735 Et
2941 5695 3065 5736 cum
3100 5674 3340 5750 legisset,
3374 5680 3554 5734 dixit:

388 5745 501 5816 (9i)
536 5745 789 5820 Μελωτή,
835 5747 1023 5802 mot‘ote
1047 5747 1132 5820 vel
1174 5748 1411 5820 melotes,
1451 5747 1606 5817 pellis
1633 5747 1821 5820 ovina.
1850 5763 1880 5820 tt
1988 5745 2179 5804 vicani
2223 5751 2531 5820 aliquantos
2569 5752 2834 5820 psalmos,
2874 5760 2930 5804 et
2959 5750 3074 5820 jam
3121 5745 3351 5805 sécurus
3401 5765 3559 5804 man-

325 5812 510 5873 Graeco
564 5812 937 5889 μῆλονζουὶι,
991 5819 1087 5876 sed
1139 5828 1194 5875 et
1241 5812 1625 5891 quodcumque
1678 5818 1883 5874 animal
1983 5820 2147 5878 duco.
2179 5820 2244 5877 Et
2273 5812 2347 5878 it'a
2378 5812 2640 5893 paulatim
2685 5812 3025 5891 proﬁciebat,
3057 5820 3167 5881 Deo
3204 5833 3553 5893 cooperante,
