4064 6372
565 357 669 424 871

1758 357 1821 418 S.
1846 355 2240 416 THEODORI
2288 355 2638 418 STUDIT/E

3713 356 3820 418 8⁸12

564 475 791 530 rismate
837 464 1218 538 perspiciendi
1276 478 1478 520 arcana
1528 463 1613 519 vir
1664 464 1919 530 celebris,
1958 464 2138 519 divina

2245 465 2342 519 κοῦ
2369 467 2728 536 χαρίσματος,
2753 462 3008 534 ἔμπλεως
3034 461 3110 518 ὢν
3139 464 3171 517 6
3191 463 3434 534 ἀοίδιμος
3473 464 3630 530 θείας
3659 468 3818 538 κάρι-

562 564 736 639 gratia
788 558 1276 616 cumulatissimus.
1349 557 1586 612 Sedente
1625 555 1737 626 (93)
1786 571 1854 612 eo
1891 557 1946 610 in
1975 557 2136 621 cella,

561 659 712 712 venit
737 669 863 713 vox.
911 651 1102 706 dicens
1156 648 1258 719 ipsi
1296 666 1311 703 :
1357 648 1652 711 Adesdum,
1706 647 1990 702 ostendam
2039 648 2139 702 tibi

563 763 727 819 Opera
761 745 1064 802 hominum.
1091 743 1442 810 Surgensque
1469 738 1666 805 exivit;
1693 754 1931 810 eumque
1963 748 2140 795 trans-

562 843 688 897 tulit
719 842 771 893 in
813 839 990 893 locmn
1024 834 1278 903 aliquem,
1327 840 1382 886 et
1422 831 1663 885 ostendit
1708 830 1760 885 ei
1801 829 2137 900 Ethiopem,

564 934 903 990 scindentem
957 927 1140 997 ligna,
1196 933 1357 992 atque
1401 923 1453 976 in
1494 937 1752 992 magnum
1802 920 2004 977 fascem
2050 921 2139 976 illa

565 1029 1022 1081 coacervantcm:
1081 1029 1243 1085 quem
1298 1013 1540 1067 tentabat
1606 1021 1848 1083 portare,
1886 1012 1981 1068 sed
2029 1027 2138 1066 non

565 1123 810 1187 poterat;
857 1121 912 1165 et
959 1124 1056 1178 pro
1110 1122 1176 1161 eo
1222 1116 1283 1160 ut
1328 1106 1572 1160 demeret
1612 1121 1682 1160 ex
1715 1121 1782 1160 en
1815 1105 2137 1175 quidquam,

565 1210 764 1262 iterum
815 1200 1102 1272 discedens
1141 1198 1422 1251 scindebat
1445 1197 1612 1265 ligna,
1647 1204 1702 1250 et
1731 1195 1863 1251 fasci
1904 1210 2142 1264 appone-

564 1299 676 1352 bat.
706 1296 771 1347 Et
795 1302 1080 1361 postquam
1111 1288 1334 1358 paulum
1368 1289 1742 1358 processisset,
1776 1289 2013 1342 ostendit
2037 1287 2139 1356 ipsi

564 1387 876 1458 quemdam,
921 1383 1014 1452 qui
1050 1381 1117 1434 ad
1161 1379 1341 1434 lacum
1386 1378 1587 1439 stabat,
1629 1378 2022 1446 hanriebatque
2072 1393 2136 1432 ex

564 1495 631 1536 eo
669 1491 889 1546 aquam,
931 1482 985 1527 ct
1021 1471 1383 1527 transferebat
1411 1471 1463 1524 in
1506 1485 1602 1524 vas
1629 1480 1955 1540 pertusum;
1991 1471 2137 1537 quod

562 1585 684 1626 eam
737 1565 1067 1620 effundebat.
1136 1561 1202 1616 Et
1249 1562 1430 1616 denuo
1486 1560 1620 1615 dicit
1674 1560 1781 1614 ei:
1840 1559 2136 1624 Adesdum,

563 1659 846 1716 ostendam
891 1657 986 1711 tibi
1025 1653 1241 1729 [aliud].
1293 1654 1360 1706 Et
1398 1651 1800 1720 contemplatur
1852 1651 2136 1720 templum,

565 1773 630 1812 ac
677 1755 813 1810 duos
859 1745 1029 1814 viros,
1071 1749 1162 1819 qui
1205 1747 1364 1818 equis
1396 1745 1726 1810 insidebant,
1772 1754 1828 1799 et
1850 1744 2141 1814 portabant

2242 574 2354 622 τος.
2381 557 2706 628 Καθημένου
2734 552 2829 610 οὖν
2849 554 3016 610 αὑτοῦ
3038 558 3120 621 είς
3141 556 3204 610 τὸ
3227 556 3462 622 κελλίον,
3487 553 3622 628 ἦλθε
3642 562 3818 630 φωνὴ,

2241 645 2480 712 λέγουσα
2503 643 2686 715 αὐτῷ’
2718 643 2909 716 Δεῦρο,
2948 645 3112 712 δείξω
3167 662 3252 698 σοι
3295 645 3366 700 τὰ
3405 645 3546 717 ἔργα
3585 646 3696 700 τῶν
3729 651 3822 703 ἀν-

2245 735 2501 809 θρώπων,
2526 737 2622 792 καὶ
2644 737 2888 801 ἀναστὰς
2911 737 3156 809 ἐξῆλθεν.
3191 739 3287 793 καὶ
3317 740 3634 810 ἀπήνεγκεν
3657 741 3822 797 αὐτὸν

2243 829 2323 892 είς
2351 827 2519 882 τόπον
2551 829 2694 892 τινὰ,
2730 828 2828 882 καὶ
2849 826 3052 892 ἔδειξεν
3083 827 3236 898 αὐτῷ
3266 829 3519 896 Attilam,
3549 831 3823 886 κόπτοντα

2246 919 2401 984 ξύλα,
2428 919 2524 973 καὶ
2542 918 2806 974 ποιοῦντα
2833 919 3053 990 φορτίον
3077 919 3240 990 μέγα·
3263 919 3524 991 ἑπείραξε
3543 921 3603 976 δὲ
3627 922 3824 991 βαστά-

2245 1029 2336 1065 σαι
2365 1011 2516 1075 αὐτὸ,
2544 1012 2638 1066 καὶ
2667 1012 2771 1065 οὐκ
2806 1010 3060 1082 ἠδύνατο,
3085 1014 3182 1065 καὶ
3205 1013 3329 1067 ἀντὶ
3355 1013 3451 1067 τοῦ
3483 1009 3620 1084 ἆραι
3643 1015 3706 1080 ἐξ
3727 1017 3822 1070 αύ-

2242 1107 2358 1170 τοῠ,
2393 1105 2646 1160 ἀπελθὼν
2679 1105 2839 1159 πάλιν
2871 1103 3072 1158 ἔκοπτε
3099 1105 3256 1171 ξύλα,
3292 1107 3387 1159 καὶ¹
3414 1107 3716 1179 προσετέθη
3745 1108 3822 1178 τῷ

2245 1197 2472 1268 φορτίῳ.
2499 1196 2611 1251 Καὶ
2642 1196 2852 1268 προϐὰς
2875 1195 3075 1264 ὀλίγον,
3101 1196 3304 1264 ἔδειξεν
3328 1198 3478 1268 αὐτῷ
3503 1215 3626 1252 τινα
3668 1199 3822 1253 ίστά-

2247 1304 2407 1356 μενον
2432 1287 2527 1340 επὶ
2546 1286 2773 1351 λάκκου,
2798 1285 2893 1338 καὶ
2919 1285 3215 1340 ἁντλοῦντα
3243 1286 3390 1359 ὕδωρ
3417 1287 3477 1356 ἐξ
3503 1288 3699 1354 αὐτοῦ,
3727 1289 3824 1343 καὶ

2247 1378 2656 1450 μεταϐάλλοντα
2689 1379 2770 1442 είς
2811 1376 3111 1447 δεξαμένην
3139 1379 3584 1449 τετρυπημένην,
3633 1381 3738 1433 καὶ
3761 1380 3823 1433 τὸ

2243 1473 2377 1526 αὐτὸ
2407 1471 2554 1544 ὕδωρ
2586 1472 2908 1542 ὲκχέουσαν.
2945 1470 3056 1526 Καὶ
3095 1469 3258 1524 πάλιν
3288 1471 3437 1540 λέγει
3467 1472 3622 1542 αύτῷ
3641 1489 3660 1506 ο
3687 1473 3822 1526 Δεῦ-

2247 1580 2329 1634 ρο,
2387 1561 2547 1626 δείξω
2599 1578 2682 1615 σοι
2703 1576 2719 1592 ’
2773 1561 2868 1614 καὶ
2915 1559 3114 1630 θεωριί
3158 1561 3304 1631 ίερδν
3350 1561 3447 1616 καὶ
3483 1562 3588 1616 δύο
3615 1563 3823 1634 ἄνδρας

2243 1655 2587 1726 καθημένους
2617 1653 2828 1717 ἵπποις,
2860 1653 2958 1706 καὶ
2989 1651 3360 1723 βαστάζοντας
3385 1652 3542 1721 ξύλον
3573 1655 3822 1722 πλαγίως

2243 1745 2342 1798 ἕνα
2389 1743 2531 1798 κατά
2567 1743 2662 1797 τοῦ
2707 1742 2846 1806 ἑνός.
2874 1741 3104 1796 Ἤθελον
3149 1741 3207 1796 δὲ
3245 1742 3336 1796 διά
3377 1745 3477 1815 τῆς
3507 1743 3690 1812 πύλης
3729 1745 3820 1798 τοῦ

566 1849 773 1916 lignum
810 1843 1026 1910 oblique
1074 1854 1217 1894 unus
1271 1847 1390 1907 post
1422 1837 1610 1891 alium.
1654 1833 1924 1890 Volebant
1954 1844 2136 1889 autem

2240 1834 2387 1906 ἱεροῦ
2418 1833 2704 1897 εἰσελθεῖν,
2741 1834 2840 1888 καὶ
2885 1835 2989 1889 οὐκ
3033 1833 3326 1905 ἠδύναντο,
3358 1834 3447 1890 διά
3481 1835 3544 1889 τὸ
3587 1835 3734 1889 εἶναι
3761 1835 3822 1888 τὸ

565 1953 666 2009 per
705 1934 888 2004 templi
927 1933 1151 2001 ianuam
1199 1928 1430 1999 ingredi,
1469 1936 1523 1982 et
1553 1941 1664 1981 non
1701 1926 1979 1991 valebant,
2008 1926 2137 1997 quia

566 2031 770 2102 lignum
805 2040 994 2080 eorum
1027 2033 1145 2078 erat
1170 2022 1498 2091 obliquum;
1530 2035 1630 2076 nec
1659 2019 1871 2074 dimisit
1901 2035 1960 2076 se
1995 2035 2138 2074 unus

567 2130 692 2190 post
715 2119 902 2182 alium,
941 2125 998 2170 ut
1027 2123 1267 2185 portaret
1314 2113 1519 2181 lignum
1557 2111 1611 2166 in
1645 2121 1896 2178 rectum;
1927 2121 1981 2166 et
2013 2112 2138 2167 ideo

567 2217 889 2268 manserunt
929 2217 1081 2263 extra
1120 2215 1357 2276 portam.
1403 2203 1471 2258 Et
1539 2204 1926 2260 sciscitabatur
1973 2203 2140 2258 Arse-

565 2306 715 2367 nius,
749 2301 1006 2372 quidnam
1039 2299 1154 2352 haec
1181 2297 1284 2352 sibi
1311 2297 1528 2352 vellent.
1560 2293 1884 2364 Dictumque
1911 2303 1997 2349 est
2022 2294 2134 2349 illi:

566 2395 632 2450 Hi
684 2403 831 2456 sunt,
887 2391 1084 2462 inquit,
1116 2389 1212 2460 qui
1254 2395 1478 2458 portant
1511 2386 1717 2457 lignum
1753 2386 1981 2457 iustitiae
2011 2400 2136 2440 cum

567 2487 844 2557 superbia,
891 2493 947 2539 et
995 2498 1104 2537 non
1147 2483 1486 2536 demiserunt
1527 2495 1589 2534 se
1622 2479 1691 2534 ad
1775 2478 2136 2534 incedendum

565 2595 663 2650 per
719 2578 863 2632 viam
921 2575 1181 2630 humilem
1229 2573 1482 2628 Christi:
1534 2572 1656 2626 ideo
1707 2575 1938 2625 'manent
1982 2581 2138 2624 extra

565 2686 792 2742 regnum
826 2669 938 2723 Dei.
965 2666 1068 2734 Qui
1095 2665 1390 2732 veroligna
1421 2661 1643 2724 scindit,
1693 2662 1857 2715 homo
1899 2669 1982 2716 est
2013 2675 2140 2729 pec-

564 2763 704 2816 catis
751 2765 1002 2820 onustus,
1069 2756 1163 2826 qui
1220 2755 1343 2808 loco
1371 2754 1701 2824 paenitentia:
1753 2753 1860 2806 alia
1894 2751 2139 2820 adjicere

565 2867 674 2906 non
701 2857 885 2904 cessat
960 2847 1055 2902 Ille
1111 2853 1318 2908 autem,
1367 2844 1462 2914 qui
1500 2859 1699 2910 aquam
1729 2842 1936 2908 haurit,
1969 2841 2138 2895 homo

564 2951 670 3004 est,
701 2941 793 3010 qui
859 2953 1022 3009 opera
1075 2937 1292 3007 quidem
1347 2936 1486 2990 bona
1546 2935 1710 3000 facit;
1747 2934 1842 2989 sed
1873 2933 2134 3004 quoniam

565 3035 708 3088 mala
739 3030 984 3100 quaadam
1013 3043 1136 3083 eum
1164 3027 1230 3080 iis
1254 3027 1436 3093 habet,
1474 3027 1528 3080 in
1557 3041 1623 3081 eo
1652 3026 1793 3080 bona
1817 3025 1982 3081 etiam
2008 3038 2134 3094 per-

2239 1928 2398 1994 ξύλον
2419 1926 2602 1980 αὐτῶν
2623 1926 2852 1994 πλάγιον
2874 1942 2890 1957 ·
2921 1927 3024 1982 οὐκ
3047 1927 3379 1984 ἐταπείνωσε
3405 1927 3464 1982 δὲ
3488 1927 3656 1981 αὑτὸν
3685 1929 3716 1980 6
3741 1919 3820 1989 εἷς

2237 2016 2417 2070 ὀπίσω
2465 2014 2562 2069 τοῦ
2611 2015 2773 2068 ἄλλον
2808 2015 3031 2084 ἐνέγκαι
3060 2019 3122 2071 τὸ
3155 2017 3312 2083 ξύλον
3347 2019 3435 2072 ἐπ’
3463 2018 3690 2080 εὐθείας
3727 2016 3822 2070 καὶ

2235 2107 2328 2160 διὰ
2369 2105 2531 2159 τοῦτο
2573 2106 2799 2175 ἔμειναν
2831 2105 2939 2172 ἔξω
2985 2107 3088 2175 τῆς
3111 2109 3310 2180 πύλης.
3356 2108 3620 2163 Ἐπύθετο
3655 2105 3757 2162 οὖν
3790 2111 3820 2162 6

2251 2198 2524 2270 ’Δρσένιος
2543 2197 2594 2250 τί
2681 2196 2854 2252 ταῦτα
2876 2213 2893 2262 ;
2917 2199 3028 2251 Kal.
3053 2199 3255 2271 ἑρῤἐθη
3283 2199 3466 2271 αὐτῷ·
3493 2195 3662 2254 Οὗτοὶ
3693 2201 3817 2262 είσι,

2238 2287 2426 2358 φησὶν,
2473 2285 2837 2358 βαστάζοντες
2869 2287 3028 2353 ξύλον
3065 2289 3413 2362 δικαιοσύνης
3456 2293 3598 2361 μετὰ
3643 2292 3818 2362 ὕπερ-

2239 2379 2496 2452 ηφανὶας,
2527 2381 2622 2434 καὶ
2650 2380 2752 2434 οὐκ
2785 2379 3234 2453 ἐταπεινώθησαν
3275 2381 3372 2436 τοῦ
3417 2383 3754 2454 πορευθῆναι
3780 2393 3813 2414 ⁸

2237 2476 2305 2544 τῇ
2338 2475 2570 2544 ταπεινῇ
2611 2472 2715 2543 ὀδῷ
2743 2470 2838 2527 τοῦ
2870 2473 3134 2545 Χριστοῦ,
3175 2475 3259 2530 διὸ
3291 2476 3544 2544 μένουσιν
3581 2476 3694 2542 ἔξω
3717 2477 3816 2547 τῆς

2241 2565 2518 2637 βασιλείας
2538 2565 2633 2620 τοῦ
2661 2566 2798 2621 Θεοῦ
2823 2583 2838 2598 ·
2861 2569 2892 2622 6
2915 2568 2974 2624 δὲ
3001 2568 3072 2622 τὰ
3100 2567 3234 2635 ξύλα
3257 2569 3497 2635 κόπτων,
3529 2569 3817 2642 ἅνθρωπός

2237 2659 2358 2711 ἐστι
2407 2659 2467 2711 ὲν
2518 2659 2821 2729 ἁμαρτίαις
2878 2663 3354 2731 πεφορτισμένος,
3386 2663 3480 2716 καὶ
3534 2663 3664 2717 ἀντὶ
3721 2663 3816 2716 τοῦ

2241 2749 2600 2819 μετανοῆσαι,
2649 2750 2816 2822 ἔτερα
2855 2749 3166 2823 προστιθῶν
3192 2753 3257 2806 οὺ
3282 2751 3517 2808 παύεται
3548 2762 3602 2808 ι.
3655 2755 3764 2808 Καὶ
3787 2756 3818 2808 6

2236 2841 2298 2894 τὸ
2351 2839 2493 2912 ὕδωρ
2535 2841 2777 2906 ἀντλῶν,
2833 2841 3123 2914 ἄνθρωπός
3171 2843 3290 2898 ἐστι
3335 2843 3478 2900 καλά
3527 2845 3634 2915 μιν
3681 2845 3817 2916 ἔργα
3895 2845 3899 2848 ⁴

2237 2933 2430 2998 ποιῶν,
2459 2933 2574 2986 ἀλλ’
2609 2933 2797 3007 ἐπειδὴ
2829 2936 2926 2988 σὺν
2959 2935 3144 3000 αὐτοῖς
3173 2935 3285 3007 ἔχει
3319 2938 3444 2992 τινὰ
3470 2937 3715 3008 πονηρὰ,
3759 2939 3815 2991 ἐν

2237 3026 2412 3096 τούτῳ
2463 3024 2713 3080 ἀπώλεσε
2747 3028 2843 3080 καὶ
2876 3027 2946 3080 τὰ
2976 3028 3207 3101 χρηστά.
3235 3029 3411 3100 Χρεία
3453 3029 3552 3084 οὖν
3598 3031 3814 3103 νήψεως

565 3123 721 3176 didit.
761 3119 1046 3190 Vigilantia
1080 3118 1243 3190 igitur
1275 3118 1479 3172 homini
1510 3131 1650 3188 opus
1683 3117 1846 3172 estin
1880 3116 2136 3186 operibus

2240 3116 2319 3188 τῷ
2347 3117 2620 3189 ἀνθρώπῳ
2669 3119 2750 3182 είς
2775 3119 2843 3173 τὰ
2868 3118 3010 3190 ἔργα
3039 3119 3229 3188 αὑτοῦ,
3271 3121 3359 3176 ίνα
3411 3121 3489 3193 μὴ
3539 3123 3624 3188 είς
3664 3126 3813 3178 κενὸν

566 3215 704 3278 suis,
733 3222 790 3266 ut
819 3227 926 3266 non
959 3212 1012 3266 in
1048 3225 1246 3264 vanum
1277 3210 1500 3264 laboret.

635 3307 727 3360 20.
749 3303 860 3358 Hoc
881 3319 1096 3374 quoque
1115 3303 1182 3358 de
1212 3302 1330 3372 ipso
1357 3309 1609 3355 narratur
1634 3315 1647 3352 :
1672 3297 1811 3354 Dum
1841 3298 2139 3370 aliquando

569 3398 623 3451 in
671 3396 818 3449 Secti
867 3400 1181 3464 :rgrotaret,
1230 3391 1508 3462 profectus
1539 3390 1823 3462 presbyter
1853 3390 1977 3445 tulit
2012 3404 2137 3445 eum

567 3487 635 3543 ad
671 3487 980 3549 ecclesiam,
1025 3497 1080 3540 et
1129 3483 1314 3554 posuit
1351 3483 1403 3537 in
1439 3491 1609 3538 strato
1637 3481 1772 3553 (94),
1804 3495 2141 3552 parvumque

567 3578 800 3635 cervical
845 3577 912 3632 ad
947 3586 1109 3643 caput
1143 3575 1284 3644 ejus.
1331 3573 1483 3629 Unus
1523 3589 1554 3628 e
1600 3574 1848 3638 senibus,
1882 3587 2009 3628 cum
2049 3587 2143 3628 ve-

567 3670 759 3734 nisset,
803 3679 862 3723 ut
885 3671 1058 3740 ipsum
1095 3668 1315 3732 viseret,
1368 3675 1422 3721 et
1447 3666 1672 3720 vidisset
1699 3681 1826 3720 eum
1859 3665 1914 3720 in
1943 3673 2137 3729 strato,

567 3763 882 3820 scandalum
938 3777 1134 3832 passus
1189 3769 1293 3824 est,
1327 3759 1515 3815 d'lcens
1549 3775 1563 3813 :
1615 3757 1836 3813 lliceine
1863 3767 1946 3812 est
1969 3757 2140 3814 abbas

565 3853 867 3917 Arsenins,
920 3862 972 3906 et
1025 3852 1129 3906 hoc
1170 3850 1331 3904 modo
1378 3848 1690 3904 recumbit?
1762 3846 1959 3903 Senior
2013 3862 2145 3903 vero

565 3944 800 4014 sumpsit
840 3958 965 3998 eum
1010 3957 1073 3997 ac
1103 3941 1240 3996 dixit
1271 3928 1540 4010 :Ecquod
1573 3950 1692 3996 erat
1730 3954 1866 4010 opus
1899 3947 2055 3994 tuum
2087 3938 2144 3994 in

565 4051 704 4106 pago
738 4033 869 4089 tuo?
921 4031 1230 4101 llespondet
1263 4045 1426 4085 senex
1455 4046 1469 4082 :
1525 4028 1720 4084 Pastor
1754 4029 1938 4098 ovium
1967 4042 2142 4083 eram.

565 4128 740 4183 Instat
806 4124 1131 4198 presbyter:
1183 4122 1306 4190 Quo
1343 4131 1504 4193 pacto
1537 4121 1724 4192 igitur,
1755 4120 1952 4190 inquit,
1976 4120 2143 4174 vitam

2242 3211 2508 3280 κοπιάσῃ.

2311 3307 2382 3354 κ’.
2416 3299 2788 3372 Διηγούμενον
2819 3302 2878 3358 δέ
2907 3304 3024 3359 ἔστι
3050 3305 3325 3361 καὶτοῦτο
3353 3307 3483 3380 περὶ
3508 3309 3705 3363 αὑτοῦ·
3733 3311 3812 3364 ὅτι

2237 3389 2636 3462 ἀσθενήσαντος
2693 3392 2860 3447 αὑτοῦ
2919 3412 3048 3448 ποτε
3102 3398 3184 3461 είς
3222 3399 3445 3468 Σκῆτιν,
3489 3400 3741 3471 ἀπῆλθεν
3785 3403 3812 3454 6

2242 3483 2636 3555 πρεσϐύτερος,
2659 3484 2754 3538 καὶ
2775 3486 3007 3556 ἤνεγκεν
3025 3488 3188 3546 αὐτὸν
3213 3491 3347 3560 πρὸς
3371 3491 3474 3563 τὴν
3491 3493 3810 3563 ἐκκλησίαν,

2241 3579 2336 3629 καὶ
2365 3575 2562 3645 έθηκεν
2584 3575 2746 3630 αὑτὸν
2774 3579 2854 3642 είς
2881 3578 3194 3652 χαλάδριον,
3234 3585 3330 3637 καὶ
3357 3585 3556 3656 μικρὸν
3577 3602 3814 3659 προσιε-

2239 3668 2470 3738 φάλαιον
2507 3669 2644 3741 πρὸς
2668 3673 2734 3740 τῇ
2761 3673 2973 3744 κεφαλῇ
3001 3674 3195 3731 αὐτοῦ.
3231 3678 3344 3732 Καὶ
3369 3673 3454 3743 εἷς
3478 3680 3591 3733 τῶν
3623 3682 3814 3752 γερόν-

2239 3777 2347 3813 των
2383 3759 2555 3814 ἐλθὼν
2596 3761 2678 3825 είς
2713 3762 3002 3833 ἐπίσκεψιν
3041 3767 3230 3834 αὐτοῦ,
3265 3767 3389 3824 ίδιὲιν
3428 3771 3593 3825 αὐτὸν
3635 3774 3721 3836 είς
3759 3773 3815 3825 τὸ

2239 3850 2551 3921 χαλάδριον,
2579 3853 2999 3925 ἐσκανδαλίσθη,
3019 3856 3197 3926 λέγων
3219 3875 3236 3892 ⁸
3277 3854 3447 3925 Οὗτός
3479 3863 3633 3916 ἐστιν
3663 3865 3694 3917 6
3717 3865 3815 3918 ἀϐ-

2240 3940 2342 4005 ϐᾶς
2383 3942 2679 4010 ’Δρσένιος,
2728 3944 2826 3998 καὶ
2864 3947 2944 4010 είς
2976 3945 3154 4004 ταῦτα
3187 3950 3502 4018 haustus;
3536 3954 3739 4008 Λαϐὼν
3761 3956 3815 4008 δὲ

2239 4033 2404 4086 αὐτὸν
2451 4035 2481 4087 6
2531 4033 2924 4107 πρεσϐύτερος,
2971 4038 3122 4107 λέγει
3153 4041 3304 4113 αὐτῷ
3324 4058 3340 4077 ο
3375 4045 3442 4097 Τί
3465 4041 3534 4115 ἦν
3561 4045 3630 4098 τὸ
3659 4046 3814 4118 ἔργον

2243 4137 2337 4174 σου
2375 4123 2435 4176 ὲν
2476 4125 2544 4194 τῇ
2577 4121 2743 4199 κώμῃ
2777 4140 2912 4193 ceu;
2940 4126 3104 4197 Λέγει
3132 4130 3162 4184 6
3199 4130 3408 4204 γέρωνο
3439 4135 3656 4208 Ποιμὴν
3685 4153 3813 4206 προ-

1847 4276 2085 4336 ἽΑΒΙΕ
2134 4277 2542 4337 ιεοτιοπε.

637 4427 674 4450 ιιι
699 4417 946 4502 ςζοιειεει·ἒ
966 4417 1076 4502 τοῦ.
1095 4416 1495 4498 διορθώσασθαι
1520 4419 1750 4484 ἑαυτοὺς
1781 4418 1876 4474 καὶ
1902 4419 2138 4493 πορευθῇ

2242 4463 2258 4487 ,
2281 4430 2388 4478 etc.
2462 4429 2492 4458 ιι
2530 4419 2764 4478 Coteler.
2790 4421 2960 4490 ἀλλας
3025 4425 3262 4498 ἀνομίας
3305 4429 3600 4502 προστιθεί
3630 4431 3810 4488 ἐπάνω

564 4489 674 4544 τῶν
703 4487 990 4560 ἁμαρτιῶν
1017 4487 1208 4544 αὐτοῦ’.

2063 4622 2291 4682 ΝΟΤΔΕ.

563 4739 739 4810 donec
766 4733 980 4810 veniret
1007 4733 1074 4788 ad
1099 4733 1347 4810 ordinem
1373 4749 1556 4810 suum.
1581 4733 1651 4791 Et
1675 4750 1797 4792 cum
1827 4739 2132 4810 accepisset

565 4808 816 4876 fiduciam
871 4804 1136 4876 adversus
1192 4806 1550 4876 cogitationes
1605 4810 1822 4871 malas,
1877 4804 2132 4865 vincebat

563 4895 679 4933 eas.
714 4896 732 4928 ι
775 4875 1107 4941 Cotelerius,
1156 4875 1280 4946 pag.
1313 4876 1444 4944 555,
1475 4877 1570 4932 illa
1621 4893 1728 4933 non
1757 4878 1888 4950 legit
1933 4880 1988 4934 in
2028 4895 2131 4936 suo

565 4958 753 5085 ιοῖὸιὲι)
791 5015 1150 5071 Prmmmilur
1201 5015 1256 5070 in
1293 5016 1402 5070 Vit.
1443 5015 1557 5072 PP.
1602 5017 1698 5073 lib.
1733 5035 1788 5082 ν,
1839 5018 2011 5074 libell.
2041 5019 2130 5085 18,

565 5085 877 5159 ιιιιῐιιηὲετ
916 5087 1058 5159 Dixit
1088 5086 1257 5159 abbas
1299 5087 1507 5159 Daniel,
1555 5088 1647 5158 qui
1679 5098 1797 5142 erat
1827 5088 2132 5159 discipulus
2219 5133 2226 5141 .

565 5156 778 5213 abbatis
820 5155 1072 5223 Arsenii;
1101 5157 1228 5225 quia
1277 5158 1520 5213 narravit
1565 5155 1612 5212 ei
1643 5159 1814 5214 abbas
1841 5155 2130 5224 Arsenius,

563 5239 838 5300 tauquani
871 5227 937 5300 de
977 5227 1084 5282 alio
1133 5229 1320 5296 aliqua
1351 5227 1540 5284 dicens
1578 5236 1732 5297 (puto
1755 5240 1960 5300 tamen,
1989 5233 2133 5300 quod

563 5301 632 5354 de
673 5295 735 5350 eo
787 5295 1114 5364 dicebatur).
1153 5316 1172 5348 ›
1222 5295 1354 5364 Quae
1401 5295 1702 5354 itidem'ex
1752 5314 1848 5354 ore
1894 5295 2134 5356 Danielis

561 5367 872 5440 referuntur
896 5367 1043 5440 apud
1066 5367 1298 5440 Coteler.
1332 5384 1456 5440 pag.
1480 5369 1605 5424 564.
1639 5368 1704 5440 ln
1719 5370 1908 5425 codice
1943 5381 2134 5440 nostro

561 5437 980 5510 membranaceo
1008 5437 1051 5510 ί)
1095 5453 1196 5510 ms.
1220 5439 1299 5510 75.
1328 5437 1458 5494 filim
1492 5439 1709 5510 collegii
1750 5440 1922 5494 nostri
1955 5439 2136 5510 lngul-

561 5507 876 5572 stadierisis,
928 5506 1022 5577 qui
1055 5508 1120 5562 ad
1150 5509 1352 5577 calcem
1397 5506 1687 5563 inchoatus
1719 5518 1942 5564 notatur
1985 5506 2132 5566 anno

561 5577 690 5641 829,
748 5576 1025 5632 habetur:
1089 5596 1108 5629 ι
1145 5576 1340 5634 Beatus
1402 5579 1667 5634 Arsenius
1710 5579 2004 5646 referebat,
2063 5597 2132 5638 eo

607 5648 733 5720 uod,
774 5649 989 5720 durrg_in
1022 5651 1236 5718 propria
1283 5649 1416 5704 cella
1466 5649 1716 5720 residuos
1745 5649 1910 5720 viros,
1951 5668 1970 5700 ι
1999 5661 2131 5720 etc.,

566 5716 640 5770 ibi
671 5726 789 5771 est:
831 5734 849 5768 ‹
889 5716 1036 5773 Vidit
1075 5716 1202 5776 ante
1251 5729 1463 5789 portam
1507 5717 1744 5776 civitatis
1788 5719 1928 5776 duos
1975 5716 2134 5792 juveé

561 5799 681 5856 nes,
714 5803 734 5837 ι
765 5795 872 5842 etc.

2305 4740 2422 4828 l9,”
2453 4740 2756 4828 Xﬁlé‘mev
2794 4754 2852 4828 ει
2892 4746 3206 4828 meum.
3257 4760 3450 4828 mam)
3496 4756 3683 4828 pellis.
3731 4762 3809 4814 τοι

2305 4766 2422 4810 quo)
2453 4766 2756 4826 Λαιιξωριιζν
2794 4766 2852 4800 et
2892 4766 3206 4871 xapao‘pmv,
3257 4766 3450 4816 rnatu.
3496 4766 3683 4828 pellis,
3731 4766 3800 4814 vel

2235 4810 2414 4885 lactus
2455 4812 2693 4885 pellibus
2715 4824 3000 4885 instratus.
3089 4819 3177 4873 ide
3209 4831 3372 4878 notas
3405 4824 3661 4882 Cotelerii
3700 4832 3800 4885 col.

2235 4881 3319 4980 399.3}.Pl°ﬁsitfff°°;§1':§f§-“me
3342 4896 3488 4980 apud
3506 4881 3810 4979 ,ιιιτιιιηὲιῖίὸ

2233 4964 2275 5040 ξε
2294 4950 2504 5040 annne
2539 4951 2827 5040 geometra
2857 4950 3186 5040 exprimitur
3202 4976 3297 5032 per
3325 4950 3475 5018 κώεα
3504 4967 3560 5021 in
3583 4950 3811 5040 εὲείέιὶῖιξ

2237 5021 2302 5086 ti,
2335 5037 2500 5091 quem
2537 5021 2732 5089 citant,
2759 5021 3064 5095 versiculo;

2305 5135 2585 5208 Μέμφετοί
2601 5135 2915 5208 Ἀρσένιόν
2960 5157 3050 5208 τις
3093 5141 3237 5197 ἰδὼν
3263 5144 3364 5198 ἐπὶ
3395 5146 3618 5204 κώεσιν
3646 5152 3806 5206 ὄντα.

2315 5204 2658 5275 Vituperabat
2679 5207 2959 5265 Arsaniam
2999 5204 3217 5283 aliquis,
3240 5215 3419 5272 ridens
3445 5235 3566 5272 eum
3586 5204 3698 5275 esse
3724 5204 3810 5276 rr-

3409 5285 3526 5360 [per
3551 5292 3802 5359 pellibus.

2325 5386 2475 5474 κῷος
2510 5397 2595 5444 est
2635 5391 2818 5474 pellis_
2848 5393 3159 5474 agqin_a_vel
3189 5397 3351 5474 ovina
3382 5417 3412 5474 :_
3447 5409 3508 5474 et
3532 5402 3729 5474 quippe
3758 5401 3808 5458 ni

2235 5457 2474 5541 aliprum
2503 5457 2913 5541 quadrupedum
2934 5465 3137 5541 ?_l_(t'b_o;
3169 5470 3332 5523 etiam
3361 5457 3644 5541 rsignili'cat'
3663 5457 3809 5526 'stra-

2238 5527 2449 5614 gulam.
2505 5527 2560 5582 Ill
2601 5527 2918 5612 apographo
2967 5527 3225 5614 Medica-0
3262 5527 3698 5614 regisvﬂ'rancia
3727 5552 3808 5596 cst

2239 5597 2455 5685 εύτελες
2491 5615 2543 5685 τι
2570 5597 2837 5685 στρώμαέ
2864 5606 3256 5685 apud_Surium
3283 5597 3435 5682 num.
3461 5611 3523 5666 2i
3547 5597 3649 5685 vile
3672 5621 3808 5685 stra-

2243 5666 2447 5739 gulum.
2495 5666 2666 5724 Porro
2699 5666 2981 5730 historiam
3015 5677 3156 5736 banc
3203 5672 3600 5739 commemorat
3624 5682 3809 5739 lauda-

2245 5745 2334 5794 tus
2357 5734 2620 5808 Coteler.,
2654 5753 2780 5813 pag.
2810 5742 2936 5800 567.
