4064 6372
227 284 332 347 8Ί3

846 281 1128 342 ORATIO
1166 281 1305 343 XII.
1346 305 1415 316 -·
1449 281 1831 343 LAUDATIO
1863 282 1923 343 S.
1982 281 2296 343 ARSENII
2337 280 2882 344 ANACHOBETE.

3382 284 3486 346 871

222 391 403 446 ϐάτων
445 392 612 462 ἢμην.
663 391 774 444 Καὶ
824 391 975 460 λέγει
1011 393 1041 446 6
1071 390 1476 463 πρεσϐύτερος’
1518 391 1642 455 Πῶς
1673 386 1789 453 οὖν,

1903 392 2220 449 traduxisti!
2256 390 2355 448 llic
2379 406 2528 459 vero,
2548 391 2605 447 in
2633 392 2818 447 labore
2846 391 3042 465 multo,
3075 392 3173 459 ait,
3192 401 3250 450 et
3283 409 3487 449 terum-

221 481 379 552 φησὶ,
410 482 596 552 διῆγες
625 482 716 535 τὸν
743 482 859 552 βίον
893 498 1023 549 σονς
1067 480 1126 536 ὐ
1171 481 1231 536 δέ
1277 498 1442 551 φησιν
1462 498 1476 511 ·
1522 481 1611 535 Ἐν
1644 482 1798 552 κόπῳ

218 570 425 641 πολλῷ,
452 571 548 625 καὶ
571 570 776 641 μόχθῳ.
803 570 913 624 Καὶ
930 569 1077 638 λέγει
1103 567 1279 640 αὐτῷ·
1307 568 1418 622 Καὶ
1444 568 1562 633 πῶς
1586 568 1798 636 διάγεις

216 662 426 734 ἀρτίως
471 664 531 715 ὲν
572 662 652 732 τῷ
679 661 877 731 κελλίῳ
909 676 1003 714 σου
1028 676 1045 727 ;
1088 661 1147 714 '0
1172 660 1230 714 δὲ
1261 660 1365 732 ἔφη
1386 678 1400 690 ·
1429 659 1625 724 Καλῶς
1661 661 1795 715 ἀναο

217 753 489 825 παύομαι.
543 755 652 807 Καὶ
689 753 838 821 λέγει
880 751 1032 823 αὐτῷ
1071 753 1101 807 6
1131 750 1533 824 πρεσϐύτερος·
1570 751 1799 817 Βλέπεις

216 845 408 900 τοῦτον
432 845 525 899 τὸν
552 844 726 899 ἀϐϐᾶν
763 843 1072 915 ’Δρσένιον;
1103 843 1288 915 πατὴρ
1323 843 1588 914 βασιλέων
1615 842 1799 915 ὑπῆρ-

218 954 317 1007 χεν
362 939 421 990 ὲν
467 934 546 1005 τῷ
587 933 812 1005 κόσμῳ,
861 935 956 990 καὶ
1004 933 1165 1006 χίλιοι
1210 934 1388 989 δοῦλοι
1440 933 1798 1007 σηρικοφόροι

219 1024 498 1095 παρέσταν
527 1023 623 1093 (nt)
645 1022 795 1094 αὐτῷ
816 1038 830 1053 °
864 1022 1141 1095 πολύτιμα
1174 1023 1232 1077 δὲ
1262 1025 1562 1095 στρώματα
1586 1024 1798 1079 ὑποκά-

216 1134 299 1171 τω
326 1115 493 1170 αὑτοῦ
521 1111 590 1187 ἦν
614 1132 630 1147 ο
680 1114 745 1169 σὺ
778 1115 837 1170 δὲ
882 1115 1088 1189 ποιμὴν
1118 1114 1213 1183 ὢν,
1246 1117 1346 1188 οὐχ
1376 1111 1544 1185 εἶχες,
1587 1116 1655 1187 ἢν
1701 1114 1799 1171 νῦν

218 1207 387 1278 ἔχεις,
417 1207 754 1263 ἀνάπαυσιν·
778 1208 874 1262 καὶ
901 1202 1056 1273 οὗτος
1084 1208 1183 1278 τὴν
1208 1207 1440 1279 τρυφὴν,
1469 1208 1537 1280 ἣν
1567 1203 1714 1279 εῖχεν
1739 1208 1799 1262 ὲν

216 1300 301 1372 τῷ
347 1299 562 1371 κόσμῳ,
601 1294 706 1354 ὦδε
758 1300 859 1354 οὐκ
904 1299 1039 1370 ἔχει.
1084 1299 1216 1355 Ἰδοὺ
1263 1294 1378 1365 οῦν,
1420 1300 1486 1355 σὺ
1527 1300 1627 1375 μὲν
1669 1300 1800 1354 ἀνα-

222 1393 398 1463 παύῃ,
455 1391 710 1455 κάκεῖνος
769 1390 1033 1446 θλίϐεται.
1084 1392 1145 1446 '0
1192 1391 1251 1446 δὲ
1301 1390 1542 1455 ἀκούσας
1599 1390 1798 1456 ταῦτα,

224 1481 530 1553 κατηνύγη.
568 1482 665 1537 καὶ
711 1481 872 1536 ἔϐαλε
924 1482 1233 1553 μετάνοιαν,
1261 1481 1467 1551 λέγων’
1501 1480 1801 1553 Συγχώρη..

226 1573 324 1627 σόν
352 1590 465 1644 μοι,
494 1572 662 1638 ἀϐϐᾶ,
707 1574 1029 1645 ἡμάρτηκα,
1061 1574 1144 1628 ὅτι
1190 1563 1349 1637 οὗτος
1396 1567 1562 1645 ἦλθεν
1603 1573 1684 1636 είς
1709 1571 1801 1626 κό-

224 1679 355 1728 πον,
394 1663 551 1735 κάγὼ
594 1665 678 1731 είς
716 1664 1058 1720 ἀνάπαυσιν·
1091 1665 1187 1719 καὶ⁹
1216 1663 1519 1736 ὠφεληθεὶς
1560 1663 1590 1717 6
1622 1662 1803 1733 γέρων

222 1756 565 1828 ἀνεχώρησε.

296 1852 408 1902 καν.
435 1846 624 1918 Τούτῳ
649 1845 729 1917 τῷ
758 1846 1017 1920 μακαρίῳ
1044 1846 1356 1917 ἐπέστησαν
1386 1845 1435 1900 οί
1458 1844 1711 1915 δαίμονες
1740 1844 1800 1898 ἐν

216 1936 303 2006 τῷ
358 1937 574 2007 κελλίῳ,
630 1935 907 2001 θλιϐόντες
942 1936 1124 1993 αὐτόν.
1175 1935 1596 2007 Παραλαϐόντες
1642 1933 1701 1988 δὲ
1749 1934 1801 1988 οἱ

219 2023 603 2085 διακονοῦντες
653 2024 822 2094 αὐτῷ,
872 2026 968 2079 καὶ
1010 2026 1232 2090 στάντες
1281 2023 1387 2091 ἔξω
1430 2026 1531 2095 τῆς
1581 2022 1801 2091 κὲλλας,

215 2114 471 2184 ἥκουσαν
501 2113 666 2168 αὑτοῦ
695 2114 925 2186 βοῶντος
949 2116 1087 2187 πρὸς
1110 2115 1202 2172 τὸν
1231 2116 1366 2171 Θεὸν
1386 2117 1481 2171 καὶ
1515 2115 1800 2185 λέγοντος·

230 2206 296 2261 '0
333 2206 469 2271 Θεός
510 2224 635 2278 μου,
677 2206 753 2279 μὴ
796 2208 1174 2281 ἑγκαταλίπης
1213 2225 1281 2280 με
1307 2223 1322 2239 ’
1379 2208 1531 2263 οὐδὲν
1572 2208 1805 2278 ἐποίησα

213 2296 460 2354 ἐνώπιόν
493 2316 587 2354 σου
618 2298 821 2369 ἀγαθόν
848 2316 863 2332 ο
893 2299 1029 2355 ἀλλὰ
1057 2299 1146 2363 δός
1174 2317 1265 2370 μοι
1288 2299 1431 2354 κατά
1451 2299 1550 2369 τὴν
1571 2298 1803 2372 χρηστό-

213 2392 372 2462 τητα
414 2408 509 2446 σου
541 2391 726 2462 βαλεῖν
753 2391 953 2466 ἀρχήν.
989 2390 1305 2460 Πυθομένου
1342 2390 1399 2445 δὲ
1423 2390 1586 2444 αὐτὸν
1612 2390 1802 2462 ἑτέρου

212 2480 461 2554 ἀδελφοῦ
490 2483 725 2538 ἀκοῦσαι
762 2483 922 2553 λόγον
948 2480 1239 2554 ὠφελείας,
1288 2475 1443 2536 εἶπεν
1474 2481 1624 2554 αὐτῷ
1650 2482 1679 2535 6
1704 2480 1803 2550 γέ-

217 2589 374 2645 ρωνο
405 2576 547 2646 Ὀση
601 2574 849 2645 δύναμις,
884 2573 1172 2643 ἀγώνισαι,
1214 2574 1303 2631 ἵνα
1335 2576 1369 2647 ἡ
1400 2574 1547 2630 ἔνδον
1592 2592 1691 2629 σου
1714 2574 1805 2647 ὲρ-

210 2664 395 2734 γασία
423 2664 567 2721 κατά
593 2665 728 2720 Θεὸν
748 2662 805 2741 ᾖ,
832 2667 927 2721 καὶ
948 2667 1194 2739 νικήσεις
1211 2666 1280 2721 τὰ
1305 2666 1413 2733 ἔξω
1439 2666 1775 2739 πάθη.Διηνε
1794 2697 1806 2708 -

210 2756 340 2821 κῶς
365 2752 461 2812 οῦν
486 2759 546 2812 ὲν
585 2758 800 2824 πολλοῖς
828 2759 1005 2813 ἔτεσιν
1031 2761 1060 2815 6
1091 2759 1379 2831 Μακάριος
1419 2760 1547 2822 τοὺς
1575 2760 1805 2831 ἀσκητι-

211 2850 356 2915 κοὺς
380 2850 544 2905 αὐτοῦ
575 2851 813 2921 ἀγῶνας,
838 2852 931 2907 καὶ
959 2852 1245 2917 ἀνάπλεως
1274 2853 1350 2907 ὢν
1384 2851 1584 2917 παντὸς
1609 2869 1806 2925 κατορ-

212 2939 500 3014 θώματος,
524 2944 647 2996 ἐπεὶ
671 2943 964 3015 ἐνέστηκεν
987 2944 1018 2997 6
1044 2944 1143 3014 τῆς
1172 2943 1560 3014 μεταστάσεως
1590 2941 1802 3015 καιρὸς,

209 3031 531 3102 παρῃνήνει
557 3030 635 3102 (n)
664 3034 777 3094 τοῖς
805 3035 1070 3103 μαθηταῖς
1091 3031 1256 3087 αὐτοῦ
1286 3033 1462 3102 λέγων
1481 3049 1496 3064 ο
1528 3033 1620 3105 Μὴ
1644 3050 1806 3104 φρον-

1901 500 1991 539 na.
2041 484 2183 541 Tum
2213 484 2353 541 alter
2389 499 2626 541 rursus:
2666 483 2737 538 Et
2781 484 2874 554 qui
2927 499 3077 541 nunc
3116 485 3270 554 degis
3305 486 3358 540 in
3391 495 3483 540 tua

1901 576 2070 633 cella?
2129 576 2472 647 Respondit:
2530 577 2831 633 Commode
2874 576 3124 646 quiesco.
3169 575 3238 630 Et
3284 576 3482 630 iterum

1900 670 2183 741 presbyter
2208 686 2231 724 r:
2290 668 2451 725 Vides
2479 669 2733 724 abbatem
2778 667 2928 722 hunc
2954 666 3292 722 Arsenium?
3321 667 3483 721 Pater

1901 761 2292 831 imperatorum
2324 768 2443 816 erat
2469 760 2524 813 in
2554 758 2775 826 saeculo,
2806 766 2863 813 et
2894 757 3043 813 mille
3066 755 3259 812 famuli
3290 757 3484 813 sericis

1901 852 2074 907 induti
2129 851 2383 907 astabant
2442 850 2523 915 ei,
2576 851 2814 922 pretiosa
2867 849 3035 905 etiam
3085 857 3265 905 strata
3322 857 3485 909 erant

1900 942 2089 997 subter
2112 940 2272 1011 ipso:
2305 949 2362 995 tu
2392 953 2525 996 vero
2547 954 2655 996 non
2691 939 2927 996 habuisti
2960 951 3152 1010 pastor
3185 938 3480 1003 exsistens,

1901 1046 2065 1102 quam
2102 1046 2254 1087 nunc
2285 1031 2474 1097 habes,
2510 1032 2792 1101 requiem:
2821 1031 2916 1087 sed
2939 1030 3031 1086 ille
3059 1029 3308 1094 delicias,
3341 1041 3485 1099 quas

1904 1119 2095 1176 habuit
2143 1119 2199 1173 in
2223 1119 2449 1181 saeculo,
2502 1118 2594 1174 hic
2645 1133 2755 1174 non
2790 1118 2974 1175 habet.
3005 1116 3138 1174 Vide
3178 1116 3387 1188 igitur;
3421 1125 3482 1173 tu

1901 1210 2070 1281 quieti
2110 1208 2396 1277 indulges;
2443 1209 2535 1265 ille
2577 1224 2708 1265 vero
2739 1209 3049 1265 ainictatur.
3084 1207 3297 1276 Quibus
3325 1208 3483 1264 audi-

1903 1302 1995 1369 tis,
2052 1310 2441 1373 compunctus-
2462 1310 2569 1368 est,
2600 1316 2666 1358 ac
2694 1315 2924 1372 corpore
2975 1300 3236 1356 inclinato
3264 1300 3477 1355 veniam

1902 1393 2056 1465 petiit
2104 1393 2333 1451 dicens:
2362 1392 2589 1466 Ignosce
2636 1393 2807 1460 mihi,
2868 1393 3031 1459 abba,
3074 1391 3320 1463 peccavi.
3386 1391 3484 1446 llic

1902 1487 2050 1545 venit
2082 1486 2151 1544 ad
2180 1485 2445 1553 laborem,
2469 1495 2524 1542 et
2547 1498 2649 1557 ego
2679 1484 2747 1541 ad
2767 1484 3039 1556 requiem.
3063 1483 3129 1540 Et
3152 1500 3283 1559 cum
3298 1483 3480 1539 fructu

1902 1591 2071 1632 senex
2100 1576 2375 1636 discessu.

1969 1841 2062 1899 21.
2106 1840 2335 1898 Beatum
2385 1840 2499 1913 (95)
2543 1842 2712 1899 istum
2758 1840 3054 1914 aliquando
3095 1840 3151 1897 in
3195 1840 3331 1896 cella
3383 1854 3482 1909 ag-

1901 1932 2076 2003 gressi
2108 1942 2239 1991 sunt
2269 1933 2567 1998 daemones,
2607 1934 2906 2001 aﬂligeutes
2945 1947 3093 1993 eum.
3146 1930 3483 1987 Accedentes

1902 2034 2086 2082 autem
2106 2025 2201 2097 qui
2222 2025 2606 2085 ministrabant
2633 2026 2757 2098 ipsi,
2772 2033 2828 2083 et
2854 2034 3059 2083 stantes
3086 2033 3240 2083 extra
3262 2021 3482 2086 cellam,

1902 2117 2197 2172 audierunt
2233 2115 2413 2187 ipsum
2462 2116 2790 2177 clamantem
2835 2117 2906 2172 ad
2950 2113 3146 2178 Deum,
3201 2127 3267 2169 ar.
3296 2113 3486 2171 dicen-

1902 2215 2054 2264 tem:
2083 2204 2128 2262 0
2186 2206 2267 2262 mi
2306 2206 2471 2271 Deus,
2534 2220 2606 2262 ne
2635 2205 2986 2276 derelinquas
3025 2219 3149 2270 me;
3186 2202 3325 2259 nihil
3353 2200 3484 2258 boni

1902 2299 1960 2354 in
2010 2307 2305 2371 conspectu
2340 2307 2437 2355 tuo
2466 2297 2552 2367 egi
2584 2316 2599 2354 :
2641 2297 2736 2355 sed
2764 2298 2833 2353 da
2871 2296 3003 2352 mihi
3049 2303 3273 2367 propter
3328 2291 3482 2348 beni-

1903 2380 2164 2459 gnitatem
2224 2398 2410 2453 tuam,
2460 2395 2523 2443 ut
2571 2387 2776 2458 iaciam
2840 2386 3277 2443 fundamentum.
3343 2383 3481 2437 Dum

1902 2487 2087 2537 autem
2114 2476 2224 2549 (96)
2251 2476 2394 2532 alius
2422 2474 2592 2543 frater
2621 2475 2985 2546 interrogaret
3016 2473 3220 2544 ipsum,
3255 2478 3316 2524 ut
3350 2466 3481 2552 boni

1904 2568 2108 2643 aliquid
2161 2583 2230 2625 ex
2284 2568 2404 2640 ipso
2448 2568 2685 2637 audiret,
2731 2566 2872 2623 dixit
2892 2580 3058 2622 senex
3101 2582 3115 2619 :
3175 2560 3481 2623 Corrtende,

1903 2670 2169 2735 quantum
2200 2668 2372 2731 potes,
2422 2668 2484 2716 ut
2526 2659 2741 2716 interna
2770 2658 3017 2730 operatio
3057 2666 3148 2711 tua
3189 2654 3481 2710 sitsccun-

1903 2756 2034 2811 dum
2092 2752 2288 2818 Deum,
2351 2761 2406 2807 et
2457 2761 2710 2808 externas
2753 2750 3113 2820 appetitiones
3170 2742 3479 2816 superabis.

1903 2845 2202 2917 Postquam
2225 2844 2410 2915 itaque
2438 2842 2631 2899 beatus
2657 2841 2879 2898 assidue
2908 2839 3144 2896 ascetica
3175 2852 3273 2893 sua
3298 2846 3477 2891 certa—

1904 2939 2053 2994 mina
2075 2952 2177 3010 per
2204 2936 2407 2993 multos
2432 2950 2609 2991 annos
2640 2934 2976 2991 exantlasset
3017 2932 3154 3003 (97),
3190 2928 3338 2984 omni
3365 2927 3478 2980 vir-

1906 3038 2021 3086 tute
2070 3029 2185 3101 jam
2223 3028 2441 3100 plenus,
2488 3026 2829 3097 instaretque
2868 3034 3084 3094 tempus
3136 3020 3481 3091 migrationis

209 3121 412 3192 τίσητε
442 3124 618 3176 ποιεῖν
648 3122 871 3192 ἀγάπαις
906 3131 934 3161 ο
964 3124 1107 3196 ὑπὲρ
1140 3123 1273 3195 ὲμοῦ
1294 3140 1310 3158 ο
1361 3122 1475 3194 ἐγὼ
1522 3124 1634 3196 γὰρ
1674 3124 1801 3180 εἴτι

1907 3125 2048 3197 ejus,
2082 3124 2407 3181 hortabatur
2439 3122 2737 3191 discipulos
2773 3136 2927 3187 suos,
2958 3120 3146 3176 dicens
3171 3136 3186 3173 :
3217 3116 3296 3175 Ne
3324 3116 3479 3173 solli-

208 3212 460 3284 ὶποίησα
490 3214 716 3286 ἐμαυτῷ
743 3225 793 3281 Ρ,
824 3213 1026 3287 ταύτην
1053 3215 1163 3287 ἔχω
1204 3216 1406 3287 εὑρεῖν.
1456 3215 1803 3287 Ἐταράχθη-

209 3323 323 3360 σαν
350 3301 447 3360 οῦν
473 3307 521 3361 οἱ
549 3307 811 3379 μαθηταὶ,
842 3306 1177 3371 ἀκούσαντες
1202 3306 1393 3364 ταῦτα’
1418 3306 1513 3362 καὶ
1535 3308 1684 3377 λέγει
1709 3309 1804 3362 αῦ-

205 3399 365 3461 τοῖς⁶
391 3396 559 3455 Οῦπω
585 3394 716 3470 ἦλθε
741 3400 775 3470 ἡ
806 3398 925 3469 ὥρα
945 3416 960 3431 ο
995 3399 1085 3454 ὅτε
1113 3399 1170 3452 δὲ
1196 3400 1434 3470 ἔρχεται,
1465 3399 1611 3469 λέγω
1635 3402 1766 3471 ὑμῖν
1786 3416 1800 3431 ο

207 3488 480 3561 κριθῆναι
511 3490 569 3545 δὲ
598 3490 709 3563 ἔχω
741 3491 861 3563 μεθ’
883 3490 1038 3561 ὑμῶν
1066 3491 1164 3545 ἐπὶ
1189 3491 1283 3547 τοῦ
1314 3492 1556 3564 βήματος
1596 3500 1671 3563 (o)
1708 3493 1803 3547 τοῦ

207 3580 488 3653 Χριστοῦ,
526 3583 621 3637 ἐὰν
661 3582 872 3655 δώσητε
899 3584 963 3638 τδ
988 3584 1240 3655 λείψανον
1272 3584 1375 3655 μού
1420 3602 1548 3641 τινι.
1587 3586 1652 3639 Τί
1684 3581 1799 3651 οὖν,

208 3674 384 3743 φησὶ,
421 3677 748 3745 ποιήσομενς
796 3675 878 3729 ὅτι
908 3675 1010 3730 οὐκ
1038 3675 1257 3746 οῖδαμεν
1298 3676 1640 3746 ἐνταφιάσαι.
1693 3678 1802 3731 Καὶ

205 3765 377 3833 λέγει
401 3765 586 3829 αὐτοῖς
614 3766 644 3818 6
663 3765 879 3837 Γέρων⁶
912 3766 1027 3821 Οὐκ
1053 3764 1233 3821 οἴδατε
1271 3765 1454 3838 βαλεῖν
1484 3768 1715 3841 σχοινίον
1746 3779 1796 3836 ς,

209 3856 322 3909 καὶ
350 3848 485 3927 ἇραί
515 3872 581 3927 με
605 3856 684 3921 είς
708 3857 770 3911 τὸ
794 3856 951 3930 δροςς
980 3851 1149 3924 Οὗτος
1167 3857 1225 3914 δὲ
1244 3854 1312 3933 ἦν
1334 3860 1364 3914 6
1390 3861 1549 3931 λόγος
1578 3860 1675 3916 τοῦ
1706 3856 1805 3914 Γέ-

212 3965 450 4027 power
525 3950 793 4021 ’Δρσένιε,
840 3950 921 4006 διὸ
977 3952 1232 4024 remoue;
1301 3953 1459 4009 τοῦτο
1516 3957 1800 4026 σημαῖνον.

222 4030 530 4111 Ἕπείπερ,
557 4042 694 4113 φησι
724 4041 844 4114 Θεῷ
869 4045 1104 4099 συνεῖναι
1135 4044 1332 4099 σαυτὸν
1354 4045 1614 4116 προὲθου,
1639 4045 1804 4100 ἀκλύ-

1903 3220 1998 3275 citi
2023 3218 2159 3291 (98),
2195 3226 2255 3274 ut
2278 3232 2482 3289 agapas
2504 3216 2616 3288 (99)
2647 3216 2861 3273 faciatis
2897 3230 2996 3286 pro
3040 3229 3169 3270 me:
3198 3225 3327 3269 nam
3356 3224 3480 3279 ego.

1903 3310 2174 3381 siquidem
2196 3309 2329 3365 mihi
2358 3307 2488 3376 feci,
2515 3307 2661 3363 illam
2680 3307 2977 3364 inveniam.
3001 3304 3230 3362 Turbati
3250 3319 3380 3374 ergo
3399 3302 3480 3375 (ι)

1904 3409 2035 3459 sunt
2062 3400 2338 3473 discipuli,
2379 3401 2496 3456 hac
2532 3399 2850 3469 audientes;
2892 3407 2949 3455 et
2979 3397 3120 3455 dixit
3148 3397 3258 3457 illis
3286 3411 3302 3451 :
3327 3392 3481 3450 Non—

1904 3496 2036 3551 dum
2063 3494 2213 3550 venit
2234 3497 2403 3561 hora;
2432 3494 2651 3564 quando
2681 3500 2862 3549 autem
2893 3491 3125 3555 venerit,
3159 3489 3340 3545 dicam
3378 3503 3479 3543 vo-

1908 3589 2016 3645 bis.
2069 3586 2344 3644 Judicium
2385 3586 2533 3642 enim
2581 3584 2865 3641 vobiscum
2907 3584 3097 3644 subire
3138 3582 3314 3639 debeo
3356 3590 3482 3635 ante

1910 3679 2150 3736 tribunal
2221 3677 2445 3745 Christi,
2521 3676 2567 3735 si
2639 3677 2893 3748 cuiquam
2920 3674 3222 3732 .dederitis
3281 3687 3481 3743 corpus

1910 3786 2091 3828 meum
2145 3769 2244 3842 (2).
2276 3770 2544 3839 Quidnam
2593 3786 2744 3843 ergo,
2830 3767 3104 3840 inquiunt,
3170 3761 3479 3827 faciemus?

1909 3864 2040 3935 quia
2082 3864 2360 3920 nescimus
2383 3863 2460 3934 (ὅ)
2490 3863 2622 3918 illud
2647 3861 2897 3933 sepelire.
2921 3860 2985 3916 Et
3005 3860 3136 3915 dicit
3164 3859 3245 3916 eis
3274 3871 3438 3914 senex
3466 3873 3479 3909 :

1907 3955 2027 4011 Non
2073 3956 2248 4012 nostis
2298 3955 2515 4012 mittere
2565 3954 2774 4019 lintrem,
2801 3962 2857 4010 et
2890 3953 3081 4010 tollere
3131 3965 3217 4006 me
3246 3950 3301 4003 in
3336 3962 3484 4002 mon-

1912 4046 2064 4102 tem?
2110 4045 2246 4102 lllud
2298 4055 2477 4102 autem
2523 4045 2836 4117 frequenter
2884 4043 3224 4113 usurpabat:
3265 4037 3482 4101 Arseni,

1520 4186 1756 4244 VABIIE
1818 4186 2223 4243 LECTIONES.

295 4326 333 4358 ⁸
355 4318 429 4375 al.
455 4319 696 4393 ἀγάπην.
768 4332 797 4373 P
820 4322 1037 4379 additur
1071 4325 1210 4396 apud
1234 4324 1410 4380 Cotel.
1445 4326 1688 4397 ἀγάπην.
1761 4338 1791 4379 ιι
1813 4326 2054 4385 Coteler.
2085 4329 2165 4392 ei;
2202 4326 2295 4382 τὸν
2325 4327 2461 4382 πόδα
2494 4344 2620 4397 μου,
2649 4328 2705 4379 in
2725 4325 2910 4395 pedem
2945 4340 3144 4379 inea)».

1741 4478 1952 4536 ΝΟΤᾸΞ
1964 4519 1977 4535 .

292 4611 401 4751 ἔπι)
438 4612 722 4681 Παρέσταν
749 4628 845 4683 per
874 4629 1147 4686 syncopen
1178 4630 1277 4697 pro
1305 4615 1677 4688 παρέστησαν.
1729 4615 1898 4672 Paulo
1925 4627 2062 4741 Epost
2104 4623 2341 4676 occurrit
2378 4623 2689 4693 ὲπέστησαν
2730 4623 2938 4692 absque
2969 4636 3221 4694 syncope.

320 4679 379 4751 τι)
410 4684 739 4751 Παρῃνήνει.
776 4700 874 4751 pro
903 4701 1012 4751 quo
1040 4686 1313 4741 substitue
1343 4686 1575 4751 παρῄνει
1605 4704 1620 4741 :
1654 4702 1683 4741 a
1718 4704 1920 4751 παραιν
1953 4706 2002 4742 ω
2044 4689 2172 4751 nisi,
2212 4707 2366 4747 more
2388 4692 2595 4750 Graecis
2624 4692 2755 4748 alibi
2802 4694 2938 4749 satis
2974 4691 3221 4747 familiari

320 4679 379 4751 τι)
399 4679 888 4764 μαρῂνήνειςρνο.
903 4679 1012 4756 quo
1040 4679 1313 4764 substitue
1343 4679 1575 4764 παρῄνει
1605 4704 1620 4741 :
1654 4702 1683 4741 a
1715 4679 2002 4764 παραινέω
2044 4689 2172 4755 nisi,
2212 4707 2366 4747 more
2388 4679 2595 4750 Graecis
2624 4692 2755 4748 alibi
2802 4679 2938 4749 satis
2974 4679 3255 4759 familiari,
3283 4698 3477 4748 auster

212 4750 367 4825 usus
396 4750 565 4825 fuerit
589 4750 1044 4825 anadiplosifseu
1072 4750 1501 4825 reduplicatio'n'e
1530 4757 1777 4812 secunda:
1798 4750 2042 4825 syllabae.

293 4822 376 4891 (ο)
405 4821 640 4877 Cotelcr.
680 4817 805 4878 Ἐπὶ
833 4817 926 4879 τοῦ
953 4817 1318 4897 βήματος’τοῦ
1352 4826 1585 4897 φοϐεροῦ
1644 4827 1739 4900 (al.
1777 4817 2038 4900 Χριστοῦ)
2070 4849 2085 4887 :
2129 4840 2253 4888 ante
2292 4834 2620 4890 tremendum
2654 4832 2915 4889 tribunal.

208 4931 574 5075 Ρεὲθὸὲὸἔξε.
602 4934 717 4992 PP.
748 4936 844 4993 lib.
867 4954 922 5005 ν,
951 4938 1118 4995 lihell.
1155 4940 1243 5007 15,
1289 4956 1447 4999 num.
1470 4940 1542 4997 5:
1573 4941 1808 5007 Coteler,

294 5072 422 5146 (9e;
471 5072 575 5146 ιρι.
612 5072 727 5146 PP.
762 5076 918 5143 ibid.,
953 5078 1123 5135 libell.
1151 5080 1238 5146 ll,
1269 5096 1423 5136 num.
1460 5082 1512 5136 ι.

295 5143 421 5209 (97)
474 5143 970 5228 Ἐξαντλησάμενος
1023 5143 1234 5228 addidi,
1281 5166 1392 5228 quo
1428 5152 1581 5228 ﬁeret
1627 5152 1808 5228 perfe-

207 5224 353 5268 ctus
385 5229 621 5279 sensus;
672 5216 780 5272 nisi
818 5216 957 5275 forte
1006 5235 1106 5289 pro
1158 5216 1421 5292 διηνέκῶς
1457 5216 1805 5279 scribendum

207 5284 293 5338 sit
337 5283 655 5349 διενεγκών.

292 5352 416 5427 (9_8)
454 5353 531 5427 _In
570 5353 675 5427 Yit.
717 5355 828 5410 PP.
881 5357 975 5412 lib.
1008 5374 1064 5420 ν.
1105 5359 1274 5416 libell.
1324 5361 1410 5427 10,
1448 5379 1600 5418 num.
1648 5364 1700 5427 9.
1750 5376 1806 5420 et

206 5421 379 5549 32nd
441 5424 679 5481 Coteler.
710 5442 836 5497 pag.
884 5428 989 5484 369
1043 5441 1302 5519 narratur
1337 5421 1407 5487 ex
1456 5446 1553 5489 ore
1605 5421 1804 5491 Danie-

294 5563 414 5631 (99)
464 5564 844 5649 ’Aydmc,‘hie
870 5566 1106 5638 intellige
1134 5569 1528 5649 eleemosynas,
1559 5574 1817 5649 rejectio-

208 5648 325 5715 nes
362 5649 688 5716 pauperum.
735 5635 865 5692 Vide
897 5635 1191 5706 utrumque
1230 5635 1561 5723 Glossarium
1594 5646 1811 5717 Cangii.

220 5702 347 5759 VU.
410 5703 534 5759 PP.
593 5706 687 5761 lib.
719 5722 802 5773 ιιι,
859 5724 1010 5764 num.
1047 5708 1169 5773 165,
1231 5726 1349 5783 pag.
1400 5712 1505 5768 524
1569 5716 1806 5771 habent:

560 5799 828 5863 PATROL.
872 5800 991 5862 Gn.
1027 5800 1239 5865 XCIX.

1923 4960 1944 4994 ι
1980 4942 2170 5017 _Nemo
2231 4963 2396 5017 super
2458 4963 2546 5003 me
2612 4947 2793 5017 faciat,
2845 4948 3205 5012 charitatem,
3267 4940 3373 5002 nisi
3428 4947 3482 5003 in

1914 5015 2029 5138 slrlila
2080 5015 2395 5072 oblatione:
2450 5033 2552 5090 ego
2598 5019 2644 5073 si
2695 5015 2797 5075 ieci
2853 5018 3212 5085 cliaritatern,
3260 5018 3483 5074 invenio

1914 5100 1927 5137 ι
1975 5100 2082 5138 am.
2119 5106 2137 5137 ι

1913 5100 2082 5139 mam.
2119 5106 2137 5137 ι

1983 5156 2061 5230 (1)
2089 5154 2147 5211 1η
2186 5155 2433 5230 Vit._PP.
2466 5159 2560 5215 lib.
2595 5174 2680 5223 ιιι,
2718 5174 2872 5230 num.
2915 5157 3033 5230 165,
3064 5174 3187 5230 pag.
3215 5156 3485 5230 523mm-

1912 5225 2193 5312 mittitur:
2232 5247 2249 5279 ι
2296 5228 2557 5312 ’ξω-δεῦε
2599 5239 2778 5312 autem
2808 5225 3480 5312 _d_iscipulis.;qtiasi'jam

1912 5302 2153 5366 tempore
2183 5300 2598 5369 propinquante.
2640 5318 2657 5351 ι
2711 5299 2776 5355 Et
2808 5300 2903 5354 lib.
2941 5316 2990 5362 ν,
3025 5299 3301 5360 Ιίὺθιὶέίῦ,
3327 5299 3479 5355 nunt.

1910 5365 1985 5419 9:
2031 5386 2048 5418 ι
2088 5368 2190 5433 Qui
2230 5385 2351 5423 eum
2418 5379 2741 5434 moreretur,
2802 5370 3004 5425 turbati
3065 5379 3195 5424 sunt
3242 5370 3415 5424 valde.
3457 5384 3475 5422 δ

1920 5436 2181 5514 C_01eler.,
2221 5453 2341 5509 pag.
2371 5440 2496 5507 569,
2527 5440 2809 5512 μέλλοντος
2830 5440 3089 5514 τελευτᾷν
3133 5456 3149 5493 :
3208 5440 3343 5493 Cum
3369 5456 3482 5493 mo-

1923 5509 2124 5562 riturus
2157 5519 2308 5563 esset.

1994 5579 2070 5650 (2)
2124 5578 2225 5632 Vit.
2260 5579 2434 5653 ῌΡης
2473 5580 2530 5653 Si
2578 5580 2936 5653 permiseritis
2960 5580 3215 5650 cuiquam
3246 5577 3316 5634 de
3355 5592 3482 5634 cor-

1920 5649 2053 5718 pore
2081 5665 2203 5703 meo
2230 5649 2433 5716 aliquid
2466 5649 2664 5705 facere.
2700 5668 2720 5702 ι

1992 5718 2068 5789 (3)
2120 5719 2219 5773 Vir.
2249 5719 2357 5774 PP.
2403 5739 2420 5771 ι
2456 5720 2726 5777 Mortuum
2755 5720 2953 5778 vestire
2980 5718 3059 5773 vel
3083 5718 3327 5789 sepelire.
3377 5736 3395 5769 ι

2999 5814 3078 5875 28
