4064 6372
530 254 640 318 875

1753 249 1813 309 S.
1843 248 2051 310 ΤΗΕο
2071 249 2256 311 DORI
2289 249 2635 312 STUDIT‘E

3724 251 3831 312 876

531 376 704 430 quare
736 359 985 433 {sacculo}
1017 373 1271 430 egressura
1300 375 1360 414 es
1375 359 1490 431 (4)?
1518 358 1628 414 llac
1666 372 1727 413 re
1757 357 2076 427 signiﬁcans
2106 375 2120 411 :

2253 377 2393 430 νητον
2421 362 2513 414 τὸν
2547 361 2671 416 νοῦν
2698 361 2971 434 διατήρει,
3005 363 3094 416 ῖνο.
3119 363 3194 434 μὴ
3227 363 3316 418 διά
3347 362 3443 434 τῆς
3472 358 3646 434 λήθης
3671 363 3830 423 κενὸς

536 454 832 520 Quoniam,
865 454 1067 514 aiebat.
1126 462 1177 507 te
1197 453 1378 523 ipsum
1432 450 1702 515 obtulisti,
1755 457 1815 504 ut
1845 464 1972 503 cum
2009 447 2123 505 Deo

2253 449 2364 521 τένῃ
2397 449 2492 504 τοῦ
2529 451 2966 521 συναμιλλᾶσθαι
2995 453 3072 523 (p)
3107 451 3247 524 Θεῷ.
3809 489 3818 496 -

534 547 858 608 versaret-is.
888 545 1104 602 custodi
1174 555 1412 600 mentem
1453 540 1932 612 imper-turbatam,
1971 548 2030 595 ut
2060 554 2158 611 per
2193 540 2526 596 oblivionem
2557 556 2765 600 vacuus
2828 559 2938 600 nou
2978 543 3077 600 [ias
3115 543 3181 599 ad
3219 543 3660 600 conversandum
3704 558 3828 599 cum

537 640 669 695 Deo.

604 731 696 786 ἓξ.
733 729 960 784 Dicebat
991 730 1158 785 etiam
1187 729 1320 784 illud
1353 746 1367 784 :
1408 726 1678 784 Pmnituit
1708 728 1858 784 enim
1885 742 2016 784 vero
2045 741 2134 782 me

537 819 738 891 sacpius
762 820 861 890 (5),
890 819 1132 875 loculum
1189 834 1346 885 esse;
1381 820 1623 876 tacuisse
1654 835 1787 875 vero
1824 835 2135 890 nunquam.

538 907 654 965 Hoc
714 909 914 979 quippe
965 907 1227 962 indicavit
1269 907 1345 978 (6)
1407 905 1666 973 Sanctus,
1733 924 1830 978 per
1891 909 2140 963 multilo«

539 1003 728 1072 quium
754 1002 952 1070 saepius
991 999 1292 1062 hominem,
1325 1000 1420 1070 qui
1461 1015 1570 1055 non
1633 1000 1886 1067 attendit,
1921 1011 1979 1054 ut
2005 1014 2142 1056 con-

539 1108 675 1162 grua
710 1091 989 1162 proferat,
1023 1090 1173 1158 labi;
1214 1090 1267 1146 in
1295 1091 1640 1147 calamitates
1699 1092 1888 1163 utique
1950 1093 2143 1147 morti-

539 1180 687 1239 feras
741 1198 807 1238 ac
867 1183 1249 1238 contentiones
1318 1184 1747 1255 praecipitatum.
1798 1183 1956 1252 Quod
2008 1185 2143 1240 dum

541 1291 730 1332 amens
791 1290 896 1330 non
929 1275 1119 1342 sentit,
1150 1275 1473 1346 pmnitentia
1512 1292 1620 1332 non
1643 1277 1886 1342 ducitur,
1915 1275 2012 1334 sed
2039 1278 2146 1332 im-

543 1368 801 1438 pudentia
839 1367 1024 1438 potius
1071 1383 1104 1423 e
1133 1369 1415 1424 contrario
1468 1369 1536 1424 ad
1590 1370 1922 1440 loquendum
1976 1370 2144 1426 robo-

544 1470 698 1516 ratur
736 1469 960 1534 propter
997 1462 1407 1518 contentionem
1455 1462 1681 1518 malitiae
1716 1481 1730 1517 :
1773 1479 1900 1518 nam
1952 1464 2145 1534 pedica

545 1553 722 1610 valida
761 1553 880 1608 viro
919 1563 1048 1608 sunt
1086 1554 1303 1624 pr0pria
1334 1553 1496 1620 labia,
1525 1563 1580 1609 et
1617 1556 1820 1625 proprii
1869 1557 1979 1612 oris
2024 1572 2148 1612 ver-

546 1645 632 1703 bis
679 1655 954 1715 captatur.
981 1646 1048 1700 At
1077 1646 1400 1714 sapientem,
1446 1654 1502 1700 et
1529 1646 1620 1715 qui
1663 1656 1901 1702 mentem
1941 1663 2148 1718 expur-

549 1745 728 1807 gatam
787 1735 972 1828 habet,
1014 1734 1258 1828 locutum
1295 1745 1493 1828 praeter
1524 1736 1595 1828 Aid
1626 1737 1773 1807 quod
1801 1737 2009 1804 debuit,
2039 1753 2144 1794 εαξ-
2171 1767 2222 1828 Β

550 1828 675 1898 pius
710 1826 985 1897 paenituit.
1040 1823 1280 1888 Utinam,
1329 1825 1636 1896 inquiebat,
1662 1842 1974 1882 sermonem
2003 1828 2148 1884 hunc

554 1935 660 1974 non
690 1919 1043 1989 protulissem
1068 1919 1080 1971 !
1116 1916 1194 1971 Ex
1223 1917 1574 1988 multiloquio
1596 1917 1742 1973 enim
1779 1932 1887 1973 non
1913 1919 2146 1976 evitabis

553 2021 859 2080 peccatum.
885 2011 1013 2066 Ideo
1041 2011 1180 2065 bona
1204 2025 1294 2065 res
1323 2018 1409 2064 est
1437 2020 1806 2081 opportunum
1839 2011 2142 2066 silentium.

553 2101 919 2173 Quandojam
972 2103 1134 2158 morti
1191 2111 1310 2158 erat
1354 2103 1569 2160 vicinus
1590 2103 1668 2174 (7)
1700 2144 1715 2170 ,
1742 2105 1995 2161 viderunt
2018 2119 2145 2160 eum

558 2196 756 2251 fratres
801 2195 1056 2261 flentem;
1093 2203 1147 2249 et
1191 2195 1382 2250 dicunt
1419 2195 1468 2250 ei
1501 2213 1514 2249 :
1556 2194 1736 2261 Vere,
1773 2212 1842 2250 an
1901 2207 1956 2252 et
1989 2207 2042 2252 tu
2080 2197 2149 2252 ti-

558 2301 694 2349 mes,
745 2285 936 2341 l’ater?
993 2284 1346 2354 Respondet:
1407 2285 1560 2353 Vere,
1617 2286 1804 2349 timor.
1842 2288 1935 2358 qui
1997 2301 2149 2344 nunc

559 2391 773 2431 mecum
803 2385 888 2431 est
923 2377 980 2430 in
1014 2377 1114 2432 hac
1148 2377 1302 2441 hora,
1345 2392 1558 2432 mecum
1605 2367 1745 2444 erat,
1787 2394 1853 2433 ex
1886 2394 1996 2449 quo
2031 2395 2147 2434 mo-

558 2469 767 2525 nachus
804 2467 982 2525 factus
1012 2485 1134 2525 sum
1171 2469 1280 2540 (7")
1318 2488 1330 2524 :
1365 2479 1417 2524 et
1445 2471 1524 2525 sic
1545 2470 1882 2526 obdormivit
1907 2472 1958 2526 iu
1991 2486 2146 2542 pace.

557 2560 716 2616 Certe
764 2561 935 2616 abbas
989 2561 1212 2616 Pmmen
1242 2561 1341 2630 (8),
1382 2561 1566 2616 audita
1605 2563 1781 2632 ipsius
1819 2571 2018 2628 morte,
2071 2563 2150 2618 la-

560 2669 815 2724 crymans
878 2653 1088 2708 dixitz-
1141 2652 1342 2708 Beatus
1396 2669 1476 2720 es,
1538 2654 1680 2709 abba
1739 2653 1956 2721 Arseni,
2003 2655 2149 2726 quod

562 2745 794 2814 teipsum
821 2742 1014 2798 flevisti
1062 2744 1117 2798 in
1166 2743 1269 2798 hoc
1305 2745 1552 2800 mundo:
1605 2746 1699 2816 qui
1726 2745 1871 2800 enim
1904 2747 2150 2817 seipsum

539 2836 653 2892 'bic
681 2852 789 2891 non
823 2837 936 2901 flet,
975 2836 1030 2891 in
1074 2844 1340 2892 aeternum
1385 2836 1496 2892 illic
1529 2837 1720 2893 ﬂebit:
1765 2837 2034 2908 siquidem
2061 2840 2151 2896 hic

563 2929 694 2985 flere
749 2928 1140 2997 voluntarium,
1171 2929 1284 2984 illic
1333 2944 1440 2986 non
1487 2929 1616 2985 ﬂere
1666 2930 2005 3002 impossibile
2066 2942 2154 2991 est

565 3036 677 3092 pra;
707 3023 1015 3078 tormentis.

2305 723 2412 795 κβ’.
2440 723 2638 794 Ἔλεγε
2666 724 2723 778 δέ
2774 725 2868 778 καὶ
2898 723 3057 778 τοῦτο
3079 741 3094 756 ο
3134 724 3390 794 Λαλήσας
3418 726 3530 797 γάρ
3570 726 3834 796 πολλάκις

2243 815 2646 885 μετεμελήθην,
2699 815 2988 886 σιωπήσας
3047 814 3104 868 δέ
3147 814 3426 868 οὐδέποτε.
3475 817 3670 890 Τούτῳ
3725 820 3834 891 γὰρ

2240 906 2512 978 ἐδήλωσεν
2539 909 2568 960 ὁ
2593 907 2802 970 Ὅσιος,
2837 906 2920 960 ὅτι
2960 907 3025 960 ἐκ
3053 905 3385 974 πολυλογίας
3413 907 3703 973 πολλάκις.
3739 911 3834 963 καὶ

2245 997 2320 1069 μὴ
2373 997 2771 1067 ἐστοχασμένος
2803 997 3135 1068 προσφέρειν
3181 997 3252 1051 τὰ
3296 997 3644 1068 ἁρμόζοντα.
3682 1001 3838 1055 ἐκπῖ-

2243 1106 2369 1142 πτει
2403 1092 2431 1143 ὁ
2460 1089 2766 1160 ἄνθρωπος,
2815 1089 2912 1144 καὶ
2965 1089 3061 1143 ἐπὶ
3112 1089 3405 1162 συμφορὰς
3445 1090 3582 1155 ἴσως
3609 1093 3708 1146 καὶ
3741 1092 3838 1146 θα-

2244 1181 2607 1252 νατηφόρους,
2667 1180 2761 1234 καὶ
2811 1179 3184 1250 δικαιολογίας
3240 1180 3684 1252 κρημνιζόμενος
3723 1200 3737 1213 ·
3809 1183 3839 1236 δ

2244 1275 2437 1346 ἄφρων
2471 1271 2544 1343 μή
2575 1271 2989 1338 αισθανόμενος,
3023 1272 3085 1326 οὐ
3118 1272 3492 1344 μετεμελήθη,
3517 1272 3657 1326 ἀλλὰ
3696 1275 3840 1345 μᾶλ-

2245 1367 2337 1420 λον
2362 1364 2738 1435 ἀναισχυντῶν
2769 1365 2867 1417 ἐπὶ
2895 1363 2956 1418 τδ
2983 1365 3229 1418 ἐναντίον
3255 1364 3336 1428 είς
3359 1364 3418 1418 ca
3444 1364 3628 1434 λέγειν
3649 1367 3843 1435 ἀνδρί-

2247 1462 2406 1526 ξεται
2445 1459 2532 1514 διά
2575 1457 2693 1530 ἔριν
2730 1459 2930 1524 κακίας
2955 1473 2970 1488 ·
3003 1457 3176 1526 παγὶς
3205 1458 3315 1530 γὰρ
3346 1459 3545 1530 ἰσχυρά
3581 1459 3740 1530 ἀνδρὶ
3771 1460 3844 1512 τά

2248 1553 2358 1606 ίδια
2383 1551 2563 1622 χείλη,
2591 1551 2688 1604 κα).
2712 1550 2992 1604 ἁλίσκεται
3022 1551 3266 1622 ῥήμασιν
3295 1549 3425 1604 ἰδίου
3451 1550 3744 1621 στόματος.
3785 1551 3846 1604 '0

2246 1643 2305 1697 δὲ
2334 1643 2572 1714 εὔφρων,
2616 1643 2712 1696 καὶ
2744 1641 2838 1696 τὸν
2865 1641 2993 1696 νοῦν
3015 1641 3429 1713 κεκαθαρμένον
3469 1641 3710 1712 ἐπέχων,
3741 1642 3843 1696 λα-

2247 1735 2420 1802 λήσας
2442 1734 2595 1806 παρὰ
2623 1734 2686 1788 τὸ
2706 1731 2844 1797 δέον,
2871 1733 3132 1797 πολλάκις
3160 1733 3526 1805 μετεμελήθη.
3555 1729 3680 1788 Εἴθε
3708 1734 3843 1804 γὰρ,

2252 1831 2409 1900 φησὶ,
2441 1828 2517 1900 μὴ
2551 1829 2703 1882 τόνδε
2737 1827 2896 1896 λόγον
2932 1827 3338 1900 προεξήνεγκον
3360 1843 3374 1858 ⁶
3409 1829 3474 1882 ἐκ
3516 1827 3624 1900 γὰρ
3674 1829 3836 1880 πολυ-

2249 1922 2439 1992 λογίας
2469 1923 2570 1976 οὑκ
2595 1921 2837 1993 ἐκφεύξῃ
2863 1920 3160 1992 ἁμαρτίαν.
3188 1921 3286 1974 Διὰ
3316 1919 3478 1974 τοῦτο
3507 1920 3676 1974 καλὸν
3697 1923 3734 1991 ἡ
3760 1921 3847 1974 e5-

2249 2032 2444 2085 καιρος
2480 2015 2681 2085 σιωπή.
2725 2015 2816 2078 Ὧς
2838 2013 2895 2067 δέ
2923 2013 3088 2082 ἐγγὺς
3113 2008 3182 2084 ἦν
3213 2010 3308 2066 τοῦ
3341 2012 3601 2083 τελευτᾷν
3623 2022 3672 2078 ι’,
3705 2009 3845 2066 εἶδον

2250 2109 2415 2163 αὑτὸν
2455 2108 2504 2162 οί
2551 2106 2772 2178 ἀδελφοὶ
2803 2105 3084 2172 κλαίοντα,
3115 2106 3211 2159 καὶ
3238 2105 3490 2174 λέγουσιν
3520 2105 3672 2176 αὐτῷ
3692 2120 3708 2134 ⁶
3753 2105 3845 2158 Ἐν

2249 2199 2481 2272 ἀληθεία
2518 2200 2609 2253 καὶ
2641 2200 2705 2252 σὺ
2743 2198 2906 2269 φοϐῇ,
2936 2197 3119 2268 Πάτερ
3143 2215 3159 2264 ;
3186 2198 3297 2252 Καὶ
3317 2197 3466 2267 λέγει
3493 2198 3712 2262 αὐτοῖς’
3754 2199 3846 2251 Ἐν

2251 2293 2485 2366 ἀληθεία
2513 2295 2541 2347 ὁ
2570 2293 2735 2361 φόϐος
2769 2293 2798 2344 ὁ
2833 2291 2928 2345 νῦν
2961 2289 3036 2344 ὢν
3063 2291 3186 2363 μετ’
3218 2290 3352 2362 ἐμοῦ
3377 2293 3434 2345 ἐν
3461 2294 3528 2363 τῇ
3561 2291 3684 2363 ὥρα
3710 2293 3842 2345 ταῦο

2249 2405 2341 2460 τῃ.
2374 2388 2492 2458 μετ’
2521 2384 2656 2457 ἐμοῦ
2679 2381 2768 2458 ἦν,
2797 2385 2891 2452 ἀφ’
2920 2377 2981 2436 οὗ
3013 2383 3213 2453 γέγονα
3256 2383 3510 2455 μοναχός⁶
3541 2384 3639 2439 καὶ
3668 2383 3846 2447 οὕτως

2252 2479 2527 2551 ἐκοιμήθη
2571 2481 2628 2532 ἐν
2661 2479 2877 2550 εἰρήνῃ.
2917 2477 3137 2548 Ἀμέλει
3169 2480 3196 2531 δ
3225 2477 3401 2536 assa;
3429 2477 3647 2549 Ποιμὴν
3684 2477 3848 2530 ἀκού-

2255 2589 2355 2635 σας
2377 2573 2454 2626 ὅτι
2479 2571 2774 2643 ἐκοιμήθη,
2806 2569 3083 2642 δακρύσας
3108 2565 3294 2624 εἶπεν·
3318 2570 3610 2641 Μακάριος
3638 2564 3712 2633 εἴ,
3744 2570 3848 2623 ἀε-

2253 2667 2324 2721 δᾶ
2357 2665 2622 2734 Ἀρσένιε,
2655 2663 2738 2717 ὅτι
2769 2661 3042 2725 ἔκλαυσας
3072 2661 3267 2714 σαυτὸν
3291 2662 3349 2715 ἐν
3372 2660 3507 2730 τῷδε
3531 2660 3610 2730 τῷ
3634 2660 3846 2730 κόσμῳ·

2250 2761 2280 2814 ὁ
2309 2760 2418 2832 γὰρ
2459 2757 2534 2830 μὴ
2579 2756 2782 2810 κλαίων
2816 2754 3008 2808 ἐαυτδν
3042 2747 3168 2817 ὧδε,
3200 2753 3436 2816 αἰωνίως
3477 2754 3596 2806 ἐκεῖ
3616 2751 3852 2806 κλαύσε-

2252 2869 2344 2905 ται
2370 2865 2382 2878 ·
2411 2849 2522 2902 εττε
2562 2843 2656 2901 οῦν
2689 2838 2794 2900 ὧδε
2823 2843 2970 2911 ἐκδν,
2997 2841 3108 2897 εἴτε
3147 2841 3266 2896 ἐκεῖ
3291 2841 3401 2897 ἀπὸ
3431 2841 3689 2912 βασάνων
3720 2841 3845 2896 ἁδύ-

2252 2957 2416 2997 νατον
2444 2939 2520 3012 μὴ
2546 2935 2806 2992 κλαῦσαι.

635 3112 726 3168 25.
764 3110 1018 3167 Narravit
1051 3111 1119 3168 de
1143 3112 1264 3184 ipso
1315 3112 1486 3170 abbas
1542 3112 1773 3181 Daniel,
1805 3117 1949 3188 quod
1999 3135 2143 3174 nun-

2322 3136 2429 3200 κγ’.
2456 3123 2765 3197 Διηγὴσατο
2814 3119 2871 3174 δὲ
2912 3116 3090 3182 ἀὸὁᾶς
3126 3115 3326 3187 Δανιὴλ
3367 3112 3497 3185 περὶ
3544 3112 3852 3181 αὐτοῦ,ετι

565 3218 729 3274 quam
760 3203 904 3273 loqui
926 3203 1161 3258 voluerit
1179 3205 1247 3258 de
1277 3205 1583 3274 quaestione
1614 3207 1798 3278 aliqua
1830 3206 2150 3279 Scriptum,

567 3311 907 3366 quanquam,
949 3295 994 3350 si
1026 3297 1308 3363 voluisset,
1331 3298 1481 3368 loqui
1510 3303 1780 3369 potuisset
1807 3321 1821 3356 :
1854 3302 1949 3357 sed
1976 3319 2153 3374 neque

567 3387 854 3459 epistolam
889 3385 1048 3443 facile
1095 3389 1391 3445 scribebat.
1449 3389 1680 3456 Quando
1721 3402 1903 3449 autem
1950 3410 2044 3465 per
2073 3395 2156 3450 iu-

573 3479 796 3534 tervalla
850 3480 1100 3536 veniebat
1163 3481 1230 3536 ad
1273 3481 1582 3550 ecclesiam,
1637 3497 1776 3552 pone
1832 3484 2151 3540 columnam

571 3571 814 3636 sedebat,
849 3579 911 3627 ut
942 3585 1104 3627 nemo
1149 3573 1356 3628 videret
1407 3573 1599 3629 faciem
1634 3576 1778 3643 ejus,
1819 3591 2000 3646 neque
2041 3577 2156 3647 ipse

575 3663 651 3718 rei
707 3663 862 3718 alteri
910 3664 1234 3721 attenderet.
1297 3665 1426 3720 Erat
1478 3666 1662 3722 vultus
1709 3667 1829 3738 ejus
1876 3669 2158 3738 augelicus

577 3760 754 3814 instar
779 3758 988 3828 Jacoh;
1029 3769 1147 3818 erat
1205 3761 1320 3832 ipse
1359 3771 1506 3818 totus
1530 3778 1746 3828 canus;
1786 3777 1884 3817 ore
1912 3762 2158 3828 festivus,

574 3851 783 3918 aridus,
835 3862 1045 3908 statura
1091 3868 1374 3924 procerus,
1409 3863 1466 3908 at
1499 3869 1610 3923 pra:
1644 3862 1927 3910 senectute
1966 3854 2160 3908 incur-

2253 3224 2512 3282 οὐδέποτε
2539 3216 2775 3288 ἠθέλησε
2794 3212 3033 3283 λαλῆσαι
3064 3208 3289 3282 ζήτημα
3322 3209 3424 3279 τῆς
3453 3207 3703 3278 Γραφῆς,
3733 3209 3856 3261 καί.

2257 3333 2365 3388 περ
2415 3313 2719 3382 δυνάμενος
2766 3306 3022 3378 λαλῆσαι,
3069 3305 3118 3358 εί
3163 3303 3392 3375 ἤθελεν
3426 3302 3542 3356 ἀλλ’
3577 3300 3704 3354 οὔτε
3740 3303 3861 3354 ἐπι-

2259 3407 2456 3477 στολὴν
2484 3402 2698 3473 ταχέως
2735 3399 2997 3470 ἔγραφεν.
3029 3397 3164 3450 Ὅτε
3199 3396 3256 3449 δὲ
3289 3395 3490 3466 ἤρχετο
3518 3395 3600 3456 εἰς
3630 3393 3733 3465 τὴν
3765 3395 3848 3446 ἐκ

2259 3497 2493 3570 κλησίαν
2551 3493 2642 3550 διὰ
2692 3492 2911 3564 χρόνου,
2945 3491 3121 3545 ὀπίσω
3169 3488 3263 3542 τοῦ
3305 3487 3501 3541 στῦλου
3548 3485 3859 3551 ἐκαθίζετο,

2266 3589 2356 3644 ἵνα
2389 3587 2580 3660 μηδεὶς
2610 3586 2697 3657 ῐδῃ
2727 3584 2789 3638 τὺ
2818 3583 3110 3654 πρόσωπον
3137 3579 3327 3640 αὐτοῦ.
3362 3580 3438 3649 μή
3475 3595 3536 3632 τε
3565 3577 3734 3637 αὐτὸς
3767 3577 3862 3630 άλ-

2264 3681 2360 3735 λου
2390 3679 2632 3750 προσχῇ·
2659 3671 2728 3747 ἦν
2753 3674 2810 3728 δὲ
2844 3673 2905 3727 τδ
2936 3667 3074 3736 εἶδος
3109 3669 3276 3725 αὐτοῦ
3315 3667 3630 3738 ἀγγελικδς,
3671 3665 3863 3734 ὥσπερ

2268 3774 2369 3829 τοῦ
2412 3769 2633 3836 Ἰακὼϐ,
2667 3768 2969 3832 ὁλοπόλιος,
2996 3765 3215 3826 ἀστεῖος
3253 3759 3331 3832 τῷ
3363 3760 3593 3830 στόματι
3619 3768 3668 3822 ³,
3700 3755 3863 3826 ξηρὸς

2267 3863 2325 3918 δὲ
2365 3861 2579 3932 ὑπῆρχε
2625 3858 2722 3913 καὶ
2775 3856 3008 3929 μακρὸς,
3044 3853 3158 3910 ἀλλ’
3182 3851 3472 3924 ἐκυρτώθη
3501 3849 3613 3904 ἀπὸ
3641 3847 3738 3901 τοῦ
3767 3849 3867 3916 γή-

575 3960 697 4001 vus.
755 3944 1002 4002 Habebat
1044 3946 1266 4001 barbam
1323 3946 1620 4016 prolixam,
1667 3946 1732 4002 ad
1765 3955 1955 4016 pectus
1986 3961 2150 4016 usque

2274 3971 2402 4026 ρως.
2428 3948 2588 4024 Εἶχεν
2615 3951 2670 4004 δέ
2696 3949 2787 4004 τὸν
2817 3947 3056 4017 πώγωνα
3089 3945 3287 4017 μέγαν,
3321 3943 3595 4013 φθάνοντα
3629 3940 3738 4002 ἐως
3767 3939 3866 4008 τῆς

577 4043 886 4106 protensam
922 4056 937 4094 :
986 4039 1078 4111 pili
1121 4049 1305 4094 autem
1345 4039 1634 4095 oculorum
1681 4039 1803 4110 ejus
1833 4055 1944 4110 pra:
1993 4041 2150 4095 multc

2271 4045 2514 4110 κοιλίας·
2555 4047 2608 4098 αί
2657 4044 2715 4099 δὲ
2764 4043 2953 4113 τρίχες
2999 4038 3110 4093 τῶν
3139 4035 3436 4107 ὀρθαλμῶν
3464 4033 3633 4088 αὑτοῦ
3664 4032 3864 4085 ἔπεσον

575 4130 702 4186 ﬂetu
743 4119 1096 4189 exciderant.
1147 4130 1298 4188 Obiit
1349 4147 1556 4188 annum
1598 4148 1767 4205 agens
1816 4147 2163 4203 nonageuum

2276 4134 2386 4190 ἀπὸ
2412 4133 2508 4189 τοῦ
2538 4133 2734 4188 πολλοῦ
2765 4130 3045 4202 κλαυθμοῦ
3063 4146 3077 4161 ο
3102 4128 3330 4198 τελευτᾷ
3359 4128 3376 4163 ⁸
3414 4124 3471 4179 δὲ
3510 4122 3651 4177 ἐτῶν
3683 4123 3866 4191 ἐνενή-

1913 4274 2070 4328 VARI
2084 4273 2147 4329 ΔΕ
2189 4274 2600 4334 LECTIONES.

692 4396 713 4424 ι’
739 4385 810 4440 al.
841 4384 1076 4456 ἤμελλεν
1116 4386 1472 4458 παραδιδόναι
1522 4387 1585 4440 τὸ
1618 4385 1853 4457 πνεῦμα.

1970 4395 1992 4422 ⁸
2023 4386 2263 4445 Coteler.
2308 4388 2546 4462 σώματι.

2631 4395 2646 4428 ι
2677 4389 2916 4446 Coteler.
2950 4388 3190 4458 ἐγένετο.

2122 4502 2359 4562 ΝΟΤᾹΞ.

655 4607 729 4676 (ρ)
757 4599 1218 4676 Συναμιλλᾶσθαι,
1269 4595 1414 4667 quod
1437 4606 1554 4651 erat
1587 4596 1655 4676 iu_
1671 4605 1864 4676 nostro
1904 4599 2240 4676 apographo,

2331 4613 2454 4671 uani
2498 4600 2588 4656 hic
2617 4601 2753 4656 satis
2786 4601 2852 4655 ad
2886 4598 3226 4671 propositum
3271 4595 3454 4671 faciat,
3504 4607 3616 4671 non
3655 4593 3812 4647 video
3847 4609 3864 4646 :

586 4665 840 4736 est'enlm
873 4665 991 4726 cum
1027 4670 1205 4739 aliqua
1241 4665 1562 4739 concertare.
1613 4666 1802 4722 Melius
1849 4670 2086 4737 quadrat
2116 4665 2546 4739 συνομιλεῖσθαι,
2581 4681 2641 4727 ιιι
2680 4671 2772 4727 hic
2808 4665 3121 4728 sit-versari
3161 4682 3290 4724 cum
3323 4666 3432 4721 Deo
3465 4682 3480 4718 :
3517 4665 3714 4735 sicque
3741 4678 3864 4718 cou-
3909 4727 3914 4732 ι

585 4750 733 4821 gruit
768 4745 846 4816 τῷ
877 4738 1136 4807 συνεῖναῃ
1169 4739 1312 4810 quod
1339 4738 1616 4809 praecedit.

661 4842 738 4910 (4)
787 4834 1038 4910 ι’ἰεηΡΡ.
1074 4854 1099 4910 ε
1139 4831 1233 4910 Ille
1263 4840 1444 4910 autem
1481 4844 1663 4886 sermo
1705 4842 1924 4910 semper
1958 4835 2078 4910 erat
2107 4827 2163 4883 in

589 4899 687 4967 ore
715 4899 949 4965 Arseuii.
989 4925 1009 4959 ι
1064 4905 1221 4972 Quod
1249 4904 1425 4959 etiam
1467 4899 1782 4972 pragpculis
1814 4900 2003 4972 habuit
2036 4915 2167 4954 sau-

591 4992 714 5039 ctus
748 4967 1109 5048 Euthymius,
1134 4985 1192 5028 ut
1222 4981 1438 5048 constat
1470 4967 1540 5027 ex
1566 4969 1691 5048 Vita
1726 4970 1844 5048 ejus
1871 4969 1941 5024 20
1964 4967 2168 5048 Janua-

592 5052 682 5118 rii,
713 5064 836 5122 pag.
867 5040 1012 5122 εξιιι
1035 5061 1194 5122 num.
1371 5043 1609 5122 Sanctus
1635 5040 1962 5122 Dorotlteus.
1989 5041 2173 5122 arcuit-‘-

2272 4839 2450 4887 marte
2478 4833 2762 4902 adiecerit,
2789 4832 2874 4888 vel
2901 4829 3120 4885 aliunde
3145 4827 3308 4881 fuerit
3329 4835 3616 4902 mutuatus
3645 4835 3867 4882 sanctus

2278 4896 2598 4959 Theodorus
2632 4896 2871 4966 Studita,
2891 4917 3056 4972 quant
3087 4914 3190 4955 nec
3210 4896 3355 4968 apud
3379 4897 3740 4961 (Iotelerium,
3777 4910 3872 4952 nec

2275 4974 2330 5028 in
2373 4973 2489 5046 fit.
2516 4973 2647 5046 PP._
2673 4977 2762 5046 bie
2792 4975 3030 5046 reperio.
3712 5045 3719 5046 ί
3831 5035 3843 5046 ,

2350 5043 2428 5114 (7)
2472 5045 2577 5100 Vit.
2617 5044 2734 5100 PP.
2765 5064 2785 5098 α
2811 5037 2949 5100 Cum
3004 5052 3186 5097 autem
3247 5037 3550 5093 traditurus
3579 5045 3726 5093 esset
3764 5037 3875 5108 spi-

595 5110 887 5181 ntan'dt-ita,
919 5133 947 5170 a
974 5115 1237 5172 Corderio
1277 5125 1464 5168 nostro
1495 5114 1697 5174 editus,
1729 5110 2076 5181 institutione
2104 5110 2170 5163 10
2276 5110 2465 5173 mum,
2499 5138 2516 5167 ι

596 5194 677 5248 sic
703 5179 903 5246 habet:
955 5205 977 5238 ι
1015 5185 1282 5241 Arseuius
1325 5183 1500 5239 abbas
1530 5184 1633 5240 sibi
1675 5183 1792 5248 ipse
1820 5179 2042 5235 assidue
2088 5195 2172 5233 Ill-

596 5261 882 5320 culcabat:
930 5256 1127 5314 Arseni
1170 5270 1339 5323 quare
1371 5253 1628 5309 exivisti‘?

605 5542 1108 5617 perﬂjallligimugno

681 5615 757 5684 (5)
824 5601 933 5667 Vit.
997 5609 1113 5665 PP.
1175 5627 1192 5662 ι
1235 5604 1463 5679 Semper
1506 5603 1820 5680 paenituit:
1865 5622 1884 5656 ι
1949 5601 2191 5659 Coteler.

613 5703 766 5748 smne.

2354 5187 2466 5260 (7“)
2520 5188 2625 5260 Vit.
2800 5186 3087 5260 adfluxit:
3127 5206 3170 5260 ,ε
3209 5186 3277 5241 Et
3329 5187 3494 5260 timeo
3534 5179 3714 5260 valde.
3738 5197 3766 5260 ξ
3803 5175 3873 5230 Ad

1715 5267 1778 5307 οε
1828 5261 1937 5305 lam
1973 5249 2181 5331 βεξνιίίιεθ
2282 5249 2424 5315 diem
2446 5249 2486 5315 '8
2511 5257 2852 5331 Januariiin
2889 5254 3092 5331 Vita‘l}.
3127 5256 3411 5331 Laurentii
3455 5250 3754 5331 {ustiniani
3787 5261 3877 5327 pa-

597 5330 858 5389 sncordcs
888 5341 1104 5387 sumus.
1141 5334 1198 5379 ut
1227 5338 1422 5390 .ueque
1459 5325 1719 5381 sciamus.
1747 5336 1920 5392 quare
1950 5325 2186 5392 exiveri-

574 5420 748 5468 .mus,
799 5416 974 5470 neque
1030 5395 1419 5470 intelligamus,
1464 5395 1596 5462 quid
1643 5395 1743 5470 sit,
1767 5390 1914 5460 quod
1946 5390 2188 5470 volueri-

604 5461 750 5530 mus.
796 5461 1140 5540 Quapropter
1187 5461 1296 5520 lion
1335 5461 1514 5521 solum
1559 5461 1896 5536 proficimus,
1925 5465 2021 5518 sed
2053 5476 2192 5517 sem-

2286 5331 2542 5387 triarelue
2594 5327 2808 5392 Veneti,
2837 5342 2958 5398 cap.
3006 5326 3110 5409 10,.
3132 5345 3255 5452 pug.
3288 5327 3418 5410 561.,
3451 5326 3521 5379 de
3554 5323 3676 5406 ipso
3709 5319 3876 5404 mori-

2288 5412 2414 5452 turo
2461 5401 2713 5452 dicitur:
2775 5417 2794 5451 ι
2841 5398 2900 5452 In
2953 5397 3148 5452 llducta
3230 5399 3522 5452 lacartum.
3574 5407 3630 5448 In
3686 5401 3876 5446 timore

2288 5412 2414 5476 t_uro
2461 5401 2664 5476 dicitur
2700 5417 2737 5476 :_
2775 5417 2794 5451 ι
2841 5395 2920 5452 lu
2953 5395 3148 5476 ﬁducia
3201 5395 3522 5460 Macarium,
3574 5395 3630 5476 in
3686 5395 3877 5476 timore

2289 5472 2581 5544 Arsenium
2612 5542 2620 5544 Α
2651 5469 2894 5544 referens
2947 5485 2963 5523 :
3021 5470 3163 5525 inter
3218 5480 3515 5544 utrumque
3581 5461 3875 5544 incedens.

2293 5552 2355 5597 ut
2381 5557 2508 5597 cum
2556 5541 2754 5597 fiducia
2803 5549 3093 5608 metueret,
3138 5554 3239 5596 nec
3269 5540 3390 5596 sine
3417 5531 3614 5592 timore
3644 5531 3876 5587 conlide-

2302 5620 2407 5670 ret.
2445 5632 2464 5664 ι

2375 5684 2454 5753 (8)
2501 5685 2576 5738 De
2631 5698 2696 5737 eo
2729 5681 3184 5753 iCommentarius
3237 5679 3511 5753 praevius;
3557 5677 3651 5742 qui
3683 5674 3740 5728 in
3777 5670 3874 5753 Vit.

685 5744 760 5826 (ὓ)
808 5752 958 5810 "anc
997 5751 1288 5810 ascclicam
1340 5750 1781 5820 explanationem
1845 5745 1926 5803 vel
1973 5744 2193 5816 proprie
2305 5744 2670 5814 ΡΡ.ἰ·ουε1ιυιο
2713 5752 3000 5816 Paslor,id
3029 5755 3174 5810 enim
3226 5744 3432 5822 ποιμὴν
3472 5749 3662 5803 (Iunce
3705 5747 3878 5800 suual.
