4064 6372
191 282 291 345 877

819 275 1102 336 ORATIO
1132 276 1269 336 XII.
1306 301 1377 312 -
1411 271 1793 338 LAUDATIO
1830 271 1889 330 S.
1939 269 2254 331 ARSENII
2295 265 2840 331 ANACHORETE.

3359 264 3460 328 878

191 405 354 443 κοντα
387 385 551 440 πέντε
576 401 589 416 ⁸
623 384 879 456 ἐποίησεν
923 385 981 440 δὲ
1017 385 1098 448 είς
1130 389 1192 438 τὸ
1223 385 1484 440 παλάτιον
1529 383 1626 439 τοῦ
1669 382 1770 452 τῆς

1876 381 2148 448 quintum.
2173 380 2374 436 Mansit
2404 394 2568 450 porro
2602 377 2657 432 in
2679 377 2882 446 palatio
2909 373 3258 445 imperatoris
3282 373 3461 432 Theo-

190 479 342 543 Θείας
374 479 597 551 μνήμης
627 476 909 530 Θεοδοσίου
939 475 1032 530 τοῦ
1063 475 1302 546 μεγάλου
1327 477 1430 538 ἕως
1452 475 1548 529 τοῦ
1577 491 1772 528 τεσσα-

191 569 457 641 ρακοστοῦ
500 568 657 633 ἔτους
686 568 787 638 τῆς
815 567 981 622 αὐτοῦ
1009 568 1248 638 ήλικίας,
1280 569 1376 622 καί
1415 570 1474 621 ὲν
1502 570 1570 638 τῇ
1603 566 1771 637 Σκῆτι

189 664 283 734 ἔτη
309 668 382 734 μ’,
409 662 505 716 καὶ
531 660 664 715 δέκα
698 661 776 724 είς
807 659 1002 731 Τρὼην
1033 661 1131 732 τῆς
1157 660 1269 714 ἄνω
1293 659 1614 722 Βαϐυλῶνος
1639 677 1773 715 κατ-

191 755 373 808 έναντι
405 754 712 823 Μέμφεως’
743 751 840 806 καὶ
880 751 974 822 ἔτη
1020 757 1070 819 γ’
1111 753 1194 815 είς
1230 752 1321 805 τὸν
1364 752 1634 806 Κάνωπον
1669 751 1771 822 τῆς

203 844 629 918 Ἀλεξανδρείας,
683 845 778 898 καὶ
815 843 950 898 ἄλλα
999 843 1094 897 δύο
1138 841 1234 915 ἔτη
1281 838 1446 914 ἦλθεν
1483 843 1644 897 πάλιν
1689 844 1771 907 είς

190 939 408 1011 Τρὼην,
437 939 532 993 καὶ
564 939 682 991 ἐκεῖ
705 935 997 1007 ἐκοιμήθη,
1031 935 1256 1000 τελέσας
1283 947 1310 977 ιι
1351 938 1410 990 ὲν
1453 938 1646 1008 εἰρήνῃ
1675 937 1772 990 καὶ

189 1031 342 1101 φόϐῳ
364 1028 499 1083 Θεοῦ
522 1028 614 1082 τὸν
633 1027 834 1098 δρόμον
856 1027 1022 1080 αὑτοῦ
1045 1043 1058 1056 ·
1081 1029 1163 1082 ὅτι
1187 1023 1255 1099 ἦν
1278 1027 1416 1100 ἀνὴρ
1441 1028 1647 1097 ἀγαθὸς
1675 1028 1770 1083 καὶ

191 1123 404 1195 πλήρης
434 1119 748 1190 Πνεύματος
783 1119 962 1188 ἁγίου,
993 1120 1088 1173 καὶ
1111 1119 1368 1184 πίστεως.
1405 1119 1680 1174 Κατέλιπε
1710 1119 1768 1173 δέ

194 1233 286 1285 μοι
314 1214 409 1268 τὸν
445 1213 653 1284 χιτῶνα
695 1212 862 1266 αὐτοῦ
891 1211 986 1265 τὸν
1020 1212 1366 1284 δερματινὺν,
1399 1213 1493 1268 καὶ
1528 1213 1770 1284 τρίχινον

189 1309 418 1376 κάμισιν
441 1303 656 1371 λευκὸν,
687 1303 779 1358 καὶ
811 1303 1066 1358 σανδάλια
1094 1304 1372 1358 σεόἐννινα
1399 1314 1446 1369 ν,
1479 1306 1571 1358 καὶ
1601 1305 1712 1373 ἐγὼ
1741 1307 1770 1358 ὁ

190 1395 406 1458 ἀνάξιος
432 1393 666 1464 ὲφόρεσα
690 1393 852 1457 αὐτὰ,
883 1393 1031 1454 ὅπως
1059 1392 1360 1464 εὐλογηθῶ.
1393 1391 1567 1446 Τοῦτο
1595 1393 1656 1446 τὸ
1680 1394 1771 1447 πέ-

191 1503 291 1558 ρας
319 1485 413 1538 τοῦ
442 1484 559 1555 βίου
597 1483 692 1537 τοῦ
723 1484 1013 1554 Μακαρίου
1054 1484 1354 1555 ’Ᾱρσενίου,
1384 1484 1459 1548 ὼς
1484 1486 1542 1538 ἑν
1566 1485 1771 1554 ὀλίγοις

184 1579 241 1631 δὲ
280 1578 634 1648 διηγημένον,
667 1576 730 1630 οὐ
759 1575 901 1630 κατὰ
939 1575 1002 1628 τὸ
1033 1575 1240 1646 πλῆθος
1280 1576 1390 1630 τῶν
1423 1577 1772 1646 ἀξιαγόιστων

186 1671 356 1724 αὑτοῦ
392 1669 731 1742 πρακτικῶν,
760 1667 896 1722 ἀλλὰ
926 1669 1070 1723 κατὰ
1097 1669 1159 1722 τὸ
1185 1667 1389 1739 φθᾶσαι
1423 1669 1770 1743 βραχυμερὲς

185 1764 374 1833 γραςςῇ
432 1760 806 1831 παραδοθῆναι
862 1759 1018 1831 παρὰ
1079 1761 1190 1814 τῶν
1249 1760 1412 1814 ὁσίων
1467 1761 1758 1832 γερόντων.

195 1855 391 1924 Ἡμεῖς
415 1853 474 1906 δὲ
496 1854 589 1907 καὶ
611 1852 680 1906 τὰ
708 1853 838 1922 περὶ
857 1853 1068 1908 ἑαυτῶν
1093 1853 1388 1925 ληψόμενοι
1411 1863 1458 1918 κ,
1487 1855 1588 1910 οὐκ
1607 1857 1764 1928 ὀκνή-

187 1963 357 2017 σομεν
394 1946 569 2017 τόλμῃ
589 1945 865 2018 χρώμενοι
890 1945 1193 2017 προσϐῆναι
1217 1963 1271 2000 τι
1295 1949 1407 2011 τοῖς
1426 1950 1762 2020 εἰρημένοις,

1872 472 2015 527 dosii
2069 471 2252 543 magni
2306 471 2520 528 divinas
2561 468 2842 524 memoriae
2900 483 3078 538 usque
3125 471 3195 523 ad
3253 483 3459 523 annum

1873 577 1987 618 sua:
2035 563 2212 620 astatis
2261 561 2767 633 .quadragesimum
2800 558 2920 630 (9):
2963 564 3020 614 in
3085 557 3232 614 Seeti
3288 573 3461 614 annos

1872 655 2236 726 quadraginta
2262 673 2277 710 :
2322 655 2378 709 in
2419 653 2566 709 ’l‘roe
2595 668 2725 708 vero
2749 650 3058 721 superioris
3081 650 3198 721 (10)
3233 649 3462 721 Babylo.

1873 745 1961 800 nis
1992 761 2186 803 versus
2213 746 2531 818 Memphim,
2585 759 2762 800 annos
2790 745 2976 799 decem
3001 760 3014 798 :
3050 750 3164 798 tres
3191 743 3248 797 in
3275 743 3464 798 Canor

1873 853 1946 907 po
1975 837 2086 908 (ll)
2125 837 2471 894 Alexandriae
2505 856 2520 893 :
2567 845 2623 893 et
2662 835 2887 906 reliquis
2927 835 3146 890 duobus
3177 833 3342 889 annis
3374 849 3463 888 re-

1871 931 1974 986 diit
2015 931 2069 985 in
2121 931 2349 999 Troen;
2411 930 2600 1000 ibique
2648 927 3004 994 obdormivit,
3063 940 3465 982 consummans

1871 1037 2096 1078 cursum
2127 1039 2287 1078 suum
2317 1022 2372 1077 in
2400 1037 2532 1092 pace
2570 1035 2636 1075 ac
2662 1020 2856 1075 timore
2881 1019 2974 1074 Dei
3007 1036 3021 1073 :
3053 1017 3184 1089 quia
3215 1025 3337 1071 erat
3379 1017 3464 1070 vir

1873 1116 2048 1173 bonus
2107 1127 2163 1172 et
2205 1116 2405 1186 plenus
2455 1113 2661 1186 Spiritu
2709 1120 2903 1169 sancto
2950 1119 3008 1167 et
3058 1110 3184 1167 lide.
3220 1109 3464 1180 Reliquit

1871 1218 2055 1264 autem
2087 1207 2221 1262 mihi
2253 1209 2538 1278 pelliceam
2562 1220 2720 1262 suam
2754 1204 3024 1270 tunicam,
3053 1203 3346 1273 albamque
3369 1219 3463 1259 ca-

1871 1301 2090 1358 misiam
2125 1301 2238 1372 (12)
2266 1300 2566 1368 cilicinam,
2591 1315 2695 1356 nec
2725 1314 2834 1354 non
2872 1298 3144 1364 sandalia,
3176 1313 3207 1354 e
3236 1297 3453 1369 palmu-

1871 1393 1921 1450 la
1953 1393 2224 1450 confecta.
2261 1393 2326 1447 Et
2357 1409 2457 1464 ego
2502 1393 2758 1464 indignus
2789 1391 2879 1446 illa
2916 1391 3162 1462 gestavi,
3199 1399 3260 1446 ut
3295 1391 3462 1446 bene-

1871 1489 2086 1543 dicerer
2132 1485 2266 1556 (15).
2325 1483 2426 1540 Hic
2481 1486 2608 1540 vitae
2650 1484 2869 1539 Arsenii
2921 1484 3233 1550 transitus;
3269 1483 3461 1554 paucis

1872 1579 2092 1650 quidem
2140 1577 2444 1648 expositus,
2501 1591 2612 1631 non
2661 1586 2844 1631 autem
2894 1585 3058 1646 prout
3087 1590 3294 1639 rerum,
3323 1589 3463 1645 quas

1873 1671 2060 1740 gessit,
2104 1669 2470 1725 admiratione
2503 1668 2795 1739 dignarum
2830 1667 3134 1721 multitudo
3172 1667 3460 1738 exigebat;

1871 1763 1964 1818 sed
2009 1767 2174 1831 prout
2209 1759 2512 1816 secundum
2567 1768 2754 1823 tenue,
2797 1757 2943 1826 quod
2978 1756 3278 1825 praecessit,
3315 1770 3464 1810 com-

1867 1855 2124 1926 pendium
2168 1868 2200 1908 a
2255 1851 2460 1907 sanctis
2515 1849 2740 1905 senibus
2789 1847 2994 1917 scripto
3051 1845 3441 1901 commendata:

1868 1953 2016 2003 sunt.
2051 1941 2164 1999 Nos
2197 1957 2349 2006 vero,
2381 1948 2503 2012 post
2535 1939 2651 1994 hmc
2672 1937 2740 1992 ab
2772 1936 2905 2006 ipsis
2925 1943 3174 2006 accepta,
3207 1949 3315 1989 non
3345 1947 3466 2006 gra-

185 2038 284 2107 τῆς
329 2036 430 2106 μὲν
468 2035 880 2105 πενιχρολογίας
919 2035 1078 2106 ἡμῶν
1110 2035 1364 2107 δήλωσιν,
1393 2035 1488 2091 τοῦ
1525 2036 1584 2090 δὲ
1627 2039 1766 2104 πρὸς

1876 2038 2123 2093 vabimur
2169 2034 2373 2090 audere
2397 2031 2628 2102 aliquid,
2660 2038 2714 2086 et
2745 2029 3045 2098 adjnngere
3073 2027 3166 2090 iis,
3198 2039 3322 2097 quae
3341 2025 3479 2097 jam

185 2127 276 2182 τὸν
308 2129 504 2198 ’Δγιον
542 2127 708 2181 πόθου
731 2126 1153 2200 ἀποπλήρωσιν.

255 2390 361 2448 κδ’.
407 2394 505 2459 Τίς
552 2395 711 2465 λόγος
769 2395 1025 2468 δυνηθείη
1088 2399 1293 2469 φράσαι
1341 2399 1436 2454 τοῦ
1481 2400 1770 2455 πανολσίου

186 2484 404 2550 τούτου,
443 2487 539 2540 καὶ
573 2486 946 2558 τρισμάκαρος
975 2488 1272 2542 ὁσιωτάτου
1307 2490 1500 2561 ἀνδρὸς
1533 2491 1600 2545 τὰ
1639 2509 1772 2545 κατ-

188 2577 492 2648 ορθώματα
517 2578 916 2648 διηγήσασθαι;
957 2579 994 2634 ἃ.
1021 2581 1082 2632 οὐ
1109 2581 1324 2652 μόνονή
1351 2581 1473 2635 καθ’
1501 2584 1652 2652 ἡμᾶς
1687 2601 1778 2652 γε-

190 2671 285 2722 νεὰ
315 2668 612 2739 θαυμάζει,
645 2668 740 2722 καὶ
762 2671 1020 2741 πειρᾶται
1045 2669 1144 2734 τὰς
1169 2671 1362 2724 τούτου
1393 2671 1690 2743 ἀθλητικὰς
1717 2678 1776 2730 ὲν

192 2761 430 2832 ἀσκήσει
482 2761 825 2828 παλαίστρας
857 2761 1201 2833 ζηλοτυπῶν,
1232 2763 1368 2818 ἀλλὰ
1396 2765 1490 2818 καὶ
1519 2767 1569 2819 οἱ
1607 2767 1776 2837 ἀκρέ-

195 2871 358 2922 μονες
401 2853 495 2908 καὶ
534 2856 821 2926 κορυφαῖοι
861 2853 968 2908 τῶν
1011 2854 1182 2924 ἁγίων
1224 2855 1470 2927 ἀρχαίων
1513 2859 1776 2930 Πατέρων

191 2945 288 3017 τὴν
323 2943 424 3000 τοῦ
456 2945 798 3016 ἑμηνύσαντο
838 2946 1114 3001 πολιτείαν
1136 2964 1150 2980 ·
1179 2946 1325 3017 λέγω
1368 2948 1433 3020 δή
1465 2950 1559 3003 τὸν
1599 2952 1773 3022 μέγαν

1879 2960 2271 3024 expresserunt
2352 2950 2478 3004 vitae
2557 2947 2926 3002 institutum:

195 3037 494 3110 Εὖθύμιον,
519 3038 578 3102 ὃς
616 3040 798 3092 πᾶσαν
827 3041 1064 3112 σπουδὴν
1098 3043 1334 3097 ἐποιεῖτο
1363 3043 1558 3098 τούτου
1597 3049 1780 3117 μιμεῖ-

197 3131 322 3186 σθαι
359 3129 462 3194 τὰς
485 3129 708 3200 ἀρετὰς,
731 3130 831 3197 τήν
856 3147 915 3184 τε
946 3131 1177 3202 ἡσυχίαν
1201 3133 1388 3196 αὐτοῦ.
1421 3135 1516 3188 καὶ
1541 3136 1776 3208 σιωπὴν,

196 3223 288 3278 καὶ
315 3222 846 3294 ταπεινοφροσύνην,
877 3223 940 3278 τὸ
960 3223 1054 3278 τοῦ
1081 3224 1390 3296 ὲνδώματος
1419 3226 1652 3294 εὐτελὲς,
1685 3231 1780 3283 καὶ

196 3315 294 3388 τὴν
321 3316 440 3370 τῶν
475 3315 781 3386 βρωμάτων
803 3317 1038 3388 ἀποχὴν,
1070 3319 1166 3371 καὶ
1190 3317 1290 3389 τὴν
1317 3319 1397 3380 είς
1433 3319 1613 3378 πάντα
1645 3338 1780 3392 καρ-

198 3409 391 3480 τερίαν
418 3407 482 3460 τδ
517 3406 697 3478 ἐαυτῷ
731 3409 1043 3480 προσέχειν,
1071 3410 1213 3464 κατὰ
1240 3410 1304 3464 τδ
1331 3411 1424 3464 ὑπ’
1447 3413 1661 3467 ἐκείνου
1695 3413 1784 3466 λεν

199 3499 457 3569 γόμενον·
499 3499 766 3569 Ἀρσένιε,
805 3499 886 3554 διὸ
932 3499 1196 3569 ὲξῆλθεςς
1251 3502 1477 3571 Ἐζήλου
1515 3504 1572 3558 δὲ
1617 3503 1784 3558 αὑτοῦ

203 3591 297 3644 καὶ
325 3591 433 3661 τὴν
465 3590 781 3656 κατάνυξιν,
820 3593 915 3645 καὶ
947 3591 1016 3646 τὰ
1043 3593 1274 3664 δάκρυα,
1315 3595 1410 3648 καὶ
1451 3595 1550 3658 τὰς
1587 3595 1788 3649 παννύ-

201 3699 329 3752 χους
355 3683 687 3753 ἀγρυπνίας,
722 3683 784 3736 τὸ
817 3681 1124 3756 φιλέρημόν-
1149 3703 1205 3738 τε
1234 3686 1325 3739 καὶ
1363 3686 1659 3756 μισόδοξον,
1694 3689 1787 3741 καὶ

1872 2128 2018 2183 dicta
2047 2135 2196 2191 sunt,
2235 2135 2344 2178 tam
2381 2133 2442 2177 ut
2473 2120 2799 2178 ostendatur
2847 2118 3120 2175 sermonis
3150 2119 3328 2174 nostri
3370 2133 3466 2188 pe-

1879 2219 2062 2285 nuria,
2117 2231 2281 2288 quam
2330 2223 2391 2269 ut
2434 2227 2706 2284 propensa
2764 2211 2820 2266 in
2877 2219 3133 2267 sanctum
3202 2209 3463 2264 voluntas

1877 2312 2181 2380 cxp!eatur.

1948 2403 2039 2458 9.4.
2082 2401 2344 2468 Quasnam
2418 2395 2842 2454 fortunatissimi
2913 2393 3114 2462 hujus,
3161 2391 3464 2448 beatissimi

1879 2507 1945 2550 ac
1981 2491 2318 2549 sanctissimi
2343 2489 2445 2544 viri
2480 2498 2626 2544 recte
2659 2487 2818 2542 factis
2844 2485 3192 2541 recensendis
3215 2498 3311 2552 par
3337 2497 3460 2539 esse

1882 2588 2055 2658 possit
2085 2583 2306 2640 oratio?
2329 2581 2462 2650 Quae
2499 2595 2606 2636 non
2647 2589 2858 2634 tantum
2880 2587 3014 2633 aetas
3041 2585 3228 2632 nostra
3259 2575 3468 2630 aduri--

1882 2689 2058 2741 ratur,
2091 2685 2147 2731 et
2181 2674 2426 2732 aemulari
2467 2681 2700 2728 conatur
2738 2669 3016 2726 exantlata
3048 2669 3118 2722 ab
3146 2668 3244 2722 illo
3275 2667 3466 2722 solita-

1882 2770 1979 2826 riae
2019 2769 2147 2824 vita:
2191 2767 2516 2828 certamina,
2567 2763 2661 2820 sed
2689 2763 3045 2832 antiquorum
3085 2774 3308 2830 quoque
3335 2773 3467 2814 san-

1883 2872 2096 2918 ctorum
2149 2859 2377 2914 Patrum
2432 2857 2706 2928 primores
2779 2869 2842 2908 ac
2908 2851 3187 2924 principes
3239 2850 3471 2922 hujusce

3008 2959 3268 3015 magnum
3346 2943 3472 2998 dico

1887 3043 2266 3116 Euthymium,
2293 3042 2384 3112 qui
2412 3056 2633 3112 operam
2664 3039 2812 3094 dedit
2844 3036 3164 3099 maximam,
3201 3045 3261 3092 ut
3293 3035 3471 3105 ipsius

1883 3139 2118 3194 virtutes
2157 3135 2502 3200 imitaretur;
2559 3147 2838 3190 secessum
2885 3130 3096 3201 ipsius,
3149 3129 3467 3193 silentium,

1885 3229 2288 3291 humilitatem,
2333 3228 2562 3282 vestitus
2616 3226 2922 3290 vilitatem,
2988 3223 3236 3278 ciborum
3287 3223 3462 3278 absti-

1885 3318 2152 3380 nentiam,
2217 3315 2577 3387 vigilantiam,
2615 3329 2722 3386 qus
2761 3313 2816 3367 in
2845 3311 3102 3367 omnibus
3141 3310 3246 3365 sibi
3297 3319 3473 3365 attcn~

1879 3410 2064 3472 debat,
2095 3408 2248 3478 juxta
2285 3405 2358 3472 id,
2387 3406 2532 3476 quod
2564 3406 2633 3459 ah
2675 3405 2794 3474 ipso
2832 3403 3037 3458 dictum
3087 3408 3172 3456 est
3202 3417 3215 3454 :
3253 3398 3471 3465 Arseui,

1882 3518 1982 3558 cur
2020 3499 2270 3573 [saeculo]
2301 3500 2500 3555 existi?
2548 3498 2626 3552 Ad
2683 3498 2833 3562 haec,
2889 3494 3141 3551 aemulari
3189 3493 3475 3564 satagebat

1883 3594 2056 3665 ipsius
2102 3592 2586 3663 compunctionem
2615 3631 2630 3654 ,
2682 3591 2982 3661 lacrymas,
3033 3586 3475 3658 pervigilationes

1887 3695 2200 3752 nocturnas,
2243 3700 2485 3741 amorem
2538 3682 2891 3748 solitudinis,
2943 3679 3128 3735 odium
3182 3677 3369 3748 gloria:
3419 3687 3474 3731 ct

1523 3821 1754 3877 VARIIE
1798 3819 2204 3878 LECTIONES.

269 3941 298 3972 ³
324 3935 404 3990 al.
436 3933 753 3998 τελειώσας.

829 3944 854 3972 '
885 3935 954 3989 ul.
992 3935 1261 4001 σεὸἐνινα,
1294 3937 1589 3992 σεὸεννίνα.
1671 3945 1695 3974 ι
1730 3937 2040 4009 λαὸόμενοι.

1723 4053 1954 4108 NOTJE.

271 4168 352 4238 (9)
391 4167 631 4224 Coteler.
666 4182 790 4238 pag.
817 4167 942 4233 571,
977 4184 1142 4238 annos
1172 4168 1550 4237 quadraginta,
1589 4181 1644 4224 ιιι
1683 4169 1781 4224 ali-

1891 4171 2111 4236 l’ucrat,
2180 4171 2360 4241 insula
2422 4170 2687 4226 Metanma
2752 4177 3043 4241 vocaretur
3094 4186 3110 4224 :
3160 4169 3479 4241 inducitque

201 4239 254 4295 lii
279 4236 702 4313 observavimus
726 4236 1017 4313 {addens}
1065 4257 1084 4290 ι
1121 4236 1283 4292 Pater
1307 4236 1484 4296 lactus
1515 4241 1786 4296 divinissi-
1821 4243 1863 4299 D
1893 4251 2142 4296 sanctum
2178 4238 2558 4313 Hieronymum
2589 4250 2642 4313 et
2673 4240 3035 4296 Athanasium
3070 4236 3476 4313 presbyterum,

201 4325 432 4366 morum
463 4309 677 4363 Arcadii
704 4317 760 4364 et
785 4307 1033 4364 Honorii.
1072 4329 1091 4361 ι

272 4381 394 4452 (10)
466 4379 569 4452 Vit.
629 4377 742 4452 PP.
769 4379 962 4452 |_ih.iv,
995 4379 1162 4435 libell.
1215 4382 1302 4446 15,
1353 4395 1505 4437 num.
1541 4381 1627 4435 10.
1667 4401 1686 4434 ι
1712 4381 1788 4452 rln

201 4448 350 4518 loco,
374 4448 382 4450 ἡ
405 4452 502 4524 qui
537 4448 743 4524 dicitur
769 4448 986 4524 'I_'rohe_n
1031 4466 1196 4524 supra
1232 4452 1668 4524 Babyloniang
1702 4451 1789 4524 l_n«

205 4519 443 4594 _te_rpres‘
475 4522 528 4594 in
557 4519 748 4594 Graec_o
793 4521 982 4594 legerit
1017 4519 1451 4594 EkiTpdiFt‘hY
1482 4523 1594 4576 ἂνω
1615 4522 1793 4594 Βαϐυ-

203 4589 400 4663 λῶνος,
434 4593 515 4647 vel
556 4593 636 4654 είς
693 4589 888 4661 Τρὼην
931 4592 1044 4646 ἄνω
1089 4589 1188 4663 τῆς
1239 4589 1574 4654 Βαϐυλῶνος.
1609 4593 1672 4663 Et
1713 4593 1794 4648 sic

205 4662 458 4735 intellige
485 4669 692 4735 textum
732 4671 977 4735 nostrum
1013 4679 1027 4716 :
1056 4662 1234 4735 neque
1279 4664 1425 4719 enim
1473 4664 1591 4735 dua:
1621 4662 1795 4735 Baby-

205 4733 361 4804 lones
392 4730 633 4804 (uerunt
660 4730 713 4804 in
748 4728 988 4804 Egypto
1017 4770 1034 4796 ,
1069 4728 1156 4804 uti
1180 4749 1281 4804 nec
1308 4735 1430 4789 dum
1475 4728 1791 4804 Memphes:

203 4811 257 4857 et
286 4801 465 4857 simili
495 4802 638 4856 haud
669 4802 835 4856 dubie
865 4801 1042 4857 sensu
1075 4803 1126 4857 in
1174 4801 1357 4859 Fastis
1387 4803 1557 4856 sacris
1576 4801 1793 4858 Ethio-

205 4874 365 4942 picis,
400 4887 435 4927 α
465 4869 605 4942 «Ιοὺο
637 4869 868 4942 Lndolio
888 4871 950 4942 in
988 4871 1232 4928 Historia
1277 4872 1794 4942 Ethiopicaeditis.

205 4939 332 5012 pag.
372 4941 486 5014 425
527 4941 848 5014 intelligitur
881 4939 1212 5014 Ptolomaeus
1253 4939 1530 5014 martyre
1558 4941 1795 5014 Memphi

205 5009 526 5082 superiore.
546 5009 624 5065 De
640 5009 762 5082 istis
790 5012 1004 5082 duabus
1029 5013 1256 5082 urbibus
1277 5009 1484 5069 dictum
1511 5015 1564 5067 in
1589 5009 1794 5068 Canini.

204 5081 374 5155 prin.
413 5082 590 5155 Adde,
639 5081 727 5137 hic
777 5081 1052 5155 designari
1092 5081 1420 5155 Babylonem
1468 5097 1698 5155 novam,
1722 5086 1798 5139 ad

209 5153 401 5207 Nilum
465 5149 714 5221 ﬂuvium,
769 5149 957 5221 postea
981 5149 1255 5219 dirutaui;
1309 5168 1378 5209 ex
1423 5152 1582 5221 cujus
1622 5154 1799 5209 ruinis

206 5223 456 5277 excitata
488 5219 591 5276 fuit
619 5221 675 5275 in
712 5219 928 5295 viciniis
961 5223 1091 5295 urbs
1124 5224 1344 5288 Cairus,
1372 5219 1542 5278 totius
1573 5221 1797 5295 Egypti

207 5302 417 5362 caput;
453 5307 484 5346 a
535 5307 641 5360 qua
689 5292 958 5362 tantisper
990 5293 1200 5348 distant
1241 5295 1357 5366 ejus
1413 5292 1800 5366 ruderafquze

207 5364 526 5418 etiamnum
559 5361 729 5416 videri
756 5361 1034 5417 dicuntur.

267 5379 382 5416 tam
392 5379 526 5416 num
559 5379 729 5416 νιαθη
756 5379 880 5417 ("Cll
890 5379 1034 5417 llllll‘.

277 5433 403 5504 (11)
444 5433 518 5486 De
567 5447 779 5504 canopo
814 5447 1022 5504 supra:
1059 5433 1259 5502 quibus
1291 5434 1415 5490 addi
1471 5444 1696 5504 possunt
1731 5450 1798 5492 ex

207 5501 600 5558 notatiOuibus
645 5501 848 5558 Valesii
871 5501 938 5557 ad
965 5501 1165 5558 librum
1200 5519 1258 5560 ιιι
1282 5501 1539 5559 Ηὶειοτὶω
1553 5505 1798 5559 ecclesia-

207 5573 368 5628 stica:
426 5573 739 5646 Soamncni,
805 5589 930 5644 pag.
979 5573 1104 5638 117,
1163 5591 1285 5644 quae
1313 5576 1477 5630 habet
1509 5576 1575 5630 de
1601 5575 1795 5646 insigni

211 5644 558 5698 monasterio
589 5641 1029 5716 Tabeunen'smm
1062 5663 1077 5700 :
1106 5641 1312 5716 ex'quo
1343 5646 1568 5708 factum,
1605 5656 1663 5700 ut
1692 5641 1797 5703 Ca-

214 5730 423 5782 nopus,
484 5729 604 5783 qua:
659 5721 816 5768 antea
855 5714 926 5768 ob
978 5715 1166 5769 luxum
1216 5714 1268 5770 ct
1317 5716 1540 5770 delicias
1571 5716 1792 5776 infamis

1891 4313 1960 4366 de
2014 4325 2090 4381 eo
2150 4311 2468 4380 loquentes;
2536 4312 2628 4380 qui
2687 4320 3000 4381 postremus
3067 4311 3268 4366 ibidem
3324 4323 3480 4367 vocat

1898 4399 1918 4434 ι
1981 4380 2352 4447 Metanmam,
2403 4380 2786 4436 suburbanum
2837 4380 3090 4436 maxime
3140 4381 3292 4437 urbis
3352 4383 3481 4439 Ale—

1894 4452 2157 4524 xaudrize,
2189 4454 2334 4524 quod
2371 4453 2502 4524 olim
2532 4451 2789 4524 CanOpus
2812 4452 3134 4524 vocabatur.
3175 4471 3194 4504 ι

1965 4521 2078 4593 (12)
2119 4521 2362 4594 Κάμισιν
2389 4522 2626 4594 Coteler.
2661 4521 2939 4592 Καμάσιν,
2967 4533 3160 4594 estque
3188 4522 3478 4594 subucula,

1895 4592 2066 4648 linea
2097 4592 2351 4660 interula,
2427 4593 2730 4663 indusium,
2759 4593 2930 4663 lintea
2948 4592 3164 4663 _sindon
3203 4610 3227 4663 :7
3273 4593 3340 4647 de
3369 4610 3479 4663 qua

1894 4678 2028 4719 voce
2093 4663 2332 4732 Caugius
2385 4671 2442 4718 et
2488 4660 3253 4732 Onomasticum“Rosweydi.
3319 4660 3482 4718 Vocis

1895 4743 2112 4804 etymou
2156 4730 2324 4787 tradit
2372 4746 2606 4804 sanctus,
2642 4733 2882 4804 Isidorus
2912 4730 3251 4801 HiSpalensis
3282 4732 3392 4804 lib.
3427 4749 3478 4788 ιιι

1899 4794 2178 4874 οῖ’ἱθὶηιιηι
2208 4821 2222 4868 ;
2271 4813 2501 4858 stratum
2525 4803 2693 4874 enim__
2724 4803 2811 4874 vel
2835 4794 3240 4874 flectusﬂcama
3280 4802 3480 4874 Hispa-

1899 4870 2025 4928 nico
2058 4873 2321 4929 idiomate
2367 4882 2615 4928 vocatur.
2652 4870 2890 4925 Camisia
2943 4873 3115 4926 Gallis
3147 4870 3397 4928 chemise;
3425 4874 3480 4926 In

1897 4943 2168 5013 liturgicis
2220 4952 2306 4998 est
2346 4944 2587 4999 exterior
2634 4941 2807 4998 vestis
2861 4941 2985 4997 alba
3023 4942 3383 5012 clericorum,
3428 4945 3482 4998 in
3535 4980 3541 4985 -

1898 5013 2144 5083 ecclesia
2163 5013 2365 5083 gestari
2393 5015 2576 5069 solita.

1973 5083 2086 5156 (ιὸ)
2130 5082 2436 5156 leonismns
2496 5084 2718 5156 sancti,
2776 5083 2890 5138 sive
2947 5083 3185 5156 exterior
3233 5087 3484 5156 corporis

1899 5153 2128 5223 species,
2157 5155 2226 5210 ab
2255 5163 2482 5210 auctore
2511 5153 2644 5210 Vitae
2673 5155 3087 5212 accuratissime
3128 5153 3216 5210 hic
3241 5153 3484 5210 delinea-

1902 5233 1978 5296 ιιι,
2019 5233 2278 5296 narratur
2323 5225 2466 5296 apud
2505 5224 2744 5296 Coteler.
2781 5239 2905 5296 pag.
2943 5227 3041 5281 571
3079 5225 3180 5279 :in
3227 5224 3332 5280 Vit.
3362 5224 3480 5280 PP.

1900 5294 1995 5349 lib.
2041 5310 2094 5358 γ,
2129 5295 2294 5350 libell.
2336 5295 2420 5360 15,
2476 5309 2630 5350 num.
2663 5295 2729 5350 10
2763 5294 2797 5350 :‘
2831 5294 3030 5351 ibidem
3081 5297 3246 5352 etiam
3303 5297 3484 5350 brevis

1903 5365 2017 5436 haec
2071 5367 2198 5420 vita:
2240 5365 2517 5434 periocha.
2567 5366 2754 5422 Codex
2803 5376 2990 5422 noster
3038 5366 3484 5436 lngolstadieusis

1901 5435 2062 5504 plane
2089 5437 2389 5506 singularis
2409 5445 2514 5502 est,
2544 5438 2672 5492 dum
2691 5437 2824 5490 dicit
2855 5453 2868 5490 :
2901 5456 2920 5490 ι
2953 5435 3183 5492 Moritur
3213 5449 3480 5506 annorum

1903 5514 2122 5576 centum
2156 5504 2260 5572 xv;
2302 5525 2321 5560 ι
2368 5515 2424 5561 at
2463 5505 2625 5562 facile
2654 5508 2859 5562 alicubi
2888 5523 2953 5562 ex
2986 5521 3087 5560 xcv
3123 5508 3266 5576 (qua:
3318 5504 3485 5576 lectio

1904 5590 1973 5630 ex
2005 5574 2121 5632 Vita
2159 5589 2367 5640 nostra,
2437 5577 2572 5632 Vitis
2623 5578 2739 5634 PP.
2796 5591 2858 5631 ac
2899 5574 3174 5631 Cotclerio
3219 5575 3485 5646 probatur

1901 5661 2023 5769 fasc
2052 5648 2309 5720 genuina)
2341 5649 2563 5706 formari
2633 5649 2807 5719 potuit
2849 5663 2970 5712 cxv,
3027 5649 3359 5716 transposita
3391 5645 3481 5698 lit-

1921 5731 2013 5769 era
2050 5734 2102 5769 x.

1921 5731 2013 5771 era
2050 5734 2078 5770 ἰ
2087 5755 2102 5770 .
