4064 6372
561 252 669 318 879
1767 249 1828 307 S.
1881 247 2276 310 TIIEODORI
2307 247 2656 311 STUDIT/E
3725 257 3838 318 880

559 365 860 432 societatis,
895 364 1333 444 alacritatemac
1373 363 1780 421 contentionem
1814 366 1870 420 in
1902 365 2133 433 orando,
2167 388 2178 430 Α

2278 365 2658 439 ισοσύντυχον,
2707 367 2770 424 τδ
2818 370 2899 435 είς
2946 372 3258 444 προσευχὴν
3293 371 3580 444 πρόθυμόν
3625 389 3688 427 τε
3741 375 3842 428 καὶ

558 457 1098 516 commiserationem
1161 471 1229 513 ae
1274 454 1688 512 discretionem.
1745 452 1908 511 Omni
1961 453 2148 526 itaque

2278 454 2488 525 ΰτονον,
2549 457 2674 512 τότε
2721 459 3012 531 συμπαθὲς
3059 461 3152 516 καὶ
3185 461 3552 533 διακριτικόν.
3612 463 3842 534 Ἐπειδὴ

559 551 744 610 studio
785 551 910 607 vita:
956 551 1130 622 ipsius
1175 550 1493 607 institutum
1527 547 1794 615 imitatus,
1836 548 2144 620 gratiarum

2279 547 2428 603 οίνυν
2457 548 2612 624 πάσῃ
2657 550 2862 623 σπουδῇ
2915 552 3019 623 τὴν
3066 552 3278 607 ἐκείνου
3319 555 3640 624 ἐμιμήσατο
3684 554 3843 608 πολι-

558 641 748 708 etiam,
776 642 979 714 quibus
1027 641 1122 699 ille
1147 652 1266 699 erat
1297 641 1578 713 prcditus,
1605 642 1812 698 donum
1846 641 2143 698 fruendum

2280 639 2415 709 είαν,
2446 640 2674 695 καὶτῶν
2694 641 2892 713 ἐκείνῳ
2911 643 3228 714 προσόντων
3251 645 3613 716 χαρισμάτων
3631 644 3842 715 ἠξιώθη

561 736 795 808 accepit,
857 735 1192 794 sanctissimi
1264 735 1507 806 Spiritus
1553 734 2141 804 communicationem,

2278 753 2307 790 ν
2342 735 2645 792 ἀπολαύσει
2695 737 2951 807 γενέσθαι
2984 737 3086 808 τῆς
3114 754 3175 791 τε
3221 735 3317 790 τοῦ
3351 736 3630 806 παναγίου
3664 735 3844 790 Πνεύ-

563 827 733 884 divini
757 827 986 884 luminis
1004 826 1424 884 illustrationem
1451 839 1517 882 ac
1539 825 1774 896 gratiam
1804 825 2144 898 perspicien-

2278 843 2432 892 ιατος
2481 829 2830 900 μεταδοσίας,
2851 829 2947 884 καὶ
2991 829 3093 902 τῆς
3141 827 3238 884 τοῦ
3263 827 3410 881 θείου
3433 827 3616 898 φωτὸς
3640 826 3845 899 ελλάμο

565 918 619 975 di
647 933 876 975 arcana.

2278 919 2426 989 μεως,
2456 920 2553 975 καὶ
2582 919 2679 975 τοῦ
2708 920 3020 994 διορατικοῦ
3050 921 3412 993 χαρίσματος.

2020 1053 2388 1115 EPILOGUS.

637 1168 730 1224 25.
761 1165 806 1223 Ο
826 1166 1104 1224 beatorum
1149 1145 1469 1221 beatissime
1501 1165 1720 1230 Arseni,
1739 1180 1943 1238 purum
1983 1163 2164 1238 Spiri-

2344 1176 2442 1224 κε’.
2477 1165 2547 1223 Ὦ
2586 1168 2876 1241 μακαρίων
2926 1167 3315 1240 μακαριιίιτατε
3357 1167 3624 1240 Ἅρσένιε,
3658 1171 3724 1226 τὸ
3754 1189 3854 1228 κα-

569 1271 660 1318 tus
714 1259 1132 1330 receptaculum.
1186 1256 1388 1329 Ecquis
1427 1273 1609 1314 sermo
1664 1270 1756 1316 tua
1806 1270 1956 1316 recte
2013 1269 2166 1334 gesta

2278 1261 2442 1332 θαρὸν
2473 1260 2568 1316 τοῦ
2596 1259 2914 1331 Πνεύματος
2941 1260 3312 1330 καταγώγιον.
3365 1259 3464 1322 Τίς
3498 1259 3670 1327 ἀξίως
3712 1262 3855 1333 ἐφη-

570 1352 751 1424 dignis
777 1352 1068 1423 praeconiis
1112 1351 1381 1408 extollat?
1423 1351 1595 1420 Quale
1642 1355 1862 1411 virtutis
1895 1370 2070 1426 genus
2099 1356 2154 1411 in

2278 1355 2434 1408 νεῖται
2466 1353 2542 1426 (q)
2591 1353 2752 1423 λόγος
2789 1351 2901 1407 τῶν
2927 1351 3040 1406 σῶν
3076 1350 3525 1423 κατορθωμάτων
3551 1368 3567 1417 ;
3602 1354 3764 1406 ποῖον
3797 1354 3856 1408 δὲ

573 1455 625 1502 te
679 1445 920 1517 primum
963 1444 1234 1500 laudabo?
1264 1445 1349 1501 An
1395 1461 1674 1503 secessum
1722 1463 1752 1500 a
1798 1447 2039 1504 saeculo?
2092 1445 2159 1502 Et

2278 1441 2406 1510 εἶδος
2437 1445 2641 1517 ἀρετῆς
2668 1443 2886 1516 πρῶτον
2913 1445 2974 1498 ὲν
3001 1443 3087 1498 σοὶ
3119 1443 3485 1514 ἐπαινέσομαι
3509 1459 3526 1509 ;
3555 1443 3856 1515 ἀναχώρη-

573 1506 830 1606 quisnam
869 1536 944 1590 ita
979 1534 1130 1590 dicto
1173 1535 1362 1591 divino
1390 1535 1646 1602 audiens,
1686 1537 1853 1593 citius
1892 1536 2158 1592 mundum

2278 1551 2350 1589 nv
2381 1506 2634 1607 κόσμου-ξ
2665 1506 2760 1590 καὶ
2795 1534 2882 1599 τίς
2917 1532 3092 1599 οὕτως
3121 1506 3450 1605 ἐπακηκοὼς
3482 1506 3856 1605 ὀζισὶς

574 1624 798 1696 reliquit
825 1624 1187 1680 universum?
1209 1624 1294 1682 Ad
1317 1624 1539 1680 modum
1575 1626 1874 1696 locumque
1904 1623 2165 1680 salutaris

2278 1628 2528 1683 κατέλιπε
2561 1629 2756 1685 θᾶττον
2789 1627 2997 1699 κόσμον
3027 1628 3186 1694 ὅλονς
3219 1627 3364 1699 Πρὸς
3394 1626 3486 1682 τὸν
3517 1627 3728 1698 τρόπον
3763 1632 3860 1682 καὶ

577 1715 788 1784 requiei
854 1716 1102 1770 cucurrit
1162 1714 1440 1770 Abraham
1502 1715 1858 1784 patriarcha,
1918 1725 1974 1770 at
2040 1729 2166 1770 cum

2278 1725 2358 1779 τὸν
2390 1725 2556 1779 τόπον
2582 1725 2680 1796 τῆς
2711 1721 3096 1796 σωηριώδους
3124 1722 3537 1788 καταπαύσεως
3563 1725 3854 1798 προσδρα-

579 1818 754 1860 uxore
783 1813 838 1860 et
885 1813 1199 1875 apparatu;
1250 1813 1308 1859 tu
1367 1819 1497 1860 vero
1534 1814 1644 1860 tam
1692 1806 1844 1861 solus
1872 1821 2040 1876 quam
2069 1804 2166 1876 qui

578 1898 838 1960 maxime.
869 1897 1076 1968 absque
1114 1905 1378 1968 apparatu
1421 1912 1486 1953 ac
1516 1898 1682 1954 rebus
1730 1897 2044 1968 superﬂuis,
2077 1912 2168 1953 so-

579 1990 690 2045 iam
745 1988 952 2046 Christi
1000 2004 1220 2046 crucem
1270 1989 1326 2044 in
1383 1989 1626 2046 humeris
1691 1990 1875 2046 ferens
1919 2005 2166 2045 eremum

581 2080 885 2144 incoluisti.
944 2079 1320 2152 Imperatoriae
1379 2090 1432 2137 te
1483 2081 1624 2137 aulae
1680 2096 1792 2136 non
1851 2090 2169 2150 traxerunt;

581 2171 916 2244 dignitatum
973 2173 1161 2244 apices
1213 2186 1322 2228 non
1368 2171 1744 2228 detinuerunt.
1788 2171 2010 2240 Quanto
2056 2173 2172 2230 haec

577 2266 709 2335 plus
758 2264 1205 2321 admirabilitatis
1260 2264 1482 2332 habent,
1541 2279 1710 2337 quam
1753 2275 1908 2337 gesta
1949 2266 2166 2338 ipsius!

583 2357 652 2413 Et
667 2359 795 2430 quis
827 2357 896 2414 ab
921 2357 1350 2429 appetitionibus
1378 2366 1536 2414 extra
1567 2357 1831 2414 saeculum
1868 2375 1969 2416 nec
2002 2374 2114 2416 non
2140 2375 2172 2415 a

586 2456 930 2503 terrenarum
976 2446 1400 2518 impressionum
1449 2446 1798 2504 lineamentis
1847 2462 2172 2515 conversus,

586 2539 680 2595 tali
707 2555 834 2596 cum
868 2540 977 2595 Deo
999 2539 1349 2611 colloquendi
1377 2539 1587 2596 honore
1630 2539 1864 2596 donatus
1888 2539 2034 2596 fuit?
2061 2540 2174 2596 Ma-

587 2646 730 2702 gnus
780 2630 872 2686 ille
933 2628 1144 2701 Moyses
1208 2641 1451 2685 montem
1505 2627 1638 2686 Sina
1691 2629 1968 2696 ascendit;
2017 2639 2076 2686 at
2115 2638 2171 2684 tu

590 2737 832 2796 quoque,
895 2731 1162 2792 occupata
1215 2721 1485 2777 orationis
1542 2720 1824 2787 columna,
1889 2736 2017 2777 cum
2064 2722 2174 2777 Deo

589 2813 838 2884 qumidie
882 2812 1139 2868 versandi
1177 2812 1443 2868 honorem
1494 2813 1775 2884 accepisti.
1811 2813 1962 2869 Illius
1987 2813 2174 2870 vultus

593 2905 762 2975 gloria
814 2903 1012 2959 exinde
1057 2905 1428 2960 coruscabat:
1485 2912 1544 2960 tu
1596 2914 1780 2960 autem
1822 2921 2004 2963 nonne
2027 2915 2174 2963 totus

595 2997 736 3068 ignis
757 2995 1062 3067 apparuisti
1096 2994 1301 3051 videnti
1337 2995 1434 3051 te?
1459 2995 1516 3067 (o
1540 2995 1930 3068 miraculum!)
1962 2997 2175 3052 oratio-

595 3087 683 3142 nis
715 3087 781 3142 ad
833 3084 1003 3142 Deum
1040 3093 1301 3142 contactu
1332 3085 1388 3142 in
1419 3084 1698 3143 ﬂammam
1753 3089 1954 3143 mutari
1984 3089 2174 3154 visus;

591 3190 784 3250 tuque.
817 3180 905 3236 cui
937 3194 1024 3236 res
1060 3178 1600 3246 communicabatur,
1636 3179 1738 3245 rei,
1773 3195 1896 3251 qua:
1926 3195 2176 3236 commu-

591 3273 885 3328 nicabatur
917 3271 1247 3338 consimilis,
1290 3271 1518 3344 angelus
1551 3288 1675 3330 eras
1699 3274 1824 3345 igne
1851 3274 2074 3339 ardens,
2101 3281 2176 3340 et,

599 3365 783 3420 sinon
839 3364 1102 3420 audacius
1157 3379 1322 3436 quam
1372 3379 1469 3434 par
1499 3373 1607 3432 est,
1649 3364 1902 3436 eloquar,
1945 3365 2177 3436 gloriam

600 3456 896 3512 Mosaicam
924 3469 1340 3527 supergressus.
1378 3453 1500 3511 iam
1535 3471 1665 3512 vero
1700 3455 1832 3527 quid
1855 3455 2023 3511 statio
2050 3469 2178 3526 per-

595 3545 897 3604 -nox:Nox
945 3547 1090 3603 sicut
1141 3547 1258 3604 dies
1304 3547 1610 3614 illuminata
1663 3546 1765 3604 fuit
1813 3546 2179 3612 orationibus,

603 3636 1069 3708 quemadmodum
1124 3638 1348 3696 divinus
1404 3637 1580 3696 David
1639 3640 1902 3697 cecinit‘.
1961 3639 2054 3695 Sol
2085 3639 2180 3695 tibi

603 3731 785 3786 oranti
847 3739 1059 3798 astans,
1106 3732 1210 3790 soli
1242 3743 1296 3790 te
1332 3733 1569 3800 remisit,
1602 3732 1929 3790 circularem
1957 3747 2181 3789 cursum

596 3838 896 3894 .peragens.
929 3821 974 3880 0
1013 3824 1116 3891 sol,
1173 3825 1278 3880 soli
1329 3825 1688 3896 intelligentia
1728 3825 1958 3897 praedito
1989 3840 2183 3881 revera

603 3915 801 3970 :emule
837 3917 850 3970 ι
909 3913 1063 3970 Mens
1095 3921 1188 3970 tua
1216 3915 1429 3970 lumine
1461 3929 1774 3986 praegnans,
1802 3913 1997 3984 purius
2017 3928 2183 3984 quam

604 4008 817 4064 salares
865 4008 1010 4064 radii
1049 4008 1102 4062 in
1131 4008 1335 4064 caelum
1375 4007 1599 4063 demisit
1635 4006 2002 4079 c0gitatioues
2039 4017 2184 4074 tuas,

604 4099 778 4156 caelos
807 4097 959 4169 ipsos
993 4101 1472 4154 transcendentes.

2270 1815 2386 1888 μὼν
2407 1815 2668 1888 ’Δϐραὰμ
2700 1816 2730 1870 ό
2773 1815 3144 1888 πατριάρχης,
3173 1814 3312 1871 ἀλλὰ
3355 1814 3456 1870 σὺν
3496 1817 3726 1885 γυναικὶ
3762 1817 3860 1870 καὶ

2266 1913 2584 1984 ἀποσκευῇ·
2619 1911 2685 1966 σὺ
2729 1910 2788 1964 δὲ
2844 1908 3157 1980 μονώτατος
3197 1909 3294 1964 καὶ
3339 1909 3575 1975 ἄσκευος
3619 1912 3721 1964 xa't
3753 1912 3860 1964 ἀπ-

2267 2008 2500 2080 έριττος,
2529 2003 2696 2078 μόνον
2723 2001 2819 2058 τοῦ
2851 2001 3091 2074 Χριστοῦ
3121 2001 3217 2057 τὸν
3255 2001 3489 2072 σταυρὸν
3542 2001 3860 2072 ὲπωμάδιον

2268 2099 2455 2170 φέρων
2477 2095 2743 2169 ηὑλίσθης
2767 2097 2828 2151 ὲν
2853 2099 2919 2168 τῇ
2948 2096 3165 2169 ἐρήμῳ.
3204 2095 3479 2150 Βασίλειοί
3507 2113 3570 2150 σε
3598 2095 3768 2152 αὐλαὶ
3796 2096 3857 2150 ού

2268 2189 2658 2256 καθείλκυσαν,
2700 2188 2972 2260 ὑπεροχαὶ
3023 2188 3355 2261 ἀξιωμάτων
3397 2188 3462 2242 ού
3507 2189 3859 2260 περικράτη-

2271 2304 2396 2342 σαν.
2423 2287 2590 2340 Ὅσον
2615 2285 2791 2340 ταῦτα
2813 2285 3028 2339 ἐκείνου
3059 2283 3488 2356 θαυμασιώτερα
3515 2285 3862 2355 προσέτυχεν

2270 2377 2556 2453 ἐργασίαν.
2583 2378 2684 2442 Τίς
2714 2375 2887 2441 οὕτως
2920 2375 3256 2448 συστραφεὶς
3283 2376 3392 2430 τῶν
3416 2375 3734 2446 αίσθήσεων
3759 2375 3860 2440 ἔξω

2271 2474 2506 2545 κόσμου,
2555 2472 2786 2528 καὶτῶν
2820 2471 2976 2526 κάτω
3021 2469 3447 2542 φαντασιῶντων
3485 2471 3861 2542 χαρακτήρων

2271 2567 2586 2638 γενόμενος,
2615 2565 2737 2636 Θεῷ
2779 2563 3114 2636 συλλαλῆσαι
3138 2562 3401 2634 ὴξίωταις
3441 2563 3657 2633 Μωσῆς
3696 2565 3728 2618 ὁ
3764 2564 3859 2634 μέ-

2272 2679 2377 2733 γας
2401 2659 2660 2731 ἀναχθεὶς
2692 2660 2752 2712 εν
2773 2656 2851 2729 τῷ
2883 2656 3083 2729 Σιναίῳ
3107 2672 3121 2688 ·
3154 2655 3293 2711 ἀλλὰ
3333 2656 3428 2710 καὶ
3462 2656 3526 2709 σὺ
3555 2657 3616 2709 ὲν
3645 2655 3731 2728 τῷ
3767 2657 3862 2727 τῆς

2275 2750 2590 2824 προσευχῆς
2636 2747 2818 2819 στύλῳ
2845 2745 3104 2816 ὲφθακὼς
3138 2745 3348 2816 ὁμιλεῖν
3376 2745 3496 2816 Θεῷ
3525 2745 3690 2816 ἠξίου
3733 2747 3863 2800 ἑκά-

2199 2854 2244 2914 c
2277 2859 2453 2912 στοτε.
2497 2842 2768 2906 Κάκεῖνος
2809 2840 2872 2894 τδ
2911 2839 3206 2912 πρόσωπον
3247 2836 3497 2891 ἐντεῦθεν
3527 2837 3660 2909 δόξῃ
3705 2855 3864 2910 περι-

2275 2937 2562 3009 ήστραπτο
2578 2949 2594 2965 ’
2620 2935 2686 2988 σὺ
2713 2933 2772 2987 δὲ
2803 2933 2905 3004 οὐχ
2925 2932 3046 2996 ὅλος
3075 2929 3188 3003 πῦρ
3210 2929 3291 3001 τῷ
3313 2929 3517 3000 ὁρῶντι
3542 2929 3861 2993 ἑδείκνυσο;

2275 3026 2322 3081 ὣ
2355 3027 2452 3081 τοῦ
2483 3025 2765 3097 θαύματος
2787 3040 2802 3056 ο
2834 3026 2903 3096 τῇ
2933 3023 3005 3080 δι’
3039 3023 3206 3095 εὐχῆς
3253 3025 3393 3095 πρὸς
3422 3021 3557 3077 Θεδν
3592 3022 3864 3093 συναφεῖς

2277 3117 2413 3190 φλὸξ
2436 3118 2815 3189 δεικνύμενος,
2854 3116 3118 3188 ὲφόμοιος
3165 3115 3240 3169 ὢν
3283 3115 3380 3169 τοῦ
3427 3117 3804 3187 μετεχομένου
3839 3117 3866 3169 ὁ

2282 3212 2550 3284 μετέχων,
2583 3210 2816 3280 ἄγγελος
2852 3206 3293 3280 πυριφλεγέθων,
3323 3207 3418 3260 καὶ
3443 3209 3492 3261 εί
3528 3207 3606 3278 μὴ
3653 3208 3866 3278 τολμησ

2283 3305 2394 3376 ρῶς
2450 3305 2648 3370 εἰπεῖν,
2685 3303 2786 3374 τῆς
2817 3303 3120 3372 Μωσαῖκῆς
3150 3299 3311 3370 δόξης
3355 3297 3864 3370 ὕπερφερέστερος.

2281 3395 2346 3452 Τί
2385 3397 2443 3451 δὲ
2479 3397 2513 3468 ἡ
2549 3395 2742 3458 στάσις
2767 3394 2802 3465 ἡ
2831 3394 3142 3464 πάννυχος;
3179 3392 3212 3463 ὴ
3241 3390 3340 3456 νὺξ
3385 3391 3462 3454 ὡς
3500 3390 3700 3462 ἡμέρα
3751 3392 3868 3452 ταῖς

2281 3491 2617 3562 προσευχαῖς
2645 3489 3011 3558 ὲπεφὼτιστο,
3032 3485 3108 3550 ὡς
3133 3487 3163 3539 ὁ
3193 3483 3338 3548 θεῖος
3361 3482 3529 3536 Δασὶδ
3556 3483 3866 3555 ὲμελογρὰο

2283 3598 2478 3654 φησεν.
2511 3580 2705 3645 Ἥλιός
2736 3595 2796 3632 σε
2834 3576 3124 3650 παρεστῶν
3147 3577 3215 3647 τῇ
3245 3574 3382 3646 εὐχῇ
3403 3573 3543 3646 ἡλίῳ
3569 3572 3869 3645 παρέπεμο

2283 3691 2411 3742 πεν,
2447 3673 2550 3746 τὴν
2580 3671 2850 3742 κυκλικὴν
2881 3667 3225 3740 περιδρομὴν
3254 3667 3602 3737 ποιούμενος.
3640 3661 3723 3718 Ὦ
3756 3666 3869 3736 ἥλιε

2284 3767 2382 3822 καὶ
2413 3763 2509 3820 τοῦ
2540 3763 2712 3826 ὅντως
2750 3762 2944 3833 νοητοῦ
2971 3759 3122 3832 ἡλίου
3152 3757 3451 3830 ὲιράμιλλε·
3481 3759 3516 3827 ἡ
3538 3755 3760 3811 διάνοια
3783 3772 3869 3808 σου

2287 3855 2466 3926 φωτὸς
2512 3853 2774 3925 ἐγκύμων
2805 3853 3130 3924 ὑπάρχουσα
3153 3847 3396 3918 ἡλιακῶν
3427 3847 3670 3902 ἀκτίνων
3705 3847 3870 3900 καθι-

2291 3945 2550 4018 ρώτερον,
2593 3946 2722 4008 τοὺς
2751 3943 3050 4014 λογισμοὺς
3093 3943 3175 4006 είς
3205 3939 3436 4012 οὐρανὸν
3466 3939 3609 4009 ὴφίη
3637 3940 3737 4008 (r),
3783 3939 3872 3990 καὶ

2288 4037 2434 4111 ὑπὲρ
2458 4037 2587 4102 τοὺς
2615 4037 2882 4107 οὐρανοὺς
2902 4033 3327 4106 ἀνατρέχοντας.

675 4190 768 4246 26.
807 4163 892 4245 An
951 4191 1266 4247 solitudinis
1340 4188 1745 4261 iucunditatem
1834 4188 2178 4261 praedicabo?

2362 4163 2478 4264 δίς-⁸.
2519 4195 2780 4268 Ἡσυχίας
2807 4193 3181 4267 τερπνότητα;
3209 4189 3306 4247 καὶ
3324 4189 3408 4255 τίς
3433 4206 3528 4243 σου
3550 4189 3739 4260 ῷπται
3761 4189 3871 4258 φιλ-

608 4283 814 4354 Ecquis
851 4295 914 4340 te
935 4285 1197 4354 apparuit
1221 4283 1539 4340 solitudinis
1560 4281 1855 4347 amantior,
1889 4282 1958 4338 ab
1992 4283 2189 4338 huma-

610 4374 698 4430 nis
722 4373 1048 4429 tumultibus
1075 4373 1383 4442 recedente,
1407 4380 1464 4428 et
1491 4371 1550 4427 in
1579 4371 1758 4429 solum
1789 4370 1965 4427 Deum
1995 4372 2184 4428 eleva-

610 4464 709 4521 to?
734 4464 1094 4538 Pythagoram
1119 4463 1511 4536 philosophum
1543 4479 1670 4520 cum
1705 4464 1925 4519 nemine
1960 4463 2184 4535 quidem

611 4555 740 4622 alio,
803 4567 861 4611 at
907 4570 1036 4611 cum
1069 4555 1247 4612 bobus
1290 4561 1478 4610 tamen
1520 4562 1574 4610 et
1603 4551 1798 4609 ‘avibus
1847 4553 2184 4610 collocutum

611 4647 814 4711 ferunt,
843 4661 910 4702 ex
931 4659 1129 4702 amore
1176 4643 1423 4716 quietis:
1469 4651 1527 4698 tu
1573 4659 1703 4700 vero
1736 4643 1813 4709 id,
1859 4643 2006 4714 quod
2039 4644 2187 4699 ineo

615 4735 718 4792 fuit
760 4752 792 4792 a
827 4735 1173 4806 philosophia
1221 4733 1488 4798 alienum,
1533 4741 1794 4803 tanquam
1851 4749 2042 4804 parum
2093 4735 2188 4791 de-

613 4842 766 4892 cens,
817 4827 1218 4900 redarguendo,
1244 4825 1482 4882 docuisti
1509 4825 1867 4898 hesychasten
1899 4825 1955 4881 in
1987 4826 2186 4882 solitu-

614 4918 742 4972 dine
797 4917 1014 4989 degcre,
1074 4933 1144 4974 ne
1197 4931 1389 4981 vocem
1441 4915 1664 4987 quidem
1723 4917 1904 4973 avium
1961 4918 2188 4974 audien-

617 5017 721 5062 tem
751 5007 884 5080 (14).
943 5007 1051 5064 Cor
1102 5017 1256 5064 tuum
1297 5023 1503 5080 purum
1561 5008 1699 5064 mari
1738 5007 2011 5079 profunda
2041 5018 2187 5066 tran-

694 5123 710 5156 ³
740 5121 885 5180 Psai.
919 5138 1186 5189 cxxxvm,
1215 5122 1304 5179 12.

2288 4287 2666 4360 ησυχώτερος,
2701 4285 2813 4340 τῶν
2863 4282 3222 4356 ἀνθρωπίνων
3275 4279 3522 4352 θορύϐων
3560 4280 3870 4349 ἀφιστάμε-

2289 4396 2400 4444 νος,
2435 4378 2528 4433 καὶ
2563 4377 2701 4449 πρὸς
2721 4375 2856 4430 Θεὸν
2885 4375 3048 4447 μόνον
3089 4372 3595 4446 μετεωριζόμενος
3629 4368 3872 4438 Πυθαγό-

2291 4487 2392 4542 ραν
2423 4470 2560 4540 φασὶ
2599 4469 2692 4523 τὸν
2735 4467 3026 4538 φιλόσοφον
3063 4465 3212 4538 ἄλλῳ
3252 4463 3350 4537 μὲν
3387 4462 3588 4526 οὐδενὶ,
3624 4461 3782 4532 βουσὶ
3820 4460 3870 4512 δὲ

2291 4562 2390 4617 καὶ
2421 4561 2630 4632 ὀρνέοις
2661 4561 2986 4632 προσλαλεῖν
3013 4557 3246 4631 ἡσυχίας
3284 4556 3450 4629 ἔρωτι
3471 4569 3487 4584 ⁸
3529 4555 3598 4608 σὺ
3629 4554 3693 4607 δὲ
3721 4551 3868 4606 τοῦδε

2291 4655 2352 4708 τὸ
2383 4655 2710 4725 ἀφιλόσοφον
2750 4651 3073 4723 διήλλεγξας
3109 4651 3186 4714 ὡς
3227 4646 3688 4720 σμικροπρεπὲς,
3744 4642 3869 4713 μηδὲ

2294 4747 2479 4818 φωνῆς
2537 4747 2740 4819 ὀρνέων
2794 4744 3055 4799 ἐπαΐοντα
3111 4743 3202 4799 τὸν
3256 4739 3571 4813 ἡσυχαστὴν
3624 4737 3868 4808 ἠρεμεῖν.

2295 4842 2514 4896 Ἔοικεν
2540 4858 2634 4894 σου
2667 4842 2702 4913 ἡ
2727 4839 2943 4911 καθαρὰ
2963 4837 3161 4911 καρδία
3183 4835 3411 4904 πελάγει
3439 4829 3871 4902 κατεστορεσμέ-

2294 4951 2370 5004 νῳ
2400 4933 2615 5006 γαλήνῃ
2645 4932 2860 5005 βαθείᾳ,
2888 4931 3080 5004 πόρρω
3121 4928 3230 4983 τῶν
3261 4927 3364 4996 τῆς
3392 4923 3667 4994 πονηρίας
3719 4935 3872 4973 πνευ-

2295 5028 2482 5098 μάτων
2509 5025 2856 5100 βαλλομένων
2891 5021 3149 5094 ὲπιπνοίᾳ
3189 5017 3288 5074 τοῦ
3322 5016 3590 5085 παναγίου
3625 5011 3870 5082 Πνεύμαο

2126 5211 2363 5270 NOTAE.

689 5336 764 5410 (ιι)
805 5337 1165 5410 Ἐπιηνεῖται.
1200 5337 1277 5410 ita
1307 5339 1676 5410 apographum
1705 5346 1978 5410 nostrum.
2006 5331 2176 5410 Nocet

2278 5346 2388 5386 .anc
2416 5344 2523 5385 non
2556 5326 2774 5408 invenio
2809 5341 2823 5377 :
2877 5321 3014 5389 Quid
3055 5320 3102 5376 si
3125 5317 3334 5376 scribas
3374 5313 3873 5410 ὲιςνμγεῖταιῖᾐὴ
3961 5385 3966 5388 _

619 5465 624 5470 -
658 5386 764 5494 ..3³⁵
803 5386 2355 5494 "145.534viges“?'ﬁmab'}'Léiisié'éiliéi'éifsua
2409 5386 3158 5494 9”":22'351'£~..?£$1‘1.°“J:L
3179 5386 3478 5494 ‘ﬁ'l‘l’f’ﬁﬁ'f;
3507 5386 3874 5494 ὶὲξιὲῐξηίἻέΕ

621 5455 1093 5554 ειιγῖξύἰιιῖῑίέεήιιιῖξ
1116 5455 1705 5554 ετλιςῑξεεῆιῖωῑιῖέςιῑ,
1733 5455 2394 5554 cretii-arminus...
2426 5471 2483 5554 ει.
2512 5455 2750 5539 linguam
2764 5455 3024 5522 me...
3055 5477 3177 5532 ρας.
3210 5455 3349 5514 us:
3382 5456 3472 5511 ubi
3507 5455 3734 5511 verbum
3781 5455 3874 5505 hoc

624 5567 771 5607 nunc
792 5550 978 5624 augeri
1011 5551 1065 5605 iu
1101 5549 1278 5618 initio,
1311 5547 1459 5616 nunc
1487 5550 1542 5604 in
1567 5549 1766 5614 medio,
1799 5563 1943 5602 nunc
1970 5547 2226 5616 utrinque
2274 5547 2535 5613 reperies.

693 5644 806 5713 (Η)
837 5643 1043 5716 Alludit
1075 5644 1140 5698 ad
1177 5645 1330 5706 illud.
1362 5644 1507 5716 quod
1540 5643 1606 5698 de
1635 5657 1766 5716 voce
1805 5641 2030 5716 aviculae
2063 5656 2194 5716 uar-

626 5711 951 5770 ravit‘num.
996 5715 1050 5770 8.
1103 5717 1220 5771 Alia
1271 5711 1712 5787 liic'sequentia,
1761 5730 1868 5786 quo
1911 5711 2192 5769 referenda

2299 5637 2431 5718 sint,
2483 5632 2713 5706 quilibet
2761 5645 2861 5701 per
2914 5643 2974 5687 se
3029 5641 3095 5684 ex
3141 5622 3305 5680 dictis
3354 5619 3667 5691 perspicere
3731 5623 3872 5684 μηδ’

2301 5718 2392 5761 νη.
