4064 6372
218 480 310 548 881

806 475 1091 543 ORATIO
1125 474 1267 538 XII.
1305 498 1378 511 -
1415 472 1807 537 LAUDATIO
1833 473 1895 537 S.
1959 474 2275 536 ARSENII
2309 472 2860 537 ANACHORET/E.

3364 475 3472 537 882

216 612 320 660 τος,
364 590 421 643 ὲν
469 579 515 657 ᾧ
558 587 622 643 τὸ
677 587 845 642 πλοῦν
889 585 1250 656 διαπεράνας.
1284 588 1367 651 είς
1404 586 1498 640 τὸν
1536 586 1789 657 ἀκύμονα

1899 586 2166 659 quillitate
2192 596 2368 644 strato
2405 585 2585 643 simile
2616 585 2738 653 fuit,
2768 583 3055 655 spiritibus
3085 584 3311 645 malitia
3342 604 3472 660 pro-

220 684 397 757 λιμένα
420 681 522 751 τῆς
549 679 662 736 ἀνω
689 678 971 749 βασιλείας
997 678 1370 745 κατέπαυσας.
1401 680 1781 753 Ταπεινοφρο-

220 779 370 848 etim;
397 774 561 845 ῦψος;
594 775 689 828 καὶ⁸
710 773 793 838 τίς
816 772 991 838 οὕτως
1008 774 1307 831 ὲταπείνουη
1326 775 1526 830 ἑαυτὸν
1544 778 1604 831 ἐν
1629 776 1785 831 εὐτε-

219 870 328 942 λείᾳ
353 867 614 938 ὲσθῆτος;
654 866 753 931 Τίς
793 865 970 932 οὕτως
1009 867 1079 923 τά
1109 869 1303 941 πρῶτα
1341 869 1482 941 ἔχων
1527 870 1587 923 ὲν
1627 869 1784 941 βασι-

218 959 377 1024 λεῦσι,
422 957 517 1010 καὶ
564 956 733 1020 πολὺς
775 957 833 1010 ὲν
881 957 1186 1025 παιδεύσει,
1238 957 1472 1025 ὕστατος
1517 959 1674 1032 ὤφθη
1724 963 1786 1017 ὲν

220 1050 517 1123 ἀποκρύψει
555 1049 840 1119 εὐγενείας
876 1067 939 1104 τε
968 1051 1065 1106 καὶ
1097 1052 1294 1123 σοφίας
1339 1054 1440 1125 τῆς
1473 1054 1786 1127 ἀπολλυμέ-

220 1160 342 1217 νης·
389 1145 417 1197 ὁ
462 1142 915 1216 χρυσοστόλιστος
959 1144 1378 1216 πενιχροφόρος,
1420 1146 1450 1199 ὁ
1478 1144 1787 1217 πολύσοφος

222 1240 660 1315 ἀγροικιζόμενος
682 1254 698 1269 ·
742 1240 771 1293 ὁ
805 1238 1288 1308 πολυμαθέστατος
1340 1238 1787 1310 μαθητευόμενος

218 1337 329 1398 ταῖς
359 1333 691 1403 ἐρωτήσεσιν
723 1328 865 1403 [καὶ]
893 1333 1014 1394 ταῖς
1044 1330 1389 1403 ὲκμαθήσεσι
1410 1329 1789 1398 προσπαθείας

220 1426 532 1499 νεκρότητα,
556 1424 653 1479 καὶ
676 1423 925 1495 παρῆκες
946 1423 1119 1493 ἑτέρῳ
1148 1423 1328 1478 πλέων
1352 1422 1442 1494 ἔχε
1452 1441 1518 1479 ιν.
1548 1425 1622 1477 Τὸ
1650 1423 1789 1495 πρὸς

219 1520 333 1582 τοὺς
363 1514 799 1586 ἀγχιστεύαντας
823 1514 1146 1581 αἰσθέσθαις
1187 1513 1471 1570 Ἐντεῦθεν
1504 1532 1587 1570 σοι
1612 1516 1674 1569 τὸ
1701 1515 1791 1570 λέ-

219 1626 361 1681 γειν·
399 1607 544 1677 Ἐγὼ
591 1608 699 1680 πρὸ
728 1606 943 1663 ἐκείνου
973 1606 1269 1671 ἀπέθανον,
1304 1606 1383 1679 τῷ
1416 1607 1789 1680 προαιρετικῷ

218 1702 402 1773 δηλαδὴ
462 1700 680 1771 Θανάτῳ
736 1698 833 1753 τοῦ
882 1697 1118 1770 φυσικοῦ
1174 1698 1606 1770 προτεθνηκότος
1667 1715 1786 1754 σου.

230 1793 501 1849 Ἐντεῦθεν
523 1792 583 1847 τὺ
612 1791 881 1865 μακάριόν
907 1806 1002 1845 σου
1029 1790 1379 1862 ἐπίφθεγμα·
1420 1792 1687 1862 ’Δρσὲνιε,
1709 1791 1792 1846 διὸ

216 1884 423 1956 ἐξῆλθες
442 1900 457 1916 ο
490 1884 519 1937 ὃ
548 1884 738 1955 ᾅδουσι
786 1882 941 1954 χοροὶ
972 1881 1281 1953 μοναστῶν,
1318 1884 1579 1955 φέροντες
1608 1899 1788 1953 σωτη-

218 1980 328 2050 ρίας
380 1978 631 2046 ὲφόδιονο
677 1977 955 2049 ἁμαρτίας
1006 1977 1119 2048 γάρ
1163 1979 1313 2032 ἐστιν
1367 1978 1654 2050 ἐμπόδιον,
1695 1956 1873 2052 τὴνΒ

214 2070 401 2132 αίτίαν,
421 2069 494 2122 δι’
514 2069 582 2140 ἢν
600 2069 806 2140 κόσμου
825 2070 1240 2143 ὲπερῤάγημεν,
1256 2071 1796 2143 ὲπαναμιμνήσκειν,

218 2162 301 2216 καὶ
330 2161 464 2233 πρὸς
503 2161 672 2232 μηδὲν
708 2161 891 2234 ἄλλοῆ
926 2162 1056 2234 περὶ
1080 2161 1236 2216 τοῦδε
1262 2162 1427 2233 μόνου
1462 2162 1793 2233 φροντίζειν.

1889 680 1980 737 cul
2043 680 2235 750 ejectis
2294 680 2479 735 afﬂatu
2570 678 2809 748 Spiritus
2876 679 3252 737 sanctissimi:
3312 683 3475 754 cujus

1889 772 2151 843 auspiciis
2202 771 2609 843 navigationem
2699 785 2982 837 emensus,
3057 774 3114 827 in
3172 775 3476 846 tranquillo

1889 866 2118 937 superni
2168 864 2322 937 regni
2401 873 2563 934 portu
2621 863 2960 934 requievisti.
3016 864 3099 919 An
3149 865 3476 925 humilitatis

1891 957 2236 1013 altitudinem
2268 958 2530 1029 eloquar?
2556 956 2760 1028 Ecquis
2800 956 2941 1015 adeo
2997 958 3239 1029 seipsum
3275 959 3477 1032 abjecit

1892 1049 1951 1107 in
2006 1050 2216 1107 vilitate
2259 1051 2495 1107 vestitus
2517 1051 2541 1104 ‘l
2564 1048 2701 1117 Quis
2736 1051 2973 1121 primum
3001 1050 3146 1121 apud
3173 1051 3472 1122 imperato-

1892 1156 1982 1198 res
2009 1142 2187 1197 locum
2220 1149 2434 1209 tenens,
2485 1141 2767 1212 multaque
2798 1142 3069 1212 sapientia
3116 1144 3477 1215 conspicuus,

1893 1235 2031 1292 adeo
2066 1236 2316 1306 apparuit
2364 1246 2716 1306 postremus,
2761 1234 3091 1291 occultando
3134 1236 3477 1294 nobilitatem

1894 1345 1962 1386 ac
2021 1330 2366 1401 sapientiam,
2418 1344 2542 1401 quae
2572 1330 2733 1401 perit.
2766 1330 2872 1397 Qui
2925 1344 3095 1386 aurea
3153 1330 3476 1386 indueharis

1894 1421 2056 1486 stola,
2082 1422 2478 1492 pauperculum
2508 1422 2620 1479 fers
2653 1422 2937 1492 habitum;
2980 1424 3075 1495 qui
3103 1438 3230 1480 eras
3260 1423 3478 1494 sapien-

1897 1513 2163 1581 tissimus,
2211 1515 2277 1571 tis
2328 1515 2483 1572 rudis
2527 1524 2582 1571 et
2630 1516 2905 1588 agrestis;
2943 1516 3038 1587 qui
3066 1531 3190 1573 eras
3223 1518 3482 1588 magister

1894 1603 2204 1677 disciplinis
2273 1607 2723 1675 excultissimus,
2817 1608 3346 1680 interrogationibus
3417 1622 3483 1663 ac

1895 1699 2202 1771 disciplinis
2231 1700 2724 1757 imortifieationem
2783 1701 2955 1758 discis
2996 1700 3373 1769 alfectionum,
3425 1713 3482 1757 et

1896 1799 2140 1867 potiores
2169 1794 2327 1849 alteri
2369 1803 2555 1865 partes
2602 1793 2953 1850 concessisti.
2978 1794 3156 1858 Anne,
3192 1809 3323 1864 erga
3354 1807 3483 1863 pro-

1897 1885 2136 1956 pinquos
2180 1886 2459 1955 quomodo
2498 1884 2727 1941 aﬂ’ectus
2779 1882 2975 1947 fueris.
3030 1883 3306 1954 eloquar?
3349 1884 3487 1939 Hinc

1903 1985 2058 2032 tuum
2125 1985 2274 2032 certe
2301 1975 2525 2031 effatum
2571 1975 2725 2047 (l5):
2792 1973 2909 2046 Ego
2963 1983 3091 2031 ante
3128 1976 3307 2046 ipsum
3338 1988 3487 2029 mor-

1904 2079 2032 2126 tuus
2085 2085 2207 2125 sum
2244 2086 2259 2124 :
2299 2069 2611 2125 voluntaria
2656 2068 2912 2125 videlicet
2960 2077 3141 2125 morte
3180 2067 3487 2124 naturalem

1906 2173 1957 2219 te
1989 2169 2369 2233 przevertente.
2404 2158 2545 2215 Hinc
2582 2160 2805 2216 beatum
2837 2168 2995 2214 tuum
3023 2159 3230 2215 dictum
3261 2178 3275 2213 :
3306 2161 3479 2216 Arse-

217 2255 284 2320 ui,
332 2269 502 2324 quare
570 2253 954 2321 existi?Quod
1001 2254 1300 2310 concinunt
1355 2253 1512 2310 chori
1560 2256 1987 2323 monachorum,
2050 2253 2289 2310 ferentes
2347 2252 2608 2308 viaticum
2678 2253 2895 2309 salutis.
2942 2252 3235 2309 Peccatum
3290 2254 3491 2324 quippe

216 2347 427 2417 impedit
479 2363 663 2403 causa
721 2358 941 2420 propter
990 2363 1153 2419 quam
1186 2363 1219 2404 a
1252 2349 1460 2405 mundo
1488 2350 1669 2406 avulsi
1726 2366 1944 2418 sumus,
2010 2348 2445 2414 reminiscentia,
2503 2347 2764 2418 nullaque
2786 2348 2893 2404 alia
2916 2363 3084 2421 quam
3144 2349 3214 2406 de
3239 2350 3344 2407 hoc
3372 2349 3490 2405 solo

218 2456 357 2495 cura.

276 2531 376 2596 κζ’.
411 2532 480 2585 Τί
516 2531 573 2585 δὲ
597 2533 630 2601 ἠ
654 2531 980 2601 ἀγαλλίασις
1010 2534 1114 2606 τῆς
1141 2533 1292 2599 θείας
1313 2534 1680 2603 κατανύξεως,
1701 2555 1797 2609 με·

216 2624 331 2695 λέτη
363 2623 603 2678 θανάτου
638 2624 918 2696 διηνεκὴς.
952 2625 1198 2690 ἀεννάως
1227 2626 1602 2696 πελαγίζουσα
1637 2632 1696 2684 ὲν
1724 2632 1791 2703 τῇ

218 2715 422 2788 καθαρᾷ
451 2715 656 2789 καρδίᾳ
687 2734 803 2782 σου,
832 2716 893 2784 εξ
921 2712 989 2789 ἦς
1036 2719 1105 2774 τά
1152 2719 1351 2791 ῥεῖθρα
1382 2720 1493 2775 τῶν
1532 2721 1790 2795 δακρύων

218 2807 542 2872 ἁνελλειπῶς
574 2809 878 2881 προχέοντα
903 2811 1115 2884 πυρσόν
1147 2829 1231 2867 σοι
1256 2813 1432 2883 ἀνῆψε
1464 2814 1616 2881 θείας
1647 2818 1713 2886 ἀγ
1724 2833 1792 2872 α-

219 2899 458 2971 πήσεως;
520 2901 600 2972 Τῇ
645 2902 969 2975 σωφροσύνῃ
1024 2903 1278 2976 δεύτερον
1316 2904 1518 2979 Ἰωσὴφ
1562 2908 1792 2975 εἰκότως

220 2990 540 3064 καλέσαιμι⁶
577 2992 713 3047 ἀλλά
755 2995 851 3047 καὶ
889 2994 951 3048 τὸ
977 2996 1076 3068 τῆς
1106 2996 1295 3067 θήλεος
1332 2998 1676 3068 μνημόσυνον
1713 3002 1796 3064 εἰς

218 3083 354 3136 ἅπαν
380 3081 622 3155 ἐξαίρων
652 3082 712 3149 ἐξ
740 3085 909 3154 ἀγνῆς
956 3085 1189 3158 καρδίας
1251 3105 1368 3142 σου.
1404 3089 1463 3144 '0
1497 3082 1665 3155 ὅντως
1694 3093 1795 3144 1's-

1971 2533 2064 2590 27.
2082 2531 2203 2589 1am
2223 2545 2360 2589 vero
2396 2530 2532 2603 quid
2558 2530 2861 2588 exsultatio
2886 2528 3086 2585 divinae
3110 2530 3495 2598 compunctio-

1897 2626 2017 2695 nis,
2036 2642 2101 2683 ac
2133 2625 2417 2697 meditatio
2450 2623 2646 2679 mortis
2685 2622 2933 2686 assidua,
2957 2621 3166 2693 iugiter
3199 2621 3505 2678 exundans

1896 2718 1953 2773 in
1978 2732 2127 2787 puro
2139 2716 2311 2773 corde
2333 2725 2453 2783 tuo,
2483 2730 2516 2771 e
2544 2729 2656 2786 quo
2691 2715 3059 2785 lacrymarum
3100 2712 3306 2770 ﬂuenta
3336 2714 3491 2770 inde-

1896 2808 2149 2868 sinenter
2192 2807 2579 2880 promanantia
2624 2808 2904 2862 ﬂammam
2957 2805 3062 2860 sibi
3118 2805 3493 2863 accenderunt

1896 2897 2099 2955 divina:
2147 2897 2506 2956 dilectionis?
2550 2896 2895 2954 Verecundia
2955 2896 3190 2952 alterum
3242 2907 3296 2953 te
3335 2895 3493 2954 Jose-

1900 2994 2069 3066 phum
2128 2994 2329 3048 merito
2362 2990 2784 3063 appellaverim;
2816 2990 2911 3047 sed
2954 2990 3102 3046 enim
3134 2990 3351 3047 femina:
3376 3006 3493 3047 me-

1902 3085 2135 3142 moriam
2169 3100 2237 3140 ex
2282 3094 2437 3140 casto
2464 3084 2632 3139 corde
2665 3092 2761 3138 tuo
2792 3082 3020 3138 omnino
3047 3082 3294 3139 delevisti
3316 3100 3332 3151 ;
3355 3099 3491 3139 con-

221 3172 456 3245 ρὼνυμος
482 3175 667 3246 ἅρσην
693 3176 785 3248 (δ),
822 3178 919 3232 καὶ
947 3177 1101 3232 οὐδὲν
1132 3178 1497 3254 θηλυπρεπῶς
1531 3182 1793 3253 ἐπιφερό-

1899 3179 2151 3234 veniente
2201 3176 2277 3232 rei
2325 3175 2727 3246 significatione
2766 3174 2953 3231 ferens
2995 3190 3195 3231 nomen
3222 3176 3327 3232 viri
3359 3214 3376 3241 ,
3405 3178 3492 3231 ni-

219 3283 390 3335 μενος.
418 3270 498 3340 Τῇ
534 3269 836 3341 ἐγκρατείᾳ
860 3271 929 3327 τὰ
954 3272 1103 3343 πάθη
1130 3275 1457 3346 πτερνίζων,
1482 3276 1575 3330 τὸν
1599 3294 1796 3348 πατρι-

219 3357 382 3432 ἀρχην
422 3361 626 3415 Ἰακὼὸ
656 3364 963 3436 ὲζηλώσας,
1000 3366 1199 3422 ἐσθίων
1243 3369 1331 3423 διὰ
1359 3369 1421 3424 τὸ
1444 3368 1566 3441 ζῇν,
1595 3370 1657 3425 οὐ
1687 3369 1797 3435 ζῶν

216 3452 298 3529 διὰ
325 3454 383 3538 το
403 3455 647 3509 ἐσθίειν·
681 3454 709 3508 ὃ
740 3456 849 3529 γὰρ
882 3458 995 3523 τοῖς
1027 3458 1134 3525 ἔξω
1158 3459 1304 3532 λόγῳ
1337 3460 1799 3531 πεφιλοσόφηται,

216 3546 365 3602 τοῦτὸ
395 3567 478 3603 σοι
512 3549 666 3621 ἔργῳ
696 3550 956 3605 ἑκάστοτε
986 3551 1367 3625 ἐπεπλήρωτο.
1410 3554 1491 3626 Τῇ
1517 3555 1800 3628 ἀγρυπνίᾳ

215 3639 284 3703 ὡς
341 3643 644 3713 ἀσώματος
695 3642 1025 3712 διετέλεσας,
1058 3645 1325 3715 κοιμίζων
1379 3648 1509 3712 τοὺς
1559 3647 1800 3719 ἀστέρας

218 3733 327 3795 ταῖς
357 3733 754 3805 ἐγρηγόρσεσι,
782 3736 1171 3807 παραπέμπων
1197 3737 1297 3810 τὴν
1319 3735 1492 3792 νύκτα
1520 3740 1643 3801 ταῖς
1670 3740 1798 3793 ἑπι-

218 3821 454 3893 κλήσεσι,
488 3825 677 3893 πάσης
702 3826 905 3897 ἀρετῆς
938 3827 1246 3893 ἀνάπλεως,
1274 3828 1477 3893 παντὸς
1521 3829 1801 3901 κατορθώ-

220 3932 379 3984 ματος
430 3918 679 3990 ὲραστὴς
736 3919 1151 3994 ἀκριϐέστατος.
1190 3916 1262 3975 Ὦ
1291 3922 1520 3995 φωστὴρ
1565 3923 1665 3993 τῆς
1707 3923 1801 3976 ὑπ’

214 4006 437 4076 οὐρανὸν
487 4009 880 4079 φωτεινότατε.
922 4005 995 4064 Ὦ
1039 4011 1217 4083 ἀστὴρ
1261 4013 1585 4085 ήσυχαστῶν
1630 4013 1803 4083 αὐγο-

216 4092 482 4149 ειδέστατε
502 4112 516 4126 °
533 4092 609 4150 Ὦ
634 4097 790 4163 κλέος
818 4100 1099 4171 μοναστῶν
1123 4100 1587 4157 πολυευκτότατον
1602 4118 1617 4133 ·
1639 4099 1802 4172 Εὖγε,

216 4182 429 4255 ἄγγελε,
476 4187 717 4257 ὲπίγειε,
757 4190 1028 4256 ἀπαθείας
1068 4191 1398 4265 ὼραιότησιν
1427 4194 1801 4267 ὲπτερωμὲνε.

218 4271 373 4346 Εὖγε,
411 4282 631 4351 ἀρετῶν
678 4282 998 4355 παράδεισε,
1042 4286 1245 4349 παντὸς
1286 4286 1489 4358 ὡραίου
1526 4286 1807 4358 κατορθώ-

221 4387 381 4441 ματος
435 4376 846 4445 πεφυτευμένε.
882 4377 1270 4447 Εῦγε,ούρανὲ
1317 4378 1645 4447 κατάστερε,
1685 4396 1805 4432 ποι-

219 4465 383 4531 κίλοις
410 4468 675 4525 κάλλεσι.
697 4508 712 4523 .
732 4505 748 4522 .
767 4468 1191 4542 δεδιουργημὲνε
1229 4471 1317 4540 ἐφ’
1348 4469 1474 4540 ὕψει
1508 4470 1604 4525 τοῦ
1635 4472 1806 4527 καθα-

219 4557 459 4625 ρωτάτου
492 4558 619 4630 βίου
639 4598 652 4613 .
672 4598 685 4613 .
705 4597 721 4614 .
737 4598 753 4614 .

1897 3270 2084 3340 hilque
2157 3268 2456 3325 eﬂeminati
2523 3283 2635 3339 pra:
2708 3276 2763 3323 te
2820 3266 3027 3323 ferens.
3108 3266 3521 3339 Temperantia,

1895 3382 2094 3439 pravas
2120 3368 2291 3424 animi
2332 3366 2778 3437 perturbationes
2823 3366 3070 3432 calcans,
3111 3366 3489 3437 patriarcham

1897 3457 2071 3516 Jacob
2120 3461 2412 3517 aetnulatus
2462 3474 2546 3527 es;
2579 3458 2873 3515 comedens
2893 3466 2953 3514 ut
2974 3458 3188 3515 viveres
3218 3498 3235 3525 ,
3271 3473 3382 3515 non
3410 3460 3494 3515 vi-

1897 3567 2053 3617 vens,
2088 3560 2147 3608 ut
2188 3552 2529 3611 comederes.
2577 3551 2735 3620 Quod
2778 3552 2927 3607 enim
2978 3551 3048 3607 ab
3081 3552 3331 3608 externis
3364 3551 3490 3622 phi-

1900 3645 2251 3717 losophatum
2296 3644 2401 3702 fuit
2428 3644 2616 3713 verbo,
2664 3645 2800 3701 illud
2844 3644 2944 3701 abs
2976 3654 3026 3701 te
3059 3646 3262 3716 passim
3295 3645 3492 3716 imple-

1901 3748 2017 3796 tum
2047 3752 2236 3810 Opere.
2270 3739 2401 3795 Sine
2447 3752 2644 3794 somno
2684 3736 3039 3809 perdurasti;
3082 3754 3189 3793 non
3234 3752 3397 3795 secus
3429 3754 3495 3796 ac

1901 3830 1951 3887 si
2013 3829 2217 3887 fuisses
2281 3831 2674 3900 incorporeus;
2731 3828 2923 3885 stellas
2978 3828 3203 3900 sopieus
3257 3828 3489 3898 vigiliis,

1902 3932 2231 3993 noctemque
2298 3924 2614 3994 transigens
2678 3923 3144 3987 invocationibus,
3204 3924 3357 3979 omni
3388 3922 3492 3977 vir-

1904 4023 2021 4071 tute
2046 4015 2264 4085 plenus,
2313 4024 2370 4071 et
2423 4015 2871 4072 studiosissimus
2934 4014 3118 4071 omnis
3164 4015 3298 4071 recti
3328 4012 3491 4070 officii

1904 4118 2142 4161 amator.
2205 4104 2251 4161 0
2304 4106 2576 4162 luminare
2632 4105 2832 4171 omnis,
2906 4120 3029 4177 quae
3082 4105 3187 4161 sub
3214 4104 3356 4161 calo
3386 4112 3492 4169 est,

1905 4206 2068 4253 terra:
2116 4198 2549 4255 lucidissimuml
2608 4198 2654 4256 0
2715 4201 2870 4255 stella
2901 4198 3353 4270 hesychastarum
3388 4196 3496 4251 ful-

1906 4289 2223 4358 gidissima!
2285 4305 2320 4346 ο
2365 4291 2532 4347 decus
2598 4292 2997 4348 monachorum
3052 4290 3489 4361 optatissimum.

1907 4379 2057 4447 Euge
2105 4382 2381 4439 terrestris
2415 4382 2625 4454 angele,
2659 4384 2872 4440 alarum
2913 4400 2944 4439 a
2976 4382 3161 4454 pravis
3209 4378 3496 4451 appetitio-

1909 4472 2073 4529 uihus
2123 4473 2472 4530 immunitum
2516 4485 2860 4532 venustatem
2901 4476 3109 4531 indute.
3141 4473 3291 4542 Euge
3319 4472 3494 4526 virtu-

1836 4546 1880 4603 Ῑ)
1909 4571 2028 4619 tum
2070 4565 2345 4635 paradiso,
2378 4568 2548 4635 .omni
2580 4578 2798 4624 maturo
2813 4568 3121 4625 honestatis
3150 4566 3332 4622 fructu
3360 4578 3495 4618 cou-

218 4650 331 4704 sitc.
380 4651 534 4723 Euge
568 4654 842 4708 stellatum
876 4655 1100 4718 malum,
1128 4630 1277 4708 varia
1341 4653 1837 4724 pulchritudine...
1878 4630 2203 4714 fabricatum
2249 4630 2416 4731 super
2469 4659 2689 4732 fastigio
2745 4662 3054 4732 purissimae
3098 4659 3223 4716 vita:
3278 4657 3492 4728 (16)·υο

218 4753 401 4797 cratem
450 4744 853 4800 desiderantur.

1738 4861 1970 4920 NOTIE.

285 4975 355 5045 (ε)
387 4976 633 5049 ⁸Ἄρσην.
661 4975 740 5032 Ita
778 4978 868 5034 hic
895 4977 1101 5032 mutavi
1134 4977 1458 5033 mendosum
1489 4977 1661 5047 ἀρεις.
1697 4975 1795 5033 Vid

1899 4989 2079 5051 tymon
2111 4980 2165 5036 in
2196 4980 2403 5039 Comm.
2433 4981 2646 5052 prmio,
2682 4992 2832 5033 num.
2868 4977 2922 5031 2.

287 5090 398 5159 (15)
432 5089 657 5146 Dictum
693 5091 827 5147 illud
860 5093 941 5146 vel
968 5103 1182 5161 auctor,
1211 5090 1295 5145 vel
1324 5090 1519 5161 aliquis
1547 5093 1810 5147 transcri-

219 5170 337 5226 ptor
367 5163 728 5231 praetermisit
754 5166 807 5217 in
843 5172 990 5217 textu
1019 5159 1155 5217 Vita:
1182 5178 1334 5226 num,
1367 5159 1473 5229 f7;
1510 5163 1602 5217 sed
1634 5162 1810 5216 aliun-

218 5235 281 5283 de
305 5232 433 5303 illud
468 5233 757 5303 eruimus,
804 5242 864 5287 ut
902 5241 1048 5303 patet
1085 5249 1152 5287 ex
1186 5233 1464 5288 annotatis
1494 5232 1561 5287 ad
1594 5247 1715 5302 cap.
1747 5233 1803 5287 ‘2.

288 5302 401 5371 (l6)
438 5302 501 5357 Si
528 5302 807 5375 epilogum
837 5302 1096 5360 conferas
1146 5318 1271 5359 cum
1310 5304 1559 5375 prologo,
1590 5319 1697 5358 non
1728 5303 1809 5359 vi-

1918 5094 2115 5151 dentur
2144 5095 2233 5151 hic
2284 5095 2387 5152 nisi
2445 5093 2679 5165 paucula
2733 5088 3035 5147 desiderari
3070 5105 3084 5143 :
3124 5100 3311 5165 neque
3350 5085 3494 5139 enim

1918 5166 2233 5237 verosimile
2263 5175 2369 5231 est,
2403 5155 2552 5237 quod
2591 5169 2784 5219 auctor
2812 5176 2981 5234 parvo
3018 5159 3180 5230 capiti
3205 5155 3496 5229 adiungere

1914 5236 2151 5294 voluerit
2175 5238 2408 5294 caudam
2426 5236 2728 5307 majorem.
