4064 6372
587 461 694 526 883
1753 462 1813 520 S.
1855 459 2247 522 THEODORI
2295 459 2641 520 S'I‘UDITE

1209 599 1330 660 DE
1357 599 1778 674 SEQUENTE
1822 601 2341 664 LAUDATIONE
2403 599 2748 662 FUNEBRI
2796 600 3200 663 MONITUM.

1591 788 1747 856 (Anu.
1792 787 1921 853 MM,
1950 788 2208 844 Biblioth.
2235 802 2388 850 ηοω,
2430 792 2469 838 t.
2504 798 2578 848 VI,
2605 799 2659 855 p.
2693 782 2844 852 565.)

654 984 882 1039 Matrem
911 998 1066 1038 suam
1097 981 1476 1039 'l‘beoctistam
1515 1000 1780 1054 supremo
1827 987 2020 1040 morbo
2066 986 2402 1041 laborantem
2440 993 2756 1056 peramante
2807 985 3003 1054 piaque
3033 984 3269 1056 epistola
3312 987 3634 1042 consolatus
3668 987 3846 1045 fuerat

584 1073 926 1135 Theodorus,
957 1085 1083 1141 qua:
1106 1080 1191 1126 est
1215 1070 1337 1126 libri
1374 1072 1578 1140 prioris
1602 1082 1779 1128 sexta.
1812 1071 1958 1128 idem
1987 1088 2113 1128 mox
2139 1075 2471 1130 exstinctam
2513 1073 2728 1128 funebri
2757 1073 3010 1128 oratiouna
3050 1083 3378 1143 prosecutus
3407 1085 3510 1141 est,
3537 1085 3595 1131 et
3623 1079 3845 1147 quidem

584 1159 807 1231 insigni,
844 1173 1012 1229 quam
1045 1169 1356 1214 memorant
1408 1159 1517 1215 duo
1557 1160 1869 1231 biographi,
1902 1172 2094 1216 noster
2123 1175 2246 1232 cap.
2273 1160 2331 1224 2,
2363 1169 2416 1216 et
2450 1158 2876 1214 Sirmondianus
2924 1173 2977 1229 p.
3013 1159 3215 1215 3.11am
3261 1176 3390 1216 vero
3425 1178 3552 1218 cum
3603 1164 3660 1218 in
3692 1177 3849 1220 eata-

581 1249 708 1320 logo
734 1248 1006 1316 impresso
1039 1246 1291 1300 codicum
1321 1263 1458 1302 mss.
1483 1247 1828 1303 bibliothecae
1852 1249 2029 1319 ltegiae
2047 1247 2401 1311 Parisiensis,
2437 1255 2478 1301 t.
2512 1246 2580 1309 ll,
2603 1262 2663 1317 .p.
2691 1246 2820 1311 558,
2848 1246 3100 1317 legissem
3137 1249 3344 1304 servari
3377 1249 3430 1304 in
3463 1252 3656 1308 codice
3706 1252 3841 1308 1491

579 1335 727 1392 hanc
758 1332 988 1390 Studita:
1029 1334 1335 1388 orationem
1363 1334 1430 1390 de
1462 1345 1638 1390 matre
1670 1352 1794 1404 sua,
1817 1352 2048 1407 eamque
2079 1337 2324 1392 nondum
2359 1335 2562 1390 editam
2589 1335 2830 1390 viderem
2850 1378 2864 1402 ,
2887 1335 3035 1405 justa
3065 1337 3200 1391 mihi
3228 1338 3500 1408 cupiditas
3519 1340 3711 1396 oborta
3739 1353 3847 1407 est,

582 1421 1029 1493 quandoquidem
1067 1423 1350 1492 complura
1387 1423 1493 1477 alia
1527 1422 1758 1478 Studitae
1791 1425 1996 1493 scripta
2024 1425 2328 1490 edideram,
2361 1425 2466 1479 hoc
2491 1423 2864 1495 epitaphicum
2905 1424 3108 1494 pariter
3137 1425 3193 1480 in
3231 1425 3407 1481 lucem
3441 1429 3798 1496 protrahendi
3831 1450 3846 1486 :

581 1510 784 1565 etenim
830 1520 1036 1566 sanetae
1074 1507 1295 1566 femina:
1333 1509 1641 1564 encomium
1681 1525 1710 1563 a
1742 1520 1932 1565 sancto
1964 1510 2073 1565 [ilio
2096 1511 2411 1576 recitatum,
2442 1526 2605 1581 quem
2640 1526 2750 1565 non
2777 1511 3047 1566 delectet?
3080 1511 3283 1582 Rogavi
3313 1513 3480 1583 igitur
3501 1531 3600 1586 pe-r
3635 1516 3850 1573 litteras

583 1598 762 1653 virum
793 1598 1034 1668 equestri
1084 1596 1349 1668 dignitate
1395 1605 1675 1661 ornatum,
1703 1606 1867 1667 atque
1910 1597 2071 1652 editis
2100 1598 2258 1654 libris
2279 1599 2670 1666 clarissimum,
2710 1598 2958 1667 mihique
2986 1599 3192 1668 jamdiu
3239 1601 3476 1656 amicitia
3504 1602 3847 1668 devinctum,

582 1683 812 1740 Paulum
841 1685 1162 1750 brachium,
1194 1694 1249 1740 ut
1287 1684 1606 1755 przedictam
1639 1683 1870 1740 Studiue
1899 1684 2360 1753 lucubrationem,
2402 1688 2504 1741 mei
2538 1703 2702 1742 causa
2736 1701 2801 1741 ex
2838 1685 3142 1744 Parisieusi
3202 1689 3389 1744 codice
3426 1691 3848 1748 exscribendam

585 1783 808 1830 curaret
847 1791 864 1841 ;
899 1773 1042 1842 quod
1111 1772 1201 1826 ille
1251 1788 1348 1842 per
1392 1772 1668 1842 egregium
1723 1773 2114 1844 calligraphum
2176 1773 2505 1848 Sypsomum
2565 1789 2700 1844 pure
2745 1775 3129 1846 eleganterque
3167 1777 3564 1834 conficiendum
3625 1782 3846 1850 sategit.

583 1861 754 1932 Igitur
798 1860 989 1916 Graeco
1042 1868 1270 1930 accepto
1326 1859 1645 1928 exemplari,
1694 1859 1917 1914 latinam
1970 1859 2260 1918 confestim
2311 1863 2730 1917 translationem
2765 1862 2960 1933 adjeci,
3001 1872 3062 1920 ut
3112 1864 3236 1934 pius
3281 1865 3370 1922 hic
3399 1865 3850 1926 Commentarius

582 1948 837 2018 plurimis
860 1949 1055 2020 prosit.
1091 1945 1209 2000 Erit
1246 1947 1410 2017 igitur
1444 1947 1548 2002 hoc
1579 1947 1644 2002 de
1671 1945 1985 2004 Theoctisra
2039 1949 2302 2019 scriptum
2337 1948 2748 2019 adjnngendum
2788 1949 2886 2013 illi,
2921 1949 3068 2019 quod
3095 1950 3164 2005 de
3191 1949 3420 2008 Platone
3441 1994 3456 2018 ,
3485 1953 3848 2024 pientissima:

581 2035 826 2108 ejusdem
876 2034 1095 2091 feminae
1145 2033 1337 2102 fratre,
1368 2049 1470 2090 suo
1503 2050 1698 2105 nempe
1726 2037 2021 2101 avunculo,
2046 2044 2102 2092 et
2128 2037 2182 2091 in
2207 2037 2553 2108 spiritalibus
2577 2035 2766 2103 Patre,
2799 2036 2942 2092 idem
2974 2037 3192 2093 Studita
3218 2041 3486 2109 exaravit,
3517 2051 3572 2100 et
3622 2041 3846 2099 Bollan-

583 2125 730 2180 diani
762 2124 814 2180 in
839 2125 1018 2197 primo
1052 2123 1252 2194 Aprilis
1279 2123 1560 2178 volumine
1586 2123 1835 2194 Append.
1871 2141 1925 2196 p.
1958 2124 2152 2192 46-54,
2183 2140 2252 2180 ex
2283 2123 2554 2179 Vaticano
2601 2125 2794 2180 codice
2817 2124 3027 2195 jamdiu
3066 2127 3408 2198 evulgarunt.

1291 2231 1434 2288 XIII.

585 2327 771 2384 Samii
804 2329 986 2384 Patris
1004 2328 1174 2382 norm
1213 2336 1263 2380 et
1288 2326 1604 2396 confessoris
1631 2325 1890 2382 Theodori
1914 2326 2162 2385 Cateclie-

922 2401 994 2453 εἰσ
1021 2398 1260 2468 funebris
1288 2397 1344 2452 iu
1371 2407 1612 2455 matrem
1647 2414 1821 2453 διιιυιι.

651 2565 701 2617 1.
734 2562 972 2633 Tempus
999 2561 1186 2632 exigit,
1215 2573 1249 2614 ο
1271 2558 1364 2613 lilii
1387 2573 1452 2612 ac
1481 2555 1696 2621 fratres,
1735 2565 1794 2612 ut
1823 2557 2164 2628 inexspecta-

583 2667 691 2712 tam
720 2655 968 2710 notitiam
999 2652 1180 2709 obitus
1209 2651 1424 2722 inclyta:
1446 2647 1956 2704 communistatris
1983 2647 2162 2703 nostri

580 2747 791 2805 sororis
819 2745 1156 2801 nuntiemus.
1191 2740 1315 2797 llaec
1341 2741 1487 2796 enim
1519 2748 1806 2810 postquam
1839 2739 1996 2810 juxta
2025 2754 2163 2810 pra:-

581 2843 790 2898 tinitam
821 2839 1087 2899 creatoris
1134 2838 1228 2893 Dei
1261 2837 1599 2893 voluntatem
1630 2843 1901 2907 praesente
1928 2835 2039 2890 vita
2063 2835 2160 2890 de-

584 2934 770 2990 functa
807 2933 932 2998 fuit,
961 2932 1027 2988 ad
1076 2929 1542 3001 supermundialia
1581 2942 1642 2983 se
1676 2927 1983 2994 transtulit,
2018 2927 2162 2982 haud

585 3029 792 3083 luctum
834 3025 998 3083 nobis
1063 3021 1465 3093 ineptissimum
1521 3019 1859 3090 relinquens,
1911 3030 1974 3076 ut
2025 3019 2164 3076 forte

585 3121 784 3192 aliquis
825 3116 1191 3179 existimabit,
1228 3113 1320 3169 sed
1356 3111 1598 3166 laetitiam
1639 3110 1846 3180 potius,
1891 3110 1961 3164 ob
2013 3109 2164 3180 ejus-

583 3213 708 3268 dem
739 3211 949 3282 plenam
983 3223 1079 3279 spe
1113 3206 1512 3276 migrationem.
1558 3201 1732 3258 Vultis
1777 3201 1920 3257 enim
1951 3201 2162 3257 narrari

585 3322 618 3360 ι»
647 3319 734 3359 me
759 3303 913 3358 vobis
938 3302 1164 3370 aliisque
1191 3298 1280 3354 hic
1307 3296 1673 3368 prazsentibus
1697 3295 2160 3367 (quandoquidem

587 3395 732 3450 haud
760 3393 998 3459 tacendi,
1035 3391 1128 3447 sed
1164 3390 1421 3460 lnquendi
1457 3398 1671 3458 tempus
1701 3398 1818 3454 est,
1866 3395 2028 3458 prout
2071 3387 2162 3442 illa

588 3484 925 3556 praescriptio
958 3477 1136 3553 jnbet‘
1165 3479 1277 3535 εΝε
1304 3480 1488 3534 laudes
1510 3480 1773 3532 hominem
1812 3489 1934 3532 ante
1961 3478 2162 3532 obitum

2195 2245 2242 2300 Δ

3009 2233 3110 2288 II".

2269 2323 2380 2380 τοῦ
2421 2325 3050 2398 ὁσίου-Πατρὸς-ήμῷν
3078 2326 3177 2380 καὶ
3207 2326 3585 2398 ὁμολογητοῦ
3623 2333 3848 2386 eratdi-

2326 2413 2444 2520 ρὲυ
2471 2393 2811 2465 κατήχησις
2841 2393 3156 2466 ἐπιτάφιος
3182 2393 3270 2463 εἰς
3316 2393 3432 2466 thi-
3458 2393 3691 2457 ’ἑαυτοῦ
3728 2425 3847 2474 μη-

2341 2484 2366 2518 τ
2401 2483 2496 2520 οα.

2341 2483 2496 2532 τερα.

2335 2557 2406 2610 α’.
2451 2557 2722 2625 Ἥνεγκεν
2750 2555 2783 2610 ὁ
2809 2556 3033 2628 καιρδςί
3064 2550 3111 2612 ὧ
3135 2557 3300 2614 τέκνα
3331 2561 3426 2614 καὶ
3459 2561 3705 2633 ἀδελφοὶ,
3743 2567 3844 2634 ἀγ-

2263 2647 2450 2718 γελίαν
2479 2649 2610 2720 ὑμῖν
2653 2649 2978 2718 ἀναγγεῖλαι
3010 2650 3443 2722 ἀπροσδόκητον,
3475 2653 3600 2725 ἥτις
3631 2657 3782 2710 ἐστὶν
3818 2661 3847 2713 ὁ

2264 2741 2493 2807 θάνατος
2541 2741 2644 2814 τῆς
2689 2743 2936 2814 ἀοιδίμου
2980 2744 3215 2817 ἀδελφῆς
3253 2746 3344 2801 τοῦ
3390 2749 3572 2803 κοινοῦ
3632 2751 3844 2822 Harpe;

2264 2835 2422 2906 ἡμῶν
2448 2836 2562 2907 (1)·
2607 2834 2750 2906 αὕτη
2786 2836 2895 2907 γὰρ
2928 2839 2994 2907 τῇ
3028 2837 3313 2910 ὡρισμένῃ
3356 2838 3521 2911 βουλῇ
3566 2840 3666 2895 τοῦ
3709 2841 3843 2906 ζωο-

2264 2924 2503 2979 πλάστου
2525 2925 2662 2979 Θεοῦ
2692 2925 2982 2998 λειτουργή
2992 2943 3134 2982 σασα
3155 2927 3238 2998 τῷ
3264 2929 3491 2999 παρόντι
3524 2931 3650 3003 βίῳ,
3683 2949 3845 3004 μετα-

2264 3015 2579 3087 κεχώρηκεν
2609 3017 2691 3082 εἰς
2717 3017 2788 3072 τὰ
2814 3017 2916 3072 ὐπε
2927 3017 3163 3090 ρκόσμια
3183 3036 3200 3050 ·
3224 3019 3284 3074 οὐ
3313 3019 3491 3091 λύπην
3520 3023 3656 3092 ήμτν
3676 3041 3843 3078 κατα-

2264 3105 2498 3161 λιποῦσα
2537 3107 2826 3178 ἀλόγιστον
2849 3149 2864 3174 ,
2895 3109 2971 3173 ὡς
3003 3111 3068 3164 ἄν
3100 3127 3186 3174 τις
3211 3111 3423 3184 οἰηθείη
3449 3152 3463 3176 ,
3497 3114 3635 3168 ἀλλὰ
3666 3115 3844 3186 χαρὰν

2264 3201 2638 3272 ὲμποιήσασα,
2673 3203 2762 3256 διὰ
2787 3202 2888 3272 τῆς
2909 3205 3231 3260 εὐελπίστου
3261 3207 3436 3279 αὐτῆς
3464 3209 3838 3280 μεταϐάσεως.

2263 3295 2456 3349 Θέλετε
2474 3296 2582 3365 γὰρ
2603 3296 2954 3366 διηγήσωμαι
2983 3298 3112 3368 ὑμῖν
3134 3296 3323 3371 ὥσπερ
3347 3301 3440 3354 καὶ
3464 3303 3580 3363 τοῖς
3609 3301 3842 3354 ἐνταῦθα

2264 3387 2476 3456 (ἐπειδὴ
2509 3389 2704 3458 καιρὸς
2734 3389 2794 3441 οὺ
2836 3389 2930 3441 τοῦ
2958 3391 3140 3461 σιγᾷν,
3171 3391 3310 3446 ἀλλὰ
3340 3392 3434 3447 τοῦ
3463 3392 3670 3462 λαλεῖν,
3705 3395 3844 3448 κατὰ

2263 3476 2366 3546 τὴν
2396 3475 2726 3532 κελεύουσαν
2754 3479 3009 3551 ἐντολήν·
3041 3481 3138 3550 Μὴ
3173 3483 3502 3552 ἐπαινέσῃς
3523 3485 3719 3553 ἄνδρα
3737 3486 3843 3552 ἕως

587 3574 750 3645 ejus),
780 3573 964 3635 vultis,
1003 3572 1247 3641 inquam,
1297 3570 1509 3625 narrari
1570 3568 1835 3639 quidquid
1886 3569 2041 3623 beata
2072 3569 2162 3624 illa

2270 3567 2382 3637 τῆς
2407 3568 2625 3633 ἐξόδου
2661 3570 2870 3640 αὑτοῦ)
2898 3572 3000 3626 ὅσα
3025 3572 3285 3644 ἐποίησεν
3315 3577 3348 3646 ὴ
3385 3577 3633 3647 μακαρία
3659 3578 3840 3648 ἐκείνη

589 3666 797 3730 anima,
830 3664 1008 3721 adhuc
1062 3663 1115 3719 in
1170 3677 1336 3719 carne
1402 3675 1648 3726 versans,
1708 3660 1835 3716 boni
1883 3662 2167 3731 sanctique

590 3759 780 3829 egerit,
807 3767 862 3814 et
884 3757 1125 3814 cmlestis
1172 3755 1325 3825 regni
1360 3753 1586 3824 praemio
1616 3753 1786 3824 digni.
1822 3753 2171 3824 Ergofavete

591 3851 846 3916 auribus,
892 3849 987 3905 ﬁlii
1023 3849 1152 3912 mei,
1179 3848 1309 3901 dum
1347 3862 1450 3918 ego
1473 3847 1664 3916 procul
1701 3846 1850 3901 omni
1883 3847 2170 3902 mendacio

594 3942 966 3999 narrationem
999 3941 1280 3996 instituam
1309 3957 1322 3992 :
1348 3939 1564 4009 eritque
1598 3938 1751 3992 vobis
1770 3936 1984 3991 femina:
2008 3937 2169 4007 hujus

591 4035 810 4102 notitia,
840 4035 1193 4090 eatecheseos
1238 4045 1347 4085 non
1401 4028 1615 4082 inutilis
1681 4029 1891 4094 instar,
1943 4030 2054 4085 imo
2114 4037 2171 4085 et

592 4127 750 4182 valde
780 4124 1057 4196 proﬁcuae.

666 4217 718 4274 2.
769 4217 963 4273 Utrum
1014 4231 1077 4271 ea
1117 4217 1336 4286 quidem
1371 4233 1399 4272 a
1431 4214 1752 4288 parentibus
1797 4211 2012 4267 initium
2059 4210 2170 4266 vir-

596 4307 746 4373 tutis,
793 4307 936 4363 sicut
995 4315 1050 4362 et
1105 4308 1248 4374 vitae,
1288 4307 1615 4377 sumpserit,
1667 4304 1850 4360 dicere
1907 4317 2168 4374 nequeo:

598 4399 896 4466 praesertim
949 4399 1078 4468 quia
1116 4416 1224 4454 non
1259 4416 1346 4454 res
1371 4411 1498 4454 ante
1523 4416 1632 4465 me,
1659 4397 1752 4453 sed
1786 4403 1912 4466 post
1961 4411 2047 4450 me
2076 4410 2172 4449 na-

598 4505 734 4558 tum,
767 4499 949 4562 gestas
986 4491 1308 4547 scribendas
1340 4493 1587 4562 suscepi;
1629 4499 1793 4558 atque
1821 4488 1890 4542 ab
1919 4503 1986 4543 eo
2033 4497 2170 4543 tem-

597 4598 748 4654 pore,
779 4598 892 4654 quo
923 4585 1044 4653 ipsa
1078 4584 1212 4638 recti
1267 4585 1530 4653 pravique
1572 4582 1960 4639 discretionem
2020 4595 2174 4636 asse-

594 4686 722 4731 cuta
771 4674 898 4730 fuit.
929 4674 1169 4730 Pueritia
1204 4675 1366 4745 igitur
1399 4685 1564 4745 atque
1603 4673 1970 4729 adolescentia
2001 4674 2174 4727 omis-

595 4770 695 4833 sis,
752 4783 817 4824 ex
869 4769 1106 4840 conjugii
1153 4769 1273 4839 ejus
1325 4780 1568 4839 tempore
1602 4769 1860 4824 narrandi
1887 4767 2173 4823 exordium

595 4862 902 4933 capiamus.
935 4860 1004 4915 Et
1041 4862 1294 4931 quamvis
1339 4860 1640 4918 conformis
1674 4860 1800 4916 huic
1825 4868 2022 4916 nostra:
2051 4874 2178 4930 pro-

2271 3658 2351 3712 ἔτι
2397 3661 2456 3713 ὲν
2482 3660 2648 3732 σαρκὶ
2689 3656 2825 3714 οὖσα
2863 3661 3007 3716 καλά
3037 3679 3098 3716 τε
3136 3665 3233 3718 καὶ
3277 3665 3403 3718 ὅσια
3426 3707 3439 3730 ,
3473 3668 3570 3719 καὶ
3608 3667 3707 3733 τῆς
3738 3669 3844 3721 τῶν

2270 3749 2517 3819 οὐρανῶν
2551 3751 2829 3820 βασιλείας
2864 3754 3104 3820 suasu;
3138 3754 3262 3809 θέτε
3304 3757 3369 3828 δὴ
3413 3754 3507 3810 οὖν
3539 3761 3646 3820 τὰς
3676 3759 3842 3822 ἀκοὰς

2269 3840 2448 3913 ὑμῶν,
2491 3843 2658 3897 τέκνα
2691 3859 2828 3914 μου,
2860 3843 3015 3913 κάγὼ
3047 3846 3404 3918 ὑφηγήσομαι
3433 3849 3585 3917 ὑμῖν,
3618 3849 3726 3914 ἔξω
3753 3850 3842 3902 τοῦ

2267 3933 2498 4003 ψεύδους
2537 3935 2818 3999 παντελῶς
2853 3937 3177 4008 φερόμενος,
3203 3939 3298 3992 καὶ
3323 3942 3620 4011 γενήσεται
3656 3942 3782 4010 ὑμῖν
3811 3943 3842 4010 ή

2269 4029 2399 4099 περὶ
2437 4028 2643 4099 ταύτης
2685 4029 2996 4098 ἀπαγγελία
3019 4071 3034 4096 ,
3077 4032 3198 4084 ἀντὶ
3241 4036 3601 4103 κατηχήσεως
3631 4034 3712 4105 (Ξ)
3747 4034 3842 4087 οὐκ

2269 4121 2548 4192 ἀνόνητος,
2581 4123 2660 4185 ὠς
2691 4117 2866 4192 οἶμαι,
2902 4122 3042 4177 ἀλλὰ
3072 4124 3167 4176 καὶ
3202 4124 3344 4194 μάλα
3372 4125 3675 4197 ὠφέλιμος.

2343 4209 2409 4281 β’.
2463 4212 2558 4265 Ἐκ
2609 4213 2818 4281 γονέων
2868 4210 2969 4282 μὲν
3010 4207 3216 4283 ἧρχθαι
3261 4215 3431 4286 αὐτῆς
3475 4216 3579 4287 τὴν
3625 4216 3842 4288 ἀρετὴν,

2270 4302 2461 4374 ὥσπερ
2487 4304 2584 4356 καὶ
2616 4305 2706 4357 τὸν
2737 4303 2881 4375 βίον,
2917 4304 3018 4357 οὑκ
3049 4304 3158 4376 ἔχω
3199 4306 3380 4376 λέγειν
3403 4324 3416 4338 ·
3461 4309 3585 4361 ἐπεὶ
3620 4309 3752 4378 μηδὲ
3779 4309 3845 4360 τὰ

2271 4396 2380 4466 πρὸ
2409 4394 2566 4466 ἐμοῦ,
2604 4395 2742 4450 ἀλλὰ
2769 4396 2838 4450 τὰ
2871 4397 2990 4468 μετ’
3018 4398 3120 4468 ἐμὲ
3154 4397 3443 4470 προῆγμαι
3474 4403 3807 4472 συγγράφειν
3827 4416 3841 4430 '

2272 4489 2366 4541 καὶ
2402 4488 2553 4552 ἐξότε
2603 4492 2802 4559 πεῖραν
2829 4489 3083 4560 εἰληφυῖα
3120 4486 3190 4562 ἦν
3233 4491 3336 4560 τῆς
3373 4493 3721 4561 διαγνώσεως
3754 4491 3842 4544 τοῦ

2273 4579 2439 4633 καλοῦ
2468 4581 2562 4634 καὶ
2584 4581 2658 4652 μὴ
2679 4580 2854 4644 οὕτως
2878 4583 3114 4653 ἔχοντος.
3152 4584 3271 4638 Ἵνα
3297 4580 3390 4638 οὖν
3410 4585 3476 4637 τὰ
3502 4585 3603 4654 τῆς
3633 4586 3844 4657 πρώτης

2272 4671 2367 4725 καὶ
2430 4671 2690 4743 δευτέρας
2755 4672 3200 4745 μεθηλικιώσεως
3248 4675 3536 4748 παρῶμεν,
3595 4678 3706 4730 ἀπὸ
3753 4677 3841 4728 τοῦ

2275 4763 2467 4834 καιροῦ
2509 4763 2611 4833 τῆς
2651 4764 3010 4835 συμϐιώσεως
3047 4765 3346 4837 ἀρξώμεθα
3370 4768 3470 4837 τῆς
3507 4768 3839 4838 διηγήσεωςο

2275 4855 2371 4908 καὶ⁷
2395 4857 2443 4908 εἰ
2475 4855 2550 4925 μὴ
2573 4857 2793 4920 οἰκείως
2821 4858 2954 4928 ήμϊν
2983 4857 3096 4928 ἔχει
3116 4859 3144 4910 ὁ
3167 4859 3434 4928 κοσμικὺς
3465 4858 3581 4929 βίος
3601 4861 3700 4930 τῆς
3723 4859 3842 4912 καλ·

597 4955 818 5011 fessioni
852 4970 960 5010 non
987 4964 1072 5010 est
1099 4955 1375 5010 mundana
1411 4955 1639 5027 egregia!
1673 4953 1915 5026 parentis
1969 4961 2169 5008 nostra:

2272 4947 2567 5018 λιμήτορος
2591 4987 2606 5013 ,
2641 4949 2792 5018 ὅμως
2823 4951 2888 5002 ὲκ
2913 4949 3014 5019 τῆς
3041 4951 3215 5022 ἀρχῆς
3243 4951 3306 5004 τὸ
3333 4951 3488 5014 τέλος
3519 4951 3839 5021 κατίδωμεν,

597 5048 728 5111 vita,
754 5055 930 5101 tamen
971 5061 1038 5101 ex
1077 5047 1348 5117 principio
1391 5049 1550 5102 tinem
1585 5047 1987 5118 prospeximus,
2020 5047 2160 5100 ideo-

596 5156 703 5212 que
739 5139 886 5195 illam
918 5141 1045 5196 vita:
1088 5149 1296 5211 partem
1329 5143 1641 5197 necessario
1681 5149 2021 5196 connectam.
2050 5138 2176 5194 Fuit

596 5250 726 5304 ergo
752 5232 899 5288 illius
927 5233 1104 5304 prima
1134 5233 1331 5299 virtus,
1359 5232 1528 5289 Deum
1555 5234 1735 5289 colere
1766 5249 1829 5288 ac
1855 5230 2174 5287 medullitus

595 5325 853 5381 adamare
885 5343 899 5380 :
931 5326 1004 5381 ita
1039 5335 1116 5390 ut,
1154 5341 1466 5398 quanquam
1489 5327 1609 5380 viro
1639 5326 1691 5380 in
1717 5325 2028 5396 conjugium
2061 5332 2174 5377 tra-

594 5418 749 5481 dita,
799 5415 974 5472 nihilo
1030 5425 1210 5472 tamen
1273 5417 1455 5471 minus
1524 5416 1826 5471 eniteretur
1897 5414 2177 5469 meliorem

594 5507 772 5577 quoad
827 5507 944 5563 fieri
998 5515 1214 5578 poterat
1280 5507 1404 5562 vita:
1447 5521 1668 5561 cursum
1715 5506 1934 5562 sectari.
1975 5505 2179 5572 Quam-

594 5598 782 5653 obrem
827 5614 950 5653 cum
993 5599 1230 5669 primum
1265 5615 1368 5654 nos
1410 5597 1642 5668 peperit,
1672 5613 1778 5653 non
1825 5613 1980 5668 teque
2017 5606 2182 5668 atque

669 5710 684 5740 ⁸
719 5706 889 5765 Eccli.
918 5727 998 5776 ιι,
1029 5710 1118 5766 30.

664 5828 744 5896 (I)
793 5827 1074 5882 Platonem
1108 5826 1258 5890 dicit,
1298 5840 1576 5882 summum
1605 5825 2190 5892 monasticaefamilia':

595 5897 882 5967 praesidem
916 5906 1041 5952 ante
1077 5896 1448 5953 Theodorum.

2274 5040 2590 5106 ἀναγκαίως
2655 5039 2843 5094 τοῦτον
2905 5041 3306 5114 προσθήσομαι.
3369 5042 3619 5114 Ἐκείνης
3675 5043 3842 5096 τοίνυν

2275 5131 2493 5202 πρῶτον
2547 5133 2904 5204 κατόρθωμα,
2957 5134 3020 5187 τὸ
3064 5135 3156 5188 τὸν
3205 5136 3339 5190 Θεὸν
3384 5134 3716 5207 σώασθῆναι
3753 5134 3841 5187 καὶ

2276 5225 2561 5296 ἀγαπῆσαι
2611 5224 2674 5290 ἐξ
2714 5225 3043 5298 ὁλοκλήροψ
3095 5226 3235 5281 ὥστε
3279 5231 3330 5282 εί
3377 5228 3633 5300 συνὴφθη
3673 5226 3838 5296 ἀνδρὶ,

2276 5316 2391 5370 ἀλλ’
2439 5318 2567 5387 ὅλην
2610 5318 2811 5388 ἑαυτὴν
2859 5319 3112 5382 ἐϐιάζετο
3161 5324 3261 5390 τῆς
3308 5321 3618 5389 κρείττονος
3656 5319 3840 5390 μοίρας

2276 5409 2527 5479 γενέσθαι
2548 5425 2564 5441 ο
2597 5410 2687 5464 διὰ
2713 5409 2875 5464 τοῦτο
2914 5411 3228 5482 γεννήσασα
3258 5413 3406 5483 ἡμᾶς
3446 5411 3709 5484 πρώτως,
3747 5411 3841 5462 οὐκ

2277 5498 2398 5556 εἷπε
2433 5503 2492 5556 τὸ
2521 5505 2640 5567 ταῖς
2675 5503 2860 5568 ἄλλαις
2906 5504 3177 5573 γυναιξὶν,
3225 5500 3314 5558 οἷα
3363 5506 3569 5559 ἐκεῖναι
3613 5504 3703 5556 ἐπὶ
3738 5503 3842 5563 τοῖς

2277 5595 2547 5664 νεογόνοις
2595 5593 2820 5649 εἰώθασι
2861 5595 3002 5650 κατὰ
3033 5595 3355 5668 δαιμονικὴν
3388 5596 3606 5668 κίνησιν
3651 5591 3841 5664 κεχρῆ-

2354 5822 2432 5892 (2)
2473 5820 2815 5894 Catechesim
2856 5821 3077 5894 proprie
3110 5822 3346 5894 appellat
3381 5823 3522 5877 hanc
3553 5819 3837 5880 oralionem

2281 5894 2443 5949 etiam
2472 5893 2807 5966 biographus
2837 5892 3025 5950 noster
3053 5892 3159 5950 loc.
3201 5892 3296 5948 cit.
