4064 6372
312 499 424 563 885

855 496 1142 559 ORATIO
1162 496 1433 560 XIII.—
1467 474 1851 560 LAUDATIO
1879 497 2292 561 ‘FUNEBRIS
2343 497 2424 559 IN
2463 497 2784 559 MATREM
2825 498 3056 560 SUAM.

3475 499 3580 562 886

315 607 443 660 σθαι
483 601 874 676 κλῃδονισμοίς
919 603 1014 658 καὶ
1043 603 1431 674 περίάμμασιν
1458 604 1556 660 καὶ
1588 604 1779 670 ἄλλαις
1808 623 1895 660 τι-

2001 607 2119 662 ιιιίαι
2165 606 2424 663 mulieres
2474 609 2655 662 locuta
2687 613 2799 672 est;
2833 621 3008 677 neque
3048 612 3109 661 ut
3151 603 3257 661 illa:
3290 619 3350 661 se
3390 607 3580 678 gessit.

314 700 402 752 σὶν
430 695 671 766 ἐπῳδαῖς
700 695 782 759 είς
813 711 875 748 τε
915 695 1044 759 τούς
1089 696 1313 766 δίφρους
1356 695 1454 749 καὶ
1486 697 1612 760 τοὺς
1647 698 1896 751 κοιτωνί-

313 806 482 854 σκους
505 829 521 852 ,
570 786 974 858 περιτραχήλιὰ
1011 804 1070 840 τε
1109 786 1404 857 βάλλουσαι
1449 788 1545 842 καὶ
1583 787 1895 858 περίαπτα,

315 881 435 936 ἀλλ’
466 882 690 952 ἠρκεῖτο
719 878 879 951 μόνον
915 882 982 950 τῇ
1016 879 1272 950 σφραγῖδι
1295 879 1390 934 τοῦ
1431 877 1701 944 ζωοποιοῦ
1735 897 1899 935 σταυ·

317 971 428 1045 ροῦ
446 970 782 1042 τετειχίσθαι
819 971 968 1041 ἡμᾶς
989 1013 1003 1037 ,
1051 972 1182 1025 ἀντὶ
1210 970 1376 1025 ὅπλου
1409 971 1557 1036 τινὸς
1579 973 1674 1026 καὶ
1699 971 1898 1043 θυρεοῦ

311 1065 684 1136 ἀμαχωτάτου
710 1061 869 1116 τοῦτο
900 1061 1319 1134 προϐαλλομένη
1343 1078 1356 1092 ·
1397 1062 1485 1117 διὰ
1512 1061 1670 1118 τοῦτο
1708 1062 1900 1118 πασῶν

306 1157 420 1211 τῶν
467 1154 645 1210 ἄλλων
689 1155 964 1222 γυναικῶν
1011 1155 1436 1226 προσκυνουσῶν
1466 1155 1563 1210 καὶ
1591 1156 1901 1211 ἀπανιστα-

311 1249 492 1320 μένων
524 1247 585 1313 ὲξ
607 1247 780 1317 αὐτῆς
803 1247 982 1315 ὅψεως
1006 1250 1073 1319 τῇ
1103 1246 1394 1319 αὐτουργῷ
1419 1248 1518 1300 καὶ⁴
1549 1248 1903 1322 μυσταγωγῷ

305 1342 406 1396 καὶ
447 1339 756 1411 διδασκάλῳ
804 1338 914 1392 τῶν
952 1339 1236 1404 τοιούτων,
1279 1341 1414 1410 μόνη
1446 1340 1546 1393 οὐκ
1580 1341 1828 1410 ἠνείχετο
1865 1343 1900 1412 ἡ

306 1432 559 1503 ἡμετέρα
593 1433 801 1502 μήτηρ,
836 1431 958 1484 οὔτε
1007 1431 1254 1502 κεφαλὴν
1286 1430 1466 1485 κλῖναι
1493 1431 1742 1495 πώποτε,
1775 1431 1902 1486 οὐτε

307 1524 710 1596 προσδραμεῖν,
747 1517 856 1576 οὔδ’
884 1516 952 1574 αὖ
991 1523 1285 1591 μετασχεῖν
1327 1521 1427 1592 τῆς
1458 1521 1748 1594 γοητείαςο
1775 1523 1902 1576 καί·

303 1633 417 1688 περ
461 1615 568 1669 ὑπὸ
625 1615 736 1667 τῶν
787 1613 1128 1684 τελουμένων
1178 1612 1553 1684 ἀπειλουμένη
1605 1614 1903 1678 πολλάκιςο

303 1708 427 1763 ἀλλ’
469 1707 660 1771 ὅντως,
703 1705 902 1774 Ψυχαὶ
935 1705 1272 1758 δικαίων-ἐν
1308 1703 1459 1774 χειρὶ
1495 1703 1667 1770 Θεοῦ,
1713 1705 1809 1759 καί
1833 1709 1906 1762 οὐ

295 1799 390 1870 μὴ
412 1797 637 1868 ἅψηται
670 1796 871 1851 αὐτῶν
883 1795 1165 1862 ,βάσανος
1191 1812 1206 1826 ο
1259 1795 1370 1850 Καὶ
1411 1798 1445 1849 ὁ
1479 1795 1780 1862 πεποιθὼς
1809 1798 1908 1854 ἐπὶ

300 1889 641 1960 Κύριον,ὼς
666 1887 804 1958 ὅρος
831 1887 1004 1953 Σιὼν,
1037 1889 1112 1952 ὡς
1136 1888 1202 1940 τὰ
1234 1887 1406 1956 Λόγιά
1441 1903 1624 1958 φησιν.

377 2076 449 2139 γ’.
490 2068 773 2142 Δεύτερον,
810 2067 904 2124 τοῦ
941 2069 1088 2124 θείου
1133 2068 1302 2124 πόθου
1329 2068 1586 2136 αὔξοντος
1619 2071 1792 2142 αὐτῆς
1833 2072 1893 2125 ἐν

299 2162 372 2230 τῇ
405 2159 626 2232 καρδίᾳ,
661 2161 850 2231 ἐπειδὴ
885 2156 953 2233 ἦν
983 2161 1352 2232 ἀγράμματος
1380 2163 1440 2226 ἐξ
1461 2161 1730 2234 ὀρφανίας
1760 2165 1893 2232 ἀγο-

305 2253 451 2322 μένη
474 2290 490 2315 ,
536 2252 918 2323 γραμματίζει
954 2253 1153 2324 ἑαυτὴν
1184 2256 1217 2325 ἡ
1263 2253 1404 2326 σοφὴ
1447 2254 1544 2308 καὶ
1581 2252 1852 2319 συνετίζει
1874 2296 1890 2322 ,

301 2344 402 2398 καὶ
429 2343 490 2396 τὸ
519 2344 836 2414 Ψαλτήριον
863 2344 1221 2416 ἀποστηθίςει
1252 2343 1517 2400 κάλλιστά
1540 2361 1600 2398 τε
1633 2346 1730 2399 καὶ
1767 2362 1890 2399 συν-

298 2434 600 2504 τομιῖηατα
618 2449 634 2466 ’
655 2437 748 2488 καὶ
771 2434 932 2488 τοῦτο
960 2434 1076 2498 πῶς
1097 2452 1112 2502 ;
1135 2436 1236 2488 οὐκ
1261 2437 1318 2490 ὲν
1341 2436 1530 2508 ἡμέρα
1559 2433 1896 2506 σχολάζουσα

297 2529 374 2597 τῇ
409 2526 611 2601 μελέτῃ
631 2568 645 2592 ,
677 2527 753 2589 ὡς
783 2527 851 2581 ἂν
880 2527 956 2598 μὴ
985 2527 1078 2580 τὸν
1104 2527 1274 2600 ἄνδρα
1314 2527 1711 2600 παραλυπήσῃ,
1743 2525 1776 2598 ἢ
1803 2525 1896 2579 τὸν

299 2617 458 2672 οἶκον
509 2616 905 2690 ὐπελαττώσῃ,
960 2619 1100 2672 ἀλλὰ
1146 2620 1270 2690 προ
1299 2619 1470 2673 ὕπνου
1515 2636 1575 2672 τε
1627 2619 1723 2673 καῖ
1773 2617 1896 2688 μεθ’

301 2713 499 2771 ὓπνον.
533 2710 981 2782 φωταγωγούσης
1011 2710 1284 2780 κανδήλης
1309 2711 1592 2780 κάμνουσα
1619 2710 1777 2779 τόνῳ,
1802 2707 1896 2762 τοῦ

300 2805 370 2856 ἐκ
392 2801 503 2856 τῶν
525 2803 726 2874 χειρῶν
755 2801 918 2874 ἔργου
947 2803 1052 2855 οὐκ
1078 2802 1306 2872 ἡμέλει·
1328 2801 1468 2855 ἀλλὰ
1491 2800 1570 2871 πῆ
1601 2800 1701 2871 μὲν
1721 2799 1897 2867 τούτῳ

301 2894 677 2965 προσέχουσα,
717 2893 796 2964 πῆ
823 2894 881 2948 δὲ
908 2895 970 2947 τὸ
989 2893 1178 2962 ἕτερον
1197 2890 1338 2957 εἶδος
1374 2892 1894 2964 μεταχειριζομένη,

301 2979 401 3041 καὶ
433 2987 528 3041 τὸν
566 2983 718 3041 οἶκον
757 2985 949 3058 ηὐξει,
985 2987 1079 3040 καὶ
1126 2987 1237 3040 τῶν
1279 2985 1620 3058 μαθημάτων
1652 2986 1896 3057 ἐπελαμ-

301 3080 534 3134 6ἁνετοο
586 3079 772 3133 ἔκτοτε
819 3078 1002 3132 τοίνυν
1052 3079 1155 3132 οὐκ
1205 3077 1486 3133 ἐπαύσατο
1512 3077 1780 3148 ὁμιλοῦσα
1819 3077 1898 3150 τῷ

301 3170 438 3241 θείῳ
463 3169 629 3224 Δαυτδ
667 3168 882 3241 ἡμέραν
911 3168 973 3234 ἐξ
996 3169 1235 3240 ἡμέρας,
1267 3169 1513 3232 καϊταῖς
1550 3168 1727 3232 θείαις
1769 3168 1898 3220 ἀνα-

300 3263 556 3332 γνώσεσι
593 3263 937 3334 προσέχουσα
955 3279 970 3294 ο
1001 3261 1214 3315 ἐκεῖθέν
1239 3277 1299 3314 τε
1323 3261 1592 3333 καιομένη
1618 3260 1717 3331 τὴν
1753 3276 1896 3331 καρ-

2000 713 2124 768 qua:
2155 712 2355 754 recens
2399 697 2565 765 uatis,
2595 682 2870 752 diabolico
2913 695 3174 767 impulsu,
3205 697 3500 752 claviculas
3527 709 3584 753 et

2000 790 2266 862 ligaturas
2301 796 2467 860 atque
2513 789 2619 843 alia
2651 789 2926 860 praestigia
2955 787 3021 843 ad
3049 787 3272 844 sellulas
3300 797 3353 844 et
3378 789 3584 844 cubilia

1999 885 2280 952 adhibent,
2307 895 2534 955 torques
2566 886 2731 939 etiam
2765 892 2820 938 et
2863 882 3103 938 amuleta
3141 881 3298 938 collis
3326 882 3583 953 injicien-

2001 986 2119 1046 tes;
2151 979 2247 1034 sed
2300 979 2433 1035 satis
2489 979 2540 1034 (ιί
2597 985 2716 1034 erat
2759 978 3017 1034 salutaris
3063 977 3248 1034 crucis
3292 979 3450 1050 signo
3484 993 3586 1032 nos

2001 1071 2367 1137 communire,
2417 1079 2584 1140 atque
2616 1073 2719 1128 hac
2766 1073 2922 1141 quasi
2952 1079 3228 1127 armatura
3271 1079 3327 1127 et
3357 1073 3589 1141 inexpu~

2001 1163 2204 1236 gnabili
2238 1171 2396 1220 scuto
2451 1173 2757 1236 protegere.
2783 1165 2972 1235 Itaque
3013 1179 3141 1219 cum
3196 1164 3316 1218 aliae
3371 1163 3586 1220 femina:

2003 1252 2407 1309 venerabunda:
2458 1263 2812 1324 assurgerent
2856 1263 3149 1324 conspecta
3202 1254 3446 1324 qualibet
3487 1268 3589 1309 au~

2003 1343 2171 1399 ctrice
2205 1352 2260 1398 et
2290 1343 2588 1399 iuitiatrice
2633 1358 2697 1398 ac
2747 1344 3006 1415 magistra
3031 1344 3344 1414 huiusmodi
3374 1343 3588 1414 praesti-

2003 1435 2244 1508 giorum,
2296 1437 2412 1492 sola
2444 1445 2621 1491 mater
2659 1444 2873 1504 nostra,
2906 1451 3084 1507 neque
3113 1436 3386 1508 caputhis
3424 1437 3588 1492 incli-

2004 1541 2158 1595 nare,
2189 1543 2366 1598 neque
2416 1544 2511 1584 eas
2563 1530 2840 1593 invocare,
2879 1545 3056 1599 neque
3083 1530 3356 1586 ullatenus
3391 1545 3586 1600 super-

2006 1620 2254 1676 stitioues
2281 1622 2608 1692 participare
2635 1638 2799 1692 passa
2831 1634 2947 1689 est;
3002 1637 3144 1692 smpe
3191 1622 3317 1678 licet
3344 1623 3412 1678 ab
3440 1623 3586 1676 illius

2009 1713 2366 1787 professionis
2422 1715 2642 1771 feminis
2694 1717 2870 1772 minas
2933 1725 3175 1786 experta.
3239 1714 3344 1771 Sed
3397 1732 3589 1787 reapse

2003 1803 2281 1873 iustorum
2314 1803 2510 1858 animae
2559 1805 2612 1859 in
2643 1818 2806 1858 manu
2861 1804 2950 1858 l‘ei
3000 1813 3128 1858 sunt
3155 1846 3168 1866 ,
3203 1819 3378 1874 neque
3405 1813 3589 1874 tanget

2011 1907 2106 1949 eos
2129 1903 2461 1948 tormentum
2506 1895 2549 1947 ¹.
2582 1893 2650 1947 Et
2676 1895 2765 1964 qui
2818 1892 3034 1962 conﬁdit
3066 1894 3116 1946 in
3150 1893 3404 1955 Domino,
3453 1895 3588 1946 sicut

1925 1983 1966 2038 Β
1995 1999 2144 2038 mons
2179 1981 2308 2038 Sion
2337 1984 2445 2047 ’,ιιι
2479 1982 2776 2054 Scriptura:
2805 1983 2979 2037 aiunt.

2067 2071 2120 2126 '5.
2149 2071 2414 2127 Postliine
2435 2071 2621 2126 divino
2647 2086 2834 2128 amore
2859 2072 2913 2124 in
2939 2073 3059 2142 ejus
3093 2072 3258 2126 corde.
3287 2055 3587 2135 crescente,

1996 2160 2122 2232 quia
2169 2162 2286 2216 sine
2335 2162 2677 2225 litteratura,
2731 2169 2791 2215 ut
2833 2162 3100 2230 orpltaua,
3155 2161 3342 2215 relicta
3387 2161 3584 2222 fuerat.

1996 2249 2112 2320 ipsa
2141 2249 2339 2305 litteris
2364 2261 2535 2306 semet
2561 2251 2834 2321 sapienter
2868 2250 3066 2305 imbuit
3103 2251 3496 2321 instruxitquc,
3534 2261 3588 2306 et

1997 2337 2316 2408 psalterium
2382 2339 2598 2409 egregie
2663 2338 3104 2409 brevissimoque
3169 2348 3412 2406 tempore
3473 2355 3582 2394 meo

1997 2425 2188 2480 moria:
2240 2426 2538 2480 mandavit.
2603 2425 2662 2480 Id
2721 2433 2904 2480 autem
2955 2426 3271 2494 quomodo?
3318 2425 3583 2495 Equidem

1997 2513 2142 2568 haud
2175 2513 2410 2569 interdiu
2436 2514 2563 2569 huic
2587 2513 2933 2584 occupationi
2969 2529 3192 2578 vacans,
3223 2529 3291 2570 ne
3325 2516 3443 2570 viro
3471 2531 3589 2570 mc-

2000 2602 2216 2658 lestiam
2268 2613 2514 2672 crearet,
2553 2614 2648 2660 aut
2695 2604 2966 2659 minorem
3019 2605 3204 2659 domui
3251 2621 3439 2660 curam
3481 2605 3586 2660 im-

1999 2694 2284 2762 penderet",
2321 2693 2415 2749 sed
2440 2705 2563 2748 ante
2589 2703 2644 2750 et
2671 2704 2793 2763 post
2817 2709 3092 2762 somnum,
3110 2694 3335 2750 ardente
3366 2697 3584 2750 lucerna

1998 2787 2190 2842 sedulo
2239 2787 2538 2843 Iueubrans
2561 2827 2576 2850 ,
2632 2803 2718 2844 res
2754 2803 2874 2856 quae
2902 2798 3059 2843 erant
3099 2790 3152 2842 in
3193 2789 3446 2844 manibus
3478 2805 3585 2843 nou

1997 2878 2342 2948 negligehat,
2402 2877 2496 2933 sed
2542 2879 2706 2933 modo
2752 2879 2880 2933 huic
2917 2880 3078 2934 modo
3120 2879 3274 2934 alteri
3306 2894 3452 2935 cura:
3499 2879 3590 2933 iu-

2003 2976 2149 3021 tenta
2177 3005 2194 3028 ,
2225 2976 2278 3022 et
2309 2967 2532 3022 domum
2561 2983 2618 3022 re
2648 2967 2904 3024 familiari
2948 2970 3286 3038 augebat,‘et
3316 2970 3584 3025 doctrinis

1999 3057 2164 3112 simul
2210 3058 2454 3113 animum
2508 3059 2817 3114 excolebat.
2875 3061 3054 3130 Atque
3105 3077 3169 3116 ex
3204 3077 3271 3116 eo
3321 3063 3583 3118 nimirum

1999 3155 2245 3219 tempore
2317 3165 2600 3220 nunquam
2657 3150 2868 3206 destitit
2921 3167 3044 3207 eum
3091 3153 3290 3207 Davide
3337 3155 3540 3209 versari
3569 3195 3585 3218 .

1999 3236 2199 3292 divinis
2228 3239 2476 3310 quotidie
2507 3241 2834 3298 lectionibus
2857 3256 3078 3313 operam
3113 3259 3342 3301 navans.
3373 3245 3586 3312 Quibus

298 3329 458 3419 ὲιλν,
487 3355 585 3408 και
625 3329 854 3426 mea
887 3353 1090 3424 μέλλον
1118 3353 1324 3422 ἀγαθὸν
1368 3329 1804 3423 ἀναλάμπουσα,
1837 3329 1892 3404 et

1997 3343 2094 3384 cor
2153 3329 2402 3394 incensa,
2437 3347 2502 3387 ac
2533 3332 2702 3388 futuri
2736 3333 2864 3389 boni
2900 3349 2996 3404 spe
3031 3335 3417 3403 exardesceus,
3451 3337 3582 3407 quid

301 3449 456 3500 ποιεῖ
477 3448 573 3500 καὶ
603 3446 656 3498 τί
703 3445 1001 3517 ἐργάζεται
1036 3447 1070 3515 ἡ
1105 3444 1420 3514 θαυμασίας
1457 3443 1898 3514 ἀποκοσμήσασα

301 3541 506 3610 ἑαυτὴν
547 3538 658 3592 τῶν
708 3537 980 3610 ματαίων,
1021 3538 1115 3591 καὶ
1147 3537 1221 3601 ὡς
1252 3534 1579 3607 χηρευτικόν
1615 3552 1670 3588 τι
1705 3534 1894 3605 σχῆμα

302 3630 658 3686 ἀναλαϐοῦσα
677 3669 692 3694 ,
725 3629 899 3693 οὕτως
927 3630 1007 3693 είς
1038 3629 1347 3698 ὑπόδειγμα
1393 3627 1562 3682 καλὸν
1600 3627 1898 3698 προῦκειτο

299 3725 430 3788 ταῖς
452 3723 775 3795 γνωρίμοις,
803 3723 943 3793 μήτε
974 3720 1254 3792 ὀμνύουσα
1282 3719 1345 3773 τὸ
1369 3720 1627 3781 καθόλου.
1671 3719 1796 3792 μηδ’
1825 3713 1892 3773 αὖ

298 3815 634 3887 ψευδομένη,
671 3815 809 3885 μήτε
842 3815 911 3866 τὰ
944 3813 1120 3866 πολλὰ
1145 3811 1560 3883 κρεοφαγοῦσα,
1586 3813 1646 3864 ὲν
1669 3810 1748 3882 τῷ
1783 3811 1890 3882 μά-

299 3909 464 3962 λιστα
495 3906 1048 3978 τεσσαρακοστίζεινο
1083 3904 1221 3957 ἀλλὰ
1249 3907 1346 3958 καὶ
1396 3904 1450 3958 et
1489 3920 1621 3958 ποτε
1657 3903 1738 3967 είς
1806 3903 1894 3956 εὐ-

299 4001 477 4069 ωχίαν
523 3997 887 4071 προύκαλεῖτο
907 3996 1173 4068 γαμικὴν,
1203 3995 1579 4060 λανθανόντως
1619 3993 1893 4065 ὐπεξῆγεν

301 4090 514 4161 ἑαυτὴν
537 4089 786 4160 μηδόλως
817 4090 1098 4159 ἁπτομένη
1125 4088 1328 4160 κρεῶν,
1371 4089 1506 4160 μηδὲ
1532 4087 1593 4140 τὸ
1617 4087 1772 4159 ὄμμα
1806 4087 1892 4140 al-

304 4199 482 4254 ρουσα
514 4185 595 4246 είς
621 4181 693 4235 τὰ
723 4181 994 4252 θυμελικὰ
1026 4183 1254 4249 παίγνια
1271 4199 1286 4213 ·
1312 4181 1536 4252 καὶγὰρ
1561 4176 1629 4251 ἦν
1658 4181 1893 4251 σώφρων

298 4277 350 4326 εξ
381 4273 478 4328 καί
502 4291 583 4337 τις
616 4273 776 4344 ἄλλη,
809 4273 906 4326 ἕνα
947 4272 1117 4339 ἄνδρα
1147 4272 1464 4344 γνωρίσασα
1492 4310 1508 4337 ,
1534 4272 1630 4325 καὶ
1655 4271 1755 4341 τὴν
1792 4270 1894 4341 ψυ-

299 4367 407 4440 χὴν
446 4367 587 4438 μετὰ
632 4365 735 4439 τὴν
775 4365 1058 4436 ἀποταγὴν
1090 4365 1346 4419 τοσοῦτον
1379 4366 1462 4429 είς
1491 4363 1661 4435 ἄκρον
1689 4363 1892 4434 ἁγνεύ-

301 4475 471 4522 σασα,
521 4457 598 4522 ὡς
643 4457 738 4513 καὶ
789 4457 950 4528 μέχρι
995 4456 1260 4529 λογισμοῦ
1303 4458 1692 4529 τυραννήσεως
1731 4457 1892 4528 ἀκρι-

297 4548 584 4604 δεύεσθαι.

371 4642 438 4696 6'.
482 4639 581 4705 Τίς
615 4640 710 4694 οὖν
748 4640 966 4711 ἐκείνην
1012 4639 1205 4693 ἔλαθεν
1251 4640 1610 4710 μεσονυκτίου
1659 4640 1888 4712 καιρός;

1999 3421 2331 3492 aggreditur,
2365 3425 2561 3493 quidve
2597 3426 2710 3496 agit
2735 3426 3080 3482 admirabilis
3109 3426 3309 3482 femina
3345 3429 3368 3484 ?
3417 3427 3586 3486 Vanis

1999 3512 2104 3566 sibi
2188 3513 2449 3569 detractis
2525 3516 2916 3582 ornamentis,
2974 3528 3030 3572 et
3091 3519 3291 3572 viduali
3346 3523 3582 3589 quodam

1998 3602 2206 3656 amictu
2236 3615 2548 3674 assumplo,
2603 3607 2928 3676 praeclarum
2972 3617 3146 3664 semet
3186 3611 3467 3679 exemplar
3497 3610 3582 3664 fa-

1999 3693 2308 3750 miliaribus
2361 3697 2683 3765 praebebat:
2749 3713 2928 3770 neque
2975 3698 3198 3766 jurabat
3291 3717 3532 3772 unquam
3564 3746 3581 3768 ,

1999 3799 2176 3855 neque
2202 3786 2588 3851 mentiebatur,
2619 3804 2798 3859 neque
2819 3791 3079 3846 carnibus
3110 3790 3433 3862 plerumque
3458 3807 3577 3846 ves-

1996 3878 2264 3943 cebatur,
2321 3881 2778 3951 quadragesimali
2830 3884 3132 3954 praesertim
3164 3891 3431 3953 tempore.
3475 3883 3580 3940 Sed

1995 3981 2052 4027 et
2095 3975 2142 4028 si
2200 3973 2424 4043 quando
2477 3974 2542 4029 ad
2587 3977 2832 4046 nuptiale
2873 3975 3182 4031 convivium
3221 3986 3578 4042 evocaretur,

1999 4063 2412 4119 dissimulanter
2467 4081 2528 4120 se
2575 4066 2934 4132 continebat,
2997 4065 3215 4122 intactis
3278 4067 3580 4134 carnibus,

1995 4155 2296 4226 oculosque
2347 4157 2416 4212 ad
2467 4157 2790 4229 thymelicos
2815 4159 2970 4214 lusus
3010 4159 3235 4214 minime
3271 4159 3575 4216 attollens:

1995 4255 2114 4302 erat
2154 4247 2300 4303 enim
2344 4261 2470 4302 cum
2527 4249 2719 4318 primis
2761 4249 2980 4320 pudica,
3039 4265 3211 4304 unum
3259 4250 3437 4306 virum
3485 4268 3580 4322 ag-

1995 4352 2231 4396 noscens
2256 4381 2274 4407 ,
2310 4339 2666 4410 animumque
2697 4356 2857 4395 suum
2893 4351 3016 4412 post
3067 4344 3331 4400 consortii
3374 4359 3578 4400 renuu-

1994 4433 2280 4491 tiationem
2311 4449 2488 4505 usque
2507 4435 2572 4489 ad
2607 4449 2878 4491 summam
2911 4439 3305 4508 cogitationum
3331 4439 3574 4510 ipsarum

1993 4527 2410 4598 castigationem
2442 4527 2842 4596 puriﬁcaverat.

2067 4641 2123 4694 4.
2177 4639 2336 4706 Quod
2382 4628 2510 4709 ergo
2558 4640 2706 4694 illam
2754 4642 2944 4696 media:
2978 4643 3156 4698 noctis
3201 4652 3415 4713 tempus
3437 4662 3576 4716 prae-

297 4733 494 4806 ὲπειδὴ
517 4733 680 4806 ἔργον
723 4733 784 4786 τὺ
811 4709 998 4801 λόγιον
1041 4709 1280 4804 ἐπλήρου
1300 4749 1316 4762 ο
1345 4709 1771 4787 Μεςσονύκτιοιν⁷
1789 4732 1888 4798 ἐξ-

1996 4733 2184 4789 teriit?
2232 4731 2310 4787 lle
2345 4747 2478 4787 sane
2513 4747 2639 4787 vera
2663 4747 2879 4787 sacrum
2906 4731 3125 4787 eliatum
3151 4736 3528 4804 complebatur
3556 4759 3570 4793 ς

296 4827 621 4897 ετειρόμην
663 4825 772 4880 τοῦ
819 4823 1314 4896 ἐξομολογεῖσθαι
1356 4841 1456 4880 σοι
1506 4823 1606 4878 ἐπὶ
1645 4825 1720 4880 τὰ
1762 4825 1890 4895 κρί-

292 4937 456 4990 ματα
485 4917 598 4986 τῆς
632 4917 1026 4985 δικαιοσύνης
1056 4930 1208 4971 σουσ
1236 4917 1321 4981 τίς
1348 4916 1406 4970 δὲ
1433 4915 1631 4990 ὄρθρου
1667 4917 1889 4989 ἐξέγερ-

299 5027 426 5076 σις;
477 5009 559 5072 τίς
602 5009 661 5062 δῖε
706 5009 901 5079 ἐτέρας
951 5007 1318 5080 διωρισμένης
1365 5010 1719 5081 εὐχαριστίας
1765 5009 1887 5081 ὥρα

297 5100 711 5173 παρελείπετο;
770 5099 1072 5170 Οὐδαμῶς’
1119 5099 1257 5154 ἀλλὰ
1305 5101 1399 5154 καὶ
1455 5101 1556 5170 τῆς
1607 5103 1886 5174 οἰκουρίας

297 5194 639 5265 ἀντεχομένη
665 5193 786 5246 λίαν
806 5235 822 5258 ,
855 5198 952 5248 καὶ
975 5193 1050 5256 ὼς
1080 5193 1182 5246 οὐκ
1211 5192 1278 5247 ἄν
1304 5210 1389 5254 τις
1415 5193 1526 5247 τῶν
1559 5194 1888 5262 φιλοπόνων,

297 5283 714 5354 πλουσιωτέραν
739 5283 839 5350 τὴν
866 5283 923 5335 ἐν
952 5285 1066 5344 τοῖς
1095 5282 1320 5350 ἀγαθοῖς
1349 5281 1531 5352 ἔργοις
1565 5284 1888 5338 εἰσεποιεῖτο

293 5376 566 5442 ἐπίδοσιν,
629 5373 970 5447 ῥυθμίζουσα
1003 5372 1083 5444 τῷ
1113 5373 1237 5427 καθ’
1267 5375 1468 5444 ἑαυτὴν
1500 5375 1884 5446 ὑποδείγματι,

293 5471 393 5523 καὶ
425 5467 519 5522 τὸν
562 5467 854 5538 ὁμΰζυγον,
892 5468 994 5518 καὶ
1023 5467 1224 5530 παῖδας
1251 5509 1264 5531 ,
1321 5467 1420 5520 καὶ
1465 5467 1884 5539 θεραπαινίδας·

290 5564 390 5615 τὸν
415 5562 540 5632 μὲν,
573 5559 711 5631 μετὰ
731 5558 842 5612 τῶν
862 5559 1040 5614 ἄλλων
1067 5558 1164 5612 καὶ
1193 5558 1276 5622 είς
1301 5559 1612 5629 ὑπόμνησιν
1637 5563 1883 5631 φέρουσα

290 5654 391 5709 τοῦ
416 5651 711 5708 θανατικοῦ
742 5651 1029 5723 χωρισμοῦ
1050 5667 1066 5680 ο
1098 5651 1194 5706 καὶ
1224 5651 1315 5706 διὰ
1343 5651 1505 5705 τοῦτο
1548 5651 1882 5722 συμϐουλεύ-

289 5763 432 5801 ουσα
481 5746 578 5800 καὶ
622 5742 1025 5816 παρακαλοῦσα
1051 5741 1150 5815 τὴν
1177 5742 1272 5796 ἀπ’
1302 5741 1550 5812 ἀλλήλων
1583 5742 1842 5814 στέρησιν
1861 5760 1876 5775 ο

293 5838 392 5890 καὶ
435 5834 622 5906 μέντοι
681 5832 894 5886 πείθειο
945 5831 1040 5886 καὶ
1109 5830 1348 5884 πείσασα
1397 5831 1491 5885 ἐπὶ
1540 5833 1668 5902 μιᾶς
1715 5832 1878 5902 εὐνῆς

1991 4823 2170 4878 Media
2229 4831 2380 4877 nocte
2431 4821 2710 4891 surgebam
2756 4821 2828 4874 ad
2879 4822 3232 4892 confitendum
3277 4826 3375 4878 tibi
3417 4844 3574 4896 super

1981 4915 2196 4985 judicia
2243 4915 2648 4985 justiﬁcatiouis
2678 4923 2785 4970 tute
2817 4914 2860 4969 ".
2911 4913 3042 4981 Quae
3095 4929 3274 4972 autem
3307 4923 3569 4976 matutina

1991 5009 2394 5073 consurrectio,
2431 5021 2683 5077 quaenam
2709 5007 2815 5061 alia
2846 5008 3107 5078 praafinita
3137 5011 3434 5081 gratiarum
3464 5013 3571 5070 Deo

1993 5098 2332 5170 agendarum
2374 5099 2508 5152 liora
2533 5099 3098 5168 praetermittebatur?
3133 5101 3291 5159 Nulla
3319 5120 3565 5175 prorsus.

1993 5188 2098 5245 Sed
2121 5199 2176 5246 et
2199 5190 2396 5244 domus
2417 5190 2683 5245 custodiae
2733 5205 3066 5261 magnopere
3093 5193 3272 5249 dedita
3293 5238 3308 5262 ,
3358 5212 3468 5267 pm
3500 5199 3572 5252 la-

1989 5281 2214 5336 borioso
2269 5281 2534 5350 quolibet,
2582 5281 2805 5338 uberius
2835 5283 3104 5338 bonorum
3133 5301 3355 5356 operum
3385 5304 3572 5345 exent-

1989 5377 2078 5445 plo
2131 5374 2354 5446 proprio
2419 5377 2820 5431 incrementum
2877 5377 3144 5435 efﬁciebat
3199 5381 3255 5436 in
3304 5382 3460 5447 viro,
3510 5385 3568 5440 in

1988 5468 2195 5534 liberis,
2235 5471 2288 5524 in
2319 5469 2555 5526 ancillis.
2607 5468 2676 5524 Et
2699 5470 2774 5526 illi
2807 5472 3028 5542 quidem
3059 5517 3074 5538 ,
3104 5482 3304 5544 praeter
3336 5485 3564 5538 caetera.

1987 5557 2228 5615 futuram
2263 5577 2480 5631 quoque
2508 5563 2701 5618 mortis
2731 5578 2898 5618 causa
2927 5565 3326 5634 separationem
3356 5567 3412 5621 in
3455 5585 3570 5626 me-

1987 5651 2220 5706 moriam
2261 5651 2592 5720 revocabat;
2644 5652 3236 5723 ideoque-admonebat
3269 5666 3326 5711 et
3361 5659 3568 5716 adhor-

1987 5746 2240 5811 tabatur,
2296 5754 2356 5801 ut
2404 5745 2634 5802 invicem
2688 5746 3073 5802 abstinerent:
3132 5763 3296 5819 quam
3350 5765 3464 5805 rem
3514 5752 3565 5808 ei

1968 5836 2256 5904 persuasit
2287 5837 2341 5892 in
2370 5845 2576 5893 tantum
2605 5877 2620 5902 ,
2655 5847 2713 5893 ut
2743 5853 2852 5894 uno
2888 5838 3090 5895 l‘ectulo
3122 5848 3334 5900 utentes
3360 5885 3374 5911 ,
3404 5843 3564 5914 quin-

361 5953 380 5983 ¹
425 5947 554 6018 Sap.
589 5965 669 6014 ιιι,
711 5949 756 6003 I.
837 5948 857 5980 ³
896 5946 1040 6004 Psal.
1076 5962 1262 6012 cxxw,
1289 5946 1337 6001 l.
1418 5945 1439 5978 ι
1479 5945 1623 6001 Psal.
1663 5962 1872 6011 cxvut,
1915 5947 2003 6002 6'2.
