4064 6372
541 448 646 515 887

1727 435 1786 496 S.
1825 427 2220 494 THEODORI
2262 426 2612 490 STUDIT/E

3688 431 3805 494 888

543 558 788 633 quennio
825 568 880 616 et
905 548 1047 612 ultra
1097 554 1237 609 inter
1279 566 1339 607 se
1371 567 1480 604 non
1525 547 1912 620 cognoverint;
1971 543 2113 615 quod

2224 540 2361 606 Βλοις
2389 541 2550 595 πέντε
2580 539 2756 595 ἐτεσιν
2777 539 2812 611 ἢ
2839 539 2934 593 καὶ
2960 538 3121 612 πρὸς,
3137 539 3236 594 οὐκ
3265 538 3513 610 ἔγνωσαν
3542 543 3802 609 ἐαυτοὺς,

542 661 630 714 est
659 649 984 708 admirabile
1011 662 1077 704 ac
1098 659 1309 701 rarum.
1341 641 1444 709 Qui
1467 641 1614 696 enim
1645 638 1788 694 fierit
1814 637 2022 708 possit,
2058 647 2116 691 ut

546 744 690 814 ignis
719 740 990 812 adjacenti
1021 737 1240 809 stipula:
1278 749 1388 789 non
1409 731 1812 794 admisceatur,
1873 726 1982 783 nisi
2015 728 2119 783 hoc

547 833 688 900 forte
751 830 1169 904 supranaturale
1221 826 1378 882 fuit?
1434 821 1592 891 Quod
1638 821 1684 879 si
1728 820 1982 887 Boosus,
2021 818 2116 890 qui

545 925 1021 983 condormientem
1053 919 1290 974 Rutbam
1362 930 1473 970 una
1521 921 1684 970 nocte
1715 911 1938 982 reliquit
1977 910 2119 965 inta-

545 1025 713 1084 ctam,
739 1015 1014 1078 laudatur,
1045 1009 1236 1082 quidni
1283 1017 1514 1078 uterque
1562 1019 1761 1076 parens
1797 1017 1952 1058 meus
2005 1017 2118 1056 me-

544 1107 708 1164 ritam
737 1105 1116 1176 temperantiae
1143 1101 1375 1174 gloriam
1407 1097 1609 1154 referat
1631 1097 1654 1150 ?
1673 1095 1803 1152 Esto
1827 1095 1991 1167 igitur
2014 1094 2119 1149 boc

540 1199 828 1254 amborum
885 1195 1238 1252 eneomium:
1288 1189 1491 1246 etenim
1542 1188 1646 1242 bac
1693 1187 1745 1240 in
1768 1199 1828 1240 re
1883 1199 1989 1238 non
2015 1183 2120 1237 im-

541 1286 761 1358 preprie
807 1294 962 1356 pater
1026 1297 1184 1339 meus
1239 1278 1456 1336 laudem
1513 1275 1707 1331 matris
1753 1269 2116 1343 partieipabit.

539 1374 662 1431 Jam
691 1389 824 1444 vero
854 1374 1056 1431 liberos
1085 1370 1402 1444 plenissima
1424 1365 1642 1422 virtutis
1670 1363 1869 1420 femina
1904 1358 2120 1416 monitis

541 1476 598 1523 et
647 1464 1124 1522 adhortationibus
1180 1461 1483 1519 erudiebat.
1539 1457 1606 1511 Et
1643 1455 1806 1512 modo
1862 1451 2119 1508 rationali

539 1555 696 1628 virga
717 1555 1052 1627 percutiens,
1080 1553 1242 1607 modo
1270 1550 1558 1608 sedulitate
1578 1547 1872 1607 deducens,
1893 1558 2117 1614 urgens,

541 1662 610 1705 ac
635 1647 944 1720 provehens
979 1645 1047 1700 ad
1107 1642 1456 1716 perfectiora.
1495 1639 1636 1706 Quid
1673 1637 1838 1692 inde?
1866 1635 2118 1690 Filiolam

543 1739 802 1795 roborant
826 1736 1078 1807 stupendi
1113 1735 1306 1789 matris
1337 1746 1543 1798 mores,
1583 1745 1706 1800 qua:
1732 1743 1834 1784 nec
1880 1727 2027 1783 illam
2052 1726 2119 1781 ad

543 1830 784 1886 virorum
802 1835 1156 1898 conspectum
1179 1823 1510 1891 adducebat,
1530 1837 1628 1878 nec
1643 1820 1876 1876 feminea
1894 1817 2118 1874 monilia

541 1931 598 1977 et
612 1919 874 1976 dextralia
904 1883 1316 1988 purpureasque
1345 1925 1525 1971 vestes
1552 1911 1728 1968 eidem
1752 1909 2108 1976 ostendebat;
2152 1883 2192 1936 Β

543 2011 637 2069 sed
661 2013 729 2066 ad
765 2011 1017 2080 pietatem
1057 2009 1241 2080 potius
1256 2023 1384 2080 erga
1417 2004 1589 2062 Deum
1617 2003 1946 2074 impellebat,
1982 2010 2038 2057 et
2059 2001 2114 2055 in

541 2103 719 2160 sacris
751 2101 973 2157 Litteris
1012 2100 1317 2164 erudiebat,
1346 2111 1612 2170 pauperes
1667 2093 1905 2166 hospitio
1962 2092 2114 2148 exci-

543 2209 672 2264 pere
697 2191 946 2257 docebat,
981 2190 1113 2261 quin
1144 2191 1309 2247 etiam
1365 2189 1706 2260 leprosorum
1754 2185 1940 2241 ulcera
1987 2199 2117 2256 pro-

546 2287 688 2357 priis
753 2285 1013 2340 manibus
1049 2283 1278 2354 cogebat
1325 2281 1656 2350 abstergere.
1710 2277 1994 2335 Postremo
2045 2275 2114 2332 ad

541 2375 713 2434 Deum
743 2377 1106 2448 caalestesque
1138 2373 1570 2446 pulchritudines
1605 2387 1672 2426 ex
1706 2370 1792 2427 his
1844 2368 1998 2424 humi
2027 2384 2116 2424 re-

541 2468 796 2538 pentibus
821 2477 1060 2524 meutem
1091 2465 1282 2537 puella:
1299 2463 1657 2530 transferens,
1681 2459 1792 2516 Deo
1805 2467 2111 2517 consecrat.

541 2556 611 2614 Et
635 2557 814 2615 lautos
863 2557 1082 2630 quidem
1131 2557 1236 2612 boe
1276 2555 1496 2626 optima:
1550 2551 1893 2609 educationis
1949 2567 2114 2623 argu-

542 2655 786 2703 mentum
862 2648 1290 2703 commentarios
1359 2644 1495 2700 mihi
1549 2642 1958 2714 suppeditaret;
2018 2640 2114 2696 sed

541 2753 612 2794 ne
652 2754 817 2810 quem
869 2739 1122 2796 satietate
1174 2753 1416 2803 onerem,
1446 2736 1536 2792 hic
1578 2737 1792 2791 sistam.
1820 2735 1995 2790 Unum
2035 2742 2118 2787 ta-

543 2843 695 2898 men,
724 2827 874 2899 quod
913 2837 1064 2883 recte
1121 2827 1337 2883 reticeri
1397 2826 1602 2895 nequit,
1645 2812 1939 2895 adjiciam:
1969 2822 2116 2894 quod

544 2917 804 2974 nimirum
869 2917 1133 2989 quotidie,
1191 2924 1479 2986 postquam
1525 2929 1586 2970 se
1642 2913 1799 2968 liberi
1855 2913 1912 2968 in
1954 2913 2119 2968 “lectis

542 3017 989 3082 composuerant,
1024 3009 1166 3064 baud
1200 3018 1326 3064 ante
1351 3009 1470 3078 ipsa
1502 3007 1747 3062 cubitum
1787 3005 1921 3069 ibat,
1951 3019 2116 3075 quam

543 3103 932 3174 superveniens
947 3101 1129 3158 crucis
1149 3104 1305 3172 signo
1325 3099 1570 3156 membra
1589 3099 1804 3154 illorum
1829 3097 2116 3166 signasset.

2217 629 2280 686 τὺ
2306 629 2743 703 παραδοξότατόν
2770 647 2830 683 τε
2856 630 2952 684 καὶ
2995 629 3325 702 δυσεύρητον
3348 647 3365 663 ο
3415 631 3534 698 πῶς
3582 633 3694 704 γὰρ
3729 635 3808 690 ἂν

2218 722 2316 776 καὶ⁵
2341 721 2442 792 οὐχ
2463 720 2778 792 ὁμιλήσειεν
2806 719 2871 774 τὸ
2896 719 3008 790 πῦρ
3035 722 3104 792 τῇ
3139 722 3522 794 παρακειμένῃ
3542 723 3802 800 καλάμῃ.

2219 813 2272 866 εί
2313 813 2389 886 μὴ
2419 813 2716 885 ὑπερφυῶς
2751 815 2869 867 ἐστι
2901 812 2964 867 τὸ
3005 813 3326 884 γινόμενον;
3368 817 3465 870 καὶ
3493 819 3544 870 εί
3587 819 3618 871 ό
3662 817 3808 880 Bob:

2219 902 2321 976 τὴν
2356 903 2513 958 Ῥοὺθ
2548 905 2717 968 ἐάσας
2748 904 3027 973 ἀνέπαφον
3061 905 3590 978 συγκαθευδήσασαν
3611 910 3672 962 ἐν
3700 912 3809 982 μιᾷ

2221 993 2378 1047 νυκτὶ¹
2425 995 2766 1060 ἐπαινεῖται,
2801 993 2920 1058 πῶς
2946 995 3048 1048 ούκ
3090 995 3391 1066 ἀμφότεροι
3431 998 3661 1062 εἰκότως
3701 1015 3812 1053 σω-

2220 1087 2496 1158 φροσύνης
2525 1087 2939 1156 ἀπενέγκωνται
2967 1087 3121 1146 κλέος
3140 1105 3156 1154 ;
3173 1087 3315 1143 Ἀλλ’
3345 1089 3488 1144 ἐστω
3513 1091 3615 1160 μὲν
3639 1090 3812 1145 τοῦτο

2217 1180 2334 1232 τοῖν
2379 1177 2526 1233 δυοῖν
2574 1180 2852 1252 ἐγκώμιον
2871 1198 2887 1212 ο
2935 1181 3359 1252 παραπολαύσει
3404 1182 3516 1255 γὰρ
3561 1183 3812 1239 ινταῦθα

2219 1268 2320 1322 ούκ
2351 1269 2599 1341 ἀκαίρως
2639 1269 2736 1324 καὶ
2761 1270 2790 1323 ύ
2823 1271 3114 1341 γεννήσας,
3145 1271 3240 1325 τοῦ
3266 1272 3366 1342 τῆς
3392 1272 3660 1346 τεκούσης
3699 1274 3808 1328 ἐπ-

2221 1357 2395 1414 αίνου.
2428 1359 2511 1414 Τὰ
2542 1360 2598 1414 δέ
2625 1361 2791 1416 τέκνα
2825 1362 2859 1433 ἡ
2889 1362 3198 1433 πανάρετος
3244 1363 3492 1418 παιδεύει
3523 1366 3584 1419 ἐν
3612 1365 3810 1420 νουθεο

2222 1449 2367 1514 σίαις
2433 1451 2529 1504 καὶ
2580 1452 3009 1522 παραινέσεσιν,
3069 1453 3150 1525 πῆ
3203 1454 3306 1524 μέν
3362 1455 3546 1528 ῥάϐδῳ
3604 1455 3806 1529 λογικῇ

2222 1541 2542 1612 πλήσσουσα
2559 1581 2577 1609 ,
2605 1542 2682 1613 πῆ
2707 1543 2764 1597 δὲ
2789 1542 3060 1618 ἐμμελείᾳ
3087 1545 3296 1615 ἄγουσα
3323 1547 3417 1600 καὶ
3445 1548 3809 1617 προσάγουσα

2221 1632 2318 1688 καὶ
2346 1632 2586 1701 αῦξουσα
2630 1635 2713 1698 είς
2757 1633 2828 1689 τὰ
2874 1635 3200 1708 τελεώτερα.
3219 1637 3308 1705 Ἐξ
3336 1633 3398 1693 οὗ
3445 1639 3502 1693 τί
3550 1637 3807 1709 γίνεταις

2221 1729 2540 1802 καταρτίζει
2566 1730 2627 1785 τὸ
2673 1731 2964 1804 θυγάτριον
3005 1734 3101 1788 καὶ
3145 1735 3176 1788 ὸ
3211 1734 3414 1807 τρόπος
3444 1734 3806 1806 θαυμαστός·

2221 1820 2348 1876 οὔτε
2378 1823 2459 1888 είς
2491 1823 2616 1895 ὄψιν
2649 1825 2898 1898 ἀρρένων
2926 1826 3204 1900 φέρουσα,
3245 1825 3371 1882 οὗτε
3401 1827 3470 1882 τὰ
3500 1829 3810 1898 γυναικικά

2222 1913 2498 1986 ἐμπλόκια
2528 1915 2625 1969 καὶ
2656 1915 2939 1988 περιδέξια
2983 1917 3081 1971 καὶ
3135 1918 3529 1989 περιπόρφυρα
3579 1919 3808 1975 ὑποδει-

2223 2002 2462 2058 κνύουσα
2483 2020 2498 2035 ο
2532 2005 2672 2076 πρὸς
2702 2005 2759 2059 δὲ
2787 2005 3100 2060 θεοσέϐειαν
3127 2007 3431 2076 ἀνάγουσα,
3462 2007 3558 2061 καὶ
3583 2009 3654 2062 τὰ
3681 2008 3812 2082 ιερὰ

2221 2097 2528 2170 γράμματα
2557 2097 2980 2166 ἐκπαιδεύουσα,
3027 2100 3124 2154 καὶ
3155 2101 3282 2166 τοὺς
3309 2103 3566 2172 πτωχοὺς
3610 2103 3810 2158 ὐποδέ-

2222 2189 2415 2260 χεσθαι
2458 2187 2860 2246 ἐκδιδάσκουσα
2881 2230 2899 2257 ,
2929 2191 3030 2246 καὶ
3056 2191 3169 2246 τῶν
3203 2191 3395 2246 λωὸῶν
3424 2193 3496 2247 τὰ
3539 2193 3682 2266 ἕλκη
3710 2195 3810 2248 ἐκ·

2225 2281 2528 2352 μάσσεσθαι
2569 2283 2907 2356 αύτοχείρως
2949 2285 3450 2354 ύπαναγκάζουσαο
3491 2287 3588 2342 καὶ
3615 2288 3808 2353 τέλος,

2221 2373 2303 2437 εἰς
2346 2371 2481 2427 Θεδν
2509 2373 2606 2428 καὶ
2631 2375 2700 2428 τὰ
2743 2375 3042 2446 ἐπουράνια
3081 2375 3256 2448 κάλλη
3289 2376 3398 2432 ἀπὸ
3439 2376 3551 2431 τῶν
3589 2377 3810 2432 ἐνθένδε

2222 2464 2584 2537 χαμαιζήλων
2611 2465 2705 2520 τὸν
2750 2466 2875 2520 νοῦν
2917 2466 3014 2521 τοῦ
3063 2467 3252 2538 κορίου
3289 2469 3644 2539 μετάγουσα,
3686 2468 3811 2541 Θεῷ

2221 2555 2566 2628 ἀνατίθησιν.
2604 2557 2773 2612 Ἀλλὰ
2805 2556 2978 2614 πολλά
3021 2575 3089 2630 με
3117 2558 3299 2628 λέγειν
3329 2560 3364 2631 ἡ
3403 2560 3667 2624 ὑπόθεσις
3704 2560 3811 2630 τῆς

2222 2649 2518 2722 καλλίστης
2568 2651 2742 2719 αὐτῆς
2793 2651 3183 2724 παιδοτροφίας
3233 2653 3608 2724 ὑπομνήματα
3663 2670 3811 2726 παρ-

2223 2741 2480 2814 εχομένη.
2527 2743 2616 2798 διὰ
2657 2743 2751 2796 τὸν
2805 2743 2966 2814 κόρον
3011 2743 3248 2798 ἐνταῦθα
3287 2746 3501 2815 στήτω·
3549 2745 3580 2799 δ
3628 2745 3692 2799 δέ
3739 2763 3810 2817 με

2223 2833 2548 2888 καταλιπεῖν
2569 2834 2631 2888 ού
2652 2834 2840 2900 καλὸν,
2865 2835 3025 2890 τοῦτο
3059 2836 3390 2908 προσθείηνο
3421 2837 3506 2891 ὅτι
3537 2838 3809 2891 ἑκάστοτε

2228 2927 2370 2996 μετὰ
2395 2928 2458 2980 τὸ
2489 2926 2821 2999 καθευδῆσαι
2853 2929 2982 2992 τοὺς
3012 2929 3241 2995 παῖδας,
3269 2931 3332 2984 ού
3362 2930 3582 2992 πάντως
3605 2924 3680 3001 ἦν
3709 2931 3807 2984 αύ-

2222 3018 2324 3089 τὴν
2353 3018 2743 3090 κοιτασθῆναι,
2778 3020 2907 3090 πρὶν
2938 3019 3006 3074 ἂν
3037 3019 3311 3075 ἀπιοῦσαν
3339 3019 3704 3091 σημειοῦσθαι
3741 3021 3812 3075 τὰ

2228 3109 2379 3181 σφῶν
2415 3110 2555 3180 μέλη
2593 3113 2662 3183 τῇ
2710 3109 2808 3165 τοῦ
2859 3111 3094 3184 σταυροῦ
3148 3113 3441 3186 σφραγῖδιο
3476 3107 3601 3166 εἶτα
3641 3113 3810 3168 πάλιν

543 3191 870 3264 Rursusque
897 3206 1022 3248 eum
1077 3197 1388 3262 surgerent,
1419 3202 1566 3259 saepe
1607 3201 1710 3242 nos
1761 3185 2119 3240 exstimulans

2229 3203 2369 3274 μετὰ
2393 3203 2494 3275 τὴν
2525 3203 2746 3275 ἔγερσιν
2770 3204 2846 3270 ὡς
2869 3205 2964 3259 ἐπὶ
2993 3205 3056 3260 τὸ
3083 3206 3222 3260 πολὺ
3248 3205 3550 3261 νύσσουσαν
3582 3206 3684 3261 καὶ
3708 3207 3813 3275 ἀφ·

544 3290 709 3354 atque
737 3283 1148 3354 expergiscens,
1175 3281 1240 3335 ad
1264 3293 1454 3351 preces
1483 3275 1843 3348 compellebat
1869 3293 1884 3330 :
1914 3275 2122 3332 scilicet

2229 3296 2508 3351 υπνοῦσαν
2534 3297 2683 3368 ἡμᾶς
2708 3298 2804 3352 καὶ
2824 3298 2961 3370 πρὸς
2990 3298 3302 3372 προσευχὴν
3322 3300 3808 3373 προτρεπομένην,

546 3387 603 3431 ιιι
633 3390 741 3431 non
769 3375 887 3445 ipsa
917 3371 1158 3440 tantum,
1175 3372 1270 3430 sed
1301 3381 1357 3428 et
1389 3369 1508 3436 filii,
1545 3368 1641 3424 Dei
1671 3367 1901 3430 servitio,
1929 3381 2130 3424 assue-

544 3471 780 3522 soerent.

613 3557 671 3613 5.
702 3556 817 3628 Age
861 3570 990 3611 vero
1037 3555 1106 3612 de
1153 3554 1377 3612 famulis
1438 3555 1862 3626 famulabusque
1922 3553 2128 3610 multus

546 3649 683 3704 mibi
728 3661 914 3705 sermo
966 3647 1296 3714 oboriretur,
1331 3648 1376 3704 si
1407 3661 1685 3719 exponere
1737 3645 1954 3712 vellem,
1989 3659 2130 3717 quo-

547 3741 712 3797 modo
741 3740 867 3798 illos
897 3740 1000 3796 sibi
1028 3739 1370 3796 conciliaret.
1404 3739 1595 3802 aleret,
1623 3745 1858 3808 potaret,
1883 3736 2128 3804 vestiret,

547 3841 817 3904 quantum
871 3847 1034 3888 nemo
1085 3832 1228 3888 alius
1256 3831 1342 3888 vel
1395 3831 1884 3888 clementissimus.
1921 3830 2125 3900 Neque,

549 3933 608 3980 ut
640 3925 720 3990 fit,
733 3924 892 3994 panis
909 3932 1120 3980 tantum
1164 3933 1218 3981 et
1242 3923 1356 3979 vini
1380 3937 1446 3980 ac
1470 3922 1610 3980 lardi
1640 3921 1897 3978 diurnum
1921 3920 2126 3976 victum

547 4018 963 4090 suppeditabat;
997 4017 1092 4074 sed
1133 4033 1279 4089 saepe
1305 4027 1359 4074 et
1416 4017 1753 4075 solemnibus
1807 4017 2130 4088 plerumque

554 4113 765 4177 diebus,
796 4119 1016 4168 recente
1058 4127 1227 4167 carne
1277 4110 1574 4174 nutriebat,
1605 4109 1868 4179 piscibus,
1897 4116 1952 4164 et
2006 4107 2128 4164 alti-

551 4203 722 4272 libus,
751 4213 806 4259 et
831 4205 1137 4260 mulsorum
1193 4201 1670 4273 propinationibus
1719 4201 1887 4271 ;quia
1935 4215 2129 4268 nempe

552 4296 696 4351 haud
727 4297 843 4365 ipsa
869 4293 985 4350 sola
1015 4293 1102 4350 his
1137 4291 1242 4348 frui
1294 4293 1530 4348 volebat.
1578 4291 1774 4348 Nonne
1801 4291 1920 4348 haec
1949 4290 2129 4346 dilau-

2232 3387 2321 3438 ἵνα
2365 3383 2442 3456 μὴ
2491 3385 2656 3456 μόνον
2697 3386 2915 3458 ἐκείνη,
2943 3387 3084 3443 ἀλλὰ
3110 3387 3307 3443 καὶτὰ
3331 3389 3500 3444 τέκνα
3543 3389 3667 3461 Θεῷ
3710 3388 3812 3444 λα-

2228 3474 2444 3546 τρεύειν
2473 3475 2858 3532 παιδεύωνται.

2300 3565 2366 3622 ε’.
2413 3568 2481 3620 ’Δ
2513 3567 2573 3623 δὲ
2598 3567 2730 3640 περὶ
2759 3568 2967 3624 δούλων
2995 3571 3092 3623 καὶ
3113 3569 3392 3637 δουλίδων,
3425 3571 3597 3638 πολῦς
3643 3573 3676 3628 δ
3722 3573 3812 3628 λό-

2228 3671 2347 3725 γος,
2398 3655 2712 3730 βουλομένῳ
2759 3674 2855 3730 μοι
2896 3657 3148 3730 φράζειν,
3180 3660 3283 3713 ὃσα
3309 3661 3494 3731 ἐκείνη
3526 3662 3808 3735 ὡμήρετο.

2227 3748 2546 3820 διέτρεφεν,
2595 3751 2876 3817 ἐπότιζεν,
2925 3751 3299 3821 ἐνεδίδυσκεν,
3332 3755 3409 3818 ὡς
3445 3755 3626 3820 οὐδεὶς
3669 3757 3812 3812 πολὺ

2195 3884 2200 3888 .
2227 3837 2337 3893 τῶν
2365 3838 2564 3906 ἄλλων,
2595 3842 2692 3896 καὶ
2713 3843 2761 3895 εί
2787 3841 2909 3897 λίαν
2934 3843 3339 3918 φιλανθρώπων
3355 3863 3370 3880 ·
3397 3847 3496 3918 οὐχ
3513 3847 3592 3912 ὡς
3619 3849 3812 3920 ἔτυχεν

2227 3933 2379 4004 ἄρτῳ
2410 3935 2506 3988 καί
2537 3934 2667 4006 οίνῳ
2703 3934 2798 3988 καὶ
2825 3933 3007 4007 λάρδῳ
3053 3935 3398 4009 δεξιουμένη,
3429 3939 3493 3993 τὺ
3517 3941 3812 4014 ἐφημερή-

2229 4041 2344 4078 σιον
2369 4027 2701 4098 σιτηρέσιον,
2733 4026 2873 4081 ἀλλὰ
2896 4027 3184 4100 πολλαχῶς
3215 4029 3311 4083 καὶ
3338 4031 3398 4083 tv
3423 4031 3812 4101 ἐορταστικαίς

2224 4117 2486 4191 ἡμέραις,
2518 4118 2618 4172 καὶ
2651 4118 2952 4190 προσφάτῳ
2978 4119 3134 4190 κρέει
3157 4118 3546 4192 διατρέφουσα,
3575 4122 3733 4193 ὄψοις
3751 4141 3810 4178 τε

2228 4211 2326 4267 καὶ
2351 4210 2561 4284 ὀρνέοις
2611 4211 2708 4267 καὶ
2736 4212 3160 4282 καρυκευτικοῖς
3205 4213 3581 4283 προπόμασιν,
3611 4215 3674 4284 ού
3711 4214 3809 4284 φέ-

2233 4320 2403 4374 ρουσα
2424 4305 2523 4375 τὴν
2554 4303 2664 4357 τῶν
2710 4300 2979 4356 τοιούτων
3028 4301 3332 4374 μετάληψιν
3360 4305 3445 4374 ἐφ’
3475 4283 3678 4376 ἐαυτῗις

552 4387 733 4442 danda
767 4395 896 4442 sunt
921 4397 975 4441 et
1004 4387 1172 4441 rara?
1203 4401 1385 4442 nonne
1415 4384 1719 4456 peculiares
1753 4393 1958 4439 sanetae
1984 4383 2122 4436 illius

2231 4411 2328 4465 νης
2359 4394 2680 4466 ἱσταμένην.
2706 4388 2833 4464 Ἆρ’
2861 4393 2964 4448 οὐκ
3009 4394 3278 4448 ἐπαινετὰ
3317 4393 3490 4450 ταῦτα
3528 4397 3622 4452 καὶ
3667 4392 3808 4462 ξενί-

553 4477 752 4533 animae
799 4479 1214 4550 praerogativae?
1267 4478 1447 4534 Credo
1495 4477 1750 4548 equidem
1789 4477 1840 4530 id
1873 4475 2007 4531 milii
2040 4491 2131 4532 as-

2232 4483 2418 4552 ζοντα,
2445 4485 2542 4538 καὶ
2584 4484 2684 4554 τῆς
2709 4482 2871 4553 ἁγίας
2912 4481 3094 4552 ψυχῆς
3126 4483 3344 4551 ἐκείνης
3372 4486 3807 4556 προτερήματας
3881 4489 3918 4512 -_

553 4570 864 4626 sentiemini
934 4580 1204 4641 quotquot
1261 4570 1486 4626 auditis.
1547 4569 1654 4624 Sed
1714 4569 1847 4623 illud
1906 4582 2122 4639 quoque

2233 4581 2550 4653 συμφήσετε
2580 4573 2680 4633 οἷδ’
2702 4580 2788 4634 ὅτι
2817 4579 2868 4633 oi
2899 4578 3299 4652 ἐνωτιζόμενοι.
3340 4578 3482 4632 Ἀλλ’
3509 4580 3704 4650 ἔμοιγε
3752 4577 3809 4636 εὖ

553 4671 700 4718 recte
729 4677 817 4717 me
848 4660 1126 4717 dicturum
1157 4671 1311 4734 puto,
1358 4662 1505 4732 quod
1543 4663 1709 4717 etiam
1742 4658 2122 4723 minitabatur,

554 4743 885 4828 corrigebat,
937 4764 995 4811 et
1051 4755 1326 4825 praecipue
1377 4753 1698 4810 domesticis
1755 4751 1926 4825 (quod
1979 4751 2126 4807 haud

555 4848 674 4904 scio
704 4857 891 4903 utrum
919 4847 1049 4902 vitio
1076 4860 1143 4901 an
1180 4844 1330 4900 laudi
1361 4846 1590 4911 vertam)
1626 4845 1817 4915 alapas
1847 4841 2120 4913 impinge-

556 4939 670 5004 bat,
718 4938 1044 5008 obiurgabat
1070 4952 1166 4993 eos
1197 4948 1246 4992 et
1283 4937 1607 4992 verberabat
1641 4954 1654 4990 :
1705 4936 1836 5007 quia
1869 4935 1986 4991 haec
2031 4933 2130 4988 bo-

557 5029 787 5085 aestatis
809 5029 1068 5085 docenda:
1099 5044 1284 5094 causa,
1325 5045 1354 5083 a
1385 5027 1546 5083 furtis
1598 5025 1960 5092 absterrendi,
1992 5025 2130 5080 alia-

2235 4674 2301 4730 ἂν
2339 4673 2455 4745 ἐχοι
2496 4670 2634 4743 πρὸς
2679 4671 2889 4735 τούτοις
2926 4671 3136 4738 εἰπεῖν,
3172 4671 3256 4726 ὅτι
3296 4671 3390 4725 καὶ
3425 4673 3678 4742 ἠπείλει,
3719 4675 3811 4729 καὶ

2233 4764 2585 4837 ὴσφαλίζετο,
2606 4761 2703 4818 καὶ⁷
2733 4762 2968 4834 μάλιστα
2995 4765 3106 4827 τοῖς
3128 4761 3360 4832 ἐγγύθεν
3390 4764 3512 4835 (οὐκ
3544 4758 3643 4819 οἷδ’
3671 4767 3702 4820 ὃ
3737 4784 3810 4828 τι.

2235 4859 2296 4910 ἐν
2325 4857 2480 4928 μέρει
2511 4855 2683 4926 ψόγου
2715 4854 2750 4924 ἢ
2785 4853 3012 4908 ἐπαίνου
3047 4852 3312 4926 θήσομαι)
3333 4854 3394 4908 τὸ
3419 4855 3516 4908 καὶ
3544 4856 3810 4927 ἐῤῥάπιζε

2236 4949 2334 5004 καὶ
2380 4947 2665 5019 ἐφύϐριζε,
2710 4946 2805 5003 καὶ
2847 4945 3194 5018 προσέτυπτε
3223 4945 3315 5000 διὰ
3337 4946 3400 5000 τὸ
3429 4947 3574 5018 ὑπὲρ
3597 4963 3810 5020 σωφρο-

2237 5041 2404 5112 σύνης
2428 5041 2526 5095 καὶ
2573 5039 2844 5104 ἀκλοπίας
2892 5039 2989 5094 καὶ
3017 5037 3187 5108 ἄλλης
3215 5037 3422 5110 ἀρετῆς
3449 5039 3628 5094 ταῦτα
3668 5042 3812 5110 γίνε-

557 5135 794 5194 rumque
825 5121 1090 5178 virtutum
1133 5121 1316 5177 studio
1355 5119 1591 5188 fiebant;
1641 5118 1872 5190 ejusque
1903 5119 2122 5174 rectitu-

2239 5130 2394 5195 σθαι,
2439 5131 2530 5184 καὶ
2571 5128 2652 5202 τῷ
2707 5129 2864 5201 θυμῷ
2916 5128 3223 5196 ἐπλήσσετο
3263 5129 3300 5199 ή
3351 5129 3808 5201 σπουδαιόψυχος.

557 5219 706 5276 diuis
729 5234 922 5275 amans
959 5219 1180 5275 animus
1222 5219 1508 5274 iracundia
1553 5219 1970 5291 percellebatur,
2003 5234 2122 5274 cum

2237 5223 2426 5294 ἐπειδὴ
2453 5223 2547 5278 καὶ⁸
2575 5222 2791 5293 φύσεως
2810 5217 2881 5294 ἦν
2908 5221 3193 5292 ὀξυτέρας,
3222 5219 3372 5292 ζήλῳ
3391 5221 3528 5276 Θεοῦ
3553 5223 3622 5276 τὰ
3648 5224 3811 5278 πολλὰ

556 5322 612 5367 ct
637 5312 842 5384 alioqui
900 5313 1036 5368 satis
1094 5312 1348 5368 irritabili
1415 5320 1608 5367 natura
1667 5322 1836 5378 esset,
1885 5313 2003 5367 zelo
2036 5309 2122 5367 Dei

2237 5315 2702 5388 τιτρωσκομένης.
2723 5315 2971 5386 Ἑκείνης
3000 5313 3057 5368 δέ
3099 5314 3250 5368 ἐστιν
3279 5314 3342 5367 τὸ
3387 5315 3526 5384 μετᾶ
3568 5317 3632 5369 τὸ
3662 5333 3806 5370 τετυ·

560 5419 703 5475 saape
730 5411 1079 5475 compuncta.
1115 5401 1314 5459 Verum
1346 5403 1536 5460 eadem
1571 5413 1693 5474 post
1724 5401 2122 5458 verberationes

2239 5407 2402 5477 φέναι
2433 5407 2825 5478 είσερχομένης
2856 5407 2936 5470 είς
2964 5405 3056 5460 τὸν
3089 5405 3463 5472 κοιτωνίσκον,
3495 5406 3592 5462 καὶ
3617 5407 3811 5480 ἐαυτῆς
3839 5411 3852 5434 ¹

561 5499 877 5555 cubiculum
930 5512 1092 5554 suum
1148 5495 1414 5569 ingressa,
1463 5497 1568 5553 sibi
1597 5511 1764 5568 genas
1793 5495 2043 5565 pulsans,
2080 5503 2122 5550 el

2239 5499 2679 5570 ἀντιτυπτούσης
2708 5501 2806 5563 τὰς
2833 5499 3096 5570 παρειὰς,
3123 5497 3188 5554 Εί
3220 5499 3467 5570 πονοίης,
3501 5501 3674 5573 ἐαυτῇ
3697 5502 3810 5556 ἐπι-

562 5593 770 5648 utinam
809 5589 1036 5646 doleas!
1086 5589 1190 5644 sibi
1221 5589 1431 5656 dicens,
1459 5596 1624 5658 atque
1654 5587 1721 5642 ad
1756 5586 2122 5658 pmnitentia‘m

2241 5587 2531 5659 λεγούσης,
2561 5589 2671 5642 κὰκ
2695 5588 2888 5642 τούτου
2924 5589 3376 5660 ἀνακοπτομένης
3401 5589 3541 5661 πρὸς
3578 5591 3810 5662 μετάμεο

565 5684 783 5749 inﬂexa,
809 5689 1005 5738 vocata
1034 5682 1101 5736 ad
1131 5695 1190 5737 se
1216 5695 1339 5751 quae
1363 5679 1712 5751 vapulaverat
1735 5678 1962 5742 famula,
1995 5677 2122 5734 flexc

2242 5680 2355 5749 λον,
2405 5682 2503 5736 καὶ
2545 5681 2645 5752 τὴν
2687 5682 2987 5752 τυφθεῖσαν
3014 5682 3504 5755 προσκαλουμένης
3534 5683 3629 5738 καὶ
3657 5699 3808 5753 γονυ-

563 5790 705 5845 genu
739 5773 958 5829 veniam
1001 5773 1241 5844 petebat.
1291 5773 1336 5828 0
1362 5781 1606 5829 sanctam
1655 5771 2122 5844 resipiscentiant!

2243 5771 2539 5845 πετούσης,
2574 5774 2668 5827 καὶ
2699 5772 3088 5845 ἐξαιτουμένης
3123 5773 3496 5846 συγχώρησιν.
3523 5773 3635 5829 Καὶ
3654 5773 3700 5826 ὣ
3721 5775 3808 5841 τῆς
3858 5765 3862 5768 ’

565 5868 719 5923 Certe
750 5868 798 5924 si
831 5868 972 5924 forte
1015 5867 1216 5939 aliquis
1266 5866 1448 5938 priora
1500 5865 1914 5936 vituperaverit,
1941 5865 1989 5922 is
2020 5865 2122 5922 btet

2246 5863 2474 5936 εύαγοῦς
2505 5865 2969 5932 ὲπανακλήσεωςί
3003 5867 3105 5923 κᾶν
3145 5866 3256 5939 γὰρ
3295 5867 3356 5921 τὸ
3398 5867 3668 5941 πρότερον
3703 5866 3809 5935 δοίη
