4064 6372
192 439 307 502 889

770 433 1057 498 ORATIO
1086 433 1261 496 XIII.
1291 459 1362 472 -
1395 433 1788 497 LAUDATIO
1824 435 2217 499 FUNEBRIS
2277 439 2360 499 ΙΝ
2395 440 2719 504 MATREM
2747 444 2980 509 SUAM.

3390 450 3496 515 890

199 569 287 617 τις
315 548 819 624 κατηγορούμενον,
837 549 980 605 ἀλλά
992 564 1058 619 γε
1084 549 1147 603 τὸ
1170 547 1426 621 δεύτερον
1455 547 1780 622 παραδόξως

1899 551 2206 607 mirabiliter
2234 553 2379 609 facta
2399 555 2681 624 posterius
2727 558 3161 616 commendabil.
3196 559 3289 619 Sic
3318 567 3491 621 metui

199 645 513 718 γηνόμενον,
550 646 580 701 ὁ
609 642 773 706 αὐτὸς
796 643 1142 698 ἐπαινέσειεν
1163 658 1177 673 ·
1208 641 1333 696 ὅθεν
1365 642 1462 695 καὶ
1498 641 1789 713 κεράσασα

197 738 279 811 τῷ
324 737 478 810 φόϐῳ
526 737 622 793 τὸν
670 735 852 803 ἔλεον,
904 736 1003 792 καὶ
1050 733 1379 807 στέργεσθαι
1420 735 1556 806 παρ’
1604 735 1791 790 αὐτῶν
1832 761 1839 767 ·

197 831 564 903 ἐγνωρίζετο,
594 830 691 885 καὶ
740 831 1002 902 φρουρεῖν
1029 828 1205 893 αὑτάς
1235 827 1374 901 πρὸς
1408 826 1791 899 σωφρονισμὸν

196 924 556 979 ύπεδείκνυτο
572 939 585 952 ·
601 923 696 977 καὶ
735 920 1082 992 ἑκατέρωθεν
1105 920 1168 974 τὸ
1188 920 1483 992 κράτιστον
1501 920 1787 992 ἐκέκτητο.

210 1018 524 1088 Ἀγάπησιν
548 1015 607 1070 δὲ
633 1014 787 1086 παρὰ
815 1013 928 1068 τῶν
944 1011 1394 1083 γειτνιαζουσῶν,
1412 1011 1790 1084 ἐλεημοσύνην

196 1111 257 1166 δὲ
283 1111 422 1184 πρὸς
448 1110 576 1173 τοὺς
606 1109 832 1174 ἐνδεεῖς,
862 1106 949 1172 τίς
979 1104 1321 1178 ὑπερέϐαλεν
1349 1105 1603 1175 ἐκείνην;
1637 1104 1792 1175 ἐχου-

199 1221 305 1259 σαν
353 1204 416 1257 τὸ
466 1202 567 1274 μὲν
608 1201 677 1256 ἐκ
733 1197 829 1255 τοῦ
871 1196 1333 1271 συμμετριάζειν,
1390 1197 1631 1269 μάλιστα
1666 1199 1791 1261 ταϊς

198 1293 656 1365 ύποδεεστέραιςο
689 1291 749 1346 τὸ
769 1290 829 1346 δὲ
858 1293 924 1346 ἐκ
949 1291 1045 1345 τοῦ
1083 1290 1227 1361 άγαν
1263 1289 1650 1362 συμπαθοῦσα,
1682 1289 1789 1344 κᾶν

197 1391 329 1444 ὅσον
353 1388 417 1443 τὸ
446 1386 669 1458 δαψιλὲς
707 1385 810 1457 τῆς
854 1384 1201 1456 προθέσεως,
1228 1382 1330 1438 οὐκ
1359 1383 1451 1437 εία
1489 1381 1791 1454 προφαίνε-

197 1481 330 1536 σθαι
347 1481 382 1550 ἠ
416 1478 707 1551 μετριότης
734 1476 834 1547 τῆς
861 1475 1175 1547 ὑπάρξεως.
1220 1474 1368 1547 Πλὴν
1394 1474 1671 1547 μάρτυρες
1689 1473 1791 1545 τῆς

196 1568 465 1641 ἀληθείας
492 1569 543 1621 οί
567 1566 757 1620 πολλοὶ
777 1564 874 1620 καὶ
897 1564 1159 1628 πολλάκις
1177 1564 1275 1619 καὶ
1304 1564 1576 1647 άποτεταγ
1589 1562 1791 1635 μένως,

196 1660 433 1733 ὀρφανοί
464 1676 525 1713 τε
553 1659 648 1713 καὶ
677 1657 871 1731 χῆραι,
888 1656 1032 1725 ξένοι
1062 1673 1124 1711 τε
1148 1656 1244 1711 καὶ
1273 1654 1621 1727 αὐτόχθονες,
1639 1671 1793 1709 νοσε-

200 1756 288 1830 ροί
318 1773 379 1811 τε
401 1755 495 1810 καὶ
522 1754 802 1828 γέροντες,
825 1752 921 1806 καὶ
947 1752 997 1806 οἱ
1026 1748 1126 1821 τῆς
1151 1751 1303 1823 ίερᾶς
1323 1751 1484 1805 νόσου
1506 1750 1787 1823 λαχόντες,

198 1847 359 1919 παρὰ
398 1847 499 1919 τῆς
530 1844 921 1917 πτωχοτρόφου
967 1842 1153 1908 δεξιᾶς
1183 1842 1638 1914 θεραπευόμενοι.
1679 1844 1791 1899 Καὶ

1890 643 2336 701 misericordiam
2397 647 2735 714 admiscens,
2792 658 2850 708 et
2917 651 2991 706 ab
3032 652 3253 709 ancillis
3304 654 3489 725 palam

1890 736 2202 805 amabatnr,
2273 747 2330 794 et
2387 738 2608 796 illarum
2671 756 2732 797 se
2788 743 3073 800 custodire
3136 745 3489 803 honestatem

1892 830 2277 888 monstrabat:
2325 838 2382 885 et
2406 846 2524 886 rem
2562 839 2856 904 utramque
2887 835 3151 905 optimam
3181 838 3487 898 obtinebat.

1890 919 2010 977 Jam
2042 937 2233 979 amore
2275 938 2403 993 erga
2456 924 2910 995 circumstantes,
2940 937 2996 984 et
3038 931 3392 1002 eleemosyna
3418 933 3489 988 ad

1891 1030 2116 1087 egenos,
2166 1016 2294 1088 quis
2344 1033 2466 1073 eam
2512 1020 2835 1089 superavit?
2886 1020 2952 1077 Et
2985 1036 3143 1077 amor
3165 1024 3387 1093 quidem
3417 1039 3487 1080 ex

1890 1105 2016 1175 ejus
2070 1106 2453 1162 moderatione
2505 1109 2825 1178 apparebat,
2871 1112 3181 1180 praesertim
3237 1128 3371 1182 erga
3403 1113 3489 1169 in-

1894 1198 2163 1255 firmiores
2194 1216 2210 1254 :
2241 1198 2623 1256 misericordia
2654 1211 2840 1256 autem
2872 1217 2939 1257 ex
2971 1203 3091 1272 ejus
3122 1203 3299 1260 nimia
3337 1220 3490 1261 com-

1892 1287 2202 1357 passione:
2264 1304 2586 1360 quanquam
2640 1292 2943 1349 voluntatis
3004 1294 3172 1364 hujus
3222 1295 3480 1363 copiam,

1890 1380 2214 1436 facultatum
2268 1389 2586 1437 nostrarum
2637 1382 2996 1441 mediocritas
3046 1386 3311 1457 effulgere
3367 1405 3481 1446 non

1892 1471 2128 1528 sinebat.
2186 1470 2293 1527 Sed
2338 1481 2520 1528 tamen
2568 1480 2741 1530 testes
2793 1476 3043 1533 veritatis
3073 1488 3206 1534 sunt
3237 1480 3394 1535 multi
3427 1489 3485 1536 et

1891 1564 2275 1632 saepenumero
2293 1572 2349 1619 et
2373 1564 2598 1622 statutis
2619 1565 2854 1629 vicibus,
2912 1569 3143 1638 orphani
3191 1586 3255 1627 ac
3286 1572 3483 1638 vidum,

1891 1654 2168 1726 peregrini
2216 1664 2271 1711 et
2313 1655 2610 1727 indigena,
2652 1657 2843 1727 aegroti
2897 1674 2963 1717 ac
3005 1675 3189 1730 senes,
3236 1672 3291 1719 et
3326 1680 3486 1720 sacro

1893 1748 2086 1804 morbo
2116 1748 2377 1819 correpti,
2409 1749 2506 1819 qui
2538 1749 2659 1819 ejus
2710 1753 2927 1807 nutrice
2976 1768 3283 1824 pauperum
3315 1772 3480 1812 manu

1892 1839 2066 1909 adjuti
2118 1839 2361 1896 fuerunt.
2418 1842 2598 1913 Atque
2638 1843 2743 1899 hoc
2775 1846 2944 1901 etiam
2977 1847 3255 1904 excellens
3307 1850 3362 1904 in
3410 1865 3476 1906 ea

197 1909 337 2013 γούν
366 1909 860 2010 καί-τοῦτο’*αύτῆς
907 1939 969 1993 τὸ
1021 1909 1323 2007 ἐξαίρετον,
1370 1939 1432 1992 τὸ
1466 1909 1789 1992 σύνδειπνον

1899 1932 2023 1999 fuit,
2069 1932 2215 2003 quod
2266 1909 2558 1991 convivam
2607 1936 2662 1991 in
2716 1952 2907 1993 mensa
2961 1938 3163 1995 habere
3197 1941 3485 1998 Christum

199 2037 300 2089 καὶ
328 2027 708 2105 ὁμοτράπεζον
745 2029 835 2083 τὸν
866 2028 1105 2101 Χριστὸν
1145 2028 1316 2100 ἔχειν,
1351 2029 1517 2099 ήνίκα
1552 2029 1795 2100 μάλιστα

202 2128 389 2199 παρῆν
418 2124 612 2196 καιρὸς
654 2122 749 2178 τοῦ
796 2122 1102 2193 ἑορτάξειν.
1149 2121 1337 2176 Ταῦτα
1374 2122 1435 2175 οὐ
1483 2122 1660 2193 μικρά
1701 2139 1793 2193 μοι

199 2219 602 2290 καταφαίνεται
629 2220 744 2281 τοῖς
798 2216 1164 2287 προληφθεῖσι
1194 2216 1273 2286 τῷ
1300 2215 1468 2287 γάμῳ
1509 2216 1648 2287 πρὸς
1682 2232 1791 2270 σω-

196 2314 403 2387 τηρίας
433 2311 733 2383 ἐφόδιον,εί
761 2309 859 2363 καλ⁸
887 2306 969 2362 ἔτι
989 2307 1172 2362 λέγειν
1209 2307 1312 2362 οὐκ
1339 2307 1540 2379 ἔχομεν
1571 2306 1795 2379 μείζονα

201 2409 339 2479 περὶ
368 2405 472 2477 τῆς
508 2403 960 2474 εὐφημουμένηςο

273 2499 359 2566 ς’.
400 2495 710 2567 Τοιγαροῦν
739 2494 930 2564 ἐπειδὴ
960 2492 1194 2564 ἧνεγκεν
1240 2492 1269 2545 ὁ
1311 2490 1508 2563 καιρὸς
1552 2491 1654 2562 τὴν
1698 2490 1793 2545 τοῦ

204 2591 505 2664 μοναδικοῦ
535 2589 817 2661 σχήματος
860 2585 1185 2656 ἀνάκλησιν,
1211 2584 1298 2648 τίς
1327 2584 1437 2657 πρὸ
1470 2585 1691 2654 ἐκείνης
1713 2623 1728 2647 ,
1758 2583 1793 2655 ἢ

203 2684 505 2751 ὑπεδέξατο
538 2680 665 2743 τοὺς
695 2677 936 2749 Χριστοῦ
968 2676 1353 2747 θεραπευτὰς,
1395 2677 1428 2748 ἢ
1476 2673 1794 2746 ἐξενοδόχη-

206 2795 326 2842 σεν,
372 2776 406 2847 ἢ
446 2774 859 2846 ἐθεράπευσεν,
921 2770 1160 2841 μάλιστα
1193 2767 1290 2821 καὶ
1337 2768 1402 2821 ἐκ
1450 2767 1546 2820 τοῦ
1591 2766 1794 2820 οἰκείου

203 2866 443 2935 ἀδελφοῦ
474 2861 843 2933 συνελκομένη
866 2874 884 2928 ;
912 2861 1080 2914 Ὅθεν
1102 2859 1189 2915 ἵνα
1214 2858 1284 2914 τά
1315 2857 1488 2912 πολλὰ
1516 2858 1792 2929 συντέμω,

203 2963 286 3023 είς
318 2958 486 3013 πόθον
524 2955 759 3009 ἐλθοῦσα
785 2953 887 3024 τῆς
909 2952 1225 3023 άσκητικῆς
1269 2951 1440 3022 ζωῆς,
1485 2949 1668 3004 πείθει
1704 2949 1796 3004 τόν

202 3049 406 3121 ἄνδρα,
451 3044 748 3118 συμπείθει
792 3045 922 3107 τοὺς
952 3042 1149 3105 παῖδας
1188 3040 1415 3104 πολλαῖς
1448 3040 1797 3110 ἐπιμελείαις

205 3140 305 3194 καὶ
330 3136 643 3199 νουθεσίαις
679 3136 778 3190 καὶ
808 3132 1193 3203 ὑποσχέσεσιν,
1225 3129 1424 3186 ἔπειτα
1453 3131 1583 3195 τοὺς
1609 3130 1668 3198 ἐξ
1704 3132 1797 3184 dv-

1896 2024 2210 2095 (pauperem
2246 2026 2513 2097 aliquem)
2552 2028 2858 2099 praesertim
2913 2036 3162 2100 tempore
3220 2032 3487 2088 solemni-

1898 2116 2047 2182 tatis,
2075 2116 2235 2173 solita
2276 2117 2401 2173 fuit.
2443 2119 2571 2175 Haec
2599 2120 2747 2176 haud
2778 2120 2919 2175 levia
2956 2122 3091 2176 mihi
3131 2122 3393 2178 videntur
3425 2123 3482 2179 in

1895 2208 1964 2264 iis
1999 2209 2091 2278 qui
2128 2209 2429 2280 nuptialem
2462 2219 2667 2267 statum
2703 2212 2769 2267 ad
2800 2212 2998 2268 salutis
3045 2213 3306 2268 viaticum
3343 2230 3486 2284 pra:-

1895 2307 2293 2369 sumpserunt;
2343 2300 2560 2356 etiamsi
2603 2299 2746 2356 forte
2786 2302 2997 2372 majora
3032 2302 3142 2359 alia
3170 2303 3241 2359 de
3264 2304 3368 2360 hac
3394 2305 3488 2360 he-

1896 2392 2111 2447 nedicta
2137 2392 2339 2447 femina
2370 2393 2555 2448 dicere
2593 2408 2699 2448 non
2746 2394 3101 2451 haberemus.

1967 2485 2021 2540 6.
2052 2485 2419 2552 Quamobrem
2471 2495 2763 2555 postquam
2814 2488 2972 2557 lapsu
3003 2497 3312 2558 temporum
3363 2503 3489 2545 mo-

1896 2577 2144 2633 nachalis
2194 2578 2416 2634 habitus
2468 2578 2757 2633 restitutus
2813 2577 2940 2644 fuit,
3004 2581 3131 2649 quis
3177 2588 3303 2636 ante
3331 2580 3485 2637 illam

1895 2669 2101 2725 Christi
2158 2668 2398 2725 famulos
2460 2669 3009 2741 suscepit,hospitio
3060 2670 3196 2727 fovit
3228 2671 3490 2744 curisque

1895 2761 2111 2827 refecit,
2163 2777 2193 2817 a
2241 2762 2413 2819 fratre
2464 2764 2771 2831 praesertim
2827 2764 2895 2819 ad
2941 2764 2993 2819 id
3031 2764 3295 2820 inducta?
3328 2764 3490 2823 Unde

1895 2854 2085 2920 etiam,
2109 2864 2173 2910 ut
2200 2856 2371 2911 multa
2399 2854 2727 2926 compendio
2769 2856 3140 2928 intercipiam,
3192 2857 3313 2913 viro
3352 2876 3483 2915 sua-

1896 2947 2010 3012 det,
2046 2948 2234 3005 liberis
2268 2950 2475 3018 pariter
2516 2949 2822 3005 consuadet
2869 2948 3022 3006 curis
3056 2951 3266 3016 multis,
3308 2952 3489 3007 moni-

1898 3041 1967 3096 tis
1995 3056 2061 3096 ac
2101 3042 2588 3112 prnmissionibus,
2646 3058 2775 3097 mox
2831 3043 2998 3099 etiam
3033 3044 3135 3099 viri
3170 3045 3433 3101 fratribus
3468 3066 3483 3103 :

1896 3142 1951 3189 et
1974 3134 2085 3203 jam
2119 3135 2287 3191 rebus
2330 3134 2469 3190 bene
2494 3136 2837 3206 compositis,
2878 3136 3043 3191 domo
3074 3138 3354 3208 egreditur
3385 3154 3488 3209 po-

204 3232 338 3305 δρὸς
367 3228 632 3299 ἀδελφούς
654 3245 669 3260 ·
703 3228 891 3281 καὶτὰ
923 3224 1104 3280 πάντα
1128 3222 1194 3278 εὖ
1222 3222 1541 3295 διαθεμένη,
1575 3224 1796 3296 ἐξέρχε-

1899 3228 2088 3298 pulum
2150 3226 2423 3298 integrum
2482 3227 2594 3282 Deo
2654 3226 2927 3293 offerens,
2989 3238 3229 3298 quatuor
3289 3244 3488 3301 nempe

202 3342 301 3379 ται
342 3322 446 3394 τῆς
487 3321 687 3384 οἰκίας,
716 3318 891 3388 δῆμον
940 3317 1066 3371 ὅλον
1092 3314 1173 3386 τῷ
1200 3313 1324 3386 Θεῷ
1351 3315 1793 3386 παραστήσασαο

205 3416 450 3485 τέτταρα
499 3411 601 3484 μὲν
642 3409 715 3467 τά
758 3408 929 3464 τέκνα
960 3409 1070 3480 (3),
1121 3408 1276 3478 τρεῖς
1321 3409 1449 3471 τοὺς
1497 3409 1556 3476 ἐξ
1603 3408 1799 3479 ἀνδρὸς

204 3506 477 3577 ἀδελφοὺς
503 3506 604 3577 (4),
630 3505 726 3558 καὶ
761 3502 882 3575 μεθ’
931 3502 1135 3573 ἑαυτῆς
1166 3502 1269 3575 τὴν
1300 3502 1570 3574 κεφαλήν.
1606 3502 1671 3554 Ὢ
1697 3500 1797 3571 τῆς

206 3599 528 3672 θαυμασίας
557 3596 949 3668 καινοτομίαςι
977 3594 1024 3650 ὣ
1047 3596 1149 3666 τῆς
1183 3596 1487 3669 παραδόξου
1519 3595 1797 3666 μεταστά-

207 3694 382 3758 σεωςι
400 3691 573 3746 Τοῦτο
601 3689 810 3757 ἐξένισε
839 3688 942 3760 μέν
969 3688 1112 3745 κατά
1142 3689 1242 3761 τὴν
1268 3689 1485 3761 ἡμέραν
1509 3687 1609 3759 τὴν
1642 3687 1796 3757 βασι-

206 3785 353 3848 λίδα,
382 3781 645 3853 ἐξέπληξε
674 3781 733 3835 δὲ
763 3780 865 3845 τὰς
900 3778 1222 3850 συγγενίδας
1245 3819 1262 3845 ,
1297 3778 1584 3850 ἐθάμὸησε
1609 3777 1667 3830 δὲ
1695 3778 1797 3841 τὰς

203 3873 562 3946 γνωρίμους,
603 3870 900 3936 κατένυξεν
947 3870 1007 3925 δὲ
1049 3869 1114 3924 ού
1156 3872 1316 3935 μόνον
1362 3870 1492 3933 τοὺς
1518 3870 1795 3937 ὁρῶντας,

206 3965 351 4020 ἀλλὰ
373 3965 469 4019 καὶ
490 3962 813 4026 ἀκούοντας,
845 3962 929 4016 ὅτι
970 3962 1208 4031 συζυγία
1252 3961 1334 4015 ἐτι
1376 3957 1794 4033 μεσηλικιοῦσα,

206 4057 641 4129 αὑταρκουμένη
670 4073 731 4111 τε
760 4056 905 4110 κατὰ
930 4055 1024 4109 τὸν
1054 4054 1191 4127 βίον,
1224 4052 1499 4125 ἀξιώματι
1530 4050 1797 4124 βασιλικῷ

208 4151 308 4205 καὶ
341 4148 686 4221 ταμιευτικῷ
727 4146 1017 4217 τιμωμένη
1042 4186 1059 4211 ,
1093 4146 1223 4209 τοὺς
1271 4144 1468 4208 παῖδας
1497 4142 1798 4213 ἡλικιώτας

207 4244 416 4312 ἔχουσα
437 4280 455 4306 ,
498 4238 599 4309 οὐχ
636 4236 828 4308 εἴλχθη
867 4237 965 4307 μὲν
995 4234 1075 4306 τῷ
1103 4235 1309 4289 τούτων
1336 4235 1546 4306 φίλτρῳ
1568 4275 1585 4301 ,
1617 4234 1680 4287 ού
1719 4234 1798 4303 τῷ

209 4331 536 4387 καταλιπεῖν
559 4330 805 4401 διάδοχον
835 4327 931 4382 τοῦ
959 4328 1175 4397 γένους,
1216 4327 1340 4381 οὑδέ
1369 4326 1448 4398 τῷ
1473 4326 1670 4398 αἵματι
1698 4324 1798 4397 τῆς

206 4424 559 4496 ἀγχιστείας,
586 4423 649 4477 οὗ
663 4440 713 4477 τε
742 4425 811 4494 τῇ
846 4424 946 4493 τῆς
970 4420 1150 4485 οίκίας
1181 4420 1580 4492 ἀποστερήσει,
1598 4420 1661 4475 οὑ
1690 4420 1799 4491 μὴν

206 4516 333 4572 οὐδὲ
358 4518 429 4588 τῇ
461 4515 564 4586 τῆς
589 4514 889 4586 θεραπείας
914 4513 1270 4585 ἀλλοτριώσει
1300 4529 1315 4543 ·
1334 4512 1447 4566 ἀλλ’
1472 4511 1665 4585 ἔρριψε
1700 4510 1800 4582 μὲν

1900 3320 2065 3382 filios,
2101 3329 2214 3375 tres
2237 3320 2338 3374 viri
2366 3319 2450 3375 sui
2486 3317 2704 3382 fratres,
2736 3334 3041 3390 secumque
3073 3319 3253 3389 ipsum
3282 3321 3481 3377 domus

1899 3420 2085 3481 caput.
2128 3410 2175 3467 0
2204 3410 2475 3466 mirabilis
2515 3411 2760 3466 novitas!
2781 3424 2814 3465 o
2846 3410 3226 3480 inexspectata
3253 3424 3490 3468 conver-

1900 3505 2018 3561 sio!
2060 3504 2117 3559 Id
2149 3519 2284 3560 sane
2331 3506 2680 3576 peregrinum
2741 3513 2871 3559 tunc
2928 3504 3110 3560 visum
3139 3513 3225 3561 est
3258 3507 3485 3578 reginae,
3554 3504 3555 3507 “

1899 3609 2125 3668 stupore
2155 3597 2335 3654 affecit
2356 3598 2818 3669 consanguineas,
2856 3609 3015 3654 notas
3040 3601 3269 3671 quasvis
3303 3601 3486 3658 admi-

1897 3689 2113 3745 ratione
2141 3688 2446 3759 suspendit,
2479 3688 2798 3757 compunin
2840 3687 3076 3755 denique
3119 3705 3224 3744 non
3256 3707 3488 3746 cernen-

1902 3791 1982 3836 tes
2005 3789 2216 3835 tantum
2244 3780 2340 3835 sed
2371 3788 2425 3833 et
2457 3780 2781 3845 audientes;
2816 3782 2962 3850 quod
2993 3795 3192 3850 nempe
3226 3783 3487 3852 conjugio

1899 3874 2139 3929 medium
2173 3871 2357 3928 adhuc
2386 3886 2609 3927 cursum
2656 3879 2903 3937 tenente,
2947 3871 3063 3942 ipsa
3114 3874 3279 3928 rebus
3312 3875 3379 3929 ad
3403 3874 3487 3930 vi.

1900 3975 2010 4022 tam
2061 3964 2195 4021 satis
2254 3964 2557 4030 instructa,
2612 3965 2877 4035 dignitate
2924 3964 3135 4028 aulica,
3189 3967 3485 4035 quaestoria

1900 4054 2113 4113 scilicet
2137 4054 2375 4124 fulgens,
2411 4055 2556 4111 filios
2607 4055 2819 4110 habens
2863 4064 3023 4110 aetate
3058 4055 3339 4123 florentes,
3374 4075 3485 4115 non

1900 4147 2096 4203 fuisset
2128 4147 2327 4202 horum
2356 4162 2548 4203 amore
2580 4155 2877 4213 commota,
2915 4163 3022 4202 nun
3050 4148 3325 4205 desiderio
3354 4167 3487 4207 suc-

1900 4252 2176 4296 cessorem
2240 4239 2431 4311 stirpis
2479 4239 2848 4311 relinquendi,
2879 4241 3007 4293 'nnn
3047 4243 3490 4314 consanguineo-

1899 4346 2022 4388 rum
2046 4331 2264 4397 affectu,
2297 4347 2478 4402 neque
2500 4333 2696 4389 domus
2725 4334 3104 4400 derelictione,
3150 4351 3331 4405 neque
3369 4352 3488 4391 ser-

1902 4440 2096 4481 vorum
2150 4424 2539 4492 destitutione;
2595 4427 2689 4481 sed
2740 4426 2883 4499 regis
2936 4444 3127 4484 omnes
3161 4428 3489 4500 projecisset

1901 4517 2161 4583 honores,
2200 4517 2327 4574 vitae
2360 4517 2585 4573 delicias
2619 4518 2911 4585 calcasset,
2963 4536 3134 4591 seque
3169 4521 3349 4591 gladio
3374 4521 3488 4589 spi-

206 4610 311 4674 τάς
342 4610 411 4663 ὲκ
449 4607 716 4679 βασιλέων
743 4606 911 4678 τιμὰς
931 4645 947 4672 ,
977 4606 1332 4677 κατεπάτησε
1365 4604 1425 4658 δὲ
1452 4604 1522 4659 τὰ
1550 4604 1645 4658 τοῦ
1683 4602 1798 4674 βίου

1908 4607 2049 4664 ritus
2108 4621 2138 4661 a
2191 4608 2505 4663 carnalibus
2557 4610 3052 4666 consuetudinibus
3106 4611 3487 4680 prmcidisset,

216 4703 456 4775 τερπνὰ,
483 4701 700 4770 διέκοψε
724 4718 786 4755 τε
813 4703 881 4773 τῇ
916 4700 1012 4755 τοῦ
1042 4699 1357 4770 πνεύματος
1394 4699 1644 4771 μαχαίρᾳ
1670 4700 1801 4752 ἐαυ-

222 4796 324 4867 τὴν
361 4797 429 4848 ἐκ
462 4793 574 4848 τῶν
604 4792 884 4861 σαρκικῶν
914 4792 1174 4863 σχέσεων,
1207 4792 1302 4846 καὶ
1330 4790 1402 4845 τά
1428 4790 1659 4855 δόξαντα
1686 4788 1805 4860 Θεῷ

219 4889 477 4959 πέπραχε
508 4884 954 4959 μεγαλοϐούλως.
996 4887 1062 4938 Ὦ
1086 4885 1186 4956 τῆς
1217 4884 1589 4955 ’Δϐραμιαίας
1624 4883 1805 4953 ψυχῆς

213 4984 293 5045 ώς
321 4980 544 5053 άληθῶς
563 4978 663 5035 καὶ
686 4980 1138 5052 άνδρειόφρονοςί
1166 4978 1409 5041 Εἰκότως
1434 4978 1501 5033 ἄν
1533 4994 1618 5041 τις
1636 4976 1807 5047 αὐτὴν

220 5072 362 5142 μετά
390 5073 492 5142 τῆς
518 5071 926 5142 Μακκαϐαῖκῆς
956 5070 1190 5142 ἀρίστης
1224 5069 1434 5144 μητρὸς
1467 5069 1808 5134 συντάξειεν,

218 5163 465 5216 θύσασαν
490 5166 559 5234 τῇ
586 5164 862 5234 ἀσκητικῇ
894 5162 1128 5233 ἀθλήσει
1156 5161 1255 5227 τὰς
1289 5162 1486 5225 ὠδῖνας
1505 5162 1640 5215 ’.καὶ
1671 5161 1811 5231 μετὰ

222 5257 430 5326 ’Δννης
471 5256 575 5326 τῆς
606 5255 1035 5326 Σαμουηλίτιδος
1057 5295 1072 5319 ,
1103 5255 1204 5326 οὑχ
1232 5255 1331 5309 ἕνα
1356 5255 1448 5308 τὸν
1477 5253 1537 5319 ἐξ
1567 5255 1812 5323 ἐπαγγε-

219 5347 364 5412 λίας,
397 5345 514 5401 ἀλλ’
545 5346 667 5401 ὅλον
713 5347 807 5401 τὸν
846 5347 1060 5420 καρπὸν
1091 5347 1262 5419 αὐτῆς
1304 5346 1694 5417 ἀφιερώσασαν
1732 5346 1813 5417 τῷ

223 5440 437 5511 Κυρίῳ.
489 5439 808 5510 Χαρίσομαι
842 5440 899 5493 δὲ
929 5440 1062 5510 ὑμῖν
1093 5442 1209 5504 τοῖς
1239 5440 1544 5510 ἀκροαταῖς
1575 5440 1718 5510 τάχα
1755 5455 1812 5494 τι

221 5533 543 5605 ὁσιώτερον,
575 5534 672 5587 καὶ
699 5533 791 5586 τὸν
817 5534 916 5604 τῆς
948 5533 1231 5597 ἐκϐάσεως
1269 5533 1441 5603 αὐτῆς
1482 5531 1685 5603 τρόπον
1731 5531 1809 5584 δι-

222 5624 598 5697 ηγησάμενος.
630 5625 757 5679 Ἐπὶ
775 5626 887 5697 γὰρ
900 5628 966 5698 τῇ
985 5625 1267 5698 ὡρισμένῃ
1281 5623 1384 5696 τὴν
1402 5624 1581 5678 οίκίαν
1598 5622 1815 5691 ἐξαλλά·

296 5761 374 5831 (3)
418 5758 622 5827 Nempe
653 5740 1003 5816 Theodorus
1028 5800 1043 5825 ,
1083 5758 1359 5831 Iosephus
1405 5767 1596 5829 postea
1652 5757 1806 5831 arch.

226 5828 459 5903 'l‘n'css.,
508 5830 881 5903 Euthymius,
937 5840 992 5886 ct
1046 5831 1156 5888 tilia
1215 5828 1361 5898 una,
1408 5828 1480 5887 de
1517 5843 1635 5900 .qua
1696 5828 1807 5899 jam

223 5919 405 5958 sermo
440 5902 563 5957 fuit.

1906 4698 2006 4753 Dei
2030 4696 2288 4767 placitum
2331 4698 2684 4769 magnanima
2722 4712 2847 4754 cum
2879 4702 3167 4754 voluntate
3199 4708 3486 4755 exsecuta.

1908 4789 1953 4847 Ο
1976 4789 2316 4845 Abramitica
2351 4805 2481 4844 vere
2507 4790 2689 4845 anima
2721 4799 2884 4859 atque
2918 4791 3127 4846 virilis!
3170 4790 3363 4846 Merito
3392 4792 3493 4846 ali-

1906 4882 2032 4953 quis
2066 4897 2191 4937 cum
2238 4880 2676 4937 Machabteorum
2724 4884 3111 4939 strenuissima
3140 4894 3317 4939 matre
3351 4885 3494 4941 hanc

1909 4974 2409 5041 connumeraverit,
2476 4989 2599 5044 qua:
2661 4975 2905 5031 ascetico
2955 4976 3242 5030 certamini
3298 4986 3493 5046 partus

1912 5080 2047 5121 suos
2077 5065 2314 5121 hostiam
2340 5065 2544 5135 objecit
2573 5085 2587 5123 :
2618 5067 2861 5136 itemque
2886 5082 3014 5122 cum
3037 5069 3195 5122 Anna
3229 5066 3496 5124 Samueli-

1910 5158 2045 5222 tide,
2086 5157 2217 5227 quia
2246 5173 2354 5214 non
2390 5174 2563 5213 unum
2591 5173 2655 5213 ex
2686 5169 2834 5223 v0to,
2867 5158 2959 5214 sed
2996 5159 3323 5216 universum
3352 5161 3491 5215 uteri

1912 5249 1998 5304 sui
2028 5248 2267 5305 fructum
2320 5249 2549 5305 Domino
2586 5251 2951 5306 consecravit.
3005 5249 3112 5305 Sed
3148 5252 3498 5321 gratificabor

1914 5341 2073 5397 vobis
2105 5342 2451 5400 auditoribus
2498 5343 2679 5398 adhuc
2707 5343 2917 5415 aliquid
2946 5343 3182 5399 fortasse
3228 5344 3495 5405 sanctius,

1914 5433 2218 5489 discessum
2255 5435 2392 5505 ‘ejus
2435 5437 2767 5491 enarranda.
2800 5433 2954 5493 ,Nam
3000 5435 3225 5490 deﬁnito
3256 5444 3500 5505 tempore

1915 5526 2081 5581 domo
2107 5525 2221 5595 jam
2251 5526 2539 5594 decedens,
2569 5543 2667 5585 ceu
2693 5529 2741 5584 si
2770 5528 2967 5584 festum
3003 5528 3150 5581 diem
3190 5534 3395 5595 ageret.
3426 5527 3492 5582 ad

1922 5632 1981 5673 se
2010 5630 2201 5673 omnes
2235 5621 2562 5677 convocavit
2618 5620 2848 5676 aﬂincs:
2881 5632 3118 5691 quorum
3153 5615 3252 5672 viri
3278 5617 3497 5688 Quidem

1994 5754 2070 5825 (ί)
2114 5754 2168 5807 In
2200 5754 2311 5808 vita
2344 5754 2621 5811 Theodori
2651 5770 2777 5826 cap.
2810 5754 2862 5819 5,
2893 5752 2948 5808 in
2982 5749 3502 5826 ἰηιετρηιοιησφάλ-

1924 5820 2147 5895 μαέἰιηι
2182 5826 2351 5880 tribus
2395 5828 2664 5895 sororibus
2704 5820 2916 5891 corrige
2954 5839 3073 5877 cum
3118 5820 3286 5877 tribus
3311 5820 3500 5893 fratri.

1923 5894 2039 5961 bus,
2073 5896 2160 5953 ubi
2191 5895 2303 5966 jam
2342 5911 2451 5952 non
2486 5894 2644 5951 fuerit
2676 5897 3042 5952 emendatum.
