4064 6372
579 435 677 516 891
1780 442 1840 502 s.
1872 441 2273 502 THEODORI
2312 412 2660 502 STUDITE
3749 438 3870 501 892

579 562 862 625 dolebant,
887 554 1104 610 feminae
1131 553 1298 608 etiam
1329 551 1644 623 plorabant,
1673 549 2035 619 peregrinum
2067 550 2170 602 hoc

2286 548 2430 614 Ξασα,
2485 549 2563 613 ὡς
2612 543 2724 603 οἷον
2767 547 2979 617 ἄγουσα
3042 545 3370 617 ἑορτάσιμον
3420 545 3663 616 ἡμέραν,
3713 545 3870 599 οὕτω

582 651 831 706 videntes
877 645 1252 718 spectaculum
1300 640 1592 699 voluntarii
1620 641 1930 706 discessus;
1982 653 2048 693 ac
2082 653 2169 693 re-

581 751 840 814 putantes
905 738 1149 813 mysterii
1205 734 1658 808 magnitudinem,
1705 747 1822 788 rem
1875 729 2170 802 praeconiis

584 835 940 892 extollebant.
973 830 1110 886 Nam
1153 831 1374 900 utrique
1419 825 1814 890 observabant,
1871 822 2170 894 patremfa-

587 927 771 982 milias
791 926 954 981 domo
970 925 1082 994 jam
1117 930 1408 979 exeuntem
1431 960 1447 987 ,
1477 928 1708 974 matrem
1740 927 1921 973 autem
1953 931 2172 987 parum-

589 1036 686 1091 per
739 1018 1151 1080 subsistentem,
1215 1029 1344 1070 mox
1399 1013 1466 1068 ad
1497 1011 1828 1067 asceterium
1884 1017 2174 1064 transeun-

591 1121 723 1175 tem,
755 1117 880 1180 post
905 1106 1236 1162 divenditam
1283 1105 1509 1159 domum
1542 1102 1891 1174 pretiumque
1917 1100 2168 1170 pauperi-

589 1203 690 1257 bus
737 1200 1111 1256 distributum.
1181 1196 1305 1251 llrec
1367 1204 1499 1252 sunt
1577 1193 1771 1248 matris
1839 1201 2045 1248 nostra;
2115 1193 2168 1246 in

589 1293 868 1348 mundana
895 1292 1002 1346 vita
1033 1289 1315 1356 facinora;
1348 1296 1512 1358 atque
1539 1287 1656 1341 hac
1688 1285 1944 1356 exposui,
1974 1293 2036 1338 ut
2061 1300 2169 1339 non

588 1397 689 1438 vos
719 1384 842 1445 soli,
873 1381 970 1437 sed
1008 1389 1064 1436 et
1095 1383 1141 1436 si
1165 1381 1259 1450 qui
1295 1381 1349 1434 in
1375 1377 1626 1435 saeculari
1666 1377 1868 1430 mundo
1899 1391 2172 1446 cognove-

593 1474 723 1538 rint,
753 1472 991 1527 habeant
1018 1485 1129 1541 quo
1153 1472 1418 1541 juventur
1445 1467 1834 1538 pulcherrimis
1864 1465 1949 1522 his
1982 1481 2173 1520 narra-

593 1560 856 1628 tionibus,
879 1571 935 1617 et
963 1559 1075 1616 Deo
1105 1560 1318 1615 laudem
1345 1557 1607 1613 tribuant.

673 1837 726 1892 7.
767 1835 876 1892 Sed
927 1833 1108 1906 agesis
1139 1833 1347 1904 reliqua
1381 1847 1814 1904 persequamur,
1870 1834 1922 1889 in
1973 1821 2173 1906 quibus

2276 637 2675 708 προσκαλεῖται
2702 636 2832 702 τοὺς
2860 635 2957 690 τοῦ
2987 637 3182 706 γένους
3208 635 3484 700 ᾶπανταςσ
3532 637 3631 690 καὶ
3663 637 3715 689 oi
3754 639 3869 707 μὲν

2275 730 2496 802 ῆλγουν,
2527 731 2584 785 αι
2630 729 2690 784 δὲ
2729 727 3014 801 ἐθρήνουν,
3046 727 3202 796 ξένον
3222 745 3276 782 τι
3307 728 3514 800 ὁρῶσαι
3545 728 3729 797 θέαμα
3763 728 3869 783 τὸν

2276 819 2845 893 ἐθελοντϊχωρισμδν,
2879 820 2974 874 καὶ
3001 821 3060 874 ἐν
3093 820 3312 883 ἑαυταῖς
3343 819 3740 890 δοκιμάζουσαι
3760 820 3868 873 τοῦ

2280 911 2582 982 μυστηρίου
2617 911 2680 964 τδ
2712 909 2966 982 μέγεθος,
3005 909 3278 980 ἁνύμνουν
3308 911 3370 963 τὸ
3401 909 3722 980 γινόμενον*
3763 911 3870 964 καὶ

2275 1004 2384 1076 γὰρ
2412 1002 2602 1074 ἐώρων
2626 1002 2952 1074 ἀμφότεροι,
2983 1001 3078 1056 τὸν
3126 1002 3226 1073 μὲν
3256 1001 3470 1066 ἐξιόντα
3511 1001 3620 1070 τῆς
3659 1001 3871 1068 οίκίας,

2277 1093 2374 1164 τὴν
2399 1093 2458 1146 δὲ
2478 1092 2614 1164 πρὸς
2640 1099 2842 1166 μικρδν
2869 1095 3263 1164 ἐπιμένουσαν,
3283 1092 3399 1147 εἶτα
3424 1093 3699 1148 ἀπιοῦσαν
3723 1096 3871 1166 πρὸς

2276 1185 2338 1239 τὸ
2370 1187 2726 1257 ἀσκητήριον,
2757 1186 2854 1239 καὶ
2885 1186 3057 1257 αὐτὴν
3089 1185 3190 1257 τὴν
3219 1186 3400 1242 οἰκίαν
3427 1187 3870 1258 ἁπεμπωληθετ-

2279 1293 2380 1332 σαν
2405 1278 2502 1332 καὶ
2521 1277 2948 1348 διανεμηθεῖσαν
2963 1279 3080 1342 τοῖς
3106 1277 3366 1333 ἐνδεέσιν.
3386 1277 3578 1332 Ταῦτά
3603 1279 3740 1333 εἰσιν
3763 1279 3874 1350 τῆς

2279 1369 2556 1440 ἡμετέρας
2588 1369 2802 1440 μητρὸς
2821 1369 2920 1439 τῆς
2937 1369 3211 1440 κοσμικῆς
3233 1368 3475 1439 βιώσεως
3495 1372 3565 1424 τὰ
3589 1372 3871 1442 ἐπίσημα,

2277 1461 2374 1514 καὶ
2399 1460 2576 1514 ταῦτα
2597 1459 2839 1532 διῆλθον,
2863 1461 2963 1532 οὐχ
2993 1461 3081 1514 ἵνα
3111 1459 3276 1531 μόνον
3305 1461 3494 1532 ὑμεῖς,
3527 1461 3642 1515 ἀλλ’
3681 1463 3731 1514 εί
3763 1461 3870 1514 καί

2277 1569 2424 1617 τινες
2447 1553 2557 1607 τῶν
2588 1555 2646 1606 ἐν
2666 1551 2745 1625 τῷ
2785 1554 2978 1625 κόσμῳ
3004 1552 3288 1622 φθάσωσιν
3317 1553 3629 1617 ἐπανιέναι,
3663 1553 3870 1623 ἔχωσιν

2279 1644 2608 1715 ὠφελεῖσθαι
2633 1648 2744 1711 τοῖς
2763 1645 3077 1710 καλλίστοις
3103 1645 3440 1718 διηγήμασιν
3471 1645 3595 1718 Θεῷ
3624 1646 3871 1718 ἀνθομο-

2279 1737 2437 1806 λογού
2447 1755 2617 1808 μενοι.
2963 1721 2972 1730 ’
3281 1752 3285 1755 ·

2349 1828 2417 1892 ζ’.
2440 1827 2612 1898 Δεῦρο
2635 1827 2700 1898 δὴ
2734 1827 2941 1893 λοιπδν,
2961 1827 3072 1882 τῶν
3097 1825 3225 1899 ἑξῆς
3249 1827 3532 1899 ἐχώμεθα,
3550 1828 3690 1896 πρὸς
3707 1827 3743 1882 ά
3767 1830 3876 1899 μαι

601 1926 875 1997 praecipue
927 1925 1259 1995 proprieque
1314 1939 1498 1979 sermo
1551 1935 1739 1979 noster
1776 1925 2113 1990 versabitur,
2145 1941 2178 1979 o

2286 1923 2436 1976 λιστα
2467 1923 2563 1976 καὶ
2591 1922 2811 1986 οἰκείως
2855 1923 2989 1993 ἡμῖν
3017 1922 3129 1990 ἔξει
3169 1922 3198 1975 ὁ
3231 1922 3389 1990 λόγος
3415 1961 3430 1986 ,
3477 1923 3868 1995 ⁴ἠγαπημένοι.

597 2015 800 2074 dilecti.
848 2013 1138 2069 Pulchram
1169 2013 1301 2069 facit
1329 2013 1714 2078 mutationem,
1757 2013 2060 2084 angelicum
2096 2015 2179 2067 in-

600 2110 774 2164 duens
822 2107 1068 2162 habitum
1101 2105 1454 2161 ornatissima
1499 2103 1701 2159 femina
1736 2122 1750 2158 :
1789 2106 2081 2160 multorum
2115 2119 2180 2160 eo

606 2197 747 2256 facto
809 2197 1080 2268 lacrymas
1134 2195 1314 2261 elicit,
1367 2194 1462 2264 qui
1519 2195 1610 2250 illa
1670 2197 1760 2250 die
1808 2195 1984 2250 vocati
2047 2210 2182 2250 con-

599 2296 901 2354 venerant,
956 2285 1045 2340 vel
1077 2285 1242 2340 etiam
1276 2293 1471 2354 sponte
1504 2293 1944 2352 concurrerant,
1975 2293 2036 2339 ut
2079 2286 2182 2340 hoc

599 2377 977 2434 tantummodo
1021 2385 1332 2447 spectarent
1372 2377 1696 2448 mysterium
1748 2377 1958 2447 peragi.
2041 2375 2184 2430 Ade-

601 2484 790 2526 ramus
815 2477 872 2525 et
933 2483 1038 2524 nos
1066 2483 1192 2523 cum
1236 2469 1486 2540 genitore
1531 2468 1810 2524 communi
1848 2506 1865 2532 ,
1909 2467 2184 2523 festurnne

600 2562 779 2616 acturi
807 2575 876 2615 an
908 2561 1172 2631 ploraturi
1196 2560 1220 2615 ί
1247 2570 1480 2615 matrem
1504 2562 1836 2623 amittentes,
1871 2574 2048 2630 neque
2068 2561 2180 2629 jam

601 2647 932 2703 conﬁdentia
983 2648 1143 2703 solita
1178 2661 1298 2702 eam
1338 2648 1681 2716 alloquentes
1729 2657 1823 2702 aut
1893 2647 2180 2714 adeuntes,

602 2735 698 2788 sed
727 2734 796 2789 de
825 2734 1002 2804 ipsius
1027 2735 1273 2789 discessu
1297 2735 1598 2804 cogitantes
1624 2742 1824 2790 mmsto
1849 2749 1972 2790 cum
1997 2737 2180 2790 corde.

602 2819 739 2875 Nam
771 2835 895 2876 eum
948 2829 1004 2875 et
1035 2837 1137 2876 nos
1161 2821 1264 2890 ipsi
1289 2831 1412 2891 post
1439 2831 1648 2877 certum
1695 2822 1957 2892 temporis
2019 2823 2186 2879 inter-

611 2911 816 2966 vallum
890 2909 1093 2966 abituri
1151 2911 1220 2965 ad
1286 2909 1684 2980 professionem
1743 2925 1994 2967 essemus
2058 2929 2181 2969 cum

604 3003 881 3075 genitore,
925 3016 1028 3073 ego
1051 3002 1270 3072 quidem
1328 3013 1511 3072 utpote
1535 3018 1602 3078 es
1633 3003 1862 3058 imberbi
1891 3012 2048 3060 aetate
2072 3005 2182 3076 jam

604 3095 662 3150 in
688 3092 864 3150 virum
920 3093 1316 3164 progrediens,
1366 3093 1557 3149 dolens
1605 3093 1794 3164 utique
1838 3109 2186 3166 mmrensque

603 3200 800 3252 eram;
849 3184 1040 3256 quidni
1099 3183 1298 3240 enim?
1352 3183 1612 3239 Attamen
1663 3199 1791 3241 cum
1883 3186 2182 3256 gratiarum

2293 2014 2631 2070 Ἀλλοιοῦται
2651 2015 2752 2087 τὴν
2780 2015 2952 2086 καλὴν
2968 2013 3273 2082 ἀλλοίωσιν,
3290 2015 3351 2068 τὸ
3371 2015 3662 2084 ίσάγγελον
3678 2016 3871 2086 σχῆμα

2285 2107 2790 2180 μεταμφιασαμένη
2821 2111 2856 2179 ἡ
2885 2108 3260 2180 περίκοσμοςο
3305 2110 3448 2161 κινεῖ
3489 2105 3628 2176 γοῦν
3654 2107 3871 2160 πολλῶν

2280 2199 2492 2270 δάκρυα
2553 2201 2648 2254 ἐπὶ
2699 2199 2778 2271 τῷ
2821 2200 3176 2271 γεγενημένῳ
3231 2198 3670 2269 συνεληλυθότων
3721 2201 3872 2253 κατᾶ

2281 2288 2381 2358 τὴν
2421 2288 2667 2360 ἡμέραν,
2699 2288 2850 2343 ἐστιν
2879 2282 2956 2343 ὧν
2985 2291 3082 2344 καὶ
3110 2289 3365 2359 άκλήτως
3389 2330 3404 2355 ,
3451 2289 3539 2342 ἵνα
3577 2290 3674 2343 καὶ
3704 2290 3872 2360 μόνον

2283 2379 2590 2432 θεάσωνται
2638 2380 2701 2432 τὸ
2749 2380 3050 2452 μυστήριον
3082 2381 3442 2451 τελούμενον⁸
3497 2381 3759 2452 παρῆμεν
3807 2382 3872 2435 δὲ

2283 2467 2378 2521 καὶ⁵
2414 2469 2578 2540 ἡμεῖς
2608 2470 2710 2524 σὺν
2737 2469 2818 2540 τῷ
2851 2469 3018 2541 κοινῷ
3052 2469 3228 2541 Πατρὶ
3248 2511 3264 2535 ,
3315 2471 3368 2524 τί
3397 2471 3492 2525 καὶ
3529 2471 3638 2540 φῶ,
3671 2471 3874 2542 ἑορτάς-

2285 2575 2473 2623 σοντες
2499 2560 2532 2630 ἢ
2567 2559 2968 2632 θρηνήσοντες;
3018 2563 3118 2633 τήν
3143 2579 3204 2615 τε
3237 2562 3453 2634 μητέρα
3484 2562 3870 2631 ἀποϐεϐληκό-

2283 2667 2396 2715 τες,
2421 2651 2607 2705 οὐκέτι
2641 2653 2782 2722 μετὰ
2810 2655 2911 2723 τῆς
2948 2653 3122 2723 αὐτῆς
3161 2654 3498 2726 παρρησίας,
3534 2653 3662 2707 οὒτε
3690 2671 3868 2724 προσ-

2283 2741 2620 2812 ομιλοῦντες,
2656 2742 2781 2797 οὔτε
2809 2745 3130 2813 προσιόντες
3155 2785 3170 2809 ,
3209 2745 3302 2798 τόν
3328 2763 3389 2798 τε
3423 2745 3520 2798 ἀπ’
3553 2745 3732 2815 αὐτῆς
3765 2764 3872 2816 χω-

2286 2834 2482 2904 ρισμὸν
2513 2833 2912 2906 ἐπινοούμενοι,
2941 2837 3036 2889 καὶ
3061 2835 3575 2907 καρδιαλγούμενοι.
3613 2838 3729 2890 Καὶ
3761 2839 3872 2908 γὰρ

2289 2925 2596 2996 μελλόντων
2624 2927 2782 2998 ἡμῶν
2811 2928 2956 2999 μετὰ
2976 2929 3077 2998 τὴν
3113 2927 3508 2999 συμπλήρωσιν
3533 2927 3634 2982 τοῦ
3671 2927 3872 2998 καιροῦ

2285 3019 2545 3090 ἀπαίρειν
2594 3018 2735 3091 πρὸς
2778 3019 2846 3072 τὸ
2886 3019 2985 3074 καὶ
3033 3020 3181 3090 ἡμᾶς
3214 3017 3537 3088 τελεσθῆναι
3583 3018 3728 3089 μετὰ
3779 3017 3874 3070 τοῦ

2285 3112 2634 3183 γεννήτορος,
2662 3110 2838 3179 ἔγωγε
2867 3110 2964 3181 μὲν
2984 3109 3059 3174 ὡς
3082 3110 3178 3164 άτε
3205 3109 3265 3174 ἐξ
3297 3110 3562 3178 ἀγενείων
3587 3111 3669 3173 είς
3696 3109 3873 3174 ἄνδρα

2285 3203 2478 3268 τελῶν,
2524 3203 2790 3274 ἀλγεινῶς
2827 3204 2925 3274 μὲν
2959 3205 3054 3257 καὶ
3094 3203 3376 3272 ὀδυνηρῶς
3413 3201 3574 3272 (πῶς
3605 3203 3720 3273 γὰρ
3755 3201 3866 3271 οε),

604 3276 844 3342 actione,
876 3277 1019 3332 hanc
1070 3275 1388 3331 mmstitiam
1443 3274 1706 3330 ferebam.
1772 3275 1881 3331 Sed
1947 3277 2180 3333 duorum

2289 3296 2432 3366 πλὴν
2465 3296 2660 3367 ἔφερον
2699 3295 2816 3366 μετ’
2842 3295 3194 3366 εὐχαριστίας
3235 3295 3298 3348 τὸ
3335 3294 3507 3357 πάθος
3527 3311 3544 3326 ·
3573 3297 3690 3348 τοῖν
3721 3295 3873 3347 δυοῖν

602 3367 832 3424 fratrum
859 3383 1000 3424 unus
1048 3367 1335 3423 admodum
1363 3368 1709 3434 adolescens,
1758 3369 1941 3424 statim
1987 3384 2052 3426 ac
2105 3370 2187 3424 af-

603 3459 709 3514 fuit
757 3459 1034 3515 discessus
1067 3459 1200 3513 hora
1230 3499 1246 3525 ,
1302 3468 1356 3513 et
1377 3469 1716 3528 postremum
1780 3459 1898 3515 vale
1938 3459 2052 3531 jam
2103 3462 2189 3515 di-

603 3551 852 3617 cebatur,
903 3561 958 3606 et
1007 3549 1453 3620 compellationes
1479 3550 1841 3621 ploratusque
1887 3561 2048 3622 atque
2073 3567 2191 3606 am.

604 3644 802 3718 plexus
852 3640 1093 3706 ﬁebant;
1154 3641 1289 3705 ille,
1349 3640 1570 3711 inquam
1605 3681 1620 3708 ,
1673 3641 1741 3696 ad
1787 3642 1978 3696 matris
2008 3643 2187 3697 sinum

602 3738 903 3796 convolans
949 3733 1385 3804 inseparabiliter
1437 3733 1714 3800 haerebat,
1765 3735 1924 3804 quasi
1978 3735 2185 3789 vitulus

603 3832 815 3904 sejungi
863 3847 924 3888 se
953 3844 1191 3886 renuens
1214 3868 1230 3894 ,
1283 3827 1620 3898 rogabatque
1652 3835 1710 3882 ut
1738 3843 2032 3898 parumper
2063 3843 2185 3884 cum

603 3933 780 3980 matre
808 3933 1088 3986 maneret;
1153 3929 1264 3975 tum
1310 3919 1430 3991 ejus
1483 3929 1670 3990 postea
1719 3919 2049 3976 voluntatem
2096 3936 2190 3975 ex-

601 4014 872 4085 pleturum
923 4028 982 4068 se
1041 4009 1430 4083 promittebat.
1494 4009 1634 4064 Num
1692 4008 1858 4080 igitur
1915 4025 2011 4066 cor
2058 4012 2188 4066 ada-

605 4104 912 4160 mantinum
942 4103 1210 4158 mollitum
1254 4109 1339 4156 est
1368 4141 1384 4166 ,
1429 4110 1526 4156 aut
1551 4101 1788 4157 concidit
1814 4141 1831 4167 ,
1889 4111 1984 4157 aut
2026 4103 2185 4172 pueri

605 4196 901 4268 ploratibus
937 4194 1168 4250 fractum
1198 4193 1324 4248 est?
1363 4192 1584 4248 Minime
1613 4193 1876 4262 gentium.
1911 4192 2183 4260 Quidnam

605 4302 736 4344 vero
783 4295 974 4343 sancte
1019 4284 1350 4354 respondit?
1403 4285 1542 4341 Cum
1577 4285 1812 4354 quadam
1848 4287 2030 4342 vultus
2061 4297 2184 4342 tor-

605 4379 776 4433 vitate
803 4417 822 4442 ,
868 4375 1320 4447 potentissimum
1357 4383 1732 4429 maternorum
1762 4375 2032 4431 viscerum
2067 4378 2186 4433 vin-

606 4483 735 4526 cens
767 4465 1024 4522 allectum
1051 4481 1066 4519 :
1095 4463 1214 4520 Nisi
1249 4475 1459 4534 sponte,
1483 4465 1682 4534 inquit,
1709 4465 1803 4527 fili,
1835 4466 2060 4535 abieris,
2086 4484 2186 4538 ego

607 4570 663 4618 te
694 4574 859 4615 manu
894 4557 1118 4630 propria
1148 4557 1202 4610 in
1227 4555 1408 4610 navim
1432 4556 1731 4626 imponam.
1785 4555 1965 4612 Cessit
2001 4559 2184 4630 itaque

2291 3388 2348 3441 δὲ
2379 3388 2651 3458 ἀδελφοῖν,
2701 3390 2734 3442 ὁ
2797 3388 2983 3458 ἕτερος
3049 3387 3247 3458 κομιδῇ
3282 3387 3402 3448 νέος
3427 3386 3505 3439 ὢν
3529 3386 3642 3455 (5),
3674 3386 3868 3456 ἐπειδὴ

2293 3477 2479 3548 παρῆν
2516 3479 2548 3548 ὴ
2575 3476 2678 3548 τῆς
2710 3477 2974 3548 ἐκδημίας,
3004 3475 3189 3547 ἡμέρα
3212 3516 3228 3542 ,
3254 3476 3310 3528 οῖ
3328 3492 3390 3528 τε
3419 3475 3685 3546 ἐξιτὴριοι
3717 3475 3872 3543 λόγοι

2291 3569 2388 3622 καὶ
2413 3570 2883 3640 προπεμπτήριοι,
2901 3567 2964 3621 αϊ
2986 3584 3048 3620 τε
3069 3566 3420 3637 ἀνακλήσεις,
3437 3568 3500 3620 αῖ
3523 3583 3584 3619 τε
3607 3567 3870 3636 οἰμωγαὶ,

2289 3660 2434 3713 αἵτε
2469 3658 2822 3730 περιπλοκαί,
2856 3657 3594 3730 ἐπέτρεχεν,είσεκολποῦτο,
3629 3657 3874 3710 δυσαποο

2293 3750 2550 3814 σπάστως
2585 3745 2700 3821 εἶχε
2747 3753 2845 3822 τῆς
2885 3749 3092 3822 μητρὸς
3115 3789 3132 3814 ,
3179 3749 3384 3803 ὡσανεὶ
3435 3749 3734 3819 μοσχάριον
3771 3748 3873 3819 τὴν

2289 3837 2562 3904 διάζευξιν
2593 3839 3057 3910 ἁπαναινόμενον,
3087 3839 3277 3911 ἐξῄτει
3303 3838 3384 3892 ἔτι
3409 3839 3695 3909 ἐπιμένειν
3731 3838 3874 3908 πρὸς

2291 3931 2466 4004 βραχὺ
2493 3935 2563 4005 τῇ
2595 3935 2782 4006 μητρὶ,
2801 3927 2902 3986 εἷθ’
2930 3933 3162 4005 ὕστερον
3191 3933 3436 4005 πληροῦν
3463 3933 3633 4003 αὐτῆς
3659 3931 3723 3984 τὸ
3746 3931 3874 4002 pos.

2288 4024 2467 4096 λευμα
2509 4021 2983 4096 ἐπήγγελτο.*Δρ’
3028 4021 3122 4079 οὖν
3162 4022 3615 4095 κατεμαλακίσθη
3653 4025 3688 4094 ἡ
3733 4023 3870 4077 tida.-

2290 4115 2522 4188 μαντίνη
2554 4117 2752 4186 καρδία
2795 4117 2979 4188 ἐκείνη
3003 4157 3019 4183 ,
3054 4117 3088 4188 ἢ
3125 4117 3448 4183 συνέπεσεν,
3485 4118 3518 4188 ἢ
3558 4115 3871 4170 συνώκλασε

2287 4208 2402 4268 τοῖς
2429 4205 2525 4260 τοῦ
2560 4206 2756 4269 παιδὸς
2798 4206 3352 4277 κλαυθμυρίσμασιν;
3399 4205 3701 4275 οὐμενοῦν·
3753 4204 3871 4258 ἀλλ’

2285 4293 2399 4352 οἷον
2432 4299 2494 4352 τὸ
2525 4300 2676 4354 ὅσιον
2725 4298 2896 4370 αὐτῆς
2936 4298 3286 4370 ἐπίφθεγμας
3330 4298 3472 4368 μετά
3493 4314 3638 4361 τινος
3675 4296 3870 4368 ἐμϐρι-

2287 4389 2414 4454 θοῦς
2432 4388 2600 4455 ἕξεως
2617 4389 3092 4460 ὑπερνικήσαντος
3115 4389 3226 4443 τῶν
3246 4388 3516 4460 μητρῴων
3543 4389 3869 4460 σπλάγχνων

2283 4481 2346 4535 τὸ
2373 4482 2860 4552 τυραννικώτατον,
2890 4482 2952 4534 Ei
2991 4481 3066 4552 μὴ
3087 4478 3250 4544 ἑκὼν,
3271 4474 3518 4551 φησὶνμῖ)
3537 4481 3730 4535 τέκνον
3756 4483 3867 4534 ὰπ-

2286 4573 2462 4636 έλθοις
2485 4614 2500 4640 ,
2533 4573 2644 4643 ἐγώ
2694 4571 2752 4627 σε
2786 4575 2855 4644 τῇ
2904 4571 2996 4643 νηῖ
3038 4573 3319 4643 αὐτοχειρὶ
3353 4571 3723 4642 ἐπιϐαλοῦμαι
3753 4573 3864 4641 (6)·

609 4667 764 4724 puer,
789 4659 844 4706 et
871 4664 1124 4706 seorsum
1155 4648 1533 4704 discessimus.
1563 4647 1655 4702 Illa
1685 4657 1866 4704 autem
1891 4689 1907 4716 ,
1937 4657 1998 4706 ut
2025 4661 2178 4722 puto,

2286 4663 2426 4732 εἷξεν
2459 4665 2554 4720 οὖν
2576 4669 2605 4720 ό
2621 4669 2769 4730 παῖς,
2795 4666 2891 4719 καὶ
2917 4665 3101 4735 διέστη
3112 4666 3534 4736 μενάμφότεροι
3551 4681 3566 4698 ·
3609 4665 3862 4734 κάκείνη,

607 4764 705 4819 par
750 4745 1010 4818 quiddam
1066 4752 1337 4815 patrasset
1367 4784 1383 4810 ,
1437 4759 1501 4799 ac
1533 4745 1588 4798 in
1627 4744 1990 4817 quadraginta
2040 4761 2186 4801 mar-

609 4849 787 4910 tyrum
830 4837 1099 4908 supplicio
1122 4845 1312 4893 sancta
1344 4846 1546 4902 mater,
1579 4852 1703 4908 quae
1733 4838 2000 4893 celebrem
2030 4838 2183 4894 illum

609 4930 904 5002 spirantem
945 4929 1126 4986 adhuc
1151 4929 1336 4999 ﬁliuni
1366 4947 1526 4989 suum
1561 4933 1614 4987 in
1673 4932 1976 5003 plaustrum
2019 4935 2184 4991 attul-

608 5021 727 5076 lens
763 5022 1044 5091 imposuit.

685 5107 735 5165 8.
797 5108 939 5176 Quid
970 5125 1100 5166 vero
1128 5121 1314 5182 postea
1340 5112 1363 5166 ?
1413 5111 1649 5184 Optabat
1679 5115 1942 5184 przeclara
1978 5114 2182 5170 femina

607 5201 713 5258 sub
743 5201 1052 5257 obetlientia
1085 5207 1259 5276 magis
1289 5203 1472 5260 vivere
1495 5243 1512 5269 ,
1546 5206 1691 5273 quod
1715 5215 1770 5260 et
1798 5220 2016 5275 equum
2043 5217 2180 5262 erat.

611 5293 718 5350 Sed
747 5294 876 5366 quia
926 5310 992 5350 ex
1028 5299 1300 5366 praeterito
1355 5308 1658 5366 temporum
1716 5297 1954 5362 turbine,
2008 5312 2185 5367 neque

608 5389 1003 5444 monasterium
1035 5390 1214 5445 adhuc
1245 5398 1362 5444 erat
1397 5396 1774 5444 constructum
1801 5431 1814 5457 ,
1852 5404 2030 5459 neque
2065 5407 2185 5447 mo-

648 5505 653 5509 ’
682 5505 760 5577 (5)
797 5505 927 5560 Erat
947 5505 1036 5559 hic
1068 5504 1292 5559 nomine
1320 5501 1669 5574 Euthymius,
1701 5505 1770 5560 de
1806 5518 1918 5574 quo
1953 5503 2094 5560 infra
2129 5505 2183 5562 in

647 5573 801 5628 dnot.
835 5591 961 5628 nam.
990 5589 1107 5628 sea.

611 5585 801 5631 auuol.
835 5591 961 5646 pag.
990 5589 1107 5644 seq.

684 5645 764 5718 (0)
807 5645 1133 5718 Sanctorum
1164 5641 1307 5698 facta
1346 5643 1704 5706 admiremur,
1746 5643 1839 5713 qui
1875 5646 2056 5700 omnia
2095 5647 2182 5718 pio

611 5713 815 5773 mentis
837 5713 1033 5770 affectu
1057 5724 1322 5786 egerunt;
1349 5728 1800 5786 quanquamrnon
1825 5730 1979 5786 atque
1996 5713 2178 5773 omnia

614 5786 818 5857 imitari
843 5781 1130 5857 debemus}
1151 5781 1313 5857 Certe
1349 5781 1714 5857 adolescentis
1752 5781 2031 5857 Eutli'ymii
2068 5802 2177 5843 non

615 5856 750 5912 satis
787 5855 1006 5909 firmum
1038 5854 1274 5926 religiosi
1300 5853 1532 5926 instituti
1548 5853 1914 5926 suscipiendi
1932 5857 2178 5925 proposi-

619 5937 731 5982 tum
784 5938 909 5982 mox
962 5922 1439 5994 matri'fratriquc
1484 5922 1905 5982 sollicitudinem
1932 5922 2173 5987 ‘uravem

2284 4754 2358 4818 ὼς
2387 4754 2550 4822 δοκῶ,
2601 4755 2903 4826 ἐφάμιλλόν
2943 4773 2998 4809 τι
3045 4756 3145 4826 τῆς
3188 4758 3284 4809 ἐπὶ
3311 4755 3406 4809 τοῦ
3438 4756 3548 4809 τῶν
3583 4757 3866 4829 Τεσσαρά-

2288 4861 2455 4898 κοντα
2487 4844 2784 4917 μαρτύρων
2811 4845 2976 4914 ἁγίας
3019 4846 3228 4917 μητρὸς
3256 4845 3524 4918 ᾀδομένου
3553 4846 3649 4899 ἐπὶ
3677 4848 3748 4916 τῇ
3771 4847 3866 4916 τῆς

2295 4936 2513 5009 ἁμάξης
2538 4938 2636 4992 τοῦ
2662 4938 2744 4993 ἐτι
2768 4938 3099 5008 ἐμπνέοντος
3119 4938 3322 4992 οἰκείου
3346 4937 3466 4993 υίοῦ
3497 4938 3656 4993 deos:
3675 4956 3743 4992 τε
3777 4941 3866 4994 καὶ

2285 5028 2550 5094 ἐπιθέσει,
2583 5029 2896 5094 ἐξετέλεσεν
2918 5031 3019 5102 (7).

2364 5124 2436 5190 η’.
2489 5119 2650 5181 Ἀλλὰ
2679 5118 2730 5171 τί
2765 5120 2836 5172 τὰ
2872 5119 3038 5189 ἐξῆς;
3081 5119 3299 5174 Ἐπόθει
3340 5120 3525 5174 τοίνυν
3568 5129 3602 5188 η
3648 5119 3864 5187 γενναία

2291 5210 2554 5282 ἄρχεσθαι
2587 5211 2826 5281 μᾶλλον,
2853 5211 3046 5284 ὥσπερ
3075 5213 3170 5267 καὶ
3205 5207 3276 5284 ἦν
3309 5213 3553 5266 δίκαιον·
3593 5212 3786 5284 ἐπειδὴ
3809 5211 3861 5265 δὲ

2291 5305 2357 5357 ἐκ
2394 5303 2495 5373 τῆς
2536 5305 2668 5376 πρὶν
2697 5304 3053 5376 διειλήσεως,
3079 5304 3206 5360 οὔτε
3243 5307 3608 5377 μοναστήριον
3634 5301 3703 5376 ἦν
3741 5322 3861 5359 suv-

2295 5396 2620 5467 ιστάμενον,
2675 5397 2785 5452 οὐδ’
2837 5397 2908 5452 αὖ
2953 5397 3102 5469 ψυχὴ
3159 5399 3542 5468 ἐπιστημόνως
3590 5396 3858 5467 δυναμένη

2287 5511 2516 5585 creavit,
2551 5521 2633 5585 ut_
2644 5524 2778 5585 post
2812 5514 3045 5569 dicetur.
3089 5515 3415 5585 Impositura
3462 5523 3640 5569 autem
3673 5515 3858 5571 fuisset

2286 5580 2340 5653 in
2374 5584 2554 5653 navim
2592 5580 2910 5639 Tlieoctista
2936 5585 3130 5649 tilium,
3157 5580 3286 5653 quia
3316 5586 3713 5639 transeundum
3743 5595 3858 5641 erat

2286 5651 2427 5722 ultra
2462 5651 2802 5722 Bosphorum
2831 5656 2898 5708 ad
2929 5651 3292 5710 Saccudionis
3333 5655 3388 5710 in
3421 5655 3549 5710 Asia
3584 5665 3856 5710 monaste-

2282 5719 2449 5793 rium.
2474 5719 2596 5793 νει.
2633 5721 2843 5778 Tlteod.
2875 5740 3006 5793 cap.
3041 5726 3092 5780 5.

2353 5790 2436 5864 (7)_
2470 5791 2701 5864 Exstant
2738 5790 3123 5864 pulcherrirna!
3154 5794 3223 5848 de
3267 5795 3353 5852 his
3387 5811 3455 5852 xi.
3490 5793 3612 5849 MM.
3647 5795 3849 5863 oratio.

2279 5875 2377 5918 nes
2405 5861 2504 5918 SS.
2543 5861 2753 5932 Basilii,
2779 5873 2832 5920 ct
2861 5862 3023 5935 Greg.
3055 5861 3306 5937 Nysscni.
