4064 6372
241 485 351 549 893

776 487 1063 548 ORATIO
1087 488 1261 550 XIII.
1292 514 1364 526 -
1411 489 1802 553 LAUDATIO
1853 491 2244 554 FUNEBRIS
2275 492 2360 554 IN
2419 491 2745 553 MATREM
2771 486 3027 553 SUAM.‘

3410 492 3515 555 894

241 594 575 668 ἀφηγεῖσθαι
607 594 720 649 τῶν
752 595 988 658 πολλῶν,
1016 597 1081 650 ὲκ
1101 596 1292 652 τούτου
1322 596 1571 668 βιάζεται
1596 599 1702 654 ὑπὸ
1734 598 1830 653 τοῦ

1937 601 2098 657 nialis
2162 602 2347 657 aderat
2412 616 2533 671 qua:
2587 601 2884 671 prudenter
2927 610 3252 655 caeterarum
3310 611 3513 657 castum

239 687 478 760 ἀδεπφοῦ
507 686 883 754 κελλιωτικῶς
929 688 1007 759 (8)
1049 687 1246 758 βιῶσαι
1279 690 1422 760 μετά
1452 691 1552 762 τῆς
1583 708 1829 762 προκαρ-

241 782 436 854 θείσης
473 780 803 854 θυγατρίδος
843 782 937 836 καὶ
985 782 1182 853 ἑτέρας
1229 785 1566 853 συγγενίδος.
1612 787 1689 857 Ζῇ
1730 786 1829 856 μὲν

240 875 446 931 αὐτίκα
468 875 897 947 ῦπομονητικῶς
916 890 930 904 °
958 874 1025 948 ζῇ
1045 875 1104 931 δὲ
1125 876 1424 949 ὀδυνηρῶςο
1450 877 1569 943 πῶς
1594 880 1704 948 γὰρ
1730 878 1825 947 οῦς

242 969 335 1022 τὸν
362 967 819 1039 χειραγωγοῦντα
854 968 929 1040 μὴ
980 970 1302 1041 κεκτημένη
1323 1013 1340 1037 ,
1393 972 1492 1026 καὶ⁸
1523 971 1625 1035 τὰς
1674 973 1827 1025 ἀντι-

242 1060 597 1132 πραττούσας
637 1059 717 1133 τῷ
742 1061 992 1115 εὐσεϐεῖν
1019 1062 1395 1135 ὲφευραμένη.
1418 1063 1516 1117 καὶ
1545 1063 1826 1126 τοσοῦτον,

240 1150 385 1205 ὥστε
412 1150 511 1205 καὶ
533 1149 629 1205 τοῦ
666 1150 918 1221 σεμνείου
944 1149 1306 1222 ὲξορίζεσθαι.
1350 1152 1621 1224 Αἰδοῦμαι
1651 1153 1829 1205 είπεῖν

240 1240 387 1313 ὑπὲρ
416 1239 562 1305 τίνος
599 1241 695 1295 καὶ
723 1240 814 1294 διὰ
842 1240 988 1304 τίνος
1010 1280 1026 1307 ,
1063 1242 1237 1309 φειδοῖ
1275 1242 1387 1297 τῶν
1417 1241 1789 1313 ἀκροωμένων
1809 1256 1825 1273 ο

240 1335 397 1406 ὅμως
429 1333 589 1405 φέρει
628 1332 772 1405 ὑπὲρ
800 1332 897 1386 τοῦ
928 1324 1099 1387 καλοῦ
1135 1334 1425 1406 πάσχουσα
1457 1336 1551 1389 καὶ
1588 1334 1677 1388 διὰ
1716 1333 1831 1388 Κύ-

244 1443 365 1497 ριον
390 1425 766 1497 πελαζομένη.
801 1426 911 1480 Καὶ
937 1426 1039 1479 οὐκ
1070 1422 1169 1479 οἷδ’
1200 1426 1353 1491 ὅπως
1380 1425 1708 1494 ἀπαγγείλω
1729 1424 1830 1488 τὰς

239 1518 588 1591 ἐπαλλήλους
627 1519 900 1590 ἐπιφορὰς
929 1519 1026 1572 καὶ
1053 1518 1385 1589 μεταγωγὰς
1422 1518 1525 1588 τῆς
1556 1517 1704 1588 ζωῆς
1732 1516 1831 1571 αὑ-

238 1610 364 1680 τῆς,
401 1611 495 1664 καὶ
530 1609 631 1673 τὰς
660 1609 1042 1680 ἑπισυμὸάσας
1086 1611 1243 1680 ἡμῖν,
1286 1606 1355 1663 έκ
1376 1626 1436 1662 τε
1471 1606 1821 1676 συγγενείας,

238 1703 309 1756 εκ
332 1719 392 1756 τε
424 1701 704 1774 βασιλείας
730 1700 939 1772 θλίψεις
971 1702 1065 1755 καὶ
1096 1700 1289 1765 ὀδύνας
1324 1702 1420 1755 καὶ
1450 1700 1825 1772 περιστάσειςο

238 1792 305 1846 τὸ
337 1791 394 1845 δὲ
425 1790 797 1861 συναγόμενον
833 1786 937 1861 ἦν,
997 1791 1031 1860 η
1060 1790 1437 1862 θρυλλουμένη
1476 1789 1693 1861 μοιχεία
1733 1787 1828 1844 τοῦ

237 1884 674 1954 αὐτοκράτορος.
703 1883 845 1955 ὑπὲρ
865 1876 937 1954 ἧς
963 1885 1140 1938 καὶτὸ
1164 1886 1399 1954 πάσχειν
1428 1880 1496 1956 ἦν
1518 1884 1656 1955 αὐτῇ
1680 1881 1826 1954 [cod.

236 1979 430 2053 nam].
450 1980 610 2034 Ἐπεὶ
647 1979 705 2033 δι
733 1980 830 2033 τοῦ
859 1977 1247 2050 οίκουμενικοῦ
1276 1978 1629 2049 τολμήματος
1658 1976 1830 2046 ἐμνή-

237 2072 405 2144 σθην,
442 2074 556 2128 ίστε
589 2065 702 2126 οἷον
730 2071 990 2142 ὀδυνηρὸν
1017 2070 1241 2136 ἔλασεν,
1270 2069 1439 2140 ἡνίκα
1485 2068 1632 2141 ἑώρα
1681 2069 1830 2138 ἡμᾶς

236 2168 309 2222 ὲκ
337 2165 435 2222 τοῦ
471 2166 846 2238 μοναστηρίου
872 2163 1312 2237 ἁρπαζομένους,
1333 2161 1664 2216 συνελθοῦσα
1689 2160 1833 2215 κατὰ

235 2260 347 2330 τὴν
379 2258 563 2330 ὦρανο
598 2258 739 2313 ἀλλὰ
783 2260 831 2311 εί
862 2257 1047 2312 καὶτὸ
1077 2257 1304 2328 θρηνεῖν
1349 2252 1416 2327 ἦν
1455 2254 1594 2326 αὐτῇ
1640 2270 1826 2325 μονου-

240 2351 387 2424 μένῃ
420 2352 659 2422 μάλιστα
682 2351 743 2416 ἐξ
769 2349 952 2421 ἡμῶν,
970 2350 1074 2403 οὐκ
1092 2350 1502 2420 ἠγανάκτησεν,
1524 2348 1585 2402 οὐ
1608 2348 1832 2419 προϊετο

240 2443 406 2514 ῥῆμα
455 2441 672 2511 ἀγενὲς,
703 2441 825 2495 οὐδὲ
861 2439 1063 2513 ἔρρηξε
1089 2440 1182 2495 τὸν
1214 2440 1439 2511 χιτῶνα,
1465 2438 1567 2492 οὐκ
1597 2436 1833 2508 ἠλάλαξε

238 2535 363 2598 τοῖς
388 2535 686 2597 κωκυτοῖςο
719 2533 859 2599 ἀλλ’,
877 2534 1096 2596 "Amce,
1126 2534 1312 2603 φησὶν,
1330 2525 1376 2586 ὧ
1403 2531 1594 2594 παῖδες
1616 2530 1712 2585 καὶ
1728 2528 1837 2583 σώ-

238 2625 430 2692 ζοισθε
463 2626 522 2679 ὲν
551 2626 764 2699 Κυρίῳ,
794 2627 1042 2695 ὅπουπερ
1071 2625 1141 2679 ἂν
1192 2623 1523 2694 ἀπάγοισθε,
1551 2623 1647 2677 καὶ
1671 2621 1836 2677 ὁποῖά

239 2721 369 2773 ποτ’
402 2718 469 2773 ἂν
501 2720 857 2786 πάθοιτε,διὰ
882 2719 1048 2789 νόμον
1071 2718 1240 2772 αὑτοῦ
1263 2717 1425 2771 τοῦτο
1449 2715 1831 2788 προελόμενον

238 2811 455 2880 ἀγαθὸν
499 2812 610 2883 γὰρ
640 2814 771 2883 ὑμῖν
803 2812 833 2866 ὅ
864 2830 918 2867 τι
944 2813 1012 2867 ἂν
1041 2812 1137 2866 καὶ
1168 2809 1503 2880 ὑποσταίητε
1534 2807 1708 2863 δεινὸν
1738 2807 1836 2877 μέ-

241 2920 342 2973 χρι
388 2904 484 2957 καὶ
526 2902 784 2973 αἵματος,
819 2902 852 2972 ἢ
902 2900 1284 2973 προσήκασθαι
1318 2884 1832 2969 τὸνμοιχεύσαντα,

246 2994 354 3046 καὶ
384 2993 472 3047 διὰ
502 2992 666 3047 τοῦτο
699 2991 994 3062 προδοῦναι
1037 2990 1137 3062 τὴν
1176 2988 1461 3059 ἀλήθειαν.
1487 2990 1550 3041 Ὢ
1582 2986 1684 3056 τῆς
1720 2984 1836 3037 τολ-

244 3086 437 3156 μηρᾶς
453 3085 544 3139 καὶ
574 3084 826 3153 γενναίας
847 3083 1060 3154 ψυχῆςι
1096 3081 1260 3145 εὐθὺς
1283 3080 1344 3133 οὐ
1368 3080 1700 3142 κατέπεσεν,
1729 3075 1836 3131 ὤσ-

247 3192 366 3246 περ
390 3172 459 3246 ἦν
494 3175 662 3241 είκδς,
691 3174 1128 3246 χθαμαλωτέρας
1163 3173 1258 3226 καὶ
1300 3170 1566 3241 ἀνάνδρου
1602 3166 1833 3234 παθεῖνέ

243 3266 392 3321 ἀλλὰ
420 3265 506 3334 τίς
536 3265 965 3338 συνεξεδήμησε,
1003 3263 1463 3334 συνωδοιπόρησε,
1498 3261 1835 3333 συνέθραυσε

243 3360 307 3412 τὸ
336 3358 702 3413 ἁπαλώτατον
735 3359 985 3429 σαρκίον,
1032 3359 1097 3427 τῇ
1142 3355 1237 3408 τοῦ
1281 3355 1441 3426 ὅρους
1492 3354 1831 3428 ὑπερϐἀσει·

244 3452 379 3507 οὐδὲ
409 3452 503 3506 τὸν
538 3452 824 3526 πρόθυμον
858 3450 1247 3522 συνοδοιπόρον
1279 3448 1563 3519 εὑραμένη
1583 3466 1596 3479 ·
1632 3448 1717 3515 αἳ,
1756 3446 1836 3513 αἳ,

246 3544 378 3610 πῶς
417 3544 676 3614 γεγόνασι
712 3545 922 3613 ,πάντες
947 3543 1039 3596 τοῦ
1066 3541 1263 3613 καιροῦ
1309 3541 1837 3611 ἀπανθρωπότεροι;

245 3633 347 3686 καὶ
384 3632 585 3702 μᾶλλόν
613 3650 762 3697 τινες
801 3633 896 3686 καὶ
923 3630 1500 3703 προσεπεμόαίνοντες
1537 3630 1631 3684 καὶ
1669 3646 1840 3700 προσ-

244 3726 611 3790 ονειδίςοντες
639 3726 751 3780 τῶν
782 3725 1136 3796 ὑποχειρίων,
1165 3723 1240 3787 ὠς
1272 3722 1634 3794 πληρωθῆναι
1660 3723 1722 3774 τὸ
1748 3722 1841 3775 eb-

244 3817 570 3887 αγγελικὸν,
598 3819 683 3872 ὅτι
728 3817 956 3887 Ἐχθροί
991 3815 1096 3870 τοῦ
1130 3815 1451 3884 ἀνθρώπου
1481 3818 1534 3868 ol
1557 3812 1840 3868 οἱκειακοί

244 3909 479 3964 αὐτοῦ’
519 3909 721 3979 έφθασε
760 3909 893 3979 γοῦν
932 3909 1079 3981 ἡμᾶς
1116 3908 1211 3961 καὶ
1248 3904 1603 3969 αἰκισθέντας
1652 3904 1686 3975 ὴ
1730 3920 1830 3975 μα-

246 4002 449 4076 καρία.

320 4163 395 4217 θ’.
436 4161 547 4214 Καὶ
582 4161 775 4232 μήτις
822 4161 879 4214 ὲν
921 4158 1057 4230 τῷδε
1102 4157 1387 4229 λογίσηται
1422 4155 1649 4220 ἑαυτοὺς
1694 4156 1842 4228 ἡμᾶς

245 4253 650 4325 ἐγκωμιάζειν,
696 4253 797 4306 οὐκ
852 4251 1079 4322 ἔχοντάς
1125 4268 1177 4304 τι
1224 4249 1335 4302 τῶν
1390 4248 1839 4320 ἐπαινουμένωνο

245 4348 411 4401 ἄλλοι
446 4345 555 4418 γὰρ
592 4344 692 4416 οὐχ
725 4345 886 4415 ἡμεῖς
917 4345 968 4397 oi
1003 4342 1411 4414 ἀνδρισάμενοι,
1449 4342 1544 4394 καὶ
1575 4340 1653 4412 τῷ
1680 4338 1845 4409 κοινῷ

253 4437 446 4509 Πατρὶ
478 4436 851 4508 ἐπιγραπτέον
886 4439 947 4488 τὸ
977 4433 1312 4505 κατόρθωμα
1330 4432 1405 4504 (9)
1427 4449 1441 4465 ’
1463 4433 1551 4485 ἵνα
1574 4432 1632 4485 δὲ
1661 4448 1845 4503 παρα-

249 4533 552 4600 στήσωμεν
582 4529 672 4582 τὸν
697 4529 797 4598 τῆς
813 4530 1035 4581 ὲπαινου
1046 4527 1212 4597 μένης
1232 4524 1443 4594 ἀγῶνα,
1469 4523 1841 4594 ένεπέσαμεν,

251 4619 571 4689 σύγγνωτε,
602 4620 681 4681 είς
709 4618 838 4681 τοὺς
870 4617 999 4687 περὶ
1033 4616 1142 4669 τῶν
1180 4616 1465 4686 ἡμετέρων
1489 4613 1714 4668 ἐκείνων
1753 4613 1843 4666 λό-

246 4730 421 4782 γους,
454 4711 527 4775 ὡς
572 4712 631 4765 οὐ
670 4709 1081 4782 βεϐουλήμεθασ
1124 4709 1281 4771 ἀλλὰ,
1326 4708 1527 4777 Μέγας
1569 4710 1601 4761 ό
1628 4707 1846 4775 Κύριος

248 4805 450 4877 ἡμῶν,
482 4805 576 4859 καί
604 4804 841 4875 μεγάλη
872 4804 909 4871 ἠ
930 4803 1108 4872 ίσχὺς
1136 4801 1345 4856 αὐτοῦ.
1378 4800 1468 4865 Ὠς
1506 4800 1689 4872 ἐκείνη
1720 4799 1845 4852 λαν-

250 4897 532 4961 θανόντως
590 4896 843 4969 ὑπεισῄει
909 4897 970 4947 ὲν
1024 4895 1103 4966 τῷ
1160 4892 1407 4966 φρουρίῳ
1465 4892 1562 4955 τὰς
1630 4890 1846 4960 πληγὰς

249 4991 463 5063 ὁρῶσα,
493 4990 589 5043 καὶ
617 4989 819 5053 ταύτας
851 4987 1231 5057 ὑπαλείφουσα
1255 5028 1271 5052 ,
1306 4986 1403 5039 καὶ
1428 4983 1505 5055 τῷ
1532 4982 1653 5054 Θεῷ
1686 4982 1845 5047 δόξαν

250 5083 351 5136 καὶ
380 5076 531 5136 αἶνον
562 5082 621 5135 ἐν
647 5081 724 5152 τῷ
757 5080 825 5134 δι’
856 5080 1076 5151 ἐντολὴν
1111 5077 1276 5132 αὐτοῦ
1306 5076 1479 5131 ταῦτα
1510 5073 1841 5146 ὑφίστασθαι

249 5176 322 5228 τὰ
354 5173 529 5244 αὐτῆς
561 5172 765 5243 ἔγγονα
792 5173 1230 5245 ἁναπέμπουσα·
1268 5168 1441 5232 οὕτως
1474 5169 1622 5240 ἡμᾶς
1661 5167 1842 5219 εὐκτι-

252 5266 369 5329 κῶς
394 5266 492 5319 καὶ
519 5260 949 5336 κλαυθμυρικῶς
978 5266 1075 5319 καὶ
1104 5261 1424 5335 περιχαρῶς
1446 5261 1504 5313 ὲν
1532 5257 1842 5329 μεταιχμίῳ

251 5358 366 5410 τῶν
397 5355 492 5410 δύο
514 5356 725 5423 παθῶν,
756 5359 823 5411 ὲκ
849 5357 961 5411 τῶν
995 5358 1174 5411 ἐκεῖσε
1199 5355 1337 5428 πρὸς
1361 5352 1432 5407 τὰ
1462 5352 1720 5406 ἐπέκεινα
1743 5353 1843 5423 τῆς

329 5558 353 5590 ⁸
391 5558 582 5613 Matth.
619 5578 672 5623 ι,
703 5561 793 5615 56.
869 5563 890 5593 ⁶
929 5559 1077 5616 Psal.
1108 5576 1289 5624 ολινι,
1325 5560 1377 5615 5.

329 5734 411 5804 (8)
448 5735 712 5793 Cellulani
742 5752 840 5793 seu
881 5737 1110 5794 celliotte
1138 5734 1396 5792 monachi
1434 5743 1532 5790 aut
1573 5733 1845 5788 moniates

258 5814 418 5886 extra
441 5808 843 5886 intortasterium
888 5808 941 5886 in
982 5808 1136 5886 cellis
1170 5808 1506 5886 habitantes.
1548 5804 1616 5860 de
1645 5804 1846 5886 quibus

262 5877 406 5929 Salis
435 5875 676 5947 Cangius
715 5878 769 5950 in
800 5876 1025 5950 Lexico,
1058 5877 1242 5936 citatis
1274 5876 1479 5935 Graecis
1502 5875 1843 5945 auctoribus,

259 5955 313 6001 et
342 5952 645 6017 praesertim
679 5949 900 6004 Allatio.

1929 708 2117 765 regere
2167 701 2349 764 posset
2380 734 2396 759 ,
2452 701 2745 763 propterea
2795 708 2825 746 a
2863 692 3028 747 fratre
3056 692 3271 762 cogitur
3295 691 3517 747 cellula-

1930 802 2126 842 norum
2159 801 2310 842 more
2336 785 2518 840 vivere
2544 827 2561 851 ,
2622 801 2746 840 cum
2798 786 2906 841 lilia
2959 784 3073 854 jam
3112 794 3270 839 antea
3317 794 3513 851 tonsa,

1929 879 2146 948 aliaque
2194 887 2448 949 cognata.
2505 877 2816 949 Statimque
2871 878 3164 946 patientem
3212 878 3378 931 vitam
3422 892 3516 932 ex-

1932 978 2085 1043 perta
2118 978 2204 1025 est
2234 1012 2251 1037 ,
2290 969 2710 1039 necessarioque
2745 968 2957 1023 tristem
2987 1010 3002 1035 ,
3039 968 3167 1037 quia
3199 977 3253 1022 et
3281 968 3512 1038 Spiritali

1929 1064 2069 1118 duce
2094 1062 2338 1126 carebat,
2373 1063 2420 1115 ei
2455 1060 2723 1132 quasdam
2758 1069 2917 1114 nacta
2948 1068 3031 1115 est
3075 1059 3295 1114 sodales
3328 1058 3514 1129 pietati

1929 1156 2189 1210 adversas
2224 1194 2240 1219 ,
2296 1153 2350 1207 in
2389 1161 2601 1207 tantum
2634 1162 2690 1206 ut
2717 1152 2879 1205 etiam
2939 1166 3099 1206 sacro
3127 1151 3220 1204 illo
3263 1152 3382 1205 loco
3422 1167 3517 1205 ex-

1929 1247 2252 1319 pelleretur.
2271 1244 2383 1300 Cur
2400 1254 2581 1299 autem
2608 1244 2690 1298 vel
2714 1243 2874 1313 cujus
2897 1257 3087 1313 opera,
3114 1244 3283 1313 pudet
3309 1243 3513 1309 dicere,

1931 1346 1990 1393 ut
2018 1336 2358 1393 audientium
2410 1334 2641 1389 auribus
2699 1347 2942 1403 parcam.
3002 1334 3251 1387 Attamen
3299 1333 3517 1388 virtutis

1930 1445 2095 1486 causa
2123 1470 2138 1495 ,
2192 1439 2246 1483 et
2272 1436 2495 1498 propter
2525 1427 2815 1481 Dominum
2868 1424 3067 1478 afﬂicta
3096 1466 3109 1490 ,
3168 1425 3435 1495 patienter
3459 1438 3518 1479 se

1931 1523 2172 1595 gerebat.
2229 1520 2340 1576 Nec
2368 1536 2479 1592 quo
2510 1528 2669 1590 pacto
2707 1519 2929 1574 recitem
2981 1520 3098 1574 scio
3133 1519 3269 1573 alias
3296 1533 3359 1571 ex
3394 1516 3518 1570 aliis

1929 1618 2057 1670 vita:
2083 1613 2202 1683 ejus
2234 1614 2579 1669 calamitates
2608 1620 2661 1665 et
2694 1609 2841 1665 vices
2867 1650 2881 1673 ,
2915 1620 3240 1677 nostraSque
3269 1608 3519 1663 amnibus

1930 1718 1983 1761 et
2007 1706 2075 1761 ab
2099 1705 2328 1775 imperio
2346 1717 2659 1774 pressuras,
2684 1701 3030 1766 alliictioues,
3054 1708 3108 1753 et
3133 1700 3515 1755 adversitates.

1934 1799 2157 1869 Summa
2189 1797 2264 1851 rei
2299 1795 2422 1861 fuit,
2458 1792 2734 1848 famosum
2767 1790 3119 1861 imperatoris
3150 1791 3516 1859 adulterium,

1934 1890 2080 1961 quod
2136 1888 2294 1944 matri
2327 1902 2548 1958 quoque
2579 1894 2782 1940 nostra:
2826 1898 2992 1938 causa
3039 1883 3251 1937 doloris
3281 1883 3515 1938 exstitit.

1936 1980 2091 2036 Nunc
2119 1995 2248 2051 quia
2277 1978 2558 2049 publicum
2588 1975 2806 2031 facinus
2836 1974 3263 2030 commemoravi
3300 2016 3315 2039 ,
3351 1974 3519 2043 probe

1940 2073 2093 2130 scitis
2152 2087 2318 2142 quam
2366 2084 2512 2141 a'gre
2568 2068 2657 2123 illa
2711 2066 2917 2131 tulerit,
2970 2080 3092 2118 cum
3146 2080 3249 2119 nos
3292 2064 3358 2119 de
3398 2081 3518 2119 mo~

1937 2167 2179 2224 nasterio
2237 2165 2547 2219 abstractos
2607 2162 2763 2227 vidit,
2832 2162 3035 2231 quippe
3084 2175 3207 2229 qua:
3256 2159 3320 2212 ad
3366 2158 3515 2213 illaut

1936 2262 2129 2317 horam
2176 2264 2528 2313 convenerat.
2596 2254 2703 2310 Sed
2735 2254 2987 2323 quamvis
3044 2252 3099 2306 in
3155 2252 3304 2306 luctu
3361 2261 3515 2315 erat,

1936 2353 2193 2411 sodalitio
2233 2349 2539 2422 praesertim
2585 2356 2780 2403 nostro
2821 2346 3057 2416 spoliata
3088 2388 3104 2412 ,
3157 2360 3266 2398 non
3294 2352 3377 2398 est
3430 2344 3518 2397 in-

1934 2450 2177 2520 dignata,
2214 2459 2391 2517 neque
2417 2444 2734 2499 indecorum
2762 2441 3063 2510 quidquam
3101 2440 3281 2493 locuta
3303 2477 3318 2502 ,
3347 2452 3521 2507 neque

1937 2540 2179 2596 tunicam
2213 2536 2398 2601 scidit,
2433 2547 2612 2604 neque
2646 2534 2919 2589 clamores
2944 2531 3205 2599 lugubres
3242 2528 3465 2583 sustulit
3502 2544 3517 2594 ;

1936 2636 2029 2689 sed
2062 2632 2221 2687 Abite
2251 2672 2267 2697 ,
2304 2628 2519 2699 inquit,
2549 2628 2644 2682 lilii
2675 2667 2689 2692 ,
2720 2636 2775 2682 et
2801 2626 2855 2680 in
2886 2624 3118 2679 Domino
3152 2622 3286 2679 salvi
3316 2631 3518 2684 estote,

1935 2739 2267 2797 quocunque
2326 2721 2547 2777 demum
2575 2718 2850 2773 ducemini
2882 2759 2897 2783 ,
2944 2726 3000 2771 et
3028 2715 3284 2784 quaelibet
3328 2728 3524 2785 perpe-

1939 2815 2191 2878 ttemini,
2255 2808 2700 2881 quandoquidem
2762 2808 2895 2877 legis
2953 2805 3103 2859 illius
3161 2805 3333 2873 gratia
3395 2816 3523 2871 pro-

1941 2907 2177 2977 positum
2235 2903 2338 2957 hoc
2375 2899 2721 2970 suscepistis.
2779 2897 2978 2951 Melius
3032 2896 3178 2951 enim
3220 2892 3378 2948 vobis
3416 2899 3521 2956 est,

1938 3012 2103 3070 grave
2163 2995 2440 3064 quodlibet
2471 3007 2645 3062 usque
2668 2991 2735 3046 ad
2764 2990 3093 3061 sanguinem
3128 2989 3239 3058 pati
3272 3025 3290 3052 ,
3354 3000 3522 3057 quam

1938 3091 2251 3148 adulterum
2305 3089 2358 3141 in
2412 3085 2857 3141 communionem
2892 3083 3203 3144 admittere,
3251 3090 3418 3151 atque
3448 3079 3523 3133 ita

1940 3184 2225 3238 veritatem
2255 3178 2509 3249 prodere.
2540 3176 2585 3232 Ο
2625 3176 2896 3246 intrepida
2921 3175 3105 3229 anima
3137 3183 3191 3227 et
3217 3185 3478 3243 generosa
3506 3170 3520 3223 l

1940 3274 2018 3329 lbi
2059 3272 2284 3327 minime
2337 3269 2619 3335 concidit,
2678 3282 2777 3322 ceu
2827 3282 2925 3337 par
2960 3265 3156 3320 fuisset
3213 3263 3527 3331 contingere

1942 3366 2143 3421 intimas
2179 3363 2345 3419 alicui
2370 3371 2426 3417 et
2454 3360 2664 3417 enervi.
2700 3359 2843 3426 Quid
2876 3372 3007 3412 vero
3035 3356 3058 3409 ?
3083 3354 3383 3409 Nobiscum
3414 3352 3525 3405 dis-

1940 3456 2125 3521 cessit,
2176 3454 2463 3509 nobiscum
2505 3453 2609 3506 iter
2656 3449 2917 3519 suscepit,
2974 3446 3272 3501 delicatum
3317 3440 3528 3498 attrivit

1941 3549 2331 3619 corpusculum
2361 3545 2415 3599 in
2437 3543 2639 3599 montis
2660 3557 2915 3604 ascensu,
2942 3541 3150 3594 nullum
3171 3538 3405 3591 alacrem
3428 3534 3528 3588 viae

1942 3644 2196 3699 comitem
2230 3646 2409 3694 nacta.
2446 3636 2603 3691 Heu!
2642 3637 2744 3690 heu
2774 3636 2788 3689 ι
2838 3633 3114 3702 quomodo
3145 3645 3338 3685 omnes
3365 3643 3527 3683 occa-

1943 3735 2195 3790 sionibus
2254 3731 2392 3786 ﬁunt
2447 3728 2775 3783 inhumani!
2834 3726 2977 3793 Quin
3029 3734 3084 3781 et
3140 3722 3391 3777 nonnulli
3446 3720 3529 3773 in-

1944 3825 2217 3879 sultabant
2235 3831 2291 3878 et
2313 3820 2772 3889 conviciabantur
2794 3820 2888 3888 qui
2910 3820 3125 3873 fuerant
3149 3816 3218 3869 de
3233 3813 3526 3877 famulitio,

1946 3926 2005 3970 ut
2036 3915 2418 3985 evangelicum
2444 3912 2577 3966 illud
2604 3911 2977 3981 compleretur
3013 3928 3026 3964 :
3062 3907 3274 3962 Inimici
3299 3903 3526 3958 hominis

1945 4009 2220 4062 domestici
2251 4007 2365 4076 ejus
2397 4006 2440 4057 ⁵.
2493 4003 2682 4074 Itaque
2711 4005 2776 4059 ad
2810 4019 2910 4059 nos
2941 4004 2995 4057 in
3024 3998 3361 4057 cruciatibus
3392 4011 3531 4067 quo-

1946 4118 2055 4172 que
2097 4102 2306 4171 positos
2336 4101 2492 4156 beata
2529 4101 2646 4156 haec
2676 4096 3008 4154 adventavit.

2020 4196 2072 4251 9.
2117 4192 2289 4248 Nemo
2328 4206 2535 4258 autem,
2570 4208 2778 4264 quaeso,
2810 4197 3024 4260 reputet
3055 4192 3272 4241 nosmet
3300 4184 3450 4254 ipsos
3500 4198 3528 4236 a

1947 4286 2109 4341 nobis
2141 4286 2464 4354 praedicari,
2497 4287 2592 4357 qui
2650 4299 2840 4340 revera
2883 4283 3087 4336 nullam
3119 4291 3329 4350 partem
3368 4277 3533 4346 hujus

1948 4379 2125 4434 laudis
2155 4380 2496 4449 attingimus.
2552 4377 2762 4448 Quippe
2786 4377 2879 4431 alii
2913 4416 2929 4439 ,
2979 4391 3088 4428 non
3120 4389 3257 4438 nos,
3311 4382 3535 4427 strenue

1947 4477 2194 4538 egerunt,
2256 4478 2310 4522 et
2358 4468 2638 4521 communi
2696 4467 2880 4536 potius
2924 4464 3073 4517 Patri
3107 4479 3193 4518 res
3223 4463 3359 4516 bene
3383 4469 3532 4530 gesta

1951 4556 2210 4610 vertenda
2260 4564 2361 4610 est.
2420 4554 2688 4624 Ignoscite
2753 4565 2978 4616 autem,
3031 4553 3076 4605 si
3106 4551 3236 4604 dum
3303 4549 3535 4601 laudata:

1878 4666 1922 4723 ι)
1952 4645 2165 4700 {culina}
2220 4653 2498 4698 certamen
2534 4643 2865 4713 exponimus
2886 4682 2902 4707 ,
2933 4640 3087 4694 inviti
3120 4642 3170 4692 in
3199 4652 3382 4690 rerum
3415 4634 3535 4688 illa-

1950 4751 2070 4789 rum
2103 4734 2472 4788 narrationem
2502 4733 2817 4789 incidimus.
2867 4731 2971 4785 Sed
3013 4729 3237 4798 Magnus
3274 4725 3532 4779 Dominus

1950 4834 2145 4889 noster,
2176 4831 2225 4875 et
2274 4837 2466 4890 magna
2517 4822 2682 4874 virtus
2717 4821 2831 4890 ejus
2863 4820 2882 4851 ⁸
2922 4821 2935 4873 ί
2966 4818 3060 4872 Illa
3093 4816 3277 4885 itaque
3302 4814 3443 4868 clam
3476 4812 3532 4865 in

1900 4928 1925 4951 κ
1947 4910 2249 4965 custodiam
2283 4910 2552 4980 ingressa,
2583 4908 2714 4963 visis
2748 4908 2922 4977 plagis
2948 4921 3156 4976 easque
3191 4902 3437 4958 osculata
3481 4908 3535 4954 et

1948 5004 2311 5057 medicamine
2336 5017 2545 5072 ttngens
2576 5040 2590 5065 ,
2655 4998 2765 5055 Deo
2801 4998 3031 5071 gloriam
3082 4996 3410 5067 laudemque
3437 4995 3535 5049 ob-

1950 5097 2096 5163 tulit,
2148 5096 2277 5166 quia
2348 5096 2443 5149 lilii
2503 5095 2587 5149 sui
2657 5104 2879 5164 propter
2917 5089 3164 5161 ejusdem
3204 5090 3375 5162 legem
3408 5088 3533 5141 talia

1949 5193 2287 5254 paterentur.
2331 5184 2422 5237 Sic
2448 5183 2538 5236 illa
2574 5197 2834 5237 noscum
2868 5180 3160 5250 precibus,
3195 5178 3488 5249 gemitibus
3515 5218 3530 5240 ,

1950 5271 2224 5341 simulque
2249 5271 2543 5336 hilaritate,
2571 5271 2713 5324 inter
2739 5271 2836 5324 has
2857 5270 2995 5323 duas
3025 5269 3194 5321 animi
3218 5266 3533 5337 passiones,

1954 5360 2025 5416 ab
2058 5361 2149 5415 illo
2214 5359 2335 5414 loco
2374 5359 2440 5413 ad
2494 5360 2752 5415 ulteriora
2807 5359 3075 5415 abductos
3121 5356 3390 5413 comitatis
3439 5354 3535 5408 ad-

2024 5730 2101 5802 (9)
2140 5727 2260 5802 Ipse
2286 5726 2616 5802 Theodorus
2638 5735 2848 5802 patrem
2890 5741 3052 5802 suum
3087 5723 3541 5802 spiritalemPla.

1954 5794 2137 5856 tonein
2165 5794 2231 5853 ad
2267 5794 2656 5853 constantiam'
2680 5799 2732 5853 in
2778 5794 3137 5859 adversitate,
3168 5794 3403 5863 exempli
3441 5809 3539 5848 cae-

1956 5868 2407 5995 ῗξξξιριῧῖὺξηάέ
2431 5883 2638 5997 ectagsa.
2687 5882 3018 5940 magnopere
3068 5868 3321 5925 hortatus
3354 5864 3533 5921 fuerat

1983 5974 2136 5995 κυισι.
2176 5974 2273 5994 ΙΙΙ-ιο
2306 5974 2344 6008 Ι,
2380 5974 2401 5993 ι
2431 5974 2488 5997 (οἱ
2522 5974 2574 5993 Δ.
