4064 6372
501 459 610 524 895

1699 460 1762 520 S.
1801 457 2201 520 THEODORI
2241 449 2594 520 STUDIT/E

3690 451 3799 518 896

503 564 785 622 mirationi
811 575 954 633 erat,
981 574 1038 622 et
1075 580 1106 622 a
1137 565 1252 622 Deo
1285 567 1502 638 piisquc
1541 565 1864 621 hominibus
1912 566 2086 622 beatae
2115 620 2116 624 η

2220 570 2500 638 ιπαγωγῆς
2537 565 2996 640 παραπέμπουσα
3033 562 3382 635 ἐθαυμάζετο
3403 605 3418 631 ,
3447 561 3571 635 Θεῷ
3603 580 3665 616 τε
3695 565 3794 618 καὶ

515 669 718 710 nomen
752 654 1208 725 consequebatur.
1225 652 1319 710 Sic
1347 669 1451 710 nos
1493 668 1690 709 rursus
1719 653 1984 723 pravenit
2011 669 2100 710 re-

503 743 738 799 deuntes
781 742 1036 800 Catharis
1054 754 1111 800 et
1133 741 1581 799 Thessalonicam
1605 742 1860 797 exsilium
1882 743 2095 812 pulsos,

507 831 644 888 hora
689 831 925 888 brumali
983 840 1040 886 et
1092 833 1404 902 vespertina
1447 832 1504 887 in
1561 830 1792 890 taberna
1841 831 2051 887 rustica
2084 870 2100 896 ,

507 922 854 978 clandestino
881 933 937 979 et
971 922 1253 992 incognito
1284 910 1548 990 adventu,
1578 931 1639 979 ut
1673 937 1776 978 nos
1816 922 2026 978 videret
2046 930 2102 978 et

510 1021 622 1067 tota
674 1010 847 1069 ferme
898 1023 1058 1069 nocte
1106 1014 1400 1070 nobiscum
1449 1023 1808 1081 versaretur,
1835 1013 1967 1070 dum
1999 1029 2102 1070 nos

510 1103 741 1159 invicem
781 1104 834 1159 in
883 1103 1118 1160 Domino
1159 1112 1487 1184 testamenta
1529 1105 1920 1161 conderemus.
1978 1101 2106 1159 Sta-

511 1196 720 1264 timque
755 1211 973 1252 summo
1005 1212 1204 1262 mane,
1237 1198 1386 1269 quod
1415 1207 1533 1254 erat
1559 1198 1826 1253 acerbum
1858 1209 1913 1253 et
1941 1197 2108 1253 mise-

513 1289 732 1352 rabile.
791 1291 1062 1360 separatis
1127 1290 1403 1356 invicem,
1465 1291 1557 1346 illa
1605 1291 1727 1348 vale
1765 1291 1997 1354 dicens,
2051 1297 2108 1345 et

517 1391 776 1450 tanquam
808 1379 863 1434 in
903 1381 1101 1437 animae
1126 1381 1608 1440 commendatione
1639 1382 1828 1438 oscula
1876 1379 2108 1450 singulis

513 1467 763 1538 corporis
808 1470 1075 1526 membris
1126 1471 1470 1542 imprimens,
1528 1487 1654 1547 cum
1695 1468 1928 1542 gemitu,
1968 1468 2102 1540 Ego,

513 1560 698 1615 aiebat
732 1560 831 1632 (ut
875 1560 997 1632 ejus
1041 1563 1318 1620 locutione
1348 1561 1514 1635 utar)
1557 1562 1673 1634 jam
1735 1578 1883 1618 nunc
1933 1576 1968 1616 ο
2011 1561 2108 1616 lilii

514 1663 772 1719 suprema
831 1653 999 1708 verba
1059 1654 1426 1711 morientibus
1482 1654 1666 1710 dicere
1717 1654 1928 1709 videor.
1979 1650 2112 1708 Cui-

516 1736 647 1792 libet
679 1749 861 1794 autem
917 1740 1172 1796 rationali
1218 1752 1402 1798 mente
1455 1743 1684 1814 praedito
1715 1741 2025 1812 cujusmodi
2056 1740 2110 1794 id

2195 659 2312 723 τοϊς
2355 658 2770 730 εὐσεϐεστέροις
2818 657 2930 712 τῶν
2977 655 3286 728 ἀνθρώπων
3335 653 3794 728 μακαριζομένηο

2197 747 2373 814 οὕτως
2401 748 2750 820 προέφθασεν
2773 743 2934 812 αὖθις
2971 747 3560 821 παλινστροφήσαντας
3589 750 3655 804 ἐκ
3683 748 3798 803 τῶν

2197 833 2439 912 Καθαρὰ
2471 839 2623 913 (10),
2655 840 2755 896 καὶ
2779 840 2920 912 πρὸς
2949 838 3361 911 Θεσσαλονίκην
3389 839 3798 914 ὑπεροριζομέ-

2201 950 2330 998 νους
2356 935 2436 998 είς
2459 931 2783 1005 χειμερινὴν
2805 931 2900 985 καὶ
2926 931 3230 1005 έσπεραίαν
3256 930 3409 1002 ὥραν
3439 935 3499 986 ὲν
3530 932 3798 1006 χωριακῷ

2203 1024 2552 1097 καταλύματι
2578 1066 2594 1092 ,
2645 1023 2796 1094 φόσῳ
2835 1023 3017 1094 πολλῷ
3056 1023 3461 1096 κρυπτοφανῶς
3505 1025 3602 1079 καὶ
3643 1025 3797 1080 ἀδια-

2203 1117 2466 1188 γνώστως
2521 1117 2855 1181 θεάσασθαι,
2905 1117 3003 1172 καὶ
3049 1119 3332 1187 συντυχεῖν
3372 1119 3506 1190 ἡμῖν
3555 1117 3624 1172 δι’
3669 1117 3798 1187 ὅλης

2207 1209 2398 1282 σχεδὸν
2421 1209 2521 1278 τῆς
2553 1209 2749 1274 νυκτός
2768 1226 2780 1241 ·
2813 1207 3154 1279 διαθεμένων
3186 1208 3345 1280 ἡμῶν
3369 1207 3642 1280 διαθήκας
3681 1208 3797 1278 (11)

2205 1301 2307 1366 τὰς
2351 1302 2410 1354 ὲν
2461 1301 2656 1374 Κυρίῳ
2709 1301 2850 1374 πρὸς
2907 1300 3210 1374 ἀλλήλους,
3261 1301 3358 1355 καὶ
3413 1301 3579 1366 εὐθὺς
3628 1300 3798 1355 ἔωθεν

2209 1395 2413 1464 (ὁποῖον
2434 1388 2504 1466 ἦν
2557 1393 2804 1464 ἀλγεινὸν
2835 1395 2934 1450 καὶ
2966 1394 3200 1449 ἐλεεινόν
3229 1395 3270 1465 1)
3316 1393 3606 1464 διαζευγνυ
3616 1393 3800 1466 μένων

2206 1491 2241 1559 η
2251 1488 2368 1560 μῶν
2394 1490 2489 1543 ἀπ’
2525 1489 2773 1561 ἀλλήλων
2794 1529 2810 1552 ,
2844 1489 3108 1560 κάκείνης
3137 1490 3229 1544 τὸν
3276 1490 3675 1562 ωντακτὴριον
3703 1489 3799 1543 λό-

2209 1597 2308 1650 γον
2343 1580 2640 1652 ποιούσης,
2683 1584 2780 1636 καὶ
2813 1581 2891 1646 ὡς
2920 1580 3100 1646 ὲξὸδια
3125 1582 3240 1645 τοῖς
3278 1580 3584 1652 φιλήμασιν
3623 1597 3802 1653 προσ-

2209 1673 2596 1746 επιτιθεμένης
2639 1675 2776 1745 ημῖν
2827 1675 2970 1728 κατὰ
3020 1675 3132 1728 πᾶν
3183 1672 3346 1744 μέλος
3391 1672 3489 1727 τοῦ
3545 1670 3804 1744 σώματος

2213 1765 2353 1838 μετὰ
2381 1765 2703 1836 κλαυθμῶν.
2753 1764 2896 1835 Ἐγὼ
2927 1766 3059 1838 γάρ,
3093 1767 3281 1837 φησὶν,
3308 1766 3456 1837 ἄρτι,
3481 1765 3672 1829 τέκνα,
3712 1763 3802 1818 ἵνα

519 1834 797 1900 negotium
827 1830 1014 1899 fuerit,
1059 1835 1370 1904 conjectare
1408 1835 1554 1890 licet.
1601 1831 1738 1889 Nam
1771 1835 1818 1891 si
1851 1829 2112 1890 amanter

2220 1829 2307 1915 καὶ
2352 1861 2445 1916 τὸν
2493 1829 2838 1914 αὐτόλεκτον
2866 1829 3054 1929 αὐτῆς
3084 1829 3246 1928 λόγον
3269 1829 3448 1924 εἴπω,
3501 1856 3804 1924 ὲξοδιάζειν

519 1919 661 1975 inter
711 1936 772 1976 se
825 1922 1118 1992 copulatis,
1176 1933 1231 1979 et
1276 1939 1406 1980 mox
1465 1923 1777 1980 dissociatis
1828 1923 1915 1989 ﬁt,
1950 1924 2110 1995 juxta

2220 1950 2359 2022 ὑμᾶς
2385 1949 2530 2004 δοκῶ
2552 1949 2666 2022 (12)
2687 1965 2702 1982 ο
2736 1949 2917 2015 ἔξεστι
2947 1919 3320 2021 στοχάσασθαι
3347 1919 3460 2013 τοῖς
3485 1919 3801 2020 ἐχέφροσινο

520 2028 784 2085 magnum
819 2011 1159 2086 Theologum
1193 2015 1545 2086 Gregorium,
1581 2018 1747 2073 unius
1774 2017 2024 2089 corporis
2052 2017 2109 2074 in

518 2105 630 2161 duo
681 2105 964 2174 dissectio,
1003 2119 1060 2164 et
1122 2109 1410 2180 utriusque
1465 2109 1860 2178 mortiﬁcatio;
1912 2110 2007 2168 vel
2061 2110 2111 2167 si

519 2198 688 2254 boum
755 2199 920 2256 simul
993 2200 1397 2267 educatorum,
1447 2201 1740 2273 eidemque
1789 2202 1924 2272 jugo
1975 2200 2110 2258 sub-

522 2291 786 2357 ditorum,
837 2309 945 2348 non
977 2294 1097 2350 sine
1128 2295 1344 2366 lugubri
1392 2296 1601 2367 mugitu
1647 2296 1707 2352 tit
1768 2295 2112 2360 dissociatio,

521 2387 766 2457 separari
797 2403 908 2444 non
937 2388 1301 2459 patientium;
1337 2389 1492 2460 quid,
1534 2390 1696 2460 quale
1734 2397 2116 2461 quantumque

522 2474 576 2528 in
603 2490 662 2530 re
692 2477 946 2545 praesenti
977 2477 1278 2548 contigisse
1301 2477 1668 2532 concedemus
1691 2477 1715 2531 ?
1749 2475 1896 2533 Sane
1921 2478 2118 2533 utrim-

519 2577 650 2633 que,
693 2563 764 2619 ob
802 2563 896 2619 Dei
927 2565 1218 2630 timorem,
1269 2565 1480 2620 doloris
1530 2564 1886 2620 acerbitatem
1941 2565 2116 2636 repri-

524 2651 810 2708 mebamus
848 2669 861 2706 :
893 2653 986 2708 sed
1035 2651 1087 2707 id
1123 2651 1344 2723 quidem
1374 2653 1538 2722 quale
1563 2664 1946 2725 quantumque
1981 2653 2115 2720 fuit,

523 2741 958 2812 magnanimitati
983 2742 1105 2812 ejus
1133 2741 1467 2798 ascribatur.

597 2982 686 3036 10.
735 2980 906 3038 Porro
965 2980 1034 3035 ad
1073 2995 1162 3038 res
1199 2989 1408 3038 vestras
1458 2979 1606 3051 quod
1645 2981 1860 3047 attinet,
1893 2977 2118 3046 fratres,

2211 2043 2261 2096 sl
2285 2042 2396 2114 γὰρ
2421 2043 2515 2096 ἐπὶ
2537 2043 2650 2106 τοῖς
2678 2041 3070 2113 συγκραθεῖσιν
3087 2040 3454 2111 άγαπητικῶς
3473 2041 3612 2113 πρὸς
3635 2040 3807 2111 ἀλλή-

2210 2133 2338 2198 λους
2360 2134 2458 2188 καὶ
2487 2133 2855 2205 διισταμένοις
2883 2131 3118 2203 γίνεται,
3150 2131 3295 2187 κατὰ
3333 2131 3430 2187 τὸν
3466 2134 3644 2203 μέγαν
3672 2131 3809 2184 θεο-

2212 2225 2370 2296 λόγον
2384 2226 2684 2299 Γρηγόριον
2704 2266 2720 2292 ,
2773 2224 2968 2296 ὥσπερ
2999 2223 3121 2289 ἑνὸς
3153 2223 3412 2296 σώματος
3441 2225 3524 2289 είς
3536 2224 3632 2278 δύο
3660 2225 3810 2296 τομὴ

2214 2318 2312 2372 καὶ
2337 2317 2668 2388 ἀμφοτέρων
2696 2317 2966 2390 νέκρωσις
2988 2359 3002 2380 ,
3042 2317 3076 2388 ἢ
3110 2316 3330 2388 μόσχων
3357 2316 3685 2388 συντρόφων
3711 2316 3811 2369 καὶ

2214 2409 2502 2482 ὁμοζὺγων
2553 2409 2828 2478 διάζευξις
2872 2408 3086 2482 γοερῶς
3121 2409 3466 2480 μυκωμένων
3508 2409 3599 2461 ἐπ’
3639 2408 3814 2479 άλλη-

2214 2503 2331 2568 λοις
2355 2502 2539 2558 καὶού
2575 2503 2852 2574 φερόντων
2881 2504 2984 2572 τὴν
3009 2501 3404 2573 ἀλλοτρίωσιν
3428 2501 3482 2554 τί
3510 2501 3606 2554 καὶ
3639 2499 3814 2555 πόσον

2216 2599 2313 2653 καὶ
2340 2596 2529 2670 ἡλίκον
2559 2595 2785 2667 δοίημεν
2809 2597 2902 2649 ἐπὶ
2935 2595 3032 2650 τοῦ
3067 2595 3369 2667 παρόντος;
3409 2594 3507 2648 καὶ
3535 2609 3816 2664 κατεκρα-

2215 2689 2422 2760 τοῦμεν
2452 2687 2754 2759 ἀμφότεροι
2777 2687 3036 2760 φοὸοθεῒᾳ
3051 2687 3154 2758 τῆς
3185 2685 3616 2758 δριμυπαθείας.
3643 2684 3815 2738 Ἀλλὰ

2218 2779 2380 2836 τοῦτο
2416 2779 2516 2850 μὲν
2546 2778 2612 2850 δὴ
2638 2777 2882 2832 τοιοῦτον
2912 2778 3008 2832 καὶ
3037 2775 3360 2850 τηλικοῦτον
3389 2776 3472 2843 δν,
3507 2777 3609 2849 τῆς
3636 2792 3816 2848 μεγα-

2217 2871 2485 2944 λοψυχίας
2507 2871 2682 2943 αὐτῆς
2707 2869 2982 2942 τιμάσθω.

2293 2971 2347 3020 ι’.
2387 2965 2462 3019 Τὸ
2492 2963 2550 3018 δὲ
2585 2964 2878 3035 ὑμέτερον,
2907 2961 3149 3028 ἀδελφοὶ,
3182 2961 3339 3016 αὐτοὶ
3368 2959 3818 3032 ὲξηγήσασθε,οί

525 3072 629 3144 ipsi
667 3089 766 3130 vos
799 3075 1090 3137 narrastis,
1117 3073 1210 3144 qui
1240 3073 1600 3128 beneﬁcentia
1629 3072 1778 3129 fruiti
1815 3073 1972 3137 estis,
2010 3086 2116 3141 quo

2222 3057 2448 3129 καὶτῆς
2486 3054 2812 3128 εὐεργεσίας
2844 3053 3279 3120 ἀπολαύσαντες,
3314 3053 3391 3118 ὡς
3428 3052 3820 3125 συμϐέϐληκεν

528 3174 770 3234 tempore
800 3179 898 3218 vos
926 3163 1147 3234 collegit
1190 3163 1257 3219 ad
1298 3179 1401 3218 nos
1435 3164 1657 3219 veniens
1681 3203 1696 3227 ,
1726 3173 1779 3218 et
1812 3177 1911 3218 ceu
1943 3164 2116 3233 pullos

2225 3151 2370 3222 ὑμᾶς
2427 3146 2761 3220 ὲξερχομένη
2817 3147 2956 3218 πρὸς
3017 3149 3202 3219 ἡμᾶς,
3255 3145 3514 3217 καθάπερ
3561 3145 3816 3208 νεοττοὺς

527 3253 657 3308 nido
683 3269 968 3320 excussos,
1015 3257 1068 3311 in
1109 3271 1272 3311 suum
1329 3255 1632 3311 claustrum
1664 3257 1885 3326 recepit.
1923 3253 2116 3311 Deinde

2227 3243 2554 3317 ἐκριφέντας
2583 3245 2649 3297 ὲκ
2679 3242 2896 3307 καλιᾶς,
2935 3243 3017 3303 είς
3047 3241 3110 3295 τὸ
3143 3241 3344 3294 οἰκεῖον
3369 3237 3819 3310 φροντιστήριον

527 3358 746 3399 reversa
781 3345 1029 3416 singulos
1053 3346 1336 3402 consolata
1366 3357 1470 3416 est,
1499 3349 1566 3403 ad
1607 3349 1798 3404 urbem
1831 3361 1890 3404 se
1933 3345 2125 3404 conle-

531 3450 660 3492 rens
687 3454 704 3504 ;
735 3437 970 3509 illucque
999 3448 1276 3510 utcunque
1301 3439 1642 3506 intromissa,
1689 3439 2122 3512 ingemiscenda,

531 3529 762 3593 orando,
801 3536 858 3584 et
885 3529 1033 3586 hunc
1063 3530 1331 3602 hospitem
1369 3532 1712 3603 excipiendo,
1765 3533 1934 3590 alium
1963 3533 2126 3590 robo-

533 3621 728 3688 raudo,
763 3621 931 3676 alium
968 3625 1362 3691 sustentando,
1426 3625 1593 3680 alium
1637 3625 1997 3684 subducendo
2031 3637 2128 3685 :ct

534 3726 686 3767 more
718 3713 908 3782 optimi
963 3715 1240 3771 oeconomi
1273 3725 1324 3772 et
1365 3717 1667 3772 secundum
1716 3719 1888 3774 Deum
1935 3721 2126 3790 praesi-

533 3805 713 3859 dentis
738 3847 753 3868 ,
789 3806 986 3874 partim
1036 3807 1214 3874 alens,
1240 3808 1438 3879 partim
1477 3811 1914 3876 administrans,
1971 3815 2117 3868 velut

501 3937 505 3942 -
534 3913 673 3954 nova
700 3896 910 3953 Natalia
930 3937 946 3965 ,
979 3907 1035 3954 et
1067 3898 1332 3956 Priscilla
1382 3902 1600 3958 aemula.
1629 3902 1826 3959 Testes
1874 3919 1994 3970 vos,
2029 3904 2126 3959 be-

535 3990 728 4046 netlcia
755 3992 985 4063 experti,
1023 3991 1119 4061 qui
1171 4001 1227 4048 et
1272 3993 1457 4065 lingua
1502 3995 1918 4051 commoditates
1966 4009 2126 4051 acce-

535 4091 658 4153 ptas
719 4081 967 4138 fatemini
1021 4099 1086 4139 ac
1122 4084 1431 4142 celebratis.
1481 4085 1638 4142 'l‘unc
1687 4095 1817 4142 vero
1855 4086 2126 4144 mirabilis

536 4175 649 4228 haec
684 4172 884 4229 femina
929 4183 1261 4242 postremam
1315 4191 1539 4246 quoque
1566 4176 1958 4234 beatitudinem
1991 4192 2126 4233 con-

533 4263 687 4331 sequi
735 4264 897 4333 digna
938 4263 1062 4330 fuit,
1117 4265 1387 4322 conviciis
1419 4267 1678 4322 nimirum
1725 4283 1756 4322 a
1794 4267 2122 4338 quibusdam

533 4355 748 4418 aﬂ'ccta,
787 4371 1026 4425 quorum
1055 4357 1277 4412 nomina
1305 4366 1502 4428 sponte
1541 4359 1749 4414 reticeo
1786 4369 1884 4426 ;et
1932 4375 2124 4430 perse-

535 4448 814 4504 cutionem
869 4456 1091 4518 propter
1143 4448 1416 4518 justitiam
1465 4464 1626 4520 passa
1677 4465 1745 4506 ac
1808 4451 2118 4506 veritatem.

539 4540 825 4612 llesponde
849 4551 906 4596 tu
935 4541 1140 4608 mihi,o
1165 4542 1350 4610 Pater,
1365 4545 1496 4614 quid
1522 4559 1621 4615 pro
1645 4553 1698 4600 te
1725 4546 1934 4600 carceri
1965 4562 2125 4601 man-

2226 3338 2421 3392 έπειτα
2437 3334 2830 3408 ὑποστρέψασαι
2855 3333 3110 3405 καθάπερ
3129 3333 3359 3387 ἕκαστον
3383 3329 3820 3402 παρηγορήσατο

2224 3430 2364 3503 πρὸς
2415 3428 2484 3482 τά
2530 3429 2591 3481 ὲν
2640 3427 2796 3483 ἄστει
2846 3423 3226 3496 πορευομένη·
3277 3423 3504 3476 κάκεῖσε
3554 3418 3818 3482 ποδαπῶς

2227 3519 2547 3576 εἰσελθοῦσα
2591 3518 2986 3593 περιέτρυζεν,
3020 3515 3327 3586 ἠντιϐόλει,
3376 3514 3472 3568 τὸν
3504 3513 3605 3586 μὲν
3644 3528 3821 3583 προσ-

2225 3611 2516 3684 δεχομένη,
2546 3610 2638 3664 τδν
2670 3609 2728 3664 δὲ
2755 3608 3157 3678 ὑπαλείφουσα,
3179 3605 3272 3660 τὸν
3299 3605 3359 3660 δὲ
3388 3603 3694 3676 ἐρείδουσα,
3721 3600 3820 3655 τὸν

2225 3705 2283 3760 δὲ
2309 3703 2692 3773 ὑπεξάγουσαο
2739 3701 2835 3756 καὶ
2882 3699 2979 3765 οὓς
3017 3699 3117 3771 μὲν
3165 3695 3578 3770 τροφευομένη,
3629 3692 3726 3756 οὓς
3757 3691 3820 3747 δὲ

2226 3799 2610 3870 διοικουμένη,
2635 3795 2712 3862 ὡς
2739 3797 2805 3852 ἄν
2832 3813 2916 3860 τις
2950 3794 3176 3866 ἄριστος
3222 3791 3507 3862 οἰκονόμος
3538 3787 3638 3843 καὶ
3674 3787 3822 3841 κατά

2225 3891 2360 3947 Θεὸν
2395 3891 2732 3964 προστάτης,
2755 3889 2788 3958 η
2814 3888 2984 3952 ὅντως
3006 3885 3103 3940 νέα
3131 3883 3401 3946 Νατάλια,
3428 3881 3524 3936 καὶ
3553 3878 3820 3950 Πρισκίλ-

2225 3984 2327 4054 λης
2362 3982 2474 4056 (15)
2504 3981 2808 4053 ὁμόζηλοςο
2859 3978 2958 4034 καὶ
2995 3977 3277 4051 μάρτυρες
3308 3976 3491 4046 ὑμεῖς.
3541 3973 3591 4027 oi
3617 3967 3680 4027 εὖ
3712 3987 3822 4025 πα-

2229 4077 2415 4140 θόντες
2433 4115 2448 4139 ,
2477 4075 2573 4128 καὶ
2599 4073 2691 4127 διὰ
2731 4071 2987 4141 γλώσσης
3014 4070 3078 4125 τδ
3106 4067 3535 4139 εὐσυμπάθητον
3567 4064 3820 4137 φερόμε-

2227 4185 2319 4224 νον
2359 4167 2578 4239 ἔχοντες
2626 4165 2720 4220 καὶ
2743 4161 3195 4235 θαυμαζόμενον.
3248 4157 3485 4230 Ἦξιώθη
3522 4153 3822 4227 τοιγαροῦν

2226 4259 2532 4334 τηνικαῦτα
2565 4259 2600 4331 ή
2631 4257 2913 4328 θαυμασία
2948 4255 3042 4311 καὶ
3075 4252 3171 4308 τοῦ
3223 4249 3536 4306 τελευταίου
3574 4265 3822 4334 μακαρι-

2227 4333 2368 4426 σμοῦ
2395 4352 2859 4422 ἐπιτυγχάνουσα,
2889 4345 3266 4418 ὀνειδιζομένη
3297 4345 3403 4398 ὑπό
3427 4360 3614 4403 τινων,
3644 4333 3723 4396 ὧν
3747 4339 3820 4393 τά

2225 4448 2468 4519 ὀνόματα
2501 4444 2644 4500 ἑκὼν
2676 4443 3094 4516 ὑπερϐήσομαν
3133 4439 3230 4493 καὶ
3277 4437 3462 4508 μέντοι
3505 4431 3820 4504 διωκομένη

2224 4542 2412 4596 ἕνεκεν
2437 4537 2783 4608 δικαιοσύνης
2815 4537 2909 4590 καὶ
2937 4533 3221 4606 ἀληθείας.
3251 4530 3550 4602 Ἀπόκρινέ
3591 4544 3683 4598 μοι
3726 4526 3825 4580 καὶ

535 4635 716 4707 eipato
745 4635 1147 4707 patientissima
1177 4637 1293 4693 haec
1320 4638 1670 4706 sustinuerit,
1727 4654 1851 4694 cum
1899 4653 2116 4694 accusa-

2229 4633 2415 4699 αὐτὸς,
2442 4625 2488 4687 ὦ
2516 4632 2722 4703 Πάτερ,
2755 4629 2783 4684 ὃ
2809 4646 2862 4682 τι
2894 4629 2989 4682 καὶ
3024 4625 3236 4696 ὑπέστη
3269 4622 3360 4677 διὰ
3406 4622 3468 4675 σὲ
3517 4633 3823 4690 πεφρουρι-

537 4725 699 4790 reris,
729 4741 853 4780 cum
893 4725 1126 4797 quaestio
1155 4724 1225 4783 de
1275 4740 1328 4783 te
1366 4729 1523 4784 tieret
1549 4769 1565 4794 ,
1606 4739 1884 4800 postremo
1937 4729 2011 4785 ob
2043 4729 2122 4786 rei

539 4818 862 4874 necessaria:
911 4819 1397 4875 ministrationem.
1451 4818 1552 4876 Dic
1611 4824 1826 4892 tyranni
1880 4821 2123 4891 rapinas,

539 4909 749 4977 minas,
775 4911 1230 4967 exanimationes.
1258 4911 1453 4968 Nonne
1477 4912 1594 4984 ipsa
1642 4913 1790 4969 socia
1824 4911 1917 4968 tibi
1967 4912 2125 4969 dolo-

540 5015 656 5055 rum
692 5001 912 5072 tri-ginta
935 5004 1129 5060 diebus
1161 5002 1266 5059 fuit
1309 5005 1365 5060 in
1407 5006 1654 5062 custodia
1694 5005 1935 5066 detenta.
1997 5020 2126 5060 cum

537 5102 774 5161 quatuor
801 5107 1053 5149 asceseos
1085 5096 1458 5162 consortibus,
1507 5105 1562 5152 et
1598 5096 1818 5167 quidem
1857 5111 1954 5166 per
2001 5110 2126 5151 car-

537 5196 690 5237 ceres
724 5182 1033 5241 distributis
1059 5186 1083 5239 ?
1105 5187 1288 5258 Ibique
1317 5191 1512 5245 omitto
1539 5188 1722 5245 dicere
1757 5197 1962 5258 quanta
2003 5185 2124 5242 fue-

613 5293 724 5364 (10)
740 5289 872 5349 Post
891 5295 1326 5364 verberationem
1352 5299 1555 5354 missus
1582 5297 1679 5352 fuit
1710 5313 1742 5353 a
1763 5296 2127 5353 Constantino

539 5365 672 5433 imp.
706 5363 882 5420 exsul
943 5363 1402 5424 Thessalonicam”
1447 5365 1773 5424 Theodorus
1824 5382 1948 5421 cum
2001 5367 2126 5422 aliis

541 5435 855 5508 monachis,
885 5438 1045 5504 cujus
1073 5438 1287 5494 itineris
1314 5440 1492 5508 prima
1523 5439 1741 5494 mansio
1769 5439 1992 5508 fuerunt
2021 5437 2126 5492 Ca-

541 5507 720 5571 thara,
749 5517 807 5560 ut
833 5507 1064 5578 ipsemet
1093 5506 1512 5578 scripsit‘Epist.
1547 5510 1643 5564 tib.
1677 5524 1716 5570 ι.
1760 5510 1816 5565 ὃ.
1847 5506 1980 5563 Loci
2014 5508 2122 5564 Ca-

533 5578 927 5650 utarsrmentio
956 5576 1016 5632 ﬁt
1045 5576 1334 5634 etiam'lih.
1368 5576 1434 5644 ιι,
1461 5580 1621 5650 epist.
1654 5579 1742 5634 l2.

613 5649 727 5719 (Η)
776 5645 1109 5721 Theoctisue
1161 5666 1288 5704 cum
1353 5645 1522 5706 fratre
1566 5651 1855 5721 deportato
1899 5661 2123 5721 nocturn

543 5734 673 5841 mnu
710 5717 1061 5845 colligatum)
1121 5725 1511 5793 cOguoscimus
1559 5717 1724 5778 etiam
1773 5737 1840 5777 ex
1887 5719 2047 5791 epist.
2078 5720 2112 5775 5

562 5805 635 5844 ιι.
669 5804 708 5845 ι.
739 5805 792 5845 o.
942 5831 955 5844 .

562 5791 635 5844 th.
669 5804 708 5851 I,
739 5805 792 5858 p.
832 5791 955 5845 184.

613 5858 725 5928 (12)
745 5931 748 5933 Α
766 5859 985 5915 Piorum
1009 5860 1320 5930 hujusmodi
1347 5872 1822 5933 testamentorum,
1851 5863 2116 5921 habemus

545 5931 854 6000 exemplum
885 5933 1030 6001 apud
1068 5936 1248 6006 ipsum
1289 5937 1558 5993 Studitatn
1589 5935 1758 6007 infra.

2234 4727 2438 4801 σμένου
2472 4743 2567 4779 σου
2601 4723 2766 4778 ἕνεκα
2795 4723 2830 4794 ἡ
2864 4717 3189 4784 πολύαθλος,
3224 4719 3281 4770 ὲν
3311 4717 3380 4786 τῇ
3409 4711 3732 4801 συζητήσει,
3765 4711 3825 4801 ὲν

2230 4797 2300 4889 τῇ
2347 4813 2590 4886 φροντίδι
2615 4809 2725 4864 τῶν
2762 4808 3109 4879 ἀναγκαίωνο
3135 4805 3261 4876 λέγε
3294 4803 3396 4873 τὴν
3426 4800 3687 4874 ἁρπαγὴν
3723 4797 3823 4851 τοῦ

2233 4907 2587 4980 κρατοῦντος,
2613 4905 2714 4976 τὴν
2743 4901 2996 4972 ἀπειλὴν,
3039 4898 3140 4970 τὴν
3170 4897 3455 4952 άνέτασιν’
3491 4893 3614 4964 οὐχὶ
3646 4890 3825 4964 καύτὴ

2236 4997 2622 5072 συμπέπονθέν
2655 4989 3264 5068 σοιλτριακονθὴμερον
3285 4988 3515 5060 μείνασα
3545 4997 3825 5057 φρουρου-

2236 5091 2374 5164 μένη
2403 5085 2510 5145 ὑπὸ
2537 5085 2816 5159 τεττάρων
2843 5083 2954 5139 τῶν
3004 5079 3490 5152 συνασκουμένων,
3517 5078 3615 5132 καὶ
3644 5076 3822 5131 ταῦτα

2228 5185 2581 5258 διῃρημένων
2604 5184 2728 5246 ταῖς
2757 5179 3037 5251 εἱρκταῖς;
3065 5177 3225 5232 κάκεϊ
3252 5171 3327 5228 ὲῶ
3360 5174 3542 5243 λέγειν
3584 5172 3688 5226 ὅσα
3714 5171 3824 5224 ὑπὸ

2303 5294 2872 5370 (15),Ρινίειεὶιιξ-ιιοιξιΔ
2908 5300 3003 5370 est_
3026 5290 3236 5370 εις-ῥοῦ.
3257 5297 3440 5370 apost.
3473 5295 3629 5370 etes
3659 5282 3820 5370 Pauli

2229 5353 2496 5440 epistolis.
2543 5367 2651 5440 l)e_
2696 5363 2934 5440 Natalia~
2961 5363 3041 5418 sic
3087 5353 3360 5440 Ba_r_oui'us
3392 5361 3447 5412 in
3495 5353 3826 5440 Martyrolo:

2229 5426 2338 5511 εἷο,
2376 5441 2398 5494 1
2441 5436 2776 5511 Decembriis
2805 5452 2820 5490 :
2852 5454 2870 5486 ι
2902 5433 3120 5511 sanetae
3154 5429 3418 5511 t‘iatalite,
3451 5427 3640 5511 uxo‘rti‘s
3674 5426 3822 5511 beati

2227 5494 2454 5565 ﬁdi-iani
2478 5509 2876 5580 martyrisqute
2897 5505 3001 5560 sub
3019 5502 3358 5580 Diocletiano
3382 5494 3513 5580 imp.
3534 5494 3639 5580 S_S.
3671 5509 3826 5580 mar-

2229 5583 2442 5653 tyribus
2473 5567 2804 5653 Nicmnedia'e
2830 5577 2886 5653 in
2925 5588 3148 5653 carcere
3191 5573 3427 5627 detentis
3460 5567 3827 5653 inultoutem-

2227 5645 2364 5723 pore
2432 5648 2798 5723 ministravit;
2855 5645 3426 5723 impletoqueeoruut
3477 5645 3824 5723 certamine,

2235 5711 3064 5789 'tloustantinopolimprofecta,
3100 5711 3323 5789 ibidem
3368 5712 3420 5764 in
3468 5723 3616 5789 pace
3655 5711 3821 5788 quic-

2230 5795 2332 5848 vit.
2367 5813 2386 5846 ι
2425 5778 2635 5848 Videsis
2667 5778 2878 5861 reliqua
2920 5787 2988 5844 de
3030 5798 3096 5841 ea
3142 5778 3486 5839 documenta
3513 5795 3542 5832 a
3574 5778 3822 5833 Barouio

2224 5865 2428 5922 citatas
