4064 6372
241 280 343 343 897

792 282 1080 345 ORATIO
1111 287 1285 347 ΧΙΠ.
1322 315 1389 324 -
1430 288 1817 351 LAUDATIO
1848 286 2237 351 FUNEBRIS
2282 286 2364 348 IN
2418 286 2739 347 MATREM
2777 287 3006 349 SUAM.

3413 291 3521 353 898

240 391 347 444 τῶν
375 389 633 444 δουλίδων
650 386 747 442 τοῦ
776 392 1062 462 φρουρέως
1095 392 1326 466 ὑπέστη,
1351 395 1447 449 καὶ
1477 396 1578 448 ὃσα
1608 396 1823 451 ἐταλαι-

1931 396 1996 450 rit
2050 409 2211 465 passa
2267 409 2298 448 a
2342 393 2590 449 custodis
2617 393 2870 457 ancillis,
2928 404 3133 463 quanra
3170 394 3225 448 in
3265 399 3518 466 angustia

240 482 472 554 πωρήθη
505 480 648 536 κατὰ
692 481 794 553 τὴν
841 482 943 553 τῆς
997 483 1143 553 ζωῆς
1185 483 1475 557 ἀφορμὴν,
1526 485 1624 541 καὶ
1658 486 1825 557 ἄρτον

237 574 435 645 ὀδύνης
464 574 727 630 ισθίουσα
759 575 857 628 καὶ
885 575 1041 646 πόμα
1072 576 1307 643 θλίψεως
1337 579 1570 633 πίνουσα
1589 595 1605 612 ’
1640 582 1738 634 καὶ⁵
1760 580 1820 633 ού

237 669 329 722 τοῦ
359 668 627 739 παρόντος
671 668 868 740 καιροῦ
899 668 969 722 τὰ
1019 669 1272 741 τηνικάδε
1305 672 1688 743 τετολμημένα
1730 672 1824 725 καὶ¹

237 762 585 831 γεγενημένα
621 759 1034 831 διασημαίνεινο
1083 760 1224 815 ἀλλά
1271 763 1666 836 συγχωρείσθω
1709 766 1825 828 τοῖς

238 852 580 921 δεδρακόσιν,
626 851 657 905 δ
682 869 738 905 τι
782 854 879 907 καὶ
917 853 1299 925 πεπράκασινο
1331 854 1475 910 οὕτω
1501 857 1612 930 γὰρ
1649 858 1823 912 εἰπεῖν

240 942 647 1015 ἁρμοδιώτερον
668 984 684 1010 ,
714 946 764 998 εί
799 946 893 998 καὶ
926 944 1197 1016 κρίμασιν
1239 940 1322 1011 οἷς
1353 949 1751 1021 παρεχώρησεν
1788 948 1822 1021 ἢ

241 1037 620 1109 ᾠκονόμησεν,
663 1036 753 1090 ἱνα
782 1036 1128 1107 ἔγκόπτηται
1155 1038 1327 1093 κακία
1345 1081 1361 1107 ,
1390 1040 1486 1094 καὶ
1515 1040 1589 1112 μὴ
1618 1041 1698 1105 είς
1729 1040 1825 1095 νό-

246 1146 348 1201 μον
393 1128 618 1199 ἔρχεται
660 1128 721 1183 τὸ
753 1129 1272 1201 παρανομούμενον,
1302 1132 1438 1196 Θεὸς
1465 1133 1556 1187 τὸν
1584 1133 1826 1203 διωγμὸν

240 1222 611 1276 ἀνεκαλέσατο
627 1237 643 1254 ⁶
678 1222 776 1277 καὶ
800 1222 910 1295 γὰρ
931 1224 1283 1294 ὲπανήκομεν
1302 1225 1350 1279 οι
1375 1226 1827 1298 ὑπερορισθέντες

241 1316 341 1371 καὶ
385 1315 900 1386 διασκορπισθέντες
932 1316 1012 1381 είς
1054 1316 1284 1381 ταυτὸν,
1334 1315 1411 1382 ώς
1460 1318 1595 1381 ῐστε,
1645 1318 1827 1382 δεξιᾶς

242 1407 503 1478 τυχόντες
525 1407 626 1478 τῆς
662 1407 1070 1471 ἑπανελεύσεως
1104 1408 1258 1477 παρά
1283 1408 1382 1480 τῆς
1412 1409 1742 1480 κρατούσης.

314 1552 406 1599 ια’.
460 1545 622 1598 Ἀλλά
656 1544 704 1597 τί
737 1543 818 1598 ἔτι
857 1547 924 1617 τῇ
966 1545 1273 1618 θεοτιμήτῳ
1329 1546 1499 1617 μητρὶ
1531 1546 1668 1618 πρὸς
1713 1563 1828 1610 τοις

241 1637 558 1708 εἰρημένοις
589 1637 983 1708 προσθείημεν,
1015 1639 1111 1692 καὶ
1142 1637 1195 1692 τί
1223 1638 1696 1709 προσερεισόμεθα
1724 1637 1826 1709 ἁρ-

240 1727 604 1799 μοδιώτερονῇ
626 1723 696 1780 Ὦ
721 1727 976 1800 δακρύων
1000 1728 1201 1800 ὀχετοὶ,
1226 1729 1343 1782 ὅσοι
1378 1730 1441 1783 ὲκ
1467 1728 1577 1782 τῶν
1606 1728 1826 1798 ἐκείνης

236 1819 541 1891 ὀφθαλμῶν
568 1821 781 1886 ἀενάοις
802 1819 1131 1893 προεχέοντο
1153 1821 1243 1876 διὰ
1270 1822 1363 1876 τὸν
1392 1822 1583 1895 ἄνδρα,
1601 1823 1689 1876 διὰ
1713 1822 1822 1876 τῶν

236 1912 451 1966 παίδων
480 1912 572 1966 τὸν
605 1912 1021 1986 σφαλερώτερον
1052 1915 1192 1985 (14),
1224 1913 1316 1968 διὰ
1346 1915 1407 1969 τὸ
1442 1913 1823 1986 ποίμνιον,δώ

236 2002 370 2066 τοὺς
391 2002 820 2069 ὀλισθαίνοντας,
839 2004 927 2057 διὰ
951 2005 1041 2059 τὸν
1069 2004 1192 2059 καθ’
1223 2004 1455 2059 ἕκαστον
1483 2006 1819 2077 στηριγμόνί

236 2090 433 2162 ἐπειδὴ
461 2091 539 2155 ώς
574 2093 760 2164 μήτηρ
806 2094 1157 2166 πνευματικὴ
1197 2095 1259 2149 τὸ
1293 2096 1463 2150 ἐλεεῖν
1511 2091 1692 2169 εἶχεν·
1731 2097 1826 2152 καὶ

233 2184 314 2248 ώς
336 2183 542 2256 ἀδελφὴ
565 2185 706 2256 ὑπὲρ
729 2185 975 2257 ἀδελφῶν
997 2188 1140 2242 κατὰ
1162 2188 1369 2261 Κύριον
1390 2189 1477 2242 ἀεὶ
1497 2186 1822 2260 ἠγωνίζετο,

235 2276 346 2332 κᾶν
405 2278 469 2331 οὐ
530 2278 884 2349 συνῳκίζετο.
941 2279 1007 2332 Ὠ
1081 2279 1261 2352 ψυχῆς
1320 2280 1667 2352 οίκτίρμονος
1730 2281 1827 2336 καὶ

234 2370 536 2441 ὲλεήμονος
587 2369 860 2433 ἐπίδοσιςὶ
912 2372 1007 2426 καὶ
1050 2366 1096 2426 ῶ
1143 2372 1472 2443 σπλάγχνων
1517 2370 1827 2443 συμπαθῶν

235 2460 502 2524 κένωσις,
552 2459 614 2513 οὐ
663 2459 938 2532 φερόντων
988 2460 1085 2532 τὴν
1135 2460 1249 2515 τῶν
1300 2460 1639 2533 προσιόντων
1700 2460 1826 2516 στέ-

236 2554 448 2607 νωσινι
522 2553 660 2607 ὥστε
721 2553 815 2606 καὶ
867 2552 1086 2609 δέεσθαι
1134 2554 1307 2624 αὐτὴν
1354 2554 1497 2626 ὑπὲρ
1554 2553 1666 2609 τῶν
1711 2554 1829 2610 δεο-

238 2643 443 2716 μένων,
478 2646 573 2699 καὶ
603 2642 945 2709 δανείζεσθαι
972 2645 1111 2717 ὑπὲρ
1143 2644 1241 2699 τοῦ
1300 2644 1528 2700 δανείων
1581 2645 1828 2700 ἀπαλλά-

237 2736 369 2803 ξαι·
398 2736 497 2791 καὶ
548 2738 761 2808 χαίρειν
818 2738 913 2791 καὶ
954 2738 1152 2808 ἑαυτὴν
1209 2737 1476 2810 πρίασθαι
1523 2738 1665 2810 ὑπὲρ
1726 2738 1829 2809 τῆς

237 2831 447 2901 ἑτέρων
478 2828 936 2902 ἀπολυτρώσεως,
955 2829 1538 2901 τραπεζοποιουμένην
1567 2829 1637 2885 αὖ
1676 2830 1829 2884 πλει-

237 2923 437 2985 στάκις
462 2923 911 2993 χριστομιμήτως
940 2960 959 2987 ,
993 2922 1090 2977 καὶ
1122 2922 1222 2986 τὰς
1252 2920 1554 2992 πενομένας
1617 2937 1825 2990 συγκα-

235 3014 335 3067 λου
346 3015 535 3086 μένην,
564 3014 659 3069 καὶ
682 3016 802 3078 ταῖς
836 3014 995 3077 ἰδίαις
1040 3014 1230 3085 χερσὶν
1263 3012 1667 3085 ὑπηρετοῦσαν,
1694 3012 1828 3066 διότι

1931 488 2095 542 fuerit
2123 489 2271 557 quod
2310 487 2506 541 attinet
2546 485 2613 541 ad
2646 485 2769 540 vitae
2807 486 3288 553 sustentationem,
3320 503 3516 558 panem

1926 578 2135 633 doloris
2189 577 2505 643 comedens,
2553 584 2609 631 et
2644 576 2871 632 calicem
2902 575 3096 632 bibens
3127 577 3516 634 tribulationis.

1928 669 2034 724 Sed
2065 684 2173 724 non
2203 680 2289 725 est
2328 668 2490 739 hujus
2525 669 2789 738 temporis
2818 667 3003 724 omnia
3058 684 3182 739 quae
3215 679 3345 724 tunc
3384 685 3517 725 ausa

1926 770 1980 817 et
2006 770 2124 816 acta
2167 759 2391 816 fuerunt
2438 760 2769 833 significare.
2831 759 3190 829 Ignoscamus
3248 762 3515 815 malorum

1927 856 2246 911 auctoribus
2276 854 2541 926 quidquid
2572 862 2821 925 egerunt.
2860 852 2953 908 Sic
2995 855 3141 910 enim
3170 854 3351 910 dicere
3382 869 3518 909 con-

1929 948 2245 1003 venientius
2278 956 2404 1016 est;
2437 947 2886 1017 quandoquidem
2926 945 3150 1017 judiciis
3223 946 3341 1002 suis
3392 961 3520 1017 per-

1928 1039 2211 1096 missionis
2250 1047 2345 1094 aut
2401 1038 2776 1110 providentiae,
2814 1047 2873 1092 ut
2924 1038 3129 1093 malum
3166 1038 3522 1108 abrumpere-

1930 1142 2039 1198 tur,
2070 1143 2125 1187 et
2153 1147 2223 1187 ne
2251 1132 2335 1186 lex
2359 1130 2511 1185 fleret
2538 1131 2685 1201 quod
2707 1138 2827 1185 erat
2858 1129 3224 1201 illegitimum,
3260 1145 3518 1199 persecu-

1929 1228 2134 1281 tionem
2172 1226 2317 1280 Deus
2350 1223 2606 1280 sedavit:
2647 1240 2777 1278 nam
2810 1231 2864 1278 et
2915 1223 3158 1286 exsules,
3201 1221 3402 1279 reversi
3425 1237 3519 1277 su-

1929 1334 2092 1385 mus;
2124 1325 2178 1372 et
2218 1316 2481 1387 dispersi,
2524 1314 2709 1370 denuo
2756 1315 3152 1380 convenimus;
3182 1312 3416 1376 felicem,
3459 1322 3520 1367 ut

1929 1410 2100 1471 scitis.
2139 1407 2373 1464 reditum
2403 1409 2503 1462 abs
2569 1415 2828 1476 regnante
2860 1404 3091 1459 Domina
3148 1405 3443 1459 consecuti.

1998 1546 2089 1602 11.
2115 1546 2230 1617 Age
2255 1560 2385 1600 vero
2410 1544 2535 1616 quid
2593 1544 2777 1599 adhuc
2827 1543 3149 1597 veneranda:
3181 1541 3372 1597 matris
3399 1541 3517 1595 lau-

1929 1640 2091 1695 dibus
2124 1639 2410 1705 addemus,
2441 1645 2535 1691 aut
2555 1637 2687 1707 quid
2712 1634 3129 1690 convenientius
3171 1632 3519 1687 attexcmus?

1858 1765 1899 1821 Β
1927 1733 1973 1790 0
2006 1734 2370 1803 lacrymarum
2398 1730 2580 1796 rivuli,
2605 1737 2875 1799 quotquot
2890 1742 2954 1780 ex
2983 1728 3103 1795 ejus
3117 1726 3290 1779 oculis
3313 1741 3519 1794 peren—

1927 1824 2068 1880 niter
2133 1824 2439 1888 ﬂuxerunt,
2504 1828 2726 1891 propter
2768 1819 2970 1881 virum,
3023 1824 3243 1886 prepter
3291 1830 3520 1869 unume

1928 1916 2055 1973 filiis
2097 1915 2309 1971 lubrico
2351 1913 2527 1984 magis
2587 1911 2916 1976 obnoxium,
2967 1918 3191 1980 propter
3258 1907 3522 1962 Ecclesia:

1926 2022 2167 2079 gregem,
2198 2014 2417 2077 propter
2449 2005 2633 2076 lapsos
2667 2044 2684 2070 ,
2709 2004 2839 2059 dum
2880 2001 3127 2073 singulos
3157 1998 3396 2055 solidare
3425 2015 3519 2054 co-

1928 2111 2089 2156 natur
2121 2101 2134 2154 !
2168 2097 2417 2170 Namque
2449 2108 2507 2155 ut
2537 2097 2802 2169 spiritalis
2834 2105 3028 2160 mater,
3060 2094 3302 2149 clemens
3353 2100 3514 2155 erat;

1928 2201 1988 2248 ut
2015 2206 2193 2257 soror,
2233 2204 2335 2262 pro
2378 2189 2640 2245 fratribus
2668 2191 2724 2244 in
2777 2187 3009 2243 Domino
3063 2199 3343 2255 nunquam
3404 2199 3515 2239 non

1928 2282 2184 2347 sollicita,
2209 2280 2423 2336 etiamsi
2456 2278 2869 2336 contubernalis
2923 2293 3031 2332 non
3061 2288 3230 2337 esset.
3259 2273 3303 2328 0
3332 2274 3515 2327 anima

1928 2371 2318 2430 misericordiae
2347 2380 2399 2426 et
2426 2371 2786 2442 eleemosyme
2816 2384 3033 2439 semper
3066 2373 3289 2441 parata!
3321 2368 3366 2424 Ο
3408 2366 3519 2422 vis-

1928 2479 2117 2522 eerum
2149 2463 2515 2534 benignorum
2556 2461 2731 2518 effusa
2764 2463 3027 2529 cbaritas,
3059 2478 3183 2533 quae
3238 2462 3512 2518 neminem

1927 2555 2272 2613 accedentem
2319 2556 2592 2626 angustiis
2646 2556 2771 2627 angi
2829 2555 3043 2611 sinebat
3078 2557 3091 2611 Ξ
3122 2558 3196 2612 ita
3232 2563 3293 2610 ut
3331 2562 3517 2625 egeret

1929 2649 2047 2718 ipsa
2074 2662 2176 2718 pro
2206 2647 2598 2719 indigentibus,
2658 2661 2943 2701 versuram
2978 2645 3183 2701 faceret
3225 2660 3324 2716 pro
3371 2644 3515 2698 redi-

1929 2740 2143 2795 mendis
2170 2738 2403 2794 aliorum
2442 2738 2705 2798 versuris,
2741 2739 2965 2808 gestiret
3000 2737 3238 2807 denique
3281 2735 3513 2806 pretium

1929 2844 2029 2900 pro
2053 2828 2283 2884 aliorum
2346 2829 2718 2897 redemptione
2751 2827 3065 2898 persolvere
3086 2869 3104 2894 ,
3146 2827 3514 2896 trapezitieam

1930 2921 2098 2976 etiam
2128 2920 2430 2991 saepissime
2468 2920 2670 2974 Christi
2702 2919 3008 2975 imitatione
3045 2933 3335 2974 exercens.
3369 2920 3516 2974 Pau-

1931 3014 2154 3084 peribus
2179 3028 2399 3086 quoque
2434 3011 2655 3068 feminis
2686 3012 2752 3068 ad
2796 3027 2858 3069 se
2922 3012 3238 3069 convocatis
3280 3012 3517 3081 prepriis

237 3107 385 3178 ἔρως
422 3100 492 3176 ἦν
521 3104 682 3177 αὐτῇ,
711 3105 773 3158 τὸ
794 3105 895 3176 τῆς
941 3102 1314 3174 φιλοπτωχίας
1345 3102 1602 3174 δώρημα.
1658 3102 1723 3155 Ὢ
1750 3101 1827 3155 τί·

1934 3106 2193 3163 manibus
2240 3106 2638 3173 ministrabat;
2678 3121 2915 3175 namque
2982 3105 3038 3161 in
3092 3104 3306 3160 deliciis
3325 3102 3377 3157 ei
3417 3100 3519 3156 fuit

240 3203 375 3274 μίου
399 3202 667 3273 στόματος
684 3202 784 3273 τῆς
810 3204 877 3255 ὲκ
908 3200 1067 3256 θείων
1095 3200 1293 3269 λογίων
1314 3199 1509 3254 ἀενάου
1537 3199 1834 3271 ἐκμελετή-

239 3313 407 3359 σεως,
439 3297 533 3349 καῖ⁸
566 3294 986 3365 ἀπαραλείπτου
1024 3293 1188 3366 μέχρι
1220 3293 1455 3348 θανάτου
1484 3293 1826 3363 διαλειτουρ-

236 3389 465 3459 γήσεως
498 3387 512 3441 l
546 3387 609 3440 Ὠ
641 3386 842 3456 τιμίων
880 3385 1058 3440 ποδῶν
1088 3384 1559 3458 ἀποσφυρώσεως,
1615 3385 1680 3438 ὲκ
1732 3383 1833 3454 τῆς

237 3480 605 3548 ἑντευκτικῆς
634 3477 771 3547 πρὸς
794 3477 928 3531 Θεὸν
953 3477 1239 3532 ἀνενδότου
1268 3476 1487 3546 πήξεώς
1511 3495 1569 3531 τε
1610 3476 1707 3531 καὶ
1731 3494 1833 3531 πα-

240 3571 591 3643 ραστάσεωςί
626 3571 691 3625 Ὢ
712 3569 775 3623 οὐ
811 3570 971 3641 μόνον
997 3569 1314 3641 ὲσπερινῆς,
1353 3570 1492 3626 ἀλλὰ
1519 3570 1616 3624 καὶ
1645 3569 1834 3640 ὀρθρι-

238 3664 339 3736 νῆς
369 3664 464 3718 καὶ
492 3663 891 3735 μεσονυκτινῆς
916 3663 1083 3716 ὁσίων
1111 3663 1311 3734 χειρῶν
1350 3662 1490 3734 πρὸς
1547 3662 1680 3715 Θεὸν
1732 3663 1832 3716 ἐπ-

240 3755 461 3826 ἀρσεως
484 3755 577 3808 καὶ
604 3754 921 3824 διανυτικῆς
946 3752 1057 3808 τῶν
1094 3753 1431 3824 αίτηθέντων
1458 3751 1790 3818 ὲπιτεύξεως
1815 3752 1828 3805 !

239 3846 408 3901 καὶῶ
438 3845 771 3918 νυκτερινῶν
819 3845 1086 3900 ἐνυπνίων
1138 3844 1520 3916 διασαφήσεως
1554 3845 1567 3899 l
1639 3844 1832 3913 ἐπειδὴ

240 3937 389 4009 πρὸς
413 3936 481 3991 τά
517 3936 907 4009 παριστάμενα
928 3936 1170 4009 λυπηρὰ,
1197 3936 1462 4000 πολλάκις
1495 3937 1634 4008 αὐτῇ
1698 3935 1833 4000 Θεὸς

240 4032 303 4085 τὸ
327 4029 528 4103 μέλλον
552 4031 1000 4102 προμεμήνυκεν,
1028 4030 1524 4103 παραμυθούμενος
1544 4030 1646 4097 τὴν
1664 4027 1833 4083 αὑτοῦ

242 4122 606 4193 θεράπαιναν.
650 4122 716 4175 Ὠ
741 4125 840 4193 τῆς
877 4122 969 4176 τοῦ
997 4123 1119 4177 ὅλου
1152 4122 1406 4195 σώματος
1459 4122 1520 4188 ἐξ
1546 4124 1834 4195 ἀσκήσεως

241 4213 618 4284 παραλύσεως
644 4213 658 4267 l
690 4213 786 4267 καὶ
813 4213 859 4265 ὣ
879 4212 1133 4277 εὐτελοῦς
1166 4215 1264 4268 καὶ
1291 4214 1535 4269 ἀθάλπου
1567 4218 1624 4268 ὲν
1650 4214 1832 4286 καιρῷ

242 4302 455 4372 κρύους
484 4303 748 4366 ἐνδύσεως
775 4301 789 4354 l
824 4302 917 4356 καὶ
939 4301 984 4356 ὢ
1019 4303 1314 4375 στρωμνῆς
1342 4292 1605 4375 διαξῆρου
1642 4305 1833 4376 στενῆς

241 4414 300 4448 τε
337 4395 443 4449 καὶ
474 4396 723 4465 κολοὸἦς,
758 4396 851 4449 καὶ
876 4394 1158 4466 ψυχούσης
1188 4394 1558 4460 ἀνακλίσεωςί
1624 4394 1669 4448 ὦ
1730 4398 1832 4467 τῆς

240 4486 444 4557 ἀφίλου
468 4486 563 4541 καὶ
592 4486 962 4540 ἀσυνδυάστου
1000 4485 1136 4557 πρὸς
1185 4488 1368 4541 πᾶσαν
1430 4485 1553 4555 δψιν
1600 4487 1831 4559 ἄρρενος
1866 4470 1908 4524 θ

240 4578 572 4643 διαθέσεωςί
604 4582 697 4632 καὶ
726 4577 772 4632 ὣ
799 4578 899 4648 τῆς
924 4578 1189 4649 ὲπιμόνου
1223 4580 1319 4633 καὶ
1373 4579 1680 4651 τεταμένης
1730 4579 1830 4633 αὒ-

243 4667 347 4740 τῆς
384 4669 521 4740 πρὸς
545 4669 677 4724 Θεὸν
709 4670 1020 4741 μονώσεως.
1045 4670 1145 4724 Διὰ
1175 4669 1335 4723 τοῦτο
1369 4671 1593 4742 γὰρκαὶ
1624 4671 1827 4741 ἀκηδίᾳ

243 4762 584 4828 παλαίουσα,
615 4762 711 4815 καλ⁵
746 4763 885 4833 μήτε
911 4764 1058 4833 ἡμᾶς
1088 4763 1220 4833 όρᾷν
1247 4761 1448 4833 ἔχουσα
1479 4762 1823 4833 συχνότερον,

246 4855 395 4926 μήτε
433 4854 593 4909 ἄλλον
626 4854 717 4909 τὸν
750 4854 1139 4925 πνευματικῶς
1181 4853 1578 4923 ὑπαλείφοντα,
1634 4854 1835 4925 ἡττᾶτο

247 4946 555 5017 ποιουμένη
584 4947 682 5010 τάς
711 4964 866 5010 τινας
888 4946 1152 5018 προόδους
1181 4946 1277 5001 καὶ
1301 4946 1615 5017 ἀποδημίας
1646 4964 1660 4978 θ
1693 4948 1834 5002 ἀλλά

246 5037 357 5089 κάν
407 5035 583 5108 τούτῳ
620 5037 713 5090 τὸν
774 5039 977 5092 κανόνα
1026 5038 1371 5107 φυλάττουσα
1422 5038 1835 5109 ἀπαράλειπτον

246 5128 613 5183 ἀπεδείκνυτο
631 5145 649 5162 ο
690 5128 736 5184 ὦ
762 5131 1052 5203 φιλεργίας
1078 5129 1491 5202 ἀνυπερδλήτου
1528 5128 1745 5202 νύκτωρ
1773 5147 1834 5183 τε

246 5220 351 5273 καὶ
380 5220 501 5290 μεθ’
531 5221 746 5293 ἡμέραν
771 5220 1158 5285 διακοπώσεως
1185 5223 1198 5276 !
1231 5222 1326 5275 καὶ
1346 5220 1392 5273 ῶ
1420 5221 1700 5275 δακτύλων
1737 5221 1835 5275 τοῦ

248 5313 583 5384 ἐργαστικοῦ
607 5314 1105 5386 ἀποσκληρώσεως.
1125 5313 1220 5367 καὶ
1247 5314 1327 5378 εἰς
1361 5313 1569 5385 βύρσης
1601 5314 1836 5385 σκληρό-

247 5422 393 5477 τητα
419 5407 880 5480 μεταποιηθείσης
931 5407 1029 5478 τῆς
1062 5407 1298 5478 φυσικῆς
1345 5406 1689 5479 ἁπαλότητος
1715 5424 1728 5437 ’
1760 5405 1837 5480 μὴ

328 5638 444 5716 (μ)
484 5639 742 5716 lntelligit
779 5640 1156 5716 Eutliymium,
1179 5661 1340 5716 quem
1369 5645 1436 5701 ad
1463 5646 1831 5702 constantiam

253 5710 447 5765 multis
495 5710 692 5769 verbis
737 5710 1031 5772 roborabat
1081 5710 1212 5785 ipse'
1262 5717 1582 5773 Theodorus
1642 5717 1736 5771 lib.
1782 5734 1830 5784 ι,

1933 3215 2060 3271 erga
2091 3200 2283 3264 inopes
2323 3197 2630 3268 benignitas
2662 3198 3017 3269 largiusque.
3068 3196 3115 3253 0
3145 3195 3514 3252 venerandum

1934 3307 2019 3357 os,
2055 3290 2203 3363 quod
2240 3290 2426 3345 divina
2478 3289 2699 3360 eloquia
2756 3304 2975 3360 semper
3020 3288 3413 3354 meditabatur,
3465 3298 3517 3341 et

1935 3383 2316 3439 incessabilem
2367 3398 2545 3453 usque
2580 3382 2648 3438 ad
2700 3391 2932 3438 mortem
2984 3380 3261 3452 liturgiam
3295 3379 3467 3436 obivit
3502 3379 3517 3434 l

1934 3473 1979 3530 0
2014 3474 2451 3530 venerandorum
2492 3473 2690 3543 pedum
2740 3472 2808 3527 ad
2859 3471 3252 3527 ambulandum
3318 3469 3522 3525 indesi-

1936 3575 2126 3621 nenter
2154 3564 2221 3620 ad
2252 3562 2422 3619 Deum
2450 3563 2684 3620 malleoli
2720 3562 2860 3618 firmi
2891 3577 3109 3633 semper
3134 3570 3306 3631 atque
3355 3577 3520 3632 para-

1936 3654 1974 3709 ti
2004 3657 2018 3711 l
2051 3654 2094 3711 0
2116 3670 2226 3710 non
2252 3670 2479 3726 vespere
2506 3664 2717 3710 tantum
2738 3654 2835 3710 sed
2863 3664 2919 3709 et
2940 3669 3102 3710 mane
3129 3663 3183 3709 et
3211 3663 3375 3710 nocte
3414 3669 3519 3710 me-

1933 3748 2021 3802 dia
2057 3757 2372 3802 sanctarum
2407 3762 2669 3802 manuum
2700 3746 2769 3802 ad
2805 3746 2974 3803 Deum
3001 3747 3253 3813 elevatio,
3285 3755 3340 3802 et
3367 3758 3516 3803 certa

1934 3838 2333 3909 postulatorum
2364 3839 2673 3909 impetratio
2706 3837 2788 3893 ιο
2824 3848 3220 3894 nocturnorum
3282 3843 3522 3897 somnio-

1936 3946 2056 3985 rum
2086 3930 2446 3987 revelationes
2472 3931 2486 3985 !
2518 3929 2734 3986 Etenim
2765 3931 2837 3986 ob
2865 3931 3292 3987 circumstantes
3324 3933 3521 3988 moles-

1936 4022 2043 4078 tias
2100 4037 2243 4092 saepe
2309 4022 2452 4077 Deus
2512 4021 2696 4078 futura
2735 4020 3217 4094 prmmonstravit,
3259 4023 3520 4079 famulam

1934 4130 2089 4171 suam
2146 4115 2462 4170 consolans.
2506 4111 2552 4170 0
2584 4115 2754 4171 totius
2802 4117 3055 4186 corporis
3102 4117 3174 4172 ob
3228 4119 3519 4172 asceticam

1932 4210 2102 4264 vitam
2135 4209 2450 4274 dissolutio,
2489 4210 2726 4281 vilisque
2774 4220 2829 4269 et
2862 4211 3006 4268 male
3049 4212 3118 4265 ab
3159 4212 3391 4267 hiberno
3421 4211 3521 4267 fri-

1933 4316 2066 4371 gore
2120 4311 2409 4373 protegens
2457 4304 2628 4359 vestis
2664 4306 2676 4357 l
2723 4300 2769 4357 0
2796 4302 2993 4358 lectule
3035 4302 3249 4374 rigide,
3292 4312 3523 4371 anguste

1932 4406 2218 4465 curteque,
2271 4395 2562 4466 [rigidique
2620 4395 2972 4451 discubitusl
3007 4394 3395 4451 Oindifferens
3453 4407 3509 4451 ct

1937 4486 2356 4543 inconciliabilis
2382 4502 2510 4557 erga
2544 4485 2840 4557 cujuslibet
2894 4486 2997 4541 viri
3043 4496 3322 4557 aspectum
3353 4488 3520 4541 animi

1940 4578 2159 4634 habitus
2185 4578 2198 4633 Ξ
2232 4580 2273 4633 0
2302 4586 2563 4635 constans
2592 4585 2648 4632 et
2677 4579 2841 4633 enixa
2865 4578 3042 4649 ipsius
3068 4593 3194 4633 cum
3252 4577 3361 4633 Deo
3393 4579 3522 4633 soli-

1941 4672 2070 4725 tudo
2098 4673 2111 4725 ί
2145 4671 2328 4739 Quare
2359 4680 2415 4725 et
2447 4686 2573 4726 cum
2605 4670 2788 4727 tristia
2819 4669 3170 4736 eonﬁietans,
3204 4685 3382 4741 neque
3422 4685 3523 4725 nos

1940 4779 2085 4834 saepe
2123 4766 2367 4835 aspicere
2398 4764 2611 4833 valens,
2648 4780 2826 4835 neque
2877 4765 3047 4819 alium
3068 4766 3161 4834 qui
3204 4764 3525 4835 spiritaliter

1944 4867 2236 4922 recrearet,
2274 4856 2497 4912 maerori
2552 4857 2774 4921 cedens,
2826 4857 3172 4926 egressiones
3228 4857 3441 4926 aliquas
3470 4869 3524 4913 et

1942 4951 2409 5022 peregrinationes
2442 4949 2675 5005 faciebat
2708 4968 2723 5005 :
2756 4958 3131 5007 verumtamen
3168 4951 3221 5005 in
3262 4950 3349 5005 his
3389 4951 3524 5020 ipsis

1941 5042 2241 5097 solemnem
2290 5056 2513 5110 precum
2552 5041 2799 5096 ordinem
2830 5051 3088 5097 accurate
3131 5044 3425 5098 observare
3464 5059 3523 5099 se

1942 5130 2446 5187 demonstrabat.0
2476 5131 2658 5186 diurni
2710 5132 3073 5204 nocturnique
3124 5133 3328 5190 laboris
3371 5149 3521 5189 sum-

1943 5238 2065 5278 mus
2094 5224 2284 5278 amor!
2313 5221 2358 5279 0
2386 5222 2683 5292 digitorum
2706 5241 2769 5280 ex
2805 5210 2969 5296 opere
3004 5226 3254 5291 durities,
3277 5238 3331 5283 et
3366 5238 3525 5283 natu-

1944 5314 2074 5369 ralis
2101 5314 2407 5369 teneritudo
2437 5316 2489 5369 in
2526 5317 2659 5372 corii
2680 5319 3033 5389 asperitatem
3068 5336 3332 5377 conversa
3358 5322 3371 5375 !
3395 5322 3523 5392 quia

1941 5404 2193 5460 videlicet
2226 5420 2332 5461 non
2361 5420 2461 5476 pro
2479 5422 2538 5463 se
2559 5418 2796 5477 tantum,
2829 5410 2907 5480 (id
2934 5411 3079 5468 enim
3110 5413 3337 5469 minime
3357 5429 3522 5468 cura-

1939 5645 2103 5715 epist.
2139 5645 2163 5715 ι
2200 5664 2215 5701 ε
2241 5642 2493 5715 ἀνδρίζου
2519 5641 2614 5699 οὗν
2636 5645 2734 5700 και
2757 5646 2943 5709 αὐτὸς,
2970 5607 3167 5713 essm
3191 5644 3321 5715 κῦρι
3352 5640 3526 5701 Bson;-

1943 5714 2034 5786 μιε
2061 5735 2075 5773 :
2111 5714 2351 5773 verum
2377 5731 2475 5784 age
2500 5726 2547 5771 et
2580 5726 2659 5781 tu,
2681 5717 2890 5772 domine
2915 5715 3084 5785 frater
3108 5716 3383 5786 Eutliymi,
3412 5725 3519 5773 tte.
