4064 6372
245 269 353 338 901

809 268 1091 331 ORATIO
1115 270 1289 334 XIII.
1320 299 1390 311 —
1416 278 1799 341 LAUDATIO
1837 283 2225 346 FUNEBRIS
2253 285 2337 345 ΙΝ
2375 284 2698 345 MATREM
2731 284 2959 346 SUAM.

3410 288 3519 350 902

242 386 483 454 πρᾶγμα
510 384 604 436 καὶ
626 382 818 454 ὄνομα.
850 389 914 441 τὸ
966 389 1202 459 παθητόν
1260 408 1353 461 μοι
1406 391 1499 444 καὶ
1546 393 1813 464 ἐράσμιον

1939 411 2139 463 Iomeu,
2160 397 2539 454 desiderabilis
2562 396 2930 465 amabilisqne
2960 405 3312 466 conspectus,
3339 410 3519 453 mater

241 476 554 547 θεώρημα,
587 476 621 545 ἡ
652 477 1042 546 μητρότεκνος,
1078 480 1280 550 μᾶλλον
1311 480 1369 533 δὲ
1410 480 1683 545 διτοτόκος
1721 498 1824 552 μου

241 568 533 639 διμήτηρ),
567 565 670 621 ποῦ
697 584 829 622 ποτε
874 570 1023 640 ἡμᾶς
1080 569 1479 635 ἀπολέλοιπας;
1537 572 1640 625 ποῦ
1682 584 1827 626 ’ποτε

247 663 722 732 μετακεχὼρηκας
751 677 766 726 ;
804 661 882 730 πῆ
910 662 966 715 δὲ
1000 661 1380 733 μεθωρίσθηςς
1427 663 1504 733 πῆ
1555 663 1611 717 δὲ
1634 663 1732 718 καὶ
1769 664 1828 719 ὲν

245 753 425 815 ποίοις
454 754 641 815 τόποις
668 753 923 824 ὲναυλίζῃ
949 769 964 817 ;
998 755 1059 806 ὲν
1092 753 1275 816 ποίαις
1299 753 1556 807 ὲπαύλεσι
1615 771 1829 825 συγχωο

249 843 500 915 ριάζεις;
528 845 799 916 ὁπηλίκας
834 846 1225 911 κατοπτεύεις;
1265 846 1369 901 Τὸν
1425 846 1536 918 γὰρ
1591 847 1830 918 ἄρχοντα

246 934 346 989 τοῦ
375 936 539 1007 ἀέρος
570 936 761 990 τούτου
780 936 841 990 εὖ
864 932 980 991 οἶδα
994 939 1058 990 ἐκ
1075 938 1184 991 τῶν
1204 936 1426 1007 ἀγαθῶν
1452 955 1545 992 σου
1576 938 1829 1010 πράξεων

250 1029 723 1099 ύπερνικήσασαν,
761 1031 937 1082 ἐκεῖσε
970 1025 1112 1082 εἶναι
1140 1029 1269 1083 ἔνθα
1297 1029 1509 1100 ἀπέδρα
1529 1030 1687 1102 ὀδύνη
1734 1029 1830 1083 λύ-

251 1137 331 1191 πη
365 1122 460 1173 καὶ
490 1120 795 1190 στεναγμὸς
820 1164 835 1186 ,
898 1120 1029 1174 ἔνθα
1054 1122 1165 1175 τῶν
1205 1122 1382 1190 ἁγίων
1426 1122 1646 1176 πάντων
1680 1123 1831 1177 ἐστὶν

250 1211 699 1282 εὐφραινομένων
739 1213 773 1283 ἠ
823 1212 1124 1277 κατοικία,
1156 1213 1286 1267 ἔνθα
1343 1208 1479 1285 ἦχος
1524 1216 1622 1268 καὶ
1671 1215 1833 1285 χορὸς

251 1302 618 1373 ἑορταζόντων
652 1305 747 1358 καὶ
777 1303 1202 1375 ἀγαλλιωμένων
1230 1344 1246 1370 ,
1278 1304 1406 1360 ἔνθα
1428 1307 1524 1360 καὶ
1555 1308 1606 1360 oi
1659 1306 1832 1361 κοινοὶ

253 1394 415 1463 ἡμῶν
438 1394 658 1463 ἀδελφοὶ
692 1394 786 1459 οὓς
846 1396 940 1449 καί¹
969 1396 1250 1468 ὲπόθησας
1299 1398 1395 1451 καὶ
1448 1402 1832 1466 συγκοινωνείν

255 1485 379 1556 ἥρω
403 1502 419 1518 ο
455 1486 580 1557 ἄρτι
621 1486 728 1557 γὰρ
752 1486 824 1539 τὰ
876 1487 1145 1557 ἰδιώματα
1187 1491 1286 1560 τῆς
1323 1489 1526 1559 σαρκὸς
1584 1488 1834 1561 παρόντα

255 1575 523 1647 διαφορὰν
560 1577 838 1631 ποιοῦνται
860 1579 962 1648 τῆς
1001 1578 1381 1649 ωμὸιώσεως.
1416 1581 1507 1650 Μὴ
1531 1581 1595 1653 δὴ
1641 1581 1835 1635 sane-

257 1668 328 1739 θη
345 1668 505 1739 ἡμῶν
518 1668 629 1722 τῶν
650 1668 758 1723 σῶν
789 1668 1085 1739 ἐλαχίστων
1109 1670 1316 1725 τέκνων
1335 1688 1350 1704 ο
1380 1671 1478 1743 μὴ,
1499 1671 1828 1744 παρακαλεῖν

1935 484 2099 541 simul
2139 496 2193 541 et
2247 487 2379 551 ﬁlia,
2430 501 2554 556 quae
2607 485 2692 541 bis
2725 500 2809 541 me
2839 484 3117 555 peperisti,
3148 485 3230 539 bis
3262 489 3515 556 genitrix,

1935 574 2160 630 ubinam
2195 591 2296 631 nos
2334 576 2652 646 reliquisti?
2678 591 2916 645 quonam
2960 583 3018 630 tu
3068 576 3355 646 migrasti?
3381 594 3521 647 quos

1937 665 1991 722 in
2059 668 2195 724 ﬁnes
2256 668 2520 724 translata
2549 669 2863 738 es?quaeve
2889 668 3005 722 loca
3073 685 3218 724 nunc
3273 671 3520 725 habitas?

1937 757 2135 828 quibus
2168 758 2222 813 in
2264 759 2488 814 sedibus
2526 758 2859 813 diversaris?
2883 758 3075 827 quales
3128 774 3276 814 nunc
3332 770 3521 814 contu-

1937 848 2188 905 bernales
2217 859 2433 919 spectas
2460 851 2485 905 7
2512 850 2645 904 Nam
2670 850 2969 919 principem
3001 849 3219 917 quidem
3246 851 3389 906 aeris
3420 850 3525 906 huc

1933 940 2025 1011 jus
2054 950 2204 997 certo
2236 942 2351 997 scio
2383 949 2436 996 te
2467 942 2626 996 bonis
2664 942 2773 997 tuis
2797 941 3059 1011 operibus
3088 941 3379 1009 devicisse,
3410 943 3516 997 ibi-

1936 1047 2045 1101 que
2073 1039 2125 1086 te
2152 1045 2274 1086 esse
2328 1031 2469 1086 unde
2515 1032 2671 1087 dolor
2711 1040 2765 1086 et
2798 1046 3002 1086 maeror
3031 1039 3084 1085 et
3112 1031 3293 1087 luctus
3348 1047 3512 1086 exsu-

1938 1120 2093 1174 lant:
2131 1119 2220 1176 ubi
2252 1130 2564 1177 sanctorum
2619 1121 2865 1174 omnium
2924 1121 3196 1175 incolatus
3224 1130 3307 1176 est
3334 1122 3522 1176 beato-

1939 1228 2060 1267 rum
2092 1232 2105 1268 :
2133 1213 2228 1268 ubi
2262 1215 2523 1285 strepitus
2580 1213 2898 1283 chorusque
2931 1213 3410 1268 solemnizantium
3447 1222 3525 1269 at-

1939 1319 2048 1374 que
2096 1304 2393 1360 laetantium
2425 1315 2508 1361 est
2538 1323 2552 1360 :
2584 1304 2673 1360 ubi
2726 1304 2896 1359 nostri
2955 1320 3274 1361 communes
3305 1303 3521 1371 fratres,

1939 1408 2080 1464 quos
2097 1403 2152 1449 et
2180 1395 2374 1449 amasti
2398 1404 2450 1449 et
2475 1402 2759 1449 consortes
2795 1394 2995 1449 habere
3016 1394 3311 1463 exoptasti.
3365 1393 3521 1449 Nunc

1941 1486 2085 1541 enim
2125 1495 2420 1555 praesentes
2468 1486 2648 1541 adhuc
2677 1487 2860 1541 carnis
2897 1487 3258 1556 proprietates
3326 1486 3523 1543 ὀίεαι-ἰ-

1940 1593 2065 1633 men
2092 1578 2377 1633 convictus
2404 1578 2666 1633 efﬁciunt.
2698 1576 2884 1647 Neque
2911 1577 3017 1633 mei
3067 1578 3409 1635 obliviscaris
3460 1580 3523 1633 ﬁ-

1942 1667 2135 1723 liorum
2162 1677 2376 1723 tuorum
2404 1669 2612 1723 minimi
2639 1687 2652 1723 :
2679 1684 2768 1733 ne,
2806 1669 3047 1738 inquam,
3076 1683 3174 1724 oro
3205 1684 3519 1740 quaesoque,

259 1760 360 1832 μὴ,
381 1760 667 1826 ἀντιϐολῶ,
702 1760 776 1832 μὴ
800 1761 1032 1834 ἐπιλήσῃ
1061 1762 1155 1816 τοῦ
1190 1765 1443 1834 ποιμνίου
1475 1781 1570 1818 σου
1602 1764 1696 1818 τοῦ
1746 1783 1834 1836 μι-

1940 1759 2121 1830 pusilli
2150 1760 2328 1829 gregis
2358 1759 2438 1813 tui
2468 1774 2656 1814 curam
2683 1760 2903 1814 omittas
2933 1774 3110 1829 neque
3140 1760 3343 1830 magni.
3406 1758 3511 1813 Sed

258 1853 395 1926 κροῦ
426 1871 485 1908 τε
516 1854 610 1907 καὶ
635 1853 730 1907 τοῦ
758 1853 998 1924 μεγάλου
1018 1870 1033 1886 ’
1090 1854 1225 1908 ἀλλά
1277 1857 1592 1927 παρρησίας
1637 1856 1835 1927 τυχοῦ-

258 1962 351 2011 σα,
399 1945 642 2000 πιστεύω
668 1944 712 1999 δ’
759 1946 840 1999 ὅτι
894 1946 991 2001 καὶ
1040 1946 1470 2018 ὲπιτετύχηκας,
1542 1947 1701 2019 στῆθι
1740 1950 1836 2003 καὶ

261 2036 408 2089 ίλεοῦ
438 2038 533 2091 καὶ
578 2036 864 2102 ὲξιλάσκου
933 2038 1237 2109 προσεύχου
1269 2039 1365 2093 καὶ
1393 2039 1698 2110 ὑπερεύχου
1743 2041 1837 2095 καὶ

263 2128 466 2198 μᾶλλον
494 2128 621 2199 ἄρτι
644 2129 1067 2199 ἐκτενεστέρως,
1099 2129 1532 2198 παιδαγωγοῦσα
1562 2131 1658 2185 καὶ
1709 2149 1839 2202 στη-

263 2219 493 2289 ρίζουσα
520 2218 613 2272 καὶ
640 2216 956 2289 φρουροῦσά
993 2236 1061 2289 με
1093 2218 1184 2271 τὸν
1212 2218 1446 2272 δείλαιον
1490 2220 1598 2272 ἀπὸ
1667 2219 1834 2290 φόϐου

259 2309 664 2379 ἀμαρτητικοῦ,
705 2309 813 2362 ἀπὸ
846 2308 1032 2379 βέλους
1056 2310 1365 2380 πετομένου
1417 2310 1671 2381 ἀνομίας,
1727 2310 1838 2365 ἀπὸ

260 2400 443 2470 πάσης
480 2399 648 2469 ἄλλης
677 2399 942 2471 ἐπηρείας
969 2401 1292 2472 δαιμονικῖκ
1311 2418 1326 2433 ·
1356 2402 1720 2473 ποιμαίνουσα
1741 2403 1840 2457 καὶ

262 2493 759 2562 συμποιμαίνουσα,
781 2491 1051 2547 νύσσουσα
1072 2493 1168 2546 κα)⁸
1191 2497 1759 2566 προσυπομιμνήσκου
1769 2511 1838 2548 σα

257 2582 351 2637 διὰ
377 2583 611 2655 ψυχικῆς
641 2584 934 2648 ἐντεύξεως
953 2600 968 2615 ο
996 2586 1438 2657 ὲπισκεπτομένη
1471 2604 1531 2639 τε
1559 2586 1654 2640 καὶ
1674 2588 1839 2640 ἐπαν-

260 2674 566 2747 ορθουμένη
627 2676 911 2743 ἑκάστοτε,
937 2677 1033 2731 καὶ
1064 2676 1316 2749 θεωμένη
1346 2678 1465 2741 πῶς
1510 2678 1833 2748 ἀνίσταμαι,

262 2767 384 2831 πῶς
406 2767 697 2837 κεκίνημαι
721 2768 867 2839 ψυχῇ
910 2786 972 2822 τε
1022 2770 1117 2823 καὶ
1159 2767 1396 2840 σώματι,
1456 2769 1545 2823 ἵνα
1597 2769 1839 2840 παντοίῳ

260 2856 407 2925 λόγῳ
430 2856 637 2927 ρυθμού
646 2875 806 2928 μενος
837 2858 931 2911 καὶ
954 2856 1446 2928 καταρτιζόμενος,
1475 2858 1617 2911 κατά
1639 2858 1841 2911 σκοπόν

260 2965 324 3002 τι
355 2948 558 3019 βαίνων
585 2948 686 3018 τῆς
712 2949 995 3020 ἀληθείας,
1026 2949 1218 3018 φθάσω
1262 2949 1584 3019 εὐαρεστεῖν
1617 2948 1737 3019 Θεῷ
1757 2948 1844 3005 διὰ

262 3043 365 3111 τῆς
395 3038 605 3109 ἀγαθῆς
622 3040 971 3111 ἀφηγήσεως,
1007 3040 1101 3093 καὶ
1121 3037 1270 3109 τύχω
1301 3038 1438 3110 μετά
1456 3039 1548 3093 τὸν
1569 3038 1695 3110 τῇδε
1733 3037 1845 3109 βίον

1944 1851 2289 1908 securitatem
2353 1851 2568 1920 adepta,
2598 1851 2762 1904 credo
2827 1850 2973 1906 enim
3027 1858 3079 1904 te
3132 1850 3222 1905 illa
3266 1851 3517 1920 politam,

1938 1944 2145 2005 adesto,
2192 1940 2432 2011 indulge,
2493 1940 2809 2011 propitiare.
2875 1938 2984 1995 Ora
3033 1949 3086 1995 et
3140 1954 3307 1995 exora
3374 1955 3520 1993 nunc

1938 2036 2171 2088 maxime
2199 2033 2441 2099 enixius;
2468 2032 2661 2104 dirige,
2691 2035 2869 2099 lirma,
2903 2031 3117 2087 custodi
3149 2047 3236 2087 me
3258 2033 3519 2086 miserum

1936 2142 1967 2181 a
2008 2125 2263 2196 peccandi
2312 2126 2576 2196 periculo,
2606 2140 2637 2180 a
2668 2126 2775 2182 telo
2821 2126 3036 2182 volante
3097 2124 3423 2196 iniquitatis,
3452 2125 3521 2179 ab

1938 2218 2088 2270 omni
2120 2216 2331 2286 reliquo
2384 2215 2587 2271 diaboli
2637 2225 2984 2277 nocumento.
3017 2214 3189 2271 Pasce
3224 2230 3333 2281 me,
3362 2230 3519 2270 com-

1940 2321 2123 2377 pasce,
2170 2320 2661 2377 urge,commone,
2717 2307 2952 2377 spiritali
3002 2307 3289 2377 praesentia
3340 2306 3518 2368 visita.

1940 2396 2153 2468 corrige
2198 2397 2252 2449 in
2286 2396 2539 2465 singulis,
2571 2404 2735 2465 atque
2786 2396 3015 2451 observa
3067 2395 3343 2466 quomodo
3397 2411 3522 2451 sur-

1941 2502 2085 2556 gam,
2114 2488 2390 2557 quomodo
2414 2486 2631 2551 cubem,
2662 2472 2942 2556 quomodo
2972 2501 3204 2556 corpore
3228 2486 3523 2556 animoque

1941 2591 2286 2632 commovear
2317 2595 2330 2630 :
2359 2586 2417 2632 ut
2464 2577 2795 2632 omnimodis
2847 2576 3090 2633 directus
3141 2586 3196 2632 et
3224 2577 3519 2647 perfectus,

1941 2685 2006 2725 ex
2036 2683 2229 2724 norma
2262 2667 2505 2723 veritatis
2536 2668 2814 2734 incedens,
2855 2666 2965 2723 Deo
2988 2668 3199 2737 placere
3234 2668 3379 2724 bono
3402 2670 3524 2722 vitae

1943 2760 2161 2829 tramite
2184 2776 2375 2829 queam
2406 2777 2421 2827 ;
2451 2769 2504 2815 et
2520 2760 2797 2830 postbanc
2818 2760 2981 2814 vitam
3010 2760 3292 2829 impetrem
3318 2769 3374 2815 ut
3399 2776 3521 2815 cum

1944 2852 2171 2909 asseclis
2220 2852 2358 2907 meis
2412 2851 2516 2908 sub
2567 2862 2659 2906 tuo
2708 2852 3014 2921 patrocinio
3063 2852 3186 2907 ﬁam
3218 2893 3233 2918 ,
3262 2861 3315 2908 et
3379 2853 3525 2908 ﬁlius

1946 2946 2208 2999 minimus
2238 2953 2415 2999 tecum
2441 2944 2641 3000 sortiar
2677 2944 2731 2997 in
2762 2944 2985 2998 dextera
3033 2941 3237 2999 Christi
3272 2943 3367 2999 Dei
3404 2961 3527 2998 nos-

1948 3036 2018 3092 tri
2038 3036 2359 3092 consistere.
2392 3036 2519 3091 Haec
2570 3050 2679 3103 me,
2720 3049 2754 3089 ο
2798 3035 2917 3101 ﬁlii,
2943 3036 3125 3106 eloqui
3153 3037 3355 3091 veritas
3400 3052 3525 3091 coe-

264 3131 366 3183 σὺν
388 3133 501 3194 τοῖς
532 3130 819 3200 ἑπομένοις
844 3148 934 3202 μοι
962 3131 1066 3184 ὑπὸ
1091 3132 1189 3201 τὴν
1214 3130 1421 3201 σκέπην
1444 3148 1538 3184 σου
1564 3126 1726 3197 εἶναι,
1756 3131 1834 3185 κατ

1956 3130 2054 3201 git,
2091 3129 2358 3185 vobismet
2379 3129 2587 3185 scilicet
2627 3128 2752 3183 talia
2802 3127 3004 3184 cursim
3038 3144 3293 3199 perorare
3330 3145 3415 3185 me
3436 3129 3528 3200 ju-

265 3227 679 3294 συμμετασχεῖν
707 3240 800 3277 σου
836 3221 911 3286 ὡς
945 3223 1135 3277 τέκνον
1168 3222 1455 3294 ἐλάχιστον
1511 3223 1610 3293 τῆς
1658 3225 1723 3278 ὲκ
1762 3224 1850 3278 δε·-

1956 3222 2230 3277 bentibus.

266 3314 397 3381 ξιῶν
425 3317 665 3387 Χριστοῦ
706 3316 801 3371 τοῦ
858 3316 995 3369 Θεοῦ
1068 3316 1223 3388 ἡμῶν
1292 3319 1710 3388 παραστάσεως.
1764 3317 1950 3374 Ταῦτά
1990 3336 2081 3389 με,
2148 3318 2339 3384 τέκνα,
2406 3317 2721 3389 ἠνάγκασεν
2766 3317 2800 3389 ἡ
2849 3316 3075 3388 ἀλήθεια
3128 3314 3522 3389 διηγήσαστθαι

266 3412 367 3464 καὶ
415 3411 565 3481 ὑμῖν,
608 3409 758 3483 παρὰ
811 3409 996 3483 ρεῦσιν
1039 3412 1107 3465 τὰ
1152 3410 1375 3465 τοιαῦτα
1409 3410 1740 3466 κελεύουσιν.
