4064 6372
544 255 650 316 903

1732 250 1793 310 S.
1829 243 2225 307 THEODORI
2249 241 2597 304 STUDIT/E

3684 230 3805 294 90$

637 382 3783 425 ww

1633 532 2697 690 EPISTOL/E.

1883 762 2175 835 (Sinuosn.
2202 774 2259 831 p.
2296 758 2451 832 177.)

2127 906 2204 922 —

1387 999 1526 1052 ΤΟΥ
1555 996 1758 1051 ΟΣΙΟΥ
1785 994 2061 1050 ΠΑΤΡΟΣ
2083 992 2280 1049 ΗΜΩΝ
2310 990 2434 1045 ΚΑΙ
2467 985 2941 1045 ΟΜΟΔΟΙἮΤΟΥ

1053 1120 1651 1211 ΘΕΟΔΩΡΟΥ
1688 1118 2234 1206 ΗΓΟΥΜΕΝ
2242 1114 2394 1202 ΟΥ
2434 1113 2663 1202 ΤΩΝ
2719 1105 3284 1198 ΣΤΟΥΔΙΟΥ

1695 1582 2135 1670 ΒΙΒΛΙΟΝ
2186 1579 2645 1670 ΠΡΩΤΟΝ

658 1723 757 1780 ΕΚ
782 1728 918 1781 ΤΩΝ
942 1726 1302 1780 ΔΗΦΟΡΩΝ
1322 1723 1564 1779 ΔΥἹὉΥ
1586 1723 1988 1778 ΕΠΙΣΊὉΛΩΝ
2007 1722 2312 1778 ΕΚΛυΓΗ
2337 1719 2480 1774 ΤΗΣ
2507 1720 2649 1773 ΠΡΩ
2662 1718 2817 1771 ΤΗΣ
2837 1718 2968 1770 ΚΑΙ
2990 1712 3383 1771 ΔΕΠΕΡΑΣ
3410 1706 3751 1765 ΕΞΟΡΙΛΣ.

1338 1953 1621 2015 SANC’l‘l
1671 1953 1955 2015 PATRIS
1984 1950 2276 2014 NOSTRI
2319 1951 2424 2013 ET
2462 1946 3009 2013 CONFESSORIS
3198 2010 3201 2011 ν

1036 2111 1664 2206 THEODORI
1743 2109 2423 2205 PRIEPOSITI
2474 2100 3305 2205 STUDITARUM,

1644 2308 2717 2440 EPISTOLIE.

1710 2646 2064 2735 LIBER
2176 2639 2632 2732 PRIMUS

560 2814 663 2873 EX
691 2815 1049 2874 DIVERSIS
1078 2817 1258 2875 EJUS
1307 2817 1704 2876 EPISTOLIS
1742 2812 2451 2943 QU/EDASIICIRﬁglifSIiTA
2511 2809 2596 2865 IN
2651 2807 2895 2865 PRIMO
2946 2807 3041 2862 ετ
3094 2802 3444 2863 SECUNDO
3498 2797 3816 2858 EXSILIO

2139 3027 2208 3040 ἰι-

770 3105 851 3162 Δ’.
879 3137 948 3149 -
973 3105 1243 3162 [Licinum
1269 3125 1341 3162 m
1355 3109 1650 3179 ευματικῷ
1674 3114 1873 3182 πατρί.

2571 3112 2611 3163 1.
2646 3139 2718 3150 --
2746 3106 2961 3161 Platoni
3001 3106 3146 3177 patri
3184 3104 3473 3175 spirituali.

559 3223 850 3275 Theodorus
873 3223 1021 3274 exsul
1048 3223 1331 3287 Platonem,
1357 3226 1437 3275 vel
1460 3229 1629 3290 potius
1650 3228 1742 3278 sub
1762 3229 1987 3293 i’latonis
2012 3244 2242 3293 persona,
2263 3227 2527 3293 monachos
2543 3237 2660 3293 suos
2680 3224 2926 3285 hortatur,
2952 3234 3018 3272 ne
3046 3215 3339 3283 Imperatori
3360 3218 3590 3268 adultero
3609 3230 3822 3266 consen-

1741 3289 1886 3343 tiant.
1927 3284 2190 3355 (Baronius
2229 3284 2310 3341 an.
2343 3288 2453 3349 786,
2476 3300 2529 3336 ιι.
2561 3284 2633 3349 ι.)

631 3390 844 3462 Quibus
915 3394 1097 3451 verbis
1150 3380 1202 3451 te
1240 3396 1529 3453 aﬂ‘abimur
1553 3438 1569 3463 ,
1614 3398 1775 3455 Pater
1814 3402 2147 3468 dulcissime,
2178 3450 2185 3463 ι

2323 3398 2390 3453 Τί
2425 3414 2531 3462 σοι,
2579 3387 2625 3449 ὧ
2666 3394 2853 3464 Πάτερ
2880 3391 3186 3462 γλυκύτατε
3219 3389 3402 3461 ἡμῶν,
3426 3383 3823 3460 προσφθεγξώ·

562 3484 769 3543 sanctis
801 3485 1106 3543 visceribus
1148 3488 1261 3544 tuis
1290 3499 1510 3560 propter
1549 3490 1717 3547 Deum
1757 3494 1978 3549 orbati?
2007 3496 2139 3565 quid

566 3578 675 3632 laeti
722 3586 815 3632 aut
837 3578 1069 3647 jucundi
1119 3579 1447 3651 loquemur?
1480 3580 1667 3652 Neque
1709 3585 1856 3640 enim
1894 3586 2143 3642 luctuosa

567 3678 622 3725 et
662 3667 865 3733 tristia,
897 3670 1055 3740 quasi
1080 3672 1276 3726 acerbe
1300 3670 1538 3730 ferentes
1579 3675 1683 3731 hoc
1710 3677 1857 3744 quod
1889 3678 2141 3733 exsilium

568 3759 952 3827 existimatur;
1002 3760 1148 3829 quod
1198 3776 1298 3817 nos
1333 3777 1361 3817 a
1397 3773 1449 3818 te
1482 3764 1777 3822 didicimus
1827 3782 1933 3823 non
1976 3783 2145 3839 agno-

567 3866 741 3914 scere,
784 3862 845 3906 ut
888 3852 984 3921 qui
1027 3851 1220 3908 incolae
1267 3854 1439 3909 simus
1477 3857 1744 3911 universae
1813 3867 1973 3913 terrae
2001 3875 2017 3913 :
2048 3857 2145 3914 sed

569 3942 701 3996 illud
748 3942 949 4008 solum,
994 3957 1103 4011 quo
1147 3943 1274 4013 quis
1319 3958 1347 3998 a
1401 3945 1511 4000 Deo
1556 3960 1653 4015 per
1695 3945 1987 4015 cujuslibet
2026 3947 2145 4016 ejus

568 4031 811 4086 mandati
853 4031 1359 4101 praevaricationem
1411 4033 1636 4099 excidit,
1665 4033 1935 4104 longeque
1975 4034 2147 4105 proji-

567 4121 733 4175 citur.
767 4118 1110 4191 Quapropter
1140 4123 1442 4191 gaudemus
1470 4137 1601 4178 saue
1629 4130 1684 4177 et
1703 4122 1972 4187 laetamur,
1998 4122 2145 4194 quod

569 4210 820 4280 quamvis
854 4209 1063 4279 indigni
1086 4210 1226 4265 caelo
1256 4219 1310 4264 et
1341 4220 1484 4265 terra
1517 4211 1712 4276 simus,
1745 4221 1924 4267 tecum
1961 4220 2144 4268 tamen

570 4308 762 4356 sancto
811 4307 966 4369 patre
1008 4308 1199 4355 nostro
1239 4301 1393 4371 digni
1446 4302 1615 4357 habiti
1659 4317 1872 4364 sumus,
1912 4303 2005 4372 qui
2050 4317 2147 4373 pro

570 4392 693 4462 ejus
740 4388 999 4453 mandato
1050 4391 1167 4447 hinc
1214 4402 1543 4462 pateremur,
1590 4403 1791 4464 tuaque
1842 4396 2147 4451 secundum

572 4496 797 4538 carnem
837 4483 1233 4538 consuetudine
1262 4484 1625 4553 privaremur.
1659 4484 1968 4555 Caeteroqui
2000 4487 2146 4542 enim

572 4573 856 4629 nobiscum
880 4587 1099 4643 semper
1120 4588 1200 4638 es,
1225 4583 1399 4643 pater,
1433 4574 1487 4629 in
1509 4576 1684 4631 oculis
1708 4584 1763 4630 et
1786 4591 1881 4631 ore
1903 4578 2147 4631 omnium

572 4675 846 4721 nostrum.
877 4664 944 4720 Et
974 4664 1068 4736 qui
1122 4664 1277 4720 aliter
1313 4666 1497 4722 vivere
1544 4668 1839 4737 possimus,
1881 4667 1987 4720 nisi
2025 4683 2054 4723 a
2098 4678 2149 4723 te

2254 3490 2418 3563 μεθα,
2461 3490 2512 3543 οἱ
2560 3485 3066 3560 ἀπορφανισθέντες
3093 3484 3185 3538 διὰ
3226 3483 3363 3537 Θεὸν
3401 3481 3509 3536 ἀπὸ
3556 3480 3673 3534 τῶν
3720 3478 3822 3532 σῶν

2243 3583 2415 3651 ἁγίων
2462 3581 2830 3650 σπλάγχνωνς
2865 3580 3019 3632 ποῖον
3050 3576 3109 3629 δὲ
3149 3575 3482 3647 προσηνὲςῆ
3524 3572 3824 3645 περιχαρὲς

2242 3673 2472 3743 λέξομεν
2500 3689 2515 3740 ;
2549 3670 2669 3724 οὐδὲ
2703 3668 2814 3741 γὰρ
2845 3667 3103 3739 ὁδυρτικὰ
3120 3667 3216 3720 καὶ
3245 3666 3494 3736 θλιὸερὰ,
3528 3661 3824 3734 δυσχεραί-

2242 3781 2427 3827 νοντες
2478 3762 2577 3834 τὴν
2609 3760 2950 3832 δοκουμένην
2980 3757 3227 3829 ὲξορὶαψ
3262 3757 3331 3829 ἢν
3360 3757 3522 3828 ἡμεῖς
3562 3755 3625 3808 οὐ
3668 3754 3825 3823 γινώ-

2246 3872 2397 3910 σκειν
2428 3852 2789 3924 δεδιδάγμεθα
2824 3849 2929 3905 ὑπὸ
2960 3849 3076 3903 σοῦ’
3110 3848 3255 3902 κατὰ
3273 3847 3335 3900 τὸ
3357 3846 3660 3916 παροίκους
3681 3846 3825 3917 ἡμᾶς

2246 3943 2387 4001 εἶναι
2426 3948 2608 4016 πάσης
2633 3947 2733 4014 τῆς
2759 3943 2885 4014 γῆς·
2915 3942 2949 4014 ἢ
2975 3941 3141 4012 μόνην
3179 3939 3277 4009 τὴν
3306 3939 3414 3993 ἀπὸ
3436 3937 3571 3992 Θεοῦ
3605 3937 3698 3991 διὰ
3730 3936 3824 4004 τῆς

2246 4040 2617 4112 παραόἀσεως
2648 4037 2749 4108 τῆς
2775 4034 3070 4091 ὁποιασοῦν
3099 4032 3322 4104 ἐντολῆς
3352 4029 3519 4086 αὑτοῦ
3547 4030 3823 4083 ἔκπτωσιν

2246 4132 2344 4187 καὶ
2387 4130 2607 4202 μακρὰν
2648 4127 2987 4200 ἁποῤῥιφήν.
3018 4124 3111 4178 Διὸ
3155 4124 3426 4196 χαίρομεν
3467 4123 3560 4176 καὶ
3595 4120 3822 4191 εὐφραι-

2246 4223 2471 4295 νόμεθα,
2513 4224 2597 4277 ὅτι
2626 4219 2731 4275 κᾶν
2754 4219 2966 4283 ἀνάξιοί
3000 4219 3169 4286 ἐσμεν
3201 4214 3297 4269 τοῦ
3324 4210 3557 4286 οὐρανοῦ
3598 4212 3700 4266 καὶ
3727 4210 3822 4279 τῆς

2245 4314 2373 4385 γῆς,
2410 4312 2550 4382 πλὴν
2585 4311 2683 4364 σὺν
2718 4309 2803 4364 σοὶ
2838 4308 2916 4379 τῷ
2966 4307 3107 4378 ἁγίῳ
3148 4305 3305 4377 ἡμῶν
3337 4303 3511 4375 Πατρὶ
3551 4301 3820 4374 κατηξιὼ-

2249 4405 2426 4476 θημεν
2460 4402 2603 4472 ὑπὲρ
2649 4402 2751 4472 τῆς
2790 4399 3015 4467 ἐντολῆς
3058 4396 3225 4452 αὐτοῦ
3261 4395 3435 4449 ταῦτα
3480 4393 3701 4457 παθεῖν,
3733 4391 3821 4445 καὶ

2251 4496 2587 4568 στερηθῆναι
2623 4512 2717 4548 σου
2752 4494 2852 4564 τῆς
2886 4490 3031 4545 κατὰ
3060 4490 3243 4560 σάρκα
3277 4487 3593 4556 συναφείας.
3615 4485 3822 4544 uno;

2248 4588 2358 4659 γὰρ
2392 4586 2511 4658 μεθ’
2532 4584 2691 4656 ἡμῶν
2723 4579 2775 4637 εῐ
2801 4582 2912 4647 ἀεὶ,
2947 4581 3152 4651 Πάτερ,
3182 4578 3461 4651 ὁρώμενος
3498 4576 3595 4628 καὶ
3632 4574 3822 4627 συλλα-

2248 4680 2533 4750 λούμενος.
2565 4678 2674 4731 Καὶ
2700 4678 2819 4741 πῶς
2847 4676 2955 4748 γὰρ
2986 4674 3190 4744 ἑτέρως
3234 4671 3495 4744 ζήσομεν,
3532 4670 3579 4722 εί
3618 4668 3695 4739 μὴ
3739 4665 3824 4720 σοῦ

572 4767 890 4813 sanctarum
944 4772 1166 4827 precum
1202 4756 1455 4827 praesidio
1501 4765 1783 4828 tegantur,
1829 4767 1883 4813 et
1925 4773 1956 4812 a
2001 4759 2147 4814 malo
2183 4752 2185 4802 1

2252 4774 2318 4843 τῇ
2353 4770 2461 4824 τῶν
2482 4770 2653 4839 ἁγίων
2676 4767 2853 4838 εὐχῶν
2879 4766 3058 4837 σκέπῃ
3086 4761 3628 4835 περιφυλαχθεὶημεν
3661 4759 3824 4813 ἀϐλα-

572 4862 854 4902 servemur
892 4849 1139 4903 innoxii?
1182 4849 1445 4905 Seorsum
1480 4849 1726 4920 abjuncti
1770 4864 1835 4905 ac
1874 4852 2145 4921 segregati

572 4940 772 5010 singuli
818 4941 1067 5009 luimus;
1114 4943 1251 4999 salvi
1290 4952 1474 4999 tamen
1506 4958 1698 5000 omnes
1748 4951 1915 5014 atque
1946 4943 2149 5015 integri

574 5046 639 5085 ac
706 5033 930 5089 stabiles
991 5036 1418 5103 permansimus.
1478 5036 1548 5092 Et
1601 5052 1920 5108 quanquam
1981 5053 2145 5108 parva

2254 4860 2371 4923 σείς
2422 4858 2530 4912 ἀπὸ
2586 4856 2683 4911 τοῦ
2747 4855 2996 4926 Πονηροῦ
3020 4896 3035 4921 ,
3102 4852 3417 4922 καταμόνας
3465 4844 3546 4913 εἷς
3597 4849 3824 4907 ἕκαστος

2251 4955 2285 5025 ή
2295 4951 2412 5023 μῶν
2441 4948 2730 5021 διορισθείς
2754 4964 2770 5013 ;
2807 4947 2946 5018 πλὴν
2970 4943 3408 5014 διεφυλάχθημεν
3441 4940 3538 4994 καὶ
3563 4939 3824 4993 διασεσῶ-

2255 5041 2433 5112 σμεθα
2461 5040 2557 5093 καὶ
2597 5037 2917 5111 ἡδράσμεθα
2953 5036 3178 5099 πάντες.
3219 5034 3329 5087 Καὶ
3357 5030 3520 5086 εἶκαὶ
3545 5028 3747 5100 μικρὸν
3774 5042 3822 5079 τι

577 5121 829 5191 «jttmdam
876 5123 1223 5180 incommoda
1268 5128 1322 5180 in
1356 5127 1441 5181 via
1489 5129 1842 5198 pertulimus,
1874 5129 2154 5184 nonnullis

2253 5131 2795 5201 ὲταλαιπωρήσαμεν
2827 5128 2887 5181 ἐν
2927 5128 2995 5197 τῇ
3029 5126 3154 5195 ὀδῷ,
3180 5123 3343 5178 τινῶν
3372 5122 3466 5175 καὶ
3497 5118 3823 5189 ἀσθενησάν-

577 5224 829 5269 nostrum
885 5216 1049 5270 etiam
1106 5219 1295 5273 morbo
1349 5218 1595 5287 allectis;
1659 5222 1750 5277 ille
1798 5222 2154 5276 nihilominus

2250 5238 2392 5276 τωνσ
2428 5223 2577 5291 ὅμως
2624 5222 2653 5275 ὁ
2704 5218 2912 5283 εἰπὼν,
2961 5216 3333 5286 Ἐμόλέψατε
3360 5215 3450 5280 είς
3484 5211 3557 5266 τὰ
3583 5208 3820 5264 πετεινὰ

584 5306 678 5375 qui
713 5306 851 5362 dixit
882 5327 895 5363 :
926 5308 1187 5379 Respicite
1234 5310 1475 5365 volatilia
1516 5315 1653 5379 caeli,
1697 5323 1748 5368 et
1789 5315 1908 5369 lilia
1958 5314 2148 5385 agri‘;

2253 5313 2359 5368 τοῦ
2400 5311 2685 5382 οὐρανοῦ,
2729 5310 2831 5366 καὶ
2863 5311 2951 5376 είς
2982 5309 3052 5363 τὰ
3093 5308 3272 5376 κρίνα
3319 5306 3426 5361 τοῦ
3475 5302 3685 5374 ἀγροῦ,
3731 5298 3820 5353 καὶ

582 5398 680 5467 qui
714 5399 939 5453 minime
971 5399 1107 5454 fallit
1145 5401 1198 5455 in
1232 5402 1520 5471 promissis
1550 5406 1685 5465 suis,
1720 5405 2023 5461 incolumes
2053 5420 2154 5460 nus

2252 5405 2490 5476 ἀψευδὴς
2553 5405 2612 5459 ὲν
2661 5406 2781 5467 ταῖς
2828 5400 3186 5471 ἐπαγγελίαις
3253 5396 3457 5463 αὐτοῦ,
3504 5393 3819 5449 ἀπεσώσατο

578 5488 798 5544 tandem
841 5501 1036 5560 praeter
1062 5506 1214 5562 spem
1244 5502 1485 5550 nostram
1513 5493 1621 5551 huc
1650 5493 2150 5571 [Thessalonicam]

650 5632 665 5663 ¹
690 5631 878 5688 Matth.
909 5647 982 5698 v1,
1015 5630 1104 5701 ‘20,
1127 5630 1217 5687 28.

2249 5498 2419 5571 ἡμᾶς,
2454 5495 2531 5561 ὡς
2556 5495 2656 5551 οὐκ
2682 5493 3010 5567 ἠλπίζομεν,
3044 5489 3426 5566 παραθέμενος
3457 5486 3604 5559 ἡμᾶς
3636 5476 3818 5537 ενταῦ-
