4064 6372
262 361 372 428 905
1494 366 1840 428 EPISTOLA

1940 366 2035 428 ΠΜ
2056 367 2208 428 LIB.
2246 368 2298 429 Ι.
3423 368 3533 434 906

240 482 344 533 θα*
384 475 577 541 κλίνας
616 491 678 528 τε
708 475 792 540 εἰς
823 474 1175 546 συμπάθειαν
1211 475 1315 541 τὰς
1344 478 1575 549 καρδίας
1611 478 1723 533 τῶν
1751 478 1840 533 δν-

1950 475 2239 547 perduxit,
2296 474 2364 531 ad
2417 487 2677 531 aerumnae
2722 482 2928 533 nostrae
2984 473 3529 538 commiserationem

249 588 364 624 των
398 567 613 639 ἀνδρῶν
638 565 743 637 τῆς
772 566 1153 638 ταλαιπωρίας
1173 567 1358 639 ἡμῶν,
1379 568 1477 622 καὶ
1508 567 1747 639 μάλιστά
1773 584 1840 637 γε

250 661 350 717 τοῦ
401 654 865 730 άρχιεπισκόπου.
898 656 1017 713 Μία
1054 656 1115 711 δὲ
1148 656 1337 711 λοιπὸν
1390 656 1632 729 μέριμνά
1687 658 1840 712 ἐστιν

250 756 389 824 ἡμῖν
416 752 514 805 καὶ
551 749 928 812 ἀδιάσπαστος
959 748 1269 820 ἀδολεσχία,
1302 748 1443 820 μετὰ
1469 748 1713 822 δεήσεως
1746 751 1840 804 εκ-

250 840 446 908 τενοῦς
494 841 592 897 καὶ
628 839 897 908 ἀναξίας,
954 841 1018 895 τὺ
1066 840 1129 894 σὲ
1186 840 1607 912 κραταιοῦσθαι,
1653 842 1839 915 Πάτερ

253 935 414 1009 ἡμῶν
448 932 824 1005 πολυπόθητε,
872 933 971 988 καὶ
1019 932 1204 1004 μένειν
1246 934 1306 987 ὲν
1346 934 1464 997 τοῖς
1494 933 1841 1006 δεδογμένοις

251 1030 356 1100 τῆς
386 1026 528 1097 ὑπὲρ
560 1024 827 1097 άληθείας
847 1022 987 1079 Θεοῦ
1019 1025 1315 1095 δμολογίας
1341 1024 1537 1096 ἀκλινῆ
1580 1027 1678 1080 καὶ
1717 1025 1841 1080 άκί-

251 1136 446 1191 νητον,
498 1117 559 1171 εν
602 1116 799 1187 μηδενὶ
841 1115 1187 1189 πτυρόμενον
1208 1157 1225 1184 ,
1272 1117 1306 1188 ἦ
1354 1116 1688 1189 διψυχοῦντα
1720 1118 1841 1180 ταῖς

251 1210 365 1273 τῶν
400 1206 819 1282 προϐαλλόντων
830 1205 964 1262 Ωατ’
995 1208 1306 1281 ἐκστροφὴν
1324 1208 1435 1265 τῶν
1460 1208 1841 1281 οἰκοδομηθέν-

253 1321 366 1358 των
419 1320 505 1357 σοι
540 1302 726 1373 χάριτι
766 1301 904 1356 Θεοῦ
941 1302 1087 1374 ὑπὲρ
1115 1301 1402 1368 εὐσεϐείας
1438 1303 1842 1374 ἀγωνισμάτων

254 1394 664 1465 ιγχειρήσεσιν.
707 1392 1003 1465 Ἐξήχηται
1035 1393 1145 1463 γὰρ
1171 1395 1201 1448 6
1219 1393 1377 1464 λόγος
1400 1394 1707 1465 πανταχοῦ,
1742 1394 1842 1451 καὶ

252 1485 615 1557 δεδυσώπηκε
650 1484 840 1556 σχεδὸν
874 1487 1057 1540 πᾶσαν
1089 1484 1292 1557 ψυχὴν,
1324 1485 1419 1540 καὶ
1451 1486 1647 1558 ἤγειρε
1671 1486 1841 1559 κέρας

252 1577 533 1648 σωτηρίας
588 1577 649 1630 ιν
708 1579 825 1641 τοῖς
873 1578 1249 1649 Χριστιανοῐς,
1299 1576 1398 1632 καὶ
1443 1578 1669 1648 ἀφεῖλεν
1697 1579 1842 1634 ὄνει-

252 1670 347 1735 δος
376 1672 441 1723 ὲκ
468 1669 581 1725 τῶν
613 1670 922 1741 μοναστῶν.
971 1671 1086 1726 Καὶ
1113 1668 1210 1726 οἷδ’
1234 1672 1319 1726 ὅτι
1358 1671 1585 1744 φήσειεν
1609 1672 1843 1737 ἕκαστος

253 1757 319 1815 εὖ
361 1760 600 1833 φρονῶν,
631 1762 718 1815 ὅτι
745 1760 814 1833 ζῇ
842 1759 1082 1833 Χριστὸς
1110 1761 1170 1815 ὲν
1207 1762 1364 1832 ἡμῖν,
1404 1763 1503 1818 καὶ
1537 1762 1839 1833 βασιλεύει,

1944 568 2253 624 incolarum
2280 567 2447 623 corda
2491 566 2798 636 inflectens,
2830 568 2927 625 sed
2969 569 3321 641 potissimum
3352 573 3534 628 archi-

1943 658 2208 727 episcopi.
2267 656 2499 728 Reliqua
2537 672 2669 715 vero
2724 673 2833 715 una
2887 669 2974 717 est
3029 676 3165 719 cura
3203 672 3424 732 nostra,
3479 674 3535 722 et

1942 748 2173 805 assidua
2200 748 2508 813 meditatio,
2538 763 2667 805 cum
2706 750 2938 821 prolixis
2962 751 3219 823 precibus
3245 762 3303 809 et
3335 754 3532 811 imme-

1943 840 2087 906 ritis,
2118 850 2179 895 ut
2220 841 2336 911 ipse
2364 841 2767 908 eorrohoreris,
2796 841 2960 898 Pater
3005 843 3553 907 desiderabilissime.

1940 939 1998 986 et
2046 931 2102 986 in
2150 930 2399 987 instituta
2443 946 2544 1003 pro
2580 932 2815 988 veritate
2860 931 2957 989 Dei
3002 934 3353 992 confessione
3387 936 3532 994 lixus

1945 1034 2116 1093 atque
2161 1023 2460 1081 immobilis
2484 1039 2735 1093 maneas;
2762 1024 2900 1081 nihil
2930 1027 3239 1098 trepidans,
3274 1038 3368 1085 aut
3412 1031 3535 1086 ani-

1942 1130 2093 1171 mum
2123 1116 2463 1173 conturbans
2506 1117 2575 1173 ad
2611 1132 2806 1174 eorum
2839 1117 3100 1189 insultus,
3138 1120 3232 1192 qui
3272 1120 3533 1177 certami-

1942 1226 2075 1265 num
2118 1210 2350 1282 gloriam
2404 1227 2530 1283 quae
2574 1227 2677 1283 pro
2710 1214 2916 1284 pietate
2947 1229 3077 1271 cum
3125 1214 3308 1273 divina
3353 1216 3530 1289 gratia

1941 1300 2127 1357 obiisti
2153 1341 2169 1368 ,
2231 1311 2480 1359 evertere
2519 1311 2814 1360 conantur.
2872 1304 3077 1376 Sparsa
3130 1306 3279 1362 enim
3325 1307 3533 1377 ubique

1944 1389 2090 1445 fama
2124 1400 2231 1458 est,
2265 1405 2571 1463 omnesque
2599 1393 2998 1464 propemodum
3028 1394 3282 1451 homines
3307 1405 3533 1467 stupore

1942 1484 2258 1556 complevit,
2299 1493 2355 1540 et
2392 1499 2565 1541 cornu
2611 1485 2810 1543 salutis
2854 1487 3033 1544 erexit
3082 1487 3140 1543 in
3172 1488 3530 1558 Christianis,

1943 1574 2230 1631 infamiam
2265 1575 2527 1633 auferens
2562 1592 2631 1632 ex
2663 1576 2859 1634 ordine
2897 1579 3321 1637 monachorum.
3351 1581 3531 1653 Atque

1944 1666 2073 1734 hoc,
2129 1668 2287 1736 scio,
2339 1668 2603 1724 fatebitur
2646 1668 3034 1741 unusquisque
3087 1685 3314 1743 compos
3369 1681 3531 1730 rectas

1943 1758 2169 1824 mentis,
2200 1758 2387 1815 vivere
2418 1758 2699 1816 Christum
2742 1759 2799 1815 in
2834 1760 3017 1827 nobis,
3050 1770 3107 1817 et
3151 1777 3403 1833 regnare,
3448 1765 3531 1820 ei-

253 1854 355 1907 καὶ
373 1822 1006 1924 -πειθαρχεϊταῦμᾶλλον
1033 1822 1175 1926 ὑπὲρ
1203 1822 1650 1923 άνθρώπουςόὓς
1670 1822 1840 1909 ἔπλαἐ

1945 1862 2052 1919 que
2081 1822 2310 1905 obedire
2333 1863 2437 1906 nos
2471 1849 2649 1921 magis
2670 1864 2835 1920 quam
2863 1822 3183 1908 hominibus
3211 1822 3353 1923 quos
3376 1822 3531 1909 crea-

253 1960 375 2009 σεν,
412 1944 510 2015 οὐχ
557 1944 647 1999 ἴνα
689 1943 1023 2016 άπειθῆται,
1076 1943 1374 2016 δοξάζηται
1409 1944 1471 2000 δι
1510 1943 1604 2002 ὑπ’
1637 1945 1840 2000 αὐτῶν.

252 2036 447 2090 Πάντα
479 2032 574 2091 οὖν
600 2035 914 2106 γινώσκεις,
950 2032 1101 2103 οἶδας
1138 2038 1211 2093 τά
1249 2038 1463 2103 δέοντα,
1493 2037 1554 2093 οὐ
1583 2037 1683 2109 τῆς
1706 2039 1844 2108 ἠμε-

249 2127 426 2197 τέρας
460 2128 822 2201 ὑπομνήσεως
853 2128 984 2202 δέῃ’
1029 2129 1174 2199 πλὴν
1217 2130 1626 2200 προεκέλευσας
1665 2128 1844 2195 οῦτως

250 2219 408 2288 ἡμᾶς
440 2220 693 2290 γράφειν.
741 2221 835 2276 Διὸ
867 2220 933 2293 δὴ
981 2220 1058 2293 μὴ
1088 2221 1357 2295 φοϐηθῇς,
1388 2222 1597 2293 Πάτερ,
1627 2222 1842 2295 άνθρω-

251 2325 383 2375 πον,
423 2308 458 2379 ἢ
496 2309 802 2381 ἀνθρώπιον
831 2311 1131 2383 εκθλίψεις.
1164 2313 1459 2387 Γνωρίζεις
1490 2316 1574 2371 ὅτι
1606 2317 1657 2371 οί
1694 2314 1844 2384 ἅγιοι

232 2400 394 2472 νδναρ
420 2401 514 2455 καὶ
541 2401 701 2457 σκιάν
724 2402 904 2459 ταῦτα
931 2403 1306 2477 λογισάμενοι,
1333 2406 1843 2480 ἑθαυμαστώθησαν

247 2493 310 2546 ὲν
353 2493 573 2567 οὐρανῷ
613 2494 711 2565 καὶ
747 2497 844 2551 επὶ
886 2497 1015 2569 γῆς.
1049 2499 1288 2570 Μικρὸν,
1327 2498 1551 2572 δέομαι,
1586 2501 1842 2573 πονήσω-

251 2603 379 2657 μεν·
421 2586 505 2641 ἔτι
542 2588 740 2662 μικρὸν
789 2589 1211 2663 ὑπομείνωμεν
1249 2594 1344 2649 καὶ
1377 2593 1609 2666 ἧνυσται
1651 2595 1786 2665 ἡμῖν
1810 2593 1842 2648 ὁ

244 2676 457 2748 δρόμος
483 2681 513 2733 6
540 2680 726 2746 καλός.
757 2682 871 2736 Καὶ
895 2685 925 2737 6
972 2684 1243 2754 στέφανος
1288 2685 1629 2752 πέπλεκται,
1667 2685 1767 2741 καὶ
1811 2686 1843 2739 6

250 2773 450 2842 μισθὸς
479 2774 835 2845 ἑτοιμάζεται
867 2775 1112 2843 αἰώνιος,
1141 2778 1237 2833 καὶ
1270 2777 1427 2847 φίλος
1454 2778 1706 2852 κληθήσῃ
1743 2777 1841 2832 τοῦ

246 2866 585 2938 ἐπουρανίου
612 2867 901 2937 βασιλέως,
933 2870 1031 2925 καὶ
1060 2870 1171 2925 τῶν
1199 2870 1373 2939 ἁγίων
1418 2871 1709 2936 κοινωνὸς,
1742 2868 1842 2923 καὶ

243 2959 599 3032 ὁμολογητὴς
655 2961 812 3034 παρὰ
848 2961 1182 3033 ἀνθρώποις.
1224 2964 1356 3030 Ναὶ,
1396 2966 1485 3019 ναὶ
1515 2965 1706 3038 δέομαι
1745 2968 1841 3023 καὶ

242 3052 521 3107 ἀντισολῶ
574 3052 645 3108 τὰ
683 3054 933 3125 πατρικά
973 3072 1077 3124 μου
1118 3056 1439 3128 σπλάγχνα·
1490 3059 1653 3128 γενοῦ
1707 3060 1840 3131 ἡμῖν

242 3143 538 3216 ὀχύρωμα,
577 3147 846 3219 ὑπομονὴ,
871 3147 1166 3219 καρτερία.
1210 3150 1338 3203 Ἐάν
1359 3150 1470 3223 γάρ
1499 3152 1588 3218 σὺ,
1628 3152 1834 3226 Πάτερ,
1865 3169 1911 3230 c

245 3238 506 3308 στήκῃς,
537 3239 699 3308 ἡμεῖς
738 3240 809 3295 τὰ
852 3240 1051 3312 ἀχρεῖά
1092 3258 1188 3296 σου
1242 3243 1413 3303 τέκνα
1445 3244 1838 3318 εὐτονούμεθα,

246 3327 437 3380 πάντα
468 3328 690 3398 οἴσομεν
740 3330 1010 3399 γενναίως
1061 3330 1132 3386 τά
1181 3333 1575 3403 ωμὸαίνοντα,
1607 3336 1842 3407 δυνάμει

243 3414 389 3470 Θεοῦ
426 3417 521 3471 καὶ
550 3418 739 3487 εὐχαῖς
770 3436 889 3473 σου.
928 3421 1024 3475 Ἐκ
1056 3422 1167 3492 γὰρ
1190 3421 1327 3477 Θεοῦ
1358 3425 1392 3494 ἡ
1416 3425 1839 3498 παραχώρησις,

242 3506 426 3570 οὕτως
451 3506 804 3573 εὐδοκοῦντος
842 3509 1063 3574 πάντως
1112 3511 1185 3565 τὰ
1233 3513 1505 3585 ἡμέτερα,
1546 3516 1642 3571 καὶ
1670 3517 1841 3572 αὐτοῦ

240 3596 487 3662 διδόντος
520 3597 775 3668 δύναμιν.
820 3599 933 3663 Τάς
972 3600 1323 3671 τεχνολογίας
1373 3604 1486 3658 τῶν
1529 3605 1843 3663 ὐποκλίνειν

242 3706 308 3743 σε
340 3689 448 3760 τῆς
477 3690 736 3762 ἀληθείας
767 3693 1129 3764 πειρωμένων
1183 3695 1261 3768 μὴ
1301 3696 1368 3768 δὴ
1415 3698 1609 3768 πτοοῦ,
1652 3690 1700 3754 ὧ
1730 3701 1843 3755 Πά-

239 3798 368 3852 τερ.
405 3781 638 3846 ’Δπλοῦς
680 3784 710 3838 6
747 3783 928 3853 λόγος.
956 3786 1098 3858 Φησὶ
1136 3788 1247 3860 γάρ
1282 3806 1388 3843 που
1426 3791 1455 3843 6
1496 3789 1655 3860 ἅγιος
1695 3792 1843 3846 Ἐπι-

241 3872 447 3941 φάνιος
476 3874 535 3926 ὲν
567 3872 645 3944 τῷ
675 3874 803 3944 περὶ⁸
848 3874 943 3931 τοῦ
974 3878 1170 3949 Πάσχα
1206 3880 1375 3935 αὐτοῦ
1414 3880 1581 3953 λόγῳ·
1614 3877 1741 3947 υἷος
1772 3885 1840 3940 ἂν

237 3959 275 4040 ᾗ
321 3964 641 4036 ἄνθρωπος,
668 3967 824 4039 παρὰ
869 3967 941 4023 τά
987 3969 1049 4024 εν
1093 3971 1335 4045 τῇηθεία
1380 3973 1574 4046 Γραφῇ
1606 3976 1840 4047 κείμενα

240 4054 667 4127 συμϐουλεύων,
737 4056 849 4113 άπὸ
896 4059 1129 4132 καρδίας
1166 4061 1338 4129 λαλεῖ,
1382 4064 1477 4118 καὶ
1523 4066 1840 4138 ἐντάλματα

236 4145 559 4217 ἀνθρώπων
595 4146 892 4219 διηγεῖται’
924 4149 1022 4203 καὶ
1061 4152 1189 4223 περὶ
1229 4151 1341 4207 τῶν
1369 4156 1629 4210 τοιούτων
1655 4156 1839 4228 φέρων

233 4233 308 4287 τὰ
343 4232 447 4287 τοῦ
492 4235 821 4292 Ἀποστόλου
850 4238 997 4308 λέγει
1016 4282 1033 4307 ,
1064 4240 1147 4295 ὅτι
1176 4242 1302 4298 Κᾶν
1332 4242 1591 4314 ἅγγελος
1619 4246 1690 4313 ἐξ
1727 4250 1832 4304 οὐ-

224 4324 441 4395 ρανοῦ
470 4326 663 4395 ἐστιν,
698 4328 969 4401 ἀνάθεμα
1002 4330 1185 4399 αὐτῷ.
1235 4333 1346 4389 Ποῦ
1378 4334 1435 4390 δὲ
1469 4338 1719 4410 φήσομεν
1748 4341 1834 4407 τὸ,

236 4419 307 4470 Ol
354 4416 544 4485 ἱερεῖς
566 4435 689 4488 μου
714 4420 974 4489 nosam
998 4424 1189 4493 νόμον
1202 4443 1346 4495 μου,
1374 4428 1474 4482 καὶ
1503 4428 1837 4500 ὲεεσήλουν

1942 1939 2058 2006 vit;
2094 1953 2204 1994 non
2232 1947 2294 1994 ut
2339 1947 2750 2008 contemnatur,
2791 1942 2888 1997 sed
2924 1941 3265 2013 glorificetur
3305 1943 3376 1998 ab
3419 1945 3526 2000 eis.

1941 2029 2140 2089 Omnia
2182 2046 2315 2105 ergo
2366 2032 2463 2088 tibi
2513 2041 2804 2104 perspecta
2855 2044 3021 2091 sunt:
3049 2034 3162 2091 scis
3204 2033 3342 2107 quid
3384 2034 3530 2090 facto

1940 2139 2116 2196 opus;
2168 2125 2602 2181 commonitione
2646 2133 2840 2182 nostra
2891 2140 3001 2182 non
3037 2140 3166 2198 eges
3200 2142 3216 2181 :
3245 2136 3530 2183 verumta-

1942 2225 2070 2268 men
2112 2212 2232 2269 hatc
2274 2212 2350 2269 ita
2386 2227 2490 2269 nos
2536 2214 2783 2271 scribere
2818 2216 3148 2287 praecepisti.
3181 2214 3366 2283 Quare
3416 2216 3530 2273 noli

1942 2303 2227 2361 hominem
2269 2305 2494 2374 timere,
2524 2304 2710 2373 Pater,
2740 2314 2839 2362 aut
2870 2306 3156 2363 hominum
3186 2308 3529 2364 vexationes.

1940 2392 2099 2454 Nosti
2123 2406 2351 2454 sanctos
2379 2411 2507 2453 cum
2540 2398 2798 2455 umbram
2837 2407 2895 2455 et
2914 2398 3188 2454 somnium
3220 2398 3339 2455 hare
3359 2397 3528 2453 duce-

1942 2495 2090 2557 rent,
2126 2489 2484 2548 admirabiles
2515 2490 2659 2547 cteio
2701 2490 2977 2562 terrisque
3011 2490 3315 2547 exstitisse.
3355 2488 3530 2546 tiodi-

1939 2593 2089 2647 cum,
2121 2594 2336 2651 quaeso.
2368 2581 2686 2637 laboremus
2713 2598 2728 2639 :
2751 2581 3029 2638 modicum
3052 2581 3235 2638 adhuc
3254 2580 3531 2637 sustinea-

1947 2687 2097 2741 mus,
2139 2682 2196 2729 et
2239 2673 2522 2744 egregium
2565 2688 2790 2730 cursum
2835 2672 3363 2730 consummahimus.
3405 2669 3529 2728 iam

1940 2776 2150 2818 corona
2209 2762 2421 2819 texitur
2447 2801 2465 2828 ,
2518 2775 2733 2819 merces
2782 2770 2987 2817 arterna
3041 2770 3415 2832 praeparatur,
3474 2770 3532 2816 et

1941 2850 2186 2909 cmlestis
2233 2851 2381 2923 regis
2447 2851 2664 2908 amicus
2722 2860 3163 2923 sanctorumque
3255 2849 3529 2922 particeps

1942 2943 2237 3012 vocabere,
2268 2954 2325 3002 et
2350 2944 2498 3016 apud
2538 2943 3141 3002 homines-confessor.
3166 2943 3282 3013 Sic,
3309 2944 3393 3002 sic
3428 2958 3529 3001 oro

1942 3047 2109 3108 atque
2161 3036 2407 3094 obtestor
2459 3034 2642 3094 Patris
2695 3037 2804 3093 mei
2860 3037 3077 3094 viscera
3124 3054 3141 3094 :
3189 3047 3312 3095 esto
3366 3036 3529 3095 nobis

1942 3127 2231 3198 fortitudo,
2275 3128 2560 3200 patientia,
2607 3128 2939 3185 constantia.
2989 3126 3073 3184 Tu
3118 3128 3265 3185 enim
3290 3168 3306 3193 ,
3341 3127 3527 3195 Pater,

1942 3220 1989 3276 si
2019 3219 2258 3288 steteris,
2284 3234 2388 3276 nos
2411 3220 2714 3278 imbecilles
2737 3220 2838 3277 lilii
2866 3220 2946 3277 tui
2977 3219 3309 3277 valentiores
3328 3220 3531 3276 redde-

1944 3326 2110 3377 mur,
2151 3319 2208 3367 et
2253 3311 2443 3369 viriles
2490 3312 2709 3368 animos
2758 3311 3065 3383 capiemus,
3116 3325 3282 3368 casus
3335 3325 3529 3367 omnes

1942 3401 2156 3459 fortiter
2194 3400 2461 3472 feremus,
2507 3403 2607 3459 Dei
2644 3403 2850 3461 virtute
2897 3419 2964 3461 ac
2992 3403 3250 3475 precibus
3298 3402 3430 3460 tuis.
3480 3408 3528 3457 Λ

1943 3492 2058 3550 Deo
2108 3493 2383 3566 siquidem
2436 3504 2524 3553 est
2580 3496 2672 3553 hic
2723 3510 3016 3563 secessus,
3053 3496 3138 3553 sic
3191 3495 3530 3568 approbante

1942 3587 2174 3645 omnino
2201 3602 2291 3645 res
2324 3597 2570 3659 nostras,
2590 3588 2851 3661 viresque
2883 3589 3288 3662 suppeditante.
3318 3586 3529 3644 Facun—

1941 3678 2089 3735 diam
2116 3693 2308 3735 eorum
2338 3680 2433 3751 qui
2466 3689 2520 3736 te
2548 3695 2582 3736 a
2626 3680 2860 3737 veritate
2900 3680 3187 3737 dimovere
3230 3690 3525 3735 conantur.

1942 3768 2088 3825 haud
2116 3784 2399 3841 quaquam
2432 3769 2783 3835 reformides,
2814 3768 2997 3826 Pater.
3033 3768 3279 3841 Simplex
3316 3784 3525 3825 sermo.

1940 3861 2033 3916 Ait
2067 3861 2214 3917 enim
2268 3862 2487 3933 uspiam
2523 3874 2752 3920 sanctus
2796 3864 3138 3936 Epiphanius
3181 3864 3238 3920 in
3282 3865 3529 3920 oratione

1942 3966 2045 4008 sua
2081 3951 2153 4008 de
2182 3950 2472 4020 Paschate,
2501 3954 2686 4025 qualis
2709 3953 2783 4014 sit
2808 3956 2997 4024 homo,
3024 3965 3222 4027 praeter
3241 3972 3303 4011 ea
3325 3972 3448 4027 qua;
3471 3956 3526 4012 in

1940 4044 2142 4101 divinis
2170 4044 2398 4102 Litteris
2432 4048 2639 4119 scripta
2672 4057 2825 4113 sunt,
2876 4049 3204 4116 consultus;
3243 4065 3311 4105 ex
3362 4049 3530 4105 corde

1942 4137 2211 4208 loquitur,
2253 4148 2308 4194 et
2332 4149 2560 4194 enarrat
2598 4139 2861 4196 mandata
2904 4140 3211 4197 hominum.
3252 4139 3318 4196 Et
3344 4140 3412 4197 de
3442 4140 3529 4196 his

1942 4232 2077 4302 ipsis
2127 4231 2375 4303 Apostoli
2432 4232 2596 4289 verba
2671 4234 2982 4303 producens
3027 4231 3259 4298 :Licet,
3310 4234 3525 4305 inquit,

1940 4324 2156 4396 angelus
2178 4330 2243 4380 de
2273 4325 2402 4381 caelo
2429 4327 2523 4391 sit,
2562 4326 2849 4381 anathema
2881 4327 2968 4382 illi
2986 4328 3029 4383 ⁸.
3057 4326 3178 4396 Quo
3208 4337 3391 4385 autem
3422 4344 3528 4384 nu-

1939 4432 2096 4474 mero
2140 4418 2272 4474 illud
2320 4418 2692 4487 censebimus,
2720 4418 3035 4477 Sacerdotes
3064 4421 3165 4476 mei
3202 4431 3529 4493 contempse-

231 4507 309 4562 τὰ
338 4509 493 4578 ἅγιά
517 4528 674 4580 you;
706 4511 736 4566 δ
762 4516 1102 4587 προφητικὸν
1134 4517 1195 4572 ὃν
1229 4520 1557 4592 προσλασὼν
1591 4525 1619 4578 6
1637 4523 1832 4579 Θεολό-

1940 4520 2062 4565 ruut
2104 4510 2269 4582 legem
2308 4527 2504 4579 meam,
2553 4522 2604 4568 et
2634 4511 2943 4583 polluerunt
2981 4515 3298 4569 sanctuaria
3328 4530 3445 4569 mea
3468 4514 3529 4569 'l

231 4615 336 4668 γος
371 4601 440 4655 ὲν
470 4600 547 4672 τῷ
575 4603 800 4677 μεγάλῳ
834 4605 1291 4678 ’Δπολοτητικῷ,
1316 4614 1674 4687 προστίθησιν
1690 4616 1837 4673 οὕτω

230 4690 455 4761 λέγων’
494 4693 755 4769 Βεϐήλοις
805 4700 901 4754 καὶ
937 4702 1108 4766 ὁσίοις
1141 4703 1205 4757 οὐ
1251 4704 1577 4763 διέστελλον
1617 4708 1736 4765 ἀλλ’
1766 4706 1837 4784 ἦν

228 4784 435 4880 αὐτοῖς
468 4787 685 4880 ἅπαντα
732 4791 911 4849 κοινά.
961 4795 1112 4850 Πόσα
1138 4796 1197 4851 δὲ
1240 4797 1410 4865 ἄλλα,
1442 4800 1540 4856 ἐάν
1567 4820 1655 4867 τις
1704 4803 1837 4880 θέλῃ

227 4875 507 4968 ἀκούεινς
542 4879 913 4937 Παυέσθωσαν
963 4884 1154 4941 λοιπὸν
1186 4889 1235 4943 οί
1264 4889 1687 4963 διαστρέφοντες
1734 4875 1837 4968 τὴν

225 4966 509 5040 ἀλήθειαν
535 4969 633 5025 τοῦ
662 4973 800 5028 Θεοῦ
826 4974 1048 5046 ψευδέσι
1075 4979 1277 5050 λόγοις,
1306 4983 1403 5036 καὶ
1426 4984 1640 5051 ἑαυτοῖς
1668 4966 1838 5059 προσ-

225 5062 543 5131 εχέτωσαν.
592 5063 785 5137 Ἡμεῖς
814 5068 924 5141 γάρ
965 5069 1067 5141 τῆς
1116 5071 1343 5145 ἐντολῆς
1387 5076 1692 5150 τηλαυγοῦς
1742 5079 1834 5133 οῦ-

225 5169 365 5224 σης,
405 5154 506 5208 acal
542 5157 610 5228 τῇ
641 5157 956 5230 παραϐάσει
989 5163 1052 5216 τὸ
1082 5162 1302 5221 αίώνιον
1331 5166 1446 5240 πῦρ
1473 5169 1830 5244 ἀπειλούσης,

224 5245 338 5316 οὐχ
373 5246 741 5319 ὑποκύψομεν
768 5252 887 5316 τοῖς
932 5253 1303 5324 ἀνθρωπίνοις
1346 5259 1591 5334 φόϐοιςῆ
1625 5264 1831 5327 πόνοιςο

224 5342 292 5394 οὐ
314 5381 332 5407 ,
392 5342 479 5413 μὰ
523 5344 650 5409 τοὺς
678 5345 820 5418 ὑπὲρ
868 5348 1074 5422 ἀρετῆς
1125 5353 1379 5423 ἀγῶνας
1428 5357 1544 5411 ἀλλ’
1574 5359 1623 5412 εί
1652 5360 1749 5414 καὶ
1773 5358 1834 5413 τὸ

225 5429 380 5503 αἷμα
417 5435 614 5506 χεῦσαι
641 5437 742 5504 δεῖ,
772 5441 913 5510 μετὰ
939 5444 1117 5515 χαρᾶς
1142 5449 1510 5519 ποιησόμεθα,
1544 5450 1687 5509 Θεοῦ
1738 5454 1827 5509 ὲν-

229 5526 530 5597 ισχύοντος
557 5528 647 5582 διὰ
676 5530 785 5585 τῶν
818 5533 928 5588 σῶν
960 5535 1134 5604 ἁγίων
1165 5542 1506 5613 προσευχῶν.

307 5800 329 5832 ²
352 5797 537 5855 Gal-at.
569 5815 610 5864 ι,
642 5799 697 5855 8.
772 5802 793 5834 ³
816 5802 1011 5860 Ezech.
1040 5826 1174 5871 χιιι,
1207 5811 1300 5867 26.

524 5900 799 5965 Pauor“
836 5902 953 5966 Gn.
990 5905 1176 5968 XCIX

1941 4600 2089 4672 quod
2118 4601 2398 4672 prophetae
2426 4601 2639 4658 dictum
2672 4618 2950 4675 usurpans
2979 4601 3295 4676 Theologus
3324 4606 3376 4659 in
3411 4620 3528 4659 ma-

1942 4707 2049 4765 gno
2074 4692 2443 4763 Apologetico,
2487 4697 2605 4751 haec
2633 4694 2786 4751 addit
2817 4712 2831 4750 :
2860 4693 3104 4751 Profana
3134 4706 3190 4751 et
3226 4711 3383 4751 sacra
3414 4711 3525 4753 non

1940 4783 2373 4854 distinguebant,
2424 4785 2519 4841 sed
2559 4786 2746 4842 omnia
2806 4786 2916 4843 illis
2965 4785 3286 4842 communia
3344 4797 3521 4844 erant.

1932 4875 2109 4942 Quam
2164 4878 2335 4930 multa
2382 4886 2513 4931 sunt
2542 4878 2671 4943 alia,
2701 4878 2749 4933 si
2783 4878 2910 4949 quis
2939 4879 3135 4934 audire
3165 4879 3329 4933 velit?
3367 4877 3524 4935 Desi-

1932 4976 2065 5022 nant
2116 4982 2265 5038 ergo,
2318 4969 2413 5038 qui
2459 4968 2614 5026 falsis
2659 4971 3011 5026 sermonibus
3057 4979 3382 5041 pervertunt
3427 4971 3520 5027 Dei

1932 5059 2243 5129 veritatem,
2291 5062 2506 5133 sibique
2541 5063 2678 5134 ipsis
2714 5064 3022 5121 attendant.
3055 5063 3167 5122 Nos
3208 5066 3353 5122 enim
3392 5082 3518 5123 cum

1936 5154 2287 5221 perspicuum
2347 5154 2418 5210 sit
2473 5156 2842 5225 mandatum,
2902 5161 2959 5213 et
3017 5157 3200 5230 ignem
3254 5169 3519 5217 aaternum

1938 5245 2429 5313 praevaricantibus
2490 5249 2771 5315 minetur,
2838 5266 3192 5324 nequaquam
3255 5254 3518 5311 cedemus

1935 5338 2191 5395 humanis
2231 5342 2531 5398 terroribus
2581 5352 2676 5398 aut
2712 5344 3029 5416 suppliciis;
3068 5360 3307 5418 non,per
3332 5361 3522 5403 susce-

1933 5437 2025 5499 pta
2080 5446 2180 5500 pro
2235 5432 2466 5489 veritate
2517 5436 2841 5493 certamina.
2887 5436 3026 5503 Quin
3087 5438 3136 5493 si
3191 5438 3516 5508 sanguinem

1933 5519 2261 5593 profundere
2276 5538 2413 5594 opus
2429 5523 2521 5590 sit,
2539 5525 2772 5581 libentes
2786 5536 2953 5598 atque
2974 5527 3175 5583 hilares
3215 5526 3344 5598 prof
3344 5526 3515 5582 unde-

1936 5630 2081 5684 mus,
2100 5613 2211 5672 Deo
2231 5630 2333 5674 nos
2359 5631 2458 5688 per
2476 5626 2696 5677 sanctas
2721 5634 2914 5691 preces
2956 5630 3079 5678 tuas
3095 5616 3495 5678 corroborante

3074 5913 3155 5979 29
