4064 6372
599 272 704 340 9οἸ

1802 278 1863 338 S.
1893 277 2690 343 TllEODORI“.STUDIT/E

3759 280 3852 346 sos

673 382 918 440 Viriliter
981 395 1083 452 age
1137 390 1193 438 et
1240 390 1338 448 tu,
1381 379 1606 438 domine
1655 379 1824 438 frater
1883 382 2182 454 Euthymi:

2373 384 2650 457 Ἀνδρίζου
2688 379 2782 440 οὖν
2831 384 2927 440 καὶ
2960 383 3124 450 αὐτὸς
3145 423 3162 452 ,
3191 383 3394 456 ἀδελφὲ
3435 383 3566 457 κῦρι
3613 383 3849 461 Εὐθύμιε·

600 479 808 536 bonum
833 474 1055 544 εει-ιδειὶ
1087 482 1365 530 certamen
1389 475 1409 506 ⁸
1443 491 1460 530 :
1492 488 1561 530 ne
1589 473 1913 532 deseramus
1941 490 2065 538 nos.
2096 474 2191 530 lux

599 587 746 639 mea,
780 579 835 626 et
863 569 1080 630 viscera
1111 557 1233 624 mea
1261 583 1276 622 :
1304 582 1374 622 ne
1412 580 1516 637 pro
1557 567 1758 638 exiguo
1787 575 1844 622 et
1875 568 2026 622 brevi
2055 566 2194 646 [reti-

2295 477 2462 532 καλὸν
2486 479 2681 549 ἀγῶνα
2725 477 3004 550 ἠγωνίσωθ
3039 477 3120 550 μὴ
3146 477 3570 550 ἀπολειφθῶμεν
3608 480 3849 554 ἀλλήλων,

2295 569 2416 641 φῶς
2459 570 2596 643 ἐμὸν
2635 569 2734 626 καὶ
2766 569 3098 642 σπλάγχνονο
3140 569 3222 642 μὴ
3255 569 3326 624 δι’
3350 569 3542 640 ὀλίγην
3572 572 3666 627 καὶ
3705 577 3850 647 πρός.

600 665 692 720 tiae
729 663 956 728 fructu,
985 662 1200 718 beatam
1231 658 1402 715 vitam
1450 659 1791 718 amittamus.
1834 659 1914 716 Ne
1950 674 2184 732 prtesen-

2294 681 2487 736 καιρον
2535 664 2798 730 εὐζωῖαν,
2847 663 3210 736 ἀπολέσωμεν
3241 661 3346 736 τὴν
3377 665 3666 736 ¹μακαρίαν
3705 668 3847 742 ζωήν.

599 759 740 814 tium
763 770 962 818 rerum
990 753 1336 825 iucunditate
1373 750 1652 820 capiaris,
1675 765 1811 806 neve
1853 751 1921 807 ad
1955 752 2188 810 tribula-

601 848 786 902 tiones
829 844 1181 908 succumbas,
1213 841 1407 898 frater.
1437 837 1559 894 Noli
1589 849 1737 910 terga
1765 840 1920 897 dare.
1952 840 2187 898 Gavisus

599 948 685 994 est
715 938 993 1000 Christus,
1019 935 1213 990 videns
1243 942 1304 988 te
1327 947 1428 989 sua
1462 945 1628 986 causa
1658 932 2015 1003 ﬂagellatam.
2041 931 2187 988 Cave

597 1031 749 1084 illum
775 1028 1088 1092 contristes,
1119 1025 1320 1081 dilecte
1346 1024 1442 1089 mi,
1474 1023 1557 1077 vel
1579 1023 1914 1081 collaatantes
1937 1026 2185 1097 angelos,

597 1121 686 1176 vel
724 1120 1010 1176 dominum
1042 1116 1282 1182 Patrem,
1315 1115 1420 1176 vel.
1453 1130 1576 1186 qua:
1609 1129 1710 1172 nos
1750 1115 1958 1186 Spiritu
1993 1129 2187 1174 sancto

593 1211 758 1268 enixa
800 1219 902 1276 est,
949 1207 1318 1266 venerandam
1369 1207 1620 1274 Matrem,
1671 1207 1756 1264 vel
1805 1207 2008 1265 fratres
2062 1219 2186 1266 tuos

595 1317 814 1367 omnes,
837 1315 1036 1370 meque
1062 1299 1356 1370 praecipue,
1382 1312 1543 1368 quem
1573 1312 1761 1354 amare
1783 1307 1834 1354 te
1862 1298 2021 1356 dicis.
2051 1299 2186 1358 Tres

594 1409 791 1450 sumus
813 1407 982 1448 carne
1012 1391 1232 1456 fratres,
1267 1391 1445 1446 simus
1473 1398 1527 1446 et
1551 1389 1750 1460 spiritu
1779 1408 1792 1444 :
1821 1405 1890 1445 ne
1912 1391 2186 1450 violemus

593 1499 817 1552 sacrum
870 1494 927 1539 et
977 1482 1224 1540 divinum
1279 1497 1570 1536 numerum
1611 1499 1627 1535 :
1670 1496 2015 1552 exponamus
2083 1499 2185 1542 nos

594 1579 746 1648 ipsos
777 1592 892 1647 pro.
919 1575 1012 1630 Dei
1051 1574 1314 1629 mandato
1340 1573 1408 1628 ad
1455 1572 1808 1642 supplicium.
1839 1583 1900 1628 ut
1937 1574 1992 1629 in
2023 1583 2183 1633 teter-

591 1685 727 1725 num
771 1669 1042 1723 vivamus.
1076 1664 1233 1734 Quod
1272 1675 1545 1735 superest,
1588 1664 1810 1720 solliciti
1851 1665 2040 1732 etiam,
2077 1667 2182 1724 Pa-

2291 756 2388 829 Μη
2424 757 2672 830 τερφθῇς
2693 759 2810 822 τοῖς
2841 757 3114 830 παροῦσιν
3138 756 3319 830 ἡδέσι,
3346 757 3441 812 καὶ
3483 757 3714 830 δκλάσης
3735 762 3851 831 πρὸς

2290 851 2363 907 τὰ
2389 851 2637 925 θλιδερὰ,
2683 845 2732 907 ὦ
2779 850 3009 922 ἀδελφέ.⁴
3035 851 3132 922 Μὴ
3155 847 3346 926 δὼσῃς
3405 849 3574 908 νῶτα.
3613 851 3850 927 Ἐτερφθη

2289 939 2388 1000 οῦν
2417 945 2450 998 6
2481 945 2743 1016 Χριστὸς,
2779 944 2913 1010 ίδὼν,
2931 959 2995 998 σε
3021 943 3369 1014 τυπτόμενον
3400 941 3546 1014 ὑπὲρ
3577 942 3755 998 αὐτοῦ·
3787 949 3849 1018 μὴ

2290 1040 2549 1115 λυπήσῃς
2577 1040 2762 1108 αὑτὸν,
2789 1039 3047 1113 ἀγαπητέ
3083 1056 3212 1110 μου,
3242 1038 3382 1112 μηδὲ
3409 1039 3538 1104 τοὺς
3561 1045 3851 1113 περιχαρέν-

2287 1150 2388 1198 τας
2411 1133 2706 1203 ἀγγέλους,
2753 1133 2892 1206 μηδὲ
2928 1132 3023 1188 τὸν
3055 1133 3272 1205 Κύριον
3317 1130 3413 1187 τὸν
3466 1132 3707 1204 Πατέρα,
3736 1135 3850 1206 μηδὲ

2287 1228 2390 1299 τὴν
2422 1228 2517 1282 καὶ
2554 1225 2846 1298 Πνεύματι
2879 1225 3026 1298 ἁγίῳ
3059 1225 3360 1282 ὠδίνουσαν
3401 1225 3556 1297 ἡμᾶς
3579 1225 3852 1297 σεϐασμίαν

2287 1321 2543 1394 Μητέρα,
2578 1320 2712 1392 μηδὲ
2733 1320 2863 1384 τοὺς
2891 1318 3158 1389 ἀδελφούς
3187 1335 3286 1373 σου
3314 1318 3556 1384 πάνταςο
3589 1317 3851 1390 ἐξαιρέτως

2287 1415 2408 1486 εμὲ,
2439 1413 2499 1468 δν
2523 1413 2706 1483 λέγεις
2731 1413 2910 1485 δῶρον
2938 1411 3138 1482 φιλεῖν.
3170 1411 3337 1483 Τρεῖς
3359 1412 3535 1482 ἐσμεν
3561 1409 3638 1484 (1)
3657 1410 3850 1480 ἀδελφοὶ

2283 1507 2350 1562 τδ
2386 1505 2533 1562 κατὰ
2594 1506 2817 1578 σάρκα,
2864 1503 3008 1558 ἔστω
3038 1503 3140 1558 καὶ
3185 1503 3248 1557 τὸ
3297 1502 3445 1558 κατὰ
3486 1502 3736 1574 πνεῦμαο
3785 1503 3850 1575 μὴ

2283 1599 2646 1672 ἁτιμάσωμεν
2691 1597 2784 1654 τὸν
2835 1597 3020 1668 τίμιον
3101 1595 3200 1651 καὶ
3251 1594 3550 1668 θεαρχικδν
3599 1595 3846 1667 aptem-

2285 1691 2472 1763 δῶμεν
2528 1689 2763 1754 ἑαυτοὺς
2815 1689 2962 1760 ὑπὲρ
3011 1687 3238 1758 ἐντολῆς
3277 1686 3418 1742 Θεοῦ
3467 1687 3694 1757 πάσχειν
3713 1727 3729 1754 ,
3775 1686 3850 1742 ἵνα

594 1773 699 1826 ter,
724 1777 918 1816 sumus
943 1763 1010 1814 de
1041 1757 1268 1828 reliquis
1296 1757 1558 1812 fratribus
1587 1756 1794 1812 nostris
1821 1757 2180 1828 dulcissimis,

2285 1745 2542 1858 ζήσιιιμεν
2565 1745 2658 1838 τὸν
2693 1745 2894 1840 αίῶνα.
2916 1745 3078 1853 λύπη
3115 1780 3163 1836 δ’
3189 1745 3286 1835 οῦν
3313 1781 3450 1852 ἡμῖν
3505 1745 3642 1846 ἐστι,
3669 1745 3847 1851 Πατιρ,

594 1850 936 1924 quam’rccte
965 1853 1090 1908 illos
1117 1851 1386 1908 Dominus
1411 1851 1694 1907 direxerit.
1737 1849 1852 1908 Hoc
1879 1853 2026 1908 enim
2057 1870 2184 1926 pec-

593 1957 812 2004 catores
860 1961 1106 2010 oramus,-
1138 1954 1198 1999 ut
1242 1945 1362 2014 ipse
1398 1945 1618 1999 illorum
1659 1955 1889 2001 curator
1937 1947 2028 2012 sit,
2068 1947 2184 2004 dis-

593 2051 876 2112 pensator,
926 2049 982 2094 et
1021 2037 1236 2105 ductor,
1277 2046 1442 2107 prout
1499 2036 1617 2108 ipse
1656 2037 1812 2094 novit
1853 2046 1910 2094 et
1937 2038 2100 2109 .jubet
2131 2049 2186 2097 et

593 2135 733 2202 vult,
782 2147 870 2189 res
914 2133 1135 2188 illorum
1168 2131 1588 2188 administrans.
1627 2129 1836 2187 Revera
1869 2133 2014 2186 enim
2049 2133 2184 2189 ube-

594 2241 686 2282 res
735 2240 834 2295 pro
885 2223 996 2282 illis
1051 2223 1322 2296 lacrymas
1378 2221 1664 2278 fundimus
1707 2240 1721 2276 :
1757 2237 2086 2294 semperque
2127 2226 2182 2280 in

593 2321 771 2377 ocuiis
799 2321 1008 2377 nostris
1035 2320 1257 2376 illorum
1287 2319 1471 2376 vultus
1490 2327 1806 2384 versantur,
1832 2318 1963 2374 dum
1991 2335 2182 2378 eorum

594 2415 786 2490 preces
832 2420 1197 2492 imploramus
1255 2420 1506 2478 subsidio
1561 2419 1907 2492 negligentiae
1958 2426 2182 2474 nostra.

2286 1872 2520 1950 μεγάλη
2556 1873 2654 1931 καὶ
2704 1874 2794 1930 διὰ
2847 1874 2978 1939 τοὺς
3035 1871 3263 1937 λοιποὺς
3311 1871 3574 1940 γλυκίους
3617 1870 3848 1939 ἀδελφοὺς

2281 1969 2481 2041 ἡμῶν,
2533 1967 2653 2032 πῶς
2715 1968 2745 2021 6
2787 1965 2994 2037 Κύριος
3034 1962 3385 2034 διευθὲτησεν
3429 1961 3654 2027 αὐτούς.
3703 1960 3850 2015 Τοῦτο

2281 2063 2392 2135 γὰρ
2445 2062 2523 2127 ὼς
2571 2058 2890 2132 ἁμαρτωλοὶ
2947 2055 3247 2130 εὐχόμεθα,
3296 2054 3388 2110 ἵνα
3415 2053 3586 2119 αὐτὸς
3618 2070 3850 2125 μεριμνηο

2283 2155 2386 2228 τὴς
2431 2154 2616 2210 αὐτῶν
2643 2153 2896 2225 γένηται,
2923 2148 3210 2222 διοικητὴς
3229 2188 3246 2214 ,
3271 2149 3492 2220 ὀδηγὺς,
3537 2147 3614 2212 ὡς
3647 2141 3749 2202 οἵδε
3770 2147 3848 2200 καὶ

2276 2247 2527 2314 κελεύει,
2560 2247 2658 2302 καὶ
2685 2245 2856 2311 θέλει,
2883 2243 2952 2299 τὰ
2982 2244 3106 2298 κατ’
3134 2241 3334 2305 αὐτοὺς
3369 2238 3741 2311 πρυτανεύων.
3772 2238 3848 2309 Τῷ

2285 2341 2402 2396 δντι
2442 2339 2556 2412 γὰρ
2617 2337 2797 2408 πικρὰ
2839 2335 3056 2409 δάκρυα
3103 2331 3496 2404 ἁποστάζομεν
3548 2330 3616 2385 δι’
3643 2330 3846 2394 αὐτούς·

2287 2434 2384 2489 καὶ
2437 2432 2528 2488 ἐπ’
2559 2429 2880 2503 ὀφθαλμοὺς
2917 2427 3081 2502 ἡμῶν
3126 2425 3220 2484 ἀεὶ
3244 2426 3303 2480 αι
3343 2423 3501 2495 δψεις
3531 2423 3705 2479 αὐτῶν
3729 2423 3847 2477 κεῖν-

596 2511 989 2569 Verumtamen
1048 2523 1103 2570 tu
1146 2528 1250 2585 pro
1291 2514 1550 2570 omnibus
1602 2529 1848 2586 precare,
1888 2511 2072 2578 Pater,
2128 2522 2184 2566 ut

2285 2541 2397 2592 ται,
2429 2525 2534 2596 τὴν
2572 2523 2741 2595 εὐχὴν
2789 2521 2976 2578 αὐτῶν
3006 2517 3312 2590 δεομένων
3345 2517 3430 2580 είς
3472 2514 3727 2587 βοήθειαν
3763 2513 3848 2582 τῆς

596 2601 922 2677 patientiam
975 2607 1392 2679 adipiscamur,
1444 2607 1763 2663 felicitatem
1795 2645 1812 2671 ,
1863 2604 2181 2676 praesidium

2291 2615 2569 2691 ῥᾳθυμίας
2595 2614 2780 2687 ἡμῶν.
2809 2613 3006 2684 Ὅμως
3046 2609 3236 2682 εὔχου,
3265 2601 3312 2665 ὦ
3338 2607 3552 2679 Πάτερ,
3579 2605 3715 2677 ὑπὲρ
3738 2605 3850 2660 πάν-

596 2715 627 2754 a
671 2698 803 2763 Deo,
853 2708 908 2754 et
953 2701 1219 2755 auxilium
1252 2699 1519 2756 adversus
1553 2697 1755 2754 diaboli
1807 2696 2184 2753 tentationes:

2285 2727 2419 2776 των,
2451 2707 2732 2779 ὑπομονὴν
2762 2703 3075 2778 κτήσασθαι
3121 2703 3293 2774 ἡμᾶς,
3359 2699 3642 2771 εὐτυχίαν,
3668 2698 3849 2767 σκέπην

596 2803 672 2858 et,
715 2793 860 2862 quod
909 2793 1020 2848 Deo
1055 2793 1346 2863 placuerit,
1387 2801 1448 2848 ut
1493 2801 1545 2848 te
1576 2791 1631 2845 in
1682 2805 1869 2858 carne,
1908 2801 2000 2845 aut
2047 2789 2184 2845 alios

2289 2805 2356 2858 ἐκ
2376 2801 2534 2870 Θεοῦ,
2556 2803 2652 2857 καὶ
2677 2799 2933 2872 βοήθειαν
2979 2799 3046 2852 ἐκ
3067 2795 3180 2850 τῶν
3210 2793 3545 2867 πειρασμῶν
3571 2791 3664 2846 τοῦ
3695 2788 3850 2844 διασό-

598 2886 801 2939 fratres
831 2895 1054 2942 nostros
1091 2885 1376 2941 videamus
1409 2903 1424 2940 :
1460 2884 1573 2950 ﬁat,
1611 2885 1725 2938 tiat.
1756 2882 2086 2948 Quaesumus
2133 2890 2184 2936 et

2289 2895 2421 2950 λουο
2457 2894 2552 2950 καὶ
2581 2893 2609 2947 6
2639 2891 2867 2964 ἀρέσκει
2893 2887 2974 2962 τῷ
3003 2886 3144 2960 Θεῷ,
3179 2883 3432 2960 περὶτοῦ
3473 2885 3534 2938 ιν
3563 2883 3720 2955 σαρκὶ
3742 2880 3848 2934 ἰδεῖν

598 2977 866 3033 audemus
913 2982 986 3032 cxi
1029 2977 1191 3033 nobis
1244 2979 1484 3033 salutare
1543 2976 1761 3032 dulcem
1813 2975 2038 3031 fratrem
2083 2987 2184 3029 no-

2293 2991 2354 3037 σε
2370 2981 2404 3053 ἢ
2419 2981 2548 3044 τοὺς
2562 2980 2829 3050 ἀδελφοὺς
2844 2977 3025 3052 ἡμῶν,
3039 2978 3274 3048 γένοιτο,
3289 2975 3527 3046 γένοιτο.
3539 2971 3764 3044 Δεδμεθα
3771 2969 3849 3024 καὶ

599 3082 821 3136 strum,-
850 3071 916 3126 si~
955 3080 1137 3127 tecum
1172 3081 1278 3138 est,
1331 3081 1424 3126 aut
1475 3071 1521 3127 si
1561 3069 1708 3141 equis
1763 3068 1906 3125 alius
1952 3067 2184 3122 fratrum

2293 3071 2591 3145 τολμῶμεν
2618 3069 2679 3139 ἐξ
2707 3069 2866 3142 ἡμῶν
2889 3068 3341 3142 προσαγορεῦσαι
3365 3067 3463 3122 τὸν
3492 3066 3694 3135 γλυκὺν
3717 3061 3848 3134 ἡμῶν

599 3173 939 3226 nostrorum,
985 3165 1239 3236 quisquis
1298 3164 1410 3243 erit
1457 3163 1548 3220 cui
1607 3147 1910 3218 nuntiabis.
1972 3159 2184 3216 Salutat

2293 3161 2554 3232 ἀδελφὸν,
2593 3161 2754 3232 εἰπερ
2785 3157 2907 3213 ἐστὶ
2943 3157 3085 3229 μετὰ
3117 3155 3240 3224 σοῦ,
3271 3156 3306 3227 ἦ
3338 3154 3434 3212 καὶ
3469 3152 3632 3218 ἄλλος
3652 3149 3847 3220 ἁδελφὸς

601 3271 815 3312 mecum
857 3265 1101 3312 sanctam
1141 3258 1380 3312 animam
1412 3267 1562 3312 tuam
1602 3256 1863 3312 dominus
1889 3255 2184 3318 diaconus,

2292 3254 2456 3326 ήμῶν
2487 3249 2600 3319 οἶος
2629 3253 2698 3309 ἂν
2734 3249 2795 3329 ,
2831 3251 2938 3308 κᾶν
2966 3250 3183 3325 φθάσεις
3227 3249 3496 3322 μηνῦσαι.
3549 3245 3847 3310 ’Δσπάζετει

601 3358 652 3402 ct
679 3357 832 3416 pater
866 3356 1075 3411 noster,
1113 3349 1371 3419 egregius
1396 3348 1563 3405 frater
1591 3363 1769 3414 meus,
1804 3357 1858 3403 et
1888 3346 2034 3403 filius
2062 3353 2184 3402 tuus

2293 3345 2352 3400 δὲ
2408 3346 2508 3400 σὺν
2557 3345 2688 3417 ἐμοὶ
2716 3343 2818 3417 τὴν
2846 3343 3018 3414 ἁγίαν
3053 3359 3150 3398 σου
3176 3340 3356 3413 ψυχὴν
3401 3342 3432 3395 6
3476 3339 3665 3413 κύριος
3696 3339 3848 3393 διάκο-

601 3456 923 3496 recounmus
973 3441 1157 3497 caeteri
1181 3441 1484 3497 honorandi
1509 3439 1705 3496 fratres
1735 3448 1791 3496 et
1816 3438 2184 3496 desiderandi.

2293 3454 2385 3501 νος
2423 3436 2502 3508 (2)
2533 3439 2630 3491 καὶ
2657 3437 2850 3508 Πατὴρ
2879 3433 3062 3506 ἡμῶν,
3107 3435 3139 3488 6
3169 3432 3338 3498 καλός
3374 3449 3480 3502 μου
3503 3431 3738 3500 ἀδελφὸς,
3771 3429 3846 3484 καὶ

601 3532 709 3588 Ora
742 3549 840 3604 pro
885 3535 1067 3601 nobis,
1099 3534 1283 3600 Pater,
1325 3534 1486 3590 enixe
1517 3543 1576 3591 et
1613 3533 1969 3600 incessanter,
2008 3545 2068 3588 ut
2091 3531 2184 3602 ju-

2289 3528 2483 3584 τέκνον
2510 3545 2628 3591 σου,
2653 3527 2685 3580 6
2711 3524 3018 3598 οἰκονόμος·
3048 3525 3103 3579 oi.
3125 3523 3303 3579 λοιποὶ
3338 3524 3518 3594 τίμιοι
3545 3523 3748 3592 ἀδελφοὶ
3771 3520 3848 3575 καὶ

603 3625 718 3680 lies.
743 3625 900 3682 Aliud
933 3627 1080 3683 enim
1106 3626 1290 3684 dicere
1319 3642 1431 3683 non
1465 3625 1747 3683 habemus.

2285 3619 2682 3690 πολυπόθητοι.
2713 3615 2890 3687 Εῦχου
2921 3617 3079 3688 ήμῐν,
3104 3614 3316 3688 Πᾶτερ,
3347 3615 3574 3686 Θερμῶς
3601 3613 3691 3669 καὶ
3719 3611 3846 3668 ἀδια-

2294 3713 2535 3776 λείπτως
2558 3751 2574 3779 ,
2612 3709 2690 3774 ὡς
2731 3706 2996 3775 κελεύεις.
3053 3707 3121 3763 Τί
3176 3706 3288 3780 γὰρ
3347 3706 3482 3763 ἄλλο
3523 3705 3720 3776 λέγειν,
3765 3705 3846 3758 οὐκ

2303 3811 2520 3882 ἔχομεν.

1189 3905 1250 3960 11.
1280 3938 1352 3948 --
1381 3906 1583 3963 Eidem.

2831 3904 2909 3959 B'.
2941 3927 3009 3944 —~
3039 3902 3126 3970 Τῷ
3153 3901 3336 3970 αὐτῷ.

760 4025 1020 4078 Platonem
1044 4028 1237 4092 magnis
1261 4029 1412 4081 effert
1432 4027 1662 4080 laudibus
1691 4046 1700 4079 :
1741 4040 1862 4092 tum,
1890 4040 1966 4154 Ἃ]
1967 4032 2015 4082 in
2041 4037 2275 4106 suscepta
2295 4027 2532 4146 vggitatig
2550 4024 2847 4154 defensione
2873 4029 3189 4090 perseveret,
3214 4037 3388 4076 rursus
3405 4024 3712 4075 cohortatur.

1967 4107 2168 4143 aromus
2189 4109 2270 4145 an.
2300 4095 2326 4144 'i
2396 4129 2409 4154 ,
2432 4104 2484 4142 ιι.
2541 4129 2554 4143 .

1967 4098 2168 4143 aronius
2189 4095 2270 4145 an.
2300 4095 2409 4154 790,
2432 4104 2484 4142 ιι.
2506 4095 2554 4143 '1.

666 4220 786 4275 Jam
837 4207 1035 4282 iterum
1084 4226 1154 4280 ad
1188 4235 1240 4282 te
1280 4226 1487 4294 scribo,
1537 4227 1820 4282 dominum
1869 4236 1923 4284 et
1969 4226 2184 4282 Patrem

2366 4221 2683 4296 Δευτερεύω
2718 4222 2844 4294 ἄρτι
2893 4207 3125 4293 γράφων
3173 4217 3333 4292 [cod.
3387 4219 3596 4292 Regius
3623 4220 3846 4289 ἀντιγρά-

596 4303 803 4367 meum.
836 4312 1031 4372 Nescio
1081 4330 1151 4371 an
1193 4316 1408 4373 litteras
1458 4334 1606 4374 meas
1647 4319 1946 4389 acceperis.
2007 4318 2184 4390 Atque

2292 4316 2433 4390 φων]
2468 4319 2605 4389 πρὸς
2637 4315 2728 4368 τὸν
2765 4313 2926 4383 κῦριν
2967 4313 3065 4368 καὶ
3101 4313 3328 4383 Πατέρα
3363 4329 3493 4384 μου.
3528 4314 3639 4368 Οὐκ
3676 4307 3779 4367 οῖδα
3801 4312 3842 4364 εἰ

595 4405 651 4458 in
698 4405 806 4458 illis
855 4407 1077 4477 quidem
1111 4409 1262 4480 quod
1301 4419 1518 4480 tempus
1573 4411 1846 4482 exigebat,
1894 4413 2075 4482 quoad
2130 4413 2184 4467 in

2289 4409 2460 4476 ἐδέξω
2503 4409 2573 4463 τὰ
2621 4395 2946 4480 γράμματα.
2998 4405 3113 4460 Καὶ
3155 4406 3214 4461 ὲν
3257 4406 3499 4471 ἐκείνοις
3542 4401 3655 4474 οῦν,
3680 4404 3730 4459 εί
3747 4404 3842 4457 τιό

595 4498 756 4554 nobis
785 4498 913 4568 fuit,
954 4499 1178 4571 indigne
1206 4501 1356 4568 licet,
1391 4503 1589 4558 elocuti
1631 4520 1844 4562 sumus.
1869 4503 2030 4562 Nunc
2051 4520 2184 4570 vero

2288 4501 2483 4573 καιρὸς
2513 4499 2736 4572 ἀπῄτει,
2769 4499 2868 4554 καὶ
2896 4493 2966 4570 ἦν
2991 4499 3126 4569 ἡμῖν
3162 4497 3242 4562 είς
3272 4497 3527 4569 δύναμιν,
3563 4497 3780 4563 ἀναξίως
3800 4494 3840 4548 δ’

592 4587 718 4659 Quae
767 4601 1104 4662 congruunt,
1155 4605 1210 4648 et
1263 4595 1576 4665 suppeditat
1631 4597 1794 4663 Deus,
1839 4597 1909 4653 ad
1959 4598 2184 4656 humilis

2287 4589 2404 4658 οὖν,
2437 4595 2588 4665 ὅμως
2613 4588 3024 4664 ἐφθεγξάμεθα.
3050 4590 3165 4644 Καὶ
3197 4589 3325 4661 ἄρτι
3355 4590 3413 4645 δὲ
3442 4591 3548 4646 ὅσα
3569 4588 3839 4651 ἐπιϐάλλει,

591 4683 793 4737 anirme
843 4699 980 4739 mea}
1024 4685 1342 4752 utilitatem,
1397 4697 1494 4742 aut
1535 4687 1605 4742 ad
1651 4697 1758 4744 tuae
1799 4691 1987 4756 etiam,
2033 4691 2182 4762 quod

2288 4687 2384 4741 καὶ
2407 4685 2544 4740 διδοῖ
2567 4685 2699 4747 Θεὸς
2725 4685 2812 4737 ἐπ’
2845 4682 3088 4754 ὠφελείᾳ
3117 4681 3217 4754 τῆς
3247 4681 3513 4754 ταπεινῆς
3539 4699 3641 4754 μου
3666 4681 3837 4753 ψυχῆς,

593 4773 1062 4846 ιιιιιιειιιίυεξάἱεο,
1095 4779 1571 4848 magnanimitatis
1603 4779 2058 4846 consolationem,
2095 4797 2184 4851 pa-

2287 4781 2320 4852 ἢ
2351 4780 2449 4835 καὶ
2478 4779 2614 4852 πρὸς
2649 4777 3022 4849 παρηγορίαν,
3059 4775 3277 4847 τολμῶν
3305 4776 3470 4846 λέγω,
3503 4778 3605 4850 τῆς
3639 4777 3731 4848 σῆς
3756 4791 3838 4846 με·

591 4878 696 4932 tcr,
741 4866 1021 4944 adjiciam.
1062 4870 1177 4927 lloc
1221 4872 1390 4938 enim,
1431 4880 1489 4927 ut
1520 4874 1660 4930 alias
1705 4890 1870 4945 saepe,
1914 4876 1988 4930 ita
2035 4892 2184 4934 nunc

2287 4873 2656 4944 γαλοψυχῐας,
2690 4863 2964 4942 ὧΠὰτερ,
2999 4869 3445 4941 προσερήσομεν.
3480 4870 3653 4927 Τοῦτο
3673 4869 3745 4932 δὲ,
3777 4867 3839 4930 ὡς

592 4959 718 5014 dico
761 4973 827 5014 ac
855 4960 1118 5032 profiteor
1149 4980 1162 5016 :
1189 4963 1235 5018 si
1264 4979 1372 5034 qua
1405 4963 1459 5020 in
1497 4980 1584 5021 me
1624 4974 1709 5022 est
1748 4965 1960 5022 dicendi
1994 4967 2095 5033 vis,
2128 4977 2184 5024 et

2287 4967 2573 5030 πολλάκις,
2609 4967 2707 5020 καὶ
2731 4963 2829 5018 νῦν
2857 4963 3004 5032 λέγω
3032 4962 3131 5017 καὶ
3160 4961 3541 5034 ἀπολογοῦμαι
3560 4980 3574 4995 ο
3595 4964 3674 5016 ὅτι
3701 4961 3750 5014 εί
3771 4976 3841 5023 τις

592 5049 828 5108 facultas
883 5052 1162 5110 scribendi
1205 5056 1732 5128 quantulacunque,
1788 5073 1898 5112 non
1960 5067 2182 5128 propter

2286 5059 2446 5129 λόγος
2473 5061 2531 5112 ὲν
2560 5057 2686 5130 ἐμοὶ
2717 5057 2812 5113 καὶ
2839 5055 3220 5128 ἐπιτηδειότης
3241 5056 3359 5120 πῶς
3380 5073 3512 5110 ποτε
3540 5055 3708 5128 μικρά
3732 5053 3839 5123 περὶ

589 5159 678 5199 me
713 5144 990 5204 infelicem
1022 5146 1291 5206 famulum
1333 5159 1484 5204 tuum
1513 5149 1694 5206 datam
1735 5150 1926 5216 fuisse,
1963 5151 2058 5206 sed
2102 5153 2178 5206 tui

2288 5151 2383 5205 τοῦ
2414 5151 2676 5222 γράφειν,
2707 5151 2771 5206 οὐ
2811 5150 2882 5205 δι’
2911 5149 3015 5220 ἐμὲ
3039 5150 3134 5204 τὸν
3159 5149 3346 5205 ἄθλιον
3369 5150 3560 5206 δοῦλόν
3590 5169 3682 5206 σου
3704 5147 3840 5205 656th-

623 5323 646 5355 ⁴
702 5323 722 5378 1
762 5323 905 5379 Tim.
934 5341 1010 5394 Iv,
1037 5327 1092 5381 7.

2120 5467 2350 5526 NOTAE.

657 5581 736 5654 (1)
760 5581 1148 5654 Τρεῖςηέσμεν.
1167 5581 1512 5654 Theodorus,
1541 5580 1838 5654 Iosephus,
1863 5583 1956 5651 qui
1984 5586 2169 5640 archi-

585 5653 882 5725 episcopus
918 5653 1432 5725 Thessalonicensis
1469 5654 1591 5718 fuit,
1619 5653 1689 5710 et
1707 5653 2054 5725 Euthymius,
2074 5673 2168 5712 su-

585 5721 683 5793 pra
720 5721 1072 5782 inTheodori
1099 5724 1244 5791 Vita,
1271 5740 1423 5780 num.
1459 5725 1515 5784 7..

2275 5659 2289 5672 .
2348 5587 2432 5676 (2),
2453 5592 2671 5676 “me
2694 5593 3000 5676 ξεᾴκονος.
3054 5595 3220 5676 Eque
3272 5595 3621 5676 animum,
3649 5595 3724 5676 de.
3749 5600 3840 5676 quo

2275 5659 2330 5713 in
2360 5659 2653 5718 Theodori
2694 5664 2839 5728 Vita,
2887 5659 3041 5722 nu’m.
3073 5667 3178 5725 126
3198 5710 3213 5737 ,
3243 5668 3313 5724 ad
3339 5681 3499 5738 quem
3548 5663 3839 5722 Theodorus

2275 5733 2460 5802 plures
2485 5735 2706 5808 scripsit
2746 5737 3028 5808 epistolas.
3767 5737 3774 5743 ’
