4064 6372
237 370 347 437 909

1477 367 2018 433 EPISTOLARUM
2046 370 2193 431 LIB.
2216 369 2265 429 Ι.

3406 372 3515 442 910

238 497 428 555 ρηται,
470 477 587 534 ἀλλ’
620 476 787 532 ἕνεκα
818 475 913 532 σοῦ
947 475 1041 532 τοῦ
1087 476 1303 548 ῑχοντος
1332 476 1432 549 τὴν
1464 478 1697 547 ἄφθονον
1727 474 1818 546 χά·

1935 491 2129 544 causa,
2170 478 2267 549 qui
2319 475 2601 548 capiosam
2643 476 2697 534 in
2736 477 2905 535 corde
2950 478 3338 539 scaturientem
3389 500 3518 556 gn-

236 591 326 645 ριν
361 573 421 625 ἐν
455 570 658 641 καρδίᾳ
683 569 1066 642 πηγάζουσαν.
1095 569 1214 624 Καὶ
1237 568 1325 622 διὰ
1344 570 1519 623 ’τοῦτο
1546 569 1829 640 ἡδομένως

234 666 334 720 καὶ
371 666 674 737 χαιρόντως
704 663 870 733 ἔργον
914 663 1062 734 ἔχεις
1107 662 1387 718 παιδεύειν
1428 662 1527 719 καὶ
1557 662 1826 731 σοφίζειν,

232 755 299 809 ού
343 756 508 825 μόνον
535 755 709 826 ἡμᾶς,
755 753 851 817 οὓς
894 752 972 817 ῶς
1019 752 1342 823 ἀδελφιδοῦς
1374 754 1652 824 οἰηθέντες
1682 753 1829 817 τινὲς

233 847 665 917 ἀπεσφάλησαν,
696 845 834 901 ἀλλά
867 848 964 902 καὶ
988 846 1199 911 πάντας
1223 847 1386 911 ὅσους
1417 850 1483 901 ἐκ
1513 847 1829 918 πνεύματος

232 943 479 1013 ἣνεγκας
511 938 663 1005 υίούς
705 955 765 994 τε
797 939 897 994 καὶ
925 938 1129 1004 παῖδάς
1159 955 1277 993 σου·
1310 940 1407 995 καὶ
1443 940 1528 994 ὅτι
1549 940 1824 1010 ἀληθεύω,

232 1033 405 1100 ἔδειξε
443 1034 514 1088 τὰ
542 1034 849 1105 πράγματα
895 1032 1037 1105 ὑπὲρ
1078 1033 1176 1087 σοῦ
1219 1032 1479 1105 ἀληθινοῦ
1524 1034 1826 1105 ποιμένος,

230 1127 331 1183 τοῦ
363 1129 461 1200 τὴν
488 1126 669 1198 ψυχὴν
699 1126 1011 1189 τεθεικότος
1045 1125 1190 1197 ύπέρ
1226 1126 1373 1181 ἰδίων
1408 1126 1719 1197 προϐάτων
1752 1126 1829 1191 ὡς

230 1224 300 1279 ἂν
334 1224 410 1294 μὴ
461 1223 923 1293 παρατραποῖμεν
956 1219 1063 1287 ἐξω
1100 1237 1205 1275 που
1232 1222 1335 1292 τῆς
1358 1220 1642 1292 ἀληθείας,
1671 1223 1827 1293 αἰρε-

180 1360 181 1365 η
228 1316 521 1385 τισάμενοι
565 1312 698 1384 [ms.
745 1312 881 1383 Reg.
915 1311 1302 1385 αἰρησάμενοι]
1348 1314 1496 1385 τάχα
1525 1313 1829 1385 προθύμως

229 1406 332 1459 καὶ
372 1405 436 1459 τὸ
489 1405 692 1459 οἰκεῖον
736 1398 879 1475 αἷμα
925 1403 1187 1459 κενῶσαι.
1238 1403 1389 1475 Δῦτη
1424 1400 1518 1459 οὖν
1570 1406 1829 1477 ποιμένος

229 1493 492 1565 ἀληθινοῦ
518 1494 839 1559 ἐπιστασία,
866 1493 1227 1565 διελέγχουσα
1255 1497 1383 1557 τοὺς
1412 1496 1825 1569 ψευδωνύμους,

228 1586 330 1643 καὶ
356 1587 530 1649 ὅντως
557 1583 890 1656 δεικνυμένη
913 1584 1003 1657 ἐιτῷ
1032 1584 1152 1657 Θεῴ
1188 1587 1284 1641 καὶ
1319 1588 1500 1659 Πατρὶ
1528 1589 1625 1644 κα)⁸
1661 1592 1821 1660 ἀρχι-

227 1682 460 1751 ποίμενι
488 1678 738 1746 ἐπάξιος.
784 1678 869 1731 Τὰ
894 1678 984 1732 διὰ
1014 1678 1077 1732 σὲ
1121 1679 1416 1751 τοιγαροῦν
1449 1682 1829 1753 κεχαρισμένα

230 1795 326 1847 μοι
350 1775 652 1845 ὀλιγοστῶς
682 1773 803 1838 πώς
831 1791 914 1829 σοι
944 1774 1232 1847 προσάγωο
1270 1778 1367 1830 καὶ
1409 1776 1459 1831 εἰ
1486 1777 1827 1849 δρεπόμενος

1933 569 2062 625 tiam
2093 569 2283 627 habes.
2316 568 2556 639 Indeque
2596 569 2721 625 laeto
2747 585 2814 629 ac
2843 569 3034 625 libenti
3064 572 3331 643 animojd
3374 576 3510 645 agis.

1929 669 1993 717 ut
2044 662 2247 718 doceas
2292 670 2348 718 et
2385 661 2631 727 erudias,
2678 678 2785 716 non
2841 662 3005 716 modo
3062 677 3188 729 nos,
3227 678 3369 735 quos
3418 680 3518 734 pro

1928 754 2224 825 nepotibus
2252 755 2514 810 habentes
2541 755 2767 826 quidam
2782 754 3156 823 aberrarunt;
3196 756 3292 812 sed
3323 772 3517 812 omnes

1930 850 2089 913 adeo,
2117 856 2391 920 quotquot
2416 863 2485 903 ex
2512 849 2709 919 spiritu
2750 848 2894 904 ﬁlios
2919 849 3239 919 procreasti.
3266 847 3334 904 Et
3368 851 3516 921 quod

1929 938 2042 1003 aio,
2064 954 2255 994 verum
2299 953 2424 994 esse
2466 954 2557 995 res
2582 939 2891 995 docuerunt
2922 940 2991 996 de
3023 951 3075 997 te
3100 956 3232 998 vero
3269 953 3512 1013 pastore,

1930 1033 2023 1102 qui
2053 1046 2153 1102 pro
2176 1030 2291 1088 tuis
2318 1032 2518 1089 ovibus
2556 1032 2798 1087 animam
2826 1033 3082 1103 posuisti,
3115 1050 3184 1091 ne
3214 1050 3449 1107 usquam
3479 1051 3512 1092 a

1928 1124 2162 1181 veritate
2205 1124 2596 1191 deﬂectamus;
2625 1126 2802 1196 parati
2845 1126 2927 1181 vel
2958 1128 3279 1197 sanguinem
3329 1128 3512 1200 ipsum

1929 1231 2039 1271 non
2083 1226 2308 1287 gravate
2349 1216 2702 1288 profundere.
2736 1217 2860 1272 Hmc
2896 1218 3082 1289 itaque
3118 1220 3230 1276 veri
3278 1223 3513 1291 pascoris

1929 1319 2016 1367 est
2050 1311 2353 1381 vigilantia,
2391 1310 2562 1369 falsos
2592 1312 2947 1384 redargueus,
2995 1312 3185 1370 etDeo
3229 1329 3295 1370 ac
3341 1315 3509 1380 Patri,

1928 1413 2330 1474 pastorumque
2363 1404 2604 1475 Principi
2648 1419 2775 1460 vere
2824 1405 3045 1475 dignam
3096 1420 3158 1462 se
3219 1407 3509 1463 exhibens.

1929 1494 2065 1561 Quae
2094 1494 2261 1566 igitur
2287 1504 2509 1566 propter
2531 1504 2585 1551 te
2611 1496 2746 1552 mihi
2781 1497 2952 1567 gratis
2973 1511 3235 1553 concessa
3268 1498 3511 1563 fuerunt,
3536 1540 3541 1547 »

1930 1586 2051 1644 haec
2087 1590 2181 1644 tibi
2209 1590 2407 1661 exigua
2432 1591 2672 1661 quadam
2714 1605 2782 1646 ex
2820 1600 2975 1660 parte
3001 1591 3174 1647 ofl‘ero
3206 1610 3221 1647 :
3254 1601 3309 1649 et
3340 1592 3513 1649 semi-

1931 1696 2063 1737 num
2099 1697 2223 1753 qua:
2254 1698 2449 1754 magna
2500 1698 2635 1740 cura
2663 1684 2888 1753 copiose
2926 1684 3202 1754 sparsisti,
3251 1694 3511 1756 tanquam

1931 1772 2112 1830 bonus
2146 1775 2409 1846 agricola,
2458 1775 2630 1831 exiles
2674 1776 2861 1831 nescio
2893 1790 3035 1846 quos
3061 1775 3278 1833 fructus
3324 1778 3512 1833 metis.

224 1837 360 1933 τοὺς
395 1837 507 1923 τῶν
553 1837 1012 1939 καταϐληθέντων
1059 1837 1154 1923 σοι’
1193 1837 1679 1941 πολυφροντίστως
1726 1837 1818 1925 καί

1928 1866 2069 1933 Quid
2101 1882 2232 1937 ergo
2268 1881 2570 1937 congruum
2611 1865 2679 1921 de
2710 1877 2929 1932 caetero,
2964 1876 3280 1937 sanctaque
3314 1870 3515 1924 animae

223 1961 483 2029 ἀφθόνως
520 1957 861 2030 σπερμάτων
892 1958 969 2022 ὠς
1011 1959 1219 2028 ἀγαθὸς
1250 1959 1533 2030 γεωργὸς,
1563 1963 1690 2025 τοὺς
1718 1962 1822 2016 οὑκ

225 2048 326 2104 οἶδ’
363 2052 515 2114 ὅπως
543 2049 760 2120 εἴποιμι
794 2048 1151 2121 ἰσχνοφόρους
1180 2049 1453 2122 καρπούς.
1488 2050 1555 2105 Τί
1590 2046 1682 2106 οὖν
1712 2052 1824 2107 λοι-

225 2146 332 2199 πὸν
364 2144 507 2199 εῐπω
546 2144 860 2215 πρόσφορον
912 2142 1011 2196 καὶ
1055 2143 1421 2198 εύαπόδεκτον
1467 2147 1533 2215 τῇ
1584 2147 1651 2217 σῇ
1691 2146 1825 2219 ἁγία

222 2238 399 2309 ψυχῇ,
433 2237 618 2308 Πάτερ
657 2252 759 2306 μου
789 2233 1141 2303 γλυκύτατε;
1172 2234 1258 2299 τίς
1290 2252 1358 2307 με
1397 2236 1684 2307 διέστησεν
1714 2236 1823 2292 ἀπὸ

222 2329 322 2384 τοῦ
364 2328 461 2382 σοῦ
506 2325 800 2391 ἀειποθοῦς
834 2325 1171 2397 προσώπου;
1218 2327 1654 2399 τῆςὴὅυλαλοῦς
1700 2345 1825 2383 συν-

219 2422 452 2492 τυχίας;
481 2420 584 2491 τῆς
613 2417 1018 2491 σωτηριοποιοῦ
1046 2417 1305 2489 ὁδηγίαςς
1342 2419 1416 2473 Σύ
1446 2437 1549 2482 μου
1583 2422 1644 2475 τὸ
1678 2421 1818 2492 φῶς,

221 2518 251 2570 ὸ
283 2514 555 2583 ἀειφανὴς
578 2512 774 2584 λύχνος
797 2512 907 2568 τῶν
937 2514 995 2567 ἐν
1019 2510 1171 2583 ψυχῇ
1200 2514 1496 2589 σκοτεινῶν
1518 2514 1819 2587 λογισμῶν*

224 2607 433 2678 ῥάϐδος
464 2604 920 2677 ύποστηρίζουσά
951 2623 1056 2676 μου
1096 2605 1161 2659 τὸ
1205 2605 1398 2663 ἄτονον
1438 2608 1539 2679 τῆς
1566 2609 1819 2681 καρδίας,

221 2699 476 2769 ἀθυμίας
514 2698 811 2769 μεταϐολὴ,
845 2698 1160 2771 προθυμίας
1207 2699 1443 2772 ἀλοιφὴ,
1474 2701 1819 2771 εὐαγγέλιον,

223 2791 398 2863 χαρὰ,
436 2791 625 2862 ἑορτὴ,
645 2790 881 2855 εὐδοξία.
920 2793 1085 2845 ¹Ἀνευ
1119 2790 1215 2845 σοῦ
1243 2793 1337 2846 καὶ
1360 2795 1389 2846 ὁ
1414 2793 1568 2864 ἥλιός
1604 2810 1696 2864 μοι
1721 2811 1821 2848 και

221 2887 436 2957 τηφής.
476 2883 622 2952 Ἐγὼ
669 2884 762 2938 τὺν
815 2884 957 2956 ἀέρα
1015 2884 1240 2955 βλέπειν
1288 2885 1388 2938 ούκ
1418 2886 1632 2958 ἧθελον,
1663 2887 1698 2958 ἢ
1729 2888 1821 2941 τὸν

222 2977 321 3030 σὸν
354 2975 722 3048 προσϐλέπειν
766 2976 1115 3048 χαρακτῆρα.
1158 2976 1327 3032 Ούδέν
1359 2995 1449 3048 μοι
1473 2973 1541 3049 ἦν
1574 2979 1674 3049 ἡδὺ
1707 2979 1820 3033 τῶν

223 3069 321 3122 ἰπὶ
351 3069 479 3138 γῆς,
530 3068 604 3139 μὴ
649 3067 938 3139 παρούσης
982 3070 1083 3140 τῆς
1124 3068 1226 3137 σῆς
1260 3068 1572 3134 συνουσίας.
1612 3072 1677 3124 Τί
1708 3073 1819 3144 γὰρ

221 3162 446 3233 Πατρὸς
471 3160 731 3231 ἀληθινοῦ
763 3159 1172 3233 ποθεινότερον,
1203 3163 1302 3217 καὶ
1336 3162 1502 3217 τοῦτο
1546 3165 1643 3219 ἐπὶ
1676 3164 1815 3220 Θεοῦ
1843 3186 1887 3247 c

220 3252 684 3324 λαμϐανόμενονς
714 3247 837 3306 Οἵδε
864 3251 1025 3307 τοῦτο
1051 3255 1185 3317 παῖς
1230 3254 1574 3329 φιλοπάτωρ,
1609 3258 1706 3312 καὶ
1733 3259 1816 3313 θνα

220 3361 335 3408 τως
390 3344 640 3414 γνήσιος.
697 3342 765 3395 Τί
803 3342 1017 3399 πολλῶν
1072 3345 1338 3417 ῥημάτων
1384 3348 1573 3419 χρεία;
1613 3350 1816 3416 ἐξείπω

219 3437 367 3508 ὅπερ
392 3435 715 3490 ἐπάνθανον.
753 3435 878 3490 Ὅτι
912 3453 1016 3507 μου
1046 3437 1309 3503 πολλάκις
1338 3441 1435 3495 καὶ
1455 3440 1531 3513 μὴ
1557 3441 1817 3514 ὡρμημέ-

220 3547 315 3585 νου
356 3528 615 3601 ἒρχεσθαι
655 3531 713 3583 ἐν
742 3530 823 3599 τῷ
848 3530 993 3601 ἁγίῳ
1020 3530 1222 3603 κελλίῳ
1248 3548 1367 3600 σου,
1397 3535 1816 3608 ἀνεπαισθήτως

219 3638 369 3687 πως,
394 3621 471 3684 ῶς
495 3637 641 3685 τινος
665 3622 943 3688 ἕλκοντος,
963 3622 1157 3695 ἐπῄειν
1179 3626 1323 3678 κατὰ
1364 3626 1660 3697 πρόσωπόν
1694 3645 1811 3682 σουο

218 3717 295 3779 ὡς
332 3715 600 3778 πολλάκις
630 3715 978 3786 ἐρωτῶντος,
1008 3715 1075 3769 Τί
1102 3710 1271 3788 ἦκες;
1300 3718 1528 3791 ἀπορεῖν
1570 3738 1638 3792 με
1685 3723 1814 3777 ἀπο⁹

219 3803 535 3876 κρίνεσθαι,
559 3805 732 3869 οὕτως
765 3805 870 3876 τῆς
911 3806 1188 3878 σωτηρίας
1220 3824 1324 3878 μου
1372 3810 1432 3865 ἐν
1462 3811 1545 3865 σοὶ
1568 3812 1812 3884 ἀποκρε-

222 3895 506 3968 μαμένης.
538 3896 650 3950 Καὶ
678 3897 766 3960 τίς
792 3896 930 3969 πρὸς
953 3897 1015 3952 τὸ
1046 3897 1162 3967 φῶς
1191 3899 1291 3954 ούκ
1318 3902 1626 3975 ἐπιτρέχει;
1666 3905 1812 3961 Ἀλλ’

219 3988 539 4059 εὐχαριστῶ
563 3988 641 4059 τῷ
652 3990 793 4061 Θεῷ,
816 3983 963 4045 διὀῦ
992 4007 1086 4045 σου
1110 3992 1456 4066 ἐξεσπάσθην
1484 3997 1591 4051 ὑπὸ
1610 4000 1812 4073 χειρῶν

218 4083 326 4136 τῶν
368 4083 733 4152 πατησάντων
761 4083 853 4136 τὸν
888 4083 1053 4155 νόμον
1082 4085 1272 4154 αὐτοῦ,
1304 4088 1398 4142 καὶ
1427 4089 1724 4161 ὴργμένων
1752 4092 1812 4159 ἐξ

218 4174 447 4243 ὁμοίων.
485 4174 577 4246 Μὴ
600 4175 787 4239 αὐτοῖς
813 4175 1093 4248 λογισθείη
1120 4178 1324 4249 Κύριος
1348 4182 1377 4234 ὁ
1406 4180 1552 4245 Θεός
1573 4200 1675 4253 μου
1712 4184 1812 4257 τὴν

220 4264 519 4336 ἁμαρτίαν·
557 4265 700 4330 ἒλξοι
725 4266 784 4318 δὲ
812 4266 893 4329 εἰς
936 4267 1236 4337 ἐπίγνωσιν
1279 4269 1377 4323 τοῦ
1419 4272 1807 4344 τολμήματος,

217 4358 471 4410 κάκεῖνοι
511 4357 641 4428 περὶ
669 4356 824 4410 τοῦδε
848 4357 1135 4413 ἀνεύθυνοι
1173 4361 1492 4431 εὑρεθῶσιν.
1540 4366 1810 4421 Ἐνέκλει-

220 4448 317 4501 σάν
346 4463 436 4510 σε,
464 4445 541 4509 ὡς
570 4446 873 4515 ἐμάθομεν,
919 4449 979 4501 ἐν
1030 4448 1263 4521 οἰκίσκῳ
1291 4451 1474 4524 μικρῷ
1524 4455 1600 4526 (5)
1620 4472 1635 4486 ·
1669 4455 1806 4511 ἀλλά

215 4539 309 4592 τοῦ
340 4537 579 4609 ούρανοῦ
624 4555 685 4592 σε
734 4540 997 4610 οἰκήτορα
1047 4540 1349 4609 ἀνέδειξαν.
1397 4544 1801 4621 Ἐφρούρησαν,
1834 4539 1881 4597 D

216 4632 316 4686 οὐκ
349 4630 588 4703 ᾔσθοντο
615 4631 699 4686 δέ·
740 4631 1016 4703 θησαυρὸν
1042 4632 1152 4703 γὰρ
1182 4634 1479 4706 ὁμολογίας
1505 4638 1663 4695 Θεοῦο
1694 4643 1805 4697 κάκ

214 4722 414 4778 τούτου
445 4726 628 4793 γνοῖεν
653 4722 701 4777 δ’
731 4723 822 4789 ἂν,
849 4724 1008 4796 εἰπερ
1029 4724 1300 4795 βλέψοιεν,
1333 4729 1416 4783 ὅτι
1448 4748 1509 4784 σε
1536 4732 1718 4804 τίμιον
1743 4736 1805 4789 ἐν

216 4816 528 4890 ἀνθρώποις
546 4815 875 4889 ἐγνώρισαν,
899 4817 994 4872 καὶ
1018 4816 1213 4889 κόσμῳ
1240 4822 1528 4893 σωτήριον,
1552 4827 1649 4880 καὶ
1674 4827 1804 4881 πολ-

213 4906 326 4971 λοῖς
350 4906 696 4976 φιλοθέατον.
1562 4960 1567 4965 .

292 4998 496 5064 Ἐδέξω
539 4999 637 5063 τὰς
663 5000 893 5072 ἀτιμίας
940 5003 1039 5057 καὶ
1101 5002 1292 5073 ὕϐρεις
1343 5007 1485 5077 μετά
1533 5008 1794 5079 Χριστοῦο

211 5090 482 5163 ranam;
535 5091 612 5155 ὡς
663 5092 934 5167 μακάριος
957 5112 972 5127 ι
1005 5095 1345 5169 ἐσκόρπισάν
1385 5116 1481 5152 σου
1501 5100 1570 5156 τὰ
1599 5104 1800 5173 πρόϐα-

209 5183 427 5250 τα,’ὂτι
470 5199 531 5236 σε
577 5182 672 5237 τὸν
718 5186 957 5255 ποιμένα
993 5187 1071 5251 ὡς
1126 5189 1364 5261 Χριστὸν
1409 5191 1708 5259 ἐπάταξαν.
1734 5199 1798 5253 Εἰ

210 5274 306 5328 καὶ
329 5273 610 5345 τολμηρὸν
661 5275 861 5342 εἰπεῖν,
914 5278 1065 5348 ὅμως
1102 5279 1270 5334 αὐτοῦ
1319 5281 1414 5335 καὶ
1456 5283 1490 5353 ἡ
1525 5285 1698 5357 φωνὴ,
1726 5290 1799 5343 Εἰ

1927 1968 2038 2014 tua:
2063 1965 2372 2029 acceptum,
2407 1957 2731 2014 dulcissime
2762 1966 2936 2029 pater,
2967 1959 3285 2028 proferam?
3312 1958 3515 2029 Ecquis

1927 2066 2016 2107 me
2042 2064 2073 2104 a
2106 2065 2325 2121 semper
2355 2050 2595 2121 optanda
2624 2048 2767 2105 facie
2805 2057 2896 2103 tua
2931 2048 3240 2119 disjunxit?
3268 2063 3300 2103 a
3326 2047 3516 2104 suavi--

1924 2142 2094 2213 loquo
2135 2141 2478 2210 congressu?
2522 2155 2551 2195 a
2588 2138 2817 2197 salutari
2852 2140 3060 2195 ductu?
3098 2137 3182 2194 Tu
3222 2138 3317 2195 lux
3366 2152 3512 2204 mea.

1924 2244 1983 2291 tu
2059 2249 2277 2305 semper
2357 2233 2649 2304 splendens
2722 2232 2947 2288 lucerna
3034 2231 3511 2287 tenebricosarunt

1924 2328 2123 2383 animae
2165 2327 2562 2398 cogitationum
2618 2325 2817 2395 :virga
2871 2325 3056 2381 cordis
3114 2324 3221 2380 mei
3280 2324 3515 2395 languo-

1924 2438 2040 2478 rem
2086 2421 2338 2488 fulciens,
2376 2419 2632 2477 tnoeroris
2664 2418 2995 2490 proﬂigatio,
3028 2417 3327 2474 alacritatis
3369 2432 3513 2473 con-

1923 2512 2154 2577 ciliatio,
2183 2511 2388 2566 bonum
2427 2507 2706 2573 nuntium,
2735 2506 3020 2579 gaudium,
3055 2505 3278 2569 festum,
3310 2504 3506 2575 gloria.

1924 2599 2058 2656 Sine
2089 2609 2140 2656 te
2184 2600 2269 2656 sol
2313 2600 2431 2670 ipse
2460 2598 2598 2654 mihi
2630 2594 3273 2667 ittjucunduszaereipso
3316 2609 3510 2649 carere

1923 2695 2220 2759 malebam,
2251 2708 2417 2763 quam
2453 2692 2568 2746 oris
2607 2688 2689 2745 tui
2717 2695 3019 2758 conspectu
3060 2684 3326 2742 fraudari.
3359 2684 3508 2743 Nihi

1921 2788 2171 2844 omnium
2200 2800 2322 2857 quae
2344 2785 2399 2840 in
2428 2793 2575 2839 terra
2603 2790 2753 2846 sunt,
2777 2794 2945 2836 suave
2970 2778 3105 2833 mihi
3128 2792 3250 2833 esse
3269 2785 3504 2847 poterat.

1921 2880 1965 2935 si
1995 2877 2338 2935 consuetudo
2372 2885 2466 2931 tua
2500 2876 2737 2933 deesset.
2776 2871 2921 2939 Quid
2967 2872 3115 2926 enim
3158 2884 3293 2927 vero
3325 2879 3382 2926 et
3420 2885 3507 2927 se.

1920 2975 2161 3031 cundum
2200 2972 2370 3029 Deum
2419 2980 2578 3041 patre
2617 2967 2958 3039 optabilius?
2999 2964 3163 3021 Novit
3203 2966 3308 3021 hoc
3360 2965 3508 3021 illius

1918 3069 2093 3140 patris
2122 3081 2337 3129 amans,
2370 3079 2436 3120 ac
2463 3078 2593 3120 vere
2625 3077 2941 3135 germanus.
2982 3060 3124 3127 Quid
3147 3059 3337 3116 multis
3366 3074 3507 3130 opus

1919 3170 2003 3217 est
2034 3160 2259 3216 verbis?
2287 3158 2475 3214 Dicam
2507 3156 2655 3228 quod
2686 3155 2822 3211 mihi
2857 3154 3076 3211 accidit.
3114 3150 3506 3224 Smpeuutttero

1923 3257 2093 3319 enim,
2126 3253 2345 3309 tametsi
2389 3252 2457 3307 ad
2502 3265 2719 3308 sacram
2751 3249 3006 3305 cellulam
3060 3258 3208 3304 tuam
3242 3248 3507 3302 accedere

1920 3364 2033 3405 non
2065 3347 2461 3413 instituissem,
2513 3343 2635 3400 sine
2671 3358 2838 3399 sensu
2877 3341 3062 3406 (lebat,
3106 3351 3167 3395 ut
3193 3342 3350 3410 quasi
3390 3349 3505 3393 tra-

1920 3442 2085 3497 hente
2128 3440 2315 3512 aliquo
2359 3439 2428 3495 ad
2467 3447 2521 3494 te
2565 3438 2810 3493 venirem
2842 3453 2855 3490 :
2886 3437 2957 3491 ita
2986 3444 3045 3491 ut
3073 3435 3343 3491 adventus
3373 3450 3505 3489 cau-

1918 3551 2037 3592 sam
2090 3532 2477 3604 interroganti,
2524 3530 2657 3602 quid
2701 3543 2982 3595 causarer,
3028 3528 3347 3598 plerumque
3393 3540 3504 3583 non

1920 3626 2225 3681 haberem:
2261 3638 2438 3694 usque
2481 3621 2618 3678 adeo
2661 3622 2812 3677 salus
2855 3635 2973 3674 mea
3004 3634 3072 3674 ex
3126 3628 3181 3675 te
3210 3617 3501 3685 pendebat.

1920 3717 1988 3773 Et
2013 3725 2218 3789 quotus
2251 3718 2489 3788 quisque
2519 3724 2604 3772 est
2632 3715 2725 3786 qui
2754 3715 2821 3770 ad
2855 3715 3039 3769 lumen
3073 3727 3179 3767 non
3214 3710 3506 3767 occurrat?

1918 3807 2123 3865 Verum
2156 3810 2360 3879 gratias
2385 3809 2499 3864 Deo
2529 3822 2655 3879 ago,
2687 3816 2912 3878 propter
2939 3821 3101 3876 quem
3126 3822 3157 3861 a
3191 3814 3245 3860 te
3273 3804 3503 3859 avulsus

1918 3918 2040 3959 sum
2099 3903 2320 3958 illorum
2367 3901 2643 3964 manibus,
2691 3899 2784 3970 qui
2823 3898 2941 3968 ejus
2989 3898 3160 3967 legem
3205 3897 3504 3952 conculca-

1915 4004 2067 4061 runt,
2099 4003 2153 4051 et
2188 4011 2219 4051 a
2261 3994 2539 4050 similibus
2574 3992 2759 4049 exorsi
2786 3999 2947 4061 sunt.
2966 3988 3086 4044 Non
3128 3990 3359 4060 imputet
3392 3989 3501 4043 illis

1916 4088 2182 4145 Dominus
2218 4086 2362 4143 Deus
2390 4100 2547 4141 meus
2581 4093 2896 4156 peccatum;
2935 4084 3029 4139 sed
3073 4083 3141 4138 ad
3179 4081 3502 4139 temeritatis

1914 4181 2249 4253 agnitionem
2296 4179 2421 4235 illos
2462 4178 2787 4250 compellat;
2830 4185 2890 4232 ut
2935 4177 3099 4233 nobis
3148 4176 3365 4248 quidem
3403 4191 3502 4247 pa-

1917 4286 2055 4332 trem
2106 4274 2430 4341 restituant;
2494 4272 2599 4343 ipsi
2658 4281 2841 4327 autem
2894 4286 3086 4342 pmnas
3144 4272 3265 4343 ejus
3330 4287 3497 4327 causa

1913 4382 2024 4424 non
2063 4367 2236 4422 luant.
2271 4364 2623 4420 incluserunt
2652 4373 2725 4431 te,
2774 4372 2834 4419 ut
2881 4363 3217 4435 accepimus,
3265 4372 3497 4435 angusta

1913 4460 1969 4515 in
2013 4460 2280 4527 aedicula;
2309 4468 2365 4514 at
2393 4459 2516 4514 coeli
2552 4457 2728 4514 civem
2775 4465 2828 4513 te
2866 4458 3273 4513 renuntiarunt.
3316 4456 3395 4512 Te
3439 4454 3495 4511 in

1909 4553 2216 4610 custodiam
2256 4552 2511 4607 homines
2553 4565 2747 4607 sensus
2811 4556 3063 4619 expertes
3105 4550 3495 4618 coniecerunt,

1910 4645 2229 4701 thesaurum
2292 4642 2659 4699 confessionis
2707 4641 2926 4696 divinae.
2984 4640 3079 4695 Vel
3142 4642 3268 4695 hinc
3309 4648 3494 4695 autem

1908 4744 2287 4806 agnoscerent,
2340 4735 2387 4789 si
2431 4733 2562 4804 quid
2602 4732 2870 4800 viderent,
2916 4733 3061 4802 quod
3114 4741 3166 4787 te
3193 4731 3492 4801 pretiosum

1912 4829 2054 4899 apud
2084 4827 2336 4882 homines
2375 4825 2733 4891 ostenderint,
2770 4835 2824 4880 et
2852 4824 3059 4879 mundo
3090 4826 3411 4891 salutarem,
3439 4835 3494 4881 et

1910 4922 2102 4977 multis
2131 4921 2515 4991 expetendum.

1978 5015 2187 5071 Probra
2228 5023 2284 5070 et
2336 5012 2697 5069 contumelias
2752 5028 2875 5067 cum
2925 5013 3146 5068 Christo
3196 5013 3487 5084 pertulisti,

1908 5107 2344 5181 persecutionem
2397 5119 2589 5176 passus
2614 5120 2675 5160 es
2717 5116 2777 5161 ut
2829 5107 3020 5162 beatus
3068 5127 3080 5162 :
3116 5107 3491 5178 disperserunt

1906 5217 2038 5259 oves
2073 5212 2218 5267 tuas,
2250 5201 2378 5272 quia
2421 5209 2473 5254 te
2521 5208 2817 5269 pastorem,
2841 5202 2985 5257 sicut
3016 5200 3319 5269 Christum,
3358 5217 3487 5273 per-

1906 5304 2218 5352 cusserunt.
2278 5292 2389 5349 Etsi
2460 5293 2641 5349 dicere
2704 5294 2881 5349 audax
2930 5295 3202 5368 videatur,
3244 5306 3485 5355 attamen

1721 5399 1958 5461 NOTAE.

279 5475 361 5563 (ξ)
399 5477 496 5563 ἐν
520 5480 776 5563 οἰκίσκῳ
799 5480 1449 5563 ’μικρῷηξίιςορίι-οηεε
1486 5488 1553 5563 ad
1595 5504 1801 5550 annum

210 5554 261 5594 VI
296 5549 649 5607 Constantini
705 5560 762 5606 et
798 5549 1009 5609 Renes.
1059 5554 1118 5609 Ὀ

212 5610 518 5718 apidani!
530 5620 624 5674 τὸν
643 5622 934 5718 ⁸ιξατιρίἓιιον
957 5626 1053 5679 καὶ
1070 5610 1795 5718 ᾼοέιέστικον

210 5689 305 5775 Ecl.
345 5689 600 5775 ’ξωάνγην
628 5692 721 5745 τὸν
752 5689 986 5775 Ιςόμητα
1011 5695 1107 5775 τοῦ
1143 5689 1411 5775 Ὀφικίου,
1437 5702 1537 5775 καὶ
1562 5689 1795 5775 εἴσήγαί

1905 5501 2182 5574 Παλατίῳ.
2214 5501 2509 5573 Imperator
2532 5502 2864 5574 Bardam’um
2888 5506 3171 5574 patricium
3202 5503 3488 5573 etscltola-

1174 5556 1433 5645 θασιλεὺς
1468 5559 1802 5645 ,ἀπέστειλεν

1921 5556 2417 5645 ἰιηι-ιίοῆιεειὶέυηι,
2449 5584 2497 5629 et
2536 5573 2803 5629 Joannem
2836 5556 3021 5645 Ofﬁcii
3049 5572 3290 5631 comitem
3309 5578 3479 5643 misit,

1933 5644 1988 5716 ai
2019 5642 2301 5716 Platonem
2334 5644 2389 5696 in
2443 5645 2624 5698 urbem
2678 5642 2975 5711 inductam,
3010 5648 3064 5699 in
3111 5646 3378 5716 ergastulo
3411 5649 3491 5701 ad

1957 5712 2174 5787 ichaelis
2192 5714 2422 5787 emicuit
2445 5716 2654 5771 militia:
2673 5718 2929 5787 principis
2954 5718 3008 5770 in
3028 5712 3234 5785 palatio
3251 5726 3482 5773 erectam

211 5766 307 5842 ’ξεν
327 5758 422 5842 τὸν
445 5758 713 5842 Πλάτωνα
749 5758 965 5842 εἰς’τῂν
996 5767 1173 5842 πόλιν,
1209 5758 1305 5823 καὶ
1341 5758 1789 5839 ἀπέκλεισιν”είς

1921 5758 2327 5839 Ξᾱὲἦῖἲὶὶἓιῖιῖἱί

240 5826 579 5904 Εγκεῖστραν
614 5832 675 5888 όν
706 5832 787 5905 τῷ
812 5826 945 5908 ’ναῷ
972 5837 1070 5892 τοῦ
1110 5826 1587 5913 ’Ᾱρχιστρατηγοῦ
1618 5826 1676 5899 ἐν
1706 5826 1783 5915 et];
