4064 6372
586 351 685 415 911

1780 347 1840 408 S.
1872 345 2265 408 THEODORI
2305 346 2655 408 STUDIT/E

3744 343 3859 409 912

589 458 752 531 ipsius
771 472 875 513 vox
898 466 982 515 est
1007 477 1020 513 :
1039 457 1100 513 Si
1122 474 1203 515 me
1240 458 1498 530 persecuti
1523 464 1728 526 sunt,et
1750 472 1838 512 vos
1858 462 2164 528 persequar

2276 458 2381 529 ἐμὲ
2408 459 2693 523 ἐδίωξαν,
2734 460 2831 513 καί
2857 458 3015 528 ὑμᾶς
3065 456 3359 524 διώξουσι
3376 472 3391 489 °
3420 456 3517 511 καὶ
3538 454 3727 521 τᾶλλα,
3753 459 3856 511 ὅσα

589 563 677 610 tur
705 555 760 619 ⁸;
788 562 842 608 et
869 561 1087 620 caetera,
1122 567 1244 622 qua:
1278 553 1455 623 ipsum
1483 550 1826 621 sequentium
1858 551 2164 608 similitudi-

583 659 710 698 nem
752 642 1031 699 declarant
1056 662 1069 698 :
1099 643 1161 699 Si
1186 652 1361 698 tamen
1406 643 1510 712 ipsi
1536 642 1908 712 compatimur,
1932 651 1994 697 ut
2041 658 2161 698 ma-

588 753 728 804 gnus
754 735 954 793 Paulus
977 738 1073 803 ait,
1113 746 1173 791 ut
1214 745 1265 791 et
1288 735 1744 808 conglori/icemur
1769 737 1811 793 ⁸,
1841 735 2020 806 Atque
2051 736 2165 793 haec

589 828 806 896 quidem
839 830 893 885 in
923 829 1070 884 hunc
1119 827 1362 883 modum.
1421 825 1551 882 Mihi
1574 840 1707 881 vero
1736 825 1965 897 prodigo
1999 835 2055 882 et
2080 827 2166 883 in-

590 915 776 987 digno,
799 917 1005 973 sanctis
1037 916 1291 985 precibus
1342 914 1473 978 tuis,
1523 914 1685 971 Pater
1710 915 1879 986 juste,
1910 916 2166 971 consola-

594 1010 793 1063 tionem
839 1011 981 1065 hanc
1029 1009 1257 1080 largitus
1309 1019 1392 1064 est
1440 1007 1758 1065 misericors
1809 1007 1976 1076 Deus,
2019 1017 2081 1064 ut
2108 1016 2167 1064 et

592 1101 784 1169 spiritu
819 1108 999 1155 tecum
1056 1099 1181 1154 sim.
1220 1097 1313 1154 Sic
1344 1100 1489 1154 enim
1523 1114 1739 1170 semper
1767 1115 1890 1172 ago,
1926 1102 2085 1172 quasi
2113 1109 2167 1159 te

591 1193 824 1253 videam,
855 1190 1013 1261 quasi
1076 1200 1255 1246 tecum
1319 1191 1537 1262 loquar,
1590 1194 1747 1263 quasi
1797 1194 2164 1264 precationem

594 1283 913 1351 percipiant,
944 1283 1102 1352 quasi
1140 1292 1412 1354 protegar,
1449 1285 1611 1354 quasi
1640 1294 1863 1343 mutuos
1884 1286 2165 1343 conferam

592 1385 872 1428 sermones
903 1373 969 1427 ad
992 1373 1367 1429 stabiliendam
1392 1374 1790 1432 confessionem
1833 1392 1997 1448 quam
2030 1392 2167 1434 con-

597 1461 770 1518 lessus
802 1477 883 1517 es.
936 1464 1007 1518 At
1039 1464 1174 1518 mihi
1215 1464 1401 1519 videor
1449 1475 1699 1536 percepta
1745 1481 1877 1524 voce
1916 1477 2007 1523 tua
2051 1468 2169 1524 haec

592 1554 782 1607 audire
808 1570 823 1608 :
848 1552 1049 1609 Pusille
1082 1553 1384 1620 Theodore,
1412 1557 1665 1627 exiguum
1696 1565 1782 1613 est
1805 1572 1988 1614 revera
2021 1559 2167 1629 quod

592 1645 882 1715 aﬂligimur
914 1663 929 1711 ;
959 1648 1087 1717 quia
1128 1662 1278 1717 spem
1305 1649 1617 1718 praeclaram
1644 1650 1804 1706 offert
1849 1649 2011 1706 Deus.
2042 1651 2168 1708 Haec

592 1738 723 1791 mihi
760 1747 893 1792 sunt
924 1738 1247 1803 consolatio.
1274 1739 1388 1794 haec
1413 1739 1760 1796 rel'ocillatio.
1809 1742 1891 1797 Ne
1916 1742 2168 1797 reformi-

2267 551 2380 612 τοίς
2424 548 2813 603 ἀκολουθοῦσιν
2857 549 3008 621 αὐτῷ
3062 550 3222 623 φέρει
3280 549 3383 621 τὴν
3409 548 3813 605 ταυτοπάθειαν
3837 566 3854 583 ο

2269 642 2458 710 Εἴπερ
2498 642 2614 711 γὰρ
2668 639 3126 711 συμπάσχομεν
3162 640 3336 711 αὐτῷ,
3383 639 3461 704 ῶς
3488 656 3660 711 φησιν
3682 641 3714 693 6
3755 640 3863 711 μέ-

2268 750 2372 802 γας
2403 733 2639 799 Παῦλος,
2683 734 2785 787 ἵνα
2830 733 2931 787 καί
2971 732 3513 803 συνδοξασθῶμεν.
3561 733 3675 787 Καὶ
3711 732 3860 786 οῦτω

2272 825 2374 896 μὲν
2407 825 2608 881 ταῦτα.
2639 825 2801 897 Ἐμοὶ
2829 824 2887 879 δὲ
2912 824 2993 895 τῷ
3022 825 3220 895 ἀσώτῳ
3248 825 3347 880 καὶ
3373 823 3603 895 ἀναξίῳ,
3626 824 3718 879 διά
3742 824 3859 877 τῶν

2269 917 2379 972 σῶν
2408 917 2581 986 ἀγίων
2602 917 2803 989 εὐχῶν,
2858 917 3043 989 Πάτερ
3079 917 3283 984 δίκαιε,
3326 917 3626 988 ἑχαρίσατο
3651 918 3681 971 6
3702 917 3859 986 ἐλεή-

2270 1028 2391 1083 μων
2411 1011 2618 1084 Κύριος
2654 1011 3023 1083 παράκλησιν,
3067 1011 3163 1065 καὶ
3185 1011 3248 1066 τὸ
3272 1013 3333 1065 ὲν
3368 1012 3647 1082 πνεύματι
3675 1012 3860 1065 συνεῖ-

2267 1107 2358 1162 ναί
2388 1122 2505 1161 σοι·
2536 1107 2654 1177 είμὶ
2694 1106 2805 1178 γὰρ
2847 1108 2937 1161 ἀεὶ
2973 1108 3050 1170 ὡς
3096 1106 3241 1178 δρῶν
3283 1123 3344 1160 σε
3385 1106 3482 1161 καὶ
3510 1107 3722 1176 ὁμιλῶν
3749 1122 3857 1170 σοι,

2266 1199 2364 1252 καὶ
2386 1198 2461 1263 ὡς
2495 1198 2860 1269 κομιζόμενος
2886 1201 2986 1271 τὴν
3027 1199 3214 1271 εὐχὴν,
3241 1200 3336 1253 καὶ
3367 1199 3444 1263 ὡς
3492 1201 3859 1271 σκεπόμενος,

2267 1288 2363 1341 καὶ
2386 1286 2461 1351 ὡς
2488 1288 2664 1352 διδοὺς
2687 1289 2783 1341 καὶ
2815 1288 3111 1361 λαμϐάνων
3138 1288 3336 1359 λόγους
3362 1290 3444 1354 είς
3471 1290 3729 1361 ἐδρασμα
3758 1290 3860 1361 τῆς

2265 1378 2559 1449 ὁμολογίας
2586 1373 2658 1451 ἧς
2686 1380 3069 1452 ὡμολόγησας.
3112 1382 3226 1436 Καὶ
3255 1381 3401 1436 δοκῶ
3433 1398 3529 1435 σου
3546 1381 3858 1451 ἑπαῖούσης

2265 1470 2366 1536 τῆς
2391 1473 2578 1543 φωνῆς
2600 1472 2778 1526 ταῦτα
2804 1472 3051 1527 ἀκούειν’
3082 1473 3320 1527 Ταπεινὲ
3336 1474 3630 1555 νΘεόδωρε,
3658 1475 3860 1547 μικρδν

2265 1563 2438 1627 ὅντως
2469 1562 2956 1636 ταλαιπωροῦμεν,
2987 1564 3112 1619 ἐπεὶ
3141 1566 3314 1637 καλὴν
3348 1565 3507 1637 φέρει
3537 1568 3566 1620 6
3589 1566 3729 1630 Θεὸς
3758 1569 3861 1637 τὴν

2267 1655 2482 1711 ιλπίδα.
2515 1657 2701 1711 Ταῦτά
2743 1675 2835 1728 μοι
2882 1659 3223 1731 παρηγορία,
3264 1659 3437 1715 ταῦτα
3459 1658 3743 1732 ἀναψυχή.
3767 1660 3860 1733 Μὴ

2272 1749 2477 1823 δείσῃς,
2509 1750 2715 1821 Πάτερ,
2750 1750 2818 1803 δι’
2841 1752 2943 1822 ἐμὲ
2968 1753 3063 1807 τὸν
3089 1752 3277 1807 δοῦλόν
3317 1770 3414 1808 σου
3437 1754 3532 1808 καὶ
3564 1755 3860 1809 παντάπ-

588 1828 708 1891 des,
738 1826 921 1895 Pater,
952 1830 1055 1884 mei
1085 1844 1271 1895 causa,
1303 1831 1397 1899 qui
1444 1845 1636 1886 servus
1686 1841 1814 1888 tuus
1849 1848 1971 1887 sum
2006 1833 2164 1903 plane

2273 1857 2359 1894 σιν
2389 1818 2833 1914 ἀπερριμμένον.
2847 1818 2961 1897 Καὶ
2978 1844 3090 1916 γάρ
3105 1847 3221 1917 είμι
3248 1844 3345 1900 τοῦ
3373 1845 3607 1917 οὐρανοῦ
3634 1846 3737 1901 καὶ
3759 1847 3861 1918 τῆς

590 1920 860 1986 abiectus,
890 1919 1016 1975 caeli
1057 1927 1324 1991 terraeque
1358 1922 1653 1991 piaculum,
1684 1924 1994 1980 mortalium
2040 1940 2162 1981 om-

589 2008 744 2063 nium
794 2008 1206 2079 frigidissimus.
1260 2007 1453 2064 Verum
1496 2019 1677 2067 tamen
1720 2012 1905 2069 dicere
1963 2016 2163 2082 audeo,

590 2108 853 2168 tanquam
883 2115 979 2170 spe
999 2100 1139 2156 bona
1170 2110 1365 2171 praeter
1409 2104 1665 2159 meritum
1711 2104 1903 2175 fretus,
1942 2122 2164 2165 sursum

587 2200 863 2257 spectans,
901 2192 1292 2249 intercessione
1319 2202 1411 2249 tua
1434 2199 1840 2262 corroboratus,
1868 2214 1977 2256 non
2004 2201 2077 2257 ob
2100 2215 2164 2258 ea

578 2281 927 2340 insolescens
966 2300 1090 2355 quae
1115 2300 1312 2352 passus
1339 2302 1461 2342 sum
1499 2305 1514 2353 ;
1551 2289 1647 2344 sed
1682 2305 1771 2346 me
1799 2290 1978 2363 ipsum
2002 2294 2162 2350 dam-

586 2390 723 2430 nuns
753 2377 959 2445 potius,
1003 2378 1150 2447 quod
1175 2393 1285 2432 non
1320 2376 1555 2445 fortiter,
1602 2395 1703 2437 nec
1745 2392 1808 2438 ut
1830 2384 2076 2451 decebat,
2111 2394 2169 2442 et

583 2467 729 2535 quod
784 2483 976 2536 pauca,
1008 2470 1323 2539 nulliusque
1379 2472 1667 2538 momenti,
1694 2473 1937 2532 viviﬁcas
1976 2476 2163 2533 consio

582 2560 784 2615 derans
809 2561 1095 2631 passiones
1115 2571 1454 2619 sanctorum.
1479 2563 1541 2619 lu
1571 2566 1741 2622 multa
1778 2568 1923 2622 enim
1948 2579 2166 2640 marty-

585 2649 664 2703 ria
717 2649 882 2704 incidi
941 2650 1229 2705 duodecim
1264 2650 1631 2707 voluminibus
1682 2654 1976 2724 descripta,
2011 2655 2083 2710 ita
2108 2666 2167 2711 ut

583 2751 683 2799 cur
701 2738 1133 2808 obstupesceret,
1167 2755 1267 2795 nec
1295 2755 1382 2797 me
1407 2741 1613 2812 aliquid
1642 2759 1739 2812 pro
1768 2744 1989 2801 Christo
2043 2762 2165 2815 pas-

584 2846 707 2886 sum
741 2830 921 2889 dicere
959 2834 1240 2889 auderem.
1295 2832 1438 2901 Quid
1486 2850 1651 2906 porro
1702 2837 1938 2903 dulcius,
1980 2839 2162 2907 Pater,

586 2933 846 2994 tanquam
879 2939 1072 2982 servus
1095 2941 1350 2999 suggero,
1381 2944 1546 3000 quam
1578 2944 1677 3001 pro
1710 2931 1830 3001 ipso
1852 2933 2000 3004 pati?
2025 2932 2163 2990 Sur-

584 3034 708 3075 sum
763 3020 965 3091 aspice,
991 3020 1174 3087 Pater,
1202 3037 1368 3079 cerne
1399 3024 1713 3093 Dominum,
1755 3027 1965 3083 intuere
2003 3044 2165 3099 augeo

585 3113 764 3167 lorum
786 3113 1091 3178 discursus,
1121 3114 1405 3171 considera
1427 3125 1741 3173 sanctorum
1770 3120 1968 3177 choros
1996 3138 2009 3175 :
2043 3121 2164 3177 vide

583 3201 641 3257 in
692 3203 839 3259 edito
875 3212 931 3259 et
976 3204 1198 3261 sublimi
1248 3205 1390 3261 solio
1418 3204 1665 3263 Judicem
1718 3211 1931 3277 mundi,
1981 3212 2072 3282 qui
2113 3222 2166 3269 te

586 3294 800 3349 ﬁdelem
826 3310 1044 3350 servum
1078 3305 1584 3369 praceptorumque
1616 3315 1845 3357 suorum
1880 3304 2165 3361 custodem

584 3383 1011 3453 pronuntiabitJ
1039 3392 1117 3449 et,
1161 3388 1307 3454 quod
1366 3386 1547 3454 majus
1604 3397 1711 3455 est,
1768 3390 2163 3449 confessorem.

585 3472 793 3528 Deinde
822 3488 1061 3543 quonam
1116 3482 1170 3529 te
1196 3474 1412 3531 mittet?
1437 3473 1556 3532 Non
1583 3476 1638 3532 in
1666 3477 1846 3549 ignem
1878 3490 2162 3547 aeternum,

584 3568 679 3636 qui
719 3566 823 3638 legi
872 3566 993 3638 ejus
1047 3581 1156 3622 non
1191 3567 1557 3637 obsequentes
1582 3570 1827 3641 excipit:
1854 3572 1949 3627 sed
1983 3572 2051 3628 ad
2084 3572 2167 3629 vi-

585 3661 720 3716 tales
743 3660 919 3727 sedes,
955 3660 1024 3715 ad
1058 3659 1294 3730 quietem
1337 3659 1724 3728 immortalem,
1757 3662 1825 3719 ad
1878 3665 2166 3734 sempiter-

585 3768 712 3807 nam
750 3753 1191 3824 immensamque
1215 3752 1480 3818 laetitiam,
1504 3752 1685 3820 Intra,
1710 3755 1889 3826 inquit
1916 3758 2086 3823 enim,
2106 3759 2163 3813 in

583 3844 840 3913 gaudium
892 3842 1108 3898 Domini
1136 3843 1291 3899 tui".
1324 3841 1580 3899 Omnium
1620 3855 1871 3901 nostrum
1902 3847 2049 3903 oculi
2097 3849 2163 3904 ad

584 3945 637 3989 te
666 3935 951 3990 collimant
974 3951 988 3987 :
1015 3948 1209 3989 omnes
1232 3941 1284 3989 te
1305 3942 1483 3989 stante
1506 3935 1719 4006 magnis
1750 3944 1806 3991 et
1825 3936 2020 3993 erectis
2053 3936 2167 3992 ani-

583 4025 690 4080 mis
724 4040 939 4081 sumus.
990 4022 1150 4080 Adsit
1180 4024 1279 4080 tibi
1321 4025 1487 4079 etiam
1518 4034 1681 4096 atque
1704 4026 1867 4081 etiam
1898 4029 2162 4085 auxilium

584 4114 677 4170 Dei
698 4114 951 4170 muniens
982 4123 1057 4181 te,
1087 4116 1420 4172 conﬁrmans
1451 4124 1524 4183 te,
1548 4117 1939 4175 constabiliens
1966 4129 2036 4186 te,
2061 4120 2166 4176 for-

582 4208 775 4263 tiorem
825 4207 1058 4264 reddens
1087 4215 1160 4263 te.
1221 4206 1324 4275 Qui
1387 4208 1556 4264 Deum
1621 4211 1803 4278 times,
1850 4228 1921 4268 ne
1972 4214 2164 4272 timeas

581 4299 727 4369 quod
757 4297 888 4354 fecit
929 4299 1025 4355 tibi
1063 4299 1227 4354 homo
1248 4299 1293 4365 ⁸,
1320 4311 1418 4355 aut
1446 4300 1559 4356 fors
1588 4302 1754 4358 etiam
1785 4302 2029 4363 facturus
2058 4316 2161 4363 est.

584 4392 833 4450 Conﬁdis
876 4394 930 4450 in
992 4393 1247 4460 Domino,
1283 4410 1527 4452 monses
1555 4396 1710 4465 Sion,
1754 4414 1863 4456 non
1922 4417 2165 4460 comma.

581 4486 797 4542 veberis
853 4486 910 4541 in
966 4496 1230 4542 aeternum
1257 4489 1278 4521 '
1307 4505 1321 4542 :
1354 4488 1746 4547 inhabitantem
1789 4492 1935 4550 enim
1992 4497 2160 4553 habes
2191 4496 2236 4553 D

578 4591 833 4648 supernae
862 4575 1164 4637 Jerusalem
1196 4578 1536 4635 conditorem
1552 4591 1607 4637 et
1634 4582 2019 4641 architectum.
2065 4587 2158 4643 Vi-

577 4669 825 4726 rulentas
867 4679 923 4725 et
964 4670 1029 4725 ad
1063 4668 1310 4726 fraudem
1344 4674 1681 4743 compositas
1727 4689 1919 4732 eorum
1970 4694 2156 4746 voces.

576 4763 671 4832 qui
701 4764 796 4817 tibi
822 4763 1159 4833 serpentium
1212 4763 1319 4820 ritu
1354 4765 1724 4834 insusurrant,
1758 4779 1919 4843 teque
1948 4788 1976 4826 a
2006 4774 2157 4830 vitali

575 4856 825 4911 veritatis
854 4856 1007 4927 ligno
1034 4856 1310 4915 abducere
1339 4859 1550 4927 volunt,
1583 4861 1730 4934 fuge,
1756 4872 1813 4919 et
1849 4879 2014 4921 aures
2057 4866 2157 4921 ob-

577 4947 759 5011 ﬁrma,
798 4948 1015 5004 veritati
1070 4949 1228 5006 ﬁrme
1286 4951 1592 5015 adhaerens,
1634 4954 1929 5026 multisque
1984 4973 2157 5014 sacrae

576 5038 874 5109 Scriptum
898 5054 964 5096 ac
1008 5040 1227 5112 piorum
1268 5042 1437 5098 etiam
1475 5043 1757 5100 hominum
1807 5047 2156 5116 testimoniis,

575 5130 642 5185 ad
683 5131 1055 5188 omnimndam
1105 5133 1543 5192 lmmobilitatem
1570 5137 1888 5204 obstrictus,
1918 5152 1974 5195 ut
2004 5143 2155 5199 vocis

571 5240 794 5296 quoque
841 5225 986 5285 illius
1034 5226 1249 5282 laudem
1306 5242 1665 5294 consequare.
1703 5228 1809 5294 Qui
1860 5232 1986 5300 facit
2020 5232 2154 5300 ha'c,

572 5337 676 5375 non
699 5320 990 5375 "cavebitur
1028 5320 1086 5373 in
1118 5329 1376 5374 mternum
1410 5320 1472 5373 '°.
1500 5318 1628 5376 Sani
1662 5322 1858 5379 fratres
1887 5335 2013 5379 sunt
2038 5340 2157 5379 om-

572 5430 672 5484 nes
704 5432 717 5467 :
752 5412 1011 5467 dominus
1038 5412 1308 5467 diaconus
1356 5411 1517 5466 Pater
1572 5428 1748 5481 meus,
1782 5415 1956 5471 dulcis
1988 5415 2155 5472 frater

572 5519 750 5567 ruens,
783 5520 847 5558 ac
895 5504 1067 5574 magis
1095 5518 1245 5558 nunc
1300 5504 1495 5558 merito
1540 5505 1938 5570 desiderabilis,
1963 5509 2154 5579 reliqui

498 5662 503 5667 δ
569 5596 734 5650 etiam
765 5596 949 5651 dilecti
988 5596 1122 5652 mihi
1150 5606 1205 5652 et
1260 5595 1567 5652 honorandi
1602 5598 1695 5653 filii
1742 5600 1817 5655 tui
1848 5618 1865 5667 ;
1900 5616 1997 5670 pro
2025 5604 2150 5672 qui-

639 5712 661 5742 '
686 5708 845 5765 Joan.
876 5728 965 5774 xv,
995 5713 1086 5767 20.
1162 5715 1183 5746 '
1207 5712 1364 5769 Rom.
1388 5731 1503 5779 rm,
1532 5716 1616 5769 l7.

570 5795 678 5846 xw,
716 5784 768 5835 5.

1694 5717 1711 5740 ’
1744 5716 1930 5775 Matth.
1967 5738 2097 5790 xxv,
2153 5726 2244 5785 25.

2265 1932 2370 2004 γῆς
2418 1935 2657 2007 μίασμα,
2698 1938 2794 1994 καὶ
2839 1937 3047 2002 παντὸς
3086 1937 3381 2010 ἀνθρώπου
3429 1939 3860 2011 κατεψυγμένος

2268 2024 2490 2095 μᾶλλον.
2536 2028 2686 2100 Πλὴν
2739 2030 2923 2102 τολμῶ
2970 2030 3151 2101 λέγειν
3197 2032 3276 2097 ὡς
3323 2032 3544 2099 ἀνάξιος
3598 2033 3857 2099 εὔελπις,

2264 2114 2379 2170 ἀνω
2400 2116 2616 2187 βλέπων
2646 2120 2992 2193 ρωννύμενος
3014 2121 3240 2194 ὑπὸτῆς
3266 2125 3367 2196 σῆς
3401 2126 3731 2196 πρεσϐείας,
3757 2127 3858 2181 οὒκ

2265 2205 2587 2264 ἀπευδοκῶν
2615 2214 2698 2277 είς
2717 2213 2993 2281 ἃέπαθον,
3026 2216 3481 2288 ἐπιμεμφόμενος
3504 2217 3561 2273 δὲ
3587 2219 3854 2288 ἐμαυτὸν,

2264 2301 2350 2357 ὅτι
2386 2303 2461 2376 μὴ
2486 2306 2751 2379 ἀνδρείως
2775 2310 3042 2366 καὶκατὰ
3062 2310 3244 2381 λόγον,
3283 2312 3378 2366 καὶ
3419 2313 3504 2367 ὅτι
3545 2312 3705 2382 ὀλίγα
3763 2316 3859 2369 καὶ

2267 2393 2485 2460 οὐδενὸς
2535 2397 2663 2465 ἄξια
2719 2400 2943 2473 ἀφορῶν
2996 2402 3137 2473 πρὸς
3177 2401 3245 2457 τά
3284 2403 3527 2469 ζωοποιά
3565 2406 3719 2477 πάθη
3750 2407 3859 2461 τῶν

2266 2484 2461 2554 ἀγίων.
2495 2488 2746 2557 Ἐγένετο
2764 2508 2855 2562 μοι
2876 2491 2986 2564 γάρ
3017 2492 3233 2547 πολλῶν
3265 2492 3508 2562 ἔντευξις
3535 2496 3859 2569 μαρτυρίων

2267 2577 2328 2630 ὲν
2354 2577 2572 2634 ’δώδεκα
2596 2580 2805 2647 δέλτοις
2821 2584 3344 2657 ἀπογεγραμμένων
3365 2604 3379 2618 ο
3402 2587 3547 2642 ὥστε
3573 2589 3859 2660 παταχθῆ-

2266 2686 2356 2723 ναι
2382 2670 2482 2743 τὴν
2505 2674 2757 2745 καρδίαν,
2782 2674 2876 2730 καὶ
2922 2677 3058 2749 μηδὲ
3081 2679 3287 2751 τολμᾷν
3315 2679 3501 2751 λέγειν
3530 2684 3618 2738 ὅτι
3650 2685 3858 2740 ἔπαθόν

2266 2776 2322 2813 τι
2349 2760 2440 2815 διά
2465 2763 2725 2834 Χριστόν.
2768 2766 2883 2820 Καὶ
2918 2767 2971 2821 τί
3008 2766 3367 2841 γλυκύτερον,
3412 2771 3621 2844 Πάτερ.
3650 2774 3857 2843 ὕπομιο

2269 2852 2496 2921 μνὴσκω
2519 2855 2595 2920 ὡς
2623 2855 2831 2922 δοῦλος,
2876 2857 2970 2913 τοῦ
3018 2858 3087 2914 δι’
3117 2861 3285 2915 αὐτὸν
3330 2863 3603 2933 πάσχειν;
3637 2865 3854 2936 ’Ᾱθρει,

2269 2941 2480 3013 Πάτερ,
2522 2944 2667 2999 άνωο
2695 2946 2799 3018 δρα
2844 2948 2936 3003 τὸν
2965 2949 3191 3021 Κύριον,
3228 2951 3502 3008 ὲπόπτευε
3548 2955 3653 3017 τάς
3682 2956 3856 3025 ἀγγε-

2264 3033 2482 3100 λοθεῖας
2501 3052 2516 3067 ο
2548 3038 2828 3104 ὲνατένιζε
2858 3041 2957 3107 τάς
2991 3043 3343 3116 ἀγιοχορείας
3362 3061 3377 3076 ·
3412 3046 3489 3100 τδε
3530 3048 3627 3102 επὶ
3660 3048 3853 3119 θρόνου

2264 3130 2475 3201 ὑψηλοῦ
2517 3133 2612 3189 καὶ
2654 3134 2974 3207 ἐπηρμένου
3012 3143 3106 3192 τδν
3132 3139 3342 3212 Κριτὴν
3382 3139 3476 3194 τοῦ
3506 3142 3724 3212 κόσμου
3749 3159 3765 3173 ο
3797 3144 3857 3206 ὃς

2268 3240 2329 3277 σε
2361 3224 2697 3296 ἀνακηρύξει
2737 3227 2929 3283 πιστὸν
2975 3228 3187 3295 δοῦλον,
3219 3230 3317 3286 καὶ
3340 3232 3451 3286 τῶν
3481 3232 3725 3288 ἐντολῶν
3754 3235 3855 3288 αύ-

2265 3315 2361 3367 τοῦ
2386 3316 2654 3388 τηρητὴν,
2679 3319 2797 3385 καὶ,
2822 3318 2887 3373 τὸ
2927 3320 3113 3391 μεῖζον
3135 3360 3151 3385 ,
3180 3321 3544 3397 όμολογητήν.
3580 3320 3722 3380 εἶτα
3751 3326 3853 3381 ποῦ

2267 3422 2329 3459 σε
2359 3406 2566 3478 πέμψει
2584 3423 2601 3475 ;
2617 3408 2719 3462 οὐκ
2747 3410 2830 3474 είς
2854 3408 2969 3484 πῦρ
3002 3410 3246 3479 αἰώνιον,
3270 3413 3408 3486 ὅπερ
3424 3414 3707 3488 λαμϐάνει
3727 3418 3853 3483 τοῦς

2265 3495 2515 3562 ἀπειθεῖς
2541 3498 2636 3553 τοῦ
2663 3499 2832 3572 νόμου
2859 3501 3028 3558 αὐτοῦ
3047 3520 3062 3535 ·
3089 3504 3304 3570 ἀλλἐίς
3330 3504 3598 3579 ζωοδόχον
3620 3511 3851 3582 χωρίονι

2265 3590 2362 3643 καὶ
2394 3588 2663 3646 ἀθάνατον
2691 3593 3057 3661 κατάπαυσιν,
3089 3599 3187 3652 καὶ
3211 3599 3748 3669 ἀπειροαγαλλίατον
3765 3604 3854 3657 εύ⁴

2267 3681 2543 3755 φροσύνην
2561 3682 2690 3756 [ms.
2712 3684 2848 3757 Reg.
2875 3686 3299 3763 θεοφροσύνην].
3324 3692 3854 3767 Εισελθεγάρ,φη-

2267 3775 2374 3839 σὶν,
2386 3777 2476 3842 εὶς
2491 3776 2611 3845 τὴν
2626 3778 2824 3848 χαρὰν
2837 3780 2947 3834 τοῦ
2964 3783 3192 3851 Κυρίου
3213 3797 3351 3839 σου.
3374 3785 3602 3841 Πάντων
3621 3788 3789 3860 ¹ἡμῶν
3802 3791 3851 3844 ot

2265 3866 2540 3939 ὀφθαλμοὶ
2563 3870 2645 3934 είς
2666 3870 2728 3923 at
2766 3869 3048 3942 βλέπουσι.
3074 3874 3285 3940 Πάντες
3327 3878 3851 3952 μεγαλοψυχοῦμεν,

2267 3959 2363 4013 σοῦ
2379 3960 2747 4033 ήδρασμένου.
2768 3963 2869 4036 Ετη
2898 3981 2981 4020 σοι
2998 3966 3092 4020 ἐπὶ
3110 3966 3276 4022 πλέον
3299 3970 3333 4040 ἠ
3354 3969 3579 4041 βοήθεια
3593 3972 3697 4026 τοῦ
3714 3973 3849 4028 Θεοῦ

2264 4052 2542 4126 όχυροῦσά
2561 4073 2643 4123 σε,
2666 4057 2982 4129 δυναμοῦσά
3001 4076 3086 4124 σε,
3103 4061 3399 4117 εὐτονοῦσά
3416 4079 3497 4128 σε,
3519 4064 3685 4137 ἀνδρε
3696 4067 3850 4122 ιοῦσά

2265 4161 2348 4201 σε.
2396 4145 2456 4203 '0
2488 4146 2582 4201 τὸν
2618 4147 2754 4203 Θεὸν
2783 4149 3150 4221 φοϐούμενος,
3185 4153 3263 4225 μὴ
3292 4154 3539 4226 φοϐηθῇς
3562 4155 3593 4210 6
3618 4159 3847 4230 ἐποίησέ

2266 4253 2349 4290 σοι
2375 4237 2682 4310 ἄνθρωπος,
2716 4241 2751 4314 ἢ
2787 4241 2886 4296 καὶ
2929 4244 3148 4315 ποιήσει
3206 4246 3389 4317 τυχόν.
3435 4248 3722 4313 Πέποιθας
3757 4250 3849 4305 ἐπὶ

2264 4329 2492 4400 Κύριον,
2524 4332 2652 4404 ὅρος
2679 4329 2730 4387 εί
2756 4333 2919 4401 Σιὼν,
2949 4336 3012 4390 ού
3037 4336 3345 4409 σαλευθήσῃ
3378 4339 3459 4403 είς
3503 4339 3592 4393 τὸν
3627 4341 3807 4395 αἰῶνα
3828 4359 3842 4371 ·

2264 4421 2523 4479 κάτοικον
2550 4424 2661 4497 γὰρ
2684 4424 2830 4497 ἔχεις
2858 4426 2953 4481 τὸν
2979 4427 3082 4500 τῆς
3116 4429 3232 4484 ἄνω
3270 4428 3628 4504 Ἰερουσαλὴμ
3665 4432 3845 4504 τεχνί-

2262 4530 2364 4584 την
2395 4514 2490 4569 καὶ
2519 4515 2873 4588 δημιουργόν.
2907 4517 3022 4584 Τάς
3075 4519 3317 4586 ίοϐόλους
3339 4522 3544 4592 φωνὰς,
3573 4523 3675 4578 καὶ
3708 4526 3846 4578 ἀπα-

2260 4602 2594 4670 τηλοθελεῐς,
2623 4604 2733 4659 τῶν
2774 4605 2853 4670 ὠς
2884 4606 3065 4678 ὄφεων
3109 4609 3540 4684 ὐποσυρομένων
3592 4629 3710 4680 σοι,
3753 4613 3845 4668 καὶ

2263 4694 2526 4751 θελόντων
2552 4714 2611 4751 σε
2639 4697 2736 4753 τοῦ
2753 4698 2916 4767 ξύλου
2940 4699 3037 4755 τοῦ
3055 4701 3289 4768 ζωτικοῦ
3323 4705 3423 4777 τῆς
3444 4704 3709 4775 ἀληθείας
3744 4710 3845 4762 ἀπο

2264 4785 2412 4852 άξαι,
2457 4785 2652 4858 φεῦγε,
2684 4788 2781 4842 δια)⁸
2808 4788 3067 4855 ὲνωτίζου
3100 4791 3250 4859 ἀπαξ
3292 4795 3662 4865 κραταιωθεὶς
3689 4798 3751 4851 ἐν
3777 4798 3841 4868 τῇ

2262 4876 2513 4951 ἀληθείᾳ,
2544 4879 2642 4934 καὶ
2670 4879 2759 4934 διὰ
2786 4879 2997 4936 πολλῶν
3025 4884 3342 4956 μαρτυριῶν
3369 4887 3471 4956 τῆς
3503 4887 3671 4957 ἁγίας
3702 4889 3844 4961 Γρα-

2262 4968 2373 5039 φῆς
2402 4971 2780 5042 συσφιγχθεὶς,
2805 4970 2920 5025 ἔσθ’
2948 4974 3040 5027 ὅτε
3076 4975 3175 5029 καὶ
3226 4975 3532 5049 ἀνθρώπων
3573 4979 3839 5046 εὐσεϐῶν,

2261 5060 2344 5125 είς
2395 5062 2635 5135 παντελῆ
2674 5065 3004 5137 ἀκινησίανο
3035 5066 3189 5133 ὃπως
3226 5068 3396 5144 τεύξῃ
3438 5071 3709 5142 κάκείνης
3740 5072 3841 5142 τῆς

2260 5155 2450 5227 φωνῆς
2480 5156 2544 5210 τδ
2587 5158 2867 5229 ἐγκώμιον
2890 5177 2907 5193 ο
2943 5159 3009 5215 '0
3046 5159 3237 5215 ποιῶν
3262 5161 3474 5228 ταῦτα,
3510 5162 3583 5216 οὐ
3611 5165 3839 5217 σαλευ-

2256 5248 2509 5317 θήσεται
2564 5251 2653 5315 είς
2710 5251 2817 5305 τὸν
2864 5251 3071 5307 αἰῶνα.
3117 5253 3490 5323 Ὑγιαίνουσιν
3530 5256 3582 5307 oi
3630 5255 3836 5317 πάντες

2253 5338 2498 5409 ἀδελφοὶ,
2531 5343 2561 5396 6
2589 5340 2778 5414 κύριος
2823 5343 3074 5409 διάκονος
3098 5346 3128 5399 6
3166 5346 3358 5417 Πατήρ
3390 5362 3517 5416 μου,
3562 5346 3593 5398 6
3628 5345 3836 5415 γλυκύς

2259 5448 2362 5502 μου
2390 5432 2641 5504 ἀδελφὸς,
2672 5434 2771 5489 καὶ
2801 5434 2897 5489 νῦν
2927 5434 3131 5508 μᾶλλον
3154 5436 3322 5501 ἀξίως
3357 5435 3753 5508 περιπόθητος,
3785 5437 3834 5489 oi

2254 5523 2437 5579 λοιποὶ
2468 5526 2784 5599 προσφίλιοι
2812 5528 2908 5582 καὶ
2936 5527 3109 5599 τίμιοί
3133 5543 3259 5598 μου,
3289 5530 3384 5583 καὶ
3414 5530 3583 5583 τέκνα
3615 5545 3731 5594 σου,
3757 5522 3839 5592 οἷς

2257 5617 2357 5671 σὺν
2386 5619 2510 5689 ἐμοὶ
2540 5622 2698 5688 πᾶσι,
2730 5619 2935 5692 Πάτερ,
2958 5619 3144 5693 εὔχου.
3177 5620 3390 5685 Πάντες
3433 5622 3618 5676 αὐτῶν
3649 5621 3837 5691 εὐδρο-

2355 5731 2377 5762 ⁸
2415 5730 2559 5788 Psal.
2661 5734 2835 5800 “,5.
2946 5732 3143 5790 ’Psal.
3199 5749 3382 5809 σχειν,
3451 5740 3478 5789 ι
3616 5736 3661 5767 ¹⁶
3682 5734 3830 5791 Psal-
