4064 6372
262 375 371 443 913

1502 371 2049 434 EPISTULARUM
2081 374 2229 434 LIB.
2266 374 2317 437 Ι.

3450 382 3557 447 914

259 498 425 573 μοῦσι
450 514 466 532 ο
494 495 737 569 ποθητδν
759 493 951 558 αὐτοῖς
992 492 1158 566 μόνον
1178 494 1213 565 ἡ
1251 493 1321 567 σὴ
1348 492 1507 563 ύγεία
1552 494 1612 548 ὲν
1646 494 1839 568 Κυρίῳ

1964 495 2067 553 bus
2087 495 2349 553 omnibus
2370 510 2613 560 mecum,
2650 494 2838 560 Pater.
2862 508 2981 551 ora.
3014 494 3220 550 Omnes
3253 505 3405 554 recte
3426 512 3558 555 cur-

254 593 355 647 καὶ
384 590 697 663 εὐφόρητον
734 587 847 642 πᾶν
879 586 1062 641 ὁτιοῦν
1083 584 1341 643 παθοῦσι.
1368 586 1594 651 Πάντως
1637 588 1734 642 καὶ
1759 586 1854 641 λυ·-

255 683 543 757 πούμεθα,
594 680 694 736 καὶ⁸
740 678 1165 752 ἀδημονοῦμεν,
1218 679 1313 733 καὶ
1356 678 1723 751 ἀσχάλλομεν,
1752 679 1852 734 καὶ

257 772 643 845 ρᾳθυμοῦμεν,
690 770 791 825 καὶ
820 770 1101 840 λογισμῶν
1147 770 1409 843 πονηρῶν
1437 771 1696 843 ὀχλήσεις
1728 772 1853 844 ἐχο-

258 883 361 937 μεν
388 884 404 898 ο
431 865 529 920 καὶ
580 863 705 920 οὐδὲ
738 863 849 935 γὰρ
908 861 1063 916 ἐστιν
1106 861 1265 927 ἐκτὸς
1285 862 1522 933 θλίψεων
1555 864 1852 936 παρελθεῖν

253 959 366 1013 τῶν
384 959 514 1031 τῇδε
531 970 548 988 ⁶
577 956 717 1013 ἀλλά
737 955 829 1010 διὰ
856 953 957 1026 τὴν
1004 953 1201 1010 ἐλπίδα
1225 956 1324 1010 καὶ⁵
1340 955 1511 1028 εὐχήν
1541 973 1638 1011 σου
1664 956 1850 1028 ίσχύο-

259 1068 382 1121 μεν.
427 1050 585 1121 Ἐμοὶ
617 1049 699 1113 δὲ,
727 1048 936 1118 Πάτερ,
994 1045 1184 1119 εὔχου,
1231 1048 1316 1102 δτι
1349 1048 1444 1102 τὸν
1484 1048 1714 1103 Ἡσαΐαν
1759 1047 1854 1105 τὸν

255 1144 412 1212 ἅγιον
435 1140 767 1212 ὲκστηθίζω.
793 1142 906 1195 Καὶ
926 1140 1169 1212 δήλωσόν
1198 1158 1294 1213 μοι
1327 1142 1399 1209 εί,
1433 1143 1591 1214 παρά
1620 1143 1684 1198 τὸ
1710 1144 1851 1217 γρά-

255 1251 405 1304 φειν,
430 1232 832 1304 ἀναγινώσκειν
873 1250 945 1305 με
975 1232 1174 1299 θέλεις.

785 1434 862 1490 Γο.
884 1464 955 1475 —--
995 1429 1081 1499 Τῷ
1112 1431 1298 1498 αὐτῷ.

1957 595 2139 641 ruut:
2204 601 2373 642 unum
2421 585 2529 641 illis
2566 593 2777 651 votum,
2829 594 2921 639 tua
2966 584 3023 639 in
3070 584 3303 641 Domino
3357 585 3551 641 salus:

1955 676 2076 733 leve
2098 685 2281 734 autem
2304 686 2361 734 et
2392 676 2701 745 tolerabile,
2738 674 3006 748 quidquid
3030 684 3115 733 est
3140 679 3289 747 quod
3338 678 3558 748 patiun-

1955 781 2067 826 tur.
2103 768 2344 827 Omnino
2375 779 2431 827 et
2456 770 2731 837 dolemus,
2756 778 2813 825 et
2852 770 3160 835 tristamur,
3184 779 3240 826 et
3274 770 3553 840 angimur,

1951 872 2007 920 et
2034 863 2221 919 animo
2243 863 2553 935 deiicimur,
2583 872 2642 920 et
2682 878 2974 935 pravarum
3005 863 3411 934 cogitationum
3453 862 3555 917 tiu-

1956 955 2143 1011 ctibus
2181 955 2490 1026 agitamur:
2518 971 2701 1028 neque
2726 955 2873 1012 enim
2907 955 3033 1013 sine
3055 955 3321 1014 arumnis
3351 953 3418 1011 ei
3448 956 3555 1012 hac

1960 1048 2071 1103 vita
2109 1047 2296 1119 egredi
2328 1048 2456 1104 licet
2493 1065 2507 1103 :
2542 1048 2638 1104 sed
2662 1062 2763 1119 spe
2791 1047 3035 1114 subnixi,
3062 1062 3126 1104 ac
3157 1048 3413 1119 precibus
3438 1048 3549 1104 tuis

1959 1138 2106 1196 vires
2128 1138 2426 1197 sumimus.
2460 1137 2543 1195 Tu
2570 1154 2721 1206 vero,
2748 1140 2933 1208 Pater,
2971 1140 3108 1195 bene
3140 1140 3272 1194 mibi
3303 1155 3549 1211 precare,

1958 1229 2015 1285 in
2049 1241 2305 1286 sanctum
2339 1228 2537 1285 Isaiam
2591 1230 2971 1294 incumbenti:
3003 1240 3061 1287 et
3089 1230 3340 1303 signiﬁca
3392 1232 3550 1301 mihi,

1957 1338 2028 1379 an
2051 1324 2233 1395 legere
2264 1340 2353 1381 me
2379 1324 2665 1391 duntaxat,
2697 1339 2805 1380 non
2830 1334 3015 1381 autem
3043 1335 3096 1380 et
3127 1325 3370 1382 scribere
3392 1326 3546 1382 velis.

2531 1435 2597 1491 III
2633 1465 2706 1481 --
2744 1435 2951 1492 Eidem.

408 1546 829 1604 Thessaloni-m
853 1548 904 1597 in
925 1543 1162 1597 exsilium
1180 1545 1491 1609 deportatus,
1548 1542 1746 1598 itineris
1762 1549 1842 1597 sui
1865 1549 2061 1598 modum
2082 1552 2137 1599 et
2167 1548 2396 1600 ordinem
2424 1547 2648 1612 exponit.
2673 1549 2875 1612 (Baron.
2899 1563 2978 1599 an.
3005 1549 3117 1610 796,
3153 1564 3291 1603 num.
3344 1551 3415 1614 1.)

324 1657 614 1733 Προχεῐταί
666 1673 777 1728 μοι
797 1656 860 1710 τὸ
900 1655 1138 1727 δάκρυον
1163 1652 1273 1727 πρὸ
1294 1652 1392 1708 τοῦ
1413 1653 1576 1724 λόγου
1600 1670 1615 1686 ·
1648 1655 1742 1709 καὶ
1774 1657 1839 1710 τὰ

2018 1655 2303 1713 Profluunt
2340 1658 2474 1713 mihi
2528 1658 2785 1729 lacrymae
2812 1667 2939 1713 ante
2976 1658 3141 1713 verba
3176 1661 3294 1727 :(et
3329 1661 3544 1719 viscera

250 1753 548 1823 σπλάγχνα
596 1751 830 1805 δονεῖται
854 1765 870 1780 ο
901 1748 1000 1803 καὶ
1028 1748 1204 1820 ήχεὶρ
1242 1746 1544 1819 ὑποτρέμει
1572 1746 1668 1802 τοῦ
1702 1748 1843 1819 γρά-

250 1862 417 1916 φειν’
453 1844 549 1898 καὶ
573 1843 805 1913 ἕλκομαι
850 1840 1217 1911 πανταχόθεν,
1240 1840 1338 1895 καὶ
1380 1840 1570 1912 φέρειν
1609 1840 1669 1894 τὸ
1716 1841 1842 1895 ὀδυ-

247 1936 419 2007 νηρὸν
442 1935 542 2005 οὐχ
571 1928 683 1997 οἷός
724 1931 786 1986 τέ
819 1932 960 2002 είμι.
986 1932 1052 1984 ‘0
1091 1930 1211 1995 πῶς
1241 1930 1453 1999 ἐνέγκω
1478 1948 1597 1997 σου,
1625 1931 1838 2000 Πάτερ,

249 2027 461 2098 Πάτερ,
487 2026 557 2078 τά
583 2022 997 2096 χριστομίμητα
1022 2022 1172 2095 πάθη
1195 2040 1213 2091 ;
1239 2022 1285 2076 ὢ
1311 2022 1430 2086 πῶς
1458 2021 1595 2075 οίσω
1622 2037 1718 2076 σου
1742 2020 1842 2092 τὴν

245 2120 466 2191 ὑψηλὴν
494 2118 590 2174 καὶ
639 2116 802 2186 ἀγίαν
845 2116 1220 2184 ταπείνωσιν;
1264 2114 1382 2180 πῶς
1435 2115 1735 2187 ύπαντήσω
1756 2131 1841 2169 σοι

247 2213 395 2266 κατά
430 2211 591 2280 λόγον
641 2209 1001 2283 ἀντιγράφειν
1027 2226 1043 2274 ;
1074 2208 1172 2264 καὶ
1228 2211 1325 2263 ποτ
1372 2208 1675 2281 τράπωμαι
1696 2247 1713 2274 ,
1744 2208 1842 2263 καὶ

242 2304 377 2359 ὃθεν
403 2304 575 2375 ίωμαι
613 2301 910 2374 κατάρχειν
970 2301 1083 2355 τῶν
1129 2300 1482 2373 γραμμάτων
1506 2316 1522 2366 ;
1548 2300 1695 2372 Πρὸς
1736 2299 1842 2372 ἐμὲ

240 2397 346 2452 οὖν
373 2398 464 2461 σὺ,
496 2390 543 2451 ὧ
586 2395 793 2467 Πάτερ,
834 2393 1063 2449 τοιαῦτα
1111 2394 1383 2465 γράφεις;
1410 2392 1551 2465 πρὸς
1600 2390 1703 2463 ἐμὲ
1748 2391 1842 2446 τὸν

242 2484 535 2557 σκώληκα,
568 2485 664 2540 καὶ
712 2482 999 2556 βόρϐορον,
1056 2482 1155 2539 καὶ
1194 2483 1426 2548 ἄσωτον,
1451 2484 1481 2537 6
1510 2481 1704 2554 Πατὴρ
1735 2498 1842 2551 φω-

240 2582 350 2647 νάς
370 2582 565 2652 ἀφίησι
616 2578 937 2652 πρεπούσας
963 2576 1177 2649 τέκνῳξς
1216 2573 1476 2630 ἰκετικδν
1522 2572 1843 2646 ἀναλαμϐά-

239 2690 363 2735 νεις
382 2673 569 2743 σχῆμα
592 2671 623 2724 6
641 2670 874 2741 ὀφείλων
901 2666 1269 2724 ίκετεύεσθαι.
1298 2665 1472 2732 Κάγὼ
1491 2663 1678 2719 λοιπὸν
1698 2666 1727 2718 ό
1745 2663 1843 2720 τά·

238 2766 349 2830 λας
373 2766 430 2820 τί
472 2763 976 2837 προσφθέγξωμαις
1015 2760 1114 2815 καὶ
1143 2759 1265 2824 πῶς
1296 2756 1620 2813 ταπεινωθῶ
1649 2757 1729 2829 τῷ
1754 2757 1839 2812 δι-

240 2858 392 2928 καίῳ
421 2874 527 2930 μου
546 2856 762 2928 Πατρί;
802 2856 955 2928 ὅμως
987 2852 1262 2924 ἐδεξάμην
1292 2844 1474 2920 σου,ὧ
1506 2851 1711 2922 Πάτερ,
1736 2850 1841 2922 τὴν

240 2952 417 3023 ἁγίαν
444 2950 738 3022 επιστολὴν
766 2953 827 3005 ιν
869 2949 1062 3021 χερσὶν
1101 2946 1451 3013 ἀναξίαιςώς
1493 2944 1838 3018 θεογράφους

1861 3006 1904 3065 C

1950 1749 2295 1818 quatiuntur,
2352 1762 2406 1805 et
2434 1765 2639 1806 manus
2668 1750 2956 1806 scribendo
2978 1755 3374 1811 contremiscit.
3404 1756 3446 1810 Τ
3451 1773 3544 1813 οι·-

1946 1854 2116 1909 queor
2139 1840 2400 1910 undique,
2428 1855 2528 1896 nec
2546 1841 2788 1895 dolorem
2818 1840 2967 1896 ferre
2988 1842 3104 1912 jam
3131 1844 3305 1899 valeo.
3343 1846 3405 1900 Et
3434 1863 3545 1916 quo

1951 1939 2132 1999 pacto,
2163 1931 2346 1997 Pater,
2382 1948 2414 1987 ο
2438 1932 2620 1997 Pater,
2655 1932 2936 1988 Christum
2966 1934 3242 1990 imitantes
3266 1937 3542 1993 cruciatus

1945 2030 2070 2077 tuos
2132 2021 2593 2094 perferam?quo
2655 2034 2815 2095 pacto
2854 2025 3125 2081 excelsam
3178 2038 3544 2101 sanctamque

1944 2113 2336 2171 demissionem
2400 2125 2553 2172 tuam
2615 2118 3083 2190 sustinebo?quo
3125 2130 3286 2191 pacto
3340 2138 3538 2193 queam

1945 2204 2060 2269 tibi,
2094 2216 2252 2277 prout
2285 2208 2424 2264 ratio
2464 2213 2725 2280 postulat,
2760 2212 3108 2268 rescribere?
3141 2213 3261 2280 Quo
3310 2232 3397 2270 me
3422 2232 3541 2272 ver-

1946 2306 2078 2363 tam,
2106 2306 2161 2354 et
2188 2300 2559 2360 undelitteras
2583 2305 2884 2362 exordiar?
2913 2308 2995 2363 Ad
3027 2324 3112 2365 me
3138 2310 3328 2382 igitur,
3354 2312 3537 2377 Pater,

1944 2401 1999 2447 tu
2033 2391 2161 2447 talia
2205 2394 2446 2452 scribis?
2483 2398 2551 2453 ad
2579 2413 2667 2454 me
2721 2402 3101 2468 vermiculum,
3145 2420 3392 2474 omnium,
3438 2409 3525 2462 in-

1944 2493 2361 2556 temperantem,
2407 2487 2568 2545 Pater
2592 2502 2960 2562 congruentes
2990 2496 3109 2551 tilio
3142 2512 3307 2554 voces
3343 2501 3531 2555 mittit.

1958 2575 2235 2648 Supplicis
2277 2580 2485 2635 cultum
2544 2582 2748 2648 induis,
2789 2583 2877 2640 cui
2938 2586 3235 2657 supplicari
3285 2604 3384 2659 par
3430 2600 3533 2645 est.

1940 2665 2012 2722 At
2043 2683 2146 2739 ego
2184 2670 2400 2725 tandem
2430 2671 2621 2728 infelix
2668 2674 2799 2744 quid
2849 2674 3097 2747 eloquar,
3126 2686 3181 2733 et
3219 2695 3331 2750 quo
3376 2692 3536 2750 pacto

1938 2761 2095 2831 justo
2162 2760 2313 2817 Patri
2346 2780 2468 2819 meo
2503 2765 2870 2823 humiliabor?
2899 2770 3281 2825 Verumtamen
3326 2776 3533 2843 accepi,

1939 2848 2119 2917 Pater,
2142 2852 2383 2926 indignis
2400 2855 2652 2912 manibus
2669 2865 2915 2913 sanctam
2941 2860 3248 2929 epistolam,
3275 2870 3532 2932 tanquam

1940 2942 2153 2999 tabulas
2173 2959 2204 2999 a
2234 2944 2343 3000 Deo
2377 2956 2649 3004 exaratas.
2694 2947 2891 3005 Audivi
2922 2965 3116 3007 vocem
3146 2961 3299 3008 tuam
3335 2953 3535 3010 litteris

238 3046 488 3109 πλάκας.
534 3042 786 3098 Ἤκουσά
827 3059 924 3097 σου
966 3043 1068 3113 τῆς
1111 3038 1513 3110 ἐγγράμμάτου
1538 3036 1723 3108 φωνῆς
1757 3035 1834 3100 ὡς

1941 3036 2315 3106 COItsiguatam
2364 3046 2424 3093 ut
2476 3038 2523 3094 si
2556 3040 2683 3109 quis
2729 3041 2908 3113 angeli
2941 3043 3026 3098 vel
3071 3045 3305 3115 apostoli
3342 3061 3533 3102 vocem

238 3139 297 3194 εῐ
328 3155 421 3201 τις
449 3135 740 3192 ἀκούσειεν
785 3134 1024 3205 ἀγγέλου
1074 3133 1265 3203 φωνῆς
1312 3131 1346 3202 ἢ
1371 3130 1675 3185 ἀποστόλου
1700 3146 1715 3160 ο
1738 3130 1835 3185 καὶ

241 3230 542 3303 συνέτριψε
566 3229 668 3301 τὴν
712 3228 965 3301 καρδίαν,
1000 3227 1100 3282 καὶ
1140 3225 1398 3291 ἐξέϐλύσε
1439 3224 1701 3296 δάκρυον,
1737 3222 1835 3279 καὶ

239 3322 710 3394 ἀπεκλαυσάμην,
735 3321 834 3376 καὶ
861 3320 1145 3393 ἀθρήνησα
1170 3318 1271 3388 οὐχ
1315 3316 1675 3389 ἰερεμιτικδν
1705 3315 1837 3388 θρῆο

240 3434 336 3471 νον
392 3418 489 3472 επὶ
536 3414 732 3470 παθῶν
765 3411 1087 3482 θεοστυγέσι
1140 3409 1562 3482 γεγενημένων·
1594 3408 1733 3464 ῐδιον
1776 3408 1835 3463 δέ

239 3524 375 3565 τινα
399 3511 498 3563 καὶ⁵
526 3507 912 3579 φιλοπάτριον,
938 3504 1037 3561 καὶ
1071 3502 1193 3575 Θεῷ
1234 3503 1408 3568 δντως
1447 3502 1826 3575 χαριστήριον.

237 3601 520 3664 Δίνέσεως
584 3600 697 3671 γὰρ
744 3595 983 3669 ἀληθοῦς
1020 3596 1061 3652 ἀ
1106 3594 1482 3673 ἀπέσταλκας,
1545 3593 1728 3667 Πάτερ
1756 3593 1869 3655 δίι,

240 3709 397 3756 καιε,
429 3690 767 3763 ἀπογραφῆς
815 3688 970 3757 ἀξια,
1006 3688 1110 3761 τῆς
1142 3690 1224 3754 είς
1266 3688 1403 3744 Θεὸν
1436 3687 1718 3754 όλοτελοῦς
1736 3705 1832 3744 σου

240 3780 566 3857 προθέσεως
592 3781 872 3853 γνώριμα.

307 3872 651 3946 Τοιγαροῦν,
679 3866 728 3928 ὧ
757 3871 970 3945 Πάτερ,
996 3870 1298 3946 ὲστήριξας
1336 3870 1501 3945 ἡμῶν
1528 3872 1602 3927 τά
1622 3872 1833 3945 φρονή-

242 3981 427 4039 ματα·
465 3964 779 4037 ενεύρωσας
801 3964 962 4037 ἡμῶν
990 3964 1091 4028 τὰς
1138 3963 1390 4037 καρδίας.
1435 3964 1614 4037 ’Υπὲρ
1638 3964 1835 4018 ἐλπίδα

238 4059 275 4128 ὴ
300 4056 507 4129 ἀνδρία
551 4071 689 4110 σουο
727 4055 873 4128 ὑπὲρ
919 4054 1253 4127 προσδοκίαν
1299 4058 1336 4128 ἡ
1378 4056 1668 4129 παρρησία
1711 4072 1831 4110 σου.

243 4152 448 4214 ’Δλλος
493 4166 578 4214 τις
627 4151 763 4221 ἡμῖν
810 4149 1024 4221 ὤφθης,
1063 4150 1100 4222 ἢ
1130 4151 1305 4222 ὅσπερ
1338 4149 1639 4221 ὶγνωρίζου
1671 4165 1687 4181 ο
1712 4149 1834 4213 ὅλος

241 4245 301 4299 ὲν
332 4243 464 4314 υεῷ
503 4241 897 4313 ἠλλοιωμένος.
930 4244 1073 4311 Δόξα
1099 4242 1180 4315 τῷ
1208 4260 1272 4297 σε
1304 4241 1715 4314 δυναμώσαντι.
1755 4243 1831 4298 Ού

1935 3127 2253 3195 andiat;et
2311 3144 2407 3185 cor
2475 3131 2741 3187 contrivit
2799 3142 2857 3189 et
2910 3133 3182 3207 lacrymas
3237 3140 3531 3209 expressit.

1933 3218 2123 3275 Planxi
2153 3229 2208 3275 et
2255 3220 2589 3279 lamentatus
2631 3239 2777 3289 sum,
2815 3240 2922 3281 non
2971 3224 3283 3286 Jeremitica
3321 3232 3533 3289 lamen-

1933 3313 2162 3377 tatione,
2179 3314 2247 3369 de
2271 3314 2619 3370 inimicorum
2650 3313 2747 3371 Dei
2770 3316 3178 3377 calamitatibus
3205 3326 3529 3393 composita;

1933 3404 2031 3461 sed
2079 3406 2365 3476 peculiari,
2393 3422 2516 3478 quae
2543 3417 2598 3463 et
2620 3406 2865 3464 studium
2918 3410 2978 3465 in
3013 3410 3232 3468 Patrem
3274 3425 3531 3485 testetur,

1933 3507 1987 3554 et
2015 3512 2143 3554 vere
2171 3496 2283 3554 Deo
2316 3508 2498 3571 grates
2518 3499 2743 3558 referat.
2772 3500 2925 3559 Verte
2962 3505 3109 3560 enim
3168 3507 3526 3579 laudationis,

1932 3586 2098 3644 Pater
2124 3588 2293 3661 juste,
2322 3599 2455 3646 sunt
2508 3606 2633 3662 qua:
2683 3590 2908 3662 misisti,
2939 3595 3104 3666 digna
3139 3612 3261 3670 quae
3318 3602 3530 3659 descri-

1932 3681 2152 3751 bantur,
2189 3682 2487 3754 perfectam
2507 3698 2637 3757 erga
2662 3684 2830 3740 Deum
2860 3697 3133 3757 mentem,
3174 3692 3530 3767 animumque

1936 3782 2087 3829 tuum
2118 3776 2579 3833 demonstrantia.

2005 3866 2184 3934 Quare
2216 3882 2411 3924 sensus
2451 3878 2691 3935 nostros,
2708 3870 2894 3935 Pater,
2944 3872 3319 3931 confirmasti:
3360 3879 3524 3935 corda

1933 3969 2119 4015 nostra
2171 3961 2557 4017 corroborasti.
2615 3961 2797 4034 Supra
2864 3980 3018 4035 spem
3085 3966 3353 4025 fortitudo
3412 3983 3524 4038 tua,

1934 4067 2097 4121 supra
2126 4053 2586 4123 exspectationem
2634 4055 2858 4113 libertas
2901 4066 3015 4113 tua.
3054 4058 3208 4115 Alius
3250 4064 3525 4136 quispiam

1935 4141 2091 4197 nobis
2121 4142 2272 4197 visus
2300 4158 2360 4197 es
2390 4144 2459 4201 ab
2474 4158 2540 4200 eo
2555 4160 2717 4217 quem
2744 4162 3076 4205 noveramus
3105 4169 3119 4207 :
3156 4161 3300 4210 totus
3329 4156 3384 4211 in
3416 4158 3525 4215 Deo

1934 4233 2273 4287 immutatus.
2304 4231 2451 4288 Laus
2477 4233 2529 4291 ei
2556 4236 2648 4306 qui
2685 4246 2736 4292 te
2781 4238 3145 4295 confirmavit.
3178 4241 3297 4299 Non
3327 4244 3528 4316 dejecit

240 4333 524 4389 κατέϐαλε
578 4350 641 4387 σε
689 4333 856 4402 φόϐος
918 4332 1242 4404 βασιλείαςο
1286 4332 1389 4387 οὐκ
1455 4332 1737 4405 εχαύνωσέ
1771 4350 1832 4387 σε

1941 4332 1991 4379 te
2020 4333 2196 4379 terror
2250 4324 2616 4396 imperatoris,
2671 4344 2782 4384 non
2812 4331 3076 4387 emollivit
3119 4343 3171 4388 Ie
3220 4335 3524 4394 insidiatrix

239 4422 488 4497 γοητικῆ
532 4421 765 4479 θωπεία.
798 4422 915 4494 οὐχ
947 4423 1090 4478 εἵλου
1149 4421 1492 4495 προσκαίρου
1542 4422 1841 4480 ἀπολαύειν

239 4519 470 4592 ἡδονῆς,
498 4516 942 4589 προκινδυνεύειν
967 4516 1138 4572 θέλων
1157 4520 1257 4589 τῆς
1270 4516 1534 4589 ἀληθείας
1555 4517 1651 4571 τοῦ
1678 4519 1838 4576 Θεοῦ.

252 4614 313 4669 '0
343 4610 559 4683 ποιμὴν
588 4612 616 4665 6
644 4610 835 4675 καλὸς,
863 4612 894 4665 6
923 4609 1039 4676 θεὶς
1062 4610 1163 4683 τὴν
1189 4610 1371 4683 ψυχὴν
1405 4611 1546 4683 ὑπὲρ
1564 4611 1675 4665 τῶν
1707 4629 1839 4683 προ-

243 4706 437 4761 ϐάτων
455 4720 471 4736 ο
500 4706 529 4759 6
556 4703 657 4759 καὶ
675 4702 773 4758 νῦν
801 4702 1025 4773 δέσμιος
1047 4702 1138 4757 διά
1164 4702 1267 4773 τῆς
1301 4703 1569 4776 φρουρᾶς,
1595 4701 1672 4765 ὡς
1705 4704 1843 4772 Χρι·

244 4797 381 4853 στοῦ
424 4795 845 4859 ’Δπόστολος.’“0
866 4794 961 4849 τοῦ
984 4795 1264 4865 δωματίου
1290 4795 1523 4861 ἐκείνου,
1540 4796 1600 4848 ὲν
1626 4786 1673 4862 ᾧ
1694 4795 1837 4867 φέρῃ

245 4891 340 4944 καὶ
380 4888 628 4960 περιάγει
673 4886 753 4951 ὡς
793 4885 979 4958 τίμιον
1028 4888 1127 4943 καὶ
1167 4886 1476 4961 εὔχρηστον
1522 4886 1718 4950 σκεῦος
1756 4885 1836 4956 τῷ

245 4980 502 5052 Δεσπότη
553 4978 673 5051 Θεῷ
697 4981 713 5034 l
734 4977 863 5034 Είθε
891 4978 985 5033 οῦν
1014 4979 1076 5034 τὸ
1102 4978 1296 5049 ἔδαφος
1326 4980 1506 5033 ἐκεῖνο
1536 4996 1835 5050 περιεπτυ-

246 5072 455 5145 ξάμην,
481 5065 544 5128 οὖ
580 5073 631 5125 oi
667 5072 829 5136 πόδες
861 5072 957 5127 τοῦ
1004 5073 1195 5144 κυρίου
1236 5089 1338 5144 μου
1371 5072 1467 5127 καὶ
1496 5072 1711 5144 Πατρὸς
1741 5073 1839 5144 βα-

244 5165 510 5230 δίζουσιν.
541 5163 669 5217 Εἴθε
700 5162 802 5226 τάς
826 5163 969 5217 κατὰ
994 5162 1091 5218 σοῦ
1114 5162 1265 5227 κλεῖς
1292 5163 1389 5217 καὶ
1419 5161 1645 5234 κλεῖθρα
1668 5180 1838 5236 προσ-

244 5259 533 5329 εκύνησα,
599 5257 677 5321 ὼς
737 5256 1017 5328 θησαυρὸν
1100 5255 1389 5321 εὐσεϐείας
1470 5256 1830 5327 φυλάττοντα.

246 5352 471 5407 Μᾶλλον
513 5351 573 5407 δὲ
624 5350 930 5424 ἐϐουλόμην
957 5352 1021 5406 τὸ
1052 5350 1239 5423 τίμιον
1264 5352 1446 5405 ἐκεῖνο
1482 5350 1835 5407 ἀσπάσασθαι

250 5445 427 5512 στόμα
471 5440 536 5495 τδ
575 5440 923 5514 ὁμολογῆσαν
949 5441 1044 5497 τὸν
1085 5441 1244 5513 λόγον
1271 5443 1371 5515 τῆς
1412 5441 1671 5516 ἀληθείας
1693 5459 1708 5475 ·
1732 5443 1834 5509 τάς

247 5535 401 5598 ὁσίας
434 5537 628 5606 χεῖρας
657 5535 763 5600 τάς
795 5534 1174 5607 ἐπαιρομένας
1204 5538 1288 5600 είς
1314 5536 1481 5606 ἁγίας
1520 5536 1832 5609 προσευχὰς

251 5625 344 5679 καὶ
383 5624 842 5697 εὐπροσδέκτους.
872 5626 987 5681 Ποῦ
1018 5627 1153 5682 ποτέ
1184 5644 1290 5699 μου
1315 5627 1379 5681 τὸ
1408 5628 1585 5697 γλυκὺ
1609 5628 1833 5698 ἀπέπτη

254 5715 583 5784 πρόσωπον;
618 5716 726 5771 ποῦ
762 5716 824 5772 δὲ
854 5720 887 5789 ἠ
918 5719 1193 5791 σωτήριος
1221 5719 1378 5793 φωνὴ
1420 5721 1829 5792 κατεσιγάσθη;

251 5801 382 5859 Ἰδοὺ
409 5804 474 5880 δὴ
496 5804 612 5877 ἐγὼ
631 5806 871 5882 ὀρφανὸς
888 5810 920 5864 ό
936 5808 1176 5877 ἐλεεινὸς
1194 5811 1290 5869 καὶ
1319 5812 1700 5887 παντέρημος,
1728 5813 1831 5868 οὐκ

1939 4415 2200 4472 adulatio.
2230 4414 2460 4473 Noluisti
2500 4419 2681 4493 exigui
2740 4423 3004 4493 temporis
3061 4425 3336 4496 voluptate
3392 4429 3523 4497 frui,

1938 4510 2033 4581 qui
2058 4525 2159 4581 pro
2187 4510 2283 4567 Dei
2322 4512 2554 4569 veritate
2605 4515 2904 4585 periclitari
2936 4518 3175 4576 volebas.
3214 4520 3399 4579 Bonus
3424 4540 3522 4595 pa-

1937 4612 2070 4669 stor,
2099 4603 2191 4673 qui
2216 4619 2317 4674 pro
2344 4604 2539 4661 ovibus
2558 4606 2799 4662 animam
2834 4611 3037 4683 posuit,
3072 4613 3166 4683 qui
3195 4629 3342 4669 nunc
3386 4632 3527 4686 quo-

1936 4710 2044 4765 que
2090 4694 2304 4750 vinctus
2354 4695 2411 4751 in
2464 4699 2736 4765 custodia,
2778 4708 2837 4754 ut
2871 4699 3076 4758 Christi
3113 4704 3430 4775 Apostolus.
3477 4709 3524 4764 0

1936 4787 2185 4843 cellulam
2218 4788 2366 4845 illam
2399 4792 2457 4845 in
2500 4808 2607 4862 qua
2654 4794 2896 4851 versaris
2941 4805 3108 4871 atque
3170 4800 3524 4858 concluderis

1936 4890 2195 4952 tanquam
2230 4883 2535 4953 pretiosum
2577 4895 2635 4941 et
2681 4887 2816 4943 utile
2839 4903 2935 4944 vas
2962 4890 3193 4947 Domino
3231 4890 3362 4948 Deo.
3399 4894 3520 4949 Uti-

1935 4988 2061 5028 nam
2087 4973 2156 5029 ad
2189 4974 2365 5029 solum
2418 4975 2550 5031 illud
2608 4978 2947 5046 advolverer,
3006 4981 3061 5035 in
3091 4999 3200 5053 quo
3237 4984 3444 5040 domini
3468 4995 3525 5041 et

1922 5064 2118 5121 Patris
2141 5066 2247 5122 mei
2278 5068 2447 5138 pedes
2469 5069 2844 5129 iuambulanti
2887 5073 3111 5131 Utinam
3156 5086 3213 5133 et
3249 5078 3432 5136 claves
3468 5095 3525 5138 et

1936 5159 2174 5214 claustra
2205 5161 2573 5227 exoscularer,
2604 5179 2726 5234 qua:
2756 5164 3074 5223 thesaurum
3104 5169 3320 5239 pietatis
3345 5186 3525 5229 cusw-

1937 5249 2129 5305 diuntl
2172 5250 2315 5318 Quin
2365 5252 2552 5323 potius
2586 5258 2958 5313 venerandum
2989 5275 3051 5315 os
3092 5260 3225 5317 illud
3266 5265 3522 5336 amplecti

1942 5343 2144 5410 malim,
2167 5344 2313 5415 quod
2342 5346 2589 5404 veritatis
2635 5351 2803 5406 verba
2836 5351 3150 5409 confessum
3178 5364 3263 5411 est
3289 5372 3305 5423 ;
3342 5365 3399 5410 et
3427 5373 3521 5413 sa-

1935 5451 2056 5493 cras
2082 5452 2294 5505 manus,
2331 5456 2453 5510 qua:
2482 5441 2550 5497 ad
2582 5453 2800 5500 sanctas
2842 5454 2899 5500 et
2944 5448 3305 5517 acceptabiles
3326 5464 3519 5519 preces

1932 5528 2291 5585 attolluntur.
2324 5532 2392 5588 Et
2421 5550 2531 5604 quo
2559 5537 2777 5592 tandem
2808 5537 2941 5592 mihi
2972 5538 3148 5594 dulcis
3190 5540 3358 5596 facies
3392 5559 3524 5597 avo-

1933 5622 2086 5689 lavit,
2145 5640 2257 5694 quo
2300 5637 2462 5697 pacto
2499 5630 2756 5685 salutaris
2806 5647 2908 5685 vox
2935 5632 3247 5689 conticuit?
3296 5633 3376 5689 En
3420 5653 3523 5708 ego

1932 5716 2142 5773 scilicet
2169 5719 2472 5789 orphanus,
2509 5722 2859 5789 miserabilis,
2904 5723 3150 5793 undique
3180 5726 3517 5796 destitutus;

1933 5808 2150 5868 Patrem
2200 5827 2384 5873 meum
2432 5829 2543 5870 non
2576 5815 2808 5883 habens,
2846 5815 3115 5874 luminare
3169 5836 3351 5879 meum
3407 5839 3519 5879 non
