4064 6372
531 343 636 410 915

1733 343 1793 404 S.
1833 334 2229 400 THEODORI
2257 330 2605 395 STUDITIE

3695 325 3802 392 916

529 458 761 523 habens,
807 455 1086 513 medicum
1181 456 1620 526 nutritoremque
1678 449 1876 506 animae
1931 462 2101 512 mea;

2233 458 2344 513 χων
2373 438 2467 495 τὸν
2504 437 2728 510 Πατέρα
2759 453 2889 509 μου,
2925 436 3028 494 οὐκ
3067 436 3211 510 ἔχων
3242 436 3336 492 τδν
3364 437 3636 510 φωστῆρά
3657 456 3792 510 μου,

528 552 648 607 sine
693 560 894 618 tutore,
932 551 1051 606 sine
1111 550 1398 606 defensore
1452 549 1711 605 adversus
1759 543 2107 599 invisibiliter

2230 535 2297 590 τὸν
2341 532 2524 603 ίατρδν
2563 531 2660 587 καὶ
2697 531 2906 604 τροφέα
2940 531 3044 602 τῆς
3106 531 3368 602 ταπεινῆς
3415 548 3520 602 μου
3578 531 3794 602 ψυχῆς·
3873 565 3880 572 ·

530 643 921 716 impugnantes
949 657 1060 708 me,
1102 642 1305 698 Factus
1333 659 1449 697 sum
1497 643 1836 696 sicutcoruus
1877 637 1932 689 in
1975 634 2104 688 soli-

533 735 714 790 tudine
755 745 803 790 et
837 737 972 790 sicut
1010 751 1193 804 passer
1257 734 1538 790 solitarius
1572 733 1630 785 in
1661 737 1795 784 tecto
1824 729 1888 794 “,
1918 726 2107 782 oculos

533 827 825 882 intendens
857 827 1116 898 quotidie,
1153 827 1259 881 huc
1285 826 1410 880 illuc
1435 829 1858 894 pr08pectanset
1871 819 2108 872 circum-

533 920 791 988 spiciens,
828 935 931 975 nec
963 933 1189 990 usquam
1215 927 1399 989 optata
1421 916 1605 972 facies.
1645 913 1752 970 Sed
1775 927 1846 967 ne
1875 911 1954 967 sic
1983 909 2110 980 qui-

534 1013 657 1067 dem
682 1013 925 1066 dolorem
949 1027 1131 1067 meum
1157 1025 1255 1082 pro
1281 1011 1492 1066 meritis
1519 1021 1846 1080 exaggerare
1889 1019 2108 1075 queam.

531 1105 803 1160 Cmterum
850 1105 1050 1176 gratias
1091 1119 1214 1176 ago,
1255 1119 1464 1177 agoque
1503 1104 1668 1158 etiam
1705 1110 1867 1170 atque
1922 1097 2109 1161 etiam,

533 1198 679 1269 quod
719 1207 941 1268 propter
971 1197 1064 1251 Dei
1111 1197 1285 1268 legem
1335 1197 1421 1251 his
1471 1195 1668 1266 dignus
1701 1193 1916 1247 habitus
1946 1206 2111 1256 sum;

534 1291 678 1361 quod
733 1291 868 1344 tanti
926 1288 1104 1344 Patris
1134 1288 1280 1344 illius
1321 1301 1630 1356 nuncupor.
1669 1285 1802 1340 Fors
1831 1286 1998 1339 etiam
2025 1298 2116 1338 re-

535 1399 702 1456 gnare
727 1398 823 1453 per
873 1392 925 1439 te
958 1382 1120 1437 hodie
1159 1381 1364 1446 videar,
1419 1381 1581 1434 Pater
1635 1387 1842 1445 sancte,
1876 1378 1922 1432 si
1953 1376 2116 1432 modo

537 1491 729 1546 preces
777 1487 884 1531 tute
937 1474 1146 1530 salvum
1196 1489 1284 1530 me
1347 1471 1675 1528 custodiant.
1731 1470 1922 1526 Timeo
1969 1468 2117 1526 enim

536 1569 779 1640 peccatis
813 1567 972 1633 meis,
1017 1577 1073 1623 et
1100 1567 1535 1637 intemperantia:
1569 1581 1724 1620 mete.
1757 1563 1908 1619 Scito
1933 1572 2118 1617 autem

537 1678 626 1717 me
663 1662 919 1733 precibus
962 1661 1070 1717 tuis
1092 1703 1106 1727 ,
1140 1661 1242 1715 etsi
1279 1660 1432 1714 valde
1469 1659 1698 1713 imbellis
1722 1673 1861 1721 sum,
1917 1655 2120 1710 confir-

538 1765 745 1811 matnm
796 1764 852 1810 et
889 1764 1134 1810 erectum
1163 1772 1176 1808 :
1207 1767 1384 1823 neque
1416 1767 1516 1822 ego
1555 1751 1756 1818 solum,
1797 1750 1893 1805 sed
1926 1763 2120 1805 omnes

540 1864 711 1904 unum
745 1863 955 1912 sumus,
1002 1846 1146 1901 idem
1197 1855 1377 1900 tecum
1430 1843 1748 1907 sentientes,
1809 1842 2115 1908 unanimes,

539 1943 606 1997 ad
636 1950 867 1995 mortem
895 1956 1066 2010 usque
1088 1939 1276 1994 eadem
1322 1937 1530 2008 perpeti
1569 1937 1737 2008 parati
1767 1952 1781 1991 :
1825 1951 1928 1990 nec
1956 1951 2118 1991 causa

540 2042 723 2087 nostra
756 2031 1053 2102 quidquam
1095 2029 1436 2085 reformides.
1476 2029 1592 2096 Eia,
1639 2027 1820 2096 Pater,
1857 2029 1962 2083 eia.
1999 2014 2117 2094 Eia,

540 2125 748 2195 optime
773 2123 1123 2196 gubernator,
1173 2122 1457 2176 :emulator
1511 2121 1753 2191 pietatis,
1805 2130 2118 2175 sanctorum

541 2217 804 2271 imitator.
839 2215 1120 2287 Magnifice
1174 2229 1362 2269 revera
1409 2213 1697 2282 dimicasti,
1749 2213 1981 2268 viriliter
2023 2213 2119 2268 de-

541 2309 788 2366 certasti.
828 2308 972 2362 Inter
1007 2319 1291 2378 martyres,
1329 2315 1412 2363 sat
1438 2307 1574 2370 scio,
1601 2305 1825 2377 spiritus
1871 2318 1999 2361 tuus
2037 2305 2120 2361 lo-

540 2420 666 2459 cum
694 2403 874 2457 habet.
904 2401 1030 2457 Haec
1072 2401 1236 2472 igitur
1273 2401 1340 2454 ad
1390 2401 1539 2455 hunc
1568 2399 1822 2464 modum,
1873 2397 2124 2469 quamvis

541 2497 720 2551 adhuc
745 2494 884 2550 infra
915 2493 1248 2550 desiderium
1287 2508 1493 2560 meum,
1519 2502 1573 2548 et
1615 2493 1756 2547 infra
1799 2489 2123 2564 dignitatem

543 2595 714 2642 tuam.
756 2586 823 2642 Et
850 2588 1110 2656 quoniam
1144 2585 1402 2641 distincte
1455 2600 1676 2639 narrare
1722 2600 1810 2640 me
1847 2585 2010 2656 jubes
2055 2583 2124 2640 ab

543 2681 632 2734 illa
655 2679 768 2741 die,
792 2694 912 2750 qua
938 2679 1243 2733 luctuosam
1284 2678 1690 2748 separationem
1736 2677 2122 2738 sustinuimus,

547 2781 720 2828 totum
762 2772 866 2826 iter
908 2780 1181 2836 nostrum,
1247 2779 1360 2825 tum
1391 2786 1512 2838 quze
1559 2769 1613 2822 in
1661 2784 1728 2824 eo
1755 2769 1916 2824 nobis
1945 2769 2124 2823 conti-

545 2873 776 2938 gerunt:
809 2863 1062 2934 equidem
1114 2863 1289 2932 impar
1320 2877 1482 2927 sum;
1515 2861 1795 2934 aggrediar
1817 2868 1997 2915 tamen
2023 2862 2126 2916 im-

545 2959 698 3029 pigre
733 2957 877 3026 quod
905 2957 1090 3027 jubes.
1125 2955 1223 3010 lllo
1245 2971 1375 3030 ergo
1419 2955 1509 3012 die
1550 2970 1660 3026 quo
1691 2953 1870 3009 abiisti
1913 2963 1968 3010 tu
2003 2958 2128 3026 qui-

545 3048 694 3112 dem,
732 3048 913 3112 Pater,
963 3047 1031 3102 ad
1079 3055 1308 3102 mortem
1369 3057 1460 3102 tua
1501 3047 1801 3112 voluntate,
1867 3047 2019 3102 missi
2075 3055 2129 3102 et

2207 623 2647 693 ἀπροστάτευτος
2675 663 2692 690 ,
2757 623 3207 694 ἀνεπαμύνευτος
3257 622 3397 694 πρὸς
3452 623 3583 686 τοὺς
3645 624 3807 677 πολε-

2210 713 2448 786 μοῦντας
2528 731 2598 784 με
2672 712 2921 785 ἀοράτως
2942 729 2957 744 ο
3043 713 3371 784 Ἐτεκόμην
3418 714 3564 770 ὡσεί
3613 715 3806 782 κόραξ

2207 806 2280 861 ἐν
2327 805 2562 874 ἐρήμῳ”
2607 805 2690 872 ὡς
2748 805 3072 873 στρουθίον
3139 805 3241 860 ἐπὶ
3317 804 3614 875 δώματος,
3681 804 3806 858 καθ’

2209 897 2428 968 ἡμέραν
2489 895 2917 968 έποφθαλμιῶν,
2976 891 3082 952 ὦδε
3141 897 3365 952 κάκεῖσε
3421 897 3640 968 βλέπων
3709 899 3808 952 καὶ

2213 989 2553 1061 περιαθρῶν,
2590 990 2686 1043 καὶ
2723 989 2981 1060 οὐδαμῶς
3015 990 3076 1043 τὸ
3110 989 3450 1062 ποθούμενον
3483 993 3803 1062 πρόσωπον.

2212 1080 2324 1138 Καὶ
2357 1079 2512 1135 οὔπω
2558 1081 2682 1134 κατ’
2723 1079 2886 1147 ἀξίαν
2920 1079 3192 1152 δυναίμην
3239 1081 3663 1152 έκτραγῳδῆσαί
3701 1098 3808 1151 μου

2211 1173 2275 1226 τδ
2302 1173 2495 1236 πάθος.
2525 1172 2676 1242 Πλὴν
2717 1173 3032 1245 εὐχαριστῶ
3071 1175 3168 1228 καὶ
3215 1174 3692 1246 ὑπερευχαριστῶ,
3722 1176 3807 1228 ὅτι

2213 1264 2301 1318 διὰ
2326 1265 2491 1334 νόμον
2522 1262 2663 1318 Θεοῦ
2689 1263 2866 1318 ταῦτα
2900 1264 3278 1334 κατηξίωμαιο
3309 1265 3391 1317 ὅτι
3417 1263 3664 1317 τοιούτου
3691 1265 3808 1318 Πα-

2215 1355 2342 1428 τρὸς
2391 1357 2744 1428 ὲχρημάτισα
2794 1356 3006 1412 τέκνον.
3057 1357 3213 1428 Τάχα
3269 1355 3577 1426 βασιλεύειν
3619 1356 3808 1425 οῐομαι

2215 1447 2306 1502 διά
2335 1447 2431 1502 σοῦ
2467 1448 2738 1520 σήμερον.
2794 1447 2980 1520 Πάτερ
3031 1447 3177 1518 ἀγιε,
3232 1448 3390 1519 ειπερ
3436 1450 3470 1518 ἡ
3523 1449 3657 1520 εύχή
3709 1465 3805 1501 σου

2221 1537 2362 1593 σῶόν
2400 1555 2468 1608 με
2491 1539 2835 1608 διαφυλάξοι.
2866 1539 3094 1594 Δέδοικα
3122 1541 3233 1610 γάρ
3265 1525 3368 1611 μδυ
3401 1540 3502 1612 τὴν
3531 1540 3808 1610 ἁμαρτίαν

2221 1630 2319 1684 καὶ
2357 1629 2458 1702 τὴν
2505 1631 2748 1685 ἀσωτίαν
2768 1646 2782 1663 ⁸
2821 1631 2945 1704 εῐσῃ
2983 1631 3040 1686 δὲ
3075 1631 3364 1702 γινώσκων
3412 1634 3498 1686 ὅτι
3537 1649 3633 1686 σου
3684 1635 3810 1697 ταῖς

2222 1721 2412 1791 ἁγίαις
2458 1723 2646 1794 εὐχαῖς
2678 1723 2971 1796 ὲνίσχυμαι
3025 1723 3122 1778 καὶ
3163 1725 3484 1797 ἑνίδρυμαιο
3530 1725 3635 1780 κᾶν
3686 1725 3809 1780 λίαν

2222 1813 2702 1882 εύκαταγὼνιστός
2743 1817 2895 1886 είμι·
2938 1815 3036 1870 καὶ
3080 1816 3142 1868 οὐ
3192 1817 3354 1886 μόνον
3379 1816 3513 1886 ἐγὼ,
3549 1817 3810 1872 ἀλλὰκαὶ

2221 1908 2268 1961 oi
2310 1907 2511 1972 πάντες
2539 1907 2601 1962 τὸ
2632 1909 2692 1962 ἓν
2712 1910 2884 1980 ἐσμεν
2912 1908 3357 1980 συμφρονοῦντές
3393 1927 3478 1964 σοι
3509 1910 3808 1982 σύμψυχοι,

2223 1997 2571 2068 συμπάσχειν
2608 1998 2927 2070 αἱρούμενοι
2959 1997 3126 2070 μέχρι
3175 1997 3432 2054 θανάτου.
3482 2001 3597 2054 Καὶ
3631 2002 3809 2072 μηδα-

2224 2087 2343 2158 μῶς
2381 2088 2543 2158 ἡμῶν
2595 2089 2770 2142 ἕνεκα
2793 2089 2982 2153 δεδιὼς
3015 2084 3104 2164 ᾖς.
3144 2085 3310 2159 Εὖγε,
3339 2084 3386 2146 ὦ
3415 2091 3621 2164 Πάτερ,
3655 2089 3808 2161 εὖγε.

2222 2172 2386 2247 Εὖγε,
2411 2172 2459 2232 ὦ
2487 2177 2680 2249 άριστε
2715 2179 3051 2251 κυϐερνῆτα,
3086 2178 3308 2251 ζηλωτά
3347 2180 3450 2252 τῆς
3496 2182 3809 2248 εὐσεϐείας,

2225 2271 2442 2342 μιμητά
2472 2269 2584 2325 τῶν
2610 2271 2806 2340 ἁγίων.
2831 2271 3292 2342 Μεγαλοπρεπῶς
3313 2272 3486 2337 ὅντως
3515 2273 3810 2344 ἠγώνισαι.

2221 2363 2512 2428 Νεανικῶς
2555 2363 2981 2437 ὑπερήθλησας·
3033 2365 3175 2436 μετὰ
3225 2365 3523 2436 μαρτύρων
3581 2361 3683 2420 οἷδ’
3729 2367 3812 2420 ὅτι

2225 2459 2308 2530 εῐη
2362 2457 2426 2512 ea
2469 2459 2695 2530 πνεῦμά
2742 2475 2858 2517 σου.
2899 2458 3055 2530 Ἔχει
3085 2460 3192 2531 μὲν
3237 2459 3382 2514 οὕτω
3409 2459 3609 2524 ταῦτα,
3639 2462 3690 2513 εί
3718 2466 3815 2514 καὶ

2229 2551 2396 2622 μήπω
2439 2550 2543 2621 τῆς
2573 2551 2874 2622 ἐπιθυμίας
2919 2569 3025 2623 μου
3063 2553 3158 2606 καὶ
3209 2552 3308 2624 τῆς
3353 2551 3513 2618 ἀξίας
3561 2568 3682 2617 σου,
3733 2554 3816 2615 είς

2224 2643 2366 2696 δέον.
2411 2643 2565 2696 Ἐπεὶ
2587 2643 2645 2698 δὲ
2673 2644 2918 2708 κελεύεις
2961 2643 3248 2716 ἱστορῆσαί
3283 2661 3366 2698 σοι
3387 2645 3512 2698 κατ’
3535 2643 3689 2708 ἔπος,
3719 2643 3813 2714 ἀφ’

2224 2727 2296 2804 ἧς
2333 2731 2547 2802 ἡμέρας
2587 2733 2909 2804 ὑπέστημεν
2957 2734 3180 2804 ἐκείνην
3230 2735 3332 2805 τὴν
3375 2734 3648 2808 ὀδυνηρὰν
3693 2735 3817 2790 διά.

2229 2822 2432 2887 ζευξιν,
2465 2825 2568 2893 τήν
2615 2841 2677 2878 τε
2715 2825 3052 2897 ὁδοιπορίαν,
3095 2828 3190 2879 καὶ
3219 2827 3289 2880 τά
3332 2828 3452 2882 κατ’
3480 2828 3655 2900 αὐτὴν
3684 2831 3818 2900 ἡμῖν

2229 2911 2656 2982 συμϐεϐηκότα·
2693 2914 2792 2984 οὐχ
2849 2914 3056 2968 ίκανῶο
3091 2912 3238 2985 πλὴν
3281 2915 3344 2969 τὸ
3384 2917 3682 2970 κελευσθέν
3725 2935 3820 2988 μοι

2233 3004 2448 3073 ποιήσω
2477 3003 2803 3060 ἀοκνότατα.
2846 3007 2986 3062 Κατ’
3014 3004 3189 3072 αὐτὴν
3219 3008 3502 3078 τοιγάρτοι
3543 3008 3646 3078 τὴν
3671 3010 3816 3080 ἡμέ-

546 3091 694 3112 --...,
732 3091 913 3112 ....-.,
963 3091 1031 3102 ..-
1079 3091 1308 3102 ...ν..ν...
1370 3091 1460 3102 η...
1513 3091 1801 3112 ,ν.-.--.-.ν,
1868 3091 2019 3102 ...._-.
2078 3091 2128 3102 ν.

546 3155 649 3196 nos
690 3141 745 3194 in
785 3139 1034 3197 exsilium
1066 3155 1276 3204 sumus,
1308 3139 1501 3206 obviis,
1535 3148 1702 3196 utres
1736 3140 1876 3207 tulit,
1907 3140 2128 3211 jumen-

2238 3111 2341 3165 ραν
2375 3094 2499 3148 καθ’
2532 3098 2598 3167 ἣν
2623 3095 2826 3167 ἀπῄεις
2855 3099 2919 3151 σὺ
2944 3097 3067 3170 μὲν,
3097 3091 3143 3150 ὧ
3172 3099 3378 3170 Πάτερ,
3404 3099 3507 3170 τὴν
3535 3100 3630 3152 επὶ
3654 3101 3822 3153 θάνα-

548 3235 621 3289 tis
645 3233 915 3288 subvecti.
950 3234 1017 3288 Et
1061 3233 1297 3304 primum
1337 3231 1580 3302 quidem,
1641 3241 1901 3304 tanquam
1937 3231 2132 3286 harum

551 3342 734 3382 rerum
759 3326 924 3381 rudes
955 3335 1118 3396 atque
1155 3325 1448 3395 inexperti,
1482 3324 1734 3378 nonnihil
1779 3324 1960 3380 animo
1997 3339 2133 3379 con-

526 3419 776 3488 _sternali
802 3434 1012 3474 sumus.
1042 3417 1369 3490 Appulimus
1384 3417 1530 3474 enim
1553 3419 1617 3472 ad
1651 3433 1819 3489 pagos
1843 3418 2131 3489 quosdam,

551 3510 925 3580 spectaculum
961 3510 1090 3564 facti
1127 3510 1274 3564 omni
1324 3510 1608 3566 hominum
1650 3511 1805 3566 sexui
1840 3519 1895 3565 et
1942 3511 2088 3568 aetati
2116 3547 2132 3578 ,

552 3603 647 3657 ubi
706 3602 941 3657 tumultu
985 3603 1426 3674 clamoribusque
1476 3603 1714 3673 impleta
1771 3603 1929 3659 nobis
1973 3620 2136 3660 aures

553 3697 800 3763 fuerunt,
827 3711 952 3751 cum
995 3696 1273 3750 solverent
1303 3704 1358 3750 et
1400 3695 1778 3756 subsistercnt.
1799 3696 1870 3756 ad
1912 3713 2137 3769 compa-

556 3789 726 3843 randa
775 3788 940 3844 victui
988 3789 1322 3852 necessaria.
1357 3789 1588 3864 quinos
1635 3789 1929 3846 ducebant.
1977 3789 2138 3844 Post-

555 3897 718 3952 quam
745 3897 877 3936 vero
931 3880 1224 3938 assuefacti
1282 3881 1502 3938 tandem
1554 3883 1779 3945 fuimus,
1812 3881 2030 3938 facilius
2065 3891 2138 3954 get

554 3974 735 4031 lenius
760 3974 901 4030 ferre
931 3975 1200 4045 ccepimus
1239 3974 1492 4030 adversa.
1521 3973 1777 4030 Omnium
1827 3990 1990 4044 porro
2020 3991 2134 4030 ma-

554 4066 698 4124 xime
731 4082 832 4123 nos
858 4067 1092 4137 angebat
1123 4065 1302 4122 Patris
1331 4076 1386 4122 et
1416 4066 1624 4122 domini
1655 4067 1874 4122 diaconi
1903 4067 2137 4123 inﬁrmi-

555 4170 662 4216 tas.
695 4160 874 4230 Atque
901 4159 1004 4216 hoc
1026 4158 1190 4214 modo
1241 4158 1426 4214 tristes
1451 4168 1507 4214 et
1560 4159 1811 4232 exhausti
1869 4161 1976 4215 iter
2006 4177 2139 4218 con-

556 4254 810 4310 fecimus.
849 4252 1157 4308 Mansiones
1183 4262 1364 4307 autem
1413 4253 1496 4308 ha:
1540 4252 1786 4320 fuerunt,
1821 4269 1851 4309 a
1891 4255 2141 4312 Catbaris

557 4346 627 4400 ad
653 4345 896 4412 Liviana,
932 4344 1059 4400 inde
1090 4345 1156 4400 ad
1189 4342 1420 4412 Leucas,
1455 4355 1568 4400 tum
1600 4344 1916 4418 Phyma-um:
1946 4364 2055 4420 quo
2082 4348 2139 4402 in

557 4438 681 4494 loco
711 4436 942 4509 lugubre
971 4437 1231 4508 quiddam
1264 4445 1321 4491 et
1366 4446 1670 4491 memoratu
1718 4437 1941 4510 dignum
1977 4439 2138 4494 nobis

559 4529 778 4586 accidit.
802 4528 944 4584 Cum
969 4527 1116 4584 enim
1151 4542 1220 4582 ex
1256 4527 1554 4598 improviso
1582 4543 1641 4582 se
1673 4529 2003 4584 obtulissent
2038 4547 2139 4586 no-

559 4640 685 4680 vem
722 4639 790 4679 ex
823 4621 1098 4693 primariis
1147 4620 1431 4683 fratribus,
1490 4619 1676 4674 ovium
1718 4620 1890 4676 instar
1923 4623 2138 4694 disper-

559 4731 772 4780 sarum,
820 4712 1293 4770 circumsederunt
1321 4726 1424 4766 nos
1455 4709 1651 4768 ﬂentes
1675 4720 1730 4768 et
1757 4713 1923 4770 corda
1953 4725 2142 4770 nostra

561 4805 936 4862 conficientes.
973 4803 1042 4857 At
1069 4802 1262 4858 ductor
1287 4809 1472 4857 noster
1504 4817 1606 4857 nec
1630 4802 1831 4873 alloqui
1870 4819 1964 4860 eos
1995 4805 2146 4861 sine-

564 4897 680 4954 bat.
711 4896 790 4951 lta
813 4895 1076 4950 miserum
1103 4892 1158 4948 in
1195 4892 1419 4948 modum
1457 4901 1804 4964 aSpectantes
1848 4885 2058 4962 mutuo,
2089 4905 2145 4952 et

563 4990 688 5046 vale
721 4988 996 5054 dicentes,
1030 5001 1154 5042 cum
1184 4985 1437 5056 lacrymis
1487 4985 1704 5042 tandem
1737 4987 1934 5043 divulsi
1964 4997 2020 5046 et
2055 5004 2146 5045 se-

564 5082 739 5156 parati
769 5081 992 5136 fuimus.
1025 5078 1226 5134 Deinde
1251 5078 1474 5133 Paulam
1509 5079 1679 5144 ducti,
1709 5079 2020 5137 invenimus
2051 5097 2146 5138 ve-

566 5174 870 5232 nerandam
920 5187 1166 5228 sororem
1217 5181 1367 5228 tuam
1401 5186 1525 5226 cum
1578 5171 1801 5227 domino
1842 5171 2042 5239 Sabba,
2091 5184 2150 5231 et

515 5257 518 5262 ’
567 5269 708 5327 clam
744 5267 997 5323 venimus
1055 5265 1108 5320 in
1158 5273 1536 5342 conspectum,
1604 5273 1880 5336 totamque
1933 5277 2150 5323 noctem

569 5375 815 5432 congruo
863 5373 1118 5414 sermone
1142 5356 1430 5412 duximus:
1469 5365 1582 5411 tum
1617 5356 1849 5413 invicem
1891 5367 2148 5430 tanquam

568 5453 730 5510 morti
759 5452 1003 5507 addictos
1033 5449 1353 5514 salutantes,
1391 5449 1750 5505 discessimus
1781 5466 1905 5506 cum
1945 5454 2150 5524 gemitu

642 5557 685 5623 ίί
716 5587 859 5644 Psal.
894 5603 966 5653 (τι,
998 5586 1051 5652 7,
1081 5585 1136 5642 8.

2233 3203 2326 3240 τον
2353 3188 2473 3242 ὁδὸν
2501 3191 2570 3259 τῇ
2604 3189 2949 3261 προαιρέσει,
2989 3195 3085 3245 καὶ
3113 3193 3279 3263 ἡμεῖς
3311 3191 3685 3261 ἐστειλάμεθα
3715 3192 3819 3263 τὴν

2233 3278 2514 3350 ἐξόριστον
2563 3280 2900 3352 ὁδοιπορίαν,
2967 3282 3332 3353 έποχηθέντες
3391 3284 3478 3353 ἐφ’
3523 3277 3608 3347 οἷς
3661 3283 3821 3354 ἔτυχε

2236 3370 2416 3436 ζώοις.
2446 3372 2557 3426 Kal.
2581 3371 2659 3436 ὡς
2697 3373 3024 3444 ἁπείραστοι
3070 3376 3192 3429 κατ’
3225 3375 3405 3446 ἀρχὰς
3447 3374 3546 3430 τοῦ
3576 3377 3820 3432 τοιούτω

2235 3461 2536 3532 δράματος,
2560 3457 2708 3534 ἦμέν
2733 3479 2857 3528 πως
2883 3465 2942 3518 έν
2963 3463 3197 3537 ἀθυμίᾳ.
3231 3464 3689 3537 Προσεϐάλλομεν
3713 3468 3821 3538 γάρ

2238 3553 2331 3607 καί
2379 3569 2490 3606 τισι
2539 3554 2779 3624 κώμαις,
2821 3555 3233 3628 θεατριζόμενοι
3270 3556 3366 3610 ἐπὶ
3413 3558 3599 3626 πάσης
3645 3558 3824 3627 ὅψεως

2237 3645 2333 3700 καὶ
2361 3645 2586 3717 ἡλικίας
2625 3645 2972 3718 ἀνθρώπων*
2999 3648 3253 3720 θορύϐοις
3295 3667 3354 3704 τε
3402 3650 3499 3702 καὶ
3551 3653 3824 3720 κραυγαῖς

2240 3736 2663 3808 περιηχήθημεν
2691 3738 2979 3810 ἀμφότερα
3002 3740 3072 3794 τὰ
3100 3734 3248 3796 ὦτα·
3279 3741 3338 3794 ἐν
3373 3757 3430 3794 τε
3457 3741 3540 3813 τῷ
3567 3742 3826 3813 ἀπαίρειν

2239 3829 2336 3883 καὶ
2381 3828 2727 3884 καταπαύειν
2772 3829 3026 3901 παρά’τδ
3059 3831 3132 3886 τὰ
3175 3832 3459 3900 ἐπιτήδεια
3493 3833 3830 3904 συμπορίζει-

2240 3921 2365 3974 σθαι
2394 3921 2524 3984 τοὺς
2545 3921 2804 3988 ἄγοντας.
2835 3922 2924 3986 Ὠς
2954 3922 3015 3976 δὲ
3043 3923 3216 3994 ᾔομεν
3247 3921 3421 3996 [unus
3480 3922 3702 3996 ᾔειμεν]
3733 3923 3831 3977 ἐπὶ

2239 4012 2431 4086 πρόσω
2465 4006 2797 4079 ἐθισθέντες,
2832 4016 2964 4086 ῥᾷον
2993 4015 3196 4086 μᾶλλον
3219 4015 3492 4088 ἐφέρομεν
3516 4016 3586 4072 τὰ
3628 4017 3831 4086 δυσχε-

2243 4105 2335 4176 ρῆ.
2374 4103 2449 4158 Τὸ
2478 4105 2536 4159 δὲ
2563 4105 2731 4160 ἀνιῶν
2757 4107 2906 4178 ἡμᾶς
2932 4107 3096 4162 πλέον
3127 4109 3161 4178 ἠ
3194 4108 3450 4163 ἀσθένεια
3479 4103 3550 4179 ἦν
3590 4107 3688 4162 τοῦ
3715 4111 3830 4163 lla-

2238 4195 2366 4267 τρὺς
2393 4194 2488 4249 τοῦ
2518 4195 2712 4266 κυρίου
2751 4195 3031 4254 διακόνους
3069 4197 3181 4252 Καὶ
3201 4195 3347 4252 οὕτω
3370 4197 3472 4267 τὴν
3507 4196 3630 4254 ὁδὸν
3659 4197 3826 4269 ἀχθόα

2253 4302 2427 4357 μενοι,
2484 4286 2970 4358 περιαντλούμενοι
3023 4287 3450 4362 διεπεράναμεν.
3478 4282 3654 4343 Abeat
3679 4288 3740 4342 δὲ
3773 4287 3832 4341 al

2243 4378 2549 4449 καταμοναί
2575 4394 2591 4407 ·
2622 4379 2732 4432 ἀπὸ
2755 4379 2825 4434 τά
2867 4379 3104 4452 Καθαρά
3124 4382 3207 4444 είς
3229 4379 3494 4434 Λιϐιανά·
3526 4379 3724 4433 ἔπειτα
3751 4380 3834 4442 είς

2169 4501 2219 4562 D
2242 4467 2456 4532 Λεύκας
2481 4483 2495 4499 '
2523 4463 2624 4523 εἷθ’
2655 4468 2830 4533 οὕτως
2863 4470 2946 4532 είς
2978 4469 3042 4523 τὸ
3066 4469 3334 4540 Φύραιον·
3365 4467 3497 4522 ἔνθα
3517 4469 3612 4522 καὶ
3641 4467 3836 4535 ὀδυνη-

2251 4562 2346 4632 ρὸν
2387 4561 2519 4631 ἡμῖν
2553 4561 2777 4630 συνέϐη,
2827 4561 2921 4616 καὶ
2962 4562 3207 4634 ἱστορίας
3247 4559 3418 4626 ἀξιον.
3457 4559 3838 4632 ’Υπερςρανέν-

2248 4667 2342 4715 τες
2374 4650 2484 4722 γάρ
2521 4669 2640 4715 πως
2671 4651 2730 4718 ἐξ
2759 4652 3075 4725 ἀπροόπτου
3105 4653 3261 4707 ὲννέα
3289 4653 3398 4706 τῶν
3441 4651 3838 4722 πρωτευόντων

2251 4744 2521 4814 ἀδελφῶν,
2566 4742 2645 4808 ὡς
2690 4743 2946 4816 πρόϐατα
3005 4743 3410 4815 διεσπαρμένα,
3463 4741 3840 4813 περιέστησαν

2252 4841 2387 4911 ἡμῖν
2413 4839 2717 4905 κλαίοντες,
2745 4840 2844 4894 καὶ
2881 4838 3318 4911 συνθρύπτοντες
3357 4841 3390 4910 ἠ
3401 4836 3518 4908 μῶν
3569 4839 3668 4907 τὴν
3699 4853 3841 4909 καρ-

2254 4931 2398 4990 δίαν.
2439 4931 2552 4987 Kal.
2579 4934 2608 4986 ὁ
2639 4932 2739 5002 μὲν
2767 4931 2918 5001 ἄγων
2944 4934 2978 5003 ἡ
2988 4933 3096 5002 μᾶς
3134 4932 3256 4985 οὐδὲ
3295 4929 3680 5002 προσλαλῆσαι
3706 4930 3801 4982 εία
3823 4943 3840 4957 ο

2249 5023 2463 5078 ἐλεεινὰ
2486 5023 2543 5077 δὲ
2575 5022 2867 5094 βλέποντες
2905 5025 3000 5080 καὶ
3039 5021 3390 5094 βλεπόμενοι,
3439 5021 3541 5075 καὶ
3575 5019 3845 5090 ἐπιφθέγ-

2251 5133 2398 5187 ματα
2421 5115 2674 5186 ἀλλήλοις
2703 5115 3048 5178 ἐπειπόντες,
3080 5114 3394 5168 τελευταῖον
3419 5111 3561 5184 μετά
3587 5110 3845 5182 δακρύων

2250 5203 2712 5276 διεχωρίσθημεν.
2765 5199 2900 5258 Εἶτα
2955 5203 3328 5274 καταχθέντες
3380 5205 3439 5256 ὲν
3492 5205 3560 5274 τῇ
3627 5199 3844 5271 nat-51;.

2250 5295 2488 5366 εὕρομεν
2519 5295 2617 5367 τὴν
2649 5295 3021 5368 πολυτίμητόν
3052 5313 3148 5350 σου
3172 5295 3410 5367 ἀδελφὴν
3437 5295 3534 5348 σὺν
3555 5294 3634 5365 τῷ
3669 5292 3850 5362 κυρίῳ

2257 5387 2448 5460 Σάϐϐα
2470 5389 2570 5458 (4),
2602 5388 2863 5460 κρυπτῶς
2905 5387 3342 5459 συνοψισθέντες,
3373 5388 3470 5442 καὶ
3511 5385 3578 5440 δι’
3600 5384 3729 5454 ὅλης
3757 5401 3851 5436 νυ-

2261 5479 2390 5545 κτὸς
2415 5481 2474 5536 ὲν
2501 5478 2688 5552 ταυτῷ
2731 5480 3044 5552 μείναντες,
3075 5479 3414 5552 λαλήσαντές
3445 5495 3502 5533 τε
3534 5477 3606 5532 τὰ
3633 5475 3850 5538 εἰκότα,

1010 5696 1026 5710 .
2080 5658 2316 5718 NOTAE.

648 5755 726 5838 μ)
758 5754 846 5838 Τῷ,
892 5758 1081 5838 κηρίῳ
1145 5753 1362 5810 Σάϐϐα.
1413 5754 1644 5824 Sabbas,
1677 5756 2017 5815 Studitarum
2085 5759 2128 5815 Η

2230 5760 2544 5834 .ωειιιιε,,ἰιι
2619 5735 2853 5822 concilio
2902 5758 3125 5822 Niceno
3163 5759 3206 5818 ll
3268 5775 3376 5838 una
3425 5775 3549 5824 cum
3601 5761 3854 5824 Platone,

575 5827 922 5898 subscriptus
954 5827 1173 5896 legitur.
