4064 6372
266 324 373 391 917

1494 314 2037 382 ’EPISTOLARUM
2062 320 2209 384 LIB.
2250 321 2300 382 Ι.

3431 328 3533 394 918

267 443 366 499 καὶ
386 438 771 510 ἀσπασάμενοι
797 434 1064 507 ἀλλήλους
1092 432 1173 498 ώς
1201 428 1607 495 ἐπιθανατίους,
1633 429 1850 501 διέστη-

1957 438 2009 487 et
2028 432 2343 502 ejulatione.
2370 430 2449 488 Ac
2479 440 2616 488 tunc
2641 431 2831 489 videre
2867 441 2989 490 erat
3008 433 3271 491 convulsa
3308 446 3530 507 pectora

270 549 374 604 μεν
406 530 686 593 στένοντες
713 528 811 582 καὶ
836 523 1227 595 ποτνιώμενοι.
1253 516 1363 575 Ἦν
1397 520 1526 575 ίδεῐν
1550 521 1675 575 ἐκεῖ
1699 536 1843 573 σπα-

269 625 587 699 ρασσὸμενα
629 619 914 690 σπλάγχνα
959 618 1057 673 καὶ
1094 613 1462 686 σφαδάζοντα,
1515 612 1844 685 θεοπρεπῶς

266 715 586 787 νικωμένης
629 713 728 783 τῆς
767 710 1009 782 φύσεως.
1048 709 1144 763 Ἐκ
1186 706 1356 762 τῶνδε
1411 705 1849 776 κατεπαύσαμεν

266 812 330 864 tv
364 808 446 879 τῷ
488 804 795 876 Λουπαδίῳ,
832 800 1174 873 φιλοφρόνως
1202 797 1655 871 συμπαθηθέντες
1694 797 1852 866 παρά

267 900 367 957 τοῦ
416 896 847 969 ξενοδοκοῦντος,
884 891 1225 964 χρησάμενοι
1271 909 1333 945 τε
1375 892 1472 944 καὶ
1517 889 1729 961 λουτρῷ
1762 887 1851 943 διὰ

266 995 399 1058 τοὺς
431 990 708 1065 μώλωπας
732 1005 747 1019 ·
782 984 1043 1057 γεγόνασι
1082 983 1194 1055 γάρ
1237 981 1333 1038 καί
1379 1000 1542 1037 τινων
1584 982 1847 1048 δυσίατοι,

266 1085 380 1140 ἀπὸ
430 1082 533 1152 τῆς
594 1078 927 1149 ὁδοιπορίας.
975 1076 1088 1130 Καὶ
1134 1074 1499 1147 κατήχθημεν
1548 1074 1629 1137 εἰς
1676 1073 1850 1129 Τίλιν.

280 1177 432 1230 Ἐκεῖ
462 1174 643 1229 τοίνυν
670 1166 1000 1226 καταλαϐὼν
1027 1167 1178 1239 ήμᾶς
1203 1167 1235 1221 ὅ
1254 1183 1312 1221 τε
1344 1165 1544 1229 Ἀϐϐᾰς
1576 1165 1854 1236 Ζαχαρίας

272 1266 416 1339 μετά
440 1264 536 1319 τοῦ
582 1262 825 1327 Πιονίου,
856 1262 926 1315 ὲκ
955 1258 1169 1330 θερμῆς
1195 1256 1514 1329 προθέσεως
1544 1256 1851 1323 κλαίοντες,

267 1359 365 1413 καὶ
417 1356 535 1428 μεθ’
581 1354 743 1427 ήμῶν
794 1350 1114 1424 αἱρούμενοι
1179 1348 1536 1421 πορεύεσθαι,
1594 1349 1697 1404 κᾶν
1753 1349 1855 1404 οὐκ

266 1449 559 1521 είάθησαν.
597 1447 733 1500 Ἀπὸ
762 1444 921 1499 τοῦδε
953 1446 1034 1508 είς
1071 1442 1393 1514 Ἀλκὲριζαν
1417 1456 1433 1472 ⁶
1459 1443 1527 1495 ὲκ
1552 1440 1726 1495 τῶνδε
1771 1443 1854 1506 είς

280 1538 855 1611 ’Δναγεγραμμένους,
878 1535 1073 1590 ἔπειτα
1103 1536 1183 1599 είς
1203 1533 1546 1605 Περπερίναν
1561 1548 1574 1563 ’
1596 1533 1854 1589 κάκεῖθεν

270 1635 357 1699 είς
384 1632 449 1688 τὸ
478 1631 708 1703 Πάριον·
743 1627 1131 1690 κοινωνοῦντες
1173 1624 1327 1696 παρά
1357 1624 1468 1678 τῶν
1514 1623 1853 1688 ἐπισκόπων,

268 1728 417 1799 πλὴν
446 1725 542 1780 καὶ
566 1723 708 1795 μετὰ
757 1720 1143 1783 ταπεινώσεως
1194 1717 1709 1789 ὑπομιμνήσκοντες
1756 1718 1855 1786 ὀμ-

1950 531 2007 577 et
2033 522 2358 590 fatiscentia,
2388 538 2513 578 cum
2569 522 2831 578 decenter
2861 524 3002 579 victa
3037 524 3261 581 cederet
3310 533 3529 580 natura.

1950 616 2030 671 Ex
2057 615 2162 670 hoc
2208 614 2330 670 loco
2375 615 2608 687 digressi
2656 615 3000 672 substitimus
3039 617 3098 671 in
3140 616 3408 688 Lupadio,
3441 618 3533 673 ubi

1950 715 2303 776 peramanter
2343 707 2412 762 ab
2448 707 2665 778 hospite
2719 708 2895 763 habiti
2950 707 3179 777 fuimus,
3226 709 3533 779 balneoque

1951 798 2034 853 usi
2055 807 2278 869 propter
2303 799 2553 855 vibices:
2595 801 2876 856 nonnullis
2919 802 3067 857 enim
3115 817 3256 873 pene
3300 803 3533 857 insana-

1950 889 2088 945 biles
2110 900 2406 946 evaserunt
2434 906 2503 946 ex
2537 891 2748 948 itineris
2777 891 3091 964 agitatione.
3120 894 3189 948 Et
3212 894 3535 950 divertimus

1952 979 2132 1036 Tilim.
2176 981 2287 1036 Illic
2307 998 2438 1054 ergo
2456 990 2743 1039 assecutus
2767 998 2870 1040 nos
2891 984 3064 1039 abbas
3086 984 3382 1041 Zacharias
3406 1001 3532 1041 cum

1951 1072 2166 1141 Pionio,
2219 1090 2331 1145 pra:
2352 1076 2521 1129 animi
2564 1076 2760 1131 ardore
2815 1077 3102 1132 nobiscum
3131 1079 3321 1133 venire
3344 1079 3533 1150 cupie-

1951 1166 2083 1222 bant
2108 1185 2121 1222 :
2151 1167 2247 1222 sed
2281 1168 2612 1237 permissum
2642 1168 2696 1223 id
2726 1168 2806 1224 eis
2848 1184 2958 1225 non
2990 1168 3115 1224 fuit.
3140 1169 3273 1225 Inde
3319 1171 3532 1225 Alceri-

1953 1272 2093 1322 sam,
2133 1268 2245 1314 tum
2276 1259 2347 1314 ad
2395 1259 2950 1331 Anagegrammenos,
3025 1261 3222 1316 deinde
3281 1260 3535 1333 Perperi-

1953 1365 2102 1415 nam,
2137 1359 2302 1421 atque
2328 1351 2475 1406 illinc
2507 1351 2751 1420 Parium,
2783 1369 2908 1409 cum
2933 1354 3207 1426 episcopis
3229 1356 3533 1412 Communi-

1953 1455 2160 1509 cames,
2192 1452 2249 1499 et
2300 1444 2369 1500 de
2410 1446 2777 1516 jurejurando
2835 1448 3084 1502 modeste
3143 1451 3529 1504 admonentes.

1954 1533 2083 1589 Post
2131 1536 2248 1591 haec
2274 1535 2537 1604 ﬂoreum,
2582 1537 2711 1592 inde
2756 1537 3115 1608 Lampsacum
3142 1579 3157 1605 ,
3212 1542 3303 1595 ubi
3363 1541 3533 1597 Hera-

1954 1627 2155 1682 cleotas
2188 1629 2355 1691 nacti,
2408 1630 2587 1685 triduo
2629 1631 2887 1686 haesimus
2914 1633 3169 1704 navigare
3200 1635 3532 1689 non-valen-

1957 1728 2060 1775 tes.
2116 1720 2324 1777 Deinde
2352 1722 2637 1778 solventes
2673 1724 2985 1793 appulimus
3027 1726 3298 1797 Abydum,
3332 1742 3361 1781 a
3393 1743 3534 1797 prm-

265 1821 520 1883 νύοντας.
569 1812 703 1871 Εἶτα
753 1815 835 1879 είς
870 1811 1086 1884 Ὀρκὸν,
1131 1810 1343 1865 ἐκεῖθεν
1379 1811 1461 1873 είς
1506 1808 1810 1879 Λάμψακον
1833 1826 1846 1841 ο

1957 1812 2072 1867 side
2096 1812 2407 1868 humaniter
2428 1815 2661 1885 excepti.
2690 1814 2938 1885 Cumque
2955 1817 3025 1871 ibi
3045 1832 3217 1887 usque
3243 1819 3310 1872 ad
3337 1820 3535 1874 Sabba-

265 1915 328 1969 tv
476 1910 729 1982 εὑρόντες
791 1902 1221 1976 Ἡρακλειώτας,
1271 1899 1851 1973 προσανεπαυσάμεθα

264 2010 590 2079 τριήμερον,
633 2004 791 2057 πλεῖν
829 2001 892 2055 οὐ
930 2000 1239 2070 δυνάμενοι.
1284 1992 1417 2053 Εἶτα
1461 1995 1852 2068 ἀξορμίσαντες

266 2097 726 2167 κατεπλεύσαμεν
771 2097 830 2149 tv
860 2096 929 2165 τῇ
974 2090 1188 2161 Ἀϐύδῳ
1212 2106 1226 2122 ·
1256 2088 1363 2143 ὑπὸ
1399 2088 1497 2142 τοῦ
1533 2091 1715 2143 ἐκεῖσε
1748 2089 1851 2160 ἀρ-

268 2208 464 2264 χοντος
520 2186 764 2251 εὐσεϐῶς
831 2182 1286 2256 κατελεηθέντες’
1324 2181 1425 2236 καὶ
1470 2180 1853 2252 ἐπιμείναντες

264 2287 378 2350 ἕως
422 2281 520 2337 τοῦ
561 2280 830 2335 σαϐϐάτου
882 2277 1251 2348 ὁκταήμερον,
1302 2274 1732 2345 ἀπεπλεύσαμεν
1772 2276 1855 2338 είς

277 2375 624 2437 Ἐλεοῦντας.
668 2368 1081 2441 Ἐϐδοματιαῖόν
1117 2384 1179 2422 τε
1209 2366 1406 2439 χρόνον
1441 2366 1848 2437 ἐπιμείναντες,

262 2470 360 2525 διὰ
380 2468 443 2523 τὺ
471 2466 687 2530 ἀπλοον,
717 2461 893 2527 δεξιοῦ
914 2460 1119 2531 ἀνέμου
1151 2458 1511 2523 πνεύσαντος,
1540 2457 1847 2529 ὲπετάσθη-

1955 1913 2071 1959 tum
2101 1914 2227 1960 octo
2256 1906 2466 1961 dierum
2494 1908 2675 1977 spatio
2692 1910 3105 1974 mansissemus,
3143 1911 3263 1964 vela
3302 1909 3534 1965 fecimus

1954 1997 2022 2051 ad
2051 1995 2330 2065 Eleuntes,
2378 2000 2472 2054 ubi
2531 2000 2929 2056 hebdomadem
2992 2003 3337 2069 commorati,
3388 2002 3533 2072 quod

1955 2089 2203 2160 navigari
2224 2105 2335 2145 non
2359 2102 2562 2161 posset,
2599 2093 2841 2147 secundo
2888 2103 3056 2149 vento
3083 2093 3249 2147 ﬂante
3282 2092 3535 2163 perveni-

1955 2195 2080 2236 mus
2134 2181 2192 2236 in
2251 2181 2543 2237 Lemnum.
2580 2198 2775 2239 novem
2832 2185 3090 2239 horarum
3149 2185 3530 2240 veliﬁcatione.

1957 2268 2275 2327 Orationem
2303 2273 2397 2329 hic
2447 2283 2690 2329 moratur
2712 2275 2887 2345 pietas
2914 2276 3160 2346 episcopi
3211 2278 3304 2346 qui
3348 2291 3455 2340 me,
3487 2276 3533 2329 si

1955 2364 2078 2433 quis
2099 2364 2257 2431 alius,
2287 2365 2523 2438 benigne
2551 2366 2814 2438 suscepit,
2856 2368 3171 2424 consolatus
3208 2377 3310 2436 est,
3337 2379 3394 2425 et
3421 2368 3533 2423 via-

1956 2456 2067 2512 tico
2092 2456 2371 2514 instruxit.
2430 2502 2433 2505 .

269 2577 376 2632 μεν
404 2559 464 2612 tv
489 2556 781 2627 τῇΛήμνῳ
800 2555 859 2607 ὲν
886 2550 1422 2622 ὲνναωρίῳ.”ιστησί
1466 2567 1570 2621 μου
1603 2549 1877 2617 τὸνλόγον
1946 2546 2181 2602 ἐνταῦθα
2242 2550 2276 2619 ή
2319 2547 2414 2602 τοῦ
2457 2549 2758 2604 ἐπισκόπου
2797 2549 2907 2604 τῶν
2959 2551 3089 2621 τῇδε
3125 2552 3399 2607 εὐσέϐεια.
3438 2553 3535 2618 Ὃς

262 2654 372 2708 οὐκ
403 2653 454 2706 εῑ
486 2662 573 2715 τις
609 2649 720 2720 γὰρ
764 2646 927 2710 ἀλλος
964 2647 1062 2701 καὶ
1098 2643 1443 2711 ἐδεξιώσατο,
1479 2644 1573 2699 καὶ
1595 2644 1974 2715 παρηγόρησε,
2003 2642 2100 2697 καὶ
2137 2642 2462 2713 ἐφωδίασεν.

355 2743 451 2796 Ἐκ
477 2740 586 2796 τῶν
626 2738 755 2810 τῇδε
783 2736 964 2791 τοίνυν
993 2733 1444 2797 ἀποπλεύσαντες
1467 2735 1527 2787 tv
1554 2734 1729 2804 φόϐῳ,
1763 2735 1854 2788 διὰ

2029 2732 2159 2788 lnde
2212 2749 2344 2806 ergo
2406 2733 2586 2790 soluta
2640 2733 2787 2800 navi,
2843 2748 2957 2789 non
3019 2734 3138 2790 sine
3203 2744 3374 2804 metu,
3418 2742 3539 2807 pro‘

262 2833 331 2888 τὸ
365 2829 774 2903 παρακείμενον
825 2824 999 2890 εθνος,
1026 2816 1488 2895 ἀντεπεράᾶαμεν
1517 2823 1854 2896 βορῤοφόρου

263 2924 372 2979 καὶ
405 2920 746 2996 ῥοιζήδοντος
788 2918 848 2971 tv
889 2914 1256 2985 δωδεκαωρίῳ
1290 2912 1486 2968 ἑκατὸν
1516 2913 1857 2982 πεντήκοντα

267 3013 476 3086 μιλίων
508 3010 575 3065 δν
600 3009 663 3063 τὺ
693 3006 962 3075 πέλαγος,
991 3006 1320 3076 ὁρμίσαντες
1343 3004 1404 3058 tv
1425 3002 1508 3072 τῷ
1542 3001 1855 3073 Καναστρῳ

264 3110 332 3161 tv
374 3107 488 3168 τοῖς
533 3100 941 3170 Θεσσαλονίκης
989 3097 1161 3170 ὁρίοις
1182 3112 1196 3127 ο
1229 3095 1424 3151 ἔπειτα
1458 3096 1540 3159 είς
1571 3095 1856 3168 Παλλήνην

264 3198 346 3253 τὰ
380 3196 651 3267 πρόσγεια
682 3191 782 3247 τοῦ
812 3190 1023 3246 κόλπου
1045 3205 1061 3220 ⁸
1102 3184 1225 3242 εἶτα
1266 3189 1353 3251 είς
1375 3187 1439 3241 τὸ
1468 3185 1718 3258 ἔμϐολον.
1762 3187 1857 3240 Ἐκ

265 3291 385 3346 τῶν
416 3288 569 3345 ἐνθεν
602 3285 767 3353 ζώοις
793 3283 961 3339 πάλιν
993 3280 1386 3350 ἐπιϐεϐηκότες
1417 3278 1683 3351 Σαϐϐάτῳ
1709 3278 1855 3350 ἡμέ-

268 3399 351 3455 ρᾳ
396 3379 594 3452 ὲορτῆς
650 3376 746 3432 τού
794 3372 1214 3443 Εὑαγγελισμοῦ
1245 3371 1347 3444 (5),
1382 3369 1504 3442 ὥρᾳ
1540 3370 1703 3443 τρίτη
1745 3370 1858 3424 είσ-

264 3470 524 3542 ήχθημεν
551 3470 611 3523 tv
648 3468 720 3539 τῇ
750 3465 929 3520 πόλει.
962 3461 1077 3517 Καὶ
1107 3463 1196 3516 οῐα
1223 3463 1258 3534 ή
1290 3460 1497 3525 εῐσοδος
1526 3460 1541 3514 ι
1576 3460 1710 3514 Οὐδὲ
1745 3459 1858 3529 γάρ

263 3562 437 3617 τοῦτο
488 3558 783 3632 παρελθεῖν
840 3558 1164 3627 ἀναγκαῖον.
1227 3554 1619 3628 Προπεμφθεὶς
1676 3553 1857 3609 τοίνυν

264 3654 433 3727 παρὰ
458 3651 554 3707 τοῦ
588 3652 838 3723 ὁπάρχου
868 3649 980 3705 τῶν
1017 3647 1245 3720 ἐξόχων,
1287 3641 1373 3712 εἷς
1416 3646 1558 3718 μετὰ
1588 3661 1858 3717 στρατιω-

262 3747 407 3811 τῶν,
443 3742 787 3817 προσέμενεν
828 3743 890 3796 tv
932 3743 1002 3812 τῇ
1037 3740 1333 3812 ἀνατολικῇ
1387 3740 1588 3811 πόρτῃ,
1616 3741 1713 3793 καὶ
1735 3739 1859 3791 ἐπι-

267 3841 474 3895 στᾶσιν
521 3836 844 3907 ὑπήντησαν
890 3832 1065 3905 ὁρθιοι
1099 3832 1187 3888 διὰ
1235 3832 1421 3903 σιγῆς.
1464 3832 1577 3885 Καὶ
1620 3830 1760 3901 μετὰ
1802 3828 1860 3883 τὸ

265 3930 542 3987 είσελθεῖν
569 3928 892 3991 κλείσαντες
926 3925 1028 3991 τὰς
1060 3925 1260 3989 πύλας,
1287 3922 1425 3997 ἦγον
1454 3924 1544 3979 διὰ
1590 3925 1693 3994 τῆς
1735 3922 1860 3990 ἀγο-

269 4026 399 4097 ρᾶς,
431 4020 921 4095 προπομπεύοντες
973 4019 1069 4074 επὶ
1111 4018 1215 4090 τῆς
1246 4018 1425 4090 ὂψεως
1452 4016 1563 4073 τῶν
1587 4020 1668 4079 είς
1697 4012 1859 4068 τοῦτο

266 4114 832 4189 συνδεδραμηκότων
864 4113 960 4167 καὶ
986 4112 1370 4181 ἀπαγαγόντες
1399 4113 1694 4183 είσήγαγον
1719 4114 1857 4185 πρὸς
1889 4098 1934 4155 1)

265 4210 367 4265 τὸν
401 4210 658 4282 ἄρχοντα.
685 4205 799 4261 Καὶ
829 4200 959 4274 εὖγε
984 4203 1064 4276 τῷ
1083 4203 1266 4276 ἀνδρίο
1291 4203 1525 4275 εὐμενὲς
1554 4204 1665 4277 γάρ
1686 4206 1859 4277 πρόσ-

268 4318 428 4358 ωπον
464 4300 667 4367 δείξας,
716 4296 861 4370 μετὰ
925 4296 990 4350 τὸ
1050 4299 1240 4351 πεσεῖν
1290 4296 1507 4367 χρηστὰ
1559 4296 1859 4366 ἐφθέγξατο

267 4396 432 4466 ἡμῖν.
467 4388 811 4463 Παρέπεμψὲ
844 4406 908 4443 τε
936 4387 1076 4461 πρὸς
1105 4387 1198 4441 τὸν
1224 4387 1674 4458 άρχιεπίσκοπον,
1703 4388 1859 4457 πρῶ-

266 4501 365 4538 τον
398 4480 878 4555 προσευξαμένους
926 4480 985 4534 ἐν
1029 4481 1098 4551 τῇ
1132 4478 1264 4550 ἁγίᾳ
1311 4478 1503 4550 Σοφία.
1540 4477 1652 4533 Καὶ
1696 4479 1755 4531 ὲν
1778 4476 1857 4548 τῷ

267 4574 551 4646 εὐκτηρίῳ
575 4572 655 4644 τῷ
693 4570 827 4643 παρ’
853 4568 1020 4625 αὐτοῦ
1060 4570 1295 4640 ποιήσας
1326 4568 1523 4641 εὐχήν,
1554 4570 1582 4622 ὁ
1613 4569 1855 4638 ἁγιώτα-

266 4686 365 4733 τος
417 4666 639 4731 ἐδέξατο
690 4665 788 4720 καὶ
818 4662 1213 4734 κατησπάσατο
1233 4663 1402 4733 ἡμᾶς,
1433 4661 1703 4735 ὁμιλήσας
1728 4662 1858 4733 ήμῖν

268 4762 342 4816 τά
371 4760 588 4827 δέοντα,
619 4758 717 4813 καὶ
744 4754 877 4828 παρ’
909 4754 1051 4809 αὐτὰ
1083 4755 1389 4826 κρατήσας,
1417 4754 1513 4808 καὶ
1538 4753 1859 4817 ἀναπαύσας

268 4856 363 4912 διά
394 4872 455 4908 τε
483 4850 716 4923 λουτροῦ
744 4850 841 4905 καὶ
869 4846 1196 4919 βρωμάτων.
1230 4844 1272 4898 Τ
1277 4848 1310 4916 ῇ
1356 4843 1588 4919 δευτέρᾳ
1614 4845 1859 4916 πρωῖθεν

267 4944 424 5019 ἦραν
466 4945 637 5015 ἡμᾶς,
668 4940 764 4996 καλ⁸
802 4940 871 4994 δι’
912 4939 1183 5011 αἰτήσεως
1216 4937 1547 5006 ποιήσαντες
1596 4934 1857 5000 εὖξασθαι

271 5042 355 5105 είς
394 5038 486 5093 τὸν
533 5038 691 5106 ἀγιον
731 5036 1067 5107 Δημήτριον,
1117 5033 1447 5105 διεχώρισαν
1502 5035 1712 5098 πάντας
1763 5034 1861 5088 ἀπ’

271 5131 547 5201 ἀλλήλων,
580 5127 1068 5199 προπεποιηκότας
1097 5126 1285 5196 εὐχὴν,
1313 5126 1409 5181 καὶ
1436 5127 1858 5204 ἀσπασαμένους

271 5222 561 5293 ἀλλήλους.
605 5221 748 5285 Τοὺς
792 5218 887 5275 δύο
918 5218 977 5271 δὲ
1018 5216 1166 5288 ἡμᾶς
1204 5215 1467 5285 ἀδελφοὺς
1492 5217 1860 5285 ἀναγαγόντες

271 5315 367 5369 ἐπὶ
403 5315 495 5368 τὸν
531 5315 591 5368 tv
626 5304 674 5383 ᾧ
716 5313 837 5382 είμι
883 5310 1001 5387 νυνὶ
1043 5309 1229 5372 τόπον,
1259 5307 1539 5372 διέζευξαν
1569 5307 1860 5379 δακρυρῶς

272 5404 756 5478 καταφιλήσαντας
806 5402 1090 5475 ἀλλήλους,
1142 5400 1219 5465 ὡς
1258 5398 1355 5453 καί
1390 5415 1545 5463 τινας
1582 5400 1691 5454 τῶν
1725 5399 1861 5454 θεω-

1955 2833 2077 2894 pter
2123 2824 2412 2879 ﬁnitimam
2470 2833 2708 2896 gentem,
2753 2824 2813 2879 in
2858 2825 3142 2880 adversam
3208 2841 3382 2895 oram,
3443 2844 3538 2884 va-

1954 2916 2066 2973 lido
2092 2918 2343 2987 spirante
2388 2918 2575 2985 borea,
2636 2916 3066 2987 transmisimus,
3119 2928 3344 2974 centum
3376 2921 3537 2991 quin-

1954 3008 2212 3079 quaginta
2241 3008 2471 3063 millium
2497 3007 2721 3080 pelagus
2747 3007 3039 3063 duodecim
3094 3008 3243 3063 horis
3286 3011 3496 3065 emensi
3522 3027 3535 3063 :

1955 3098 2373 3168 appulimusque
2416 3098 2745 3155 Canastrum
2774 3099 2830 3153 in
2876 3100 3077 3155 ﬁnibus
3112 3099 3536 3167 Thessalonicae,

1955 3190 2152 3247 deinde
2172 3190 2450 3247 Pallenam
2484 3191 2634 3247 sinui
2658 3191 2971 3265 contiguam
3001 3210 3015 3247 :
3049 3201 3163 3248 tum
3190 3195 3259 3249 ad
3293 3204 3536 3265 portum,

1955 3297 2025 3339 ex
2050 3283 2244 3353 quoin
2273 3284 2605 3340 animalibus
2651 3283 2850 3340 iterum
2900 3285 3179 3352 sedentes,
3226 3288 3419 3342 urbem
3452 3290 3539 3342 in-

1956 3374 2129 3444 gressi
2176 3390 2370 3430 sumus
2414 3374 2678 3441 Sabbato,
2722 3376 2810 3431 die
2857 3375 3001 3431 festo
3061 3377 3538 3441 Annuntiationis.

1958 3466 2301 3523 boratertia.
2340 3467 2530 3534 Qualis
2559 3483 2689 3524 vero
2715 3469 2996 3540 ingressus
3022 3470 3035 3523 ι
3060 3482 3238 3539 neque
3263 3468 3369 3523 hoc
3398 3485 3541 3539 pra:-

1960 3556 2123 3615 lerire
2150 3556 2234 3612 l‘as
2259 3567 2363 3613 est.
2403 3558 2730 3614 Pratmissus
2758 3572 2791 3613 ιι
2821 3558 3083 3629 praefecto
3114 3574 3260 3615 unus
3301 3575 3367 3614 ex
3422 3561 3543 3630 pris

1958 3650 2202 3705 moribus
2232 3665 2358 3705 cum
2407 3651 2645 3705 militum
2670 3665 2858 3717 manu,
2896 3650 2965 3705 ad
3013 3650 3351 3707 Orientalem
3411 3669 3541 3723 por-

1958 3751 2067 3799 tam
2088 3743 2457 3813 exspectabat.
2475 3742 2541 3799 Et
2560 3743 3127 3814 appropinquantibus
3143 3743 3323 3807 nobis,
3346 3758 3540 3798 occur-

1959 3845 2149 3892 rerunt
2208 3844 2356 3892 recta
2413 3836 2554 3901 acie,
2614 3836 2879 3893 silentio:
2925 3845 2980 3891 et
3036 3836 3239 3891 clausis
3282 3848 3424 3907 'post
3455 3838 3541 3891 in-

1958 3945 2207 4002 gressum
2240 3940 2490 3983 nostrum
2525 3929 2721 3998 portis,
2775 3944 2875 3999 per
2904 3929 3086 3983 forum
3112 3945 3227 3982 nos
3266 3929 3541 3985 duxerunt

1960 4023 2163 4079 celebri
2194 4036 2415 4092 pompa,
2446 4022 2503 4074 in
2524 4021 2699 4076 oculis
2720 4037 2913 4076 eorum
2946 4021 3038 4091 qui
3061 4022 3129 4076 ad
3166 4023 3539 4090 spectaculum

1963 4123 2334 4177 accurrerant,
2366 4112 2848 4183 perduxeruntque
2871 4112 2941 4166 ad
2976 4112 3282 4181 praesidem.
3322 4110 3367 4167 Ο
3405 4128 3541 4183 pra--

1964 4204 2170 4259 clarum
2190 4203 2411 4259 virum!
2447 4203 2716 4273 placidum
2754 4204 2901 4257 enim
2941 4203 3342 4262 nobis‘vultum
3378 4205 3539 4261 exhi-

1965 4292 2122 4358 bens,
2148 4307 2274 4348 cum
2315 4301 2621 4363 prostratus
2657 4292 2967 4359 salutasset,
3002 4294 3119 4349 miti
3151 4310 3253 4349 nos
3287 4309 3542 4349 sermone

1964 4384 2160 4440 aﬁatus
2197 4393 2302 4448 est,
2360 4384 2619 4453 misitque
2647 4383 2719 4438 ad
2773 4383 3247 4454 archiepiscopum
3285 4384 3541 4453 precibus

1964 4486 2092 4534 ante
2122 4476 2256 4533 fusis
2282 4477 2336 4531 in
2382 4486 2586 4533 sanctae
2630 4477 2871 4547 Sophim.
2904 4476 3007 4534 Ubi
3053 4493 3181 4549 ergo
3217 4478 3274 4532 in
3304 4478 3543 4532 oratorio

1963 4584 2064 4625 suo
2094 4577 2348 4638 precatus
2371 4576 2457 4622 est
2493 4569 2891 4633 sanctissimus,
2930 4570 3149 4639 excepit
3196 4584 3318 4634 nos,
3354 4581 3410 4624 et
3428 4572 3545 4639 opi-

1963 4674 2096 4730 pare
2127 4658 2397 4735 tractavit,
2427 4660 2813 4715 consentaneis
2846 4660 3027 4715 verbis
3057 4660 3368 4728 alloquens,
3429 4670 3542 4715 tum

1964 4753 2161 4809 balneo
2213 4752 2463 4822 cibisque
2497 4752 2751 4807 reﬁciens
2797 4767 2863 4806 ac
2912 4752 3231 4815 restituens.
3280 4752 3545 4807 Postridie

1965 4861 2125 4900 mane
2145 4844 2361 4902 abducti
2388 4860 2601 4909 sumus,
2626 4853 2681 4900 et
2700 4860 2798 4915 per
2816 4844 3055 4914 speciem
3075 4844 3233 4915 quasi
3260 4845 3326 4899 ad
3368 4860 3487 4899 sant
3506 4847 3543 4900 ti
3654 4852 3655 4855 ‘

1966 4935 2225 4992 Demetrii
2254 4952 2477 5006 precum
2529 4952 2693 4991 causa
2751 4935 3101 5009 ducerentur,
3153 4948 3547 5006 separaverunt

1965 5043 2068 5083 nos
2096 5043 2310 5093 omnes,
2356 5037 2575 5082 orantes
2625 5036 2816 5081 mutuo
2873 5035 2928 5080 et
2978 5026 3097 5079 vale
3140 5024 3408 5079 dicentes.
3436 5023 3548 5079 Nos

1966 5135 2098 5174 vero
2128 5119 2326 5174 fratres
2360 5119 2518 5183 duos,
2572 5133 2698 5173 cum
2728 5117 2783 5172 in
2814 5117 2960 5171 hunc
2988 5117 3044 5170 in
3076 5132 3184 5186 quo
3213 5132 3359 5173 nunc
3408 5118 3547 5187 dego

1966 5212 2142 5267 locum
2192 5211 2600 5284 perduxissent,
2641 5208 3308 5281 sejunxerunt,.ﬁcbiliter
3338 5210 3545 5289 ample-

1965 5316 2179 5363 ctentes
2209 5315 2421 5370 mutuo,
2467 5305 2608 5360 adeo
2650 5313 2712 5358 ut
2765 5302 3131 5373 spectantium
3163 5298 3411 5365 nonnulli
3443 5298 3548 5352 mi-

1967 5398 2265 5456 sericordia
2283 5403 2777 5453 commoverentur.
2793 5393 2882 5450 Sic
2909 5408 2970 5475 se
2993 5394 3198 5448 habent
3214 5404 3303 5446 res
3324 5398 3549 5454 nostrae,

1791 5559 2027 5618 NOTAE.

347 5676 427 5748 (5)
469 5678 685 5749 Ἡμέρᾳ
704 5677 919 5747 ἑορτῆς
951 5676 1060 5749 τοῦ
1084 5676 1565 5749 Eduine/tumcf).
1616 5679 1741 5735 Dies
1769 5681 1855 5735 fe-

278 5747 398 5804 stus
426 5747 901 5817 Amiuutiationis,
934 5747 1051 5804 sive
1083 5747 1155 5803 25
1194 5749 1395 5816 Martii,
1418 5749 1714 5806 Sabhatum
1751 5750 1857 5807 fuit

1967 5697 2055 5737 an.
2094 5682 2217 5747 797,
2247 5682 2472 5752 proinde
2502 5696 2644 5735 anno
2693 5680 2790 5752 illo
2832 5678 2957 5752 data
3006 5673 3383 5752 videturﬁlncc
3431 5670 3550 5739 cpi-

1965 5753 2143 5821 stola;
2178 5743 2306 5810 licet
2340 5751 2605 5807 Baronius
2633 5750 2837 5806 referat
2875 5747 2941 5803 ad
2974 5760 3173 5800 annum
3203 5743 3325 5801 796.
3402 5764 3405 5767 ·
3509 5787 3516 5795 .
