4064 6372
515 307 625 370 919
1709 306 1771 368 S.
1809 302 2204 368 THEODORI
2245 302 2595 366 STUDITE
3687 299 3796 363 99.0

518 421 702 485 Pater,
728 426 785 474 et
805 432 907 491 ego
931 417 1022 474 hic
1052 418 1219 475 vitam
1253 433 1403 477 nunc
1449 436 1550 493 ago
1578 419 1888 477 luctuosam
1941 429 1998 476 et
2028 419 2112 475 la-

2226 417 2397 490 μένων
2441 414 2786 490 ταραχθῆναι
2826 415 2896 487 τῇ
2949 412 3289 488 συμπαθείᾳ.
3329 412 3521 479 οὕτως
3558 414 3632 468 τά
3674 415 3795 469 καθ’

521 510 897 566 mentabilem.
931 508 1210 567 Caeterum
1265 511 1510 584 eulogias
1543 521 1744 568 sanctae
1763 526 1960 567 manus
1980 519 2108 576 tua},

2226 513 2364 583 ῧμᾶς
2403 510 2539 582 ιχιι,
2572 503 2620 566 ὧ
2644 509 2847 581 Πάτιρ.
2882 508 2997 563 Καὶ
3040 507 3137 564 νῦν
3177 510 3295 580 ειμι
3336 506 3449 578 ιγὼ
3479 510 3512 563 ό
3541 507 3797 574 ταπεινὸς

520 600 670 655 velut
689 609 892 657 sancta
913 600 1203 658 Trinitatis
1246 599 1359 657 vim
1387 600 1717 668 obtinentes,
1748 600 2111 671 suscepimus,

2226 602 2450 658 ἐνταῦθα
2503 602 2617 674 βίον
2661 601 2841 659 ἕλκων
2883 601 3150 673 ὀδυνηρὸν
3199 602 3297 657 καὶ
3328 600 3794 656 πολυστινωιτον.

519 708 723 765 easque
757 694 982 751 amuleti
1009 696 1129 753 loco
1155 695 1441 765 habemus,
1466 705 1522 752 et
1544 693 1718 751 oculis
1745 693 1949 750 nostris
1966 693 2116 750 velut

2226 696 2328 760 Γάς
2355 696 2415 750 δὲ
2440 697 2508 752 ὲκ
2526 697 2629 768 τῆς
2659 696 2822 764 ἀγίας
2852 713 2948 751 σου
2972 694 3159 769 χειρὸς
3191 693 3447 764 εὐλογίας
3468 691 3796 764 ἐδεξάμεθα,

522 787 806 844 dexteram
838 796 989 845 tuam
1031 790 1413 846 exosculantes
1454 788 1829 844 admovemus.
1874 789 2113 845 Rursum

2226 789 2289 855 ii;
2314 790 2545 861 δύναμιν
2569 788 2801 861 ἐχούσας
2825 788 2904 860 (6)
2932 788 3034 861 τῆς
3065 786 3228 856 ἀγίας
3252 787 3511 859 Τριάδοςυ
3546 787 3649 841 καὶ
3682 785 3800 856 ἱκο-

523 880 794 952 laerymaa,
828 897 1051 938 rursum
1082 882 1290 940 viscera
1328 883 1751 939 convolvuntur.
1795 881 2113 939 Orationem

524 972 673 1029 enim
704 973 957 1031 claudere
1012 984 1097 1030 est
1124 974 1363 1030 animus.
1401 974 1446 1030 0
1478 974 1663 1042 Pater,
1692 992 1793 1033 cur
1834 991 1923 1033 me
1950 976 2113 1032 dese-

492 1122 493 1127 η
523 1065 680 1121 ruisti
711 1066 736 1121 ἲ
766 1066 836 1122 At
879 1082 991 1123 non
1036 1067 1353 1124 deseruisti.
1384 1067 1669 1135 Quomodo
1705 1085 1740 1125 a
1768 1082 1876 1126 me
1921 1068 2114 1141 procul

525 1157 973 1214 abscessisti?At
1016 1158 1075 1215 in
1111 1174 1200 1216 me
1254 1161 1488 1217 habitas.
1521 1160 1757 1218 Ubinam
1812 1171 1867 1218 te
1913 1162 2114 1217 iterum

523 1250 743 1307 visurus
769 1252 937 1307 sum?
964 1253 1242 1324 quomodo
1289 1262 1345 1310 te
1383 1256 1653 1310 cernam?
1704 1255 1797 1311 ubi
1850 1255 2116 1311 suavissi-

522 1357 668 1396 mam
693 1351 750 1397 et
775 1341 1074 1398 salutarem
1096 1350 1245 1398 tuam
1262 1358 1455 1399 vocem
1472 1343 1757 1399 exaudiam
1779 1344 1803 1398 ?
1826 1342 2115 1414 ecquando

525 1448 733 1489 mensa:
776 1441 883 1489 tua
909 1434 1230 1489 accumbam
1254 1434 1279 1488 ?
1322 1435 1416 1490 ubi
1446 1450 1749 1507 congressu
1797 1445 1894 1490 tuo
1916 1435 2115 1490 fruar?

526 1532 620 1581 aut
646 1525 738 1582 ubi
771 1526 990 1583 tandem
1020 1537 1073 1582 te
1099 1527 1355 1584 audiente
1385 1527 1559 1599 legam
1588 1529 1612 1583 ?
1639 1537 1735 1583 aut
1762 1536 1815 1585 te
1838 1537 2114 1600 praesente

526 1634 720 1675 canam
744 1619 768 1673 ?
794 1629 890 1675 aut
925 1620 1282 1693 castigahor?
1309 1629 1405 1676 aut
1443 1621 1817 1691 reprehendar
1840 1623 1867 1676 7
1890 1630 1985 1677 aut
2013 1621 2110 1677 ad-

527 1707 792 1763 monebor
816 1708 841 1764 ?
868 1709 1210 1780 amplectens
1238 1710 1460 1766 assidue
1499 1711 1553 1767 id
1579 1711 1724 1782 quod
1758 1711 1854 1768 tibi
1880 1712 2110 1783 placue-

528 1801 620 1868 rit,
640 1801 977 1867 convictum.
1007 1819 1213 1869 escam,
1245 1812 1458 1875 potum,
1500 1804 1856 1876 colloquium,
1885 1815 2112 1870 statum,

527 1909 761 1960 sessum,
812 1896 1140 1953 recubitum.
1174 1897 1316 1965 Quid
1365 1907 1452 1955 est
1481 1898 1627 1968 quod
1678 1898 1815 1953 mihi
1872 1899 2118 1955 accidit?

528 1984 723 2042 Testes
766 1987 985 2058 appello
1013 1989 1295 2056 mortales,
1323 1990 1541 2061 appello
1561 1998 1617 2046 et
1664 1990 1918 2047 caelestes
1960 2000 2118 2061 pote-

527 2087 699 2137 states
732 2090 992 2151 patronas
1024 2082 1182 2149 mihi,
1212 2084 1357 2154 quod
1400 2092 1453 2139 te
1498 2084 1582 2140 lex
1617 2084 1711 2139 Dei
1761 2099 1794 2139 a
1820 2101 1910 2142 me
1955 2100 2119 2156 sepa-

528 2172 686 2239 rarit,
719 2171 1036 2230 mandatum
1058 2191 1228 2231 unum
1260 2184 1550 2231 aeternum.
1589 2176 1794 2232 Audiat
1815 2186 1962 2233 terra
1994 2177 2119 2232 uni-

528 2282 708 2323 versa.
740 2265 1033 2338 Propterea
1069 2269 1300 2337 gaudeo,
1330 2279 1386 2326 et
1424 2270 1752 2327 laudationis
1790 2286 1980 2328 vocem
2005 2270 2119 2328 Deo

530 2356 720 2413 reddo.
772 2357 1156 2414 Abundantius
1190 2360 1375 2416 omnia
1399 2360 1630 2432 recipio.
1695 2361 1947 2427 Exsulto,
2005 2378 2116 2417 non

530 2448 765 2518 amplius
825 2448 1083 2515 orbabor,
1117 2464 1228 2506 non
1295 2450 1575 2517 tristabor,
1643 2467 1747 2508 nec
1798 2452 2117 2509 indecorum

529 2539 825 2611 quidquam
881 2540 1125 2612 eloquar.
1164 2541 1391 2614 Suscipe
1412 2554 1597 2599 autem
1618 2553 1674 2600 et
1691 2545 1992 2616 superiora,
2017 2546 2119 2600 Pa-

531 2640 637 2695 ter,
673 2638 731 2685 ut
750 2631 964 2688 sincera
986 2641 1042 2688 et
1069 2633 1194 2703 pia:
1234 2634 1313 2689 tui
1364 2636 1512 2691 enim
1543 2637 1747 2691 amoris
1802 2645 1936 2692 sunt
1971 2652 2120 2707 sym-

532 2722 675 2777 bola.
714 2722 903 2793 Itaque
930 2724 1179 2795 plangam
1210 2725 1539 2788 etiamnum,
1572 2728 1670 2783 sed
1699 2727 1923 2797 planctu
1959 2736 2117 2799 grato

532 2823 589 2869 et
620 2825 865 2885 accepto.
902 2814 985 2869 Tu
1009 2832 1158 2879 vero,
1196 2826 1281 2872 ter
1308 2818 1467 2874 beate
1517 2818 1699 2884 Pater,
1730 2818 1903 2890 gaude
1930 2827 1985 2873 et
2023 2819 2122 2873 la:-

534 2918 672 2962 tare.
702 2906 894 2963 Bravia
920 2907 1018 2963 tibi
1050 2918 1304 2965 contexta
1334 2920 1469 2966 sunt
1496 2928 1510 2964 :
1543 2912 1807 2982 requietis
1842 2913 1996 2968 locus
2025 2927 2122 2982 pa-

534 3010 689 3055 ratus
709 3007 831 3056 est:
864 3000 1017 3056 zelus
1046 3010 1174 3058 tuus
1204 3010 1423 3073 patrum
1456 3012 1675 3059 tuorum
1702 3005 1878 3060 zelum
1904 3003 2073 3060 refert
2100 3022 2116 3062 :

2217 899 2320 953 μεν
2378 882 2552 946 αύτάς
2582 881 2662 946 ὡς
2694 882 3088 955 φυλακτήρων,
3115 880 3210 935 καὶ
3243 878 3600 953 περιτίθεμεν
3626 878 3800 942 αύτάς

2213 974 2275 1028 ὲν
2301 972 2606 1045 ὀφθαλμοῖς
2641 973 2823 1047 ἡμῶν,
2859 972 2937 1037 ὡς
2971 972 3074 1045 τὴν
3100 972 3287 1038 δεξιάν
3307 989 3404 1027 σου
3433 971 3801 1041 καταφιλοῦν-

2211 1082 2327 1129 τες.
2358 1064 2530 1120 Πάλιν
2556 1064 2791 1135 δάκρυα,
2830 1064 2997 1121 πάλιν
3024 1062 3354 1135 στρέφονταί
3382 1079 3488 1135 μου
3523 1063 3596 1118 τά
3626 1063 3800 1127 ἐντός.

2214 1156 2587 1211 Καταπαῢσαι
2618 1157 2728 1230 γάρ
2773 1155 2915 1211 θέλω
2949 1156 3045 1211 τὸν
3082 1156 3260 1225 λόγον.
3286 1150 3360 1210 *Ω
3406 1155 3615 1227 Πάτερ,
3644 1155 3703 1210 τί
3733 1171 3800 1226 με

2214 1247 2609 1317 ἐγκατέλιπιςς
2666 1249 2804 1304 Ἀλλ’
2861 1250 2965 1304 οὐκ
3004 1248 3388 1319 ἐγκατέλιπες.
3432 1247 3558 1313 Πῶς
3599 1248 3664 1304 δέ
3697 1266 3802 1319 μου

2213 1340 2645 1414 ἀπεμάκρυνας;
2690 1342 2833 1397 Ἀλλ’
2856 1343 2916 1397 ιν
2948 1343 3075 1414 ἐμοὶ
3101 1337 3173 1397 εἷ.
3198 1342 3312 1397 Ποῦ
3331 1341 3392 1396 δέ
3418 1358 3480 1396 σε
3502 1341 3588 1396 ἔτι
3620 1340 3803 1412 μέλλω

2213 1435 2380 1507 όρᾷνς
2415 1434 2535 1501 πῶς
2567 1451 2628 1489 σε
2665 1435 2903 1506 ὅψομαις
2937 1434 3046 1490 ποῦ
3075 1451 3172 1490 σου
3199 1434 3426 1489 ἀκούσω
3443 1435 3546 1505 τῆς
3573 1434 3802 1506 ἡδίστης

2214 1528 2313 1582 καὶ
2343 1526 2616 1598 σωτηρίου
2647 1528 2870 1599 φωνῆς;
2912 1528 3110 1583 Ὁπότε
3148 1544 3245 1582 σου
3285 1529 3533 1599 γένωμαι
3559 1526 3805 1599 ὁμοτρά-

2216 1620 2411 1687 πεζοςς
2446 1620 2560 1675 Ποῦ
2604 1637 2701 1675 σου
2745 1620 3035 1685 συνουσίας
3062 1620 3397 1686 ἀπολαύσαις
3421 1619 3457 1691 ἢ
3494 1618 3719 1674 πώποτε
3742 1620 3805 1673 ιν

2213 1710 2316 1765 ὠσί
2344 1728 2440 1766 σου
2464 1710 2884 1783 ἀναγνώσομαις
2917 1712 2950 1783 ἢ
2977 1712 3089 1782 πρὸ
3116 1711 3414 1783 προσώπου
3453 1727 3551 1765 σου
3576 1710 3734 1782 ᾇσωῖ
3766 1708 3804 1779 ἦ

2219 1802 2614 1876 ωφρονισθῶς
2670 1805 2704 1877 ἢ
2763 1802 3115 1875 ἑπιτιμηθῶς
3169 1804 3205 1876 η
3275 1803 3637 1876 ιπιμνησθῶς
3690 1803 3807 1870 ζειν

2220 1894 2391 1949 ποιιῖιν
2418 1894 2457 1950 ἀ
2474 1895 2629 1967 φίλον
2657 1913 2766 1960 σοι,
2791 1896 3060 1961 ἑστίασιν,
3092 1895 3316 1969 βρῶσιν,
3346 1895 3530 1963 ποτὸν,
3557 1895 3802 1966 ὁμιλίαν,

2221 1986 2437 2051 στάσιν,
2490 1987 2787 2061 καθέδραν,
2839 1988 3150 2043 ἀνάκλισιν.
3199 1987 3267 2042 Τί
3315 2005 3408 2059 μοι
3446 1987 3803 2060 συμϐέϐηκις

2220 2076 2389 2131 Καλῶ
2415 2076 2547 2142 τοὺς
2574 2076 2900 2149 ἀνθρώπους
2939 2078 3250 2150 μάρτυρας,
3286 2076 3439 2132 καλῶ
3465 2078 3562 2132 καὶ
3585 2076 3685 2141 τὰς
3711 2077 3809 2130 ob.

2221 2170 2441 2240 ρανίους
2464 2168 2724 2240 δυνάμεις
2750 2169 3090 2241 συνηγόρους
3125 2186 3219 2240 μοι
3235 2185 3251 2202 ⁸
3276 2169 3362 2224 ὅτι
3390 2169 3557 2241 νόμος
3576 2184 3639 2222 σε
3667 2166 3808 2222 Θιοῦ

2219 2260 2487 2334 ἐχώρισεν
2512 2262 2606 2316 ἀπ’
2639 2262 2776 2332 δμοῦ
2801 2278 2816 2293 °
2842 2263 3033 2335 ιντολὴ
3069 2262 3170 2333 μία
3215 2262 3455 2327 αίὼνιος.
3490 2262 3812 2318 ’Δκουσάτω

2219 2356 2256 2427 ἡ
2289 2355 2384 2410 ύπ*
2411 2354 2666 2428 οὐρανόν.
2698 2355 2798 2411 Διά
2840 2354 3003 2411 τοῦτο
3024 2355 3226 2427 χαίρω,
3259 2356 3360 2410 καὶ
3385 2355 3574 2426 φωνὴν
3601 2353 3810 2425 ἀφίημι

2220 2449 2485 2513 αἰνέσεως
2530 2448 2670 2521 Θεῷ.
2715 2448 2937 2520 Ἀπὲχω
2975 2448 3157 2505 πάντα
3206 2449 3351 2519 ὑπὲρ
3393 2449 3461 2503 ὲκ
3510 2446 3809 2519 περισσοῦ.

2234 2543 2590 2615 Ἀγάλλομαι,
2636 2544 2739 2598 οὐκ
2770 2542 3248 2614 όρφανισθήσομαι
3291 2541 3399 2605 ἔτι,
3424 2541 3528 2596 οὐκ
3551 2539 3813 2610 όόυνηθή-

2223 2652 2412 2706 σομαι,
2450 2636 2560 2690 οὐδ’
2599 2635 2797 2705 ἀγενές
2829 2652 2884 2689 τι
2928 2633 3259 2706 φθέγξομαι.
3306 2633 3500 2700 Δέξαιο
3528 2631 3589 2686 δὶ
3617 2630 3718 2686 καὶ
3739 2630 3813 2686 τά

2221 2727 2492 2800 ἀνώτερα,
2555 2730 2761 2799 Πάτερ,
2817 2727 2896 2792 ὡς
2932 2728 3107 2799 εὐαγῆ
3131 2743 3147 2758 ·
3185 2725 3281 2782 τοῦ
3329 2726 3497 2782 πόθου
3547 2741 3648 2779 σου
3699 2723 3811 2796 γάρ

2224 2818 2497 2890 σύμϐολα.
2529 2818 2679 2891 Πλὴν
2714 2820 2799 2873 ὅτι
2838 2818 2938 2873 καὶ
2970 2818 3056 2873 ἔτι
3084 2817 3416 2889 κλαύσομαι,
3446 2816 3565 2871 ἀλλ’
3603 2814 3811 2870 εὐαπό-

2222 2912 2409 2967 δεκτα.
2446 2912 2520 2966 Σὺ
2547 2911 2624 2975 δὲ,
2663 2905 2712 2965 ὧ
2740 2912 2925 2983 Πάτερ
2966 2909 3367 2981 τρισμακάριε,
3391 2910 3553 2980 χαῖρε
3576 2908 3676 2962 καὶ
3718 2905 3810 2959 εύ-

2225 3005 2477 3077 φραίνου.
2503 3003 2586 3058 Τά
2618 3002 2853 3075 βραδεῖά
2881 3019 2967 3057 σοι
2989 3003 3333 3073 ὶπλάκησαν,
3363 3004 3394 3056 ό
3420 3002 3523 3071 τῆς
3557 2997 3811 3055 ἀναπαύ-

536 3094 782 3150 custodia
806 3103 898 3150 tua
914 3095 1201 3151 veritatem
1216 3096 1538 3166 proclamat.
1565 3095 1795 3153 Vinctus
1814 3107 1901 3154 est
1916 3097 2117 3169 justus,

2230 3112 2369 3161 σεως
2397 3096 2563 3160 τόπος
2590 3096 2945 3167 ἡτοίμασται.
2983 3095 3043 3150 '0
3070 3094 3237 3165 ζῆλός
3266 3111 3361 3147 σου
3390 3092 3535 3148 κατά
3552 3092 3684 3155 τοὺς
3712 3107 3814 3144 πα-

537 3186 691 3242 velut
747 3186 1129 3243 intractabilis.
1189 3188 1293 3255 Qui
1348 3189 1607 3260 pietatem
1661 3191 1869 3257 colunt,
1915 3191 2117 3264 gratias

536 3286 745 3349 agunt:
773 3279 866 3349 qui
897 3270 1014 3351 pari
1059 3280 1179 3336 zelo
1233 3288 1513 3346 tenentur,
1559 3281 1922 3339 lerventiores
1966 3291 2116 3351 sunt,

537 3368 969 3439 pulcherrimum
1012 3370 1294 3426 exordium
1349 3374 1803 3443 contemplantes.
1844 3374 1948 3441 Qui
1993 3390 2122 3447 per-

539 3470 866 3529 sequuntur,
920 3477 1207 3519 sermones
1236 3462 1371 3519 loris
1399 3472 1628 3520 nectunt
1658 3474 1714 3521 et
1734 3466 2073 3523 maledicunt
2101 3483 2119 3534 ;

540 3550 764 3620 quidam
829 3553 1134 3624 praesertim
1183 3556 1460 3611 monachi.
1516 3557 1672 3613 Intus
1730 3573 1862 3615 vero
1914 3560 2124 3631 cogita-

542 3642 785 3699 tionibus
835 3643 1275 3713 diverberantur,
1327 3656 1385 3703 et
1440 3648 1701 3704 acerbum
1750 3660 2123 3708 accusatorem

544 3733 751 3790 habent
799 3751 955 3791 suam
1009 3736 1256 3808 ipsorum
1314 3739 1729 3795 conscientiam.
1785 3741 1931 3809 Quin
1956 3745 2124 3800 etiam

543 3825 905 3882 admirantur.
937 3827 1155 3884 Norunt
1201 3830 1429 3902 quippe,
1462 3843 1520 3886 ut
1564 3847 1794 3904 magnus
1827 3833 2127 3907 Gregorius

542 3919 639 3985 ait,
662 3917 763 3975 viri
788 3918 1217 3977 fortisvirtutem
1247 3923 1506 3979 admirari
1523 3924 1686 3979 etiam
1710 3925 1896 3982 hostes
1927 3945 1942 3988 ;
1974 3942 2129 3990 cum.

544 4015 623 4067 ira
670 4020 944 4078 cessante,
975 4029 1078 4069 suo
1111 4029 1200 4069 res
1228 4023 1507 4071 momento
1533 4016 1854 4073 aestimatur.
1892 4018 1971 4074 Te
2009 4019 2126 4074 laus

542 4106 676 4161 dant
697 4106 895 4179 angeli,
936 4106 1157 4162 beatum
1186 4108 1488 4179 praedicant
1549 4110 1822 4177 homines,
1872 4110 2127 4167 Christus

542 4197 780 4268 excepit,
818 4198 971 4270 regni
1004 4199 1272 4256 caelorum
1319 4199 1419 4255 tibi
1453 4199 1651 4271 ianuas
1689 4202 1907 4269 aperuit
1940 4203 1994 4257 in
2031 4219 2129 4259 saa-

543 4291 685 4346 cula.
716 4291 913 4345 Amen.

915 4380 1006 4437 IV.
1040 4412 1112 4424 —
1138 4383 1435 4454 Nicephoro
1471 4387 1772 4455 prwposilo.

2161 4374 2209 4431 ἰ)

2225 3188 2394 3261 τέρας
2420 3205 2517 3242 σου
2535 3204 2550 3219 ο
2569 3189 2605 3258 ἡ
2636 3186 2852 3259 φρουρά
2878 3186 2978 3259 βοᾷ
3000 3188 3103 3258 τὴν
3125 3185 3407 3257 ἀλήθειαν.
3452 3184 3645 3254 Ἐδόθη
3680 3184 3712 3238 ό
3731 3182 3813 3236 θί-

2226 3298 2408 3346 καιος,
2458 3280 2536 3344 ὡς
2571 3278 2948 3350 δύσχρηστος·
2978 3279 3031 3331 oi
3067 3278 3128 3331 ιν
3155 3276 3411 3349 εὐσεϐείᾳ
3460 3275 3803 3346 εὐχάριστοι,

2227 3374 2277 3429 oi
2310 3373 2592 3446 όμόζηλοι,
2629 3369 2973 3443 θερμότεροι,
3022 3370 3312 3427 κάλλιστον
3348 3368 3640 3440 προοίμιον
3684 3366 3815 3421 θεα-

2230 3465 2480 3537 σάμενοι.
2538 3466 2603 3521 Ol
2633 3464 2928 3528 διώκοντες
2966 3461 3167 3531 λόγους
3195 3459 3398 3525 ἔξωθεν
3420 3459 3694 3513 πλέκουσι
3719 3458 3819 3511 καὶ

2226 3557 2539 3629 κακίζουσι,
2571 3556 2670 3612 καὶ
2704 3556 2942 3629 μάλιστα
2963 3554 3163 3617 οἵτινες
3194 3551 3308 3606 τῶν
3325 3550 3600 3623 μοναχῶν.
3634 3551 3820 3605 Ἕσω-

2227 3650 2321 3705 θεν
2348 3651 2407 3705 δὲ
2441 3652 2564 3713 ταῖς
2603 3649 2841 3713 ἑννοίαις
2865 3647 3301 3713 ύπωπιάζονται,
3332 3646 3429 3700 καὶ
3454 3645 3659 3717 πικρὸν
3682 3659 3820 3698 κατ·-

2227 3746 2428 3817 ήγορον
2456 3742 2558 3816 τὴν
2595 3742 2734 3797 ίδίαν
2763 3740 3072 3810 συνείδησιν
3102 3738 3343 3809 ἔχουσιν.
3377 3734 3534 3790 Ἐπεὶ
3560 3734 3661 3788 καὶ
3686 3732 3821 3788 θαυο

2232 3838 2520 3909 μάζουσιν.
2557 3837 2740 3890 Ἰσασι
2772 3835 2881 3906 γὰρ
2915 3831 3181 3902 ἄγασθαι,
3216 3830 3293 3894 ὥς
3318 3830 3353 3884 ’ό
3391 3829 3566 3900 μέγας
3608 3826 3822 3899 Γρηγό-

2235 3946 2375 4000 ριος,
2402 3926 2596 3997 ἀνδρὸς
2641 3924 2849 3997 ἀρετὴν
2896 3923 2995 3978 καὶ
3038 3921 3318 3992 ’πολέμιοι⁸
3343 3921 3475 3974 ὅταν
3502 3917 3600 3974 τοῦ
3639 3917 3820 3988 θυμοῦ

2231 4018 2489 4085 λήξαντος
2524 4017 2612 4087 ἐφ’
2636 4016 2838 4088 ἑαυτὴν
2871 4018 2908 4087 ἡ
2948 4013 3149 4087 πρᾶξις
3199 4011 3586 4084 δοκιμώζηται.
3614 4011 3822 4078 Ἀγγε-

2230 4111 2314 4166 λοι
2370 4110 2602 4182 ύμνοῦσί
2651 4126 2736 4176 σε,
2780 4109 3062 4180 ἄνθρωποι
3115 4106 3527 4179 μακαρίζουσι·
3576 4104 3821 4176 Χριστὸς

2230 4203 2558 4269 ἀπεδέξατο·
2581 4204 2682 4269 τάς
2717 4203 2895 4267 πύλας
2916 4219 3003 4257 σοι
3025 4201 3237 4271 ἀνέῳγε
3265 4200 3367 4271 τῆς
3400 4196 3683 4269 βασιλείας
3707 4196 3822 4252 τῶν

2228 4297 2477 4369 οὐρανῶν
2498 4298 2579 4360 είς
2606 4297 2733 4360 τοὺς
2763 4295 2988 4358 αἰῶνας.
3019 4294 3073 4347 Ἀ
3085 4294 3215 4365 μήν.

2456 4392 2531 4443 Λα
2570 4419 2637 4431 --
2678 4389 2999 4458 Νικηφόρφ
3028 4386 3107 4457 (7)
3146 4382 3465 4454 ἡγουμένῳ
3497 4381 3600 4453 (8)-

687 4496 843 4557 Quam
864 4509 1017 4560 grave
1050 4499 1118 4547 sit
1137 4498 1306 4549 scelus
1326 4496 1639 4562 imperatoris
1662 4503 1768 4563 qui,
1791 4515 1947 4552 uxore
1977 4505 2199 4565 legitima
2223 4506 2401 4568 ejecta,
2435 4505 2580 4555 aliam
2618 4502 2957 4567 assumpserit.
2991 4503 3197 4565 (ΒΜ-οη.
3222 4513 3335 4550 ann.
3358 4498 3470 4559 795,
3492 4510 3545 4546 n.
3565 4495 3674 4559 63.)

620 4580 856 4637 lleddito
876 4582 1035 4637 nobis
1067 4598 1166 4654 per
1193 4584 1474 4641 dominum
1496 4580 1789 4640 diaconum
1845 4602 2130 4658 responso,

548 4691 806 4749 germane
830 4690 896 4730 ac
921 4675 1387 4733 desideratissime
1434 4676 1508 4731 mi
1531 4678 1879 4745 consobrine,
1912 4682 2130 4738 animus

547 4780 666 4824 erat
689 4768 835 4823 illico
859 4768 927 4823 ad
974 4778 1028 4824 te
1053 4769 1319 4826 scribere.
1350 4769 1459 4825 Sed
1483 4770 1609 4842 quia
1656 4771 1959 4843 hyhernum
1987 4784 2128 4829 tem-

547 4878 652 4933 pus
682 4872 819 4928 erat,
846 4871 1226 4932 mutatamque
1260 4863 1547 4918 consilium
1586 4866 1920 4932 retrahebat,
1954 4868 2127 4924 satius

549 4956 677 5012 duxi
703 4972 810 5012 non
836 4956 946 5012 cito
970 4956 1135 5013 verba
1184 4956 1435 5014 fundere.
1472 4958 1763 5029 Postquam
1793 4977 1924 5017 vero
1946 4963 2012 5018 ad
2042 4963 2129 5017 in-

2305 4591 2422 4663 Τῆς
2450 4591 2800 4662 ἀποκρίσεως
2832 4587 3082 4658 δοθείσης
3109 4588 3244 4657 ἡμῖν
3283 4584 3436 4657 παρά
3477 4580 3575 4636 τοῦ
3624 4578 3820 4651 κυρίου

2231 4684 2504 4749 διακόνου,
2535 4684 2726 4756 γνήσιε
2774 4683 2870 4736 καὶ
2904 4677 3251 4750 πολυπόθητᾶ
3286 4694 3389 4749 μου
3414 4674 3623 4745 ἀνεψιὲ,
3656 4672 3822 4736 εὐθὺς

2231 4774 2620 4847 ηὸουλήθημεν
2650 4771 2955 4828 ἐπιστεῖλαί
2984 4788 3088 4827 σοι.
3133 4769 3290 4823 Ἐπεὶ
3313 4767 3371 4821 δὲ
3392 4763 3462 4839 ἦν
3492 4764 3686 4837 καιρὸς
3706 4780 3823 4833 χει-

2241 4869 2430 4940 μέριος
2457 4867 2555 4940 (9),
2586 4866 2683 4921 καὶ
2716 4868 2751 4938 ὴ
2786 4863 3153 4935 παλιμϐουλία
3185 4860 3570 4917 συστέλλουσα.
3612 4855 3821 4926 ἀγαθὸν

2237 4961 2570 5032 ἡγησάμεθα
2610 4959 2686 5031 μὴ
2722 4960 2861 5030 ταχυ
2909 4956 3095 5012 δοῦναι
3132 4956 3315 5025 λόγον.
3355 4953 3552 5008 Ἦνίκα
3588 4950 3646 5005 δὲ
3676 4947 3822 5021 μετά

2082 5072 2317 5130 NOTAE.

623 5169 701 5239 (6)
725 5164 824 5239 [Ως
836 5165 1392 5236 δωαμινέχώσας.
1416 5166 1654 5239 Sanctus
1678 5165 1940 5239 Paulinus
1958 5169 2124 5237 epist.

548 5236 640 5297 45.
676 5236 694 5291 ἁ
724 5236 931 5293 Panem
956 5251 1129 5291 unum
1160 5238 1457 5309 sanc_titati
1510 5248 1617 5292 tuae
1671 5238 1900 5309 unitatis
1950 5236 2127 5309 gratia

550 5313 833 5375 misimus,
865 5310 921 5364 in
957 5323 1068 5377 quo
1095 5308 1263 5362 etiam
1294 5306 1580 5363 Trinitatis
1605 5308 1858 5377 soliditas
1879 5306 2129 5364 contine-

544 5398 658 5439 tur.
691 5379 850 5437 Hunc
883 5376 1078 5451 panem
1104 5379 1384 5451 eulogialn
1433 5394 1559 5436 esse
1609 5386 1669 5451 tu
1725 5376 1907 5451 facies
1934 5379 2131 5451 digna-

549 5458 699 5510 tione
724 5447 1003 5509 sumendi.
1038 5468 1060 5502 ι
1104 5447 1317 5506 Videsis
1352 5447 1645 5521 Rosweydi
1690 5457 1853 5505 notas
1898 5450 1954 5505 iu
1988 5447 2133 5505 Pau-

550 5527 745 5582 linum.

623 5597 703 5667 (7)
770 5596 1109 5665 Νικηφόρφ.
1165 5610 1185 5643 ι
1231 5590 1630 5667 Consobrinus
1655 5590 1933 5667 Theodori
1972 5590 2135 5647 Nice-

550 5662 760 5729 phorus
780 5676 835 5723 et
857 5662 951 5722 alii
978 5662 1190 5727 amnes,
1210 5663 1356 5735 quod
1383 5679 1451 5718 ex
1471 5662 1824 5735 matrimonio
1842 5663 1980 5735 Imp.
2007 5678 2131 5718 cum

556 5735 841 5807 Theodoto
867 5738 1112 5807 ipsorum
1142 5734 1473 5804 propinqua,
1497 5735 1609 5805 jam
1642 5734 1891 5807 Augusta
1920 5734 2131 5807 ereata,

556 5805 852 5866 corradere
891 5805 1166 5883 magnum
1225 5816 1512 5879 sperarent
1570 5805 2026 5874 emolumentum,
2075 5805 2130 5862 in

2232 5165 2581 5221 Theodorum
2616 5166 2717 5222 ista
2747 5164 2903 5220 nihili
2930 5164 3246 5228 facientem,
3278 5161 3375 5219 sed
3406 5160 3819 5222 adversantem,

2232 5238 2742 5307 commovebantur.
2781 5235 3009 5307 (Baron.
3050 5234 3266 5307 795,An.
3305 5232 3424 5302 οι.)

2308 5307 2385 5378 (8)
2427 5300 2913 5385 limitem»me
2963 5300 3669 5385 appellabantur_'_pra2f.ecli
3702 5316 3822 5385 Ino:

2232 5373 2629 5443 nastériorum.
2665 5378 2939 5435 interdum
2959 5373 3124 5433 etiam
3147 5385 3204 5431 et
3230 5374 3493 5447 presides
3516 5373 3633 5440 alii,
3672 5374 3822 5430 velut

2238 5449 2293 5502 in
2320 5447 2617 5520 Justinian.
2637 5448 2771 5507 Nov.
2796 5465 2916 5520 vm,
2944 5464 3067 5520 cap.
3091 5447 3145 5502 5.

2312 5518 2392 5599 (θ)
2424 5520 2645 5589 Καιρὸς
2665 5513 3028 5599 ,χειμέριος-ί
3054 5518 3450 5599 Constantinus
3501 5513 3821 5599 Ponphyro-

2276 5585 2460 5660 enitus
2489 5585 2636 5646 anno
2663 5585 2877 5660 imperii
2912 5591 2968 5654 5,
3002 5604 3191 5644 mense
3210 5587 3494 5660 Januario,
3520 5585 3821 5660 indictione
3849 5592 3858 5599 '

2241 5605 2460 5711 genitus
2489 5606 2636 5646 anno
2663 5606 2877 5660 imperti
2912 5605 2968 5654 ο,
3002 5605 3191 5644 mense
3210 5605 3494 5653 Januario,
3521 5605 3819 5639 mmcuone

2243 5697 2264 5717 ι
2282 5703 2297 5727 ,
2333 5659 2884 5732 Mariamconjugem
2909 5660 3239 5732 repudiavit,
3241 5668 3321 5732 _et
3348 5658 3819 5732 innionasterium

2241 5732 2502 5789 detrusit.
2539 5728 2726 5787 Mense
2743 5728 2943 5787 deinde
2959 5728 3205 5802 Augusto
3239 5728 3557 5802 Theodoten
3587 5729 3819 5802 cubicu-

2242 5805 2439 5862 lariam
2472 5802 2757 5862 coronavit
2780 5799 3108 5877 Augustam,
3156 5808 3210 5859 ct
3263 5799 3548 5872 illcgitimo
3594 5800 3699 5856 sibi
3737 5814 3822 5856 co-
