4064 6372
275 343 375 409 921

1505 351 2043 417 EPISTOLA‘RUM
2078 355 2227 417 LIB.
2256 359 2306 419 Ι.

3434 374 3540 439 922

271 457 375 528 τῆς
400 457 801 531 ἐπερωτήσεως
841 460 939 516 καὶ
968 461 1039 518 τὰ
1082 464 1388 566 γράμματῗ
1416 467 1685 540 ἀπῄτουν,
1720 471 1828 524 αὐτη

1929 476 2407 546 ,ῑετι-οεειίοηθηι,
2455 481 2622 537 etiam
2678 482 2871 543 littera
2946 488 3184 559 idipsum
3234 490 3539 566 flagitantes

271 549 435 605 τοῦτο
460 550 514 605 τί
538 552 621 605 δεῖ
647 551 731 607 ἔτι
760 552 1160 625 διακρίνεσθαι,
1192 559 1289 611 καὶ
1317 552 1395 646 μῆ
1417 558 1480 613 τὸ
1510 564 1855 633 παριστάμεο

269 660 364 697 νον
396 644 667 713 ἐξειπεῖνς
697 647 921 720 Πρῶτον
947 648 1005 703 δὲ
1049 650 1226 704 ἐκεῖνο
1266 644 1400 722 ἐρῶ,
1437 652 1531 705 καί
1555 670 1622 724 με
1651 653 1853 721 δέξαιο,

268 734 595 805 τιμιώτατε,
626 738 733 802 ὃτι,
767 737 843 802 ὥς
889 741 988 793 καὶ
1019 740 1183 805 αὐτὸς
1219 736 1392 808 οἶδας,
1420 743 1624 815 πολλῆς
1654 746 1854 811 κακίας

268 828 577 899 ὑπόδειγμα
600 830 697 884 τὸν
721 831 917 888 ἑαυτοῦ
948 833 1068 904 βίον
1105 836 1544 907 παρεστησάμην
1574 840 1686 901 τοῖς
1727 838 1856 892 πολ-

266 918 401 982 λοῖς.
428 921 537 974 Καὶ
562 921 665 976 οὐκ
703 922 822 976 ἔστι
846 924 1036 995 σχεδὸν
1074 926 1249 980 εἰπεῖν
1277 927 1522 999 σφάλμα,
1552 921 1615 981 οὗ
1653 929 1728 1000 μὴ
1760 930 1853 983 καὶ

263 1008 427 1073 αὑτὸς
442 1010 556 1079 ἐγὼ
580 1011 864 1082 μετέσχον,
889 1016 983 1067 καὶ
1007 1014 1188 1079 ἀλλοις
1211 1018 1671 1089 πῳσπαρέδωκα.
1711 1018 1851 1073 Ἀλλ’

262 1100 454 1171 ἐπειδὴ
505 1102 765 1173 μανθάνω
816 1105 917 1176 τὴν
954 1105 1368 1179 φιλανθρωπίαν
1404 1108 1500 1163 τοῦ
1551 1110 1714 1177 Θεοῦ,
1754 1114 1850 1166 καὶ

258 1190 354 1244 τὸν
392 1194 498 1256 σείς
559 1192 812 1263 πυθμένα
858 1194 1060 1260 κακίας
1124 1199 1525 1270 κατενεχθέντα
1571 1202 1850 1275 ἀναρρύε-

259 1279 410 1347 σθαι,
442 1281 538 1334 καὶ
595 1282 810 1354 ὀρέγειν
870 1287 1032 1355 χεῖρα
1084 1284 1225 1358 πρὸς
1284 1288 1612 1359 μετάνοιαν
1644 1291 1847 1362 ἔφυγον

256 1374 360 1445 τὴν
390 1373 706 1442 ἀπόγνωσιν
730 1415 745 1441 ,
773 1377 868 1431 καὶ
906 1377 1065 1446 ἔδοξα
1119 1380 1320 1452 μικρόν
1356 1399 1412 1436 τι
1457 1383 1846 1457 ὑποστηρίζειν

255 1466 495 1535 ἐμαυτὸν
518 1468 658 1539 πρὸς
687 1468 748 1522 τὸ
774 1470 955 1535 εὐθές.

326 1557 426 1612 Διά
450 1558 633 1625 τοῦτο,
654 1560 731 1625 ὡς
745 1563 774 1615 ὀ
796 1561 907 1615 τῶν
938 1562 1159 1633 ἀφανῶν
1178 1564 1430 1637 γνὼστης
1452 1566 1585 1631 Θεὸς
1608 1568 1840 1624 ἐπίστα-

250 1666 369 1716 ται,
403 1651 762 1722 ἀπεσχοίνισα
797 1653 1037 1724 ἐμαυτὸν
1065 1654 1164 1710 καὶ
1197 1656 1298 1727 τῆς
1322 1658 1709 1731 συνδιατρισῆς
1727 1662 1839 1715 τῶν

1956 580 2326 638 accesserunt,
2356 573 2488 641 quid
2538 577 2773 647 amplius
2826 579 3129 637 deliberare
3153 598 3293 654 opus
3336 596 3440 652 est,
3474 602 3538 641 ac

1956 677 2067 716 non
2091 664 2273 733 potius
2300 668 2446 737 quod
2487 685 2574 725 res
2601 681 2685 725 est
2736 673 3025 741 profiteri?
3052 676 3297 731 Primum
3352 688 3536 733 autem

1957 752 2087 810 illud
2111 756 2313 824 dicam,
2352 766 2428 829 (et
2447 762 2658 819 sustine
2689 780 2795 825 me.
2828 768 3307 838 reverendissimc)
3338 786 3444 835 nlc,
3479 782 3538 825 ut

1955 844 2073 913 ipse
2117 849 2288 915 nosti,
2321 851 2616 923 singularis
2674 857 2934 925 nequitia
2978 861 3288 930 exemplum
3328 861 3382 915 ill
3424 864 3533 917 vita

1952 952 2077 992 mea
2124 940 2313 996 multis
2369 945 2684 1012 exstitisse;
2716 964 2822 1003 nec
2852 949 3022 1003 ullum
3061 950 3177 1007 fere
3206 953 3322 1007 vitii
3363 970 3535 1024 genus

1952 1040 2094 1092 esse,
2126 1030 2271 1098 quod
2304 1046 2413 1086 non
2453 1041 2510 1088 et
2563 1034 2682 1105 ipse
2720 1039 3015 1109 attigerim,
3063 1050 3119 1096 et
3152 1042 3203 1094 in
3226 1043 3357 1097 alios
3384 1046 3532 1098 deri-

1950 1117 2146 1174 varim.
2173 1119 2561 1179 Verumtamen
2586 1126 2767 1182 sciens
2809 1128 3200 1201 benignitatem
3229 1132 3341 1197 Dei.
3366 1135 3529 1191 etiam

1949 1208 2101 1265 illum
2133 1213 2227 1281 qui
2258 1213 2313 1268 in
2350 1214 2461 1270 imo
2498 1217 2756 1273 vitiorum
2796 1219 2967 1276 fundo
2993 1222 3278 1279 demersus
3297 1227 3389 1289 sit,
3421 1227 3529 1281 eri-

1947 1315 2100 1370 pere,
2128 1317 2461 1375 manumque
2487 1306 2553 1361 ad
2580 1309 2961 1377 panitentiam
2983 1314 3259 1385 porrigere
3290 1335 3305 1383 ;
3335 1318 3530 1389 despe-

1947 1392 2214 1448 rationem
2246 1395 2540 1465 declinavi,
2571 1414 2768 1471 meque
2807 1402 2989 1472 ipsum
3015 1406 3084 1461 ad
3115 1408 3249 1462 recti
3283 1411 3526 1467 studium

1943 1485 2226 1555 paululum
2248 1487 2575 1545 confirmare
2600 1491 2753 1547 visus
2782 1508 2926 1548 sum.

2004 1575 2330 1648 Propterea,
2392 1590 2452 1635 ut
2507 1583 2849 1640 occultorum
2895 1587 3149 1658 cognitor
3197 1594 3300 1650 scit
3356 1598 3523 1663 Deus,

1939 1668 2173 1724 subduxi
2201 1685 2289 1726 me
2314 1687 2345 1727 a
2376 1673 2740 1729 contubernio
2770 1678 3205 1750 propinquorum
3252 1702 3518 1751 meorum.

250 1744 537 1814 συγγενῶν
584 1761 713 1816 μου,
755 1745 853 1799 καὶ
890 1745 986 1800 τοῦ
1037 1746 1269 1818 ἐθισμοῦ
1318 1748 1429 1835 τῷν
1469 1751 1614 1805 κατὰ
1654 1751 1828 1824 σάρκα

1938 1767 1996 1816 et
2034 1776 2065 1816 a
2092 1764 2495 1820 consuetudine
2558 1767 2862 1823 amicorum
2922 1786 3170 1828 meorum
3217 1782 3521 1837 secundum

247 1835 423 1904 φίλων
456 1852 580 1906 μου,
614 1838 709 1890 καὶ
745 1838 798 1891 sf
835 1853 980 1902 τινος
1013 1840 1079 1910 δὴ
1129 1836 1227 1895 οὖν
1270 1840 1457 1907 ἄλλου,
1512 1842 1686 1913 μόνης
1729 1846 1828 1916 τῆς

1934 1863 2185 1914 carnem,
2215 1851 2555 1925 aliorumque
2592 1858 2983 1929 quorumlibet,
3013 1863 3128 1919 sola
3155 1864 3249 1921 Dei
3282 1835 3522 1937 potentia

244 1928 534 2000 δυνάμεως
572 1928 667 1983 τοῦ
705 1928 841 1983 Θεοῦ
880 1929 1284 2002 ὲπιόοηθούσης
1315 1935 1385 2006 τῇ
1422 1932 1678 2005 ἀσθενείᾳ
1722 1951 1828 2003 μου

1933 1938 2297 1995 imbecillitati
2349 1958 2487 1999 mea
2547 1944 2603 1999 in
2657 1949 2915 2005 omnibus
2970 1928 3298 2023 opitulante:
3361 1957 3519 2024 Quod

244 2022 379 2091 περὶ
430 2021 630 2076 πάντα.
680 2022 792 2076 Καὶ
834 2022 931 2076 νῦν
960 2022 988 2076 δ
1020 2022 1370 2095 ἑπεζήτησας
1405 2026 1537 2098 παρ’
1568 2026 1702 2097 ἐμοῦ
1733 2026 1828 2079 τοῦ

1930 2043 2060 2101 ergo
2086 2046 2118 2085 a
2152 2046 2240 2085 me
2262 2032 2485 2088 indocto
2520 2035 2733 2091 discere
2764 2021 3025 2108 voluisti;
3044 2042 3124 2099 sic
3169 2046 3392 2114 penitus
3417 2048 3518 2103 ha-

241 2114 497 2183 ἀμαθοῦς
525 2114 739 2186 μαθεῖν,
762 2114 936 2180 οὕτως
973 2116 1108 2187 ἔχει,
1142 2118 1218 2179 ὡς
1241 2118 1429 2189 εῐρηκέ
1458 2136 1544 2174 σοι
1569 2120 1599 2172 ό
1642 2120 1828 2191 κύριος

1931 2119 2045 2186 bet,
2072 2131 2129 2177 ut
2154 2122 2359 2179 dictum
2391 2135 2475 2183 est
2499 2143 2529 2181 a
2559 2127 2784 2186 domino
2840 2132 3093 2191 diacono.
3129 2135 3315 2208 Neque
3342 2140 3394 2195 id
3418 2157 3520 2199 nos

239 2206 512 2269 διάκονος.
548 2206 721 2260 Τοῦτο
761 2206 818 2260 δὲ
850 2208 952 2261 οὐκ
985 2208 1251 2279 ἀκρίτως,
1278 2208 1313 2282 ἢ
1337 2209 1827 2282 ἀπεφθεγξάμεθα,

240 2300 281 2370 ἠ
315 2300 413 2353 καὶ
440 2300 771 2371 ὑπέσχομεν,
798 2301 915 2354 ἀλλ’
948 2301 1009 2355 tv
1046 2303 1341 2374 ἐρευνήσει
1384 2304 1481 2357 καὶ
1525 2304 1829 2375 συζητήσει

234 2391 347 2462 τῆς
371 2392 732 2446 θεοπνεύστου
760 2392 985 2465 Γραφῆς
1012 2393 1073 2465 βε
1091 2394 1419 2459 ϐαιωθέντες
1447 2398 1544 2450 καὶ
1588 2413 1829 2468 κρατυν-

242 2484 460 2550 θέντες,
503 2486 599 2538 καὶ
625 2484 735 2555 μὴν
779 2484 918 2539 ἀλλά
951 2487 1048 2540 καὶ
1076 2485 1145 2540 δι’
1178 2488 1502 2560 ἐρωτήσεως
1535 2490 1649 2542 τῶν
1675 2491 1828 2560 ὀφει-

233 2576 464 2632 λόντων.
494 2578 603 2631 Καί
630 2594 698 2647 γε
729 2578 765 2648 ﬂ
798 2576 1032 2648 ἀλήθεια
1057 2577 1235 2643 οὕτως
1258 2578 1397 2651 ἔχει,
1429 2580 1525 2634 τοῦ
1557 2581 1703 2635 θείου
1736 2583 1825 2637 νό-

236 2685 350 2738 μου
372 2669 637 2739 ἐμφανῶς
670 2668 1132 2741 ἀπαγορεύοντος,
1160 2671 1224 2724 οὐ
1254 2672 1344 2726 διὰ
1366 2671 1460 2726 τοῦ
1495 2672 1645 2727 θείου
1676 2674 1824 2727 Παύ-

232 2760 334 2814 λου
364 2761 548 2831 μόνον,
584 2762 723 2816 ἀλλά
766 2761 863 2815 καὶ
903 2761 972 2815 δι’
994 2762 1172 2817 ἄλλων
1217 2763 1486 2834 θεολόγων
1537 2767 1820 2839 Πατάρων,

231 2853 374 2907 αὐτὸ
420 2852 583 2908 τοῦτο
624 2854 1074 2927 διευκρινοῦντων
1118 2859 1217 2912 καὶ
1292 2858 1819 2926 ἀπολευκαινόντων,

230 2944 334 2998 καὶ
393 2947 944 3017 συναποφαινομένων
1008 2951 1075 3020 τῇ
1149 2949 1482 3022 ἀποστολικῇ
1560 2951 1823 3021 ἐγκελεύ-

230 3049 346 3089 σει.
382 3036 496 3089 Καὶ
538 3035 657 3099 πῶς
685 3037 872 3091 λοιπὸν
906 3038 1121 3110 ἀλόγως
1167 3040 1559 3113 ἀδιαφορήσως
1596 3042 1692 3096 καὶ
1742 3043 1820 3115 μὴ

1933 2218 2138 2268 temere
2163 2223 2259 2268 aut
2283 2214 2696 2286 allirmavimus,
2731 2230 2829 2277 aut
2858 2223 3023 2280 locuti
3050 2241 3240 2284 sumus
3264 2248 3279 2284 :
3318 2232 3412 2286 sed
3431 2232 3519 2287 in-

1930 2303 2267 2376 vestigandis
2294 2316 2351 2362 et
2397 2312 2810 2378 perscrutandis
2857 2318 3030 2372 sacris
3059 2317 3280 2377 Litteris
3309 2324 3515 2378 confir-

1928 2395 2060 2449 mati
2090 2405 2145 2451 et
2168 2399 2531 2466 corroborati,
2565 2401 2745 2472 iisque
2790 2406 2957 2461 etiam
2994 2408 3348 2483 interrogatis
3377 2431 3556 2485 quos-

1928 2485 2317 2555 conveniebat.
2354 2487 2420 2543 Et
2450 2489 2700 2559 profecto
2721 2494 2924 2550 veritas
2960 2496 3043 2552 sic
3065 2499 3251 2568 habet,
3280 2504 3403 2576 lege
3429 2506 3516 2561 di-

1927 2572 2057 2628 vina
2088 2576 2383 2639 manifeste
2453 2590 2700 2649 vetante,
2758 2600 2872 2640 non
2913 2588 3076 2643 modo
3130 2607 3230 2661 per
3288 2572 3513 2652 beatum

1927 2662 2178 2731 Paulum,
2202 2669 2299 2724 sed
2322 2685 2421 2740 per
2449 2671 2586 2727 alios
2621 2675 2790 2729 etiam
2853 2676 3139 2752 theologos
3177 2684 3387 2752 Patres,
3418 2690 3511 2759 qui

1925 2755 2032 2813 hoc
2066 2758 2245 2830 ipsum
2281 2762 2585 2821 discutiunt
2630 2781 2696 2821 ac
2748 2767 3049 2837 declarant,
3104 2782 3161 2828 et
3211 2792 3336 2832 cum
3377 2755 3511 2850 apo-

1923 2851 2120 2909 stolico
2151 2855 2411 2912 mandato
2438 2860 2813 2916 consentiunt.
2848 2863 2916 2917 Et
2945 2880 3213 2934 quorsum
3257 2886 3358 2944 ego
3392 2890 3511 2928 am-

1923 2944 2071 3014 plius
2103 2945 2465 3006 dissimulabo
2500 2951 2839 3021 inconsulte,
2862 2972 2930 3013 ac
2966 2974 3077 3017 non
3111 2962 3296 3031 potius
3333 2974 3509 3022 retra-

1923 3034 2051 3090 ham
2073 3052 2163 3094 me
2200 3038 2404 3110 ipsum,
2456 3052 2512 3099 et
2548 3045 2858 3103 subducam
2886 3050 2955 3105 ab
2986 3051 3054 3106 iis
3099 3054 3195 3123 qui
3232 3055 3510 3117 infelicem

233 3126 447 3197 μᾶλλον
477 3127 806 3194 summa,
830 3131 932 3185 καὶ
968 3130 1311 3201 ὑπεξαγάγω
1340 3133 1537 3187 ἑαυτὸν
1565 3134 1676 3221 ἀπὸ
1704 3135 1816 3189 τῶν

1929 3128 2159 3185 animam
2179 3148 2356 3189 meam
2379 3137 2740 3207 opprimunt?
2765 3140 3043 3209 Quantum
3068 3161 3231 3218 porro
3253 3158 3334 3205 est
3354 3153 3507 3221 peri-

231 3218 591 3289 βλαπτόντων
613 3220 713 3292 τὴν
742 3220 986 3293 ὲλεεινήν
1033 3239 1135 3293 μου
1185 3200 1410 3295 ψυχήν;
1451 3224 1545 3278 καὶ
1588 3218 1702 3289 οἷος
1745 3225 1815 3279 ἂν

2415 3200 2470 3207 --
2775 3200 2812 3209 -ν
3068 3200 3127 3218 I’
3178 3200 3473 3221 ""'r"'

1929 3221 2128 3288 culum,
2158 3239 2285 3281 cum
2317 3228 2538 3285 Patrum
2569 3248 2820 3291 summus
2858 3237 3214 3309 vociferctur,
3236 3250 3291 3297 et
3321 3243 3500 3300 dicat:

227 3310 483 3376 κίνδυνος
533 3315 707 3384 παρῇ,
754 3312 852 3367 τοῦ
898 3312 1009 3369 τῶν
1061 3315 1323 3386 Πατέρων
1376 3316 1815 3387 κορυφαιοτάτου

227 3402 472 3473 βοῶντος
502 3405 598 3458 καὶ
617 3403 889 3474 λεγοντος,
913 3405 1000 3460 ὅτι
1015 3408 1030 3475 ξ
1044 3406 1172 3461 Ἐάν
1192 3408 1620 3479 τιπαρ⁹ἑντολήν
1643 3412 1813 3476 ἐστιν,

222 3496 259 3568 ῆ
298 3496 407 3570 τὴν
450 3499 672 3571 ἐντολὴν
736 3499 1132 3574 παρασλάπτῃ,
1196 3500 1454 3571 οὐδαμῶς
1521 3502 1812 3573 ἀνέχεσθαι

226 3589 339 3661 χρῆ
357 3605 372 3620 ·
410 3589 518 3645 κᾶν
553 3590 705 3661 ζωῆς
730 3591 1069 3661 ιπαγγελίαν
1102 3591 1227 3665 ἔχῃ,
1252 3592 1359 3647 κᾶν
1392 3593 1626 3649 θανάτου
1657 3595 1816 3649 ἀπει-

221 3681 367 3754 ληνς
410 3682 517 3737 Ἐῶ
539 3683 719 3752 λέγειν
738 3684 865 3738 ὃσαι
894 3684 1337 3756 παρυφίστανται
1364 3684 1462 3740 καὶ
1487 3684 1644 3740 ἀλλαι
1671 3687 1812 3759 χρή-

222 3790 371 3839 σεις,
401 3773 479 3845 μὴ
506 3775 678 3833 ἐῶσαι
706 3777 856 3848 ἡμᾶς
883 3777 1260 3847 ὲξνπάγεσθαι
1306 3778 1413 3833 κᾶν
1463 3779 1527 3833 τὸ
1572 3780 1810 3851 σμικρός

217 3882 390 3922 τατον
441 3867 573 3937 γοῦν
608 3868 717 3934 ἔξω
762 3869 864 3942 τῆς
911 3869 1138 3941 ιντολῆς
1162 3886 1179 3902 ο
1212 3870 1391 3935 άλλως
1425 3887 1489 3925 τε
1516 3872 1611 3927 καὶ
1639 3872 1807 3928 πάλιν

216 3958 609 4030 παραγγελίαν
636 3959 863 4031 ιχοντας
912 3961 1010 4016 τοῦ
1070 3961 1309 4033 μεγάλου
1361 3962 1671 4030 Βασιλείου,
1719 3964 1807 4020 ὅτι

215 4050 299 4105 δεῖ
332 4051 518 4105 πάντα
543 4052 973 4123 ἀπαραλείπτως
1010 4053 1303 4124 φυλάττειν
1332 4056 1404 4109 τὰ
1445 4055 1534 4110 διὰ
1576 4054 1673 4110 τοῦ
1700 4058 1805 4112 Εὑ-

215 4143 482 4214 αγγελίου
516 4144 754 4199 καὶτῶν
793 4145 1112 4201 ἀποστόλων
1160 4147 1266 4202 ὑπὸ
1308 4146 1405 4202 τοῦ
1451 4147 1663 4219 Κυρίου
1696 4167 1807 4203 πα-

217 4236 581 4307 ραδεδομένα.
614 4233 801 4292 Ταῦτα
827 4236 904 4302 ὡς
929 4239 1107 4307 Πατρὶ
1135 4239 1229 4294 καὶ
1259 4240 1571 4311 φιλουμένῳ
1600 4240 1801 4315 τεθάρ-

1921 3308 2130 3382 Siquid
2156 3314 2214 3370 fit
2239 3328 2442 3387 prater
2460 3322 2806 3394 mandatum,
2837 3336 2931 3382 aut
2960 3308 3216 3388 mandato
3237 3333 3501 3401 alliciens,

1917 3418 2261 3475 nequaquam
2305 3410 2592 3469 ferendum
2633 3426 2739 3486 est,
2789 3422 3039 3491 quamvis
3081 3425 3502 3493 promissionem

1916 3495 2063 3561 vita,
2091 3502 2341 3567 quamvis
2386 3505 2581 3559 mortis
2610 3508 2788 3564 minas
2837 3510 3086 3568 habeat?
3117 3513 3273 3571 Mitto
3317 3515 3505 3574 dicere

1914 3602 2077 3656 quam
2116 3591 2301 3646 multa
2330 3593 2453 3650 alia
2487 3596 2604 3651 siut
2634 3602 2951 3668 sententia,
2983 3620 3106 3675 qua
3138 3621 3242 3664 nos
3270 3609 3357 3665 vel
3392 3611 3502 3665 mi-

1912 3679 2124 3775 nimum
2151 3698 2182 3737 a
2211 3685 2469 3743 mandato
2502 3689 2788 3750 discedere
2811 3697 3131 3766 prohibent,
3159 3715 3284 3756 cum
3312 3702 3496 3775 magni

1912 3769 2111 3827 iterum
2160 3775 2342 3835 Basilii
2386 3780 2634 3838 edictum
2683 3783 2986 3845 habeamus
3030 3807 3046 3844 :
3108 3793 3253 3863 quod
3308 3769 3494 3851 omum

1912 3880 2136 3936 prorsus
2188 3885 2287 3940 per
2341 3870 2699 3946 Evangelium
2756 3886 2815 3933 ct
2862 3883 3141 3951 apostolos
3174 3899 3207 3940 a
3263 3884 3495 3943 Domino

1910 3958 2126 4026 tradita,
2152 3963 2420 4019 servanda
2453 3964 2566 4020 sint
2608 3967 2677 4022 ¹².
2705 3966 2834 4024 Bac
2866 3986 2968 4042 ego
3002 3971 3100 4027 tibi
3154 3983 3214 4029 ut
3255 3974 3399 4030 Patri
3436 3984 3495 4032 et

1906 4049 2083 4104 amico
2112 4053 2420 4121 patefacere
2454 4071 2565 4110 non
2592 4057 2858 4125 dubitavi,
2911 4063 3350 4134 quandoquidem
3388 4082 3492 4123 nos

1907 4138 1991 4212 (ut
2019 4141 2170 4196 testis
2208 4152 2293 4198 est
2317 4144 2562 4199 cordium
2605 4146 2880 4218 inspector
2925 4149 3092 4223 Deus)
3123 4169 3303 4224 neque
3352 4173 3492 4227 pra-

1903 4230 2190 4298 dicamus;
2221 4250 2331 4289 non
2370 4237 2520 4291 enim
2577 4240 3000 4309 praeminentes
3037 4259 3266 4314 sumus;
3306 4264 3487 4319 neque

214 4327 371 4396 ῥηκα
406 4326 725 4395 φανερῶσαί
758 4342 841 4381 σοι
863 4342 880 4359 ο
910 4328 1034 4382 ἐπεὶ
1074 4329 1172 4382 καὶ
1196 4329 1381 4399 ἡμεῖς,
1409 4331 1485 4394 ὡς
1531 4330 1740 4401 μάρτυς
1770 4332 1800 4385 ὀ

1929 4323 2024 4377 .dia
2072 4324 2416 4394 profitemur,
2453 4329 2548 4385 sed
2578 4339 2635 4386 et
2679 4332 3064 4403 imperatorem
3099 4337 3277 4408 ipsum
3303 4341 3484 4412 piissi-

210 4416 664 4489 καρδιογνώστης
704 4418 862 4487 Θεὸς,
908 4417 1035 4473 οὕτε
1080 4420 1432 4493 κηρύσσομεν
1481 4422 1646 4495 (οὔτε
1686 4427 1794 4496 γάρ

1929 4427 2160 4482 [rumque
2185 4430 2368 4487 regem
2411 4418 2678 4477 charitate
2721 4423 2964 4493 gerimus
2984 4426 3041 4481 in
3070 4439 3313 4498 pectore,
3351 4448 3474 4486 om-

209 4510 386 4580 ἐσμεν
431 4508 810 4583 προῦχοντες),
855 4508 983 4565 οὔτε
1021 4511 1478 4583 ἀπεχθανόμεθα’
1509 4515 1649 4570 ἀλλά
1697 4517 1828 4596 atat;

1929 4518 2105 4574 lesque
2150 4508 2414 4579 sanguine
2468 4511 2603 4566 mihi
2661 4514 3010 4584 conjunctos,
3054 4535 3181 4575 cum
3232 4537 3479 4581 necessa-

208 4604 300 4656 τὸν
378 4603 763 4676 αὐτοκράτορα
822 4605 920 4659 καὶ
968 4605 1083 4676 (10)
1133 4605 1518 4662 εὐσεϐέστατον
1567 4606 1793 4678 βασιλέα

1929 4596 2098 4653 lorum
2125 4600 2404 4658 studiosus
2433 4603 2558 4672 sim,
2595 4616 2654 4661 ut
2676 4608 2779 4677 ipsi
2803 4610 2977 4665 nostis
3003 4628 3018 4677 ;
3049 4621 3106 4668 et
3137 4617 3475 4671 mentionem

207 4694 654 4767 ἑγκαρδιωμὲνον
701 4695 901 4768 ἔχομεν
927 4699 995 4768 τῇ
1024 4698 1234 4769 ἀγάπῃ,
1270 4698 1366 4752 καὶ⁸
1397 4698 1643 4765 ἅπαντας
1666 4701 1795 4764 τοὺς

1929 4692 2009 4761 ius
2036 4691 2268 4750 facimus
2299 4695 2466 4752 etiam
2512 4697 2570 4751 in
2628 4699 2816 4755 divina
2847 4701 3086 4773 liturgia,
3154 4713 3210 4759 et
3238 4722 3339 4775 pro
3382 4708 3476 4763 illo

207 4788 498 4857 συγγενεῖς
540 4803 669 4859 μου,
704 4786 967 4857 φιλοῖδιος
1008 4788 1293 4860 ὑπάρχων,
1331 4788 1405 4854 ὡς
1439 4790 1593 4862 ὑμεῖς
1639 4792 1793 4862 γινώ-

1929 4799 2175 4841 recamur
2207 4787 2462 4857 privatim
2495 4804 2561 4845 ac
2584 4791 2820 4860 publice,
2870 4804 2925 4848 et
2946 4794 3205 4852 Ecclesia
3226 4812 3477 4855 commu-

205 4896 396 4946 σκετε,
433 4880 531 4935 καὶ
559 4883 977 4953 μνημονεύομεν
1018 4882 1190 4936 αὐτοῦ
1218 4884 1312 4937 καὶ
1337 4886 1396 4939 ἐν
1425 4887 1493 4957 τῇ
1527 4884 1653 4957 θείᾳ
1672 4886 1786 4941 λει-

1929 4877 2068 4935 ionis
2100 4881 2396 4952 participes
2446 4899 2640 4940 sumus
2680 4905 2695 4942 :
2748 4887 3002 4958 absitque
3037 4900 3098 4946 ut
3147 4892 3216 4947 ab
3262 4911 3325 4949 ea
3367 4912 3475 4951 un-

200 4968 462 5041 τουργίᾳ,
510 4971 608 5024 καὶ
639 4969 989 5041 ὲπευχόμεθα
1020 4970 1128 5042 ίδίᾳ
1164 4986 1224 5023 τε
1267 4970 1364 5024 καὶ
1390 4970 1645 5044 δημοσίᾳ.
1676 4973 1786 5026 Καὶ

1930 4987 2052 5026 llam
2095 4988 2438 5044 separemur.
2482 4976 2762 5049 Ignoscite
2828 4981 2963 5036 mihi
3013 4983 3112 5038 soli
3172 4988 3470 5055 peccatori.

198 5062 298 5130 τῆς
341 5061 676 5131 Ἑκκλησίας
715 5063 1020 5116 κοινωνικοί
1059 5065 1248 5141 ἐσμεν.
1276 5064 1385 5117 Καὶ
1426 5064 1502 5133 μὴ
1528 5065 1614 5136 εῖη
1646 5067 1781 5136 ἡμῖν

1929 5064 2071 5135 ’01θεί
2100 5066 2247 5122 hunc
2280 5067 2413 5122 mihi
2444 5069 2726 5141 angulum,
2756 5081 2818 5127 ut
2838 5072 3064 5129 deﬂeam
3089 5088 3307 5145 peccata
3325 5094 3469 5144 mea,

198 5171 332 5207 ποτε
376 5154 758 5227 διασχισθῆναι
790 5154 886 5209 ἀπ’
912 5155 1104 5227 αὐτῆς.
1142 5156 1547 5228 Συγχωρήσατέ
1581 5174 1671 5227 μοι
1700 5156 1778 5228 τῷ

1929 5164 2039 5212 tne
2087 5158 2321 5214 miscear
2348 5175 2475 5216 cum
2501 5162 2729 5218 mundo.
2762 5163 3051 5230 Quodnam
3104 5168 3209 5224 hoc
3258 5170 3468 5227 crimen

199 5248 351 5316 μόνῳ
394 5246 742 5318 ἀμαρτωλιῖν
779 5247 1007 5320 εἱλόμην
1050 5247 1321 5319 θρηνῆσαι
1366 5248 1467 5314 τὰς
1503 5249 1780 5319 ἁμαρτίας

1929 5249 2015 5306 st?
2047 5248 2303 5309 Concede
2333 5254 2442 5312 hoc
2490 5255 2652 5324 mihi,
2696 5257 3055 5316 dilectissime
3112 5263 3464 5329 consobrina,

269 5406 314 5436 ι’
342 5406 537 5461 Moral.
570 5406 773 5480 Regula
791 5426 885 5474 xu.
910 5424 1032 5481 cap.
1062 5409 1117 5465 3.

1721 5550 1957 5609 NOTE.

193 5658 1370 5758 25’}ff.‘.£-l“:"iﬂ£"‘8:.ﬁi’3§2.f'EEE‘Ji'H
1423 5660 1756 5758 ii‘fl’fmb'ir

1937 5664 2545 5758 ς-ίρλεύσεξϐἐστατονς
2580 5672 2886 5758 βασιλέας.
2937 5673 3152 5744 Scripta
3205 5685 3288 5732 cst
3328 5677 3455 5758 hac

194 5730 1649 5827 ινιιξειίοηεβν.τετίῆ,θεὲΡὲιωῆίὶίε,εξι.πεει-ξι,ιὶξιίθε
1701 5730 1754 5793 επ
1863 5730 2280 5827 alariae“?
2309 5752 2437 5796 ante
2462 5730 2701 5825 βτίιιὲυηι
2728 5745 3006 5827 ειξίιίυεην
3041 5730 3173 5803 έυω
3197 5730 3441 5806 nonduin

188 5802 241 5855 δ.
271 5799 565 5859 Mamanlis
589 5802 792 5873 templo
820 5803 1107 5860 celebrata
1135 5798 1288 5860 sunt.
1324 5798 1613 5876 (Τηεοιιὶι.)
1861 5798 1924 5863 se
1948 5798 2296 5879 imperatoris
2325 5798 2715 5871 communione
2739 5798 3098 5886 seiunsisset;
