4064 6372
605 336 726 403 ’923
1817 344 1878 404 8.
1907 345 2200 407 THEODC

2335 347 2693 410 STUDITIE
3737 350 3816 415 924

615 460 773 523 potes
793 452 960 518 enim,
993 461 1077 509 sat
1121 453 1256 520 scio,
1289 453 1590 524 utquietus
1633 453 1724 510 hic
1757 470 1938 526 agam,
1972 455 2043 512 ab
2069 472 2193 512 om-

2305 479 2406 532 μου
2438 464 2498 516 ὲν
2534 463 2602 533 τῇ
2636 460 2814 532 γωνίᾳ
2841 459 3034 532 ταύτῃ,
3070 456 3167 513 καὶ
3220 457 3300 529 μὴ
3343 457 3696 531 συμφῦρεσθαι
3729 465 3819 528 τοῖς

605 545 786 612 nibus,
835 545 1017 616 quoad
1079 544 1228 612 licet,
1289 555 1654 618 segregatus:
1705 554 1762 601 et
1799 547 1914 604 acri
1969 548 2198 605 solertia

2303 555 2364 608 ὲν
2389 553 2606 626 κόσμῳ.
2640 553 2707 607 Τί
2751 551 2909 606 τοῦτο
2955 553 3250 623 ἔγκλημας
3303 549 3516 622 χάρισαί
3559 569 3640 623 μοι
3673 553 3814 620 τοῦτο,

604 646 695 691 tua
737 636 956 707 obliqua
1010 635 1202 708 dirige,
1250 645 1306 692 et
1341 651 1538 706 aspera
1587 637 1894 708 complana,
1917 639 2192 710 pacisque

2303 641 2650 695 ποθεινότατε
2699 639 2909 711 ἀνεψιέ·
2962 637 3082 694 οἶδα
3135 641 3245 710 γὰρ
3293 639 3374 694 δτι
3423 639 3515 692 καὶ
3559 639 3708 712 δύνηο
3744 645 3816 695 καὶ

603 735 805 781 nostra!
833 726 1151 783 conciliator
1203 735 1342 791 esto,
1390 734 1448 781 et
1497 727 1698 796 quietis
1749 729 1987 799 adiutor,
2027 740 2090 786 ut
2144 732 2191 794 si

2303 734 2532 804 ἠρεμεῖν
2561 731 2822 797 ἐνταῦθα,
2865 733 2960 786 καὶ
2998 731 3418 787 ἀποδιίστασθαι
3465 731 3651 797 παντὸς
3686 735 3814 804 τυχδν

603 818 734 886 quid
779 818 906 874 hinc
945 819 1104 874 nobis
1141 816 1419 872 commodi
1460 827 1663 886 exstet,
1710 819 1860 890 juste
1913 829 2078 892 atque
2124 838 2194 878 ex

2303 822 2586 894 ἀνθρώπου
2607 840 2623 856 ο
2652 823 2747 877 καὶ
2775 813 2843 894 τῇ
2887 823 3121 894 ὲμμελεϊ
3147 821 3400 894 ἀγχινοίᾳ
3451 839 3540 875 σου
3571 823 3633 877 τὰ
3668 823 3817 878 σκολιά

605 909 818 964 ratione
846 909 1216 980 dispensetur.

2303 913 2531 984 ποίησον
2569 915 2693 969 λεῖα
2717 932 2732 946 ο
2755 916 2848 968 καὶ
2876 916 2944 967 τὰ
2973 930 3318 985 τραχυνοντα
3355 913 3710 985 καθομάλισον.
3731 915 3816 968 Kal

604 997 765 1067 γενοῦ
811 999 906 1053 τοῦ
937 999 1213 1071 εἰρηνικοῦ
1244 997 1403 1071 ἡμῶν
1434 999 1764 1074 βραϐευτὴς,
1827 1003 1924 1058 καλ¹
1993 1005 2095 1077 τῆς
2149 1005 2384 1077 ἡσυχίας
2447 1007 2850 1080 συνασπιιιυιιὴς⁸
2883 1007 2972 1062 ἵνα
3001 1007 3049 1060 εί
3081 1007 3176 1062 καί
3205 1024 3258 1060 τι
3288 1007 3420 1078 ἡμῖν
3441 1007 3579 1061 ἐστιν
3607 1007 3660 1060 ὲν
3681 1005 3815 1078 τούτῳ

604 1090 897 1163 χρήσιμον,
936 1090 1190 1164 διαιτὴσῃ
1221 1091 1449 1156 δικαίως
1479 1093 1574 1146 καὶ
1602 1094 1744 1148 κατά
1766 1093 1943 1165 λόγον.

993 1205 1059 1262 ν.
1092 1237 1162 1247 --
1188 1206 1459 1278 Stephano
1491 1225 1524 1262 a
1555 1211 1792 1265 secretis.

2635 1215 2713 1271 ιε’.
2751 1245 2823 1254 -
2857 1197 3140 1284 Στεφάνῳ
3175 1213 3522 1284 ἀσηκρῆτις.

623 1389 626 1392 .
727 1347 904 1398 Sacros
925 1344 1077 1395 etiam
1099 1342 1371 1403 antistites,
1403 1357 1514 1393 cum
1545 1350 1772 1408 peccant,
1795 1347 1892 1396 rite
1918 1345 1981 1396 ab
2000 1346 2130 1410 aliis,
2149 1347 2269 1400 licet
2285 1349 2442 1414 gradu
2461 1348 2777 1401 inferioribus
2807 1350 3079 1400 admoneri.
3110 1349 3311 1412 (Baron.
3327 1363 3409 1400 an.
3435 1349 3539 1410 795,
3567 1363 3614 1400 ιι.
3629 1350 3717 1414 6!.)

676 1452 948 1508 Hesterno
972 1451 1060 1505 die
1087 1465 1212 1504 cum
1260 1448 1494 1518 gloriosa
1525 1451 1817 1519 prmsentia
1849 1461 1939 1507 tua
1971 1453 2186 1510 fruere-

605 1563 748 1612 mur,
785 1554 907 1616 post
934 1545 1038 1598 alia
1077 1544 1325 1613 quaedam
1376 1542 1669 1612 colloquia,
1724 1560 1960 1614 quorum
2018 1563 2215 1604 causa.

606 1642 716 1696 huc
736 1653 986 1704 veneras,
1024 1639 1345 1694 devenimus
1387 1640 1602 1694 tandem
1633 1639 1700 1695 ad
1731 1639 2189 1712 Scripturaqute-
2215 1671 2223 1694 ι

606 1735 833 1797 stiones,
873 1741 930 1787 et
970 1732 1026 1786 in
1072 1731 1324 1804 ambigua
1376 1733 1648 1787 haerentes
1698 1732 2092 1802 disputatione,
2131 1749 2191 1790 re

607 1824 831 1887 iniecta.
870 1823 1097 1894 digressi
1137 1839 1346 1880 sumus.
1403 1822 1470 1878 Et
1508 1839 1610 1879 nos
1655 1823 1899 1894 quidem,
1946 1825 2188 1893 domine,

2377 1457 2562 1528 Ἐντῇ
2591 1455 2720 1528 χθὲς
2741 1456 2948 1529 ἡμέρᾳ,
2975 1456 3163 1528 ἐπειδὴ
3191 1455 3292 1527 τῆς
3323 1455 3568 1520 εὐκλεοῦς
3597 1474 3678 1511 σου
3702 1476 3814 1532 παρ-

2293 1548 2482 1612 ουσίας
2539 1550 2600 1601 ὲν
2643 1547 2862 1619 μεθέξει
2909 1549 3236 1620 γεγόναμεν,
3294 1547 3434 1618 μετά
3490 1563 3632 1613 τινας
3686 1551 3816 1616 ἄλλας

2295 1639 2614 1708 ὀμιλίας,δι⁹
2643 1639 2709 1704 δις
2731 1641 2825 1694 καὶ
2841 1641 2868 1694 6
2893 1635 3097 1711 τρόπος
3123 1639 3222 1710 τῆς
3245 1637 3480 1694 ἐνταῦθά
3499 1655 3586 1692 σου
3606 1641 3812 1710 ἀφίξεως,

2295 1731 2377 1794 είς
2422 1729 2578 1800 λόγον
2617 1747 2735 1796 πως
2773 1729 3119 1804 ἐληλύθαμεν
3154 1730 3454 1802 Γραφικῶν
3505 1732 3812 1802 ζητημάτων

2297 1823 2392 1876 καὶ
2421 1822 2480 1875 ὲν
2511 1821 2816 1894 ἀμφιϐολίᾳ
2841 1821 3010 1893 πολλῇ
3041 1820 3418 1892 συσχεθέντες,
3441 1821 3695 1886 ἀπιθάνως
3709 1823 3815 1894 πρὸς

608 1917 774 1971 rudes
795 1924 850 1971 et
871 1915 1070 1988 ignari,
1109 1915 1390 1985 sapientiae
1428 1921 1535 1970 tua:
1551 1915 1775 1970 minime
1799 1929 1956 1985 pares
1977 1929 2190 1971 sumus.

2303 1913 2468 1966 ταῦτα
2509 1913 2802 1984 διέστημεν
2853 1912 2950 1967 ἀπ’
3001 1911 3247 1984 ἀλλήλων
3270 1927 3288 1944 ο
3333 1911 3429 1965 καὶ
3468 1912 3620 1982 ἡμεῖς
3660 1913 3756 1982 μιν,
3780 1906 3814 1965 ὧ

613 2011 698 2066 Ne
730 2020 910 2066 tamen
957 2025 1153 2064 eorum
1185 2025 1307 2080 quae
1361 2007 1467 2063 dici
1513 2008 1716 2063 debent
1762 2009 1980 2064 silentio
2028 2011 2192 2066 nobis

613 2100 880 2171 judicium
907 2115 1284 2163 accersamus;
1312 2101 1513 2155 etenim
1541 2101 1840 2172 Arguendo,
1870 2103 1966 2166 ait,
1999 2119 2191 2176 argues

608 2193 908 2261 proximum
955 2199 1144 2256 tuum,
1184 2199 1231 2245 et
1263 2203 1364 2244 non
1405 2191 1620 2245 habebis
1668 2207 1826 2262 super
1859 2191 1952 2245 illo
2003 2207 2192 2260 pecca-

609 2283 810 2348 tum",
856 2282 1112 2336 maxime
1141 2298 1265 2337 cum
1319 2283 1622 2352 sapientem
1663 2292 1954 2355 arguentes
2018 2283 2194 2356 magis

607 2374 937 2446 diligamur:
971 2374 1346 2436 necessarium
1397 2374 1653 2430 duximus
1703 2376 2063 2446 congruentia
2097 2375 2194 2431 tibi

608 2479 1063 2522 commemorare.
1112 2463 1215 2530 Tu,
1241 2466 1462 2521 domine
1504 2467 1600 2532 mi,
1639 2476 1698 2522 ut
1747 2469 2077 2538 compendio
2111 2469 2194 2524 di-

610 2572 756 2620 cam,
787 2557 1246 2629 interrogationes
1277 2561 1478 2615 multas
1508 2560 2014 2631 responsionesque
2052 2577 2192 2630 praes

610 2648 822 2714 cidens,
875 2649 994 2704 haec
1025 2648 1209 2704 dixisti
1256 2665 1271 2702 :
1319 2649 1441 2702 Non
1502 2649 1703 2703 debere
1749 2649 2049 2704 antistitem
2102 2649 2195 2719 qui

611 2741 762 2812 gregi
795 2740 1002 2810 praesit,
1051 2749 1203 2794 extra
1239 2739 1376 2794 iidei'
1419 2755 1662 2801 causam,
1721 2739 1764 2795 si
1797 2740 1926 2810 quid
1985 2739 2043 2794 in
2074 2740 2194 2796 aliis

613 2832 830 2888 Domini
881 2831 1154 2886 mandatis
1206 2831 1292 2886 vel
1333 2831 1670 2902 imprudens,
1721 2833 1806 2886 vel
1856 2848 1954 2886 sua
2005 2843 2197 2902 sponte

613 2923 780 2980 faciat
807 2922 951 2992 quod
988 2922 1214 2977 vetitum
1271 2922 1362 2986 sit,
1413 2927 1481 2977 ab
1522 2923 1632 2977 ullo
1681 2923 2002 2979 admoneri:
2036 2925 2196 2979 nobis

612 3023 807 3070 contra
859 3013 1274 3081 allirmantibus,
1338 3014 1562 3069 omnino
1615 3015 1837 3080 debere,
1891 3015 1986 3070 sed
2031 3016 2100 3071 ab
2131 3016 2198 3072 iis

611 3105 708 3177 qui
741 3106 888 3160 inter
916 3105 1054 3160 alios
1093 3105 1322 3160 scientia
1352 3115 1409 3160 et
1453 3103 1745 3176 prudentia
1783 3106 2046 3161 eminent.
2079 3106 2198 3162 Un-

613 3198 810 3254 denam
840 3213 971 3252 vero
992 3197 1124 3252 dicti
1151 3197 1317 3268 hujus
1342 3197 1736 3253 absurditatem
1765 3197 1863 3253 tibi
1893 3215 2003 3253 non
2020 3207 2199 3254 osten-

2291 2005 2526 2059 δέσποτα
2554 2045 2569 2070 ,
2613 2003 2989 2070 ίδιωτίζοντες,
3016 2003 3081 2058 οὐ
3099 2004 3333 2066 πάντως
3366 2005 3505 2057 κατά
3529 2003 3624 2073 τὴν
3648 2001 3812 2074 παροῦ-

2293 2093 2396 2147 σάν
2432 2109 2528 2147 σου
2566 2093 2767 2163 σοφίαν
2817 2093 3228 2163 ὑπαντήσομεν.
3258 2092 3378 2145 ’ἶνα
3403 2091 3458 2145 δὲ
3488 2091 3560 2163 μὴ
3581 2094 3638 2162 τῇ
3662 2093 3815 2161 tensu-

2293 2187 2448 2258 χάσει
2503 2185 2614 2241 τῶν
2675 2185 3062 2256 ὀφειλομένων
3087 2183 3395 2255 λαληθῆναι
3444 2186 3606 2254 κρῖμα
3646 2184 3814 2246 ἑαυτοῖς

2292 2278 2692 2348 ἀπενέγκοιμεν
2730 2276 3029 2349 (Ἔλεγμῷ
3081 2275 3213 2346 γὰρ,
3255 2276 3442 2347 φησὶν,
3473 2273 3712 2345 ἐλέγξας
3733 2273 3814 2327 τὸν

2293 2370 2564 2438 πλησίον
2625 2383 2765 2434 σου,
2816 2369 2917 2423 καὶ
2977 2369 3050 2423 οὐ
3113 2367 3291 2438 λήψῃ
3355 2368 3430 2422 δι’
3474 2367 3643 2422 αὐτὸν
3667 2367 3812 2434 ἀμαρ-

2294 2463 2484 2529 tlar),
2523 2463 2698 2526 ἄλλως
2745 2479 2805 2516 τε
2850 2463 2934 2516 ὅτι
2979 2462 3075 2515 καὶ
3123 2460 3288 2530 σοφὸν
3301 2460 3619 2530 ’ἐλέγχοντες
3655 2457 3812 2528 μᾶλλον

2295 2556 2789 2627 ἀγαπηθησόμεθα,
2849 2555 3152 2624 ἀναγκαῖον
3186 2555 3448 2626 ᾠήθημεν
3480 2549 3814 2623 προσφωνῆσαί

2297 2663 2381 2702 σοι
2417 2648 2488 2702 τὰ
2541 2647 2926 2702 ἐπιϐάλλοντα.
2973 2648 3036 2700 '0
3073 2645 3269 2718 κύριός
3316 2663 3437 2716 μου,
3465 2645 3548 2700 ἵνα
3590 2641 3814 2711 συντόμως

2296 2739 2428 2812 ἀρῶ,
2464 2738 2566 2803 τάς
2609 2738 2812 2802 πολλὰς
2855 2737 3080 2801 πεύσεις
3139 2739 3234 2792 καὶ
3283 2736 3618 2808 ἀντιρρήσεις
3660 2735 3841 2788 ἐπισυ-⁸

2299 2832 2566 2897 στέλλων,
2598 2831 2835 2904 έφησθα,
2865 2830 2942 2894 ὡς
2964 2831 3027 2884 οὐ
3060 2830 3167 2902 χρὴ
3196 2829 3288 2883 τδν
3316 2826 3812 2900 προεστῶταποιμινο

2297 2927 2495 2998 ἀρχην,
2525 2926 2660 2997 ἄτερ
2704 2925 2964 2991 πίστεως,
2999 2923 3095 2977 ἐπὶ
3124 2925 3248 2987 ταῖς
3300 2922 3486 2985 ἄλλαις
3513 2919 3723 2982 ἐντολαῖς
3742 2914 3814 2970 τοῦ

2299 3017 2531 3088 Κυρίου,
2565 3015 2708 3070 κατά
2741 3012 2971 3084 ἄγνοιαν
3007 3015 3043 3085 ἡ
3087 3013 3336 3068 ἐθελοντὶ
3361 3011 3649 3083 πράττοπά
3669 3025 3712 3062 τι
3733 3004 3815 3061 τῶν

2299 3103 2942 3180 ἀπηγορευμένων,πρός
2971 3120 3118 3166 τινος
3149 3100 3666 3175 ῦπομιμνὴσκεσθαι,
3691 3095 3815 3168 ἡμῶν

2303 3199 2592 3269 λεγόντων,
2634 3199 2717 3252 ὅτι
2763 3197 2861 3253 καὶ
2905 3197 3081 3268 μάλαο
3103 3197 3220 3252 ἀλλ’
3249 3196 3360 3251 ὑπὸ
3392 3195 3498 3250 τῶν
3523 3193 3810 3267 προεχόντων

613 3288 852 3346 demus?
901 3288 1144 3344 Primum
1199 3289 1420 3359 quidem
1448 3281 1530 3344 ex
1577 3287 1760 3344 Veteri
1811 3287 2191 3346 Testamento.

2303 3293 2362 3347 ὲν
2389 3290 2591 3361 γνώσει
2621 3291 2718 3345 καὶ
2751 3292 2967 3344 συνέσει
2996 3287 3153 3361 παρὰ
3186 3290 3321 3354 τοὺς
3351 3289 3559 3353 ἄλλους.
3591 3288 3687 3341 Καὶ
3711 3283 3817 3355 πρὸς

607 3381 754 3448 "Quid
775 3382 920 3437 enim
955 3382 1022 3437 de
1053 3381 1275 3437 Daniele
1307 3379 1506 3439 Censes
1530 3382 1560 3436 ἲ
1590 3381 1969 3446 An‘seniores,
2005 3397 2198 3452 quam-

615 3473 699 3529 vis
725 3487 788 3527 ea
815 3473 1056 3528 nondum
1086 3481 1249 3527 aetate
1278 3481 1400 3542 quae
1437 3467 1730 3544 legitimam
1756 3474 2011 3544 loquendi
2029 3475 2197 3529 liber-

615 3572 785 3620 tatem
833 3563 1005 3630 daret,
1045 3563 1102 3616 in
1149 3563 1352 3618 divina:
1419 3561 1690 3619 Susanna:
1739 3565 2199 3620 condemnatione

617 3655 1068 3727 praevaricantes,
1094 3670 1201 3709 non
1238 3655 1414 3710 solum
1445 3656 1768 3720 admonens,
1818 3672 2010 3711 verum
2032 3658 2198 3712 etiam

617 3747 1010 3811 condemnatis,
1045 3746 1298 3802 laudatus
1332 3755 1434 3811 est,
1467 3761 1536 3801 an
1566 3739 1678 3802 non
1706 3747 1792 3800 ⁸δῖ
1841 3746 2045 3803 Deinde
2083 3763 2194 3801 non

615 3838 1005 3894 animadvertis
1040 3835 1178 3894 ποθι)
1208 3837 1263 3893 in
1295 3838 1483 3910 populi
1509 3839 1954 3904 enumeratione,
1989 3849 2116 3894 "cum
2141 3837 2202 3892 in

617 3931 714 3990 Dei
747 3921 1106 3989 tentationem
1141 3948 1229 3990 res
1269 3935 1540 4006 vergeret,
1591 3931 2012 4003 supplicantem,
2045 3930 2202 3984 obte-

617 4037 878 4092 stantem,
911 4026 1268 4097 persuadere
1297 4027 1486 4082 divino
1541 4023 1728 4080 Davidi
1782 4032 2094 4088 conantem,
2128 4036 2208 4077 ne

618 4119 672 4175 id
703 4117 983 4176 faciat“?
1019 4127 1148 4174 nota
1201 4119 1351 4174 enim
1407 4119 1506 4173 tibi
1547 4128 1630 4173 est
1656 4115 1907 4173 historia.
1942 4113 2026 4170 Me
2065 4128 2201 4171 vero

617 4221 800 4266 movet
822 4219 878 4265 et
903 4210 1095 4266 Jethro
1133 4226 1393 4281 magnum
1431 4205 1620 4264 Mosen
1647 4210 1975 4272 admonens,
2021 4214 2078 4262 et
2099 4221 2201 4262 ex-

617 4304 845 4359 hortans
872 4318 984 4358 non
1017 4303 1097 4359 sic
1123 4319 1311 4376 regere
1334 4303 1618 4373 p0pulutn,
1671 4301 2064 4370 hominemque
2095 4315 2198 4354 ru-

617 4395 878 4450 dimentis
905 4393 1307 4464 quodammodo
1347 4394 1661 4457 instituens,
1695 4393 2104 4461 'traducensque
2133 4383 2208 4447 ad~

619 4488 910 4546 consilium
939 4503 1119 4543 suum.
1151 4487 1218 4542 Et
1247 4489 1498 4558 quisnam
1523 4486 1684 4557 ipse?
1716 4485 2056 4557 Alienigena,
2091 4484 2199 4540 etsi

2298 3381 2457 3436 τοῦτο
2502 3380 2700 3435 ὁπόθεν
2779 3380 2878 3435 καὶ
2924 3379 3501 3452 οὐιπαραστησδμεθά
3545 3393 3622 3432 σοι
3649 3377 3702 3430 τὸ
3743 3371 3816 3427 τοῦ

2299 3473 2460 3543 λόγου
2489 3473 2718 3541 drmit;
2745 3473 2968 3545 Πρῶτον
2983 3472 3082 3544 μὲν
3111 3472 3221 3528 ἀπὸ
3253 3472 3361 3543 τῆς
3394 3472 3623 3534 Παλαιάς
3659 3466 3815 3536 Διαοὴ-

2301 3580 2424 3638 κης.
2457 3566 2524 3620 Τί
2553 3566 2664 3638 γάρ
2697 3583 2782 3620 σοι
2807 3565 3039 3620 δοκεῖτὸ
3066 3564 3168 3619 τοῦ
3195 3565 3434 3638 Δανιήλ;’
3463 3559 3567 3636 ἆρα
3595 3563 3702 3624 τοὺς
3717 3573 3817 3629 πρι-

2303 3658 2620 3733 σδυτέρους,
2651 3661 2854 3732 καίπερ
2885 3658 2960 3713 ὣν
2979 3659 3040 3713 οὐ
3073 3656 3170 3712 τοῦ
3203 3657 3433 3729 ἐννόμου
3461 3652 3739 3726 καιροῦτῆς
3757 3648 3818 3709 εις

2300 3755 2361 3809 τδ
2389 3753 2570 3823 λέγειν
2590 3755 2686 3807 καὶ
2711 3750 3189 3825 παρρησιάζεσθαι
3227 3750 3467 3822 ἡλικίας,
3485 3740 3818 3818 ’παρανομοῦν-

2301 3863 2404 3910 τας
2453 3846 2594 3918 πρδς
2633 3845 2738 3916 τὴν
2773 3845 2894 3916 τῆςε
2934 3843 3086 3908 θείας
3113 3843 3413 3914 Σωσάννης
3445 3839 3731 3905 καταδίκην,
3753 3834 3820 3886 ts-

2300 3937 2467 4010 ῃνέθη
2489 3937 2550 3990 οῦ
2582 3936 2741 4007 μόνον
2761 3936 3214 4008 ὑπομιμνήσκων,
3233 3933 3372 3988 ἀλλά
3395 3933 3488 3988 καὶ
3513 3926 3817 3998 κατακρίνειν*

2300 4031 2388 4086 ναὶ
2415 4030 2448 4101 ἡ
2478 4028 2539 4084 οῦ
2560 4046 2576 4093 ;
2595 4023 2744 4084 Εἶτα
2817 4027 2880 4082 οὐ
2928 4027 3060 4102 δέχῃ
3111 4027 3206 4080 τὸν
3251 4025 3412 4080 ἰωὰσ
3461 4027 3520 4078 ἐν
3561 4023 3622 4092 τῇ
3665 4018 3819 4084 ἀπαρι-

2302 4121 2502 4193 θμήσει
2569 4113 2666 4174 τοῦ
2707 4119 2860 4184 λαοῦ,
2918 4117 3069 4182 ὄντος
3113 4117 3212 4171 τοῦ
3245 4117 3522 4188 δράματος
3545 4113 3622 4175 εις
3661 4117 3820 4174 παρορ-

2301 4212 2502 4286 γισμὸν
2526 4211 2686 4280 Θεοῦ,
2737 4210 3146 4275 ἀντιϐολοῦντα,
3193 4205 3606 4280 ἑκλιπᾱροῦντα,
3643 4194 3820 4254 ἀνσηὲ-

2303 4305 2417 4360 θειν
2455 4301 2802 4377 πειρώμενον
2835 4303 2935 4357 τδν
2979 4301 3125 4358 θεῖον
3170 4300 3360 4364 Δαϐὶδ,
3397 4299 3472 4370 μὴ
3509 4295 3656 4350 τοῦτο
3688 4288 3818 4360 δρᾷπ

2301 4394 2460 4454 οἶσθα
2479 4397 2590 4470 γὰρ
2616 4398 2717 4468 τὴν
2747 4394 3193 4468 ἱστορίανμἚμὶ
3221 4394 3279 4448 δὶ
3304 4392 3542 4448 δυσωπεῖ
3569 4387 3655 4442 καὶ
3692 4378 3820 4470 Ἰρθδρ

2302 4487 2741 4558 ὑπομιμνήσκων
2773 4485 2868 4539 τὸν
2896 4485 3072 4556 μέγαν
3094 4485 3325 4554 Μωσὴν,
3359 4482 3454 4536 καὶ
3487 4469 3822 4546 παρεγγυώμ-

620 4595 796 4637 socer.
831 4579 932 4636 Cui
955 4579 1186 4650 loquens
1209 4580 1234 4633 ?
1261 4579 1322 4634 Ei
1351 4579 1443 4650 qui
1483 4579 1666 4634 omnia
1700 4593 1765 4633 ex
1795 4577 1982 4646 divina,
2034 4592 2196 4633 reve-

2303 4597 2394 4642 νος
2418 4577 2493 4650 μὴ
2517 4577 2662 4632 οὕτω
2688 4575 2958 4645 διεξάγειν
2991 4575 3082 4630 τὸν
3117 4575 3264 4639 λαὸν,
3279 4574 3375 4628 καὶ
3399 4570 3560 4632 οἱονεὶ
3577 4559 3818 4670 στοιχειιιῖινζ

620 4669 823 4726 latione
869 4647 1063 4744 agebat
1088 4671 1151 4726 “.
1195 4647 1385 4741 Atque-
1427 4669 1543 4726 hazc
1590 4669 1808 4739 quidem
1860 4667 2072 4738 paucis,
2127 4683 2200 4743 ne

2310 4647 2431 4726 ml-
2450 4647 2588 4742 πρὸς
2632 4668 2734 4737 τὴν
2777 4669 2986 4722 οίκείαν
3017 4667 3212 4739 βουλὴν
3260 4659 3713 4737 μεταρρυθμίζων.
3739 4647 3823 4744 im

620 4763 896 4834 longiores
921 4764 1112 4818 simus.
1147 4759 1567 4817 Transeunddm
1599 4769 1681 4816 est
1713 4759 1782 4815 ad
1819 4758 2056 4814 Novum.
2087 4759 2202 4814 Be-

622 4867 934 4915 vereamur,
965 4853 1010 4908 si
1047 4855 1242 4924 placet,
1273 4852 1680 4926 gloriosissime,
1719 4851 2006 4908 clarissimi
2054 4852 2204 4908 orbis

625 4951 785 4998 terra:
810 4945 1075 5013 praeconis
1103 4945 1341 5000 edictum
1366 4961 1380 4999 ε
1405 4943 1462 4998 Si
1495 4951 1753 5012 postremo
1774 4941 2059 4997 revelatum
2086 4943 2204 5014 fue-

626 5033 716 5099 rit,
741 5034 946 5103 primus
968 5035 1123 5088 sileat
1161 5036 1226 5090 ".
1261 5033 1402 5102 Non,
1443 5035 1586 5090 sicut
1613 5033 1820 5104 objicit
1851 5034 2050 5090 caritas
2089 5043 2203 5099 tua,

624 5125 696 5180 de
721 5125 827 5180 ﬁde
856 5126 988 5180 sola.
1024 5126 1110 5193 Et,
1167 5127 1312 5197 quod
1359 5141 1448 5182 me
1495 5126 1894 5198 propemodum
1933 5126 2197 5198 fugiebat,

627 5233 858 5289 magnus
896 5233 1074 5290 praeco
1123 5221 1368 5277 veritatis
1415 5218 1658 5275 Joannes
1687 5220 1961 5275 Herodem
2011 5235 2202 5290 reprc-

2309 4762 2394 4826 τίς
2414 4741 2528 4828 ὢνς
2575 4759 2922 4832 ’Δλλογενὴς,
2940 4759 2991 4813 εί
3016 4757 3114 4814 καὶ
3145 4757 3439 4830 κηδεστής.
3479 4752 3582 4808 Καὶ
3599 4741 3822 4814 τίνιφῶνὶ

2310 4853 2404 4925 Τῷ
2428 4854 2606 4908 πάντα
2645 4852 2789 4907 κατά
2839 4850 3190 4920 ἀποκάλυψιν
3240 4848 3381 4905 Θεοῦ
3415 4835 3821 4915 διαπραττομὲαφ·

2311 4945 2424 5001 Καὶ
2467 4944 2641 4999 ταῦτα
2681 4944 2783 5015 μὲν
2831 4944 2920 4999 επ*
2947 4943 3156 5012 ὀλίγον’
3189 4943 3281 4998 ῐνα
3330 4939 3407 5013 μὴ
3447 4927 3824 5015 μακρηγορήσυξ·
3924 4967 3931 4975 -

2316 5055 2437 5110 μεν.
2465 5012 2815 5092 Μετιτέονδδ
2839 5036 2933 5091 ἐπὶ
2965 5035 3066 5108 τὴν
3097 5034 3264 5089 Νέαν.
3297 5030 3650 5098 Δίδεσθῶμεν,
3677 5021 3718 5073 εί
3739 5012 3827 5086 βού-

2309 5109 2414 5197 λει,
2463 5129 2815 5200 πανεῦφημε,
2862 5129 2960 5183 καὶ
3007 5129 3071 5182 τὸ
3115 5127 3210 5181 τοῦ
3257 5127 3358 5198 τῆς
3387 5118 3703 5191 ὀἰκουμένης
3736 5109 3823 5162 δια·

2306 5222 2538 5296 πρυσίου
2568 5223 2810 5294 κήρυκος
2843 5221 3226 5293 ὕπαγόρευμα,
3253 5219 3336 5286 τὺ,
3384 5215 3523 5272 Ἐὰν
3547 5209 3620 5276 τῷ
3638 5201 3826 5296 ἐσχᾷτφ

629 5306 822 5362 hendit
847 5308 911 5364 η.
941 5307 1161 5375 Quaeso,
1185 5309 1457 5381 responde
1485 5309 1645 5364 mihi.
1684 5308 1793 5364 Sed
1830 5309 2111 5378 explodar,
2148 5316 2200 5364 ul

2312 5292 2746 5384 ἀποκαλυφθῇ,
2772 5317 2806 5370 ό
2829 5292 3062 5384 πρῶτος
3085 5311 3328 5382 σιγάτω.
3343 5309 3474 5380 Οὐχ,
3502 5306 3574 5369 ὡς
3593 5292 3826 5384 ἀντιτείνει

627 5398 810 5467 video,
845 5409 902 5455 et
929 5400 1238 5468 deridebor,
1268 5401 1414 5472 quod
1435 5401 1769 5470 atquiparem
1790 5415 1878 5455 me
1903 5400 2206 5470 prophetas.

631 5492 790 5547 Absit
821 5510 835 5546 :
867 5509 979 5548 non
1010 5493 1084 5548 ita
1115 5503 1220 5560 est,
1241 5494 1468 5566 Optime.
1499 5494 1627 5549 Haec
1652 5509 1796 5556 vero,
1829 5493 2025 5564 inquit,
2071 5495 2210 5548 scri-

2312 5409 2347 5478 ἡ
2379 5376 2746 5478 φιλότης-σοῦ,
2779 5376 2941 5461 τοῦτο
2967 5376 3096 5477 περὶ
3128 5376 3300 5475 μόνης
3329 5376 3583 5460 πίστεως.
3607 5389 3719 5484 Kal.
3742 5376 3826 5484 οἶςν

2314 5497 2380 5568 δή
2417 5515 2486 5567 με
2532 5497 2815 5570 παρέλαϐε
2869 5495 3073 5569 μικροῦ
3116 5496 3249 5562 δεῖν,
3279 5496 3309 5548 ὁ
3343 5491 3515 5564 μέγας
3556 5481 3710 5557 κήρυξ
3753 5481 3826 5570 τῇς

631 5594 722 5652 pta
765 5594 889 5639 sunt
935 5587 1008 5641 ad
1058 5562 1437 5655 correptionent
1477 5595 1718 5642 nostram
1747 5585 1836 5639 η’.
1894 5562 1960 5640 Et
2008 5586 2200 5642 iterum

2315 5562 2576 5660 ἀληθείας
2617 5562 2882 5660 ’Ἰωάννης
2923 5562 3139 5660 ἐλέγχει
3192 5586 3285 5642 τὸν
3324 5562 3586 5654 Ἥρὼδην.
3624 5562 3822 5642 ’Σικυών

663 5713 969 5797 ‘_‘_'-_Levit.
995 5716 1543 5797 XIE,AI7’;‘_Pf9V._IX,
1575 5717 1630 5774 8-.
1699 5717 1750 5797 ξι
1779 5718 1934 5797 Da_n._
1959 5735 2082 5797 xm,
2131 5719 2153 5772 l
2195 5736 2200 5797 ς

2303 5735 2354 5792 li
2427 5723 2472 5756 "
2513 5721 2688 5797 lReg.
2721 5737 2872 5792 xxiv,
2895 5722 2927 5780 ‘i
2959 5737 3110 5794 seqq.
3192 5721 3236 5754 “
3262 5717 3432 5777 Exod.
3454 5727 3600 5775 xvm,
3621 5706 3681 5764 l3
3704 5711 3819 5770 δαισι·

637 5787 678 5820 "
716 5786 736 5843 Ι
765 5788 892 5844 Cor.
933 5803 1046 5857 xiv,
1069 5787 1160 5844 30.
1237 5788 1284 5823 ⁸⁸
1313 5787 1505 5846 Matth.
1549 5805 1659 5858 xiv,
1689 5790 1742 5845 ι.
1824 5790 1886 5822 η’
1919 5790 2084 5845 lCor.
2114 5806 2164 5852 χ,
2191 5791 2248 5845 ‘2.
