4064 6372
253 360 362 426 925

1485 356 2028 421 ΕΡῙΒΤΟΙΑΒΗΜ
2068 359 2195 420 LIB
2244 360 2295 419 Ιο

3418 359 3522 425 926

252 472 550 545 ἀπόκριναι
603 489 717 544 μοι.
756 470 897 526 Ἀλλ’
951 470 1249 543 ἀγχιθυρος
1292 471 1322 524 ὁ
1374 472 1514 543 πρὸς
1570 473 1674 544 ἐμὲ
1732 468 1829 526 οἷδ’

1948 473 2166 529 Paulus:
2208 473 2509 527 Imitatores
2538 471 2643 528 mei
2678 479 2863 536 estote,
2890 469 3030 526 sicut
3055 480 3104 526 et
3131 487 3225 542 ego
3238 471 3432 530 Christi
3453 474 3516 530 ¹’.

250 572 338 624 δτι
361 569 565 634 γελωςο
595 566 658 620 τὸ
688 565 772 619 δτι
798 566 858 619 ἐν
883 563 1069 637 μέτρῳ
1097 564 1193 617 τοῦ
1244 565 1529 635 προφήτου
1567 566 1839 619 Ισοστατεῖ

250 661 464 715 ἑαυτόν.
498 658 640 714 Ἀλλ’
678 657 777 728 οὐχ
828 656 1025 719 οὕτως,
1054 649 1099 709 ὦ
1157 655 1441 725 βέλτιστεο
1508 655 1700 711 Ταῦτα
1746 656 1836 721 δὲ,

251 752 441 824 φησιν,
469 749 698 820 ἐτράφη
722 749 873 818 πρὸς
902 748 1231 804 νουθεσίαν
1258 747 1572 817 ἡμετέραν.
1608 750 1716 803 Καὶ
1739 744 1837 802 αὗ-

253 845 340 908 θις
364 846 393 897 ό
421 843 632 905 Παῦλος
651 858 665 872 ·
696 840 959 911 Mummi
988 856 1109 909 μου
1138 840 1402 909 γίνεσθε,
1431 840 1629 907 καθὼς
1677 839 1839 909 κάγὼ

254 936 536 1006 Χριστοῦ.
555 935 679 997 Πῶς
686 934 746 988 δὲ
757 934 851 988 καὶ
866 927 977 986 οἷόν
995 948 1055 985 τε
1073 931 1373 1004 ὀρθοδοξεῖν
1388 931 1478 984 τὸν
1491 930 1642 997 λοξοε
1652 932 1839 1002 ργοῦν-

254 1046 346 1093 τα,
366 1027 460 1081 τοῦ
472 1026 617 1079 θείου
648 1024 907 1079 Ἰακώϐου
928 1024 1300 1094 ἐνισταμένου,
1331 1025 1397 1077 ὲκ
1412 1022 1520 1076 τῶν
1550 1023 1728 1095 ἔργων
1739 1023 1840 1077 δεξ-

258 1119 487 1173 κνυσθαι
514 1117 615 1189 τὴν
654 1117 871 1172 πίστινο
902 1117 1147 1180 καὶτοὺς
1183 1116 1313 1187 περὶ
1340 1116 1402 1169 τὸ
1443 1114 1501 1168 ἓν
1533 1115 1834 1186 σφαλλομέ-

254 1210 544 1283 νους,μηδὲ
559 1211 619 1265 τὸ
638 1209 863 1281 θάτερον
877 1208 1022 1280 ἔχειν
1039 1225 1054 1275 ;
1074 1209 1354 1263 Τοσούτων
1373 1204 1467 1263 οὖν
1478 1210 1573 1263 καὶ
1587 1208 1839 1279 τηλικού-

254 1323 368 1359 των
391 1306 558 1358 δντων
581 1302 895 1374 μαρτύρων,
918 1301 1020 1355 οὐκ
1040 1300 1223 1371 οῐομαι
1246 1302 1603 1371 άντιφάσκειν
1629 1301 1730 1372 τὴν
1756 1302 1840 1354 εύ·

256 1394 475 1463 γένειάν
506 1411 618 1447 σου.
663 1392 727 1446 El
765 1392 823 1446 δὲ
854 1391 1036 1457 τοῦτο,
1070 1393 1536 1448 ἀντεπιστελλὲτω
1558 1396 1626 1465 τῇ
1656 1394 1838 1465 ἀσυμ-

255 1488 413 1560 φιλίᾳ
440 1487 599 1559 ἡμῶν
628 1486 919 1550 ἀναλύσεις
974 1487 1074 1557 μὲν
1117 1488 1175 1540 ὲν
1216 1486 1360 1558 λόγῳ
1405 1488 1514 1541 τῶν
1541 1489 1838 1560 προταθὲν-

253 1600 367 1636 των
385 1599 401 1614 ο
427 1579 812 1650 ἀντεξαγωγάς
855 1579 911 1634 δὲ
939 1579 1420 1653 διευκρινεστέρας
1443 1581 1555 1637 τῶν
1580 1599 1840 1637 συσκευα-

258 1674 611 1744 σθησομένων
663 1689 769 1727 σοι.
824 1671 949 1726 Εἴθε
994 1672 1090 1726 καὶ
1115 1672 1371 1743 πάρεισιν
1392 1689 1407 1704 ’
1437 1676 1598 1745 ἡμεῖς
1617 1691 1679 1743 γε
1708 1692 1839 1728 σιω·

256 1766 529 1836 πήσομεν,
573 1764 669 1818 καὶ
700 1763 1036 1834 συγγνώμην
1061 1762 1164 1834 τῆς
1195 1764 1522 1831 ὲνστάσεως,
1545 1766 1748 1837 καίπερ
1777 1768 1837 1821 ὲν

1942 566 2046 633 Qui
2075 574 2261 621 autem
2296 565 2411 621 fieri
2440 575 2645 635 potest,
2679 573 2740 620 ut
2770 573 2922 620 recte
2943 565 3068 633 quis
3091 567 3315 631 sentiat,
3350 581 3522 637 agens

1943 674 2221 729 perverse,
2250 644 2457 715 divino
2494 657 2700 714 Jacobo
2751 658 3080 724 afﬁrmante,
3141 674 3209 713 ex
3260 659 3523 729 operibus

1943 752 2157 807 ostendi
2196 751 2381 818 fidem,
2411 760 2468 807 et
2503 752 2570 807 iis
2594 751 2684 821 qui
2719 751 2863 807 circa
2899 766 3068 805 unum
3110 751 3390 818 aberrant,
3420 767 3522 806 ne-

1943 858 2049 912 que
2071 844 2304 897 alterum
2344 842 2572 898 inesse?
2601 841 2704 896 Tot
2741 842 2908 912 igitur
2959 850 3015 896 et
3064 850 3212 896 tanta
3240 856 3363 896 cum
3411 842 3525 897 sint

1945 935 2276 1000 testimonia,
2353 950 2460 991 non
2513 943 2647 1004 pulo
2687 934 2887 988 habere
2957 934 3297 989 nobilitatem
3373 943 3523 988 tuam

1943 1026 2090 1096 quod
2115 1025 2478 1081 contradicat.
2532 1025 2628 1080 Sin
2656 1033 2882 1080 autem:
2935 1025 3115 1081 mittat
3154 1025 3346 1095 impari
3389 1025 3525 1079 ami-

1943 1117 2089 1173 citiai
2118 1127 2319 1172 nostrae
2367 1117 2667 1172 solutiones
2720 1117 3162 1187 propositionum
3185 1125 3521 1183 nostrarum,

1945 1218 2064 1264 tum
2106 1211 2366 1265 clariores
2420 1210 2725 1265 contrarias
2760 1211 3137 1280 oppositiones
3163 1225 3354 1265 eorum
3399 1225 3524 1279 quae

1941 1304 2165 1360 astruis.
2198 1303 2419 1361 Utinam
2462 1318 2595 1358 vero
2618 1312 2933 1373 suppetant,
2962 1314 3020 1358 et
3069 1318 3169 1356 nos
3217 1301 3523 1365 silebimus,

1942 1397 2268 1466 veniamque
2315 1394 2686 1450 contentionis
2725 1404 2947 1460 nostrae,
2978 1394 3226 1464 quamvis
3247 1410 3370 1448 cum
3406 1393 3524 1447 zelo

1942 1489 2273 1558 conjunctae,
2297 1486 2693 1558 postulabimus
2719 1488 2732 1540 l
2767 1485 3188 1556 ﬂeprehendere
3227 1486 3369 1539 enim
3399 1494 3522 1539 tan-

1944 1581 2244 1645 tummodo,
2270 1580 2425 1635 facile
2451 1586 2554 1645 est,
2585 1588 2641 1633 et
2686 1578 2910 1633 cuilibet
2951 1578 3152 1633 volenti
3178 1587 3518 1647 promptum,

1942 1683 2003 1729 ut
2024 1673 2197 1744 legisti
2226 1689 2242 1739 ;
2270 1686 2423 1725 suam
2468 1686 2601 1726 vero
2647 1670 2975 1726 sententiam
3021 1685 3189 1725 sacrae
3229 1670 3524 1739 Scriptura:

1943 1762 2271 1819 testimoniis
2302 1762 2679 1816 confirmatam
2698 1761 2975 1826 inducere,
3009 1761 3248 1815 hominis
3272 1772 3355 1815 est
3376 1776 3525 1817 sana:

252 1857 410 1926 ζήλῳ
449 1855 639 1925 οὔσης,
665 1853 1027 1926 αἰτησόμεθα.
1082 1854 1155 1909 Τὸ
1197 1855 1306 1925 γάρ
1360 1858 1624 1929 ἐπιτιμᾷν
1653 1858 1833 1927 μόνον,

1948 1856 2140 1912 mentis
2186 1870 2260 1910 ac
2306 1853 2521 1922 iudicii.
2575 1852 2655 1907 Ne
2685 1869 2815 1924 ergo
2851 1853 2904 1906 iu
2936 1853 3261 1907 immensum
3314 1861 3527 1907 crescat

256 1951 492 2020 ῥᾷστον·
528 1949 625 2003 καὶ
671 1948 764 2002 τοῦ
814 1947 1138 2019 βουλομένου
1172 1948 1397 2012 παντὸς,
1446 1948 1523 2012 ὡς
1569 1949 1839 2017 ἀναγινώ-

1940 1948 2193 2017 epistola,
2226 1948 2390 2001 ﬁnem
2413 1947 2503 2000 hic
2546 1945 2797 2008 fecimus,
2826 1945 3054 2013 adjectis
3097 1959 3315 2014 quoque
3345 1946 3525 2013 magni

256 2053 441 2101 σκειςο
472 2037 534 2091 τὸ
558 2038 615 2091 δὲ
640 2038 983 2106 ἀντεισάγειν
1007 2037 1106 2108 τὴν
1123 2038 1318 2092 ἑαυτοῦ
1335 2038 1561 2110 γνώμην
1589 2041 1676 2094 διὰ
1705 2058 1841 2110 μαρ-

1948 2039 2125 2095 Basilii
2180 2038 2468 2095 sententiis
2494 2038 2561 2093 ad
2621 2038 2923 2107 pleniorem
2975 2036 3523 2091 demonstrationem.

251 2126 454 2197 τυρίας
479 2128 579 2196 τῆς
606 2126 965 2179 θεοπνεύστου
977 2125 1221 2196 Γραφῆς,
1253 2126 1444 2197 ἀνδρὸς
1471 2127 1640 2192 ὄντως
1654 2129 1841 2198 ὑγιοῦς

1948 2132 2140 2187 Salvus
2167 2131 2244 2187 sis
2269 2146 2393 2187 cum
2440 2139 2550 2185 tota
2601 2130 2804 2184 familia
2830 2171 2844 2195 ,
2886 2128 3108 2184 domine
3152 2128 3524 2193 dilectissime,

254 2219 359 2273 καὶ
383 2218 509 2272 νοῦν
547 2219 784 2288 ἔχοντος.
832 2218 977 2289 Πρὸς
1007 2218 1065 2272 δὲ
1086 2218 1148 2271 τὸ
1182 2219 1258 2288 μὴ
1280 2219 1360 2281 εἰς
1384 2220 1663 2289 ἀμετρίαν
1686 2224 1843 2291 ἐνεγε-

1948 2223 2219 2293 utrimque
2252 2223 2394 2277 bene
2418 2221 2622 2277 valens.
2645 2219 2755 2275 Nos
2781 2220 2928 2275 enim
2962 2219 3247 2275 cbaritatis
3294 2227 3399 2273 tuae
3425 2218 3526 2273 bo-

252 2313 379 2365 κεῖν
394 2311 493 2382 τὴν
522 2310 836 2382 επιστολὴν,
867 2310 1101 2365 ἐνταῦθα
1148 2312 1616 2383 κατεπαυσάμεθα
1640 2316 1731 2369 τὸν
1757 2316 1845 2369 λό-

1948 2331 2079 2370 num
2110 2325 2167 2370 et
2191 2315 2498 2372 scribentes
2547 2323 2605 2369 et
2640 2328 2751 2368 non
2792 2312 3095 2368 scribentes
3134 2311 3385 2381 cupimus
3435 2324 3524 2367 re-

253 2420 360 2472 γον
377 2420 395 2437 ο
427 2402 763 2475 παραθὲντες
781 2403 876 2458 καὶ
896 2404 1121 2474 χρήσεις
1148 2401 1239 2456 τοῦ
1260 2403 1499 2472 μεγάλου
1532 2404 1833 2471 Βασιλείου,
1944 2409 2137 2464 tinere.

252 2499 346 2560 εἰς
396 2498 783 2569 ἐντελεστέραν
833 2498 1142 2566 ἀπόδειξιν
1190 2498 1522 2572 φυλαχθείης
1572 2496 1667 2555 οὖν
1729 2504 1864 2573 ἡμῖν
1920 2504 2233 2567 πανεστιος,
2268 2505 2299 2558 ὁ
2336 2502 2696 2573 ὴγαπημὲνος
2741 2500 2900 2571 ἡμῶν
2934 2499 3237 2567 δεσπότης,
3285 2499 3527 2556 εὐεκτῶν

252 2594 657 2664 ἀμφοτέρωθεν
676 2610 693 2626 ο
719 2595 879 2665 ἡμεῖς
907 2594 1019 2666 γὰρ
1044 2595 1108 2648 τὸ
1136 2595 1240 2663 τῆς
1272 2597 1496 2667 ἀγάπης
1525 2614 1620 2650 σου
1655 2597 1841 2666 καλὸν,
1878 2600 1975 2653 καὶ
2004 2600 2331 2671 γράφοντες,
2364 2599 2460 2652 καὶ
2502 2597 2579 2668 μὴ
2602 2595 2929 2667 γράφοντες,
2959 2592 3260 2663 γλιχόμεθα
3288 2592 3456 2662 ἔχειν.

272 2687 375 2743 ἐκ
391 2688 500 2743 τοῦ
512 2688 792 2743 εἰκοστοῦ
812 2689 1003 2813 λόγέυ
1029 2688 1152 2814 Sed):
1164 2690 1538 2759 Ἀσκητικῶν
1553 2692 1663 2748 τοῦ
1675 2694 1851 2765 ἁγίου

950 2776 1032 2814 aa
1154 2778 1249 2814 ου.

950 2776 1249 2816 ασιλειου.

336 2848 464 2903 Ὀτι
507 2848 589 2902 δεῖ
618 2848 732 2902 τὸν
773 2849 1097 2921 προεστῶτα
1147 2851 1663 2923 ύπομιμνήσκεσθαι
1701 2854 1853 2926 παρά

255 2939 377 2993 τῶν
426 2939 768 3011 προεχόντων
811 2943 871 2995 ὲν
918 2943 985 3013 τῇ
1033 2940 1377 3013 ἀδελφότητι,
1423 2945 1491 3000 άν
1536 2961 1668 2999 ποτε
1717 2947 1853 3000 ἀπο-

576 3122 679 3178 Ἐκ
708 3123 816 3178 τοῦ
850 3125 1205 3194 τριακοστοῦ
1234 3126 1540 3197 τετάρτου.

331 3213 445 3269 Τὸν
488 3215 563 3286 μὴ
608 3215 1040 3287 καταδεχόμενον
1072 3219 1143 3272 τὰ
1173 3220 1325 3292 παρά
1364 3219 1461 3274 τοῦ
1502 3220 1847 3292 προεστῶτος

255 3305 613 3377 ὲγκριθέντα,
643 3307 750 3379 χρὴ
767 3308 826 3362 ὲν
869 3308 948 3377 τῷ
998 3311 1238 3382 φανερῷ,
1282 3311 1316 3384 ἢ
1362 3312 1489 3385 ὶδιᾳ,
1521 3312 1671 3383 αὐτῷ
1699 3315 1849 3367 ἀντι-

255 3399 471 3466 λέγειν,
506 3399 559 3452 εῐ
594 3415 717 3454 τινα
764 3400 878 3469 ἔχοι
908 3401 1064 3469 λόγον
1098 3403 1316 3475 ἰσχυρὸν
1345 3403 1486 3457 κατὰ
1509 3403 1572 3456 τδ
1601 3403 1849 3475 βούλημα

254 3487 382 3541 τῶν
438 3488 693 3559 Γραφῶν,
751 3488 786 3558 ἦ
839 3491 1199 3561 σιωπήσαντα
1250 3492 1317 3544 τὸ
1369 3494 1849 3565 προστεταγμένον

257 3582 478 3633 ποιεῖν’
512 3581 559 3633 εἰ
584 3580 642 3634 δὲ
670 3580 831 3644 αὐτὸς
862 3582 1200 3653 αἰσχύνεται,
1226 3583 1408 3650 ἄλλοις
1440 3586 1553 3640 τισὶ
1574 3634 1575 3637 η
1597 3587 1851 3659 μεσίταις

255 3670 409 3744 πρὸς
429 3670 588 3726 τοῦτο
617 3672 937 3745 χρησάσθω.

268 3850 385 3906 Ἐκ
413 3848 531 3905 τῶν
565 3849 813 3907 Ἠθικῶν
844 3851 953 3975 tog
980 3852 1169 3974 αὐέοῦ
1189 3852 1377 3923 λόγου
1405 3850 1853 3923 ἐϐδομηκοστοῦ

945 3938 1048 3975 ευτ
1084 3940 1218 3975 οου.

945 3938 1218 3990 ευτερου.

334 4018 473 4069 Ὅτι
512 4015 617 4088 χρὴ
647 4016 755 4071 τῶν
778 4016 1067 4087 ἀκροατῶν
1099 4016 1226 4079 τοὺς
1259 4014 1732 4087 πεπαιδευμένους
1756 4016 1855 4079 τὰς

1866 3121 1912 3185 C

2006 2698 2088 2752 Ea:
2116 2712 2359 2751 sermone
2389 2695 2635 2750 vicesimo
2669 2690 3232 2746 Asceticoram‘sattcti
3263 2688 3474 2743 Basilii.

2017 2854 2173 2920 Quod
2206 2853 2322 2924 ipse
2354 2865 2575 2922 quoque
2620 2847 2903 2905 admoneri
2934 2846 3165 2900 antistes
3206 2843 3388 2909 debet,
3429 2856 3529 2913 per

1946 2962 2042 3003 eos
2068 2946 2163 3017 qui
2194 2946 2337 3001 inter
2365 2944 2560 2999 fratres
2582 2942 2852 3004 eminent,
2884 2938 2929 2994 si
2953 2936 3174 3010 quando
3207 2935 3424 2989 labatur
3454 2933 3524 2987 η.

2332 3120 2416 3175 Ea:
2437 3136 2592 3174 serm.
2634 3117 2895 3173 tricesimo
2922 3124 3134 3187 quarto.

2019 3216 2155 3272 Eum
2178 3215 2269 3286 qui
2299 3215 2436 3269 nolit
2461 3214 2747 3267 admittere
2778 3226 2899 3280 qua:
2937 3208 3167 3263 antistes
3199 3204 3527 3272 decreverit,

1948 3318 2167 3382 oportet
2196 3307 2527 3378 respondere
2560 3304 2663 3375 ipsi
2707 3303 2882 3374 palam
2927 3310 3021 3369 aut
3065 3299 3318 3385 privatim
3362 3312 3532 3367 expo-

1950 3418 2105 3467 nere,
2137 3402 2182 3457 si
2227 3416 2386 3471 quam
2434 3397 2689 3453 habuerit
2736 3395 2970 3450 validam
3023 3392 3292 3446 rationem
3350 3389 3526 3444 sacris

1950 3495 2171 3552 Litteris
2200 3500 2626 3548 consentaneam
2664 3474 2806 3543 :‘aut
2840 3497 2987 3543 certe
3016 3482 3158 3556 quod
3202 3484 3531 3552 imperatum

1951 3599 2056 3656 est,
2098 3588 2315 3644 silentio
2348 3585 2594 3656 exsequi.
2653 3583 2809 3651 Quod
2861 3582 2906 3636 si
2937 3580 3144 3651 pudore
3179 3577 3534 3650 prohibeatur

1954 3685 2058 3739 hoc
2091 3681 2292 3746 facere,
2326 3680 2447 3736 aliis
2488 3677 2841 3748 quibuspiam
2879 3672 3234 3728 internuntiis
3296 3670 3364 3725 ad
3412 3684 3532 3724 eam
3635 3701 3638 3704 ~

1951 3792 2069 3831 rem
2097 3781 2284 3829 utatur
2312 3760 2378 3825 “.
2994 3842 2995 3845 η

1953 3870 2038 3926 Ea:
2061 3866 2348 3922 Moralium
2372 3863 2604 3934 ejusdem
2631 3874 2867 3914 sermone
2886 3856 3267 3925 septuagesimo
3285 3858 3531 3906 secundo.

1946 4036 1951 4043 '
2027 4024 2182 4091 Quod
2218 4022 2420 4078 debent
2446 4017 2725 4073 auditores
2770 4015 2863 4085 qui
2896 4027 3171 4069 sacrarum
3205 4010 3537 4065 Litterarum

254 4106 496 4181 Γραφὰς
540 4106 853 4178 δοκιμάζειν
896 4107 965 4162 τά
1004 4108 1156 4178 παρὰ
1184 4108 1294 4161 τῶν
1342 4108 1673 4163 διδασκάλων
1710 4106 1846 4178 λεγό-

1958 4117 2118 4189 periti
2150 4121 2301 4180 sunt,
2353 4109 2599 4166 adhibito
2640 4106 2869 4178 judicio,
2904 4120 2969 4189 ea
3000 4102 3311 4158 auscultare
3359 4114 3481 4171 qua:
3507 4110 3537 4154 a

259 4218 436 4272 μενα.

1959 4188 2271 4263 doctoribus
2292 4202 2549 4271 dicuntur
2571 4200 2638 4255 “.
2910 4188 2915 4193 ⁷

332 4294 471 4347 Ὅτι
494 4293 577 4347 δεῖ
605 4294 691 4348 τὸν
727 4292 1046 4367 προεστῶτα
1073 4292 1168 4346 τοῦ
1199 4291 1383 4361 λόγου,
1420 4291 1561 4361 μετά
1590 4289 1846 4363 περισκέ-

2031 4297 2188 4365 Quod
2234 4295 2327 4366 qui
2368 4294 2437 4348 ad
2478 4292 2785 4348 docendum
2830 4297 2915 4345 est
2942 4286 3287 4359 praepositus,
3341 4298 3539 4355 magna

253 4384 419 4455 ψεως
444 4384 539 4437 καὶ
562 4384 885 4456 δοκιμασίας
918 4383 1143 4453 πολλῆς,
1179 4382 1322 4437 κατὰ
1353 4382 1554 4436 σκοπὸν
1576 4382 1676 4452 τῆς
1711 4381 1846 4452 πρὸς

1963 4386 2450 4459 circumspectione
2484 4400 2548 4440 ac
2590 4382 2820 4455 judicio,
2868 4381 2935 4437 ad
2973 4394 3097 4437 eum
3134 4381 3296 4434 finem
3330 4388 3391 4433 ut
3429 4379 3545 4449 pla-

255 4475 401 4529 Θεὸν
439 4474 871 4547 εύαρεστήσεως,
918 4474 1151 4527 ἕκαστον
1195 4477 1370 4528 ποιεῖν
1414 4491 1472 4527 τε
1512 4472 1608 4527 καὶ
1637 4472 1846 4541 λέγειν·

1958 4494 2078 4540 ceat
2110 4481 2237 4545 Deo,
2266 4496 2425 4553 agere
2452 4478 2663 4550 singula
2708 4475 2873 4533 debet
2922 4490 2986 4529 ac
3026 4473 3195 4544 loqui,
3234 4482 3293 4527 ut
3323 4471 3411 4542 qui
3447 4486 3542 4524 eo-

258 4570 337 4633 ώς
365 4567 663 4638 ὀφείλοντα
703 4566 797 4621 καὶ
822 4568 913 4621 ὑπ’
941 4566 1120 4620 αὐτῶν
1150 4566 1258 4620 τῶν
1288 4564 1731 4620 πεπιστευκότων
1755 4563 1846 4617 αύ-

1960 4593 2081 4632 rum
2117 4575 2283 4630 etiam
2334 4571 2544 4643 judicio
2592 4570 2697 4641 qui'
2735 4584 2880 4624 cura:
2918 4567 3091 4639 ipsius
3136 4565 3332 4621 crediti
3384 4568 3540 4628 sunt,

253 4661 338 4736 τῷ
367 4660 790 4734 δοκιμάζεσθαι.

1961 4666 2279 4739 probandus
2300 4663 2372 4719 sit
2391 4663 2457 4719 ".

489 4778 578 4845 (Γ.
620 4809 688 4818 -
728 4779 1055 4847 Θεοκτίστῃ
1083 4776 1158 4848 τῇ
1178 4773 1396 4831 ἑαυτοῦ
1424 4772 1606 4844 μητρί

2316 4755 2408 4811 VI.
2439 4786 2509 4799 -—
2531 4753 2835 4809 Theoctista:
2866 4750 3029 4806 matri
3053 4764 3187 4803 sum.

424 4888 625 4939 Doloris
651 4893 705 4938 et
724 4889 905 4938 amoris
925 4893 1085 4938 testes
1106 4901 1164 4938 ac
1188 4885 1390 4950 pietatis
1408 4886 1583 4949 plenas
1601 4882 1801 4934 litteras
1840 4876 1998 4929 mittit
2021 4873 2184 4933 matri,
2207 4883 2320 4921 cum
2360 4881 2469 4919 eam
2506 4863 2795 4930 gravissime
2818 4867 3062 4926 aegrotare
3093 4860 3386 4922 accepisset.

331 4997 406 5052 Et
443 4992 554 5051 οἷόν
581 5013 643 5050 τε
685 4992 754 5067 ἦν
782 4996 991 5067 δάκρυα
1024 4996 1084 5048 ὲν
1117 4993 1445 5065 γράμμασιν
1470 4988 1853 5061 ἀποκομίζειν,

255 5092 562 5165 ἐμπλήσας
609 5089 815 5161 ταύτην
858 5106 961 5160 μου
997 5087 1066 5142 ἂν
1089 5088 1190 5157 τὴν
1228 5084 1538 5157 ἐπιστολὴν,
1576 5083 1735 5155 τιμία
1761 5082 1858 5136 κσ.)⁸

256 5184 501 5255 γλυκεῖα
549 5182 645 5236 καὶ
686 5180 985 5250 θεοπόθητέ
1022 5196 1124 5250 μου
1158 5180 1357 5249 μῆτερ,
1394 5175 1856 5248 παρεπεμψάμην

257 5292 349 5329 σοι
378 5276 446 5327 ὲν
470 5272 696 5335 ταύταις
717 5273 838 5335 ταῖς
871 5271 1127 5342 ἡμέραις.
1161 5268 1253 5341 Τῷ
1292 5268 1407 5323 δντι
1432 5268 1545 5339 γάρ
1603 5267 1707 5320 οὐκ
1766 5267 1860 5320 ἀν·

256 5364 453 5427 εκτῶς
476 5364 629 5433 φέρω
660 5362 731 5417 τὰ
757 5363 886 5435 περὶ⁸
917 5361 1010 5415 σοῦ
1050 5360 1290 5428 ἀκούειν,
1347 5361 1411 5413 οὐ
1437 5359 1585 5429 λέγω
1609 5359 1861 5427 ἐντάφια,

257 5454 414 5509 ἀλλὰ
438 5456 534 5508 καὶ
556 5458 845 5525 νοσήματα
883 5452 1279 5524 ἐπιθανάσιμα.
1317 5452 1429 5507 Καὶ
1462 5452 1551 5507 ἵνα
1576 5451 1630 5506 τί
1657 5449 1855 5517 οὓτως,

266 5548 460 5618 μῆτέρ
483 5564 607 5617 μου,
633 5546 782 5600 εἵλου
824 5547 972 5618 ἡμᾶς
998 5547 1181 5611 ἐᾶσαι,
1208 5546 1544 5617 ἀγαπήσασα
1591 5544 1683 5599 τὸν
1729 5543 1860 5614 μέλ-

260 5637 442 5691 λοντα
488 5637 698 5705 αἰῶνα;
738 5636 1047 5710 ἐκδημῆσαι
1086 5637 1179 5706 ἀφ’
1211 5635 1391 5707 ἡμῶν,
1419 5635 1512 5689 καὶ
1555 5633 1859 5705 ἐνδημῆσαι

2027 4979 2085 5034 Si
2119 4977 2235 5032 ﬁeri
2273 4980 2460 5047 posset
2487 4981 2545 5027 ut
2574 4971 2628 5025 in
2671 4969 2868 5025 litteris
2902 4968 3151 5040 lacrymaa
3173 4966 3537 5034 deferrentur,

1960 5071 2048 5126 bis
2075 5068 2290 5140 plenam
2320 5064 2462 5118 hanc
2507 5060 2791 5131 epistolam
2828 5073 3029 5123 meam,
3064 5056 3292 5112 colenda
3335 5066 3392 5114 et
3420 5057 3543 5113 dul-

1961 5163 2041 5219 cis
2080 5161 2300 5229 Deoque
2338 5162 2560 5224 accepta
2606 5160 2802 5215 mater,
2852 5150 2938 5204 bis
2983 5149 3177 5204 diebus
3222 5148 3290 5204 ad
3331 5156 3383 5205 te
3434 5149 3543 5204 mi-

1963 5252 2177 5309 sissem.
2214 5247 2426 5303 Revera
2456 5243 2603 5300 enim
2626 5240 3103 5312 impatientissime
3141 5240 3283 5305 fero,
3313 5255 3439 5296 cum
3473 5240 3543 5296 de

1966 5345 2133 5400 rebus
2174 5340 2281 5398 tuis
2320 5339 2501 5403 audio,
2531 5352 2642 5392 non
2694 5335 2819 5390 dico
2867 5333 3139 5397 funebria,
3169 5332 3266 5389 sed
3320 5335 3545 5388 morbos

1966 5439 2134 5496 etiam
2166 5434 2416 5491 letbales.
2447 5432 2527 5486 Ac
2566 5443 2830 5502 quorsum
2875 5427 2949 5482 ita
2977 5442 3103 5490 nos,
3134 5433 3330 5488 mater,
3378 5424 3546 5479 relin-

1967 5548 2138 5605 quere
2161 5531 2321 5587 libuit
2354 5525 2527 5584 futuri
2558 5524 2743 5582 saaculi
2774 5521 3093 5585 desiderio?
3129 5535 3158 5574 a
3188 5518 3348 5575 nobis
3368 5517 3542 5583 abire,

1946 5637 2023 5695 ,ει
2041 5626 2109 5681 ad
2150 5623 2445 5679 Dominunt
2498 5616 2819 5691 proﬁcisci?
2850 5615 2959 5669 Sed
3006 5623 3065 5668 tu
3092 5611 3378 5678 nimirum,
3423 5626 3546 5679 qua:

344 5754 393 5784 η
426 5748 593 5806 lCor.
635 5766 698 5820 ιι,
731 5751 783 5807 1.
858 5748 904 5782 ’⁸
928 5747 1110 5822 Regul.
1138 5749 1239 5820 fus.
1265 5746 1489 5818 disput.,
1520 5744 1833 5816 interrogat.
1864 5742 1957 5799 27.
2031 5742 2074 5775 "
2107 5740 2429 5811 lnterrogat.
2462 5738 2551 5793 47.
2629 5737 2674 5769 ²¹
2707 5730 2907 5804 Regula
2931 5730 3021 5799 72,
3054 5744 3178 5800 cap.
3212 5728 3265 5784 l.
3340 5730 3386 5764 "
3410 5729 3544 5803 Reg.

266 5823 365 5888 70,
392 5838 520 5891 cap.
543 5822 633 5877 57.
