4064 6372
545 306 649 372 9‘27

1734 312 1795 376 S.
1834 312 2228 375 THEODORI
2276 311 2629 373 STUDITE

3716 302 3819 369 928

545 418 620 473 ibi
650 426 780 473 sunt
806 417 1115 487 adamaras,
1146 426 1471 491 mutatoque
1489 423 1755 491 majorem
1786 425 1858 479 ob
1881 425 2132 480 effectum

2244 422 2383 495 πρὸς
2423 421 2658 495 Κῦριονς
2697 418 2863 474 Ἀλλά
2892 418 2963 473 τά
2992 417 3110 472 ἐκεῖ
3144 415 3360 481 πάντως
3381 415 3699 487 ἡγαπήκεις
3717 432 3734 449 ο
3763 418 3822 470 ὲκ

544 512 844 582 proposito,
880 513 947 567 ad
991 512 1277 583 egregiam
1299 522 1654 584 sanctamque
1685 529 1929 587 sororem
1952 534 2130 573 meam

548 604 840 674 pervenire
877 605 1173 675 gestiebas,
1208 613 1263 660 et
1284 606 1351 660 ad
1386 605 1600 660 dulcem
1625 606 1910 662 dominum
1943 624 2129 665 meum

548 695 923 766 Euthymium,
955 704 1051 750 aut
1073 696 1140 750 ad
1184 696 1363 765 ipsum
1408 696 1591 765 potius
1639 708 1956 753 sanctorum
1998 700 2134 755 cho—

545 802 688 841 rum.
725 784 792 840 Et
831 802 941 857 quo
991 796 1173 855 pacto,
1214 795 1407 850 mater,
1456 786 1573 841 sine
1620 788 1869 860 lacrymis
1909 806 2129 864 pergam

543 876 833 945 epistolam
884 876 1226 932 contexere?
1262 875 1403 947 Ergo
1448 876 1503 931 id
1546 877 1817 947 reliquum
1857 879 1960 934 fuit
1999 881 2133 937 infe-

547 969 635 1024 lici
676 970 800 1024 vita:
845 984 1000 1030 meat,
1033 975 1093 1022 ιιι
1114 980 1343 1023 mortem
1369 983 1591 1039 quoque
1649 979 1801 1026 tuam
1862 974 2131 1028 audiam?

547 1069 610 1115 ut
632 1059 916 1129 lugubrem
944 1058 1045 1113 tibi
1088 1066 1311 1113 cantum
1361 1058 1720 1129 impendam?
1755 1071 1816 1117 ut
1858 1065 2129 1120 tumulum

547 1161 701 1205 tuum
747 1164 1003 1213 cernens.
1044 1149 1230 1220 elegos
1283 1148 1625 1204 inscribam?
1676 1161 1734 1206 ut
1783 1161 1843 1208 tu
1900 1170 2131 1226 corpore

545 1240 765 1309 quidem
793 1238 896 1293 sub
918 1246 1063 1293 terra
1091 1237 1382 1307 deponaris
1411 1255 1427 1291 :
1459 1239 1656 1309 spiritu
1686 1241 1857 1307 enim,
1887 1254 1971 1299 sat
1990 1246 2126 1313 scio,

548 1335 602 1386 in
647 1332 789 1388 caelo
830 1331 1144 1387 habitabis:
1189 1346 1291 1404 ego
1344 1348 1478 1388 vero
1530 1334 1587 1387 iu
1644 1342 1790 1390 terra
1852 1352 2126 1405 maneam,

549 1422 764 1477 tristem
795 1422 978 1477 adhuc
1005 1430 1062 1477 et
1101 1421 1340 1492 peccatis
1366 1423 1601 1478 obsitam
1641 1424 1808 1481 vitam
1850 1430 2077 1485 trahens
2106 1433 2131 1486 'P

546 1516 832 1581 Quomodo
868 1515 984 1570 haec
1022 1513 1288 1568 ferenda?
1317 1515 1451 1569 mihi
1498 1530 1630 1571 vero
1678 1534 1791 1573 non
1846 1521 2124 1579 eveniant.

547 1607 807 1661 Attamen
845 1605 1214 1676 permittenda
1259 1613 1390 1660 sunt
1418 1607 1604 1661 omnia
1648 1609 1880 1664 consilio
1927 1613 2129 1668 volun-

550 1695 756 1766 tatique
794 1695 987 1766 optimi
1017 1695 1112 1750 Dei
1155 1698 1349 1751 nostri.
1379 1697 1545 1753 Novit
1564 1698 1714 1754 enim
1749 1701 1878 1770 quid
1922 1705 2126 1759 condu-

2235 514 2482 577 πλείονος
2531 513 2699 567 πόθου
2728 516 2796 583 τῇ
2825 510 3067 567 διαθέσει
3115 510 3496 581 μετατεθεῖσα,
3522 508 3624 581 τὴν
3653 508 3817 578 stall»

2233 604 2331 658 καὶ
2371 605 2535 673 ἁγίαν
2565 620 2670 675 μου
2701 601 2941 671 ἀδελφὴν
2971 600 3048 664 ὡς
3095 599 3297 671 μᾶλλον
3340 599 3705 670 meamea;
3732 616 3824 652 xa-

2231 697 2511 760 ταλασεϊν,
2546 697 2644 751 καὶ
2669 695 2762 750 τὸν
2787 692 2999 764 γλυκύν
3032 708 3137 763 μου
3159 690 3325 762 κῦριν
3349 688 3652 761 Εὐθύμιον,
3690 690 3823 761 μᾶλ-

2230 792 2322 845 λον
2350 790 2407 844 δὲ
2438 790 2529 845 τὸν
2569 789 2684 843 τῶν
2735 788 2910 858 ἁγίων
2958 787 3141 858 χορόν.
3196 786 3328 851 Kal,
3361 779 3408 839 ὢ
3462 785 3665 855 μῆτερ,
3710 785 3823 849 πῶς

2231 884 2501 957 ἀδακρυτὶ
2537 881 2956 955 παρελεύσομαι
2978 879 3081 949 τὴν
3112 877 3410 949 επιστολὴν
3440 876 3822 948 διερχόμενοςς

2232 973 2341 1049 ἆρα
2378 975 2669 1030 ἀπόκειται
2696 973 2859 1027 τοῦτο
2889 974 2959 1043 τῇ
3002 970 3250 1041 δυστήνῳ
3295 985 3401 1041 μου
3435 968 3572 1038 ζωῇ,
3608 967 3700 1020 ἵνα
3734 965 3828 1019 καὶ

2229 1068 2323 1122 τὸν
2373 1068 2465 1121 σὺν
2490 1067 2721 1122 θάνατον
2738 1063 2987 1131 ἅκούσως
3013 1062 3103 1118 [va
3124 1061 3374 1132 ἑπιψάλω
3402 1059 3526 1133 [ωε.
3558 1058 3689 1129 Reg.
3712 1059 3831 1110 ἔτι.

2228 1158 2440 1233 ψάλλω]
2476 1176 2557 1214 σοι
2589 1157 2913 1232 θρηνῳδῶςς
2942 1155 3031 1210 ἵνα
3047 1154 3190 1227 ὁρῶν
3237 1170 3333 1208 σου
3377 1154 3470 1207 τὸν
3487 1153 3683 1221 τάφον,
3716 1152 3832 1205 ἑπι-

2229 1251 2426 1322 γράψω
2446 1251 2693 1320 Davara;
2722 1251 2813 1303 ίνα
2824 1248 2932 1304 ὑπὸ
2951 1251 3058 1319 γῆν
3082 1248 3222 1317 αὐτὴ
3251 1245 3469 1316 σώματι
3499 1244 3598 1314 μὲν
3627 1242 3826 1312 τεθῇςο

2229 1341 2503 1412 πνεύματι
2546 1342 2659 1413 γάρ
2694 1335 2794 1395 οἶδ’
2824 1342 2908 1395 ὃτι
2948 1341 3007 1393 tv
3054 1338 3309 1408 οὐρανοῖς
3339 1335 3651 1407 αὐλισθήσῃ
3672 1351 3686 1366 ο
3718 1333 3827 1404 ἑγὼ

2228 1432 2288 1485 δὲ
2317 1431 2459 1503 ὑπὲρ
2497 1431 2603 1501 γῆν
2657 1424 2723 1493 ὦ.
2750 1430 2926 1485 ἕλκων
2968 1429 3050 1484 ἔτι
3106 1430 3200 1483 τὸν
3229 1428 3493 1499 ὀδυνηρὸν
3535 1427 3631 1481 καὶ
3665 1426 3826 1479 πολυ-

2227 1524 2545 1594 αμάρτητόν
2570 1539 2671 1593 μου
2701 1522 2845 1593 βίον;
2874 1522 2986 1575 Kal.
3015 1520 3133 1583 πῶς
3157 1518 3330 1573 ταῦτα
3347 1522 3580 1584 avena;
3623 1520 3703 1589 μή
3735 1536 3824 1588 μοι

2227 1614 2439 1682 γένοιτο
2457 1629 2473 1643 ⁸
2503 1614 2646 1685 πλὴν
2671 1613 3103 1685 παραχωρητέον
3131 1610 3311 1665 πάντα
3330 1611 3391 1664 tv
3414 1612 3479 1683 τῇ
3531 1611 3695 1682 βουλῇ
3729 1609 3823 1663 καὶ

2228 1705 2446 1777 θελήσει
2470 1705 2567 1760 τοῦ
2597 1706 2945 1778 ὑπεραγάθου
2961 1705 3098 1760 Θεοῦ
3131 1704 3437 1777 ήμῶν.Καὶ
3463 1706 3577 1775 γὰρ
3615 1701 3758 1756 οἶδεν
3793 1705 3824 1757 ὃ

548 1802 640 1846 cat
673 1791 966 1861 unicuique
1013 1799 1301 1846 nostrum:
1333 1791 1463 1860 quid
1506 1806 1647 1862 Opus
1686 1794 1779 1860 sit,
1834 1794 2127 1869 intelligit;

2234 1811 2284 1847 τι
2312 1794 2582 1867 συμφέρει
2608 1796 2823 1866 ἑκάστῳ
2844 1795 3022 1866 ἡμῶν·
3042 1796 3336 1850 ἐπίσταται
3356 1793 3420 1848 τὸ
3441 1794 3566 1848 δέον
3580 1809 3595 1823 ’
3622 1809 3820 1863 συναρ-

545 1884 689 1954 quod
714 1899 1017 1954 congruum
1065 1892 1170 1947 est,
1220 1882 1484 1953 adaptat;
1532 1883 1767 1940 ﬁliorum
1812 1901 2003 1943 amans
2047 1897 2132 1944 est

548 1977 728 2042 l’ater,
755 1985 903 2032 recte
919 1976 1101 2030 omnia
1126 1976 1392 2046 disponit,
1427 1978 1585 2043 scite,
1606 1978 1881 2045 consulte,
1912 1980 2133 2050 sapien-

547 2080 651 2133 tcr,
697 2069 922 2139 pulchre
948 2084 1195 2138 prorsus,
1247 2069 1640 2126 indesinenter.
1680 2070 1766 2138 Et,
1800 2089 1835 2126 ο
1858 2075 2131 2145 sapientia

544 2171 602 2217 et
625 2162 852 2217 altitudo
883 2162 1215 2229 judiciorum
1265 2164 1422 2234 ejus!
1454 2165 1582 2235 quia
1633 2165 2019 2222 inscrutabiles
2074 2176 2130 2225 et

545 2254 953 2326 investigabiles
997 2254 1098 2310 viae
1149 2254 1289 2322 ejus.
1325 2254 1516 2310 Priore
1569 2257 1788 2326 quidem
1828 2259 1949 2315 loco
1971 2275 2129 2316 soro-

546 2362 662 2401 rem
702 2346 1039 2416 assumpsit:
1072 2348 1373 2418 assumpsit
1412 2356 1601 2419 postea
1630 2357 1687 2404 et
1730 2348 1996 2420 fratrem;
2023 2363 2132 2409 ter-

545 2448 683 2494 tvum
715 2439 932 2509 quaerit.
963 2439 1101 2505 Quis
1126 2440 1218 2496 ille
1244 2441 1463 2497 tandem
1496 2440 1719 2498 futurus
1751 2445 1877 2499 est?
1906 2444 1963 2500 Si
2005 2446 2130 2516 qui-

542 2532 668 2586 dem
697 2531 837 2602 ipsa,
866 2547 1059 2604 magna
1087 2533 1206 2588 laus
1228 2540 1334 2589 est.
1375 2533 1528 2590 Trini
1578 2535 1725 2590 enim
1755 2537 1969 2592 numeri
2001 2554 2132 2609 par-

547 2628 682 2681 tium
713 2627 937 2697 praemio
963 2628 1390 2699 appropinquas,
1423 2630 1534 2685 vita
1585 2631 1689 2686 rite
1723 2642 1964 2702 peracta,
2009 2650 2132 2704 quae

545 2719 733 2774 omnia
780 2719 1071 2789 reliquisti,
1118 2722 1301 2775 omnia
1337 2719 1447 2775 Deo
1478 2722 1698 2788 dedisti,
1737 2730 1920 2792 caput,
1957 2740 2131 2779 mem-

547 2813 665 2878 bra,
700 2812 929 2881 teipsam
959 2830 973 2866 :
1008 2828 1130 2882 quae
1158 2813 1533 2869 venerandum
1567 2829 1769 2885 corpus
1803 2824 1955 2870 tuum
1980 2832 2134 2871 exer-

547 2903 901 2959 citationibus
946 2904 1246 2960 attrivisti:
1288 2904 1455 2961 vitam
1510 2907 1696 2961 multis
1743 2906 1799 2961 in
1853 2908 2133 2966 laboribus

547 2995 772 3066 exegisti
809 3011 824 3062 ;
862 2996 946 3050 vel
999 3006 1205 3052 arctam
1242 2996 1425 3068 potius
1482 3007 1539 3053 et
1589 3008 1875 3069 angustam
1918 2999 2133 3055 Domini

2233 1887 2388 1957 μόςει
2429 1886 2491 1940 τὸ
2539 1886 2783 1959 πράπον·
2814 1890 3171 1961 φιλόστοργός
3216 1891 3335 1943 ἐστι
3390 1889 3614 1957 Πατήρ’
3639 1885 3821 1950 καλῶς

2228 1977 2534 2050 διατίθησιν
2579 1978 2829 2045 ἅπαντα,
2856 1980 3151 2051 εὐστόχως,
3182 1979 3477 2044 εὐϐούλως,
3504 1979 3819 2047 πανσόφως,

2231 2070 2551 2139 παγκάλως,
2600 2071 3043 2136 ἁκαταλείπτως.
3084 2072 3214 2136 Kal,
3264 2070 3313 2125 ὢ
3337 2072 3440 2141 τῆς
3480 2072 3677 2141 σοφίας
3714 2069 3811 2123 τοῦ

2237 2162 2442 2233 βάθους
2461 2159 2574 2215 τῶν
2602 2161 2893 2233 κριμάτων
2922 2160 3092 2216 αὐτοῦ
3116 2177 3133 2194 ⁸
3164 2162 3248 2216 ὅτι
3274 2162 3696 2232 ἀνεξερεύνητοι
3725 2161 3821 2215 καὶ

2231 2254 2632 2325 ἀνεξιχνίαστοι
2660 2255 2719 2309 al
2744 2254 2857 2310 ὁδοὶ
2882 2254 3072 2310 αὑτοῦ.
3104 2255 3418 2328 Προσιλασε
3445 2254 3580 2324 γοῦν
3603 2254 3667 2309 τδ
3688 2255 3820 2325 πρός

2230 2367 2388 2422 τερον
2420 2349 2520 2417 τὴν
2549 2348 2784 2421 ἀδελφὴν
2803 2390 2820 2416 ,
2850 2348 3237 2422 προσελήψατο
3263 2348 3517 2421 δεύτερον
3541 2349 3639 2404 τὸν
3664 2348 3821 2402 αδελ-

2231 2441 2355 2510 φόν·
2382 2440 2538 2511 ζητεί
2565 2440 2658 2495 τὸν
2684 2440 2887 2509 τρίτον.
2919 2440 3017 2504 Τίς
3048 2440 3136 2512 εἴη
3184 2432 3379 2507 οῦτοςς
3425 2439 3492 2493 El
3522 2438 3628 2509 μὲν
3658 2436 3817 2507 αὐτὴ,

2234 2534 2380 2603 μέγα
2420 2532 2484 2586 τὸ
2526 2531 2826 2603 ἐγκώμιον.
2876 2531 3176 2603 Τριαδικῆς
3200 2531 3310 2603 γὰρ
3339 2530 3559 2603 μερίδος
3588 2529 3820 2582 ἔπαθλον

2230 2624 2489 2689 διανῦεις.
2517 2624 2699 2688 καλῶς
2737 2623 3079 2695 διαμείψασα
3120 2623 3211 2678 τὸν
3258 2623 3395 2694 βίον,
3420 2624 3609 2677 πάντα
3628 2621 3818 2675 ἀπολι-

2235 2716 2435 2783 ποῦσα,
2477 2717 2660 2771 πάντα
2706 2716 2874 2771 δοῦσα
2918 2716 3063 2789 Θεῷ,
3108 2715 3209 2789 τὴν
3240 2715 3505 2785 κεφαλὴν,
3535 2714 3609 2767 τά
3659 2714 3818 2784 μέλη,

2237 2810 2441 2882 σαυτήν
2463 2824 2480 2841 ⁸
2504 2811 2562 2864 tv
2589 2800 2825 2881 ἀσκήσει
2865 2808 3254 2881 κατατρίψασα
3279 2807 3341 2862 τὺ
3365 2806 3550 2879 τίμιόν
3583 2824 3680 2860 σου
3710 2806 3819 2858 σῶ-

2242 2919 2340 2974 μα·
2373 2900 2738 2957 πολύθλιπτον
2787 2901 2902 2974 βίον
2940 2899 3339 2969 διεξανῦσασαο
3379 2897 3586 2970 μᾶλλον
3628 2896 3688 2951 δὲ
3712 2897 3814 2964 τὴν

2239 2996 2432 3067 στενὴν
2454 2997 2551 3050 καὶ
2581 2995 2956 3066 τεθλιμμένην
2983 2993 3104 3049 ὁδὸν
3132 2992 3231 3047 τοῦ
3271 2992 3478 3064 Κυρίου
3512 2990 3776 3062 βαδίσασα
3800 3005 3815 3018 ο

547 3091 691 3144 viam
721 3104 964 3155 emensa,
996 3089 1201 3145 exitum
1240 3091 1294 3145 in
1326 3091 1467 3145 bona
1496 3100 1781 3146 senectute
1810 3108 1956 3148 nunc
1985 3109 2132 3163 quac-

2236 3088 2333 3144 καὶ
2357 3086 2453 3142 νῦν
2480 3089 2541 3141 tv
2570 3089 2733 3159 γήρει
2758 3086 2910 3159 καλῷ
2941 3084 3179 3158 ζητοῦσα
3217 3083 3318 3155 τὴν
3366 3084 3650 3139 ἀνάλυσιν.
3674 3084 3813 3135 Tatio

549 3185 643 3238 ris.
674 3182 833 3240 Hunc
861 3192 1043 3239 autem
1068 3198 1169 3257 ego
1199 3184 1468 3240 hactenus
1512 3185 1798 3255 deprecor.
1835 3184 2131 3251 Caeterum,

546 3277 794 3332 omnium
823 3276 1110 3348 optimum,
1152 3276 1299 3347 quod
1330 3276 1440 3333 Deo
1466 3277 1759 3348 placuerit.
1801 3276 1938 3345 Quis
1986 3278 2135 3334 enim

546 3369 853 3425 consultius
894 3384 1060 3440 quam
1092 3368 1183 3423 ille
1214 3369 1380 3425 rebus
1442 3369 1649 3425 nostris
1690 3370 2037 3441 prospiciet?
2065 3372 2138 3428 At

550 3471 606 3517 tu
656 3463 824 3529 salve,
874 3472 1070 3527 mater,
1119 3470 1177 3519 et
1223 3461 1436 3527 vivens,
1461 3471 1517 3518 et
1551 3471 1788 3518 mortua.
1820 3462 1939 3518 Non
1983 3463 2135 3519 enim

549 3555 823 3621 morieris,
860 3554 1122 3627 quoniam
1166 3554 1288 3611 viva
1334 3570 1414 3611 es.
1472 3554 1762 3611 Voluntate
1811 3565 2027 3612 mortua
2074 3572 2135 3613 es

548 3648 693 3713 vitae,
727 3648 856 3718 quia
888 3647 1095 3703 bonum
1123 3638 1403 3704 certamen
1447 3648 1667 3703 certasti
1698 3664 1713 3713 ;
1746 3647 1875 3719 quia
1902 3648 2136 3705 terrenis

548 3740 714 3796 rebus
744 3740 931 3795 orbata
957 3754 1038 3807 es,
1071 3749 1127 3795 ut
1156 3739 1461 3795 ctelcstium
1493 3740 1673 3795 adires
1716 3740 2090 3795 luereditatcm
2117 3757 2133 3805 ;

548 3832 678 3903 quia
729 3830 976 3901 martyrii
1023 3832 1329 3889 certamina
1384 3831 1507 3887 sine
1561 3831 1831 3903 sanguine
1907 3832 2136 3903 partici-

547 3923 695 3995 pasti
720 3940 735 3990 ;
766 3924 1012 3980 membra
1048 3932 1142 3979 tua
1168 3922 1374 3979 Christi
1405 3937 1593 3978 amore
1648 3937 1750 3978 nos
1777 3922 2131 3989 abscindens,

549 4032 742 4072 secura
793 4016 1032 4073 discedis
1080 4016 1359 4071 intestata.
1400 4011 1514 4070 Nec
1575 4014 1721 4069 enim
1775 4024 1861 4071 est
1903 4015 1972 4071 de
2021 4031 2131 4086 quo

549 4106 792 4171 testeris,
821 4115 1020 4176 prmter
1052 4114 1259 4161 vestem
1298 4113 1446 4160 tuam
1487 4104 1783 4169 cilicinam,
1819 4114 1877 4161 et
1908 4106 1956 4162 si
1987 4106 2135 4177 quod

547 4196 699 4253 aliud
729 4206 817 4254 est
844 4197 1028 4268 inopis
1060 4197 1188 4253 vitae
1236 4196 1691 4253 instrumentum.
1747 4197 1959 4253 Nudam
2002 4199 2135 4255 hinc

542 4283 660 4353 jam
690 4284 801 4338 Deo
831 4292 884 4338 te
928 4284 1098 4349 sistis,
1156 4300 1349 4356 puram
1372 4302 1404 4340 a
1431 4285 1692 4340 sordibus
1739 4288 1975 4343 terrenis
2009 4288 2134 4343 ani-

551 4392 695 4430 mam
724 4392 943 4448 gerens.
993 4377 1175 4433 Habes
1221 4386 1406 4433 tamen
1431 4377 1579 4448 quod
1608 4377 1771 4434 nobis
1829 4380 2130 4451 relinquas,

2233 3196 2337 3249 την
2369 3178 2550 3233 τοίνυν
2575 3179 2888 3251 ἀπεύχομαι
2915 3178 3056 3241 τέως
3081 3178 3231 3251 ἄρτι.
3268 3174 3435 3247 Πλὴν,
3465 3174 3761 3245 κράτιστον
3788 3174 3820 3224 ὃ

2234 3268 2312 3341 τῷ
2344 3270 2466 3342 Θεῷ
2512 3269 2687 3340 φίλον,
2731 3270 2828 3325 καὶ
2874 3268 2960 3333 τίς
2997 3267 3346 3338 οἰκειοτέρως
3390 3266 3461 3319 τὰ
3505 3267 3638 3336 περὶ
3671 3264 3821 3335 ἡμᾶς

2237 3361 2584 3433 βουλεύσεται
2638 3361 2773 3435 ἄτερ
2826 3359 3034 3429 altam”);
3075 3358 3238 3414 Ἀλλά
3276 3375 3366 3429 μοι
3410 3360 3593 3430 χαῖρε,
3620 3357 3818 3427 μῆτερ,

2235 3457 2331 3509 καὶ
2365 3454 2539 3520 ζῶσα,
2569 3454 2666 3509 καὶ
2705 3453 3050 3526 κοιμωμένη.
3082 3453 3159 3507 Οὐ
3184 3454 3291 3523 γὰρ
3336 3451 3636 3522 τεθνήξεις,
3683 3447 3820 3501 διότι

2236 3546 2388 3611 ζῶσα
2418 3542 2507 3601 εἳ·
2541 3547 2866 3619 προαιρέσει
2926 3544 3319 3617 άπενεκρώθης
3368 3542 3449 3616 τῷ
3495 3542 3634 3614 βίῳσ
3684 3541 3819 3595 διότι

2236 3639 2399 3693 καλὸν
2432 3638 2620 3706 ἀγῶνα
2655 3638 2956 3708 ἠγώνισαι·
2988 3638 3123 3691 διότι
3172 3636 3479 3707 ἐστερήθης
3523 3634 3635 3686 τῶν
3692 3635 3818 3686 tm-

2234 3730 2425 3800 γείων,
2450 3730 2541 3785 ἴνα
2567 3729 2638 3783 τὰ
2670 3728 2901 3801 οὐράνια
2941 3729 3360 3801 κληρονομήσῃς
3377 3743 3392 3758 ο
3415 3726 3549 3780 διότι
3576 3727 3694 3788 τοῖς
3722 3723 3820 3777 τοῦ

2238 3822 2544 3895 μαρτυρίου
2589 3821 2875 3893 ὡμίλησας
2898 3820 3081 3886 ἄθλοις
3109 3819 3380 3891 ἀναιμωτί
3399 3835 3416 3852 ’
3446 3819 3517 3873 τά
3552 3818 3689 3890 μέλη
3725 3835 3823 3871 σου

2234 3915 2385 3988 ἡμᾶς
2407 3912 2758 3985 ἀποτεμοῦσα
2778 3913 2869 3969 διά
2894 3910 2994 3985 τὴν
3008 3913 3233 3985 ἀγάπην
3253 3913 3346 3967 τοῦ
3367 3912 3575 3984 Κυρίου
3598 3928 3613 3942 ο
3627 3912 3825 3982 ἀμέρι.

2239 4025 2370 4081 μνος
2388 4006 2939 4080 άπέρχῃ,άδιάθετος.
2964 4005 3040 4061 Οὐ
3067 4007 3174 4079 γὰρ
3196 4007 3430 4078 πάρεστί
3447 4006 3530 4060 σοί
3551 4022 3607 4058 τι
3637 4005 3821 4060 διαθέ-

2238 4101 2381 4167 σθαι,
2411 4102 2445 4173 ἢ
2469 4104 2529 4156 τὸ
2548 4101 2752 4173 ἐνδυμά
2779 4118 2873 4155 σου
2904 4103 2964 4155 τὸ
3002 4102 3262 4173 τρίχινον,
3286 4102 3380 4155 καὶ
3422 4100 3478 4153 εί
3494 4118 3547 4154 τι
3571 4100 3703 4153 άλλο
3724 4099 3822 4169 τῆς

2235 4193 2575 4249 ὰσκευάστου
2626 4191 2772 4263 ζωῆς
2809 4191 3038 4263 σχέδιον.
3079 4192 3434 4246 ’Δπεντεῦθεν
3477 4191 3579 4263 ἤδη
3633 4194 3821 4260 γυμνὴ

2235 4284 2571 4357 παρίστασαι
2592 4282 2669 4355 τῷ
2684 4281 2823 4354 Θεῷ,
2842 4282 3088 4351 καθαρὰν
3117 4282 3215 4352 τῆς
3239 4280 3347 4336 τῶν
3374 4280 3517 4335 ὑλῶν
3545 4278 3822 4351 βορϐορὼ-

2238 4393 2377 4440 σεως
2404 4375 2645 4447 φέρουσα
2669 4373 2770 4446 τὴν
2816 4373 3017 4446 ψυχήν.
3056 4374 3242 4443 Ἔχεις
3267 4373 3314 4426 δ’
3336 4374 3363 4426 ὃ
3388 4389 3442 4426 τι
3466 4372 3600 4442 ἡμῖν
3647 4387 3822 4423 κατα-

549 4467 784 4524 validam
812 4468 1205 4539 preCationem,
1261 4485 1423 4540 quam
1470 4486 1641 4541 prope
1687 4470 1868 4528 adhuc
1908 4473 2132 4530 infanti-

2238 4466 2463 4538 λείψεις,
2492 4466 2590 4538 τὴν
2620 4465 2891 4538 κραταιάν
2939 4464 3127 4536 εὐχὴν,
3162 4465 3229 4534 ἢν
3275 4462 3368 4516 καὶ
3415 4463 3631 4533 νηπίοις
3683 4464 3822 4532 ἡμῖν

550 4560 654 4615 bus
683 4560 844 4615 nobis
874 4560 1245 4631 impertiebas,
1281 4562 1565 4617 nocturnis
1622 4562 1776 4619 horis
1815 4565 2041 4637 signans
2074 4577 2134 4623 et

548 4651 900 4721 consignans,
935 4666 1127 4720 preces
1156 4665 1255 4723 pro
1284 4650 1445 4706 nobis
1475 4651 1709 4709 Domino
1740 4671 2136 4729 usquequaque

552 4742 815 4798 oll'erens.
870 4740 1174 4813 Relinques
1223 4752 1279 4799 et
1323 4743 1615 4817 impigram
1663 4754 1812 4802 tuam
1841 4748 1896 4803 in
1930 4750 2133 4807 divinis

551 4833 790 4905 liturgiis
813 4832 1172 4905 diligentiam,
1200 4836 1447 4893 studium
1487 4838 1761 4895 castitatis
1794 4850 1852 4896 et
1884 4842 2130 4909 virtutis,

549 4936 607 4980 et
634 4926 987 4996 apostolicam
1035 4926 1418 4998 gloriationem
1456 4929 1683 4987 laboris.
1728 4930 1941 4989 Revera
1986 4935 2135 4991 enim

551 5016 820 5089 plurimus
848 5022 1160 5071 sanctarum
1196 5032 1454 5073 manuum
1471 5030 1686 5077 tuarum
1720 5021 1875 5078 labor
1902 5024 2130 5089 exstitit,

550 5105 881 5178 operuitque
913 5122 979 5162 ac
1025 5107 1178 5173 fovit,
1227 5124 1339 5164 non
1381 5125 1483 5166 nos
1515 5113 1685 5181 solos,
1710 5114 1809 5170 sed
1832 5124 1888 5170 et
1936 5115 2134 5171 fratres

551 5199 716 5255 simul
763 5200 1077 5263 universos.
1142 5200 1235 5269 qui
1273 5210 1327 5257 te
1358 5217 1463 5259 ceu
1507 5215 1738 5261 matrem
1791 5208 2132 5279 spiritualem

551 5299 936 5363 agnoscentes,
986 5293 1359 5365 colentesque,
1393 5312 1650 5369 peraeque
1692 5309 1754 5355 ut
1806 5316 1907 5355 nos
1945 5301 2048 5371 ipsi
2082 5311 2135 5357 te

551 5387 744 5457 lugent
776 5394 833 5441 et
866 5386 1142 5441 invocant.
1178 5385 1307 5442 llaec
1332 5404 1455 5458 quas
1483 5391 1725 5445 nondum
1780 5401 1910 5446 sunt
1935 5392 2135 5448 litteris

554 5476 888 5542 etiinximus,
915 5476 1348 5534 consolationem
1383 5479 1541 5534 nobis
1567 5481 1701 5551 ipsis
1734 5491 2038 5552 captantes,
2077 5497 2135 5540 et

550 5571 738 5625 cordis
761 5569 935 5624 nostri
957 5584 1201 5633 sensum,
1234 5586 1397 5640 quem
1424 5572 1538 5643 ipsa
1568 5573 1731 5628 etiam
1762 5590 1861 5645 per
1892 5584 1944 5631 te
1966 5578 2133 5647 nosti,

557 5662 971 5733 patefacientes.
1007 5662 1123 5733 Ego
1153 5662 1340 5730 igitur,
1368 5673 1543 5721 mater
1574 5676 1782 5733 sancta,
1813 5677 1876 5724 ut
1900 5672 2136 5729 maxime

562 5754 783 5835 vellem,
805 5754 951 5827 quod
975 5761 1027 5810 te
1050 5770 1159 5809 non
1186 5754 1337 5822 latet,
1366 5757 1551 5814 venire
1582 5775 1688 5815 non
1721 5761 1892 5833 potui,
1914 5770 2134 5835 propter

2237 4551 2356 4609 οῦσι
2385 4556 2571 4626 σχεδὸν
2600 4555 2975 4625 κατέπεμπες,
3019 4553 3325 4625 σημειοῦσα
3367 4553 3464 4607 καὶ
3496 4569 3820 4623 κατασφρα-

2237 4646 2467 4717 γίζουσα
2497 4648 2557 4701 tv
2582 4649 2707 4711 ταῖς
2739 4648 3088 4718 νυκτεριναῖς
3112 4644 3309 4717 ὥραις,
3338 4644 3489 4710 λιτάς
3518 4645 3636 4700 ἀνθ’
3660 4646 3825 4715 ἡμῶν

2234 4741 2315 4814 τῷ
2351 4743 2545 4814 Κυρίῳ
2572 4743 2632 4796 tv
2666 4740 2834 4797 παντὶ
2872 4739 3051 4812 καιρῷ
3094 4741 3504 4811 προσφέρουσα.
3538 4741 3823 4795 Καταλεί-

2234 4835 2359 4906 ψεις
2403 4835 2461 4890 δὲ
2501 4835 2596 4888 καὶ
2633 4834 2696 4888 τὸ
2732 4834 2931 4889 άοκνόν
2962 4849 3061 4885 σου
3095 4834 3153 4886 tv
3197 4834 3321 4895 ταῖς
3355 4832 3534 4897 θείαις
3569 4832 3825 4905 λειτουρ-

2235 4928 2403 4997 γίαις,
2446 4927 2543 4981 καὶ
2577 4926 2861 4995 φίλαγνον,
2898 4924 2998 4978 καὶ
3042 4923 3357 4989 σπουδαῖον,
3404 4924 3503 4979 καὶ
3560 4924 3628 4978 τὸ
3676 4924 3824 4977 άπο-

2237 5020 2485 5074 στολικδν
2513 5019 2777 5091 καύχημα
2805 5017 2899 5072 τοῦ
2944 5017 3218 5087 καμάτου.
3243 5016 3336 5089 Τῷ
3363 5016 3477 5071 δντι
3504 5016 3616 5087 γὰρ
3650 5017 3823 5082 πολὺς

2236 5114 2484 5185 κάματος
2516 5113 2583 5166 ὲκ
2614 5111 2727 5165 τῶν
2766 5110 2933 5164 ὁσίων
2978 5126 3074 5163 σου
3116 5108 3327 5181 χειρῶν
3360 5108 3674 5180 ἐξελήλυθε,
3721 5114 3823 5163 καὶ

2233 5205 2567 5259 διεσκέπασι
2612 5205 2709 5259 καὶ
2755 5202 3067 5273 διὲθαλψεν,
3102 5201 3202 5273 οὐχ
3235 5202 3384 5271 ἡμᾶς
3429 5203 3650 5272 μόνους,
3676 5202 3824 5256 ἀλλὰ

2235 5298 2331 5353 καὶ
2388 5297 2608 5352 ἃπασαν
2652 5297 2753 5368 τὴν
2803 5295 3173 5365 ἀδελφότητα⁸
3223 5294 3275 5347 οἳ
3323 5293 3421 5347 καὶ
3470 5293 3549 5357 ὡς
3601 5296 3825 5367 μητέρα

2237 5388 2616 5459 πνευματικὴν
2659 5386 2873 5457 ἔχοντές
2923 5400 2984 5438 σε
3029 5385 3127 5439 ttal
3180 5383 3562 5454 περιέποντες,
3593 5386 3663 5437 τὰ
3724 5385 3823 5440 ἶσα

2235 5481 2370 5552 ἡμῖν
2415 5477 2861 5534 καταλυποῦνταί
2898 5494 2958 5531 σε
3003 5477 3101 5530 καὶ
3148 5475 3575 5531 ἀνακαλοῦνται.
3602 5478 3820 5541 Ταῦτα,

2234 5573 2312 5637 ὡς
2339 5572 2417 5645 μὴ
2442 5572 2726 5642 γινόμενα,
2758 5568 3213 5641 ὶσχηματίσαμεν
3254 5570 3314 5623 tv
3347 5571 3463 5633 τοῖς
3492 5570 3823 5641 γράμμασι,

2236 5662 2585 5737 παρηγορίαν
2610 5664 2743 5735 ἡμῖν
2763 5663 2948 5726 αὐτοῖς
2974 5660 3278 5728 ποιοῦντες,
3309 5664 3408 5715 καὶ
3437 5662 3823 5718 ὑποδεικνύονο

2238 5758 2328 5823 τές
2363 5774 2447 5812 σοι
2480 5755 2549 5811 τὰ
2587 5755 2687 5827 τῆς
2725 5754 2952 5829 καρδίας
2983 5753 3161 5826 ἡμῶν,
3197 5753 3345 5824 ἅπερ
3374 5754 3471 5810 καὶ
3500 5755 3565 5821 ἐξ
3604 5757 3814 5827 ἑαυτῆς
