4064 6372
254 345 362 414 929

1480 355 2018 420 EPISTULARUM
2056 359 2202 420 LIB.
2246 360 2293 419 Ι.

3411 357 3519 423 930

255 460 578 516 tulerant.
621 458 765 530 Ἐγὼ
791 460 994 528 τοίνυν,
1023 463 1200 536 μῆτέρ
1233 481 1338 535 μου
1370 465 1524 536 ἁγία,
1546 468 1624 533 ὡς
1648 462 1832 534 οἶσθα,

1944 484 2126 525 curam
2151 487 2275 542 quae
2303 472 2525 545 indigno
2552 472 2686 529 mihi
2708 472 2902 530 nescio
2925 487 3031 544 qua
3061 471 3270 528 ratione
3302 472 3513 527 incum-

256 554 306 607 εἰ
332 554 428 607 καὶ
454 552 649 624 ῆθελον
682 553 969 621 εἰσελθεῖν,
1004 557 1109 609 οὐκ
1135 552 1283 629 εἶχον
1308 558 1424 629 (Η)
1458 559 1595 625 πῶς,
1625 560 1714 615 διὰ
1738 562 1840 632 τὴν

253 644 516 716 φροντίδα
546 644 648 717 τήν
680 645 1044 719 ἐπικειμένην
1079 665 1172 719 μοι
1195 649 1454 716 ἀναξίως,
1476 652 1572 705 καὶ
1600 651 1701 706 οὐκ
1723 649 1839 707 οἶδα

254 736 396 807 ποίῳ
428 737 597 808 λόγῳ.
639 737 729 804 Ὦς
752 737 1067 809 θαυμαστὸν
1095 740 1224 812 γὰρ,
1257 744 1445 813 φησὶν,
1471 745 1519 797 εί
1551 745 1645 798 καὶ
1666 745 1839 799 Σαοὺλ

253 830 312 881 ὲν
336 830 646 899 προφήταις
665 844 680 859 ⁸
713 830 808 884 καί
837 847 901 898 γε
939 831 1035 885 καὶ
1063 832 1340 904 Θεόδωρος
1380 836 1438 888 ὲν
1482 835 1835 906 ήγουμένοις.

252 921 428 975 Τοῦτό
457 938 523 991 με
550 916 722 992 εἶρξε,
751 921 911 977 τοῦτό
938 941 1005 993 με
1035 925 1359 998 ἰδέσμησεν.
1400 927 1556 981 Ἐπεὶ
1582 928 1832 999 σιδηραῖς

252 1013 511 1067 ἁλύσεσιν
559 1016 610 1069 εί
657 1012 726 1086 ἦν
761 1018 1223 1089 κατεπιασμένος,
1260 1019 1586 1092 διέῤῥησσον
1634 1022 1833 1088 αὐτὰς,

251 1106 347 1157 καὶ
399 1104 507 1174 πρὸ
557 1104 856 1177 προσώπου
896 1124 990 1160 σου
1025 1109 1284 1180 ἱστάμην.
1314 1110 1429 1165 Νῦν
1456 1111 1513 1165 δὲ
1544 1111 1667 1165 ἀντὶ
1695 1113 1832 1183 ἐμοῦ

250 1195 478 1266 ἔπεμψά
525 1214 610 1250 σοι
656 1198 751 1251 τὸν
804 1198 1179 1271 πρεσΰύτερον
1207 1202 1292 1265 εἰς
1329 1204 1536 1274 μικρὰν
1578 1222 1835 1276 παραμυ-

255 1287 402 1352 θίαν,
428 1289 509 1342 ὅτι
550 1289 644 1342 καὶ
681 1289 846 1355 αὑτός
871 1307 957 1344 σοι
983 1292 1221 1364 ποθητός
1272 1295 1368 1348 καὶ
1393 1295 1579 1366 τίμιος
1602 1312 1617 1328 ο
1652 1297 1743 1352 ἰνα
1774 1298 1835 1351 ἐν

249 1382 667 1454 πᾶσισυμπαρῇ
697 1386 764 1454 τῇ
791 1383 1049 1457 ἀσθενείᾳ
1079 1402 1197 1451 σου,
1220 1386 1689 1458 ἐπισκεπτόμενος
1737 1391 1834 1445 καί

248 1473 558 1543 φροντίζων
588 1474 659 1529 τὰ
693 1473 912 1537 δέοντα·
951 1476 1055 1530 κᾶν
1084 1494 1141 1530 τε
1176 1477 1446 1551 ἐπιμένῃς
1489 1480 1549 1532 ὲν
1585 1482 1698 1544 τοῖς
1732 1482 1833 1535 αὐ-

245 1562 388 1626 τόθι,
428 1562 694 1637 ἐπιμένῃ·
730 1563 832 1617 κᾶν
854 1581 914 1618 τε
953 1566 1175 1637 ἐξέρχῃ,
1208 1566 1670 1639 συνεξερχόμενος
1714 1571 1833 1641 ἅμα

244 1651 328 1723 τῷ
369 1654 661 1727 οἰκονόμῳ.
692 1656 918 1723 Λοιπὸν,
944 1657 1020 1723 ώς
1051 1658 1308 1713 εὐοδώσει
1338 1659 1367 1712 ὁ
1406 1659 1562 1727 Θεὸς,
1598 1659 1694 1714 καὶ
1733 1662 1830 1730 φέ-

245 1763 335 1815 ρει
365 1748 399 1818 ή
422 1747 709 1811 ἀσθένεια,
744 1746 942 1815 οὕτως,
976 1748 1153 1822 μῆτέρ
1181 1767 1285 1822 μου
1316 1751 1494 1822 τιμία,
1523 1751 1619 1806 καὶ
1645 1752 1829 1820 διαγε-

1941 560 2040 615 bit.
2079 560 2383 617 Mirandum
2413 564 2583 630 enim,
2635 564 2732 630 ait,
2778 564 2827 619 si
2862 563 3027 618 etiam
3060 562 3191 618 Saul
3219 561 3362 617 inter
3390 576 3523 631 pro-

1938 651 2133 720 pltetas
2159 653 2205 685 “
2234 671 2250 717 ;
2284 654 2472 724 utique
2498 654 2546 710 si
2577 663 2634 710 et
2661 654 2987 711 Theodorus
3008 654 3151 708 inter
3173 652 3518 723 prepositus.

1939 739 2055 797 Hoc
2072 758 2160 797 me
2187 744 2445 812 inhibuit,
2477 746 2583 802 hoc
2598 762 2687 803 me
2713 746 3061 803 constrinxit.
3098 744 3231 799 Nam
3259 744 3306 798 si
3328 743 3522 799 ferreis

1936 836 2147 889 catenis
2178 837 2427 909 alligatus
2457 838 2707 904 fuissem,
2748 838 3138 909 perfregissem
3185 837 3326 902 illas,
3380 846 3437 892 et
3464 835 3519 890 in

1936 927 2112 983 oculis
2168 929 2275 985 tuis
2298 946 2643 1001 apparerem.
2693 932 2852 987 Nunc
2900 948 3030 987 vero
3069 931 3187 986 vice
3228 944 3350 985 mea
3344 945 3521 1027 {pre-

1937 1018 2217 1089 sbyterum
2269 1022 2336 1077 ad
2370 1030 2424 1078 te
2455 1024 2576 1078 misi
2626 1024 2855 1079 modicae
2895 1022 3286 1078 consolationis
3329 1018 3518 1092 gratia,

1935 1110 2379 1180 quandoquidem
2423 1114 2471 1168 is
2512 1115 2675 1169 etiam
2710 1123 2895 1185 gratus
2953 1123 3008 1168 et
3056 1128 3220 1168 carus
3265 1119 3351 1167 est
3401 1111 3520 1175 tibi,

1936 1211 1996 1257 ut
2018 1202 2073 1257 iu
2097 1206 2354 1261 omnibus
2404 1217 2603 1277 pnnsto
2650 1209 2726 1263 sit
2754 1207 3060 1263 infirmitati
3097 1216 3224 1269 tute,
3279 1217 3522 1275 congrua

1934 1297 2116 1352 omnia
2145 1299 2440 1367 providens
2488 1308 2547 1355 et
2589 1315 2913 1369 procurans,
2983 1306 3045 1353 ut
3078 1297 3193 1353 sive
3238 1296 3363 1351 istic
3409 1309 3524 1349 ma-

1936 1403 2094 1453 neas,
2129 1405 2240 1444 una
2287 1399 2529 1453 maneat.
2581 1391 2698 1447 sive
2742 1391 2927 1457 abeas,
2970 1389 3132 1445 simul
3184 1388 3345 1443 abeat
3396 1400 3521 1440 cum

1934 1495 2245 1536 (economo.
2283 1481 2584 1548 Craterum,
2630 1482 2779 1537 sicut
2824 1482 3023 1552 diriget
3072 1481 3238 1541 Deus.
3285 1489 3341 1534 et
3386 1481 3525 1533 feret

1933 1571 2244 1639 inﬁrmitas,
2282 1573 2361 1628 sic
2390 1588 2576 1643 perge,
2623 1574 2936 1629 veneranda
2999 1579 3172 1626 mater
3219 1586 3359 1629 mea.
3422 1584 3525 1624 nec

1932 1680 2096 1736 supra
2118 1665 2261 1720 vires
2290 1664 2580 1728 contende,
2611 1664 2797 1734 egredi
2820 1662 3108 1718 festinans.
3136 1662 3312 1718 Citius
3339 1672 3524 1725 autem

1931 1758 2203 1830 quomodo
2233 1757 2290 1812 in
2324 1758 2519 1812 morbo
2546 1765 2597 1812 te
2636 1757 2841 1812 habeas
2867 1756 3050 1811 indica
3079 1756 3262 1815 nobis.
3302 1762 3361 1809 ut
3384 1769 3525 1824 pan-

244 1837 365 1899 νοῦ,
393 1839 488 1893 καὶ
523 1838 600 1911 μὴ
629 1840 773 1912 ὑπὲρ
806 1839 1041 1912 δύναμιν
1082 1843 1255 1916 ταθῇς
1292 1844 1523 1900 θέλουσα
1557 1845 1824 1911 ἐξελθεῖν.

1944 1823 2097 1915 lisper
2118 1858 2448 1900 recreemur.
2475 1843 2753 1899 Canonem
2782 1842 2878 1898 tibi
2902 1843 3087 1898 statim
3111 1842 3306 1897 fratres
3331 1823 3526 1895 omnes

245 1930 452 2000 Τάχιον
505 1930 562 1985 δὲ
612 1931 764 1997 ὅπως
814 1932 1048 2006 διαφέρῃ
1097 1935 1157 1989 ὲν
1214 1938 1282 2009 τῇ
1336 1938 1500 2009 νόσῳ,
1532 1940 1830 2008 διάγνωσιν

1944 1936 2335 2009 pependerunt,
2364 1944 2420 1990 et
2437 1936 2755 1991 continuam
2779 1950 2878 2004 pro
2902 1934 3079 1989 salute
3096 1940 3188 1989 tua
3215 1932 3521 1988 orationem

245 2022 470 2091 πέμψον
502 2024 656 2094 ἡμῖν,
690 2024 778 2078 ἵνα
809 2025 1214 2099 εὐψυχήσωμεν
1253 2030 1474 2101 μικρόν.
1518 2032 1739 2086 Κανόνα
1770 2032 1831 2086 δὲ

1944 2028 2162 2084 habent.
2193 2025 2420 2097 Largire
2442 2026 2605 2082 nobis
2632 2033 2853 2081 sanctas
2889 2039 3083 2096 preces
3112 2033 3255 2089 tuas,
3291 2023 3525 2078 benedic

244 2114 456 2177 εόθὲως
514 2116 719 2181 πάντες
765 2118 818 2171 οἰ
877 2118 1101 2189 ἀδελφοὶ
1150 2120 1420 2191 ἐποίησάν
1451 2122 1563 2194 (12)
1600 2141 1707 2190 σοι,
1738 2124 1834 2177 καὶ

1944 2120 2105 2175 nobis
2154 2118 2426 2174 maternis
2465 2118 2832 2175 muneribus:
2890 2118 3224 2188 amplectere
3280 2131 3383 2171 nos
3427 2129 3527 2185 per

243 2205 419 2276 εὐχὴν
445 2206 631 2283 ἔχουσι
676 2208 903 2281 διηνεκῆ
930 2212 1064 2283 περὶ
1088 2211 1190 2282 τῆς
1213 2212 1406 2282 ὑγείας
1439 2231 1558 2271 σου.
1593 2215 1834 2288 Χάρισαι

1944 2211 2171 2269 litteras.
2204 2209 2281 2265 Da
2306 2209 2470 2265 nobis
2495 2225 2709 2280 pacem,
2742 2224 2909 2280 quam
2935 2222 3035 2280 per
3058 2206 3261 2262 Christi
3291 2204 3524 2277 gratiam

245 2297 383 2365 ἡμῖν
425 2299 526 2368 τὴν
556 2298 718 2368 ἁγίαν
739 2316 834 2354 σου
866 2300 1033 2373 εὐχήν
1055 2316 1070 2331 ’
1104 2302 1400 2375 εὐλόγησον
1451 2305 1602 2375 ήμᾶς
1633 2321 1834 2377 μητρι-

1944 2303 2139 2369 habes,
2166 2310 2222 2358 et
2250 2302 2505 2357 habitura
2538 2316 2599 2356 es
2629 2301 2683 2355 in
2713 2301 2913 2358 saecula
2935 2300 3289 2357 saeculorum.

242 2396 374 2457 καίς
408 2394 671 2467 δωρεαίς’
698 2395 941 2453 ἄσπασαι
963 2398 1114 2469 ἡμᾶς
1144 2399 1233 2455 διὰ
1256 2399 1353 2453 τοῦ
1376 2402 1730 2473 γράμματος.
1796 2398 1899 2465 Δὸς
1959 2399 2096 2471 ήμίν
2158 2396 2259 2471 τῆν
2317 2397 2569 2470 εἰρήνην,
2599 2396 2667 2469 ῆν
2715 2396 2861 2467 ἔχεις
2889 2395 2982 2451 διὰ
3035 2394 3136 2466 τῆς
3176 2393 3399 2467 χάριτος
3431 2390 3525 2447 τοῦ

242 2490 514 2562 Χριστοῦ,
547 2493 640 2547 καὶ
667 2491 811 2557 ἕξεις
841 2493 922 2558 είς
951 2494 1159 2559 αἰῶνας
1189 2495 1423 2552 αἰώνων.

637 2609 713 2662 Z'.
733 2634 807 2650 -ο
832 2605 1059 2677 Εἰρήνῃ
1088 2609 1461 2680 Βασιλίσσῃ.

2370 2606 2482 2662 VII.
2509 2606 2764 2661 -Ινιγιω
2805 2605 3079 2677 Auguste.

999 2720 1180 2772 lrenen
1201 2723 1369 2774 laudat
1390 2723 1524 2786 quod
1548 2722 1737 2777 tributa
1757 2725 2083 2777 relaxaverit.
2111 2723 2313 2787 (Baron.
2339 2737 2417 2773 an.
2443 2722 2554 2782 801,
2579 2736 2627 2773 n.
2652 2722 2757 2784 22.)

322 2826 524 2895 Φωνὴ,
559 2827 749 2899 φησὶν,
773 2820 844 2880 ἐκ
861 2825 1050 2898 Ῥαμᾷ
1075 2826 1373 2899 ἠκούσθη,
1392 2831 1421 2883 ό
1455 2828 1831 2885 θεοπτικώτα-

244 2938 347 2982 τος
387 2918 694 2989 Ἱερεμίας·
725 2917 947 2988 θρῆνος
1000 2919 1102 2974 καί
1138 2920 1400 2990 ὀδυρμὸς
1428 2923 1663 2990 πολύςο
1706 2922 1838 2976 Ῥα-

246 3005 380 3076 χὴλ
406 3008 541 3059 τότε
561 3007 866 3060 κλαίουσα
904 3006 978 3061 τὰ
1019 3006 1202 3063 τέκνα
1245 3009 1458 3078 αὐτῆς.
1494 3011 1577 3065 Τὰ
1604 3012 1662 3066 δὲ
1695 3029 1840 3085 παρ-

247 3099 390 3151 όντα
413 3091 504 3152 οἷα
528 3097 625 3152 καὶ
655 3098 857 3170 ήλίκας
888 3098 1059 3152 Πόθεν
1088 3116 1190 3153 που
1226 3100 1375 3171 χθὲς,
1392 3101 1653 3156 δέσποινα
1683 3103 1843 3175 ἡμῶν

248 3187 575 3257 πανάγαθε,
616 3189 991 3257 ἀναφανέντες
1022 3189 1250 3259 ἄγγελοι
1289 3189 1386 3244 τοῦ
1426 3192 1571 3262 ἰεροῦ
1597 3209 1692 3246 σου
1733 3211 1842 3246 πα-

250 3281 474 3345 λατίου,
503 3280 599 3334 καὶ
627 3279 1017 3344 ἀκουτίσαντες
1034 3282 1169 3351 ἡμῖν
1198 3280 1379 3345 πάσας
1415 3284 1516 3346 τὰς
1547 3284 1848 3355 γεγενημέ-

250 3391 356 3431 νας
386 3389 482 3425 σου
505 3371 616 3425 τῶν
644 3371 822 3444 ἔργων
846 3371 975 3445 ἄρτι
989 3371 1250 3441 αἰνέσεις;
1279 3375 1533 3444 Ἤχησαν
1560 3375 1715 3447 ἡμῶν
1741 3376 1849 3447 ἀμ-

250 3465 468 3535 φότερα
492 3462 568 3527 ὡς
592 3463 811 3535 ἀληθῶς
840 3462 909 3518 τὰ
946 3457 1083 3518 ὦτα.
1112 3463 1178 3517 Τί
1212 3465 1540 3537 τοιγαροῦν;
1567 3468 1648 3520 ὅτι
1701 3462 1847 3537 ῆρας

253 3555 603 3627 συσσεισμδν
632 3554 698 3628 υ.
737 3555 1048 3630 σύσσημον]
1069 3560 1127 3613 ὲν
1148 3562 1260 3624 τοῖς
1284 3558 1486 3631 πέρασι
1510 3558 1849 3629 τηλικαύτης

250 3650 586 3713 εὐσεϐείας·
617 3651 713 3705 καὶ
758 3651 870 3705 ἰδοὺ
917 3651 1118 3722 ἥκουσί
1163 3670 1247 3708 σοι
1296 3653 1745 3724 κυκλοτέρωθεν,
1772 3655 1848 3718 ὡς

250 3745 486 3815 νεφέλαι
520 3744 844 3813 πετόμεναι,
882 3743 1031 3797 λιταὶ
1070 3735 1452 3816 παμπληθεῖς,
1489 3745 1848 3817 γεραίρουσαι

250 3840 349 3893 τὸν
393 3837 529 3897 Θεὸν
562 3836 704 3908 ὑπὲρ
734 3836 846 3891 τῶν
872 3836 1072 3891 αἰσίων
1117 3855 1213 3891 σου
1244 3838 1671 3909 καταπράξεων.
1702 3838 1847 3909 Φρά-

253 3931 313 3993 ζε
345 3931 509 4000 ἡμῖν,
538 3923 583 3984 ὦ
607 3929 887 3992 δέσποινα,
910 3928 994 3993 τίς
1017 3930 1045 3982 ὁ
1065 3930 1394 3993 ἐπιδισάσας
1422 3948 1520 3985 σου
1551 3931 1641 3984 τὸν
1670 3930 1845 3985 καθα-

253 4023 513 4093 ρώτατον
572 4021 698 4076 νοῦν
743 4023 839 4076 ἐπὶ
873 4023 944 4076 τὰ
975 4021 1087 4093 ῦψη
1118 4020 1229 4075 τῶν
1260 4023 1550 4093 νοημάτων
1584 4023 1685 4093 τῆς
1715 4024 1848 4095 ἀλη-

250 4112 447 4175 θείας’
478 4109 620 4164 ὥστε
633 4111 711 4175 ὡς
741 4112 850 4167 ἀπὸ
868 4113 1101 4175 σκοπιᾶς
1129 4129 1280 4176 τινος
1300 4111 1516 4182 ὑψηλῆς
1566 4110 1845 4183 μετεώρου

251 4204 613 4277 καταθρῆσαι
646 4203 716 4258 τὰ
753 4205 979 4259 τοιαῦτα
1017 4204 1225 4275 ἀρεστὰ
1252 4204 1373 4276 Θεῷ
1418 4204 1512 4258 καί
1560 4205 1726 4271 eota;
1762 4205 1850 4258 Δί-

251 4298 427 4363 δαξον
453 4296 579 4351 ὅθεν
605 4313 689 4351 σοι
704 4298 733 4351 ό
751 4296 853 4368 τῆς
873 4297 1157 4360 εὐσεϐείας
1179 4296 1436 4360 τοσοῦτος
1458 4296 1601 4368 έρως
1617 4299 1845 4369 ἐνέσκη-

249 4390 354 4460 ψε·
404 4389 587 4454 καλῶς
616 4388 1055 4462 ἀπληστεύεσθαι
1074 4389 1146 4443 τὰ
1166 4389 1462 4461 θεάρεστα,
1487 4391 1581 4443 καὶ
1606 4390 1686 4453 εἰς
1705 4389 1848 4462 ὕπερ

252 4483 459 4538 ἐλάσαι
488 4480 705 4552 φειδοῦς
732 4483 833 4553 τῆς
860 4482 1003 4555 ὑπὲρ
1028 4482 1135 4536 τῶν
1150 4480 1497 4553 Χριστιανῶν
1516 4482 1758 4554 ψυχικῆς
1786 4500 1846 4536 τε

2011 2827 2126 2883 Vox
2154 2829 2211 2883 in
2235 2827 2407 2883 Roma
2439 2827 2628 2880 audita
2658 2835 2753 2891 est,
2774 2824 2850 2879 ait
2872 2823 3145 2880 visionum
3171 2821 3268 2877 Dei
3312 2829 3525 2892 Specta-

1936 2928 2024 2976 tor
2066 2918 2353 2984 Jeremias,
2406 2916 2644 2984 ploratus
2697 2925 2745 2969 et
2782 2913 3019 2968 ululatus
3068 2913 3305 2977 multus;
3333 2910 3530 2967 Rachel

1940 3020 2055 3066 tum
2112 3009 2331 3081 plorans
2369 3008 2507 3078 ﬁlios
2530 3024 2651 3061 suos
2670 3007 2737 3061 ".
2772 3005 2929 3061 Nunc
2957 3021 3087 3060 vero
3108 3004 3311 3076 qualia,
3340 3013 3398 3059 et
3422 3020 3531 3059 cu-

1938 3104 2318 3176 jusmodisunt
2342 3099 2675 3174 praesentia?
2700 3098 2975 3155 undenam
3008 3096 3272 3161 hesterni,
3307 3096 3530 3152 domina

1948 3194 2175 3266 optima,
2221 3194 2361 3250 sacri
2404 3191 2588 3263 palatii
2642 3190 2718 3245 tui
2764 3189 2941 3245 nuntii
3001 3204 3139 3260 quos
3203 3188 3438 3266 vidimus
3476 3195 3533 3241 et

1947 3286 2279 3350 audivimus,
2335 3299 2461 3341 cum
2513 3294 2765 3339 recentes
2821 3283 2981 3337 nobis
3037 3264 3529 3351 operum’tuoaum

1946 3378 2134 3435 laudes
2148 3384 2640 3434 commemorarent
2669 3377 2693 3430 ?
2718 3375 3334 3431 Personueruntrevera
3359 3373 3533 3427 amba?

1947 3486 2115 3526 aures
2167 3479 2387 3525 nostraz.
2426 3469 2569 3535 Quid
2603 3483 2734 3539 ergo
2767 3467 2792 3521 ?
2832 3469 2959 3538 quia
2998 3466 3271 3522 sustulisti
3315 3466 3532 3537 signum

1948 3561 2017 3616 ab
2060 3559 2321 3615 extremis
2364 3559 2565 3614 finibus
2600 3567 2767 3614 tantae
2794 3558 3015 3628 pietatis
3046 3575 3061 3613 :
3094 3566 3151 3613 et
3204 3572 3333 3613 ecce
3363 3557 3432 3611 ad
3480 3564 3534 3611 te

1949 3653 2180 3708 veniunt
2216 3652 2483 3723 undique,
2536 3659 2594 3707 et
2634 3650 2863 3705 nubium
2905 3650 3079 3705 instar
3135 3647 3531 3709 advolantium.

1948 3764 2142 3823 preces
2192 3748 2634 3819 quamplurimas,
2675 3747 2848 3801 Deum
2891 3746 3179 3801 laudantes
3214 3760 3313 3817 pro
3346 3745 3536 3815 auspi-

1949 3839 2088 3894 catis
2138 3839 2447 3893 actionibus
2495 3838 2625 3892 tuis.
2688 3837 2783 3892 Dic
2830 3837 3012 3902 nobis,
3053 3837 3296 3904 domina,
3345 3837 3538 3907 ecquis

1950 3929 2040 3985 ille
2084 3938 2190 3995 est,
2220 3930 2314 4000 qui
2353 3929 2716 3985 castissimam
2764 3941 3005 3984 mentem
3061 3938 3207 3984 tuam
3237 3929 3417 3984 evexit
3463 3929 3535 3983 ad

1949 4023 2241 4078 altissimos
2288 4036 2484 4077 sensus
2530 4022 2798 4088 veritatis,
2850 4031 2912 4076 ut
2969 4031 3229 4092 tanquam
3276 4038 3343 4076 ex
3384 4020 3535 4074 edita

1950 4116 2171 4187 specula
2204 4122 2261 4169 et
2294 4114 2515 4170 sublimi
2543 4115 2661 4170 hac
2688 4115 2815 4170 talia
2848 4130 3107 4170 cerneres
3145 4114 3258 4169 Deo
3297 4124 3448 4185 grata
3478 4123 3535 4169 et

1949 4218 2136 4265 sancta
2161 4208 2186 4262 ?
2213 4208 2376 4271 Doce,
2402 4207 2546 4263 unde
2579 4192 2765 4263 tantus
2793 4207 2892 4263 tibi
2930 4207 3149 4279 pietatis
3177 4223 3330 4261 amor
3352 4208 3532 4261 inces-

1949 4303 2041 4369 sit,
2073 4311 2132 4357 ut
2154 4302 2265 4357 Deo
2294 4302 2565 4373 placentia
2613 4300 2997 4357 insatiabiliter
3035 4310 3342 4371 expeteres,
3380 4310 3433 4356 et
3465 4301 3535 4356 ad

1951 4407 2228 4448 summum
2290 4392 2509 4449 culmen
2586 4393 2929 4463 pertingeres
2982 4392 3355 4447 saluberrimae
3404 4408 3535 4460 erga

1951 4484 2383 4540 Christianorum
2404 4492 2515 4538 tum
2536 4485 2747 4538 animas
2765 4495 2877 4538 tum
2902 4499 3129 4555 corpora
3155 4484 3536 4556 pruvidentite?

251 4578 353 4631 καὶ
373 4576 699 4647 σωματικῆς
741 4575 1126 4645 πολυωφελοῦς
1162 4575 1528 4647 προμηθείας.
1563 4577 1636 4629 Ἦ
1661 4576 1842 4648 ἐπειδὴ

1951 4573 2053 4638 An,
2084 4582 2145 4627 ut
2174 4573 2357 4629 divina
2404 4572 2713 4645 intelligens
2737 4584 2792 4629 et
2834 4574 3194 4646 amplectens,
3226 4582 3535 4629 maternum

253 4669 409 4722 πολὺ
448 4666 520 4720 τὰ
546 4666 667 4720 θεῖα
691 4667 989 4737 φρονοῦσα,
1023 4667 1120 4721 καὶ
1160 4667 1487 4739 ἰμειρομένη
1527 4668 1847 4739 μητρικῶς,

252 4761 361 4813 οὐκ
395 4759 636 4830 ἀρκετὸν
661 4760 857 4832 ήγήσω
879 4758 941 4813 τὸ
964 4759 1126 4831 μόνον
1151 4759 1245 4814 τὸν
1273 4759 1404 4815 λαόν
1440 4777 1534 4814 σου
1557 4763 1625 4831 τῇ
1641 4758 1849 4814 ἄνωθεν

251 4851 585 4924 ἐπικουρίᾳ,
618 4851 695 4917 ώς
737 4851 800 4918 ἐξ
832 4852 1219 4925 Αἰγυπτιακῆς
1264 4870 1411 4916 τινος
1454 4852 1723 4920 δουλείας,
1748 4852 1849 4924 τῆς

254 4943 590 5009 δυσσεϐοῦς,
614 4945 782 5017 φημὶ,
804 4945 1063 5009 πίστεως,
1086 4943 1463 5015 λυτρώσασθαι
1482 4959 1498 4977 ⁸
1525 4946 1691 5018 εἰμὴ,
1709 4944 1850 5016 μετὰ

248 5037 367 5092 τῶν
396 5036 787 5107 προλαϐόντων
819 5035 1180 5109 πολυτρόπως
1222 5034 1624 5107 ὲκλαμψάντων
1661 5055 1743 5091 σοι
1770 5035 1851 5090 δί-

250 5147 364 5203 κην
416 5130 667 5200 ἀστέρων
701 5128 1236 5200 ἁγαθουργημάτων,
1272 5130 1369 5184 καὶ
1411 5130 1512 5203 τὴν
1541 5130 1847 5202 παροῦσαν,

248 5224 330 5285 ὼς
375 5220 668 5290 κολοφῶνα
709 5236 833 5274 τινα
893 5219 1002 5273 τῶν
1038 5219 1288 5291 ἀρετῶν,
1332 5220 1845 5292 ὲπιπροσθήσασθαι

247 5313 465 5386 χάριν;
497 5313 710 5383 Ἄγιος,
762 5311 954 5383 ἅγιος,
989 5312 1164 5383 ἅγιος.
1208 5313 1504 5384 Εὐφράνθη
1542 5316 1571 5367 ό
1614 5313 1843 5378 οὐρανὸς

330 5425 577 5499 "lﬂeg.
609 5427 782 5495 ι,11.

1955 4665 2012 4721 in
2053 4679 2263 4720 morem
2311 4681 2420 4720 non
2455 4666 2590 4720 satis
2635 4666 2857 4731 duxisti,
2896 4666 3159 4737 populum
3194 4666 3399 4721 cmlesti
3431 4682 3536 4738 cpe

1955 4759 2102 4814 velut
2116 4775 2181 4814 ex
2195 4758 2510 4832 Egyptiaca
2528 4760 2763 4831 quadam
2782 4760 3068 4826 servitute,
3088 4761 3272 4829 impia,
3288 4759 3534 4830 inquam,

1955 4851 2084 4916 fide,
2114 4849 2375 4906 liberasse
2404 4868 2420 4917 ;
2451 4850 2556 4905 nisi
2585 4852 2652 4906 ad
2681 4850 2982 4921 praeterita,
3012 4860 3067 4906 et
3095 4851 3338 4907 siderum
3363 4860 3538 4907 Instar

1954 4943 2107 4999 varie
2134 4943 2458 5021 collucentia
2496 4942 2763 4997 beneficia
2795 4953 2908 5008 tua,
2936 4943 3101 5009 hanc,
3131 4944 3298 4999 veluti
3340 4960 3538 5014 quem-

1957 5037 2082 5092 dam
2118 5037 2379 5091 virtutum
2418 5043 2634 5089 tuarum
2677 5035 3064 5106 colophonem,
3108 5035 3376 5105 adjiceres
3410 5052 3536 5107 gra-

1957 5127 2143 5183 tiam?
2187 5127 2443 5189 Sanctus,
2489 5134 2732 5191 sanctus,
2775 5137 3024 5182 sanctus.
3061 5125 3299 5182 Laetetur
3331 5127 3533 5183 cmlum

1953 5221 2211 5290 desuper,
2247 5234 2373 5274 cum
2404 5234 2573 5274 sacrae
2603 5219 2753 5274 vocis
2781 5217 2918 5273 Isaia
2946 5218 3195 5275 dicamus
3215 5218 3283 5285 “,
3313 5219 3529 5274 tametsi

1950 5312 2101 5370 istud
2128 5311 2410 5379 audacius,
2437 5311 2563 5382 quia
2584 5312 2726 5367 Deus
2748 5327 2848 5383 per
2872 5320 2925 5367 te
2944 5313 3205 5369 misertus
3229 5321 3312 5369 est
3341 5312 3528 5383 populi

898 5427 945 5459 "
976 5426 1178 5483 Jerem.
1209 5445 1360 5495 xxxx,
1394 5429 1479 5484 15.
1554 5430 1600 5461 ’⁸
1658 5429 1763 5485 lsa.
1800 5445 1944 5497 κων,
1973 5429 2084 5497 23;
2114 5444 2190 5497 ιχ,
2217 5431 2270 5487 4.

1776 5544 2014 5604 NOTAE.

333 5655 466 5732 (μ).
510 5656 863 5723 Εἰσελθεῖν,
934 5660 1049 5713 οὐκ
1100 5654 1289 5732 εἰχον.
1345 5660 1499 5716 Hanc
1553 5663 1839 5732 epistolam

252 5727 516 5795 scripsit,
552 5738 610 5782 ut
640 5737 888 5797 apparet,
920 5745 1045 5785 cum
1072 5727 1254 5785 adhuc
1281 5732 1336 5785 in
1365 5727 1701 5789 monasterio
1726 5750 1843 5790 ver-

258 5809 513 5862 saretur,
554 5798 897 5870 proindeque
917 5808 1045 5857 ante
1068 5801 1347 5859 exsilium.

2021 5662 2134 5731 (l2)
2157 5662 2401 5717 Κανόνα
2426 5662 2745 5731 ἐποίησαν.
2778 5656 3231 5731 Ecclesiasticum
3262 5654 3523 5712 ofﬂicium

1949 5728 2065 5790 sive
2092 5728 2304 5803 preces,
2329 5748 2469 5802 quas
2492 5728 2597 5802 pro
2641 5748 2784 5803 :rgra
2819 5728 3095 5787 Theodori
3130 5735 3304 5784 matre
3328 5737 3523 5781 mona-

1950 5804 2038 5885 chi
2072 5804 2474 5872 persolverunt.
