4064 6372
571 353 673 423 931

1769 354 1833 416 S.
1864 349 2261 414 THEODOBI
2291 349 2640 414 STUDlT/E

3721 341 3828 418 .932

565 471 676 528 sui.
727 467 1017 543 Impletura
1060 477 1146 526 est
1187 482 1318 542 ergo
1359 467 1676 524 universum
1719 482 1947 539 regnum
1997 477 2148 521 tuum

2250 464 2485 531 ἀνωθεν,
2517 465 2660 536 μετὰ
2685 465 2780 520 τοῦ
2809 463 3238 538 ίεροφωνοτάτου
3280 447 3508 519 Ἡσαΐου
3539 463 3828 536 ἔπιϐοήσο-

567 561 767 634 gaudio
793 571 852 617 et
899 561 1284 624 exsultatione,
1336 561 1598 631 quoniam
1629 558 1870 615 ablatum
1907 566 1992 613 est
2042 558 2148 612 ini-

567 670 736 726 quum
773 655 985 727 iugum,
1027 655 1174 725 quod
1215 669 1380 724 supra
1415 654 1592 724 ipsum
1626 659 1746 708 erat
1785 651 2046 722 positum,
2091 659 2148 705 et

565 749 716 821 virga
762 764 884 819 quae
928 763 1092 819 super
1127 749 1326 803 collum
1359 746 1618 816 potentiae
1651 746 1835 816 hujus.
1865 744 2000 810 Quis
2024 743 2148 799 talia

565 841 811 896 audivit?
839 840 932 895 Eia
957 841 1143 904 dicite,
1175 839 1298 894 viri.
1327 838 1461 905 Quis
1491 839 1592 892 sub
1621 838 1728 892 alio
1756 838 1991 908 imperio
2040 837 2148 892 tale

567 949 634 989 ac
659 945 865 990 tantum
889 933 1100 990 facinus
1122 932 1256 988 vidit
1281 932 1306 984 ?
1334 931 1571 986 Laudate
1595 945 1738 993 eam,
1761 945 1952 985 omnes
1970 945 2148 1000 popu-

567 1026 629 1089 li,
678 1025 1020 1096 magniﬁcatc
1063 1040 1182 1079 eam
1235 1025 1770 1095 mecum,principes
1819 1033 1878 1079 et
1919 1024 2143 1089 subditi,

567 1117 883 1171 sacerdotes
913 1124 971 1169 et
992 1115 1267 1179 monachi,
1300 1115 1811 1169 etChristianorum
1844 1115 1997 1170 natio
2026 1114 2148 1168 uni-

565 1221 746 1263 versa.
801 1207 921 1262 Non
969 1207 1114 1262 enim
1157 1207 1476 1262 admiranda
1510 1207 1686 1262 solum
1731 1206 1834 1262 fuit
1892 1215 1971 1262 tot
2026 1207 2145 1261 auri

567 1297 896 1353 talentorum
963 1299 1215 1353 remissio
1257 1299 1276 1370 (
1323 1313 1634 1370 quanquam
1703 1299 2146 1369 incomparabili!

565 1389 657 1446 illa
689 1407 773 1447 res
805 1400 889 1446 est
920 1390 962 1460 ),
995 1407 1187 1446 verum
1216 1392 1400 1455 etiam,
1445 1392 1588 1460 quod
1632 1390 1916 1462 iniustitia
1955 1391 2145 1445 multi-

565 1481 688 1550 plex
727 1482 812 1535 via
857 1482 960 1535 hac
999 1481 1162 1536 simul
1206 1482 1416 1535 ratione
1451 1481 1676 1550 praecisa
1707 1487 1816 1547 est,
1871 1495 2011 1552 opus
2043 1480 2146 1535 fuit

566 1573 726 1642 longe
781 1573 1212 1628 sanctissimum.
1248 1573 1456 1628 Sublati
1503 1583 1631 1628 sunt
1668 1589 1698 1629 e
1749 1573 1932 1629 medio
1969 1587 2146 1630 nexus

561 1663 928 1717 violentarum
959 1661 1445 1732 lethiferarumque
1474 1662 1840 1727 exactionum,
1874 1662 1967 1732 qui
2007 1677 2141 1733 prae-

563 1755 884 1810 decessores
913 1764 1038 1809 tuos
1068 1771 1260 1810 omnes
1283 1755 1558 1810 latuerunt
1585 1773 1600 1823 ;
1631 1756 1757 1811 licet
1787 1772 1856 1811 ex
1888 1756 1972 1812 his
2002 1770 2144 1810 non-

565 1848 701 1902 nulli
756 1847 844 1918 pie
891 1857 1191 1918 sancteque
1241 1848 1645 1919 imperaverint.
1697 1849 1815 1904 Hoc
1846 1851 1992 1906 enim
2047 1849 2142 1906 tibi

567 1942 902 1996 servabatur.
935 1941 1116 1996 Cessit
1161 1942 1571 2012 jusjurandum,
1620 1943 1811 1998 crebra
1858 1943 2144 2012 deieratio,

566 2033 652 2087 vel
672 2033 855 2102 potius
876 2033 1173 2103 periurium
1189 2033 1523 2104 exigentium
1546 2035 1709 2088 simul
1734 2043 1788 2088 et
1808 2034 2146 2100 debentium,

571 2123 819 2194 utrisque
870 2123 996 2180 inde
1026 2139 1126 2194 pro
1159 2139 1218 2178 re
1254 2132 1386 2178 nata
1435 2125 1850 2193 altercantibus,
1891 2126 2022 2181 dum
2059 2126 2149 2182 ille

567 2216 734 2270 celari
779 2215 1024 2272 debitum
1056 2217 1370 2287 exprobrat,
1404 2216 1494 2272 hic
1553 2226 1745 2272 contra
1797 2231 1858 2272 se
1911 2216 2148 2288 opprimi

569 2317 914 2362 sacramento
963 2308 1200 2378 adiurat.
1249 2307 1496 2362 Cessavit
1543 2308 1769 2379 inopum
1813 2308 2052 2374 alllictio,
2093 2315 2150 2363 et

567 2416 868 2471 pauperum
887 2401 1220 2467 sollicitudo,
1254 2416 1364 2456 non
1389 2401 1500 2470 iam
1526 2415 1637 2471 quo
1665 2401 1910 2456 remedio
1933 2393 2149 2457 mendi-

569 2492 788 2547 citatem
823 2493 1118 2563 depellant,
1149 2493 1511 2564 quaerentium
1550 2510 1564 2559 ;
1604 2495 1751 2564 quod
1780 2493 1964 2550 minus
1996 2509 2150 2549 acer-

568 2585 697 2638 bum
729 2583 930 2652 fuerit;
969 2587 1064 2640 sed
1093 2597 1152 2641 ut
1177 2586 1322 2656 quod
1368 2585 1572 2656 injuste
1630 2587 1886 2659 exigitur,
1916 2595 1972 2642 et
2002 2587 2148 2658 quod

567 2674 852 2730 desursum
898 2676 1319 2746 quodammodo,
1366 2688 1425 2733 ut
1465 2679 1671 2748 peccati
1719 2679 1884 2747 fetus,
1931 2680 2149 2750 irrupit,

569 2769 1004 2838 compulsoribus
1031 2771 1367 2842 persolvant.
1392 2769 1509 2825 Non
1556 2772 1801 2842 pendunt
1848 2788 1998 2828 nunc
2026 2773 2146 2839 vim,

569 2869 713 2916 terra
741 2862 985 2932 marique
1021 2862 1322 2934 vectigalia.
1359 2863 1610 2919 Consona
1641 2874 1768 2919 sunt
1800 2865 1917 2920 haec
1969 2855 2148 2938 magni

571 2963 628 3009 et
650 2955 788 3010 sacri
815 2953 1184 3029 Chrysostomi
1213 2957 1413 3013 verbis.
1441 2957 1557 3011 Non
1585 2957 1819 3028 amplius
1848 2959 2152 3030 spoliantur

569 3048 774 3120 iniuste
820 3050 1051 3122 pecunia
1097 3050 1482 3106 mediterranei
1527 3052 1595 3105 ab
1625 3051 1714 3114 iis,
1758 3051 1850 3122 qui
1889 3061 2150 3124 angustos

2252 575 2375 628 μεν,
2410 561 2460 612 εί
2483 559 2580 612 καὶ
2609 557 2909 630 τολμηρὸν,
2937 559 3022 613 ὅτι
3053 558 3277 628 ἐλέησεν
3305 559 3334 610 ό
3363 557 3498 622 Θεὸς
3521 556 3609 611 διά
3631 557 3725 611 σοῦ
3737 559 3824 613 τὸν

2237 649 2374 704 λαὸν
2404 649 2595 705 αὐτοῦ.
2651 651 2928 722 Ἐπλήσθη
2950 651 3134 722 γοῦνή
3159 650 3426 722 σύμπασά
3458 668 3552 704 σου
3588 649 3826 722 βασιλεία

2247 743 2426 813 χαρᾶς
2457 747 2555 795 καὶ
2584 740 2963 810 ἀγαλλιάσεως
2989 759 3003 774 ο
3035 743 3118 796 ὅτι
3153 743 3435 814 ἀφῄρηται
3459 743 3489 797 ό
3518 742 3724 814 ἄνομος
3739 742 3826 807 Cu-

2247 833 2342 901 γὺς
2371 836 2400 888 ὁ
2426 834 2513 887 ἐπ’
2547 835 2719 906 αὐτὴν
2765 834 3040 905 κείμενος,
3086 835 3186 888 καὶ
3221 837 3256 906 ἠ
3303 835 3498 906 ῥάϐδος
3526 837 3562 907 ἡ
3592 837 3688 890 ἐπὶ
3734 834 3822 890 τοῦ

2247 925 2523 998 τραχήλου
2576 931 2678 998 τῆς
2717 928 2978 999 τοιαύτης
3011 929 3454 1002 έπικρατήσεως.
3501 927 3598 993 Τίς
3629 929 3824 1000 ἤκουσε

2245 1015 2508 1084 τοιαῦτα;
2530 1016 2710 1088 δεῦρο,
2738 1017 2950 1084 εἴπατε,
2977 1016 3191 1089 ἄνδρες.
3223 1019 3336 1073 Καὶ
3365 1019 3451 1082 τίς
3467 1017 3716 1090 ἑώρακεν
3741 1017 3823 1072 ἐπ’
3920 1004 3926 1010 ’

2245 1107 2416 1179 ἀλλης
2447 1106 2728 1178 βασιλείας
2753 1107 2996 1162 τοιοῦτον
3031 1110 3126 1162 καὶ
3150 1108 3406 1163 τοσοῦτον
3454 1109 3820 1182 κατόρθωμα;

2259 1200 2618 1254 Ἐπαινέσατε
2649 1199 2839 1271 αὐτὴν,
2861 1200 3062 1265 πάντες
3083 1202 3135 1255 οί
3164 1201 3317 1254 λαοί·
3357 1201 3698 1274 μεγαλύνατε
3727 1203 3822 1256 αὐ-

2244 1291 2345 1364 τὴν
2375 1291 2472 1346 σὺν
2500 1293 2656 1363 ἡμῖν,
2692 1292 2952 1364 ἄρχοντές
2972 1310 3032 1347 τε
3070 1294 3168 1348 καὶ
3194 1295 3518 1366 ἀρχόμενοι,
3563 1298 3732 1367 ἱερεῖς
3768 1315 3822 1351 τε

2245 1383 2346 1438 καὶ
2378 1384 2666 1454 μονασταὶ,
2699 1389 2792 1438 καὶ
2829 1386 2936 1439 πᾶν
2969 1386 3030 1440 τὸ
3053 1387 3442 1454 Χριστιανικδν
3469 1387 3656 1458 φῦλον.
3694 1394 3823 1448 Οὐδὲ

2245 1477 2374 1550 γὰρ,
2407 1479 2492 1532 ὅτι
2523 1477 2631 1532 τῶν
2658 1479 2932 1534 τοσούτων
2959 1479 3056 1534 τοῦ
3082 1479 3311 1552 χρυσίου
3337 1481 3615 1538 ταλάντων
3645 1487 3680 1556 ἡ
3723 1487 3823 1555 ἄφ-

2245 1587 2364 1634 εσις
2394 1572 2608 1640 γέγονε.
2655 1571 2970 1642 θαυμαστὸν
3017 1573 3206 1642 μόνον,
3251 1573 3458 1647 καίπερ
3502 1575 3563 1628 ὃν
3593 1577 3824 1650 ἀνυπέρ-

2246 1660 2444 1732 ϐλητον
2465 1678 2482 1693 ·
2516 1662 2634 1717 ἀλλ’
2660 1663 2741 1717 ὅτι
2772 1662 2870 1717 καὶ
2902 1663 3071 1734 πόρος
3117 1663 3336 1729 ἀδικίας
3378 1665 3746 1733 πλυπλάσιος
3771 1671 3824 1722 ἐν

2245 1756 2313 1826 τῇ
2349 1754 2575 1827 τοιαύτῃ
2602 1754 2860 1810 ὑποθέσει
2898 1755 3262 1826 συνεξεκόπη,
3295 1755 3616 1814 ὁσιώτατον.
3645 1761 3823 1832 Ἠρθη

2249 1849 2315 1903 ὲκ
2351 1849 2519 1920 μέσου
2559 1849 2907 1920 στραγγαλιά
2929 1849 3121 1920 βιαίων
3157 1850 3254 1904 καὶ
3273 1849 3638 1924 ψυχοφθόρων
3662 1853 3822 1908 ἀπαι-

2247 1942 2530 2012 τημάτων,
2550 1941 2792 1997 λαθοῦσα
2816 1942 2947 2006 τοὺς
2967 1943 3074 2014 πρὸ
3100 1941 3197 1998 σοῦ
3229 1941 3497 2010 ἅπαντας,
3520 1943 3729 2016 καίπερ
3742 1962 3822 1999 τι-

2248 2033 2344 2098 νὰς
2368 2032 2608 2097 εὐσεϐῶς
2625 2033 3106 2104 βεϐασιλευκότας.
3125 2035 3298 2088 Τοῦτο
3317 2035 3429 2107 γάρ
3449 2053 3530 2089 σοι
3545 2037 3820 2094 ἀπέκειτο.

2249 2127 2533 2181 Πέπαυται
2561 2127 2849 2198 ὲφομοσία,
2877 2128 3207 2200 πολυορκία,
3234 2128 3436 2199 μᾶλλον
3459 2129 3515 2183 δὲ
3535 2129 3824 2203 ψευδορκία

2249 2217 2343 2272 ἐπί
2372 2235 2434 2272 τε
2468 2218 2578 2273 τῶν
2605 2219 2982 2274 ἀπαιτούντων
3031 2222 3128 2273 καὶ
3165 2219 3588 2292 ἀπαιτουμένων
3607 2236 3624 2253 ο
3655 2223 3823 2293 ἀμφο-

2247 2311 2424 2381 τέρων
2441 2309 2696 2364 ἐντεῦθεν
2721 2311 2798 2374 ὡς
2825 2311 2886 2364 τὸ
2927 2309 3142 2381 συμϐὰν
3169 2309 3584 2380 ἀπολλυμένων,
3605 2311 3704 2365 τοῦ
3731 2312 3825 2383 μὲν

2248 2403 2278 2457 ὃ
2301 2421 2354 2458 τι
2391 2401 2734 2473 ἀποκρύψειε
2778 2403 3146 2474 πειρωμένου,
3179 2401 3276 2456 τοῦ
3305 2402 3380 2469 δὲ,
3416 2403 3445 2457 ὅ
3481 2421 3534 2458 τι
3559 2403 3824 2476 ὐπερπιά-

2251 2512 2363 2550 σειε
2421 2494 3007 2566 καταπολιορκοῦντος.
3042 2495 3328 2548 Πέπαυται
3367 2493 3621 2566 έκθλιψις
3649 2513 3825 2550 στενο-

2249 2587 2633 2660 χωρουμένων,
2655 2587 2754 2642 καὶ
2777 2586 3095 2656 πενομένων
3113 2589 3532 2660 φροντιστήρια,
3553 2588 3654 2659 οὐχ
3677 2589 3819 2652 ὅπως

2248 2681 2349 2750 τῆς
2380 2681 2655 2751 πτωχείας
2685 2680 2978 2751 φάρμακον
2997 2677 3341 2752 ἀλεξιτήριον
3394 2678 3710 2753 ὲξευρεθείη
3742 2682 3824 2754 ξη.

2251 2772 2512 2826 τούντων³
2557 2767 2720 2844 ἦττον
2779 2773 2889 2842 γὰρ
2940 2767 3010 2842 ἦν
3055 2771 3120 2826 ἂν
3155 2771 3216 2824 τὸ
3262 2772 3510 2845 λυπηρόν
3541 2789 3555 2804 ·
3597 2772 3717 2827 ἀλλ’
3741 2775 3821 2827 ἶνα

2249 2864 2312 2918 τὸ
2347 2863 2660 2930 ἀσύνθετον,
2685 2862 2780 2917 καὶ
2795 2862 3004 2918 ἄνωθέν
3033 2880 3154 2927 πως
3184 2862 3261 2928 ὡς
3287 2864 3566 2936 ἁμαρτίας
3583 2859 3824 2938 γέννημα

2251 2957 2650 3027 ὲπεισφρῆσαν,
2691 2955 3063 3009 ἀποτίσωνται
3090 2957 3205 3020 τοῖς
3238 2957 3599 3031 πράκτορσιν.
3635 2959 3826 3013 Οὐκέτι

2251 3049 2307 3102 αἱ
2335 3048 2448 3102 ὁδοὶ
2474 3046 2856 3114 τελωνοῦνται,
2887 3047 3011 3102 ὅσαι
3052 3047 3195 3116 κατὰ
3239 3049 3364 3119 γῆν,
3406 3050 3529 3103 ὅσαι
3571 3050 3716 3104 κατά
3744 3049 3826 3104 θά-

568 3143 781 3197 viarum
802 3139 983 3198 aditus
1005 3143 1278 3209 obsident,
1302 3143 1534 3214 agrestis
1558 3144 1861 3214 cuiuspiam
1885 3145 2148 3201 daemonis

2251 3139 2478 3196 λασσαν.
2524 3141 2894 3212 Ἀντίφθογγα
2941 3141 3120 3196 ταῦτα
3161 3140 3272 3196 τῶν
3319 3141 3424 3196 ὑπὸ
3466 3141 3560 3196 τοῦ
3589 3143 3824 3211 μεγάλου

571 3252 744 3301 more,
777 3245 873 3290 aut
899 3236 1277 3302 immansueta:
1319 3236 1449 3291 ferae
1475 3236 1766 3292 delibantis
1801 3252 2018 3308 semper
2050 3239 2151 3293 ali-

567 3329 697 3399 quid
714 3346 778 3384 ex
800 3330 1008 3384 sarcina
1023 3329 1278 3400 pauperis
1299 3331 1540 3386 viatoris.
1575 3327 1684 3388 Nec
1701 3347 1890 3387 rursus
1910 3334 2149 3402 turpium

569 3421 879 3491 huiusmodi
908 3422 1253 3476 exactionum
1279 3431 1426 3478 metu
1459 3424 1604 3479 domi
1625 3441 1684 3480 se
1706 3426 1996 3481 continent
2019 3443 2149 3498 ege-

569 3514 648 3579 ni,
681 3530 858 3586 neque
881 3515 1101 3586 oppida,
1139 3531 1316 3585 neque
1347 3517 1616 3573 maritima
1647 3518 1766 3574 loca
1797 3506 2151 3590 frequentan-

571 3613 654 3660 tes
689 3622 704 3659 :
736 3606 937 3675 ubique
977 3608 1120 3661 enim
1154 3607 1454 3676 iniquitatis
1485 3609 1692 3680 scOpuli
1743 3611 2144 3681 prominebant.

569 3695 689 3750 Non
712 3697 947 3766 amplius
976 3709 1156 3754 nautae
1179 3700 1245 3753 ab
1285 3699 1494 3756 oriente
1524 3713 1581 3757 et
1605 3701 1889 3758 occidente
1909 3713 1964 3758 et
1991 3705 2148 3774 aqui-

571 3784 696 3840 lone
722 3787 1018 3852 solventes,
1043 3790 1348 3860 navigando
1378 3790 1764 3859 prmfocantur.
1801 3803 2055 3864 tanquam
2081 3811 2150 3850 ex

571 3887 789 3950 gutture
803 3881 1048 3954 angustis
1075 3881 1321 3938 fatu-ibus
1343 3887 1647 3954 portorium
1678 3886 1963 3940 reddituri.
1985 3886 2150 3942 Libe-

572 3971 673 4023 rati
701 3979 828 4026 sunt
856 3972 947 4041 qui
977 3974 1205 4028 venandi
1233 3985 1405 4029 artem
1430 3985 1708 4042 exercent,
1729 3977 1981 4046 expedite
2003 3994 2150 4036 nunc

571 4062 715 4117 illam
750 4064 1037 4128 obeuntes,
1073 4080 1224 4120 sacra
1261 4064 1432 4123 lrene.
1480 4068 1722 4123 Piscator
1745 4070 1838 4140 qui
1873 4079 1983 4126 tres
2011 4073 2149 4128 forte

573 4155 749 4225 pisces
778 4158 962 4220 traxit,
999 4159 1159 4229 idque
1193 4169 1315 4230 post
1362 4177 1617 4234 magnum
1655 4178 1880 4234 prorsus
1911 4165 2148 4221 laborem

573 4250 739 4304 totius
769 4249 899 4314 diei,
931 4267 1098 4306 unum
1130 4254 1366 4323 pendere
1395 4271 1502 4308 non
1525 4255 1757 4326 cogitur.
1788 4257 2002 4328 Auceps
2025 4274 2149 4313 eum

572 4357 701 4394 arcu
751 4349 846 4393 aut
876 4339 1026 4393 visco
1079 4343 1339 4410 pauculas
1366 4343 1505 4397 forte
1542 4359 1673 4398 aves
1698 4345 1926 4414 ceperit,
1971 4346 2038 4400 ad
2069 4347 2152 4400 vi-

573 4440 720 4487 ctum
753 4434 856 4488 sibi
891 4433 1226 4488 necessarias
1268 4434 1578 4490 immunisa
1624 4437 1867 4508 vectigali
1897 4453 2147 4506 manens,

571 4525 786 4580 beatius
838 4525 1002 4579 vivet.
1053 4522 1280 4578 Militum
1313 4541 1511 4579 uxores
1545 4527 1905 4583 domesticum
1938 4529 2147 4586 luctum

571 4617 843 4672 habentes
867 4615 938 4672 ob
969 4615 1210 4670 virorum
1236 4616 1609 4683 amissionem,
1634 4635 1742 4672 non
1779 4621 1974 4676 acerbe
1998 4621 2152 4677 insu-

573 4725 673 4780 per
702 4707 912 4764 ﬂebunt
940 4707 1306 4764 miserabilem
1327 4716 1382 4763 et
1414 4709 1766 4765 inhumanam
1797 4727 1896 4782 pro
1934 4723 2152 4771 mortuo

574 4800 939 4857 exactionem.
955 4801 1146 4856 Missos
1168 4800 1307 4856 facio
1327 4801 1605 4866 subulcos,
1639 4803 1820 4857 ovium
1847 4803 2150 4869 institores,

577 4895 685 4949 vini
735 4903 1033 4965 emptores.
1090 4893 1242 4949 Mitto
1293 4893 1490 4957 lanios,
1548 4903 1812 4961 textores,
1875 4897 2149 4962 ferrarios,

575 4993 811 5050 sutores,
855 4984 1111 5051 fullones,
1157 4985 1538 5052 aromatarios,
1566 4969 1621 5041 ἐι
1648 4987 1984 5044 architectos
2012 5006 2028 5055 ;
2061 4999 2149 5045 at-

575 5095 684 5149 que
728 5085 789 5132 ut
826 5077 1017 5148 paucis
1043 5077 1398 5148 complectar,
1432 5087 1605 5134 artem
1655 5095 1897 5148 omnem,
1937 5098 2060 5152 quae
2095 5083 2146 5139 in

571 5161 732 5236 auro,
766 5170 854 5226 vel
881 5169 934 5223 in
967 5169 1136 5239 ligno,
1179 5169 1264 5225 vel
1307 5169 1364 5225 in
1387 5169 1491 5226 alia
1521 5171 1740 5226 demum
1771 5173 1999 5229 materia
2032 5190 2156 5230 cer-

580 5261 748 5328 nitur,
785 5275 856 5314 ne
881 5260 1094 5332 longior
1125 5261 1247 5327 sim,
1285 5260 1338 5316 in
1396 5263 1499 5320 hac
1545 5263 1826 5320 minutiori
1867 5280 2157 5322 enumera-

579 5351 748 5418 tione,
773 5351 977 5423 optima
1005 5351 1249 5414 domina,
1275 5353 1594 5424 plauserunt
1617 5371 1810 5411 omnes
1832 5357 1946 5413 suis
1973 5359 2152 5414 mani-

576 5443 704 5510 bus,
749 5453 806 5500 et
831 5445 1004 5516 gavisi
1053 5454 1181 5500 sunt
1207 5447 1401 5518 gaudio
1442 5463 1642 5520 magno
1678 5449 1833 5506 valde
1855 5451 2102 5507 dicentes
2136 5471 2149 5508 :

580 5533 905 5591 Benedicam
937 5545 1011 5598 te,
1056 5537 1302 5604 Domine,
1351 5541 1612 5610 quoniam
1645 5541 1902 5600 misertus
1933 5559 1993 5599 es
2020 5544 2153 5612 mei,

583 5627 846 5696 ert-factus
873 5645 935 5684 es
965 5629 1099 5686 mihi
1130 5632 1183 5685 in
1215 5631 1468 5687 salutem.

2251 3238 2348 3289 καὶ
2379 3233 2526 3305 ίεροῦ
2556 3234 2950 3306 Χρυσοστόμου
2984 3235 3317 3306 εἰρημένων.
3367 3235 3563 3289 Οὐκέτι
3599 3234 3824 3306 ἠπειρῶ-

2249 3343 2340 3379 ται
2381 3325 2836 3398 ὲξαργυρίζονται
2877 3325 3044 3381 ἄδικα
3088 3325 3236 3381 κατά
3259 3325 3386 3388 τοὺς
3423 3327 3735 3389 στενωποὺς
3766 3328 3825 3379 ἐκ

2249 3417 2358 3471 τῶν
2381 3417 2806 3490 ἐπικαθημένων
2831 3417 3032 3473 ὡσανεὶ
3049 3417 3245 3488 ἀγρίου
3303 3415 3452 3480 τινὸς
3492 3416 3764 3488 δαίμονος,
3792 3415 3823 3486 ἢ

2250 3508 2547 3564 ἀτιθάσσου
2590 3509 2778 3582 θηρὸς,
2807 3494 3222 3581 ἀπογευομένου
3272 3509 3494 3572 πάντως
3523 3509 3590 3562 ὲκ
3611 3507 3713 3578 τῆς
3737 3505 3824 3560 τοῦ

2251 3603 2551 3673 πενομένου
2592 3603 2769 3656 ὀδίτου
2824 3601 3272 3674 έπιφορτώσεως.
3310 3601 3434 3655 Οὐδ’
3468 3596 3535 3654 αὖ
3572 3601 3687 3654 δέει
3723 3599 3826 3652 τῶν

2249 3694 2510 3749 τοιούτων
2551 3688 2797 3766 αἰσχρῶν
2838 3695 3148 3765 λημμάτων
3177 3694 3318 3748 οῐκοι
3347 3693 3599 3763 μένουσιν
3624 3692 3677 3744 οἱ
3701 3692 3827 3745 ἀπο-

2254 3787 2534 3860 ρούμενοι,
2571 3789 2710 3861 μήτε
2738 3787 2808 3842 τὰ
2835 3789 2895 3841 ὲν
2924 3789 3104 3852 ἄστει,
3141 3790 3280 3859 μήτε
3314 3787 3442 3850 τοὺς
3476 3784 3826 3856 παραθαλασ-

2206 3902 2213 3909 ·
2253 3880 2404 3944 σίους
2463 3880 2666 3944 τόπους
2721 3879 3236 3949 καταλαμϐάνοντες
3264 3893 3278 3906 ·
3304 3873 3583 3946 πανταχοῦ
3628 3873 3741 3944 γὰρ
3782 3873 3828 3926 cl

2249 3971 2354 4042 τῆς
2377 3972 2592 4036 ἀδικίας
2633 3971 2889 4026 σκόπελοι
2919 3971 3352 4042 προεστήκασιν.
3386 3969 3583 4023 Οὐκέτι
3611 3969 3664 4021 οἱ
3690 3967 3829 4019 πλωο

2250 4067 2415 4138 τῆρες
2448 4065 2558 4120 ἀπὸ
2585 4064 2861 4121 ἀνατολῶν
2892 4065 2990 4118 καὶ
3033 4063 3260 4134 δυσμῶν
3311 4061 3408 4116 καὶ
3452 4062 3622 4134 βορρᾶ
3689 4060 3831 4130 ἐξορ-

2256 4158 2500 4231 μώμενοι
2526 4159 2622 4214 καὶ
2670 4158 3075 4216 καταπλέοντες
3126 4156 3545 4224 ὐποπνίγονται,
3573 4155 3648 4218 ὡς
3677 4153 3744 4208 ἂν
3770 4155 3830 4206 ὲκ

2252 4251 2450 4323 λαιμοῦ
2485 4252 2597 4315 τοῖς
2646 4252 2852 4314 στενοῖς
2885 4249 3125 4319 στομίοις
3153 4249 3216 4302 τὸ
3256 4247 3660 4316 τελωνούμενον
3701 4246 3830 4298 ἀπο-

2251 4344 2539 4407 δώσοντες.
2595 4342 2928 4414 Ἀφείθησαν
2971 4342 3022 4396 οἱ
3071 4341 3172 4413 τὴν
3219 4340 3558 4412 ἀγρευτικὴν
3602 4337 3830 4406 μέθοδον
3909 4365 3912 4367 λ

2258 4435 2674 4508 μετερχόμενοι,
2721 4434 2944 4505 κούφως
2992 4432 3200 4504 ταύτην
3228 4431 3711 4502 διαλαμϐάνοντες,
3744 4428 3834 4482 El—

2260 4530 2397 4600 ρήνη
2429 4527 2708 4600 ίερόψυχε.
2754 4528 2814 4581 '0
2848 4526 3035 4590 ἁλιεὺς
3064 4526 3228 4596 τυχὸν
3269 4526 3422 4596 τρεῖς
3464 4521 3652 4594 ἰχθύας
3686 4519 3835 4574 ἀνελ-

2258 4621 2454 4686 κύσας,
2479 4621 2576 4674 καὶ
2604 4619 2762 4673 τοῦτο
2789 4621 3008 4683 πάντως
3035 4618 3212 4672 πολλά
3243 4613 3592 4676 κεκοπιακὼς
3617 4614 3693 4668 δι’
3713 4612 3836 4683 ὅλης

2257 4713 2495 4784 ἡμέρας,
2523 4710 2614 4766 τὸν
2667 4711 2764 4765 ἕνα
2789 4711 2890 4765 οὐκ
2942 4711 3316 4766 ἀποτίννυσιν.
3362 4710 3420 4764 Ὁ
3472 4707 3698 4777 τοξότης
3744 4704 3837 4774 ἢὸ

2263 4805 2477 4875 ἰξευτὴς
2507 4804 2714 4876 οὕσπερ
2760 4805 3058 4876 ὲθήρευσεν
3105 4804 3322 4869 ὀλίγους
3357 4802 3499 4873 τάχα
3541 4795 3838 4872 δρνεις,ὲξ

2261 4890 2336 4952 ὧν
2384 4897 2536 4968 αὐτῷ
2577 4899 2612 4970 ἠ
2660 4897 2934 4966 ἀναγκαία
2969 4897 3168 4969 τροφὴ,
3219 4896 3602 4967 ἀλογοθέτητος
3647 4891 3838 4963 διαμέ-

2257 5008 2366 5047 νων
2413 4991 2764 5063 εὐζωήσειεν.
2797 4991 2864 5044 Al
2900 4991 3288 5063 στρατιώτιδες
3328 4989 3390 5043 τὸ
3418 4990 3614 5042 οἰκεῖον
3638 4985 3836 5048 πένθος

2259 5082 2481 5156 ἔχουσαι
2506 5084 2608 5155 τῆς
2651 5082 2914 5155 ἀνδρικῆς
2954 5082 3252 5154 ἀποϐολῆς,
3276 5081 3378 5135 οὐκ
3410 5080 3840 5150 ἐπιθρηνήσουσι

2255 5159 2474 5246 πικρῶς
2518 5175 2618 5248 τὴν
2665 5175 2806 5246 ὑπὲρ
2843 5173 2938 5231 τοῦ
2975 5174 3230 5238 θανέντος
3269 5173 3510 5246 ἐλεεινὴν
3535 5169 3838 5253 καὶιάπάν-

2261 5267 2480 5340 θρωπον
2507 5267 2882 5340 ὲξαπαίτησιν.
2906 5269 3018 5323 Καὶ
3042 5267 3422 5340 πάρειμιτούς
3442 5264 3695 5329 συϐότας,
3715 5263 3841 5325 τοὺς

2262 5361 2777 5432 προϐατεμπόρους,
2817 5362 2945 5424 τοὺς
2971 5359 3319 5432 οίνοπράτας.
3367 5359 3473 5412 Ἐῶ
3497 5357 3679 5426 λέγειν
3714 5355 3840 5418 τοὺς

2263 5455 2624 5528 κρεωπὼλας,
2654 5455 2781 5518 τοὺς
2813 5453 3259 5526 ίστουργοῦντας,
3287 5452 3412 5517 τοὺς
3443 5449 3838 5523 χαλκοτύπους,

2261 5549 2390 5612 τοὺς
2423 5546 2812 5617 σκυτοτόμους,
2851 5547 2979 5611 τοὺς
3023 5547 3391 5610 δευσοποιούς,
3430 5540 3838 5618 ἀρωματοπρά-

2264 5659 2366 5707 τας
2394 5659 2456 5697 τε
2488 5641 2585 5696 καὶ
2607 5642 2998 5712 ἀρχιτέκτονας
3020 5659 3034 5674 ·
3065 5641 3161 5695 καὶ
3179 5640 3482 5713 συλλήϐδην
3501 5639 3672 5692 eius?»
3697 5635 3838 5690 ἀπα-

582 5693 682 5776 σαν
711 5723 964 5792 μέθοδον,
1004 5722 1104 5793 ὅση
1132 5723 1273 5777 κατά
1313 5725 1680 5795 χρυσουργίαν
1698 5766 1713 5792 ,
1739 5727 1840 5799 ὅση
1878 5729 2022 5784 κατὰ
2063 5693 2582 5808 ξυλουρχίαν,ηὸση
3053 5693 3798 5804 ὕλτὲνέπιθεωρεῖται
3817 5745 3835 5762 ο

585 5816 672 5872 ἴνα
722 5818 799 5892 μὴ
843 5817 1056 5890 μακρὸν
1098 5819 1440 5891 ἀποτείνοιμι
1485 5821 1674 5889 λόγον·
1749 5824 1807 5877 ἐν
1849 5827 1916 5897 τῇ
1959 5825 2182 5898 τοιαύτῃ
2249 5825 2695 5899 κατακερμασίᾳ.
2737 5818 2782 5881 ὦ
2810 5825 3092 5895 πανάγαθε
3135 5825 3417 5892 δέσποινα,
3462 5821 3839 5893 ἐπεκράτησαν
