4064 6372
247 320 351 388 9'13

1472 325 1593 387 ΕΡ]
1603 324 2015 388 STOLARUM
2063 326 2215 389 LIB.
2241 327 2295 389 Ι.

3429 324 3530 388 9⁶ἶ4

239 438 362 498 ταῖς
408 434 601 509 χερσὶν
643 433 826 492 αὐτῶν
877 437 1150 502 ἅπαντες,
1187 437 1290 502 ,καὶ
1335 439 1613 512 ἐχάρησαν
1655 439 1834 513 χαρὰν
1875 443 2121 515 μεγάλην
2159 443 2406 516 σφόδρα,
2453 442 2638 496 ἐκεῖνα
2713 439 2999 512 εἰρηκότες
3027 455 3044 472 ⁸
3102 439 3400 514 Εὕλογήσω
3445 459 3534 502 σε,

243 534 436 607 Κύριε,
487 535 572 589 ἂτι
610 533 851 607 ἠλέησάς
896 553 988 606 με,
1017 536 1113 590 καὶ
1153 536 1342 605 ὲγένου
1389 555 1480 609 μοι
1527 539 1609 602 είς
1649 539 1950 610 σωτηρίαν.

245 641 250 644 ·
314 627 406 679 Διδ
439 622 724 688 πεποιθὼς
771 625 969 694 ἔσομαι
1016 625 1111 679 ἐπὶ
1142 629 1209 697 τῇ
1256 626 1525 696 θεοσδότῳ
1557 646 1652 682 σου
1683 628 1846 700 βασι-

2016 629 2314 702 Propterea
2366 630 2623 686 ﬁduciam
2655 645 2866 686 sumam
2903 631 2959 686 in
2992 633 3098 688 hoc
3117 630 3378 689 divinitus
3404 633 3537 690 dato

241 714 384 787 λείᾳ.
405 715 596 770 Ταῦτα
621 715 800 771 πάντα
822 717 934 788 (15)
971 717 1232 784 αἰνέσεως
1262 718 1445 790 πλήρη
1477 721 1572 773 καὶ
1601 719 1839 792 ὲξυμνή-

244 826 404 875 σεως,
452 807 660 880 Εἰρήνη
711 808 839 880 φίλη
873 809 1135 880 Χριστοῦ,
1159 811 1221 864 τὸ
1260 811 1434 880 γλυκὺ
1476 811 1571 865 καὶ
1605 813 1842 882 πρᾶγμα

242 903 340 956 καὶ
361 901 555 972 ὄνομα.
579 899 765 954 Ταῦτα
793 901 854 954 οὐ
891 901 1054 972 μόνον
1087 903 1144 956 ὲν
1166 905 1233 975 τῇ
1267 904 1597 974 ἐπικρατείᾳ
1615 904 1716 974 τῆς
1741 903 1840 974 βα-

246 991 456 1056 σιλείας
492 1007 612 1056 σου,
647 990 783 1045 ἀλλὰ
812 993 907 1046 καὶ
939 992 1102 1064 μέχρι
1141 994 1434 1066 τερμάτων
1459 995 1556 1066 τῆς
1579 993 1839 1065 οἰκουμέ-

245 1101 346 1156 νης
374 1082 804 1156 διαδοθήσονται,
829 1085 926 1138 καὶ
964 1085 1290 1140 ἀκούσονται
1321 1088 1472 1156 ἡμᾶς
1504 1086 1836 1154 ἀλλοεθνεῖς,

246 1177 346 1230 καὶ
373 1174 768 1246 θαυμάσονται,
801 1176 898 1230 καὶ
928 1175 1330 1248 πτοηθήσονται
1359 1179 1470 1232 ἀπὸ
1495 1179 1599 1248 τῆς
1627 1178 1838 1246 εὐπρα-

248 1267 372 1332 ξίας
399 1266 508 1321 τῶν
538 1265 722 1336 σοφῶν
752 1282 847 1320 σου
875 1266 1347 1338 ἐπιτηδευμάτων.
1374 1268 1666 1324 Αίδοῦνται
1698 1268 1835 1342 γάρ,

249 1361 444 1428 φησιν.
480 1355 693 1426 ἀνδρῶν
716 1355 924 1428 ἀρετὴν
958 1357 1055 1410 καὶ
1087 1357 1360 1426 πολέμιοι,
1387 1358 1417 1410 ό
1447 1358 1554 1414 τῶν
1572 1345 1840 1428 θεολόγων

246 1446 596 1519 διαπρύσιος.
629 1445 788 1511 Οὕτω
820 1447 1154 1516 φυλάττεται
1179 1465 1274 1502 σου
1306 1449 1552 1522 ἀρῤαγὲς
1587 1449 1651 1504 τὸ
1681 1449 1838 1522 βασί-

245 1539 395 1592 λειον
418 1553 435 1568 ⁸
460 1537 634 1602 οὕτως
662 1537 799 1592 εἴκει
833 1538 927 1592 καὶ
949 1537 1199 1593 πείθεται
1227 1557 1310 1594 σοι
1329 1541 1588 1612 ἁσμένως
1642 1542 1705 1601 τδ
1735 1541 1840 1595 ὑπ-

246 1633 434 1702 ήκοον.
463 1629 653 1704 Ταύτῃ
677 1629 1002 1702 θεραπεύεις
1030 1631 1092 1685 τδ
1109 1631 1292 1685 Θεῖονο
1331 1632 1504 1704 ταύτῃ
1532 1631 1837 1704 ὲπευφραίο

249 1741 364 1787 νεις
389 1724 513 1788 τοὺς
541 1723 836 1788 ἐκλεκτοὺς
858 1723 995 1778 Θεοῦ
1021 1725 1308 1795 ἀγγέλους,
1337 1725 1453 1781 ἀλλ’
1481 1725 1575 1780 οὖν
1596 1729 1690 1780 καὶ
1708 1727 1837 1792 τοὺς

247 1815 414 1880 ὁσίως
435 1814 529 1870 καὶ
555 1814 780 1878 δικαίως
812 1813 1288 1885 πολιτευομένους,
1319 1815 1524 1887 Εἰρήνη
1563 1815 1834 1885 θεὼνυμε.

262 1907 356 1960 'Ev
387 1905 600 1970 τούτοις
625 1909 659 1978 ἡ
694 1905 949 1961 εὐσέϐειά
997 1924 1092 1960 σου
1137 1905 1456 1977 διαλάμπει.
1497 1907 1589 1960 Ἐν
1623 1907 1836 1972 τούτοις

1947 720 2177 792 imperio
2211 735 2328 778 tuo.
2360 721 2490 778 Haec
2510 722 2692 778 omnia
2717 723 2896 779 laudis
2924 724 3083 795 plena
3108 731 3164 780 et
3195 725 3535 796 praedicatio-

1945 813 2053 878 nis,
2091 809 2248 867 lrene
2294 811 2516 868 Christo
2571 813 2762 879 chara,
2803 813 2979 869 dulcis
3021 823 3079 869 et
3109 829 3167 870 re
3201 824 3260 870 et
3287 816 3532 871 nomine.

1885 927 1908 946 σ
1947 903 2074 960 llaec
2107 921 2217 959 non
2250 904 2427 960 solum
2455 919 2563 974 qua
2587 914 2739 974 patet
2779 903 2992 974 imperii
3025 905 3104 960 tui
3139 915 3405 976 potestas,
3437 907 3533 961 sed

1931 998 2015 1081 “ad
2039 998 2186 1068 ipsos
2206 1014 2380 1070 usque
2402 1000 2551 1056 orbis
2580 1007 2740 1054 terra:
2772 1001 3036 1056 terminos
3059 1001 3483 1057 celebrabuntur
3515 1015 3532 1053 :

1947 1089 2277 1160 audientque
2307 1090 2375 1146 de
2401 1091 2559 1146 nobis
2596 1099 2794 1146 extera:
2831 1102 3045 1164 gentes,
3081 1101 3138 1148 et
3165 1093 3532 1158 mirabuntur,

1947 1191 2004 1238 et
2032 1181 2426 1251 obstupescent
2455 1181 2985 1252 sapientissimarum
3014 1182 3288 1237 actionum
3322 1192 3534 1237 tuarum

1946 1273 2288 1330 felicitatem.
2337 1274 2682 1330 Reverentur
2738 1275 2886 1330 enim
2944 1275 3228 1330 hominum
3278 1275 3535 1331 virtutem

1946 1363 2112 1420 etiam
2131 1365 2334 1428 hostes,
2353 1363 2428 1419 ait
2455 1364 2830 1436 theologorum
2855 1365 3192 1421 clarissimus
3207 1367 3274 1421 ’⁷.
3299 1365 3378 1422 ita
3399 1381 3537 1422 con-

1945 1462 2196 1510 servatur
2229 1453 2618 1511 inconcussum
2662 1455 2950 1525 imperium
2999 1463 3177 1522 tuum,
3228 1457 3302 1514 ita
3333 1457 3539 1512 cedunt

1945 1553 2002 1600 et
2018 1545 2254 1600 libenter
2271 1546 2534 1602 obediunt
2555 1546 2650 1602 tibi
2677 1547 2900 1602 subditi.
2915 1546 3037 1621 Hac
3049 1558 3166 1602 arte
3190 1549 3358 1602 Deum
3377 1548 3534 1610 colis,

1945 1633 2051 1688 hac
2103 1635 2308 1689 electos
2357 1634 2454 1690 Dei
2513 1636 2736 1706 angelos
2769 1635 3034 1701 laetiﬁcas,
3064 1636 3174 1692 imo
3217 1646 3274 1692 et
3300 1637 3420 1692 illos
3445 1637 3537 1707 qui

1945 1733 2134 1779 sancte
2157 1740 2221 1780 ac
2241 1727 2393 1797 juste
2412 1726 2578 1781 vitam
2601 1726 2834 1792 ducunt,
2858 1729 3014 1782 [rene
3041 1727 3289 1783 divinum
3310 1743 3535 1784 nomen.

1944 1811 2004 1868 ln
2039 1814 2123 1870 his
2165 1815 2341 1885 pietas
2372 1825 2464 1871 tua
2497 1815 2676 1870 elucet
2709 1831 2724 1869 :
2756 1816 2812 1870 in
2841 1816 2926 1872 his
2970 1831 3033 1871 os
3062 1831 3226 1871 omne
3260 1825 3315 1871 et
3353 1817 3538 1888 lingua

1944 1905 2002 1961 in
2032 1906 2221 1962 laudes
2252 1916 2372 1962 tuas
2407 1907 2674 1979 aperitur,
2712 1907 2840 1962 Haec
2872 1923 2998 1963 vera
3025 1916 3111 1963 est
3149 1907 3322 1980 gloria
3351 1908 3541 1965 Eccle-

249 2001 367 2054 πᾶν
397 1999 571 2071 στόμα
605 1998 700 2053 καὶ
730 2000 883 2052 πᾶσα
939 1997 1163 2068 γλῶσσα
1197 1999 1335 2071 πρὸς
1363 1999 1571 2054 αίνεσίν
1615 2015 1708 2052 σου
1766 1997 1848 2064 ἐξ·

1957 1999 2053 2054 sia:
2095 2015 2112 2056 :
2145 1997 2249 2054 hoc
2273 1999 2507 2070 sigillum
2547 2008 2772 2054 assertaa
2801 2015 2831 2053 a
2867 2008 2919 2054 te
2953 2010 3215 2070 paternae,
3247 2009 3301 2055 et
3340 1999 3541 2056 divini-

248 2092 555 2162 ανοίγεται.
581 2089 727 2162 Αὕτη
755 2080 831 2155 ῶς
852 2090 1068 2162 άληθῶς
1103 2093 1138 2164 ἡ
1169 2091 1296 2160 δόξα
1327 2091 1429 2163 τῆς
1475 2090 1803 2160 Ἐκκλησίας
1825 2104 1842 2121 ⁸

250 2185 396 2256 αὕτη
434 2186 468 2250 ή
502 2185 742 2258 σφραγὶς
801 2185 902 2256 τῆς
942 2183 1399 2256 περιποιηθείσης
1449 2166 1534 2237 σοι
1569 2183 1846 2254 πατρικῆς

250 2278 353 2331 καὶ
377 2275 742 2331 θεοπνεύστου
769 2276 878 2329 τῶν
915 2274 1262 2348 Χριστιανῶν
1299 2275 1634 2348 όρθοδοξίας,
1662 2274 1846 2328 ἓκδικε

247 2365 351 2421 τοῦ
377 2366 537 2428 Θεοῦ,
573 2368 669 2420 καὶ
713 2366 814 2438 τῆς
846 2364 1106 2436 ἀληθείας
1158 2365 1472 2437 ὑπὲρμαχε.
1503 2363 1848 2435 Τηλικαῦται

250 2475 353 2512 σου
380 2458 436 2511 al
465 2457 573 2511 τῶν
609 2457 821 2529 ἀρετῶν
856 2457 1151 2524 ἐπιδόσεις,
1182 2456 1259 2521 ῶς
1323 2457 1550 2528 μεγάλοι
1605 2457 1701 2512 καὶ
1732 2455 1851 2523 άξι-

251 2551 476 2604 ἑπαινοι
505 2551 553 2603 οἱ
592 2548 776 2619 μισθοί
807 2567 900 2603 σου
928 2564 942 2578 '
975 2549 1050 2614 ὡς
1085 2548 1219 2604 πολύ
1263 2565 1356 2602 σου
1375 2549 1473 2603 καλ⁸
1504 2547 1849 2620 ὑπερϐάλλον

249 2641 315 2696 τὸ
347 2641 698 2712 ἀνταπόδομα
721 2643 872 2714 παρὰ
898 2640 994 2695 τοῦ
1033 2641 1142 2696 τῶν
1172 2640 1314 2696 ὅλων
1347 2640 1510 2695 Θεοῦ.
1561 2641 1724 2710 Μέγα
1751 2641 1850 2711 μὲν

249 2732 368 2802 γὰρ
397 2733 492 2786 καὶ
517 2732 580 2785 τὸ
605 2731 704 2786 ἕνα
732 2731 952 2797 σώζειν.
993 2733 1121 2796 Πῶς
1148 2733 1258 2804 γὰρ
1282 2731 1381 2800 ob;
1413 2733 1558 2799 ἐπεὶ,
1587 2731 1663 2797 ῶς
1687 2750 1850 2803 φησιν

251 2822 426 2892 ὴθεία
447 2823 658 2895 Γραφὴ,
689 2823 1002 2894 ὀἐξάγων
1015 2823 1192 2890 ἄξιον
1204 2823 1274 2889 ἐξ
1298 2823 1576 2892 ἀναξίου,
1602 2825 1680 2891 ὡς
1699 2825 1848 2879 στό-

247 2928 341 2984 μα
367 2931 482 2983 μου
507 2913 679 2969 ἔσται
701 2931 716 2946 ο
748 2913 811 2969 τὸ
841 2914 898 2969 δὲ
916 2914 1184 2980 τοσαύτας
1203 2915 1383 2986 ψυχὰς
1400 2915 1497 2968 καὶ
1532 2915 1594 2968 τὸ
1618 2903 1726 2969 πᾶν
1753 2916 1848 2969 τοῦ

252 3003 420 3070 λαοῦ,
458 3006 577 3070 πῶς
600 3007 660 3060 οὐ
703 3007 849 3078 μέγα
891 3008 988 3061 καὶ
1019 3007 1337 3078 σεϐάσμιον,
1384 3011 1478 3063 καὶ
1522 3008 1620 3078 τῆς
1647 3008 1854 3062 ἄνωθεν

257 3097 682 3170 μεγαλοδωρεᾶς
707 3098 878 3163 ὅντως
905 3099 1131 3164 ἐπάξιον
1158 3117 1174 3165 ;
1207 3100 1280 3154 Σὺ
1305 3094 1398 3154 οὖν
1428 3099 1490 3152 τὸ
1523 3099 1662 3170 μέγα
1685 3098 1856 3163 ὅντως

253 3188 354 3242 καὶ
382 3188 765 3258 πραγματικὸν
794 3189 985 3260 όνομα,
1019 3190 1158 3260 μετὰ
1187 3189 1280 3243 τοῦ
1313 3191 1513 3255 παντὸς
1541 3189 1708 3244 καλοῦ
1738 3191 1857 3242 εισ-

259 3279 537 3350 ελήλυθας
582 3283 662 3344 είς
694 3280 762 3336 τὰ
812 3281 1096 3352 βασίλεια*
1128 3284 1224 3336 καὶ
1273 3283 1336 3336 σὺ
1383 3282 1452 3336 τά
1493 3279 1858 3354 ὲγκαταλείμ-

262 3389 416 3443 ματα
447 3373 550 3444 τῆς
575 3373 924 3447 δικαιοσύνης
958 3378 1177 3440 ἐάσειας
1202 3375 1600 3442 διαιωνίζοντα.

666 3490 750 3546 H'.
774 3521 842 3534 --
857 3491 1105 3563 Συμεὼν
1124 3492 1458 3564 ἡγουμένῳ.

1881 3358 1927 3419 C

1954 2101 2043 2146 tus
2084 2089 2362 2162 insnirnta:
2401 2087 2847 2145 Christianorum
2894 2090 3021 2145 ﬁdei
3051 2090 3390 2156 orthodoxae,
3419 2090 3542 2146 vin-

1953 2183 2055 2238 dex
2082 2181 2204 2245 Dei,
2237 2192 2292 2237 et
2337 2182 2584 2238 veritatis
2617 2182 3033 2254 propugnatrix.
3075 2181 3248 2238 Tanta
3275 2192 3404 2238 sunt
3432 2183 3542 2240 vir-

1954 2281 2135 2329 tutum
2167 2282 2385 2328 tuarum
2409 2273 2770 2329 incrementa.
2801 2273 2971 2340 Quam
2995 2289 3190 2346 magna
3210 2285 3266 2332 et
3282 2276 3541 2345 praeclara

1954 2381 2168 2422 merces
2218 2367 2354 2421 tua!
2395 2374 2595 2436 quanta
2627 2373 2684 2420 et
2721 2380 2884 2431 quam
2933 2365 3204 2420 excellens
3255 2365 3543 2420 retributio

1953 2458 2024 2512 ab
2071 2457 2457 2512 universorum
2491 2455 2604 2511 Deo
2637 2457 2650 2509 ι
2705 2455 2958 2527 Magnum
2987 2456 3136 2510 enim
3166 2470 3393 2526 prorsus
3434 2463 3540 2520 est,

1954 2550 2043 2606 vel
2074 2565 2245 2604 unum
2271 2564 2527 2604 servare:
2557 2547 2748 2619 quidni
2799 2549 2945 2602 enim
2972 2548 2994 2600 ?
3023 2563 3146 2602 cum
3185 2547 3332 2602 dicat
3359 2546 3542 2602 divina

1958 2641 2280 2712 Scriptura:
2329 2639 2432 2706 Qui
2471 2641 2643 2695 educit
2673 2640 2891 2709 dignum
2919 2640 2982 2692 de
3015 2639 3252 2707 indigno,
3305 2639 3403 2691 erit
3436 2638 3543 2691 sic—

1958 2744 2014 2790 ut
2070 2751 2126 2789 os
2172 2751 2348 2789 meum
2372 2732 2465 2801 ’3;
2530 2741 2610 2786 tot
2647 2733 2860 2786 animas
2900 2739 2956 2785 et
3015 2731 3275 2801 p0pulum
3321 2745 3543 2784 onmem

1957 2842 2227 2894 servasse,
2279 2825 2554 2896 quomodo
2593 2839 2852 2895 magnum
2899 2838 3007 2877 non
3049 2829 3340 2876 censeatur
3360 2821 3543 2892 etglo-

1958 2921 2190 2984 riosum,
2220 2926 2276 2973 et
2321 2917 2532 2972 caelesti
2577 2913 2954 2970 munificentia
3005 2913 3228 2985 dignum
3258 2913 3280 2966 ?
3307 2911 3388 2967 Tu
3415 2927 3547 2982 ergo

1959 3027 2217 3083 magnum
2271 3026 2461 3066 revera
2495 3019 2551 3065 et
2582 3008 2769 3064 etlicax
2809 3023 3031 3074 nomen,
3082 3006 3370 3078 imperium
3419 3021 3544 3060 curn

1961 3103 2110 3157 omni
2157 3103 2301 3158 bono
2351 3101 2599 3160 inivisti:
2637 3110 2695 3157 tu
2749 3101 2977 3173 iustitiae
3031 3100 3287 3172 reliquias
3327 3113 3547 3170 semper

1962 3195 2146 3268 vigere
2179 3196 2350 3252 sinas.

2328 3489 2462 3546 Vlll.
2512 3487 2840 3561 —Symeom°
2875 3487 3174 3558 prwpmito.

1327 3626 1405 3678 De
1445 3629 1688 3680 monacho
1727 3628 1816 3694 qui
1859 3629 2146 3680 emnoblum
2187 3624 2487 3690 reliquerat.

352 3735 528 3806 ’Υπὲρ
543 3735 692 3806 ἡμᾶς
717 3733 784 3789 τὰ
806 3734 928 3789 καθ’
945 3737 1094 3808 ἡμᾶς
1111 3735 1579 3810 ὑπολαμϐάνουσα
1601 3741 1634 3811 ἡ
1655 3757 1850 3809 πατρι-

263 3827 341 3898 κή
367 3844 463 3880 σου
499 3825 800 3896 ἁγιωσύνη,
821 3824 908 3878 διὰ
931 3824 1037 3879 τῶν
1049 3826 1142 3879 δύο
1163 3825 1334 3895 αὐτῆς
1357 3827 1688 3900 ίδιογράφων
1717 3829 1849 3902 ltus.

267 3921 411 3991 Reg.
437 3919 804 3992 ίερογράφων]
825 3919 1124 3972 ἐπιστολῶν
1153 3919 1432 3992 ὡμίλησεν
1460 3921 1593 3993 ἡμῖν
1623 3923 1689 3976 τά
1714 3923 1856 3988 ξενί-

266 4013 442 4078 ζοντα
465 4012 561 4066 καὶ
583 4011 976 4083 ἐκπλήττοντα.
1001 4011 1166 4066 Ἀλλὰ
1195 4011 1324 4084 περὶ
1347 4012 1449 4084 μὲν
1467 4012 1576 4067 τῶν
1593 4031 1858 4086 γραμμα-

262 4104 408 4174 τοφό
415 4122 522 4175 ρων
533 4104 824 4176 εὐδόκησεν
835 4105 863 4157 ό
875 4103 1418 4172 Θεδ;,ὺποκλιθέντος
1428 4106 1522 4161 τοῦ
1538 4108 1862 4180 ἡγουμένου,

2028 3739 2203 3812 Supra
2216 3749 2434 3810 captum
2451 3747 2696 3796 nostrum
2719 3753 2806 3794 res
2821 3746 3036 3794 nostras
3049 3733 3352 3806 suscipiens
3369 3744 3553 3806 pater-

1958 3848 2027 3887 na
2044 3833 2306 3888 sanctitas
2319 3842 2430 3897 tua,
2445 3847 2507 3886 ea
2526 3831 2686 3886 nobis
2707 3831 2920 3886 duabus
2943 3844 3106 3884 manu
3125 3827 3344 3898 propria
3367 3843 3551 3883 exara-

1963 3925 2032 3980 tis
2053 3925 2296 3995 epistolis
2307 3925 2422 3981 suis
2437 3925 2709 3994 exposuit,
2732 3939 2851 3994 qua:
2866 3922 3281 3979 admirationem
3295 3929 3351 3976 et
3366 3931 3555 3992 stupo-

1965 4033 2080 4072 rem
2099 4017 2424 4086 injecerunt.
2440 4017 2548 4072 Sed
2567 4018 2635 4072 de
2658 4015 2952 4072 tabellariis
2963 4014 3208 4086 quidem,
3226 4013 3339 4069 Deo
3353 4014 3556 4084 placuit

1967 4118 2028 4164 ut
2047 4107 2242 4163 inﬂexo
2267 4108 2556 4179 praeposito
2575 4108 2628 4162 in
2647 4106 3038 4163 monasterium
3060 4120 3219 4162 suum
3243 4103 3557 4174 reciperen-

265 4198 659 4269 ἀναληφθῆναι
678 4198 877 4262 αὐτοὺς
899 4199 957 4252 ὲν
976 4198 1056 4270 τῷ
1071 4198 1257 4271 οἰκείῳ
1275 4201 1456 4254 αὐτῶν
1480 4201 1848 4273 μοναστηρίῳλ

1969 4209 2086 4255 tur:
2097 4210 2248 4276 recte
2291 4201 2396 4254 hoc
2428 4210 2622 4271 agente
2650 4199 2850 4271 pietate
2894 4207 3008 4263 tua,
3046 4207 3106 4252 ut
3123 4212 3218 4252 eos
3261 4197 3554 4252 verborum

265 4291 467 4356 καλῶς
481 4290 639 4346 τοῦτο
657 4290 945 4363 πραξάσης
961 4291 1062 4362 τῆς
1081 4292 1394 4356 θεοσεϐείας
1415 4310 1529 4360 σου,
1555 4295 1632 4358 είς
1655 4294 1716 4347 τὸ
1736 4293 1848 4348 ἀνθ·

1966 4308 2189 4348 suorum
2207 4292 2486 4348 admonitu
2511 4291 2752 4364 paternis
2768 4287 3138 4361 spiritualibus
3153 4288 3456 4346 visceribus
3472 4303 3558 4344 re-

267 4385 608 4452 υπενεγκεῖν
631 4385 828 4450 αὐτοὺς
849 4385 939 4440 διὰ
960 4383 1054 4440 τοῦ
1079 4384 1390 4440 διδακτικοῦ
1409 4386 1579 4452 αὐτῆς
1600 4387 1763 4453 λόγου
1782 4387 1848 4452 είς

1965 4386 2235 4442 stitueret.
2272 4385 2350 4440 De
2383 4387 2550 4440 fratre
2584 4394 2768 4440 autem
2808 4393 3020 4448 nostro,
3051 4382 3144 4454 qui
3175 4381 3424 4437 ordinem
3459 4380 3557 4436 de-

264 4476 345 4530 τὰ
378 4474 612 4549 πατρῷα
637 4476 732 4530 καὶ
776 4476 1126 4548 πνευματικὰ
1161 4476 1474 4549 σπλάγχνα.
1520 4479 1657 4550 Περὶ
1691 4479 1749 4532 δὲ
1771 4479 1848 4533 τοὶ

1973 4479 2164 4547 seruit,
2212 4486 2270 4535 et
2314 4486 2578 4547 tanquam
2634 4492 2698 4532 ex
2730 4474 2983 4546 paradiso
3039 4472 3382 4529 emnobitieae
3434 4471 3558 4526 vita!

264 4567 806 4640 λειποτακτήσαντος
829 4569 1062 4640 ἀδελφοῦ
1083 4570 1261 4640 ἡμῶν,
1290 4570 1385 4624 καὶ
1403 4569 1478 4634 ὡς
1503 4572 1569 4625 ὲκ
1607 4589 1684 4625 πα
1693 4571 1848 4643 ραδεί

1970 4569 2188 4640 ejectus
2219 4580 2328 4638 est,
2355 4568 2487 4640 quid
2533 4567 2709 4624 dicam
2740 4566 2947 4623 nescio.
2978 4563 3228 4620 Vidimus
3265 4573 3323 4618 et
3351 4577 3452 4617 nos
3481 4562 3560 4617 vi-

270 4677 380 4714 σου
407 4660 512 4730 τῆς
543 4660 898 4734 κοινοϐιακῆς
920 4659 1067 4733 ζωῆς
1085 4661 1621 4734 ὲξοστρακισθὲντος,
1648 4663 1749 4718 οὐκ
1773 4660 1848 4718 οἶδ

1974 4680 2095 4718 rum
2137 4673 2322 4729 antea,
2363 4677 2552 4718 revera
2599 4663 2954 4734 plantatama
3004 4658 3119 4713 Deo
3167 4657 3357 4726 vitem,
3388 4663 3559 4710 totum

265 4751 306 4808 ὃ
352 4769 412 4805 τι
461 4751 732 4823 εἴπωμεν.
773 4754 884 4808 Καὶ
922 4755 1085 4825 ἡμεῖς
1132 4754 1440 4824 ἑωρακότες
1466 4753 1558 4808 τὸν
1604 4754 1774 4826 ἄνδρα
1812 4756 1848 4808 τί

1973 4771 2182 4822 veram,
2212 4762 2382 4810 totam
2405 4753 2749 4826 frugiferam.
2771 4749 3058 4818 Quomodo
3105 4762 3253 4803 nunc
3292 4746 3561 4801 Extermi-

269 4845 558 4918 πρότερον
613 4846 690 4910 ὼς
731 4845 953 4917 άληθῶς
1000 4843 1249 4917 ἄμπελον
1279 4846 1666 4916 θεοφύτευτον,
1693 4849 1848 4900 πᾶσαί

1975 4845 2116 4904 uavit
2148 4863 2267 4902 eam
2301 4863 2434 4917 aper
2466 4847 2531 4901 de
2557 4845 2714 4911 silva,
2749 4853 2797 4898 et
2822 4841 3113 4914 singularis
3143 4843 3284 4910 {erus
3310 4845 3561 4908 depastus

267 4937 570 5010 ἀληθινὴν,
595 4939 777 4993 πᾶσαν
801 4939 1177 5010 καρποφόρον.
1205 4940 1317 4994 Καὶ
1334 4939 1451 5004 πῶς
1478 4940 1560 4993 ὅτι
1586 4938 1711 5012 άρτι
1729 4939 1842 4994 ἐλυ

1983 4949 2058 4994 est
2088 4955 2207 4994 eam
2230 4940 2276 4972 ¹⁹
2303 4955 2318 4993 :
2349 4951 2615 4994 conversa
2647 4936 2786 5006 ipsa,
2813 4941 2874 4988 ut
2903 4933 2977 4987 ita
2994 4933 3194 4995 dicam,
3223 4931 3280 4985 in
3310 4929 3564 4985 amaritu-

259 5029 517 5101 μήνατο
529 5029 723 5099 αὐτὴν
733 5025 809 5097 ὗς
821 5031 889 5085 ἐκ
905 5029 1156 5100 δρυμοῦ,
1182 5031 1279 5085 καί
1297 5032 1507 5101 μονιὸς
1524 5030 1724 5102 ἄγριος
1741 5048 1848 5085 κατ

1983 5031 2169 5089 dinem
2196 5029 2579 5085 mortiferam?
2603 5028 2801 5082 Annon
2831 5025 3000 5091 enim,
3031 5023 3160 5096 quia
3203 5023 3436 5079 traditus
3479 5030 3566 5077 est

267 5120 626 5190 ενεμήσατο
648 5121 843 5189 αὐτήν
861 5140 877 5153 ·
915 5122 1252 5192 στραφείσης
1267 5121 1548 5192 αύτῆς,ῶς
1573 5123 1768 5183 εἰπεῖν,
1801 5123 1846 5176 εἰ

1984 5121 2320 5177 immanibus
2359 5119 2492 5176 feris
2543 5118 2880 5191 passionum,
2922 5131 3164 5172 amorem
3206 5114 3388 5172 carnis
3419 5114 3562 5179 dico,

363 5233 415 5267 "
453 5230 677 5304 Gregor.
733 5231 994 5288 Nazianz.
1051 5241 1192 5290 orat.
1231 5231 1322 5299 22,
1347 5233 1452 5290 sub
1480 5233 1576 5288 ﬁn.
1651 5231 1846 5300 "lere

1967 5250 2059 5302 xv,
2123 5234 2216 5292 l6.
2285 5236 2332 5269 "
2362 5234 2508 5292 Psal.
2537 5247 2719 5298 Lntx,
2752 5230 2839 5286 M.

1809 5349 2044 5412 NOTAE.

366 5442 483 5514 (ιδ)
515 5441 709 5498 Ταῦτα
735 5440 954 5496 πάντα.
978 5438 1354 5512 TheOphanes'
1371 5442 1438 5498 ad
1463 5455 1667 5497 annum
1688 5441 1746 5506 4,
1769 5439 1848 5494 Ire

366 5530 397 5568 s
423 5510 670 5568 secundo
704 5529 720 5567 :
761 5511 854 5568 Τῶ
885 5510 945 5565 δὲ
972 5511 1206 5568 Μαοτίω
1238 5513 1369 5568 μηνὶ
1403 5512 1507 5568 τῆς
1537 5512 1582 5566 θ’
1615 5510 1848 5566 nam“:

2074 5458 2152 5497 σι.
2187 5439 2368 5495 Mense
2394 5453 2556 5510 porro
2571 5434 2772 5491 Martio
2791 5435 3098 5492 indictionis
3121 5450 3298 5500 unum,
3321 5433 3566 5505 piissime

1989 5459 2144 5568 ﬁne
2167 5511 2450 5568 Byzantiis
2474 5507 2656 5562 civilia
2687 5508 2888 5562 remisit
2926 5506 3228 5568 vectigalia,
3260 5515 3310 5560 et
3343 5521 3405 5558 ea
3447 5518 3566 5568 qua:

275 5506 397 5589 nes
423 5506 670 5589 δέψειύο
701 5529 720 5589 _:
761 5511 854 5589 Ἰξῷ
972 5506 1206 5589 Μαρτίῳ
1238 5513 1369 5589 μηνὶ⁸
1403 5512 1507 5589 τῇς
1537 5512 1582 5566 θ’
1615 5510 1848 5589 ίνδικτιῶ

1990 5506 2144 5589 Irene
2167 5506 2450 5589 Byzantiis
2474 5507 2656 5589 civilia
2687 5508 2888 5589 remisit
2926 5506 3228 5589 vectigalia,
3260 5515 3310 5560 et
3343 5521 3424 5586 ea.
3447 5518 3566 5589 quia

279 5584 416 5670 γος,
450 5581 660 5675 βίρήνη
678 5583 727 5675 1ἡ
757 5580 992 5675 εὐσεϐὴς
1019 5580 1344 5675 Βυζαξςτξοις
1379 5580 1520 5675 τοῦς
1559 5581 1882 5675 πολιτικοὺς

284 5651 604 5723 ἐχαρίσατο
633 5651 858 5724 φόρους,
898 5651 997 5706 καὶ⁸
1028 5654 1132 5723 τῆς
1171 5651 1396 5706 Ἀϐύδου
1430 5653 1526 5706 καὶ
1569 5652 1664 5706 τοῦ
1709 5651 1881 5722 Ἱεροῦ

281 5725 379 5777 τὰ
404 5721 978 5796 λεγόμενμλκομὲρκια
999 5721 1290 5796 εκούςρισεν
1308 5737 1324 5752 ο
1352 5723 1604 5796 μεγάλως
1624 5723 1726 5796 Δἐπὶ.
1751 5722 1882 5796 τού-

283 5807 420 5856 τοις
473 5787 568 5848 οὖν
621 5787 804 5859 ἄλλοις
838 5787 1051 5859 πολλοῖς
1097 5787 1553 5866 εύχαριστηθείσα
1584 5793 1881 5865 εὐεργετή-

1989 5582 2133 5654 apud
2180 5576 2425 5654 Abydum
2472 5586 2523 5646 et
2574 5576 2795 5654 Hierum
2832 5576 3119 5654 dicuntur.
3147 5576 3460 5654 commercia
3503 5587 3567 5644 ea:

1989 5645 2146 5722 parte
2175 5645 2479 5722 relaxavit:
2502 5645 2597 5718 pro
2633 5650 2822 5722 quibus
2851 5648 3078 5718 aliisque
3101 5645 3366 5714 beneﬁciis
3401 5659 3568 5714 popu-

1989 5718 2073 5782 lus
2097 5724 2360 5780 maximas
2385 5721 2433 5777 ei
2463 5729 2640 5793 grates
2665 5718 2866 5774 retulit.
