4064 6372
539 379 648 446 935

1737 380 1798 442 S.
1823 378 2219 442 THEODORI
2261 379 2614 444 STUDl'l‘IE

3705 358 3814 428 936

542 490 972 563 dominandique
992 489 1296 559 libidinem,
1316 489 1501 547 videre
1523 500 1608 548 est
1631 490 1782 546 illum
1803 508 1951 548 nunc
1975 507 2129 548 men-

2257 492 2460 563 ιικρίαν
2482 485 2819 556 θανατικήν;
2847 483 2940 554 Μὴ
2984 479 3093 552 γὰρ
3127 479 3210 533 δτι
3241 475 3305 530 οὐ
3347 471 3682 547 παραδοθεὶς
3702 477 3813 530 τοῖς

543 587 614 643 tis
656 584 1120 658 contemplatione
1157 585 1225 641 ab
1262 585 1366 640 illis
1408 584 1716 655 depastum,
1770 593 1827 639 et
1866 594 2123 658 tanquam

541 679 764 734 leonum
793 693 889 734 ore
907 677 1267 734 dilaniatum?
1288 676 1479 730 Parem
1516 677 1686 743 enim,
1717 685 1779 730 ut
1809 675 1926 748 ipse
1958 677 2122 742 nosti,

544 786 612 826 ac
640 771 785 826 illius
827 771 922 842 qui
952 770 1261 825 inconsulto
1291 769 1524 824 discedit
1548 783 1578 822 a
1614 776 1790 838 patre,
1831 768 1901 823 ab
1947 783 2126 838 eoque

545 861 896 926 discinditur,
931 859 1051 930 ejus
1099 859 1309 928 lapsum
1341 873 1464 913 esse
1501 867 1690 914 censet
1721 858 1943 914 divinus
1983 858 2130 915 Basi-

547 955 673 1017 lius,
695 953 785 1024 qui
808 961 1050 1007 sanctam
1070 949 1459 1020 professionem
1477 949 1682 1019 abjicit.
1713 951 1836 1005 Ideo
1857 960 1912 1006 et
1937 952 2128 1006 eadem

549 1041 1137 1099 excommunicationis
1187 1041 1630 1110 reliquarumque
1667 1057 1952 1112 pinnarqu
1999 1059 2130 1098 sen-

551 1136 717 1190 tentia
740 1135 1067 1204 plectuntur.
1104 1131 1210 1188 Sed
1243 1131 1331 1188 hic
1366 1133 1584 1203 quidem
1613 1149 1715 1188 nos
1737 1143 1795 1188 nt
1817 1144 2131 1204 peccatores

549 1243 862 1298 precamur,
889 1237 949 1280 ut
981 1226 1266 1296 pristinam
1319 1224 1498 1280 lucem
1544 1225 1742 1280 iterum
1784 1243 1851 1281 ex
1889 1227 1992 1283 hoc
2032 1241 2133 1282 suo

550 1318 698 1372 vitiis
743 1318 1000 1372 hebetato
1047 1324 1103 1370 et
1150 1316 1446 1371 obscurato
1499 1316 1778 1371 intellectu
1820 1316 2076 1388 respiciat
2113 1334 2129 1384 ;

549 1410 880 1479 domumque
903 1409 1084 1464 denuo
1119 1407 1184 1462 ad
1206 1408 1420 1464 dulcem
1446 1407 1657 1463 Patrem
1675 1418 1732 1464 et
1754 1408 2133 1465 charissimam

551 1503 1030 1574 rongregationem
1083 1509 1413 1556 revertatur.
1471 1499 1692 1556 Fratres
1743 1511 1925 1556 autem
1985 1502 2136 1572 ipsos

553 1593 858 1656 hortamur,
879 1590 1279 1647 utcoenobitico
1301 1591 1586 1645 certamini
1613 1590 1829 1646 fortiter
1856 1591 2132 1657 insistant,

554 1700 659 1740 nec
690 1693 912 1756 propter
941 1683 1094 1752 impii
1124 1682 1335 1752 lapsum
1365 1681 1741 1736 convellantur
1769 1699 1783 1737 :
1817 1683 1911 1737 sed
1949 1683 2135 1754 potius

555 1775 869 1832 sincerioris
898 1774 1046 1836 fidei,
1091 1773 1589 1843 indissolubilisque
1617 1774 1976 1829 connexionis
2010 1775 2136 1830 inde

553 1878 743 1918 ansam
793 1863 1059 1932 arripiant
1092 1878 1107 1927 ;
1144 1861 1307 1931 idque
1332 1861 1400 1915 ad
1435 1861 1715 1933 sanguinis
1737 1878 1910 1933 usque
1946 1864 2138 1934 profu-
2169 1856 2211 1912 Β

556 1957 788 2020 sionem,
811 1953 1266 2024 quemadmodum
1305 1951 1415 2007 Deo
1435 1951 1582 2022 pleni
1607 1951 1791 2007 Patres
1821 1953 2136 2023 praedicant,

558 2060 620 2106 ut
673 2067 770 2122 per
799 2049 1102 2104 absolutam
1131 2049 1394 2120 religiosa:
1419 2048 1542 2103 vitae
1578 2047 1973 2118 perfectionem
1996 2065 2143 2103 mar-

560 2143 679 2214 tyrii
715 2157 973 2196 coronam
1014 2140 1068 2194 in
1117 2139 1205 2194 die
1253 2139 1438 2208 iudicii
1468 2139 1753 2209 recipiant,
1787 2139 2016 2196 chorum
2059 2140 2144 2195 in-

556 2245 756 2290 euntes
785 2250 909 2290 cum
943 2232 1222 2293 Dositheo,
1247 2241 1302 2288 et
1325 2231 1544 2295 Acacio,
1575 2241 1630 2286 et
1654 2231 1980 2297 Domitiano,
2011 2233 2142 2288 viris

558 2326 719 2396 plane
750 2323 1130 2385 sanctissimis,
1160 2324 1251 2393 qui
1271 2339 1484 2378 summa
1506 2339 1629 2378 cum
1649 2323 1959 2380 ohedientia
1977 2326 2143 2380 vitam

558 2425 875 2488 exegerunt.
925 2415 1094 2471 Hodie
1131 2430 1387 2485 namque,
1419 2415 1563 2470 sicut
1621 2415 1883 2471 sanctitas
1947 2425 2040 2471 tua
2087 2416 2145 2472 in

559 2509 770 2578 reliquo
805 2508 1046 2578 epistolae
1079 2517 1232 2563 testu
1264 2509 1362 2571 ait,
1390 2521 1540 2562 mera
1571 2507 1776 2576 ubique
1816 2507 2067 2564 confusio
2090 2516 2148 2563 et

559 2598 935 2655 inobedieutia
971 2619 986 2655 :
1021 2601 1152 2654 dum
1197 2598 1399 2671 singuli
1439 2598 1555 2654 fere
1599 2599 1857 2655 humanis
1917 2616 2150 2658 consue—

561 2694 843 2750 tudinibus
881 2693 1152 2756 nituntur,
1201 2693 1618 2764 vicinorumque
1670 2693 1962 2756 institutis,
2023 2709 2147 2765 quae

565 2784 657 2840 Dei
681 2784 892 2854 legibus
916 2783 1076 2852 plane
1099 2782 1461 2836 adversantur
1508 2800 1522 2836 :
1570 2782 1890 2852 maluntque
1913 2783 2078 2854 hujus
2096 2794 2152 2841 et

564 2876 709 2932 illius
733 2875 1030 2947 praepositi,
1057 2891 1220 2946 quam
1249 2874 1556 2928 divinorum
1591 2873 1811 2928 Patrum
1841 2884 2150 2931 nostrorum

563 2970 732 3024 vitam
766 2969 1080 3024 observare.
1111 2967 1232 3034 Quo
1266 2967 1344 3030 tit,
1381 2975 1730 3038 utpastores,
1760 2975 1818 3022 et
1851 2968 1905 3022 in
1933 2968 2018 3022 his
2053 2983 2153 3039 ego

564 3063 798 3134 primus,
846 3062 1204 3133 desipiamus,
1243 3072 1300 3116 et
1349 3059 1638 3115 Dominum
1679 3075 1790 3115 non
1817 3076 2150 3130 quaeramus,

566 3171 670 3210 nec
701 3153 1239 3224 irreprehensibilem
1267 3162 1324 3207 et
1342 3161 1688 3207 constantem
1723 3151 1847 3206 vita!
1879 3152 2152 3206 rationem

2225 581 2538 644 άτιθάσσοις
2554 577 2719 649 θηρσὶ
2745 574 2861 631 τῶν
2895 571 3111 636 παθῶν,
3131 566 3494 640 φιλοσαρκίας
3519 581 3609 632 τε,
3644 565 3810 636 φημὶ,

2227 674 2321 728 καὶ
2351 669 2666 742 φιλαρχίας,
2685 667 2841 722 ἔστιν
2862 665 2991 719 ἰδεῖν
3015 661 3179 717 αὐτὸν
3206 659 3418 732 ἄρτιτῇ
3441 656 3539 712 τοῦ
3561 655 3659 710 νοῦ
3675 655 3813 710 θεωο

2230 770 2324 843 ρία
2353 767 2792 839 βιβρωσκὸμενον
2818 763 2910 816 ὐπ’
2941 757 3144 822 αὐτῶν,
3165 757 3260 810 καὶ
3278 751 3815 843 κατασπαραττόμε-

2227 842 2320 916 νον
2351 855 2442 914 οἶα
2481 857 2590 912 ἀπὸ
2633 863 2905 928 στόματος
2937 851 3208 914 λεόντωνς
3243 845 3355 920 Τὴν
3403 845 3528 917 τσην
3579 844 3714 916 γὰρ,
3739 842 3814 907 ὡς

2229 949 2406 1019 οἶσθα,
2433 951 2612 1022 κρίνει
2643 947 2966 1003 ἀπόπτωσιν
2995 943 3026 996 δ
3067 942 3212 1004 θεῖος
3247 937 3554 999 Βασίλειος,
3584 934 3669 1007 τῷ
3690 933 3816 989 ἁλό-

2229 1062 2343 1116 γως
2386 1039 2760 1114 ἀναχωροῦντι
2811 1037 2906 1093 καὶ¹
2975 1031 3400 1105 άποσχιζομένῳ
3441 1028 3693 1101 πατρὸς.
3722 1025 3815 1082 τοῦ

2237 1138 2332 1192 καὶ
2378 1134 2514 1190 αὐτὸ
2551 1134 2612 1188 τὸ
2641 1133 2786 1188 θεῖον
2819 1129 3148 1200 ἐπάγγελμα
3183 1123 3692 1197 άπορῤιπτομὲνου.
3720 1119 3818 1175 Διά

2231 1225 2392 1280 τοῦτο
2417 1223 2630 1295 καὶτῆς
2659 1222 2828 1290 αὐτῆς
2859 1222 2970 1275 εισι
3000 1217 3310 1288 καταδίκης
3337 1214 3435 1269 επὶ
3461 1215 3564 1286 τῆς
3588 1214 3819 1268 ἀκοινω-

2234 1317 2451 1390 νησίας,
2489 1316 2583 1368 καὶ
2613 1313 2722 1370 τῶν
2750 1313 2929 1368 ἄλλων
2957 1308 3276 1380 ἐπιτιμίων.
3313 1305 3479 1362 Ἀλλὰ
3505 1304 3700 1359 τοῦτον
3719 1303 3819 1375 μὲν

2236 1407 2509 1479 εὐχόμεθα
2542 1407 2619 1470 ὼς
2679 1401 2997 1476 ἁμαρτωλοὶ
3027 1398 3351 1468 άντωπῆσαι
3393 1394 3563 1450 πάλιν
3584 1393 3723 1465 πρὸς
3759 1391 3820 1446 τδ

2237 1501 2505 1571 πρότερον
2527 1497 2666 1568 φῶς,
2701 1495 2767 1548 ἐκ
2796 1493 2902 1564 τῆς
2949 1485 3393 1563 άμδλυωπαθοῦς
3419 1486 3521 1542 καὶ
3541 1483 3820 1554 ὶζοφωμέ-

2237 1607 2332 1662 νης
2353 1587 2518 1644 αὐτοῦ
2551 1585 2797 1650 ἐννοίας’
2829 1583 2926 1638 καὶ
2957 1580 3143 1636 οῐκαδε
3181 1577 3338 1641 αὖθις
3366 1575 3654 1631 ὶπανιὲναι
3684 1573 3820 1644 πρὸς

2237 1683 2330 1737 τὸν
2365 1682 2580 1751 γλυκὺν
2614 1679 2856 1749 Πατέρα,
2909 1674 3006 1728 καὶ
3065 1670 3166 1744 τὴν
3215 1669 3492 1740 φιλτάτην
3547 1665 3819 1720 συνοδίαν.

2245 1777 2446 1838 Αὐτοὺς
2473 1774 2530 1828 δὲ
2559 1773 2685 1838 τοὺς
2707 1769 2974 1840 ἀδελφοὺς
3003 1762 3434 1838 παρακαλοῦμεν
3468 1762 3668 1831 στῆναι
3696 1775 3820 1828 γεν-

2241 1867 2407 1930 ναίως
2444 1865 2584 1936 πρὸς
2615 1864 2716 1934 τὴν
2739 1857 3090 1929 κοινοδιακὴν
3113 1856 3338 1924 ἄθλησιν
3359 1870 3375 1886 ·
3407 1851 3506 1908 καὶ
3523 1851 3602 1922 μὴ
3635 1849 3824 1904 σαλευ-

2243 1958 2406 2027 θῆναι
2437 1957 2502 2009 ὲκ
2524 1954 2626 2026 τῆς
2662 1952 2758 2007 τοῦ
2787 1947 3022 2013 ἀσεϐοῦς
3051 1944 3466 2027 καταπτώσεως
3485 1957 3502 1974 ο
3541 1941 3745 2012 μᾶλλον
3767 1939 3824 1994 ἃ

2242 2051 2337 2103 καὶ
2365 2047 2568 2118 μᾶλλον
2605 2043 2857 2100 ἐντεῦθεν
2885 2037 3289 2113 ἐπιδράξασθαι
3313 2035 3698 2106 γνησιωτὲρας
3728 2033 3822 2086 uio

2245 2159 2420 2205 στεως
2447 2139 2543 2194 καὶ
2569 2135 2946 2192 ὰδιασπάστου
2969 2129 3330 2195 συντεύξεως,
3349 2124 3611 2181 τοσοῦτον
3635 2125 3827 2197 μέχρις

2243 2235 2497 2304 αἳματος,
2530 2228 2711 2293 καθὼς
2737 2229 2784 2282 oi.
2817 2223 3068 2295 θεοφόροι
3114 2220 3358 2291 Πατέρες
3391 2215 3822 2288 διαγορεύουσιν,

2246 2325 2335 2380 ἴνα
2365 2323 2666 2393 τελειότητι
2695 2318 2790 2372 τοῦ
2844 2312 3216 2372 ὑποτακτικοῦ
3243 2309 3424 2366 αὐτῶν
3457 2308 3599 2380 βίου,
3623 2304 3828 2362 τδντοῦ

2250 2415 2560 2489 μαρτυρίου
2597 2411 2862 2481 στέφανον
2895 2407 3273 2479 άναδὴσωνται
3311 2404 3372 2458 ιν
3409 2405 3478 2474 τῇ
3516 2399 3706 2473 ἡμέρᾳ
3734 2399 3830 2468 τῆς

2247 2507 2618 2578 διαγνώσεως,
2662 2501 2982 2578 χορεύοντες
3038 2497 3178 2570 μετὰ
3221 2494 3505 2560 Δοσιθέου,
3531 2492 3628 2546 καὶ
3667 2491 3831 2545 Ἀκα-

2249 2602 2396 2668 κίου,
2429 2602 2524 2654 καὶ
2545 2593 2902 2669 Δομετιανοῦ,
2927 2591 3037 2648 τῶν
3058 2590 3200 2646 πάνυ
3228 2585 3538 2656 παναγίων,
3563 2583 3674 2638 τῶν
3696 2600 3832 2638 παν-

2251 2695 2514 2766 υπηκόως
2531 2691 2631 2762 τὴν
2651 2687 2932 2744 πολιτείαν
2951 2680 3410 2738 τετελειωκότων.
3429 2677 3680 2749 Σήμερον
3705 2673 3832 2744 γὰρ,

2251 2785 2434 2851 καθὼς
2469 2785 2526 2839 αἱ
2577 2781 2767 2837 λοιπαὶ
2818 2777 2998 2851 φωναὶ
3026 2776 3125 2847 τῆς
3155 2770 3435 2842 ὁσιότητος
3462 2786 3586 2834 σου,
3611 2767 3836 2838 ἀκρισία

2254 2882 2406 2936 πᾶσα
2443 2879 2540 2934 καὶ
2580 2874 2954 2940 άνυποταξία·
2993 2867 3430 2940 ἐπερειδομένων
3468 2863 3582 2918 τῶν
3619 2862 3836 2916 πάντων

2258 2971 2448 3042 σχεδὸν
2479 2970 2653 3023 εἰπεῖν
2680 2969 2808 3030 ταῖς
2830 2961 3206 3036 ἀνθρωπίναις
3234 2954 3573 3026 συνηθείαις,
3610 2953 3707 3006 καὶ
3722 2954 3836 3014 ταῖς

2255 3066 2372 3124 τῶν
2447 3061 2902 3134 προσεχεστέρων
2969 3054 3416 3127 διακρατήσεσιν,
3479 3047 3541 3114 ἐξ
3594 3046 3837 3106 ἐναντίας

2259 3157 2514 3229 ἐχούσαις
2543 3154 2652 3208 τῶν
2679 3151 2915 3207 ἐντολῶν
2939 3147 3035 3204 τοῦ
3062 3144 3200 3202 Θεοῦ
3225 3159 3243 3176 ⁶
3275 3143 3370 3199 καὶ⁵
3415 3140 3622 3214 μᾶλλον
3653 3141 3837 3210 αἱρου-

568 3246 960 3316 investigemus
981 3261 997 3306 ;
1019 3245 1114 3299 sed
1132 3243 1286 3314 quasi
1316 3244 1594 3312 antiquata
1617 3241 1737 3312 lege
1760 3239 1878 3307 Dei,
1909 3251 1966 3296 et
1987 3241 2153 3295 aboli-

2257 3251 2438 3322 μένων
2467 3247 2564 3303 τοῦ
2609 3247 2784 3310 δεῖνος
2828 3244 2927 3298 καὶ
2962 3239 3058 3296 τοῦ
3104 3239 3282 3302 δεῖνος
3326 3235 3636 3308 ἡγουμένου
3675 3249 3842 3302 παρα·

571 3349 630 3394 to
646 3337 954 3408 Evangelio,
975 3335 1504 3404 hebescentibusque
1520 3333 1898 3404 spiritualibns
1913 3333 2151 3388 sanctio-

569 3430 753 3492 nibus,
794 3437 980 3498 atque,
1017 3437 1078 3482 ut
1131 3426 1301 3497 magis
1325 3426 1553 3496 impium
1589 3424 1720 3495 quid
1751 3425 1952 3489 dicam,
1996 3424 2150 3495 quasi

569 3529 782 3575 mutato
830 3518 1156 3574 immutabili
1187 3518 1316 3572 Deo.
1345 3515 1480 3574 Nam
1507 3526 1564 3572 et
1610 3517 1716 3572 hoc
1747 3517 1871 3573 illos
1916 3526 2149 3588 spectat,

568 3613 662 3683 qui
684 3627 900 3682 semper
925 3613 1179 3666 incusant
1212 3618 1268 3665 et
1290 3610 1430 3676 dies,
1461 3619 1520 3666 et
1563 3619 1774 3677 aetates,
1816 3611 1963 3680 quod
1992 3611 2154 3667 aliter

573 3705 680 3770 lim,
716 3705 875 3759 aliter
909 3703 1014 3762 illae
1043 3719 1102 3758 se
1133 3703 1392 3758 habeant.

2255 3340 2445 3409 τηρεῖν
2493 3336 2586 3391 τὸν
2633 3335 2769 3407 βίον,
2805 3333 2840 3405 ἢ
2865 3331 2978 3386 τῶν
3015 3328 3323 3384 θεσπεσίων
3367 3325 3633 3395 Πατέρων
3666 3322 3838 3394 ⁴ἡμῶν.

2259 3428 2451 3482 Ἔνθεν
2481 3428 2530 3481 οἱ
2565 3426 2846 3496 ποιμένες,
2874 3423 2934 3488 ἐξ
2960 3413 3035 3476 ὧν
3071 3419 3184 3488 εγὼ
3210 3417 3452 3489 πρῶτος,
3502 3413 3841 3488 ἠφρονεύσα-

2261 3537 2380 3590 μεν,
2410 3519 2509 3572 καὶ
2539 3517 2632 3572 τὸν
2659 3515 2866 3587 Κύριον
2907 3513 3010 3568 οὐκ
3043 3507 3410 3581 ἑκζητοῦμεν,
3439 3506 3562 3560 οὐδὲ
3594 3505 3656 3560 τὸ
3693 3503 3840 3575 ἀμὼο

2261 3628 2433 3683 μητον
2463 3611 2557 3666 καὶ
2578 3610 2644 3664 τὸ
2665 3608 3009 3680 άκράδαντον
3047 3605 3147 3674 τῆς
3188 3601 3478 3665 πολιτείας
3527 3594 3844 3670 ίχνηλατοῦ-

2262 3721 2362 3774 μεν
2389 3719 2405 3734 ·
2433 3703 2553 3757 ἀλλ’
2583 3703 2659 3766 ὡς
2700 3697 3110 3760 παλαιωθέντος
3161 3694 3259 3750 τοῦ
3323 3693 3472 3748 θείου
3511 3692 3725 3762 -νόμου,
3759 3689 3845 3743 καὶ

572 3796 919 3869 ἀργήσαντος
965 3795 1063 3850 τοῦ
1115 3794 1477 3865 Εὐαγγελίου,
1514 3792 1611 3850 καὶ
1656 3793 2040 3866 άτονησάντων
2094 3794 2202 3850 τῶν
2242 3795 2633 3867 πνευματικῶν
2656 3792 2900 3865 θεσμῶν,
2926 3791 3045 3857 καὶ,
3076 3788 3166 3843 ἶνα
3191 3804 3250 3843 τι
3307 3788 3449 3842 εῐπω
3475 3784 3577 3840 καὶ
3607 3782 3844 3854 βλασφη-

576 3891 826 3962 μὸτερον,
874 3889 950 3953 ὡς
1001 3888 1386 3952 άλλοιωθέντος
1444 3887 1544 3943 τοῦ
1595 3886 1964 3942 άναλλοιὼτου
2018 3889 2178 3944 Θεοῦ.
2221 3890 2394 3944 Τοῦτο
2449 3889 2558 3962 γάρ
2617 3891 2736 3944 ἔστι
2789 3885 2928 3958 πρὸς
2987 3886 3049 3940 τδ
3110 3884 3290 3951 λέγειν
3329 3879 3425 3934 καὶ
3465 3871 3847 3932 καταιτιᾶσθαι

571 3983 701 4047 τοὺς
751 3983 979 4055 χρόνους
1026 3982 1120 4035 καὶ
1167 3981 1266 4043 τὰς
1290 3979 1504 4051 ἡμέρας
1529 3978 1628 4033 καὶ
1655 3980 1758 4043 τὰς
1783 3979 2000 4048 γενεάς,
2029 3981 2268 4045 ἀλλοίως
2327 3981 2428 4050 μὲν
2461 3979 2712 4044 ὲκείνας,
2747 3979 2846 4032 xa‘t
2877 3975 3106 4039 ἀλλοίως
3130 3971 3359 4033 ταύτας.

648 4075 764 4147 Ego
795 4090 924 4130 vero
950 4090 1060 4129 non
1095 4089 1125 4128 a
1149 4082 1397 4143 tempore
1429 4071 1706 4127 invectum
1744 4071 1849 4126 hoc
1873 4071 2170 4126 discrimen

577 4169 872 4225 contendo.
921 4164 1033 4222 Nec
1071 4165 1216 4220 enim
1262 4163 1424 4218 aliam
1461 4163 1692 4218 formam
1733 4162 1913 4217 induit
1952 4162 2173 4228 caelum,

581 4278 683 4318 nec
730 4270 938 4316 motum
988 4259 1191 4323 alium,
1237 4272 1344 4314 nec
1389 4257 1549 4312 aliam
1601 4255 1780 4311 lucem
1832 4255 1939 4310 diei
1986 4255 2171 4326 opifex

579 4355 806 4425 lampas,
853 4367 956 4408 nec
994 4361 1190 4422 praeter
1213 4350 1432 4406 solitum
1461 4349 1708 4404 ordinem
1748 4349 1922 4402 fertur
1958 4358 2014 4403 et
2063 4349 2174 4403 cir-

582 4445 889 4517 cumagitur
913 4440 1250 4498 universum.
1276 4440 1479 4496 Statuit
1508 4440 1654 4496 enim
1687 4439 1804 4504 illa,
1829 4449 1888 4495 ut
1909 4439 2172 4509 scriptum

581 4547 685 4604 est,
717 4539 772 4591 in
809 4546 1064 4590 internum
1109 4543 1158 4590 et
1202 4535 1258 4588 in
1294 4533 1548 4588 arculum
1589 4531 1806 4596 surculi;
1851 4542 2172 4602 praeceptum

583 4631 782 4698 posuit,
833 4639 882 4684 et
931 4644 1033 4682 non
1067 4625 1440 4697 pmteribit".
1483 4625 1592 4681 Sed
1622 4633 1802 4678 ortum
1832 4623 1885 4678 id
1915 4632 2019 4688 est,
2050 4639 2179 4678 san-

584 4722 852 4786 ctissime,
886 4736 952 4776 ex
985 4719 1288 4774 mutatione
1326 4717 1514 4772 libera:
1552 4717 1851 4772 voluntatis
1881 4716 1952 4770 ab
1991 4731 2180 4771 amore

586 4815 778 4870 divino
805 4814 1104 4878 destitutae,
1134 4811 1503 4881 atl'ectumque
1529 4825 1690 4864 suum
1716 4809 1783 4864 ad
1810 4809 2015 4864 caduca
2041 4807 2180 4864 deﬁ-

588 4908 787 4978 gentis,
816 4906 1048 4977 gloriosa
1079 4904 1328 4974 exempla
1375 4901 1528 4974 sequi
1578 4901 1953 4964 detrec-tantis,
2001 4915 2182 4971 neque

588 4999 936 5071 archetypam
983 4998 1166 5069 potius
1216 4994 1561 5067 patriamque
1604 4992 1846 5049 divinam
1892 4992 2182 5064 imaginem

589 5092 916 5160 exprimere,
949 5104 1111 5160 quam
1149 5087 1423 5143 deformes
1467 5095 1524 5140 et
1550 5084 1758 5140 alienas
1785 5099 1850 5138 ac
1899 5082 2180 5154 prodigio-

591 5197 699 5236 sas.
747 5179 1112 5246 Quamobrem
1155 5177 1325 5233 animi
1365 5175 1652 5232 simulacra
1682 5175 1946 5246 gerimus,
1983 5177 2181 5244 partim

593 5273 812 5343 quidem
835 5272 1088 5326 humanae
1107 5268 1529 5340 naturaaaliquid
1551 5267 1828 5330 habentia,
1849 5267 2054 5337 partim
2089 5280 2184 5320 ca-

596 5359 906 5434 nis,p'artim
925 5362 1162 5434 leopardi
1181 5359 1632 5431 fortasse,partim
1649 5358 1832 5430 piscis,
1853 5367 1946 5412 aut
1961 5356 2187 5413 alterius

600 5457 814 5528 reptilis
835 5455 1142 5527 cuiuspiam
1165 5472 1180 5510 :
1201 5453 1492 5511 sanctitate
1527 5461 1619 5507 tua
1644 5450 1940 5522 anagogice
1957 5449 2177 5504 haecin-

601 5551 900 5623 telligente.
939 5548 1044 5616 Qui
1061 5564 1194 5622 ergo
1219 5546 1342 5603 talia
1357 5543 1861 5616 dereptieﬂutiunt,
1878 5551 1975 5598 aut
1997 5539 2179 5596 Evan-

601 5642 740 5716 gelia
768 5641 944 5713 palam
971 5650 1028 5695 et
1055 5640 1197 5695 nuda
1230 5639 1408 5698 fronte
1439 5635 1799 5708 perfringam,
1830 5641 1887 5688 et
1922 5629 2178 5703 martyria

679 5838 724 5871 ³⁸
749 5836 893 5892 Psal.
932 5851 1158 5902 CXLVIII,
1192 5835 1244 5891 6.

2358 4069 2498 4139 Ἐγὼ
2523 4069 2580 4122 δε
2605 4065 3079 4138 ἀνταποκρίνομαι
3101 4062 3179 4127 ὡς
3207 4058 3270 4115 οὐ
3291 4057 3444 4129 παρὰ
3464 4055 3528 4110 τὺ
3547 4051 3646 4107 τοῦ
3668 4052 3848 4124 χρόνου

2273 4161 2534 4234 διάφορον
2588 4159 2747 4214 τοῦτο
2805 4155 3050 4226 ὑπήχθη.
3121 4151 3258 4206 Οὐδὲ
3316 4148 3426 4220 γάρ
3487 4144 3850 4216 ἑτερόμορφος

2276 4257 2499 4324 γέγονεν
2531 4255 2559 4307 ὁ
2587 4251 2838 4324 οὐρανὸς,
2884 4247 3004 4301 οὐδὲ
3050 4242 3466 4314 ὲτεροκίνητος,
3507 4237 3634 4292 οὐδὲ
3681 4236 3851 4324 itepo-

2277 4322 2502 4415 λαμπὴς
2526 4346 2554 4396 ὁ
2573 4322 2907 4414 δημιουργὸς
2933 4341 3032 4409 τῆς
3054 4335 3265 4407 ἡμέρας
3287 4329 3539 4403 φωστὴρ,
3559 4326 3686 4381 οὐδὲ

2277 4436 2378 4505 τὴν
2426 4433 2554 4505 πρὶν
2601 4431 2757 4496 τάξιν
2789 4425 3015 4498 φέρεταί
3048 4443 3108 4479 τε
3157 4424 3253 4478 καὶ
3297 4419 3606 4486 διεξάγεται
3639 4415 3703 4468 τὸ
3729 4415 3845 4505 πᾶν.

2283 4502 2551 4593 Ἔστησε
2583 4522 2693 4594 γὰρ
2718 4520 2891 4584 αὐτὰ,
2922 4516 3065 4572 κατὰ
3092 4515 3162 4568 τὰ
3186 4513 3362 4582 Λόγια
3381 4551 3398 4577 ,
3429 4510 3519 4575 εις
3551 4507 3664 4561 τὸν
3681 4502 3850 4560 αἰῶνα

2279 4615 2379 4670 καὶ
2407 4617 2495 4680 εις
2523 4612 2630 4667 τὸν
2651 4609 2839 4668 αἰῶνα
2869 4608 2974 4663 τοῦ
2993 4605 3212 4671 alii»ch
3231 4619 3247 4636 ο
3274 4602 3638 4670 πρόσταγμα
3673 4595 3849 4680 ἔθετο.

2283 4705 2382 4760 καὶ
2410 4675 2485 4758 οὐ
2511 4702 2976 4773 παρελεύσεται.
3015 4695 3181 4750 Ἀλλά
3219 4692 3380 4746 τοῦτο
3415 4687 3783 4761 συμϐέϐηκεν,
3811 4675 3851 4736 ὦ

2285 4799 2580 4866 ἁγιώτατε,
2633 4793 2776 4849 κατά
2818 4791 2881 4846 τὸ
2920 4786 3324 4862 ἐνηλλαγμένον
3370 4782 3473 4853 τῆς
3517 4775 3851 4844 αὐτεξουσίον

2285 4888 2660 4961 προαιρέσεως
2689 4924 2704 4948 ,
2749 4879 3169 4954 ὁλιγωρησάσης
3207 4879 3271 4930 ὲκ
3301 4873 3399 4929 τοῦ
3452 4871 3603 4926 θείου
3632 4870 3850 4961 ἔρωτος,

2286 4960 2380 5038 καὶ
2407 4983 2537 5054 περὶ
2561 4983 2630 5035 τὰ
2653 4978 2902 5052 πρόσυλα
2927 4977 3027 5047 τὴν
3055 4973 3258 5043 ἑαυτῆς
3279 4969 3466 5050 ἔφεσιν
3484 4960 3852 5024 ὲκδεδωκνὶαςν

2289 5076 2384 5131 καὶ
2411 5076 2472 5130 οὐ
2505 5073 2787 5143 θελούσης,
2812 5069 2932 5126 οὐδὲ
2964 5065 3301 5140 αἱρουμένης
3333 5061 3446 5116 τῶν
3497 5055 3734 5112 εὐκλεῶν
3775 5055 3858 5119 ἔφα

2290 5167 2534 5240 άψασθαι
2571 5165 3059 5237 παραδειγμάτων,
3087 5159 3210 5214 οὐδὲ
3251 5153 3609 5227 μεταγράψαι
3633 5148 3740 5204 ἀπὸ
3763 5144 3856 5240 τῇς

2292 5236 2604 5333 ἀρχετύπου
2630 5236 2726 5312 καὶ
2756 5255 2989 5326 πατρίου
3024 5250 3293 5313 θεοειδοῦς
3321 5247 3552 5309 είκόνος,
3582 5244 3646 5298 ὲκ
3755 5236 3854 5290 τῶν

2289 5330 2624 5424 δυσμόρφων
2669 5347 2768 5403 καὶ
2815 5345 3123 5402 ἀλλοκότων
3167 5341 3266 5396 καὶ
3293 5330 3854 5424 τερατουργουμένων.

2290 5415 2578 5498 Διὰ-τοῦτο
2603 5437 2676 5492 τὰ
2701 5435 2910 5508 auxia
2937 5433 3235 5504 Ινδάλματα
3268 5427 3626 5499 ιπιφέρομιν,
3655 5420 3717 5474 τδ
3767 5415 3858 5488 μιν

2285 5555 2338 5591 τι
2365 5531 2706 5606 ἀνθρωπείου
2735 5530 2900 5603 μέρος
2931 5526 3144 5598 ῐχοντα,
3179 5522 3242 5578 τδ
3268 5521 3329 5577 δὲ
3356 5519 3541 5586 κυνὸς,
3575 5515 3633 5570 τὸ
3663 5513 3722 5569 δι
3746 5511 3854 5564 λεο-

2291 5629 2496 5702 πάρδου
2529 5626 2714 5699 τυχὸν,
2741 5624 2804 5681 τδ
2826 5623 2884 5680 δὲ
2913 5620 3116 5694 ἰχθύος,
3149 5619 3185 5691 ἦ
3203 5633 3347 5683 τινος
3374 5614 3536 5672 ἄλλον
3563 5607 3670 5665 τῶν
3697 5607 3851 5678 ἕρπ’
