4064 6372
232 292 335 354 937
1476 294 1835 358 EPISTOLA

1945 288 2183 360 ‘MILIB.
2224 292 2274 353 ἶ.
3403 287 3506 347 938

234 404 346 458 τῶν
365 419 382 435 ’
418 402 782 475 ἀναγωγικῶς
801 402 977 459 ταῦτα
1002 398 1389 477 λαμϐανούσης
1411 406 1513 476 τῆς
1536 404 1813 475 όσιότητός

1950 411 1971 456 ι
2002 399 2426 471 iustiﬁcationes
2458 397 2695 466 Domini,
2734 406 2789 452 et
2821 396 3001 452 omnia
3038 413 3067 451 a
3094 398 3296 478 sanctis
3328 407 3508 453 trans-

236 514 357 552 σου.
382 498 449 551 Ol
477 499 548 552 τὰ
573 496 801 551 τοιαῦτα
830 497 1124 567 τοιγαροῦν
1156 498 1222 551 ὲκ
1250 494 1591 567 φενακισμοῦ
1623 495 1817 566 βαττα-

1945 493 2086 549 nissa
2132 493 2410 548 volumina
2439 510 2453 547 :
2487 501 2578 546 aut
2625 490 2669 545 si
2707 492 2811 546 hoc
2847 490 3028 546 facere
3060 492 3324 555 abnuant,
3371 505 3507 562 pue-

241 589 508 661 ρίζοντες,
541 589 575 660 ἢ
612 586 935 660 ρηξάτωσαν
965 590 1145 661 γυμνῇ
1170 589 1237 661 τῇ
1265 588 1477 659 κεφαλῇ
1522 587 1591 641 τὰ
1636 586 1819 654 Εὐαγ-

1945 582 2075 638 iiem
2106 597 2333 638 sensum
2359 590 2414 637 et
2448 598 2477 637 a
2510 581 2726 638 ratione
2771 581 3008 636 alienum
3053 580 3412 651 deponentes,
3450 588 3511 635 ut

239 681 435 747 γέλια,
483 681 580 736 καὶ
620 682 689 735 τὰ
723 678 996 751 μαρτύρια
1019 719 1036 745 ,
1096 679 1190 735 καὶ
1233 680 1301 734 τὰ
1345 678 1690 750 δικαιώματα
1724 678 1820 732 τοῦ

1945 673 2013 743 [υἱ
2051 672 2230 744 reipsa
2275 672 2331 727 in
2378 673 2560 728 virum
2611 672 2886 727 evaserint
2931 672 3106 727 astatis
3156 672 3511 742 plenitudinis

242 772 478 844 κυρίου,
513 773 609 825 καὶ
638 773 821 825 πᾶσαν
852 771 1035 825 δέλτον
1079 770 1532 841 ἀγιοπαράδοτον,
1577 770 1613 840 ἢ
1665 769 1823 823 τοῦτο

1945 764 2221 831 lbristi",
2276 765 2579 820 secundum
2632 764 2816 820 divina
2862 764 3101 827 oracula,
3150 773 3206 818 et
3231 763 3510 818 ambulent

246 866 324 935 μὴ
353 863 638 926 ποιοῦντες
658 902 673 925 ,
701 863 762 916 τὸ
791 863 1061 933 νηπιῶδες
1096 862 1354 935 φρόνημα
1394 863 1493 916 καὶ
1540 862 1824 928 ἀλόγιστον

1945 855 2047 925 psi,
2081 864 2138 909 et
2169 855 2305 910 alios
2342 855 2599 910 erudiant
2630 873 2644 909 :
2677 864 2771 909 aut
2813 855 2857 909 si
2892 864 3152 908 neutrum
3201 854 3380 908 facere
3409 868 3509 908 vo-

1925 948 2068 1013 lunt,
2101 961 2257 1002 suam
2290 946 2535 1018 ipsorum
2580 945 2883 1001 socordiam
2932 953 2989 1000 et
3032 944 3509 1016 intemperantiam

1926 1047 2206 1093 accusent.
2232 1037 2486 1093 Forsitan
2520 1044 2735 1106 tempus
2756 1036 2859 1090 erit
2876 1051 2984 1106 quo
3013 1036 3356 1106 resipiscant.
3381 1034 3507 1100 Sed,

1929 1130 2037 1184 ben
2069 1128 2241 1184 mihi!
2274 1128 2439 1183 Pater
2470 1128 2879 1192 colendissime,
2910 1127 3001 1198 qui
3039 1126 3235 1181 horum
3266 1125 3509 1181 omnium

1929 1235 2055 1276 reus
2087 1234 2208 1291 qua:
2235 1220 2368 1286 dixi,
2401 1220 2690 1290 omnisque
2715 1218 2835 1274 vitii
2859 1227 2914 1275 et
2948 1218 3238 1287 pravitatis
3271 1217 3507 1286 adjutor,

1930 1312 2194 1367 insultare
2226 1311 2350 1367 aliis
2393 1311 2557 1381 cmpi,
2606 1312 2861 1382 legesque
2898 1309 3194 1381 prmﬁgere.
3250 1309 3513 1379 Plangant

1931 1416 2019 1457 me
2054 1403 2385 1474 lugeantque
2411 1402 2621 1473 lapides
2647 1402 2750 1473 ipsi
2778 1417 2975 1457 sensus
2996 1409 3264 1471 expertes,
3294 1400 3386 1470 qui
3418 1415 3515 1469 per

1931 1495 2174 1565 singulas
2202 1494 2369 1550 horas
2394 1509 2586 1551 versor
2614 1494 2669 1549 in
2700 1493 3039 1559 discrimine,
3066 1492 3376 1562 Christique
3402 1506 3518 1561 gre-

1932 1599 2052 1657 gem
2094 1582 2319 1656 indigno
2361 1584 2498 1639 mihi
2540 1584 2893 1641 commissum
2933 1583 3161 1653 dissipo.
3195 1584 3370 1653 Atque
3402 1583 3518 1636 haec

243 953 596 1023 ἀποθέμενοι,
634 953 710 1016 ὡς
736 952 907 1017 ὅντως
932 953 1010 1016 είς
1044 952 1213 1023 ἄνδρα
1237 951 1523 1015 τελοῦντες
1558 952 1658 1022 τῆς
1704 950 1826 1022 ἠλι-

246 1046 373 1105 κίας
390 1045 486 1098 τοῦ
510 1043 880 1115 πληρώματος
929 1044 1024 1098 τοῦ
1070 1042 1328 1115 Χριστοῦ,
1364 1042 1510 1097 κατά
1536 1044 1608 1097 τὰ
1630 1044 1828 1098 θεοπα-

260 1136 461 1206 ράδοτα
487 1134 645 1204 λόγια
670 1151 685 1167 ·
739 1134 835 1189 καὶ
876 1134 1378 1206 περιπατείτωσαν,
1425 1132 1520 1187 καὶ
1554 1133 1682 1196 τοὺς
1727 1132 1826 1187 ἀλ-

250 1229 379 1293 λους
412 1228 885 1283 ὲκπαιδευέτωσαν
903 1244 919 1259 ο
951 1228 985 1298 ἢ
1013 1227 1138 1298 μηδ’
1166 1227 1353 1298 ἕτερον
1380 1224 1490 1280 τῶν
1521 1226 1828 1297 εἰρημένων

250 1318 556 1381 ποιοῦντες,
579 1319 676 1371 καὶ
706 1316 838 1387 γοῦν
861 1316 922 1372 τὸ
952 1316 1160 1371 ἑαυτῶν
1178 1316 1442 1387 ἀθέλητον
1475 1314 1569 1368 καὶ
1617 1314 1828 1368 ἄσωτον

251 1408 815 1479 κατηγορησάτωσαν.
845 1408 1006 1469 Ἴσως
1056 1406 1162 1477 γὰρ
1202 1404 1390 1466 αὐτοῖς
1439 1401 1593 1455 ἔσται
1641 1401 1831 1472 καιρὸς

249 1498 597 1567 ἀνανήψεως.
619 1495 727 1549 Φεῦ
747 1496 805 1548 δέ
829 1497 948 1565 μοιί
990 1494 1172 1563 Πάτερ
1193 1489 1513 1562 τιμιώτατα,
1544 1489 1629 1543 ὅτι
1649 1489 1833 1559 ἔνοχος

249 1587 328 1641 ὢν
355 1589 578 1642 πάντων
605 1587 715 1641 τῶν
747 1587 1078 1657 εἰρημένων,
1130 1585 1225 1638 καὶ
1275 1584 1459 1654 πάσης
1502 1581 1833 1653 διαστροφῆς

252 1679 354 1733 καὶ
396 1678 762 1748 ἁνευθύτητος
794 1676 1091 1747 ὑπουργὸς,
1133 1674 1211 1738 ὡς
1241 1673 1602 1745 ἐπεμϐαίνειν
1653 1672 1834 1735 ἄλλοις

1945 1677 2229 1742 hactenus,
2258 1686 2313 1732 te
2330 1678 2582 1748 iubente,
2614 1693 2645 1731 a
2669 1678 2781 1732 Deo
2806 1676 3093 1740 honorate,
3125 1675 3401 1747 respondi.
3435 1672 3518 1727 Tu

251 1771 516 1842 ἠρξάμην
544 1743 1006 1840 καὶ-νομοθετείν.
1041 1743 1447 1822 Κλαυσάτωσαν
1475 1766 1573 1820 καὶ
1609 1763 1828 1837 θρηνεί-

1945 1786 2071 1825 vero
2108 1743 2347 1841 Spiritus
2367 1769 2574 1824 virtute
2618 1768 2906 1833 subnixus,
2955 1743 3425 1840 icgitimarvumque
3466 1776 3520 1822 et

252 1877 440 1914 τωσαν
467 1861 558 1913 ἐπ’
585 1860 707 1930 ἐμοὶ
746 1860 842 1913 καὶ
875 1857 1031 1912 αὐτοὶ
1058 1856 1109 1909 οί
1151 1853 1470 1924 ἀναίσθητοι
1501 1853 1640 1908 λίθοι
1668 1891 1684 1919 ,
1720 1871 1834 1907 κιν-

254 1950 535 2005 δυνιύοντι
567 1951 708 2003 κατὰ
745 1951 929 2004 πᾶσαν
970 1947 1142 2019 ὤραν,
1187 1947 1283 2001 καὶ
1312 1948 1565 2018 ρήσσοντι
1595 1945 1658 1999 τὸ
1707 1946 1832 1999 ποί-

259 2058 419 2113 μνιον
477 2039 573 2096 τοῦ
629 2038 870 2111 Χριστοῦ
900 2064 907 2077 ν
935 2038 1171 2103 ἀναξίως
1227 2052 1319 2108 μοι
1370 2035 1829 2108 παραδεδομένον.

254 2132 512 2187 Τοσαῦτα
539 2148 630 2201 μοι
658 2129 911 2201 προήχθη
956 2127 1234 2183 κελεύοντί
1283 2144 1399 2192 σοι,
1432 2120 1479 2180 ὦ
1524 2125 1834 2197 θεοτίμητε,

253 2222 746 2294 ἀνταποκριθῆναι.
781 2220 953 2284 Αὐτὸς
980 2219 1038 2273 δὲ
1066 2218 1458 2289 ἐρηρεισμένος
1479 2215 1556 2269 ὢν
1583 2218 1651 2287 τῇ
1678 2216 1839 2270 δυνάο

261 2332 358 2385 μαι
393 2316 490 2369 τοῦ
534 2315 877 2385 Πνεὺματος,
910 2312 1007 2366 καὶ
1032 2314 1099 2383 τῇ
1132 2308 1427 2382 περιλήψει
1454 2308 1564 2362 τῶν
1593 2308 1840 2379 νομίμων

261 2406 362 2460 καὶ
382 2406 628 2479 πατρίων
649 2403 897 2467 ἐντολῶν,
928 2400 1182 2471 ἀκίνητος
1209 2400 1393 2470 μένοις
1418 2398 1516 2453 καὶ
1543 2398 1841 2464 ἀσάλευτος

260 2497 362 2550 καὶ
385 2496 800 2566 ἀκαταπτόητος
831 2494 899 2547 ἐκ
926 2492 1035 2546 τῶν
1078 2491 1230 2563 παρά
1275 2506 1442 2544 τινων
1482 2488 1839 2561 πολυτρόπως

1938 1870 2293 1931 paternarum
2344 1861 2689 1915 sanctionum
2738 1860 3157 1924 observatione,
3223 1857 3520 1912 immobilis

1938 1966 2227 2024 permane,
2249 1960 2306 2007 et
2324 1951 2688 2007 inconcussus
2713 1961 2878 2022 atque
2907 1950 3233 2021 intrepidus,
3261 1951 3522 2004 adversus

1941 2045 2304 2114 quorumdam
2350 2044 2515 2100 variis
2558 2044 2617 2099 in
2661 2054 2716 2099 te
2746 2044 2944 2108 modis,
2978 2051 3265 2099 ventorum
3297 2058 3359 2097 ac
3393 2057 3523 2113 pro-

1941 2136 2199 2190 cellarum
2250 2134 2445 2201 instar,
2491 2135 2766 2190 irruentes
2811 2134 3178 2199 rumusculos,
3236 2134 3384 2205 regia
3436 2133 3521 2188 in-

1942 2232 2107 2293 tegrae
2133 2224 2258 2279 vitae
2282 2223 2369 2279 via
2395 2223 2677 2287 incedens,
2704 2229 2759 2277 et
2783 2222 2975 2277 inanes
3003 2222 3285 2277 hominum
3320 2232 3525 2277 utram-

1942 2328 2049 2385 que
2080 2315 2135 2370 in
2167 2323 2380 2386 partem
2432 2330 2598 2371 voces
2625 2324 3007 2375 contemnens,
3047 2328 3111 2369 ac
3153 2329 3254 2383 pro
3302 2313 3525 2367 humili-

1941 2414 2052 2459 tate
2082 2415 2272 2461 nostra
2309 2404 2430 2459 sine
2473 2403 2883 2460 intermissione
2911 2417 3076 2459 orans
3112 2418 3273 2475 quam
3315 2403 3525 2458 studio-

1942 2493 2179 2549 sissime.

258 2588 891 2660 προσιπεισφρησάντων
922 2598 1027 2648 σοι,
1053 2577 1138 2637 οἷα
1173 2583 1393 2652 ἀνέμων
1421 2580 1456 2651 ἢ
1488 2580 1821 2652 τρικυμιῶν,
1861 2582 2176 2655 λογυδρίων,
2225 2584 2425 2656 βαίνων
2470 2586 2531 2638 ὲν
2613 2584 2680 2655 τῇ
2734 2584 2990 2657 βασιλικῇ
3027 2582 3131 2655 ὀδῷ
3194 2586 3295 2655 τῆς
3326 2586 3525 2655 ἀκραι-

260 2680 435 2751 φνοῦς
462 2679 761 2742 πολιτείας,
790 2676 888 2732 καὶ
935 2673 1036 2746 τὴν
1068 2674 1154 2744 ἐφ’
1199 2673 1438 2745 ἑκάτερα
1474 2672 1840 2744 παρατρέχων
1880 2675 2267 2744 ματαιολογίαν
2297 2676 2407 2729 τῶν
2472 2673 2798 2748 ἀνθρώπων,
2858 2675 3151 2745 εὐχόμενός
3179 2692 3245 2729 τε
3294 2672 3529 2729 ἀδιαλεί-

264 2791 421 2839 πτως
447 2774 593 2844 ὑπὲρ
620 2773 718 2843 τῆς
744 2771 1129 2833 ταπεινώσεως
1161 2767 1323 2839 ἡμῶν
1350 2764 1420 2820 τὰ
1446 2766 1736 2837 κράτιστα.

652 2884 729 2940 Θ’.
764 2916 836 2928 ο-
854 2885 1132 2949 redacto)
1153 2881 1412 2953 μαθητῇ.
1680 2880 1829 2956 [ις’.]

2381 2888 2471 2942 ΙΧ.
2499 2917 2566 2929 -—-
2604 2886 2813 2943 Gelasio
2842 2887 3118 2955 discipulo.

1368 2998 1642 3062 Apostataa,
1660 3004 1716 3050 ut
1746 2997 1804 3049 ad
1839 3002 2190 3053 monasterium
2234 3004 2425 3054 redeat.

334 3127 407 3185 Ὠ
448 3118 639 3184 τέκνον
681 3142 807 3199 μου,
832 3124 979 3179 ἀϐδᾶ
1019 3123 1268 3188 Γελάσιε,
1318 3122 1438 3187 πῶς
1481 3110 1612 3177 ποτέ
1649 3138 1711 3175 σε
1753 3121 1842 3186 ἐξ·

2018 3122 2063 3179 Ο
2096 3124 2168 3179 Illi
2206 3126 2301 3192 mi,
2346 3126 2484 3181 abba
2522 3126 2721 3190 Gelasi,
2768 3140 2878 3196 quo
2907 3124 3125 3181 tandem
3157 3134 3315 3194 pacto
3358 3128 3530 3183 maio-

260 3222 610 3293 ωστράκισεν
651 3219 680 3271 ό
709 3217 1017 3288 ἀρχέκακος
1052 3216 1299 3277 Σατανᾶς
1331 3215 1396 3267 ὲκ
1435 3214 1530 3268 τοῦ
1561 3214 1838 3269 κοινοδια-

260 3313 366 3367 κοῦ
411 3310 764 3381 παραδείσου,
795 3307 871 3370 ὡς
899 3307 1032 3359 ποτὲ
1060 3305 1153 3359 τὸν
1191 3304 1364 3375 Ἀδάμ
1413 3306 1477 3358 ὲκ
1517 3305 1617 3375 τῆς
1657 3304 1840 3374 Ἑδὲμ,

261 3404 558 3458 πεισθέντα
592 3403 657 3472 τῇ
687 3399 849 3470 βουλῇ
875 3397 969 3451 τοῦ
1001 3396 1404 3467 όφιογνώμονος
1428 3396 1706 3467 ’Ᾱμμοῦνς
1735 3397 1845 3450 Kal

260 3496 394 3567 ἄρτι
426 3493 621 3565 αὐλίζῃ
658 3494 716 3545 ὲν
748 3490 936 3553 τόποις
977 3488 1069 3553 οῦς
1100 3488 1199 3543 οὐκ
1246 3489 1536 3541 ἐπισκοπεί
1561 3489 1589 3542 ὁ
1615 3487 1841 3558 Κύριος,

261 3584 654 3655 ἀκανθοφορῶν
683 3583 777 3636 καὶ
802 3581 1173 3653 ἐργαζόμενος
1223 3582 1280 3633 ὲν
1335 3579 1522 3651 ἱδρῶτι
1549 3578 1643 3633 τοῦ
1672 3595 1846 3652 προσ-

260 3679 421 3733 ώπου
458 3676 530 3731 τά
558 3676 707 3746 πάθη
734 3675 834 3744 τῆς
876 3673 1122 3744 ἀτιμίας.
1151 3670 1217 3725 Τί
1246 3670 1352 3742 γὰρ
1395 3671 1561 3726 καλὸν
1586 3670 1842 3740 ἐξεληλυ-

265 3769 383 3834 θὼς
413 3770 445 3840 ἢ
476 3768 741 3839 εἰργάσω,
766 3766 800 3838 ἢ
833 3764 1080 3837 ὲργάζῃς
1110 3763 1174 3816 Τί
1203 3763 1259 3816 δὲ
1289 3763 1349 3816 οὐ
1384 3762 1583 3834 μᾶλλον
1609 3762 1846 3833 πονηρὸν

261 3863 361 3915 καὶ
389 3860 698 3925 ἀπευκτόν;
740 3856 986 3922 Ἐξέλιπέ
1039 3872 1132 3909 σου
1158 3854 1219 3908 τὸ
1244 3852 1431 3925 νοερὸν
1463 3853 1579 3923 φῶς
1617 3853 1716 3924 τῆς
1754 3852 1844 3906 ὁδ-

264 3953 441 4023 ηγίας
464 3966 480 3981 ο
516 3947 752 4013 ἐσϐέσθη
782 3950 810 4001 ό
838 3945 1074 4017 σπινθὴρ
1098 3945 1200 4017 τῆς
1230 3944 1607 4016 πνευματικῆς
1644 3944 1844 4014 φιλίας.

261 4042 335 4095 οἱ
363 4040 510 4110 φίλοι
529 4056 621 4092 σου
663 4037 755 4092 καὶ
775 4038 823 4091 oi
854 4036 1081 4107 πλησίον
1117 4050 1236 4101 σου,
1270 4035 1333 4088 οὐ
1367 4035 1531 4105 μόνον
1559 4034 1703 4102 λέγω
1722 4036 1848 4099 τοὺς

264 4130 557 4195 ποθεινοὺς
587 4146 684 4184 σου
720 4129 983 4199 ἀδελφοὺς
1009 4167 1027 4195 ,
1074 4126 1212 4182 ἀλλά
1255 4126 1350 4182 καὶ
1391 4127 1518 4191 τοὺς
1562 4127 1657 4180 τοῦ
1713 4127 1848 4181 Θεοῦ

262 4221 558 4291 ἀγγέλους,
585 4222 645 4285 ἐξ
674 4219 923 4282 ὲιαντὶας
949 4235 1044 4272 σου
1068 4215 1458 4289 ἀπομακρόθεν
1478 4216 1736 4290 ἔστησαν,
1756 4218 1850 4271 καὶ

262 4314 506 4384 ῆγγισαν
535 4313 583 4365 οί
603 4311 879 4382 δαίμονες,
908 4307 1269 4380 ὲκζητοῦντες
1315 4308 1581 4362 ἀπολέσαι
1605 4325 1698 4361 σου
1725 4308 1851 4372 τοὺς

264 4405 780 4476 προειργασμένους
822 4404 1157 4475 ἀσκητικοὺς
1201 4401 1505 4473 καμάτους.
1552 4402 1664 4456 Ποῦ
1717 4403 1850 4456 ποτέ

1946 3233 2063 3273 rum
2097 3228 2149 3273 te
2178 3226 2370 3274 auctor
2392 3217 2642 3286 Satanas,
2666 3233 2733 3274 ex
2776 3218 3096 3274 ctenobiaco
3125 3218 3397 3287 paradiso,
3433 3221 3532 3277 sic-

1948 3322 2007 3365 ut
2044 3310 2215 3366 Adam
2269 3311 2398 3366 olim
2436 3323 2505 3367 ex
2539 3311 2711 3377 Edeu,
2759 3310 3065 3380 serpentini
3114 3310 3345 3366 Ammon
3396 3326 3531 3366 con-

1946 3401 2069 3456 silio
2113 3401 2435 3457 obsecutum
2488 3402 2920 3457 exterminavit?
2970 3402 3039 3456 Et
3090 3417 3241 3457 nunc
3291 3402 3347 3457 in
3403 3402 3535 3458 locis

1948 3492 2161 3548 habitas
2199 3507 2323 3563 qua:
2369 3491 2633 3549 Dominus
2681 3509 2788 3549 non
2829 3495 3069 3563 respicit,
3115 3493 3302 3563 spinas
3332 3495 3533 3564 produ-

1947 3601 2101 3650 cens,
2138 3591 2195 3639 et
2238 3583 2550 3656 ignominiae
2590 3585 2874 3655 passiones
2905 3585 2959 3639 in
2992 3587 3190 3640 sudore
3235 3585 3419 3640 vultus
3456 3585 3533 3639 tui

1946 3691 2233 3731 exercens.
2259 3674 2401 3742 Quid
2423 3676 2569 3731 enim
2599 3676 2729 3731 recti
2765 3691 2833 3731 ex
2860 3690 2969 3746 quo
2998 3676 3275 3747 digressus
3334 3690 3416 3743 es,
3446 3676 3534 3730 vel

1948 3765 2124 3837 egisti,
2158 3766 2243 3821 vel
2280 3781 2427 3822 nunc
2472 3766 2631 3838 agis?
2667 3766 2807 3833 Quid
2842 3767 3029 3837 potius
3060 3783 3171 3823 non
3207 3783 3532 3837 perversum

1949 3874 2015 3913 ac
2053 3856 2485 3914 detestandum?
2531 3857 2740 3914 Defecit
2791 3869 2842 3914 te
2892 3860 3093 3914 mentis
3145 3860 3332 3914 lumen
3390 3860 3535 3929 quod

1948 3949 2091 4005 viam
2124 3950 2504 4005 monstrabat:
2540 3950 2811 4006 exstincta
2853 3960 2937 4005 est
2970 3949 3206 4005 scintilla
3236 3950 3537 4021 spiritualis

1949 4039 2399 4096 necessitudinis.
2441 4039 2619 4094 Amici
2657 4048 2713 4095 et
2746 4040 2981 4111 proximi
3025 4041 3138 4105 tui;
3177 4056 3288 4094 non
3322 4050 3533 4095 tantum

1949 4131 2305 4187 charissimos
2349 4130 2549 4187 fratres
2598 4140 2725 4188 tuos
2771 4132 2933 4194 dico,
2983 4132 3077 4187 sed
3124 4132 3273 4203 ipsos
3317 4146 3538 4203 quoque

1952 4222 2049 4276 Dei
2092 4222 2355 4293 angelos;
2391 4221 2686 4276 adversum
2734 4231 2785 4276 te
2835 4222 3051 4276 eminus
3083 4223 3444 4288 steterunt",
3482 4231 3539 4277 et

1950 4313 2177 4385 prepius
2203 4327 2490 4369 accessere
2518 4312 2817 4378 daemones,
2852 4323 3138 4369 anteactos
3169 4314 3385 4370 labores
3413 4322 3538 4372 tuos

1954 4404 2222 4461 asceticos
2270 4404 2491 4460 abolere
2546 4405 2855 4475 cupientes.
2925 4407 3163 4462 Ubinam
3212 4423 3350 4478 pura
3404 4408 3535 4461 olim

264 4514 365 4552 σου
396 4499 432 4567 ὴ
453 4496 671 4567 καθαρά
700 4495 976 4566 προσευχή
997 4511 1014 4562 ;
1035 4492 1141 4547 ποῦ
1179 4493 1310 4547 ποτέ
1346 4511 1438 4547 σου
1461 4494 1494 4564 ἡ
1520 4493 1842 4565 ἀκράδαντος

1957 4494 2201 4567 precatio
2250 4494 2381 4550 tua?
2435 4494 2657 4551 ubinam
2706 4496 3035 4553 inconcussa
3072 4477 3392 4554 confessio?
3443 4497 3537 4553 uni

265 4590 573 4659 ὁμολογίας
628 4592 663 4662 ἡ
708 4588 1010 4658 φωτοποιὸς
1060 4586 1447 4660 ἐξαγόρευσις;
1497 4586 1531 4657 ἡ
1582 4586 1850 4658 ἀγγελικὴ

264 4680 635 4754 χοροστασίας
672 4682 706 4751 ἡ
737 4680 1073 4750 θεομίμητος
1104 4680 1355 4751 {artaxer};
1402 4681 1437 4751 ἢ
1495 4677 1853 4751 χριστοφόρος

262 4771 780 4842 ταπεινοφροσύνης
829 4773 1005 4824 έκεῖνο
1050 4771 1112 4824 τὸ
1159 4770 1331 4833 καλὸν,
1365 4771 1462 4825 καὶ
1505 4772 1775 4845 τερπνὸν,
1823 4770 1853 4825 ὃ

266 4865 390 4935 ᾄδει
411 4867 441 4918 ό
463 4863 890 4935 ᾁσματογράφος
915 4861 1101 4927 Δαόὶδ,
1117 4863 1152 4932 ἡ
1181 4862 1273 4915 ἐπὶ
1298 4862 1360 4916 τὸ
1381 4863 1514 4916 αὐτὸ
1535 4864 1849 4934 συνοίκησίς

269 4972 369 5009 σου
418 4955 532 5008 τῶν
566 4953 851 5023 ἀδελφῶν;
887 4953 1106 5007 Τούτων
1148 4955 1366 5007 πάντων
1408 4954 1599 5026 ἐπειδὴ
1645 4954 1853 5026 ἔρημος

267 5047 502 5115 γέγονας
527 5085 545 5110 ,
588 5046 780 5100 τέκνον
821 5062 924 5116 μου
950 5083 965 5109 ,
1001 5045 1144 5115 ἔχεις
1185 5046 1609 5116 ἀντεισαχθέντα
1659 5063 1742 5099 σοι
1783 5046 1854 5100 τὰ

269 5138 516 5202 ἐναντία,
549 5138 860 5207 σκοτασμὸν
887 5137 1029 5203 νοὸς,
1055 5136 1391 5207 ἀναλγησίαν
1422 5137 1626 5209 ψυχῆς,
1649 5137 1851 5210 πώρωο

269 5247 359 5284 σιν
388 5229 718 5302 καρδιακὴν,
750 5230 1096 5296 δυσπιστίαν,
1133 5228 1507 5294 ἀνελπιστίαν,
1533 5230 1855 5300 ὀλιγωρίαν,

270 5320 443 5390 φόὸον
470 5322 726 5384 θανάτου,
755 5321 956 5392 τρόμον
983 5319 1301 5389 ἀπολογίας.
1332 5320 1442 5374 Kal
1474 5321 1529 5375 τί
1557 5321 1637 5374 δεῖ
1677 5338 1854 5375 κατα-

270 5416 461 5483 λέγειν
491 5412 550 5467 ἓν
579 5413 844 5479 ἕκαστον,
867 5415 946 5467 ὅτι
973 5414 1175 5467 στένων
1206 5414 1300 5465 καὶ
1320 5411 1540 5484 τρέμων
1570 5412 1855 5476 Καῖνικῶς

271 5510 502 5572 πάντως
555 5507 818 5574 διαδιοῖς;
868 5508 978 5560 Kal
1024 5504 1179 5560 οῦπω
1225 5504 1371 5575 λέγω
1419 5506 1527 5560 τῶν
1576 5505 1857 5577 σαρκικῶν

1958 4586 2243 4658 splendida
2294 4586 2727 4659 exomologesis?
2776 4588 2869 4643 ubi
2917 4590 3159 4661 angelica
3206 4571 3362 4644 chori
3414 4588 3538 4643 fre—

1957 4676 2288 4749 quentatio?
2318 4677 2414 4734 Dei
2444 4678 2639 4744 anulla
2667 4679 3000 4744 obedientia,
3035 4680 3316 4735 Christum
3344 4693 3539 4751 gerens

1958 4767 2256 4835 humilitas,
2292 4767 2496 4822 bonum
2538 4765 2676 4822 illud
2707 4777 2763 4823 et
2805 4770 3136 4839 jucundum,
3180 4771 3323 4841 quod
3358 4769 3538 4825 canti-

1956 4872 2145 4913 corum
2180 4857 2415 4927 scriptor
2462 4858 2726 4928 praedicat
2756 4854 2948 4925 David,
3000 4859 3231 4915 fratrum
3279 4861 3332 4915 in
3366 4876 3536 4915 unum

1957 4949 2222 5004 habitatio
2241 4947 2331 5003 ”?
2369 4948 2466 5005 llis
2495 4950 2752 5005 omnibus
2798 4951 3056 5021 quoniam
3087 4952 3312 5007 orbatus
3344 4968 3425 5019 es,
3463 4952 3538 5007 ﬁli

1957 5044 2052 5107 mi,
2081 5042 2359 5098 contraria
2381 5058 2503 5113 quae
2534 5042 2730 5096 borum
2764 5041 2886 5097 loco
2915 5042 3161 5099 immissa
3188 5054 3316 5099 sunt
3346 5044 3535 5110 habes,

1956 5135 2397 5192 obscurationem
2438 5134 2658 5200 mentis,
2693 5142 2971 5205 stuporem
3003 5135 3194 5201 animi,
3232 5136 3537 5191 caecitatem

1958 5228 2159 5292 cordis,
2218 5225 2680 5292 incredulitatem,
2732 5224 3197 5296 desperationem,
3248 5228 3536 5293 incuriam,

1958 5320 2151 5377 mortis
2180 5328 2409 5385 metum,
2444 5320 2727 5374 horrorem
2759 5318 2972 5389 judicii.
3022 5321 3090 5375 Et
3128 5320 3256 5390 quid
3285 5334 3425 5389 opus
3455 5330 3539 5373 est

1953 5415 2164 5486 singula
2212 5429 2568 5485 percensere.
2602 5428 2726 5467 cum
2760 5428 2985 5482 gemens
3013 5421 3068 5467 et
3098 5422 3341 5467 tremens
3385 5410 3536 5464 Caini

1954 5521 2183 5577 prorsus
2210 5519 2359 5562 more
2388 5505 2554 5561 vitam
2582 5503 2792 5559 ducas?
2822 5503 2934 5559 Nec
2965 5518 3209 5559 memoro
3236 5500 3536 5556 carnalium

342 5695 386 5727 ⁸⁸
433 5693 637 5766 Εριιθε.
667 5708 736 5752 tv.
772 5695 855 5749 l5.
932 5694 977 5727 ³¹
1011 5691 1159 5749 Psal.
1195 5707 1404 5756 xxxv",
1442 5690 1526 5746 12.
1610 5690 1654 5722 ³³
1689 5688 1831 5743 Psal.
1863 5702 2071 5751 cxxxn,
2109 5688 2159 5741 Ι.

585 5791 856 5850 Parnm.
901 5786 1014 5847 Gn.
1058 5786 1286 5847 XCIX.

3102 5799 3181 5854 30
