4064 6372
584 260 689 329 939

1765 261 1824 323 S.
1861 261 2263 326 THEODORI
2302 265 2651 330 STUDITIE

3756 278 3861 344 940

579 368 946 441 cupiditatum
972 367 1188 424 turbam
1223 366 1486 424 interiora
1515 375 1605 424 tua
1635 367 2088 439 inflammantem,
2117 383 2173 428 et

2289 375 2480 431 παθῶν
2511 378 2605 431 τὸν
2627 375 2800 449 ἐσμὸν
2838 375 3278 451 ἀναρριπίζοντά
3319 398 3417 437 σου
3447 382 3518 438 τά
3548 383 3724 451 ιντδς,
3764 390 3856 442 καὶ

579 471 866 533 peccatum
906 461 1359 518 succendentem.
1394 462 1759 533 Quapropter,
1796 461 1873 516 fili
1908 464 2008 531 mi,
2039 480 2167 535 per-

578 563 769 626 specta
797 569 898 626 per
960 553 1227 610 humilem
1284 553 1577 624 epistolam
1618 570 1796 609 meam
1832 557 2082 624 veritate,
2114 565 2170 613 et

576 649 645 704 ad
676 649 865 704 lumen
915 649 1244 719 suspiciens,
1286 662 1350 702 ac
1391 647 1656 703 divinitus
1696 659 2079 719 compunctus,
2114 660 2170 705 et

578 740 755 797 amice
793 740 1139 805 vulneratus,
1185 747 1560 809 reputansque
1589 753 1655 794 ac
1682 740 1992 810 recogitans
2022 741 2169 797 unde

579 832 875 898 excideris,
910 842 965 886 et
987 832 1049 885 in
1070 830 1270 901 quibus
1292 828 1532 884 miseriis
1563 830 1821 894 verseris,
1856 840 1912 885 et
1943 832 2037 887 ubi
2068 833 2169 887 lna-

577 922 739 985 bites,
785 936 1008 991 nempe,
1058 929 1119 975 ut
1163 920 1244 975 sic
1290 918 1493 985 dicam,
1543 919 1600 973 in
1648 920 2017 977 tabernaculis
2062 922 2171 978 Ce-

579 1011 679 1064 dar
701 1010 782 1076 “;
820 1009 939 1064 redi
976 1009 1043 1064 ad
1076 1024 1266 1064 sanam
1304 1017 1575 1075 mentem,
1619 1025 1843 1065 recurre
1881 1012 1950 1067 ad
1988 1012 2168 1068 locum

577 1113 756 1167 tuum,
799 1102 1201 1173 expergiscere,
1237 1118 1527 1167 renovare,
1573 1113 1630 1159 et
1665 1104 1977 1173 recalesce;
2014 1116 2069 1161 et
2097 1122 2168 1162 ne

578 1194 775 1249 horam
815 1193 1117 1257 cuncteris,
1160 1208 1233 1248 ne
1266 1192 1436 1259 diem,
1491 1210 1562 1249 ne
1592 1194 1993 1251 hebdomadem
2024 1214 2037 1250 ε
2072 1196 2168 1252 sed

448 1306 459 1319 ο
575 1284 904 1353 quantocius
932 1283 1194 1340 omnibus
1220 1284 1473 1355 abiectis,
1508 1284 1768 1356 praesenti
1794 1296 1960 1357 atque
1996 1288 2167 1344 intre-

582 1373 713 1443 pido
738 1374 924 1428 animo
960 1372 1027 1428 ad
1068 1389 1157 1429 me
1188 1375 1315 1429 veni
1360 1374 1634 1430 infelicem
1659 1375 1877 1431 Patrem
1904 1386 2079 1443 tuum,
2112 1386 2169 1432 et

578 1466 646 1520 ad
701 1465 952 1538 egregios
1008 1465 1209 1521 fratres
1272 1475 1433 1530 tuos,
1513 1477 1569 1522 et
1621 1483 1880 1539 magnum
1948 1467 2166 1525 Patrem

577 1574 785 1624 meum,
833 1566 890 1613 et
924 1558 1140 1615 Patrem
1179 1568 1357 1614 tuum.
1396 1559 1463 1613 Et
1492 1558 1594 1615 hac
1627 1560 1851 1629 quidem
1897 1560 1966 1615 de
2001 1575 2164 1616 causa

580 1651 871 1707 consilium
913 1663 1051 1717 erat,
1088 1661 1384 1722 postquam
1429 1660 1485 1707 te
1536 1651 1683 1707 istuc
1736 1652 2027 1723 appulsum
2069 1668 2164 1708 co-

2271 468 2652 537 ἀναφλέγοντα
2695 469 2794 540 τὴν
2828 470 3129 541 ἁμαρτίαν.
3183 472 3280 525 ac
3321 474 3386 547 δὴ
3416 514 3434 540 ,
3480 476 3683 531 τέκνον
3730 496 3853 548 μου,

2271 560 2531 628 ἐπιγνοὺς
2554 559 2617 613 τὸ
2645 560 2846 631 ἀληθὲς
2869 561 2959 615 διὰ
2984 561 3087 631 τῆς
3114 564 3380 635 ταπεινῆς
3410 583 3514 636 μου
3538 568 3853 639 ἐπιπολῆς,

2269 652 2367 705 καὶ
2398 650 2708 720 ἀναϐλέψας
2744 652 2881 722 πρὸς
2926 652 2988 705 τὸ
3018 653 3134 721 φῶς
3154 692 3172 719 ,
3219 654 3316 707 καὶ
3344 658 3709 727 κατανυχθεὶς
3741 657 3851 712 Θεῖ-

2270 740 2405 805 κῶς,
2432 740 2529 793 καὶ
2558 740 2789 811 πληγεὶς
2823 740 3082 811 φιλικῶς,
3114 743 3209 795 καὶ
3237 744 3563 814 ἀναπλήσας
3589 747 3688 800 καὶ
3718 749 3849 801 ἀνα-

2268 831 2546 903 γνωρίσας
2578 831 2703 885 ὅθεν
2731 831 2997 896 ὲξέπεσας
3022 870 3039 898 ,
3072 833 3169 886 καὶ
3202 834 3262 887 εν
3303 835 3480 899 ποίοις
3526 833 3580 889 εἴ
3620 834 3849 903 δεινοῖς,

2269 926 2366 978 καὶ⁵
2393 923 2498 978 ποῦ
2538 926 2849 995 παροικεῖς,
2884 925 2961 988 ὡς
3000 925 3209 990 εἰπεῖν,
3245 926 3386 996 μετά
3409 928 3520 982 τῶν
3550 930 3853 1000 σκηνωμά-

2266 1033 2376 1070 των
2403 1015 2598 1087 Κηδάρ
2623 1030 2639 1047 υ
2693 1015 3034 1085 ἀνάσφηλον,
3085 1016 3181 1070 καὶ
3225 1016 3598 1090 ἀναπήδησον,
3628 1022 3729 1074 καὶ
3758 1024 3853 1075 άν-

2267 1105 2548 1180 εγέρθητι,
2578 1106 2674 1159 καί
2701 1105 3067 1177 ἀνανεώθητι,
3112 1108 3207 1162 καὶ
3234 1108 3682 1181 ἀναθερμάνθητι
3700 1128 3716 1143 ο
3759 1114 3853 1166 καὶ

2272 1198 2347 1270 μὴ
2379 1197 2552 1270 ὥραν,
2608 1196 2684 1269 μὴ
2720 1197 2958 1269 ἡμέραν,
3002 1199 3078 1267 μὴ
3113 1198 3420 1269 ἑϐδομάδαο
3466 1202 3607 1257 άλλά
3655 1202 3854 1259 θᾶττον

2267 1292 2482 1362 χαίρειν
2511 1291 2679 1344 πᾶσιν
2722 1289 2915 1356 εἰπὼν,
2952 1286 3057 1362 ἧκε
3086 1291 3423 1363 ἐρρωμένως
3453 1295 3550 1348 καλ⁵
3573 1296 3854 1351 ἀνενδοιά-

2268 1398 2410 1445 στως
2447 1381 2586 1451 πρός
2618 1397 2688 1449 με
2715 1382 2810 1434 τὸν
2849 1379 3115 1452 δύστηνόν
3150 1399 3245 1435 σου
3274 1384 3536 1454 Πατέρα,
3579 1386 3679 1440 καὶ
3716 1389 3853 1459 πρὸς

2266 1472 2366 1544 τὴν
2397 1472 2571 1545 καλήν
2595 1489 2692 1526 σου
2720 1471 2840 1526 ἅδε)
2852 1473 3087 1543 φότητα,
3122 1474 3217 1528 καὶ
3246 1475 3384 1545 πρὸς
3415 1476 3509 1530 τὸν
3536 1478 3715 1547 μέγαν
3740 1480 3854 1535 Πα-

2265 1562 2403 1633 τέρα
2431 1579 2534 1634 μου
2563 1563 2659 1615 καὶ
2694 1564 2924 1635 Πατέρα
2959 1579 3075 1618 σου.
3122 1565 3232 1619 Καὶ
3264 1567 3404 1638 πρὸς
3442 1567 3601 1622 τοῦτο
3628 1569 3850 1623 ἐϐουλό-

2272 1670 2382 1725 μην
2413 1654 2534 1725 μὲν,
2562 1654 2726 1725 ήνίκα
2749 1653 2958 1725 ῐμαθον
2984 1655 3069 1709 ὅτι
3096 1656 3285 1711 αὐτόθι
3319 1658 3718 1732 έξεπελάσθης,
3754 1664 3852 1717 καὶ

575 1742 764 1813 gnovi,
804 1742 972 1798 etiam
1020 1742 1247 1797 fratrem
1290 1756 1418 1797 cum
1468 1742 1668 1799 litteris
1697 1744 1939 1807 mittere,
1991 1744 2085 1814 qui
2114 1752 2167 1798 te

2269 1745 2502 1816 ἀδελφὸν
2534 1746 2751 1816 πέμψαι
2783 1747 2883 1802 σὺν
2911 1750 3025 1812 τοῖς
3058 1749 3389 1821 γράμμασιν
3413 1790 3428 1816 ,
3467 1752 3556 1805 ἴνα
3582 1769 3643 1806 σε
3678 1755 3850 1825 ἀναῤ-

582 1843 884 1889 revocaret.
917 1834 1022 1889 Sed
1054 1834 1180 1905 quia
1208 1835 1496 1906 presbyter
1520 1835 1827 1892 litterarum
1856 1836 1996 1892 lator
2024 1837 2157 1892 mihi

576 1925 738 1996 plane
781 1924 1134 1980 confirmavit
1179 1933 1233 1980 te
1274 1926 1343 1981 ad
1389 1926 1537 1982 solas
1574 1927 1783 1984 litteras
1824 1937 2157 1996 venturum,

576 2015 702 2071 ideo
732 2014 963 2085 epistola
994 2023 1289 2070 contentus
1313 2014 1413 2070 fui.
1442 2016 1510 2070 Et
1538 2031 1668 2070 vero
1690 2016 1888 2086 jubent
1913 2033 2158 2088 prorsus,

575 2106 652 2161 fili
695 2106 793 2174 mi,
823 2107 966 2161 sicut
993 2106 1198 2162 dictum
1241 2115 1349 2171 est,
1385 2121 1495 2161 non
1530 2106 1708 2162 solum
1748 2122 1851 2179 ego
1881 2108 2069 2174 miser,
2104 2117 2161 2164 et

574 2195 736 2252 Pater
763 2212 943 2264 meus,
976 2212 1167 2252 verum
1208 2206 1264 2252 et
1292 2198 1467 2253 nostri
1499 2198 1706 2254 domini
1735 2199 1976 2256 Joannes
2015 2217 2154 2272 pra:-

575 2303 772 2345 cursor
818 2304 885 2345 ac
917 2288 1159 2345 Joannes
1191 2288 1527 2362 Tbeologus,
1572 2300 1634 2347 ut
1681 2307 1848 2362 quam
1897 2294 2161 2351 citissime

573 2382 801 2452 gradum
828 2382 1058 2448 referas,
1111 2384 1432 2454 priusquam
1469 2392 1524 2438 te
1567 2384 1851 2455 inopinata
1882 2402 2032 2443 mors
2062 2403 2160 2444 oc—

572 2483 756 2545 cupet.
804 2473 962 2542 Quod
1005 2476 1051 2531 si
1100 2475 1425 2531 obﬁrmatus
1473 2476 1687 2545 adhuc,
1740 2479 1889 2549 quod
1934 2481 2160 2535 minime

573 2582 722 2634 reor,
758 2569 1121 2636 obdurescas,
1151 2578 1206 2625 et
1236 2570 1594 2640 pertinaciter
1627 2570 1887 2637 resistas;
1931 2572 2072 2627 scito
2104 2581 2161 2628 te

572 2661 1109 2716 excommunicatum
1139 2675 1281 2724 esse,
1312 2669 1369 2716 et
1398 2676 1430 2715 a
1470 2661 1677 2717 sanctis
1720 2663 2003 2729 omnibus,
2044 2674 2100 2719 et
2126 2678 2159 2719 a

577 2751 741 2806 nobis
785 2751 1169 2821 peccatoribus
1201 2751 1378 2808 donec
1422 2752 1619 2807 faciem
1662 2763 1908 2809 nostram
1950 2755 2156 2810 videas.

574 2840 677 2895 Sin
707 2848 891 2894 autem
930 2839 1158 2912 gradum
1202 2840 1431 2909 referes,
1480 2852 1539 2897 ut
1580 2842 1871 2914 iussimus,
1912 2844 2026 2915 jam
2063 2859 2159 2900 ve-

572 2933 735 2988 niens
765 2933 979 2988 solutus
1010 2948 1093 2998 es,
1125 2943 1240 2989 tum
1275 2934 1344 2990 ad
1369 2935 1555 2991 divina
1586 2936 1751 3004 dona,
1780 2944 1899 2993 tum
1929 2936 2001 2993 ad
2023 2937 2158 2993 alios

571 3025 746 3084 cibos.

997 3142 1066 3200 Χ.
1086 3173 1157 3186 -
1185 3144 1411 3200 Nicolao
1443 3145 1728 3214 discipulo.

2267 1838 2523 1910 ρύσηται.
2543 1837 2697 1893 Ἐπεὶ
2717 1838 2776 1893 δι
2803 1840 2833 1892 6
2851 1840 3318 1913 γραμματοφόρος
3341 1845 3437 1897 καὶ
3469 1844 3846 1917 πρεσϐύτερος

2264 1930 2635 1984 ἑϐεϐαιώσατό
2666 1946 2735 2001 με
2784 1932 3006 1995 πάντως
3031 1934 3098 1986 ὲκ
3143 1932 3323 2003 μόνων
3353 1934 3467 1989 τῶν
3493 1937 3847 2007 γραμμάτων

2262 2023 2424 2093 ήκειν
2450 2038 2542 2088 σε,
2567 2021 2657 2077 διά
2685 2021 2847 2077 τοῦτο
2875 2022 3158 2095 ήρκέσθην
3198 2027 3265 2096 τῇ
3309 2026 3592 2098 ἐπιστολῇ.
3635 2029 3742 2081 Καὶ
3778 2028 3847 2099 δὴ

2265 2112 2509 2177 πάντως,
2534 2112 2733 2166 τέκνον
2763 2129 2890 2183 μου,
2920 2112 3105 2177 καθὼς
3126 2113 3366 2185 εἴρηται,
3397 2114 3460 2168 οὐ
3492 2117 3653 2185 μόνον
3681 2116 3794 2185 ἐγὼ
3816 2119 3848 2170 6

2262 2206 2469 2271 τάλας,
2526 2206 2624 2259 καὶ
2666 2207 2696 2259 6
2744 2205 2938 2277 Πατήρ
2987 2222 3123 2275 μου,
3165 2205 3301 2260 ἀλλά
3355 2208 3453 2261 καὶ
3496 2209 3547 2261 οί
3588 2208 3846 2265 δεσπόται

2265 2297 2424 2369 ήμῶν
2442 2334 2459 2361 ,
2502 2299 2532 2350 6
2563 2296 2908 2367 Πρόδρομος,
2941 2298 3038 2350 καὶ
3064 2298 3094 2351 6
3121 2296 3382 2366 Θεολόγος
3407 2337 3425 2364 ,
3466 2299 3847 2368 ἱγκελεύονταί

2266 2404 2372 2455 σοι,
2419 2386 2651 2458 τάχιστα
2680 2387 3038 2454 ἀποκινῆσαι,
3074 2388 3207 2459 πρὶν
3242 2389 3655 2462 ἀπροσδοκήτου
3678 2391 3847 2446 θανά·

2262 2498 2360 2535 του
2382 2479 2669 2551 καταλάϐῃ
2698 2480 2761 2534 τὸ
2782 2479 2959 2544 τέλος.
2992 2481 3056 2533 Ei
3081 2480 3141 2535 δέ
3162 2498 3238 2546 τι,
3270 2482 3300 2535 6
3327 2482 3426 2552 οὐχ
3453 2481 3844 2553 ὑπολαμϐάνω,

2265 2569 2402 2640 σκλη
2412 2568 2706 2639 ρυνόμενος
2723 2567 3070 2639 σκληρυνθῇς
3086 2569 3182 2623 καὶ
3201 2569 3555 2634 αὐθαδιάσεις
3574 2586 3590 2601 ⁸
3607 2572 3844 2640 γίνωσκε

2263 2658 2630 2731 ἀκοινώνητόν
2662 2676 2723 2712 σε
2753 2657 2914 2725 εἶναι,
2943 2661 3039 2713 καὶ
3060 2662 3126 2714 ὲκ
3153 2663 3374 2716 πάντων
3391 2662 3503 2715 τῶν
3528 2662 3722 2731 ἀγίων,
3747 2664 3846 2718 καὶ

2263 2751 2324 2815 ἐξ
2352 2749 2513 2822 ήμῶν
2538 2748 2648 2802 τῶν
2687 2749 3051 2821 ἁμαρτωλῶν,
3077 2751 3182 2815 ἕως
3206 2752 3274 2806 ἂν
3303 2752 3424 2823 ὄψει
3447 2753 3512 2806 τὸ
3548 2755 3845 2825 πρόσωπον

2263 2842 2444 2913 ἡμῶν.
2471 2841 2535 2894 El
2564 2840 2622 2893 δὲ
2657 2840 3048 2912 ἀποκινήσεις,
3080 2840 3266 2905 καθὼς
3298 2844 3710 2915 ἐνετειλάμεθα,
3737 2846 3839 2916 ήδη

2263 2934 2557 3004 ἐρχόμενος
2582 2930 2874 3002 λελυμένος
2901 2927 2973 2999 εἴ,
3005 2933 3101 2988 καὶ
3135 2934 3246 2988 τῶν
3294 2934 3454 2989 θείων
3490 2935 3703 3008 δώρων,
3744 2937 3842 2991 καὶ

2262 3026 2373 3080 τῶν
2402 3024 2579 3080 ἀλλων
2608 3022 2937 3096 βρωμάτων.

2677 3137 2738 3191 I'.
2763 3165 2836 3178 -—
2860 3136 3141 3204 Νικολάῳ
3164 3138 3425 3209 μαθητῇ.
3679 3140 3834 3221 [καἏ]

1425 3256 1603 3307 Electo
1622 3258 1672 3307 In
1696 3255 2020 3321 praepositum
2056 3256 2206 3307 tradit
2243 3258 2489 3318 precepta
2527 3253 2645 3301 vita
2684 3252 2992 3301 munastica.

641 3357 1097 3429 Quandoquidem
1139 3358 1236 3416 Dei
1273 3368 1433 3426 nutu,
1466 3361 1771 3432 spiritualis
1802 3360 1873 3415 fili
1912 3359 2153 3427 Nicolae,

570 3449 640 3506 ad
669 3450 1011 3521 praefectura
1041 3452 1255 3522 apicem
1300 3461 1527 3508 evectus
1576 3467 1655 3518 es,
1701 3452 1995 3509 observare
2034 3467 2155 3506 om-

571 3539 708 3594 nino
745 3538 939 3605 debes,
972 3555 1094 3609 qua:
1119 3539 1176 3594 in
1208 3540 1313 3595 hoc
1340 3539 1526 3595 libello
1551 3548 1821 3610 pracepta
1856 3546 2004 3593 sunt.
2035 3537 2156 3591 Non

571 3630 737 3703 igitur
767 3629 1042 3685 ullatenus
1090 3631 1427 3698 immutabis,
1461 3647 1624 3702 quam
1656 3647 1686 3685 a
1722 3628 1993 3701 spirituali
2032 3643 2155 3683 mo-

569 3721 814 3777 nasterio
835 3730 929 3776 tuo
944 3722 1204 3792 accepisti
1223 3721 1450 3777 formam
1469 3731 1523 3777 et
1546 3721 1811 3793 regulam,
1831 3721 2038 3789 absque
2056 3735 2155 3776 ne-

570 3811 850 3868 cessitate.
879 3810 999 3868 Non
1034 3812 1345 3882 possrdebis
1381 3828 1447 3867 ex
1479 3812 1584 3866 hoc
1606 3811 1810 3866 mundo
1832 3812 2149 3881 quidquam,

571 3918 676 3957 nec
708 3903 809 3958 tibi
847 3905 1131 3975 proprium
1174 3920 1410 3975 repones
1450 3904 1534 3959 vel
1575 3905 1798 3959 unicum
1842 3914 2149 3977 argentum.

569 3991 692 4049 Non
726 3994 937 4050 divides
971 3995 1214 4050 animum
1245 4005 1303 4051 et
1337 4010 1431 4051 cor
1459 4005 1613 4050 tuum
1644 3994 1842 4051 aﬂ'ectu
1874 3995 2150 4067 curisque,

569 4096 797 4159 propter
828 4103 923 4144 eos
948 4090 1041 4160 qui
1068 4088 1166 4143 tibi
1203 4104 1233 4143 a
1277 4089 1387 4144 Deo
1418 4088 1703 4144 commissi
1740 4098 1894 4155 sunt,
1941 4089 2153 4160 tibique

569 4179 626 4233 in
655 4179 851 4250 spiritu
882 4179 976 4234 filii
1006 4195 1070 4235 ac
1101 4180 1301 4236 fratres
1323 4179 1447 4235 facti
1478 4189 1635 4249 sunt;
1664 4196 1773 4235 non
1802 4196 1929 4253 erga
1958 4196 2153 4236 neces-

570 4272 747 4327 sarios
786 4272 917 4327 olim
966 4273 1270 4327 secundum
1316 4288 1562 4339 carnem,
1608 4281 1705 4327 aut
1742 4282 2022 4344 cognatos,
2057 4281 2153 4328 aut

571 4361 800 4429 amicos,
834 4372 930 4419 aut
971 4364 1207 4420 sodales.
1241 4363 1361 4420 Non
1404 4366 1657 4437 erogabis
1702 4381 1793 4421 res
1835 4366 2151 4421 monasterii

572 4455 676 4519 tui,
708 4470 889 4526 neque
927 4455 980 4510 in
1014 4455 1149 4523 vita,
1199 4471 1380 4527 neque
1415 4467 1542 4527 post
1570 4466 1825 4525 mortem,
1860 4458 1977 4513 sive
2004 4460 2151 4513 elee-

571 4560 811 4617 mosynaz
834 4543 1020 4611 titulo,
1048 4545 1165 4602 sive
1195 4545 1381 4619 legati,
1404 4546 1457 4601 in
1481 4554 1605 4602 tuos
1631 4545 1760 4602 olim
1786 4548 2147 4616 necessarios,

2342 3352 2565 3425 Ἐπειδὴ
2590 3352 2813 3424 εὐδοκία
2842 3351 2980 3406 Θεοῦ
3004 3353 3435 3426 προεϐιϐάσθης,
3459 3352 3653 3408 τέκνον
3671 3372 3835 3409 πνευ-

2260 3445 2489 3518 ματικὸν
2522 3444 2783 3510 Νικόλαε,
2815 3445 2898 3508 είς
2940 3444 3003 3498 τὸ
3036 3446 3137 3516 τῆς
3179 3446 3545 3517 ήγουμενείας
3586 3446 3829 3519 ἀξίωμα,

2254 3536 2373 3591 δέον
2400 3534 2792 3607 παραφυλάξαι
2823 3551 2883 3589 σε
2928 3536 3108 3590 πάντα
3149 3536 3217 3590 τὰ
3249 3537 3615 3606 ἐντεταλμένα
3654 3556 3739 3594 σοι
3776 3541 3833 3593 ὲν

2252 3627 2334 3699 τῷ
2377 3627 2607 3700 παρόντι
2643 3626 3002 3698 γραμματίῳ.
3042 3628 3116 3681 υὺ
3164 3628 3470 3694 διαλλάξεις
3513 3629 3612 3685 οὖν
3665 3632 3831 3702 ὅνπερ

2254 3720 2562 3794 παρέλαϐες
2591 3718 2771 3774 τύπον
2790 3718 2885 3773 καὶ
2917 3720 3120 3772 κανόνα
3149 3719 3302 3790 παρὰ
3324 3719 3427 3790 τῆς
3452 3722 3832 3791 πνευματικῆς

2255 3833 2351 3870 σου
2380 3814 2548 3886 μονῆς
2582 3814 2641 3867 ὲν
2670 3811 2878 3867 ἅπασιν
2902 3812 3031 3866 ἀνευ
3059 3812 3324 3882 ἀνάγκης.
3353 3812 3429 3865 UO
3458 3814 3637 3883 κτήσῃ
3663 3829 3718 3865 τι
3740 3811 3829 3865 τοῦ

2252 3908 2465 3977 κόσμου
2492 3906 2685 3959 τούτου
2706 3945 2722 3971 ,
2753 3903 2874 3957 οὐδὲ
2903 3903 3371 3974 ἀποθησαυρίσεις
3405 3902 3715 3972 ίδιορίστως
3754 3905 3832 3966 εἰς

2252 3999 2447 4053 ἑαυτὸν
2479 3996 2645 4069 μέχρι
2679 3996 2774 4049 καὶ
2801 3994 2919 4059 ἑνὸς
2952 3994 3240 4066 ἀργυρίου.
3263 3995 3339 4047 Οὐ
3369 3994 3716 4066 διαμερίσεις
3731 3998 3828 4065 τὴν

2249 4090 2429 4163 ψυχὴν
2454 4090 2552 4144 καὶ
2577 4088 2678 4160 τὴν
2719 4086 2949 4160 καρδίαν
2987 4104 3082 4140 σου
3122 4088 3180 4140 έν
3208 4087 3392 4157 σχέσει
3426 4087 3520 4140 καὶ
3561 4087 3821 4157 φροντίδι,

2252 4183 2406 4256 παρά
2432 4183 2561 4246 τοὺς
2585 4179 3063 4251 πεπιστευμένους
3099 4195 3180 4231 σοι
3225 4178 3330 4231 ὑπὸ
3360 4176 3497 4231 Θεοῦ
3518 4219 3535 4244 ,
3580 4180 3675 4233 καὶ
3702 4196 3824 4247 γενοο

2250 4274 2526 4347 νωμένους
2552 4289 2637 4326 σοι
2656 4271 3044 4342 πνευματικῶς
3066 4271 3215 4333 υἱοὺς
3241 4270 3338 4323 καὶ
3368 4270 3665 4339 ἀδελφούς·
3707 4269 3825 4324 οὒτε

2251 4366 2331 4430 είς
2361 4364 2488 4429 τούς
2513 4381 2647 4418 ποτε
2678 4363 2845 4426 ίδίους
2875 4362 3019 4415 κατά
3050 4361 3312 4433 σάρκα,ῆ
3346 4364 3657 4431 συγγενεῖς,
3686 4362 3721 4434 ἢ
3747 4362 3827 4431 φί-

2249 4457 2408 4521 λους,
2436 4456 2470 4528 ἢ
2502 4458 2876 4526 συνεταίρους.
2904 4456 2980 4507 Οὐ
3007 4455 3186 4527 χρήσῃ
3219 4456 3329 4517 τοῖς
3364 4452 3469 4524 τῆς
3495 4454 3712 4517 οἰκείας
3739 4470 3824 4506 σου

2255 4546 2429 4619 μονῆς
2457 4587 2472 4613 ,
2502 4544 2631 4600 οὕτε
2665 4544 2775 4611 ζῶν
2800 4586 2817 4612 ,
2848 4543 2973 4599 οὔτε
3007 4544 3145 4616 μετά
3185 4544 3433 4611 Θάνατον,
3474 4545 3827 4616 ἑλεημονητι-

570 4646 634 4694 ut
656 4637 864 4694 dictum
900 4646 1006 4706 est,
1045 4647 1099 4693 et
1126 4638 1334 4695 amicos
1365 4656 1381 4694 :
1418 4655 1522 4695 nec
1555 4639 1701 4693 enim
1732 4639 1800 4694 de
1829 4640 2033 4695 mundo
2063 4654 2144 4707 es,

2260 4640 2383 4705 κῶς,
2417 4638 2451 4709 ἢ
2484 4637 2897 4709 κληρονομικῶς
2917 4678 2933 4705 ,
2963 4638 3043 4700 είς
3066 4636 3194 4700 τούς
3230 4654 3361 4690 ποτε
3390 4639 3820 4708 προειρημένους

570 4739 632 4786 ιιι
669 4745 758 4786 res
785 4729 974 4786 mundi
1007 4730 1282 4802 attingas:
1315 4739 1680 4802 praeterquam
1719 4729 1765 4785 si
1796 4729 1888 4801 qui
1916 4730 2056 4785 forte
2083 4746 2150 4786 ex

569 4822 826 4879 cmuobio
872 4823 930 4878 in
976 4823 1233 4879 ordinem
1279 4833 1534 4879 nostrum
1576 4822 1894 4878 transierint
1931 4839 1946 4877 :
1986 4832 2151 4893 atque

569 4912 643 4967 ita
691 4926 881 4968 curam
922 4928 1115 4969 eorum
1160 4928 1317 4984 geres
1362 4914 1519 4984 juxta
1567 4922 1881 4968 sanctorum
1926 4912 2151 4968 Patrum

568 5004 901 5074 exemplum.
937 5004 1058 5061 Non
1100 5005 1411 5076 possidebis
1446 5020 1688 5071 servum,
1722 5019 1903 5076 neque
1930 5004 1998 5060 ad
2031 5011 2154 5059 tuos

570 5112 726 5165 usus,
759 5113 940 5169 neque
967 5099 1036 5153 ad
1066 5098 1388 5156 monasterii
1416 5097 1506 5153 cui
1550 5096 1828 5168 praesides,
1861 5112 1964 5151 nec
1993 5095 2153 5150 deni-

569 5202 677 5258 que
703 5189 773 5245 ad
810 5189 925 5260 agri
970 5190 1074 5256 tui,
1126 5191 1412 5245 hominem
1451 5189 1544 5260 qui
1596 5189 1665 5244 ad
1709 5188 1804 5243 Dei
1858 5187 2150 5258 imaginem

569 5281 751 5336 factus
776 5290 864 5336 est
901 5299 915 5336 :
951 5281 1059 5337 hoc
1087 5283 1235 5337 enim
1265 5280 1621 5337 saecularibus
1652 5280 1786 5335 solis
1828 5294 2149 5334 concessum

570 5381 673 5427 est.
708 5372 793 5428 Tu
819 5388 953 5429 vero
985 5373 1221 5444 teipsum
1252 5370 1517 5427 exhibere
1565 5370 1845 5425 unanimis
1890 5368 2153 5424 fratribus

571 5463 682 5520 tuis
704 5481 927 5521 servum
956 5465 1141 5521 animo
1168 5465 1355 5530 debes,
1387 5464 1517 5518 licet
1548 5472 1776 5517 externa
1815 5461 2000 5532 specie
2029 5470 2153 5514 tan-

570 5574 734 5630 quam
768 5560 1025 5616 dominus
1054 5567 1111 5616 et
1136 5559 1393 5632 magister
1421 5555 1691 5613 habeat-is.
1720 5553 1968 5611 Feminei
1990 5567 2153 5609 sexus

650 5721 699 5757 ⁸⁸
734 5723 891 5777 Cant.
923 5735 961 5785 ι,
991 5719 1046 5774 4.

2251 4727 2419 4791 ίδίους
2460 4727 2553 4781 καὶ
2585 4726 2794 4797 φίλους.
2850 4728 2926 4781 Οὐ
2970 4727 3079 4799 γὰρ
3124 4728 3189 4781 ὲκ
3236 4726 3330 4782 τοῦ
3371 4728 3584 4800 κόσμου
3619 4726 3706 4796 ei,
3747 4730 3827 4783 ἵνα

2254 4819 2491 4890 μετέχῃς
2518 4818 2628 4871 τῶν
2659 4821 2725 4872 ὲκ
2762 4817 2854 4872 τοῦ
2883 4818 3119 4890 κόσμου’
3148 4818 3290 4888 πλὴν
3315 4820 3363 4873 εί
3404 4820 3483 4891 μή
3519 4837 3624 4873 που
3662 4837 3824 4891 μετα-

2254 4910 2407 4981 βαῖέν
2437 4927 2582 4974 τινες
2610 4911 2674 4963 ὲκ
2700 4909 2795 4963 τοῦ
2830 4910 3148 4964 κοινωνικοῦ
3175 4909 3293 4981 βίου
3324 4912 3404 4975 είς
3437 4910 3500 4964 τὸ
3528 4910 3659 4965 καθ’
3686 4913 3827 4983 ἡμᾶς

2248 5002 2470 5071 τάγμαο
2528 5000 2625 5055 καὶ
2675 5000 2818 5055 οὕτω
2878 5001 3185 5071 φροντίσεις
3245 5001 3389 5055 κατά
3440 5003 3676 5074 μίμησιν
3722 5003 3828 5055 τῶν

2252 5092 2427 5160 ἀγίων
2468 5094 2750 5162 Πατέρων.
2792 5093 2865 5146 Οὐ
2901 5093 3080 5164 κτήσῃ
3107 5091 3315 5159 δοῦλον,
3356 5092 3484 5146 οὔτε
3513 5094 3596 5158 είς
3624 5093 3828 5148 οίκείαν

2254 5180 2467 5252 χρείαν,
2520 5179 2646 5234 οὔτε
2693 5182 2775 5245 είς
2826 5182 2894 5253 ἣν
2942 5180 3273 5252 ὲπιστεύθης
3325 5181 3518 5253 μονὴν,
3576 5181 3697 5235 οὒτε
3746 5183 3827 5243 είς

2254 5274 2327 5341 ἀγ
2339 5272 2466 5343 ρούς
2499 5290 2617 5341 σου,
2655 5273 2748 5326 τὸν
2778 5273 2901 5327 κατ’
2932 5273 3119 5327 είκόνα
3160 5274 3296 5327 Θεοῦ
3325 5276 3589 5343 γεγονότα
3620 5273 3827 5340 ἄνθρω-

2256 5382 2355 5418 πον
2379 5380 2393 5394 ’
2437 5363 2595 5418 τοῦτο
2640 5365 2750 5436 γὰρ
2781 5365 2966 5436 μόνοις
3003 5368 3115 5429 τοῖς
3144 5368 3204 5419 ὲν
3234 5365 3313 5437 τῷ
3345 5366 3445 5437 βίῳ
3481 5362 3829 5435 συγκεχώρτΓ

2254 5472 2365 5510 ται.
2398 5456 2491 5509 Σοὶ
2516 5455 2575 5509 δὲ
2604 5456 2784 5528 χρεὼν
2828 5457 3020 5512 ἑαυτὸν
3059 5460 3365 5530 παρασχεῖν
3393 5459 3506 5521 τοίς
3539 5454 3829 5527 όμοψύχοις

2258 5566 2351 5603 σου
2381 5547 2631 5621 ἀδελφοῖς
2674 5548 2861 5604 δοῦλον
2894 5551 2960 5622 τῇ
2995 5550 3252 5622 προθέσει
3279 5590 3295 5617 ,
3331 5550 3435 5606 κᾶν
3465 5553 3533 5621 τῇ
3575 5547 3677 5615 ἔξω
3704 5550 3827 5600 ἐπι-

2725 5818 2761 5846 Ι
