4064 6372
223 326 294 393 94
307 326 332 391 ι

1458 338 1993 400 EPISTOLARUM
2031 339 2175 400 LIB-
2220 342 2269 401 Ι.

3397 351 3501 414 9ίὲ

221 435 428 508 φανείᾳ
478 436 556 501 ὡς
610 435 878 508 δεσπότης
934 437 1126 510 λογίζῃ
1184 439 1283 496 καὶ
1341 441 1682 510 διδάσκαλος.
1737 446 1805 499 οὒ

1918 445 2124 501 animal
2171 447 2238 501 ad
2287 448 2595 504 necessaria
2644 451 2955 508 ministeria
3015 455 3225 512 nullum
3275 456 3504 519 habeas,

221 529 417 600 σχοίης
462 528 604 593 ζῶον
645 530 756 583 τῶν
796 531 862 583 ἐκ
901 529 997 584 τοῦ
1043 530 1235 602 θήλεος
1267 533 1461 602 γένους
1493 536 1577 598 είς
1618 537 1809 608 χρείαν

225 620 598 692 ὁπουργικὴν,
627 621 657 674 δ
682 621 762 692 τῷ
792 621 948 692 θήλει
985 623 1338 680 παντάπασιν
1369 627 1806 699 ἀποταξάμενοςο

224 709 354 766 οὔτε
381 713 440 765 ἐν
468 714 534 782 τῇ
568 713 730 782 μονῇ,
768 710 895 764 οὔτε
927 715 986 766 ἐν
1016 715 1131 776 τοῖς
1157 714 1347 786 ἀγροῖς
1367 732 1380 746 °
1415 717 1600 782 καθὼς
1634 719 1811 785 οὐδεὶς

224 801 340 855 τῶν
372 801 536 855 ὁσίων
562 802 657 856 καὶ
678 801 851 870 ἁγίων
885 803 1150 874 Πατέρων
1179 806 1339 877 ήμῶν
1375 808 1666 879 ἐχρήσατο,
1683 810 1809 865 οὔτε

226 895 263 964 ἡ
300 893 464 964 φύσις
486 893 629 964 αύτὴ
660 895 970 964 ἐπιτρέπει.
1025 897 1140 952 Ούκ
1175 899 1544 970 ἐποχούμενος
1577 904 1676 976 ἔσῃ
1716 905 1810 958 ἴπ-

229 997 356 1045 ποις
390 981 486 1036 καὶ
510 982 758 1053 ήμιόνοις
785 983 914 1038 ἀνευ
939 984 1186 1058 ἀνάγκης
1205 1005 1220 1020 ο
1249 989 1386 1044 ἀλλά
1419 993 1808 1068 Χριστομιμή-

225 1089 339 1136 τως
365 1073 784 1150 πεζοπορήσεις.
805 1075 872 1128 Εἰ
895 1075 942 1129 δ’
972 1075 1033 1130 ού
1055 1093 1070 1109 ο
1103 1078 1286 1143 πῶλός
1315 1098 1398 1135 σοι
1426 1081 1486 1136 τὸ
1514 1083 1809 1154 ὑποζύγιον

227 1165 404 1220 ἔσται.
440 1166 859 1237 Παραφυλάξεις
901 1168 1120 1235 πάντως
1147 1171 1210 1226 τὸ
1234 1171 1303 1227 τά
1328 1175 1507 1230 πάντα
1533 1177 1602 1231 τά
1642 1179 1703 1232 ἐν
1739 1182 1806 1250 τῇ

224 1255 558 1328 ἀδελφότητι
599 1257 759 1312 κοινά
805 1256 947 1314 εἶναι
983 1261 1078 1316 καὶ
1129 1263 1442 1334 ἀμέριστα·
1497 1271 1591 1322 καὶ
1642 1269 1809 1342 μηδὲν

225 1344 371 1398 κατά
399 1343 564 1415 μέρος
593 1345 688 1398 τοῦ
718 1347 1058 1402 καθέκαστον
1089 1350 1171 1412 είς
1201 1350 1611 1425 ἐξαυθέντησιν,
1645 1359 1808 1429 μέχρι

224 1435 327 1490 καὶ
354 1435 602 1505 ῥαφίδος.
633 1436 736 1490 Σοῦ
762 1437 820 1491 δὲ
846 1439 942 1492 καὶ
968 1439 1030 1493 τὸ
1058 1441 1219 1512 σῶμα
1242 1444 1338 1497 καὶ
1369 1446 1402 1516 ἡ
1435 1445 1580 1519 ψυχὴ
1599 1487 1614 1512 ,
1648 1451 1722 1522 μή
1755 1449 1810 1504 τί

225 1541 294 1594 γι
328 1525 478 1592 ἄλλο,
499 1525 743 1582 εστωσαν
764 1528 1239 1604 διαμεμερισμένα
1267 1536 1326 1589 ἐν
1357 1537 1565 1608 ίσότητι
1585 1539 1808 1610 ἀγάπης

228 1618 367 1671 πᾶσι
396 1620 510 1682 τοῖς
550 1623 945 1691 πνευματικοῖς
992 1639 1086 1676 σου
1130 1623 1344 1690 τέκνοις
1387 1629 1484 1683 καὶ
1529 1630 1804 1702 ἀδελφοῖς.

227 1708 348 1762 οὐκ
377 1708 718 1776 ἐξουσιάσεις
745 1712 842 1766 ἐπὶ
869 1717 984 1778 τοῖς
1009 1714 1162 1770 δυσὶν
1191 1716 1446 1789 ἀδελφοῖς
1469 1737 1564 1776 σου
1593 1723 1688 1777 καὶ
1718 1725 1807 1778 τέ-

229 1817 388 1864 κνοις
421 1817 524 1872 μου
545 1817 562 1835 ο
589 1801 712 1857 οὕτε
741 1803 879 1876 πρὸς
907 1805 1103 1877 ἀρχὴν,
1144 1807 1268 1863 οὔτε
1295 1811 1435 1883 πρὸς
1477 1816 1812 1886 χειροτονίαν
1844 1803 1884 1859 Β

229 1892 441 1964 πρᾶξαί
472 1911 528 1948 τι
558 1895 730 1966 παρὲξ
773 1898 870 1967 τῆς
917 1900 1194 1970 πατρικῆς
1226 1918 1320 1955 σου
1352 1904 1674 1971 ἐντάλσεως.
1731 1908 1807 1962 Οὐ

233 1986 425 2056 σχοίης
460 1987 600 2056 μετά
626 1988 909 2060 κοσμικῶν
937 1991 1362 2063 ἀδελφοποιίας,
1401 1997 1435 2069 ἢ
1475 1998 1808 2066 συντεκνίας,

225 2079 258 2132 ὁ
285 2078 469 2147 φυγάς
496 2079 593 2133 τοῦ
624 2081 833 2153 κόσμου
860 2083 955 2137 καὶ
979 2084 1075 2140 τοῦ
1102 2088 1307 2158 γάμου.
1340 2089 1415 2143 ού
1445 2089 1554 2162 γὰρ
1581 2091 1809 2164 εὓρηται

226 2171 288 2223 ἐν
322 2174 436 2236 τοῖς
463 2173 761 2245 Πατράσιν·
799 2177 849 2229 εί
877 2175 934 2230 δὲ
971 2178 1066 2232 καὶ
1093 2179 1345 2253 εὕρηται,
1375 2183 1687 2249 σπανιάκις,
1712 2186 1810 2240 καὶ

227 2261 394 2317 τοῦτο
447 2264 510 2318 ού
553 2265 740 2336 νόμος.
790 2266 866 2321 Οὐ
921 2272 1278 2344 συνεστιαθῇς
1322 2273 1462 2344 μετά
1505 2275 1806 2344 γυναικῶν,

229 2350 376 2423 πλὴν
407 2353 508 2424 τῆς
539 2355 683 2409 κατά
731 2356 912 2428 σάρκα
963 2358 1200 2430 μητρὸς,
1243 2360 1340 2414 καὶ
1385 2361 1659 2434 ἀδελφῆς,
1707 2364 1808 2418 οὐκ

229 2437 350 2496 οἶδα
373 2445 422 2497 εί
454 2445 528 2516 μή
566 2463 654 2510 τις
680 2446 770 2517 βία
795 2448 889 2502 καὶ
911 2448 1150 2520 ἀνάγκη,
1191 2450 1376 2517 καθὼς
1402 2455 1807 2527 παρακελεύον-

227 2548 324 2586 ται
351 2534 399 2587 oi
426 2533 571 2604 ἀγιοι
596 2537 860 2610 Πατέρες.
906 2541 978 2594 Οὐ
1011 2543 1199 2616 σχοίης
1219 2545 1283 2599 τὸ
1312 2548 1680 2622 πολυπρόοδον
1711 2552 1809 2607 καὶ

233 2626 668 2698 πολυγύρευτον,
715 2629 844 2684 ἀνευ
894 2632 1144 2708 ἀνάγκης
1193 2639 1696 2714 ὲγκαταλιμπάνων
1745 2645 1809 2700 τὸ

228 2717 430 2774 οίκετον
459 2720 708 2791 ποίμνιον
729 2739 746 2755 ·
780 2725 916 2779 ὅπου
948 2742 1014 2795 γε
1044 2729 1141 2782 καὶ
1172 2730 1380 2805 ἐγκαθη
1390 2735 1552 2804 μένου
1589 2753 1682 2792 σου
1707 2740 1807 2809 μό-

228 2809 314 2874 λις
350 2811 702 2878 διασώζοιντο
745 2814 812 2869 τά
843 2817 1313 2890 πολυτροπώτατα
1378 2828 1477 2881 καὶ
1525 2827 1806 2896 πολυδιεξ-

228 2904 424 2960 ὀδευτα
466 2904 664 2976 λογικά
708 2908 978 2980 πρόϐατα.
1015 2913 1432 2986 Παραφυλάξεις
1481 2920 1698 2986 πάντως
1747 2921 1810 2976 τὸ

229 2996 503 3050 ποιεῖσθαι
535 2999 792 3070 τρισάκις
819 2999 922 3072 τὴν
950 3004 1260 3075 κατήχησιν
1292 3011 1360 3080 τῇ
1404 3010 1682 3083 ἑϐδομάδι,
1714 3013 1808 3068 καὶ

230 3084 356 3139 καθ’
401 3087 667 3158 ἑσπέραν·
725 3090 914 3163 ἐπειδὴ
958 3097 1441 3167 πατροπαράδοτον
1487 3102 1667 3169 τοῦτο,
1711 3105 1808 3158 καὶ
1835 3127 1878 3185 c

229 3179 521 3251 σωτήριον.
565 3182 642 3236 Ού
693 3183 842 3256 δοίης
885 3188 1025 3261 ὅπερ
1075 3191 1298 3261 λέγουσι
1344 3193 1540 3265 μικρὸν
1591 3194 1801 3267 σχῆμα,

225 3267 424 3324 ἔπειτα
467 3273 606 3342 μετά
640 3275 868 3347 χρόνους
911 3279 1098 3354 ἕτερον
1141 3281 1218 3346 ὡς
1262 3283 1426 3354 μέγα.
1471 3285 1568 3339 Ἐν
1600 3288 1710 3358 γὰρ
1743 3287 1806 3342 τδ

227 3365 441 3435 σχῆμα,
467 3365 657 3442 ὥσπερ
681 3371 776 3425 καὶ
809 3374 871 3427 τὸ
901 3374 1208 3448 βάπτισμα,
1227 3378 1413 3446 καθὼς
1441 3381 1491 3435 oi
1520 3382 1666 3452 άγιοι
1691 3385 1805 3439 Πα-

222 3456 386 3526 τέρες
417 3459 740 3531 ἐχρήσαντο.
789 3465 866 3519 Οὐ
895 3469 1154 3541 παραόῇς
1187 3471 1316 3536 τοὺς
1339 3473 1541 3544 νόμους
1570 3476 1665 3530 καὶ
1702 3494 1804 3532 κα·-

223 3545 386 3611 νόνας
405 3550 515 3604 τῶν
541 3552 820 3626 Πατὲρων,
836 3558 942 3628 πρό
972 3575 1035 3628 γε
1057 3561 1278 3618 πάντων
1303 3565 1398 3619 τοῦ
1420 3567 1575 3636 ἁγίου
1589 3570 1805 3642 Πατρὸς

224 3639 390 3709 ἡμῶν
417 3643 702 3701 Βασιλείου
724 3660 741 3678 ⁸
776 3641 914 3704 ἀλλά
947 3653 1057 3706 πᾶν
1080 3653 1110 3707 δ
1132 3672 1184 3708 τι
1219 3658 1396 3721 ποιεῖς
1424 3659 1456 3731 ἢ
1493 3659 1696 3729 λέγεις,
1714 3639 1803 3725 ’ὡς

227 3737 541 3808 μαρτυρίαν
582 3739 722 3811 ἔχων
747 3743 814 3798 ἐκ
841 3743 950 3798 τῶν
978 3746 1214 3816 Γραφῶν
1261 3750 1522 3822 πράξεις,
1551 3753 1584 3824 ἢ
1623 3753 1700 3818 ὡς
1737 3755 1802 3810 ἐκ

224 3828 504 3898 πατρικῆς
534 3846 626 3884 σου
654 3834 948 3904 συνηθείας
973 3875 990 3897 .
1018 3836 1150 3890 ἄνευ
1183 3841 1552 3910 παραϐάσεως
1580 3843 1802 3915 ἐντολῆς

221 3916 384 3974 Θεοῦ.
413 3919 488 3974 οὐ
513 3922 858 3994 καταλείψεις
879 3930 941 3981 τὸ
973 3928 1226 4000 ποίμνιόν
1247 3949 1364 3999 σου,
1379 3935 1486 3989 διαὶ
1505 3937 1587 3998 είς
1611 3937 1800 4010 ἕτερον

223 4010 536 4085 μεταϐήσῃ,
567 4012 600 4084 ἢ
624 4015 758 4085 πρὸς
791 4017 1019 4088 μείζονα
1037 4021 1194 4088 ἀξίαν
1221 4024 1799 4098 ἐπαναδράμοις,άνευ

221 4101 506 4174 πατρικῆς
549 4121 644 4159 σου
687 4107 1056 4177 διαγνώσεως.
1092 4113 1168 4167 Ού
1203 4115 1476 4182 φιλιάσεις
1524 4120 1664 4188 μετὰ
1697 4138 1798 4176 κα-

219 4189 467 4260 νονικῆς,
493 4191 614 4248 ούδέ
644 4197 969 4271 παραϐάλῃς
1001 4199 1059 4253 ἐν
1079 4205 1380 4276 γυναικείῳ
1401 4223 1563 4276 σεμνε
1574 4208 1661 4280 ίῳ,
1679 4211 1799 4264 οὐδὲ

221 4283 539 4354 καταμόνας
568 4286 850 4360 ὁμιλήσεις
881 4292 1224 4368 μοναζούσῃ,
1253 4296 1286 4368 ἢ
1327 4303 1590 4372 κοσμικῇ,
1631 4303 1681 4356 εί
1720 4304 1795 4376 μή

219 4392 330 4428 που
360 4375 578 4449 ἀνάγκη
601 4379 752 4435 ἕλκοι
770 4397 786 4413 ·
820 4384 914 4438 καὶ
935 4385 1059 4439 τότε
1093 4387 1186 4442 δύο
1215 4391 1497 4463 παρόντων
1523 4395 1582 4462 ἐξ
1611 4395 1800 4450 ἐκατέ-

1914 539 2008 608 qui
2039 538 2261 596 feminis
2285 539 2512 596 omnino
2533 542 2882 607 renuntiasti,
2916 559 3022 598 nec
3062 546 3116 598 in
3145 550 3499 614 monasterio,

1914 645 2020 685 nec
2050 630 2108 685 in
2144 631 2293 701 agris
2334 648 2348 683 :
2379 631 2568 686 nullus
2599 632 2871 702 siquidem
2915 643 3231 689 sanctorum
3275 636 3501 692 Patrum

1918 734 2050 774 usus
2093 728 2199 782 est,
2233 729 2290 774 et
2317 727 2516 774 natura
2544 720 2660 790 ipsa
2687 735 2798 774 non
2837 721 3131 791 permittit.
3172 723 3293 778 Non
3329 726 3502 780 vehe-

1918 809 1997 863 ris
2027 809 2187 879 equis
2214 815 2312 864 aut
2339 809 2503 866 mulis
2532 811 2741 880 absque
2769 811 3100 867 necessitate
3125 829 3140 877 ;
3172 815 3268 870 sed
3299 816 3502 872 Christi

1917 900 2170 970 exemplo
2225 901 2460 971 pedibus
2513 902 2616 957 iter
2666 901 2838 957 facies
2871 919 2885 956 :
2921 905 3008 959 sin
3061 905 3270 969 minus,
3318 909 3504 978 pullus

1915 991 2058 1046 asini
2091 992 2201 1046 erit
2240 993 2551 1062 iumentum
2581 1002 2758 1049 tuum.
2791 994 3024 1050 Curabis
3054 997 3282 1052 omnino
3317 1007 3378 1053 ut
3415 999 3502 1053 in-

1921 1087 2017 1140 ter'
2059 1084 2258 1143 fratres
2318 1087 2632 1144 communia
2693 1098 2749 1144 et
2810 1090 3044 1146 indivisa
3107 1093 3219 1148 sint
3275 1093 3498 1161 omnia,

1915 1193 1967 1236 et
2022 1182 2158 1236 nihil
2222 1181 2544 1252 cujusquam
2597 1183 2882 1252 proprium
2933 1183 3057 1254 jure
3106 1184 3376 1252 dominii,
3429 1200 3502 1240 ne

1916 1287 2049 1330 acus
2076 1273 2321 1344 quidem.
2355 1272 2480 1328 Tibi
2519 1287 2650 1329 vero
2678 1283 2735 1329 et
2755 1290 2958 1346 corpus
2985 1285 3042 1332 et
3069 1278 3272 1342 anima,
3304 1294 3374 1334 ne
3413 1279 3504 1334 di-

1915 1380 2040 1420 cam
2071 1373 2292 1431 caetera,
2325 1379 2478 1434 aequa
2517 1364 2674 1420 lance
2709 1364 2998 1421 charitatis
3029 1367 3086 1420 in
3115 1383 3310 1427 omnes
3335 1370 3501 1438 spirio

1917 1454 2093 1511 tuales
2132 1455 2273 1510 filios
2305 1464 2430 1511 tuos
2462 1469 2527 1511 ac
2560 1454 2760 1510 fratres
2808 1456 3140 1513 dividantur.
3176 1459 3297 1514 Non
3332 1461 3504 1516 uteris

1915 1552 2190 1615 potestate
2217 1560 2346 1617 erga
2398 1545 2539 1600 duos
2587 1545 2790 1601 fratres
2843 1556 2988 1614 tuos,
3037 1557 3094 1604 et
3139 1548 3280 1606 filios
3325 1567 3499 1616 meos,

1915 1645 1977 1692 ut
2020 1636 2110 1692 vel
2147 1635 2216 1692 ad
2249 1635 2656 1708 prmfecturam,
2708 1637 2795 1693 vel
2841 1639 2909 1694 ad
2940 1639 3340 1696 ordinationem
3380 1644 3504 1700 sine

1917 1725 2094 1782 Patris
2137 1726 2298 1797 jussu
2351 1727 2651 1798 quidquam
2695 1744 2839 1801 agas.
2898 1730 2980 1786 Ne
3026 1733 3320 1788 contrahas
3375 1751 3501 1792 cum

1914 1819 2272 1875 saecularibus
2375 1818 2752 1876 fraternitates
2781 1858 2796 1886 ,
2886 1822 2974 1878 vel
3061 1823 3500 1898 conﬁliationes;

1915 1911 2123 1982 quippe
2156 1911 2251 1981 qui
2297 1910 2559 1967 saeculum
2609 1921 2667 1968 et
2713 1913 2937 1982 nuptias
2973 1914 3267 1986 reliquisti.
3313 1917 3502 1988 Neque

1912 2002 2063 2056 enim
2093 2009 2274 2058 exstat
2319 2003 2633 2074 exemplum
2668 2004 2725 2058 in
2755 2001 3048 2072 Patribus;
3099 2016 3154 2062 et
3204 2008 3250 2064 si
3299 2019 3498 2073 exstat,

1915 2107 2201 2164 perrarum
2237 2101 2344 2160 est,
2375 2109 2477 2149 nec
2518 2093 2657 2166 legis
2687 2095 2798 2151 vim
2836 2094 3025 2153 habet.
3058 2097 3176 2154 Non
3207 2100 3502 2170 epulabere

1911 2199 2038 2239 cum
2070 2183 2315 2249 feminis,
2342 2193 2568 2256 excepta
2603 2195 2778 2242 matre
2805 2194 2896 2242 tua
2923 2189 3224 2245 secundum
3255 2207 3498 2258 carnem,

1911 2285 1966 2332 et
1998 2291 2209 2344 sorore,
2239 2276 2344 2332 nisi
2375 2277 2459 2332 vis
2486 2277 2680 2348 aliquaf
2701 2286 2759 2334 et
2789 2281 3090 2337 necessitas
3119 2292 3325 2354 urgeat.
3358 2287 3504 2342 sicut

1909 2366 2213 2423 admonent
2245 2367 2419 2423 sancti
2453 2367 2665 2424 Patres.
2708 2368 2788 2425 Ne
2830 2370 3095 2442 frequens
3128 2375 3204 2430 sis
3229 2375 3285 2430 in
3317 2392 3502 2448 egres-

1910 2457 2066 2516 sibus
2087 2466 2144 2514 et
2177 2459 2822 2528 circumcursationibus,
2854 2464 3138 2533 proprium
3172 2467 3317 2522 ovile
3342 2469 3502 2524 dese-

1913 2565 2041 2606 rens
2088 2551 2210 2607 sine
2257 2552 2614 2616 necessitate,
2665 2569 2788 2609 cum
2833 2555 3053 2612 difficile
3100 2559 3192 2623 sit,
3245 2559 3408 2615 etiam
3454 2562 3500 2618 si

1919 2641 2180 2697 assiduus
2215 2642 2468 2709 incubes,
2500 2643 2796 2700 variabiles
2821 2654 2876 2700 et
2911 2646 3178 2703 erraticas
3205 2650 3502 2708 rationales

1915 2727 2049 2790 oves
2079 2749 2326 2792 servare.
2366 2734 2510 2791 Cura
2539 2752 2769 2808 prorsus
2807 2749 2869 2793 ut
2896 2741 3230 2796 catechesim
3259 2743 3500 2812 qualibet

1911 2825 2256 2882 hebdomade
2305 2836 2391 2882 ter
2435 2827 2626 2895 facias,
2667 2829 2735 2884 ad
2765 2845 3102 2900 vesperum;
3155 2834 3418 2904 quoniam
3465 2851 3498 2891 a

1911 2915 2165 2974 Patribus
2209 2917 2262 2974 id
2313 2917 2596 2985 traditum,
2635 2929 2691 2974 et
2731 2921 2971 2976 salutare
3015 2933 3118 2978 est.
3168 2921 3245 2979 Ne
3283 2925 3499 2986 dederis

1911 3025 2140 3080 parvum
2172 3026 2338 3082 quem
2365 3020 2562 3066 vocant
2601 3011 2872 3078 habitum,
2905 3029 2992 3080 ac,
3021 3014 3191 3070 veluti
3222 3026 3344 3086 post
3369 3031 3498 3088 spa-

1912 3099 2049 3154 tium
2075 3100 2360 3171 temporis,
2391 3101 2628 3156 alterum
2655 3101 2806 3157 velut
2846 3117 3102 3174 magnum
3135 3122 3151 3159 :
3182 3121 3323 3162 unus
3347 3107 3495 3163 enim

1913 3199 1998 3246 est
2031 3191 2272 3258 habitus,
2302 3193 2469 3248 sicut
2503 3201 2560 3248 et
2597 3193 2891 3264 baptisma,
2937 3196 3395 3266 quemadmodum
3438 3199 3494 3254 in

1913 3298 2066 3340 more
2117 3283 2224 3338 fuit
2269 3295 2584 3340 sanctorum
2636 3284 2881 3341 Patrum.
2927 3286 3012 3342 Ne
3076 3290 3496 3361 transgrediaris

1906 3371 2058 3444 leges
2099 3380 2157 3428 et
2202 3374 2422 3445 regulas
2467 3373 2714 3444 Patrum,
2768 3377 3044 3449 praecipue
3092 3381 3264 3436 sancti
3316 3380 3496 3440 Patris

1910 3463 2087 3518 nostri
2113 3463 2294 3519 Basilii
2332 3482 2346 3518 :
2380 3465 2476 3521 sed
2502 3466 2771 3538 quidquid
2807 3483 2935 3540 agas
2963 3468 3198 3534 dicasve,
3231 3479 3491 3543 tanquam

1911 3554 2286 3610 testimonium
2327 3571 2394 3612 ex
2439 3558 2611 3614 sacris
2641 3559 2864 3616 Litteris
2905 3563 3132 3628 habeas,
3171 3573 3266 3620 aut
3293 3581 3362 3622 ex
3393 3581 3492 3637 pa-

1909 3655 2063 3701 terna
2110 3649 2530 3713 consuetudine.
2590 3649 2645 3707 id
2689 3667 2810 3724 age,
2861 3653 2981 3710 sine
3020 3655 3190 3711 divini
3234 3659 3494 3730 praecepti

1907 3731 2382 3808 praevaricatione.
2416 3739 2536 3797 Non
2576 3742 2802 3800 deseres
2853 3761 3072 3818 gregem
3102 3756 3281 3816 tuum,
3330 3759 3390 3806 ut
3423 3753 3491 3808 ad

1909 3828 2145 3885 alterum
2179 3840 2450 3898 transeas,
2482 3833 2568 3889 vel
2598 3836 2666 3890 ad
2695 3837 2956 3906 majorem
2996 3839 3318 3910 dignitatem
3359 3858 3493 3898 con-

1907 3923 2142 3980 scendas
2172 3925 2293 3982 sine
2321 3925 2504 3982 Patris
2538 3927 2616 3984 tui
2649 3931 2900 3986 arbitrio.
2930 3931 3053 3987 Non
3081 3932 3234 3990 ineas
3259 3933 3492 3991 familia-

1908 4012 2128 4068 ritatem
2178 4030 2304 4071 cum
2351 4019 2638 4083 canonica,
2676 4035 2857 4091 neque
2898 4023 3165 4080 muliebre
3209 4036 3491 4082 monaste-

1906 4103 2050 4158 rium
2088 4105 2436 4177 ingrediaris,
2469 4125 2652 4180 neque
2682 4127 2930 4168 seorsum
2980 4131 3106 4170 cum
3158 4099 3269 4172 ulla
3317 4119 3490 4174 collo-

1906 4193 2094 4264 quaris
2164 4199 2434 4254 monacha
2503 4201 2590 4255 vel
2654 4203 2900 4258 saeculari
2928 4247 2942 4270 ,
3014 4207 3122 4263 nisi
3184 4213 3490 4269 necessitas

1908 4287 2238 4356 compellat;
2267 4305 2332 4345 ac
2366 4299 2481 4346 tum
2513 4308 2732 4364 quoque
2766 4295 2982 4353 duabus
3013 4301 3270 4372 utrinque
3295 4319 3489 4373 perso-

1905 4377 1992 4433 nis
2033 4380 2344 4438 astantibus
2384 4383 2418 4454 :}
2456 4399 2564 4440 una
2605 4386 2753 4442 enim
2784 4428 2799 4453 ,
2847 4399 2908 4445 ut
2947 4391 3143 4461 aiunt,
3197 4396 3489 4456 calumnia:

223 4483 322 4558 ρου
352 4468 558 4541 μέρους
586 4471 917 4542 προσώπων.
949 4477 1024 4531 Τὸ
1050 4478 1160 4550 γάρ
1190 4481 1270 4548 ἓν,
1300 4481 1375 4547 ὥς
1398 4501 1582 4558 φησιν,
1641 4489 1802 4543 εύεπ-

1908 4470 2144 4527 obnoxia
2179 4483 2282 4529 est.
2325 4473 2444 4530 Non
2483 4477 2700 4548 aperies
2743 4482 2949 4538 ostium
2991 4485 3171 4552 ovilis,
3219 4497 3281 4544 ut
3321 4489 3486 4546 femi-

219 4557 519 4628 ηρὲαστον.
565 4561 680 4616 Ούκ
703 4564 937 4631 ἀνοίξεις
963 4566 1062 4640 τὴν
1109 4569 1279 4642 θύραν
1305 4576 1406 4646 τῆς
1440 4557 1678 4651 ποίμνης
1707 4581 1800 4634 ἐπὶ

219 4648 416 4719 εἰσόδῳ
445 4651 732 4744 παντοίαςᾷ
744 4657 1006 4724 γυναικὸς
1028 4700 1043 4726 ,
1071 4661 1202 4716 ἄνευ
1235 4666 1480 4740 μεγάλης
1512 4648 1762 4744 ἀνάγκης
1782 4689 1796 4704 ·

216 4741 267 4792 εί
315 4738 377 4793 δὲ
417 4740 645 4807 δυνατὸς
681 4741 734 4798 εἶ
768 4747 1110 4821 ἀσυμφανῶς
1150 4738 1443 4828 δέχεσθαι,
1473 4763 1596 4817 οὐδὲ
1632 4738 1800 4820 τούτο

214 4829 549 4901 ἀπόϐλητον.
578 4834 655 4888 Οὐ
692 4837 944 4908 ποιήσεις
981 4843 1194 4916 σεαυτῷ
1224 4849 1590 4919 καταγώγιον,
1620 4853 1652 4924 ἦ
1683 4857 1799 4920 τοῖς

213 4926 610 4990 πνευματικοῖς
645 4942 737 4979 σου
767 4929 981 4996 τέκνοις
1009 4929 1160 4989 οἶκον
1199 4941 1484 5010 κοσμικὺν,
1521 4944 1579 4997 ἐν
1689 4948 1796 5001 εἰσι

210 5015 508 5110 γυναῖκες,⁸
547 5017 657 5110 ἐπὶ.νᾷ
685 5019 866 5092 συχνῷ
900 5027 1294 5096 παραϐάλλωνο
1340 5033 1455 5086 ἀλλ’
1485 5035 1678 5110 ἐκλέξῃ
1715 5042 1796 5106 εἰς

211 5103 434 5174 ἀνδρῶν
457 5106 700 5164 εύλασῶν
716 5113 817 5176 τὰς
840 5116 1142 5188 παροδικάς
1161 5123 1256 5174 καὶ
1275 5124 1582 5194 ἀναγκαίας
1606 5103 1794 5201 χρείας

211 5197 512 5253 ποιεῖσθαι.
565 5201 638 5254 Ού
687 5205 866 5278 κτήσῃ
910 5208 1158 5283 μαθητὴν
1205 5216 1288 5279 εἰς
1325 5217 1386 5270 τὸ
1435 5197 1655 5276 κελλίον
1697 5197 1792 5278 σου

211 5288 508 5359 μειράκιον
561 5295 927 5362 προσπαθώς·
997 5301 1116 5362 ἀλλ’
1163 5303 1228 5357 ἐκ
1272 5307 1568 5377 προσώπου
1620 5313 1794 5368 ἀνυπ-

205 5378 404 5446 όπτου,
429 5383 523 5436 καὶ
551 5385 615 5438 ἐκ
642 5384 918 5458 διαφόρων
945 5391 1212 5464 ἀδελφῶν,
1227 5397 1322 5469 τὴν
1353 5401 1658 5473 ὑπουργίαν
1698 5423 1791 5460 σου

208 5471 487 5564 ποιήσεις.
533 5475 608 5529 Ού
660 5480 836 5552 κτήσῃ
890 5483 1187 5556 ἱματισμὸν
1245 5471 1644 5564 ἐξηλλαγμένον
1696 5499 1791 5554 καὶ

205 5561 535 5635 πολύτιμον,
560 5566 691 5622 ἄνευ
715 5570 810 5624 τοῦ
838 5573 1138 5646 ἱερατεύειν
1168 5595 1228 5632 σε
1251 5595 1266 5611 ⁶
1295 5582 1430 5637 ἀλλά
1458 5589 1569 5649 τοῖς
1601 5605 1786 5644 ταπει-

204 5655 322 5751 νοῖς
355 5661 804 5751 Διιτειτρομιμήτως
851 5665 950 5720 καὶ
992 5667 1186 5743 ἐνδύσῃ
1229 5673 1324 5727 καὶ
1373 5675 1636 5751 ὑποδύσῃ.
1675 5683 1789 5736 Οὐκ

204 5743 308 5816 ἐστι
343 5745 702 5822 ἁϐροδίαιτος,
736 5752 860 5809 οὔτε
891 5757 949 5812 ἐν
975 5761 1152 5833 οἰκείᾳ
1186 5779 1282 5818 σου
1313 5765 1546 5836 δαπάνῃ,
1572 5743 1696 5825 abre
1729 5776 1786 5828 ἐν

1902 4575 2031 4615 nam
2094 4563 2259 4617 ullam
2313 4563 2649 4623 intromittas
2697 4569 2818 4626 sine
2866 4588 3060 4646 magna
3109 4580 3485 4636 necessitate:

1901 4651 2049 4721 quod
2087 4653 2132 4708 si
2166 4655 2373 4726 absque
2409 4666 2604 4714 mutuo
2637 4671 2866 4732 aspectu
2904 4665 3116 4721 admitti
3143 4679 3346 4739 potest,
3385 4687 3485 4728 ne-

1900 4758 2007 4814 que
2041 4743 2094 4799 id
2123 4746 2532 4819 negligendum.
2578 4750 2696 4807 Non
2742 4753 2912 4812 facies
2947 4757 3049 4812 tibi
3094 4759 3480 4831 diversorium,

1899 4844 1994 4890 aut
2040 4837 2418 4908 spiritualibus
2463 4841 2588 4898 ﬁliis
2637 4845 2748 4902 tuis
2801 4851 3120 4906 secularem
3168 4853 3392 4912 domum
3426 4857 3480 4911 in

1898 4944 2004 5000 qua
2031 4931 2140 4985 sint
2165 4930 2382 4989 feminae
2411 4952 2424 4988 :
2463 4935 2536 4990 ita
2565 4946 2625 4992 ut
2651 4953 2771 4993 eam
2807 4939 3123 5012 frequentes
3158 4963 3171 4998 :
3212 4947 3307 5003 sed
3339 4951 3480 5019 apud

1899 5020 2181 5092 religiosos
2209 5025 2394 5094 potius
2423 5027 2572 5084 viros
2603 5029 2894 5100 diversari,
2937 5043 2992 5089 et
3016 5038 3322 5093 necessaria
3355 5038 3480 5096 vitae

1897 5113 2138 5169 subsidia
2171 5132 2367 5188 capere
2401 5121 2666 5178 studebis.
2697 5121 2816 5180 Non
2859 5127 3090 5184 habebis
3132 5131 3188 5186 in
3219 5133 3354 5186 cella
3391 5142 3480 5189 tua

1895 5201 2224 5273 discipulum
2259 5207 2687 5281 adolescentem,
2727 5230 2836 5285 quo
2880 5216 3116 5274 afﬁciare
3149 5237 3163 5274 :
3207 5221 3304 5276 sed
3356 5237 3481 5292 per-

1895 5306 2045 5347 sona:
2093 5295 2322 5352 minime
2362 5309 2650 5370 suspectae,
2700 5317 2764 5358 ac
2810 5304 3156 5362 diversorum
3190 5309 3328 5363 adeo
3365 5310 3481 5362 fra-

1896 5388 2040 5436 trum
2086 5383 2398 5441 ministerio
2431 5389 2623 5444 uteris.
2677 5388 2798 5447 Non
2848 5395 2919 5450 sit
2953 5397 3048 5452 tibi
3090 5399 3478 5454 vestimentum

1893 5471 2256 5542 elaboratum,
2289 5485 2345 5532 et
2380 5481 2706 5550 pretiosum,
2739 5497 2938 5554 praeter
2967 5491 3344 5558 sacerdotale;
3382 5493 3477 5546 sed

1894 5563 2174 5624 humiliter
2205 5568 2428 5626 Patrum
2471 5577 2726 5647 exemplo
2775 5589 2832 5634 et
2878 5581 3124 5638 indueris
3165 5593 3221 5638 et
3264 5584 3477 5638 calcea-

1891 5655 2060 5714 beris.
2086 5659 2205 5715 Non
2241 5663 2350 5718 eris
2383 5664 2649 5722 delicatus
2690 5684 2754 5724 ac
2793 5670 2994 5737 lautus,
3032 5689 3208 5744 neque
3252 5675 3308 5730 in
3359 5677 3476 5747 pri-

1891 5755 2019 5806 vato
2061 5759 2156 5808 tuo
2191 5764 2438 5828 sumptu,
2474 5773 2652 5828 neque
2685 5759 2741 5813 in
2781 5761 3056 5832 hespitum
3108 5766 3423 5838 receptionc
3455 5793 3471 5827 ε
