4044 6366
481 226 487 231 ’
580 228 683 291 943
1769 241 1828 301 S-
1864 240 2156 304 THEODC

2259 242 2265 301 ἶ
2315 242 2668 306 8ΤΙΙΒῘΤΕ
3755 260 3861 326 944

579 338 687 393 hoc
718 338 870 438 enim
902 340 973 396 ad
1013 342 1179 414 hujus
1205 345 1332 401 vitae
1360 346 1697 419 voluptarios
1740 355 2000 422 pertinet.
2049 355 2156 411 Nor

2272 361 2395 421 ταῖς
2427 357 2720 429 ὑποδοχαῖς
2766 359 2876 415 τῶν
2924 360 3123 427 ξένων·
3169 362 3330 419 τοῦτο
3359 366 3475 440 γὰρ
3495 367 3600 440 τῆς
3640 373 3862 444 μερίδος

580 425 983 484 thesaurizabis
1015 445 1209 485 aurum
1233 433 1293 487 in
1330 439 1664 493 monasterio
1705 448 1839 509 tuo;
1880 444 1977 498 sed
2005 446 2168 515 quid-

577 515 713 585 quid
760 515 820 570 in
890 533 1225 591 unoquoque
1266 541 1468 596 genere
1510 530 1858 599 redundabit,
1908 535 2169 606 adaperto

576 606 719 661 atrio
749 616 848 663 tuo
874 611 1235 680 pauperibus,
1268 626 1583 673 sanctorum
1609 619 1829 677 Patrum
1850 640 2024 691 more,
2054 627 2165 682 lar-

577 697 714 767 gire.
757 697 881 756 Non
932 705 1174 760 servabis
1203 706 1385 761 locum
1438 713 1776 781 obseratum,
1827 732 1930 773 nec
1978 735 2165 776 curam

577 806 739 860 geres
785 798 1107 853 oeconomia:
1151 816 1166 855 :
1207 802 1304 856 sed
1368 812 1479 859 tota
1542 820 1674 861 cura
1721 816 1813 863 tua
1860 811 2164 870 animarum

577 893 718 939 esto.
748 885 959 942 Aurum
988 905 1122 945 vero
1150 900 1207 946 et
1234 908 1323 949 res
1358 896 1482 950 usui
1513 901 1851 956 necessarias
1876 918 2166 960 oeconomo

576 975 911 1041 committes,
948 988 1004 1033 et
1029 980 1273 1050 cellario,
1302 993 1360 1039 et
1386 995 1448 1041 nt
1473 989 1675 1058 cuique
1704 995 1965 1049 convenit
1998 996 2165 1051 mini-

574 1068 748 1122 sterio
781 1086 794 1122 :
828 1068 903 1124 ita
934 1070 1217 1139 nimirum,
1251 1085 1312 1131 ut
1348 1093 1520 1147 penes
1558 1089 1612 1136 te
1661 1083 1732 1137 sit
1772 1084 2018 1141 omnium
2064 1103 2163 1158 po-

574 1165 766 1222 testas,
797 1168 853 1214 et
882 1160 1065 1217 oﬂicia
1090 1164 1144 1218 in
1178 1165 1328 1222 hunc
1350 1176 1447 1223 aut
1475 1170 1648 1239 illum,
1685 1183 1749 1228 ut
1779 1176 1951 1242 voles,
1985 1186 2166 1233 trans-

576 1246 748 1315 feras,
792 1254 1172 1327 rationemque
1237 1261 1422 1333 exigas
1472 1266 1766 1335 cujuslibet
1815 1269 2165 1326 administra-

580 1340 765 1410 tionis,
801 1356 964 1414 prout
1002 1350 1292 1407 mandasti.
1329 1352 1449 1410 Non
1491 1355 1661 1414 facies
1690 1359 1778 1415 vel
1838 1375 1965 1433 ages
2001 1363 2163 1433 quid-

579 1450 745 1504 quam
772 1437 828 1492 in
868 1454 929 1495 re
962 1441 1068 1497 ulla
1102 1458 1167 1498 ex
1198 1448 1422 1517 proprio
1456 1464 1645 1519 sensu,
1678 1453 1794 1509 sive
1816 1454 2164 1525 proﬁciscen-

577 1526 710 1581 dum
743 1539 850 1598 est,
883 1547 980 1587 seu
1012 1536 1363 1593 vendendum
1403 1541 1491 1596 vel
1530 1543 1866 1613 emendum;
1900 1561 2077 1618 neque
2105 1548 2163 1603 in

580 1622 900 1692 receptione
949 1628 1034 1683 vel
1087 1628 1365 1698 ejectione
1406 1633 1659 1701 fratrum,
1708 1653 1891 1709 neque
1934 1639 1991 1694 in
2039 1640 2160 1696 aliis

578 1712 748 1768 rebus
777 1719 1065 1784 externis;
1106 1721 1201 1776 sed
1234 1737 1414 1793 neque
1461 1726 1517 1780 in
1552 1728 1749 1783 anima:
1793 1731 2010 1798 erratis,
2046 1733 2165 1788 sine
2195 1719 2239 1774 Β

574 1802 807 1857 consilio
828 1819 1016 1861 eorum
1041 1810 1133 1878 qui
1159 1811 1372 1880 judicio
1395 1822 1451 1868 et
1481 1816 1682 1885 pietate
1711 1824 2165 1889 pmstant,unius

573 1901 669 1947 aut
696 1894 954 1962 duorum,
992 1901 1229 1959 triumve
1257 1915 1353 1960 aut
1383 1906 1644 1977 plurium,
1678 1918 1843 1981 prout
1877 1928 1966 1969 res
2002 1914 2164 1981 feret,

571 1983 719 2040 sicut
735 2002 765 2040 a
786 1984 1039 2045 Patribus
1058 1994 1328 2051 sancitum
1347 2007 1451 2052 est.
1473 1997 1599 2055 Haec
1612 2003 1815 2068 omnia,
1836 2014 1893 2059 et
1905 2020 2168 2074 quaecun-

570 2092 679 2145 que
697 2078 803 2133 alia
823 2084 1114 2152 accepisti,
1150 2089 1395 2144 servabis
1415 2100 1470 2145 et
1489 2094 1786 2160 custodies,
1817 2103 1877 2150 ut
1900 2096 2042 2152 bene
2068 2097 2165 2153 tibi

571 2168 663 2231 sit,
687 2177 743 2224 et
771 2186 1031 2242 prospere
1051 2190 1179 2247 agas
1204 2177 1260 2232 in
1288 2178 1516 2236 Domino
1542 2184 1797 2240 omnibus
1820 2186 2015 2242 diebus
2037 2187 2163 2244 vita:

570 2267 697 2314 tuae.
716 2261 1065 2320 Contrarium
1083 2268 1233 2324 enim
1252 2270 1397 2325 absit
1412 2273 1498 2328 vel
1519 2274 1704 2330 dicere
1726 2276 1812 2332 vel
1840 2277 2101 2349 cogitare.

2274 449 2386 503 τῶν
2417 450 2839 508 ἀπολαυστικῶν
2865 455 2964 508 τοῦ
2990 457 3261 529 παρόντος
3292 459 3435 530 βίου.
3478 464 3556 518 οὐ
3582 464 3859 538 θησαυρί-

2277 557 2395 604 σεις
2419 543 2644 612 χρυσίον
2674 545 2734 597 ιν
2769 548 2837 617 τῇ
2886 551 3021 620 μονῇ
3064 566 3158 605 σου
3176 566 3191 582 ⁸
3219 551 3359 608 ἀλλά
3387 557 3451 609 τὸ
3478 556 3624 611 κατὰ
3663 576 3861 631 περισ-

2276 631 2430 685 σείαν
2470 635 2566 688 ἐπὶ
2607 636 2810 700 παντὸς
2839 638 3015 703 εἴδους
3065 643 3356 716 μεταδοίης
3386 648 3504 711 τοῖς
3535 651 3863 721 πενομένοις

2274 721 2334 775 ὲν
2361 723 2563 789 ἀνοίξει
2595 727 2697 797 τῆς
2724 727 2896 799 αὐλῆς
2925 747 3041 797 σου,
3075 733 3263 799 καθὼς
3286 737 3383 790 καὶ
3409 738 3460 791 oi
3490 740 3639 808 ἅγιοι
3676 742 3858 796 Πατέ-

2276 831 2387 885 ρες.
2411 817 2486 869 Οὑ
2522 820 2819 889 κρατήσεις
2837 823 3004 877 τόπον
3026 824 3435 897 ήσφαλισμένον
3463 831 3565 885 καὶ
3589 834 3690 903 τήν
3716 836 3859 890 οἰκο-

2271 907 2504 980 νομικὴν
2548 912 2836 983 φροντίδα·
2880 914 2996 968 ἀλλ’
3044 916 3193 971 ἔστω
3230 934 3314 972 σοι
3360 923 3513 975 πᾶσα
3550 924 3584 994 ή
3626 927 3855 996 φροντὶς

2270 997 2551 1069 ἀνήκουσα
2585 1002 2716 1074 περὶ
2761 1003 2873 1058 τῶν
2903 1005 3111 1077 ψυχῶν.
3159 1008 3233 1061 Τὸ
3276 1010 3336 1064 δὲ
3363 1014 3604 1083 χρυσίον,
3646 1016 3748 1073 καὶ
3789 1019 3855 1072 τά

2273 1089 2416 1143 κατά
2443 1092 2658 1163 χρείαν,
2676 1094 3006 1165 ὲγχειρίσεις
3032 1097 3111 1167 τῷ
3130 1098 3420 1172 οἰκονόμῳ,
3437 1103 3515 1174 τῷ
3532 1105 3851 1181 κελλαρίτη,

2271 1183 2372 1236 καὶ
2397 1183 2473 1247 ὡς
2497 1184 2779 1240 ἐπιϐάλλει
2808 1187 2869 1241 ὲν
2894 1188 3106 1264 ἑκάστῃ
3127 1190 3404 1265 διακονίᾳ*
3437 1197 3536 1251 σοῦ
3567 1201 3853 1272 προδήλως

2271 1273 2497 1328 πάντων
2524 1273 2623 1345 τήν
2659 1277 2911 1344 ἐξουσίαν
2932 1279 3173 1351 ἔχοντος,
3204 1284 3303 1337 καὶ
3336 1290 3739 1361 μεταφέροντος
3777 1294 3856 1357 ὡς

2269 1362 2336 1416 ἂν
2381 1363 2548 1440 βούλῃ
2593 1367 2833 1440 ἑκάστην
2878 1370 3161 1427 διακονίαν
3200 1374 3260 1429 ὲν
3296 1376 3376 1448 τῷ
3417 1382 3635 1450 τυχόντι
3681 1402 3856 1456 προσ-

2269 1451 2423 1526 ώπῳ,
2458 1456 2555 1510 καὶ
2581 1456 3061 1528 ἀπολαμϐάνοντος
3082 1463 3174 1516 τὸν
3194 1462 3353 1533 λόγον
3376 1466 3616 1538 ἑκάστης
3638 1451 3855 1541 διοικήο

2271 1562 2409 1610 σεως
2437 1546 2577 1601 καθὸ
2611 1548 2858 1621 ὲντέλλῃ.
2890 1550 2965 1604 Οὐ
3000 1553 3255 1623 ποιήσεις
3298 1572 3351 1609 τι
3393 1558 3426 1627 ἢ
3463 1558 3688 1630 πράξεις
3724 1564 3853 1617 κατ’

2268 1636 2475 1691 οίκείαν
2498 1636 2726 1710 γνώμην
2752 1640 2811 1694 έν
2841 1641 3002 1696 παντὶ
3032 1644 3341 1716 πράγματι,
3368 1648 3492 1702 οῦτε
3519 1651 3579 1704 ἐν
3611 1653 3852 1725 προόδῳ,

2267 1728 2393 1783 οὔτε
2419 1733 2479 1785 ὲν
2512 1732 2712 1803 πράσει
2737 1733 2831 1788 καὶ
2856 1734 3149 1807 ἀγορασία,
3175 1737 3297 1792 οὔτε
3330 1741 3387 1793 έν
3415 1740 3545 1814 δοχῇ
3573 1743 3606 1815 ἢ
3631 1748 3687 1798 έν
3709 1746 3852 1799 ἀπο-

2267 1821 2447 1894 κρίσει
2472 1822 2727 1892 ἀδελφοῦ,
2751 1823 2876 1878 οὔτε
2905 1828 2964 1879 ὲν
2994 1827 3283 1902 ὑπαλλαγῇ
3314 1831 3609 1899 διακονίας,
3637 1836 3767 1890 οὔτε
3793 1840 3849 1892 έν

2266 1914 2415 1986 ἄλλῳ
2442 1915 2551 1969 τινὶ
2583 1914 2694 1970 τῶν
2718 1918 3070 1988 σωματικῶν,
3098 1920 3212 1974 ἀλλ’
3245 1918 3341 1977 οὖν
3369 1925 3492 1978 οὑδὲ
3521 1928 3580 1980 ὲν
3606 1930 3718 1993 τοῖς
3749 1929 3853 2000 ψυ-

2267 2008 2443 2077 χικοῖς
2481 2006 2816 2078 σφάλμασιν,
2847 2008 2976 2063 ἀνευ
3014 2010 3212 2083 βουλῆς
3253 2014 3364 2069 τῶν
3407 2018 3753 2090 προεχόντων
3793 2023 3851 2075 ἐν

2267 2096 2468 2167 γνώσει
2500 2099 2597 2154 καὶ
2620 2100 2903 2173 εὐλαϐείᾳ,
2930 2101 3050 2166 ἑνὸς
3074 2103 3107 2174 ἢ
3134 2104 3248 2170 δύο,
3276 2106 3310 2178 ἢ
3341 2109 3437 2161 καὶ
3460 2111 3647 2181 τριῶν,
3676 2112 3709 2183 ή
3754 2113 3850 2167 καὶ

2269 2190 2558 2256 πλειόνων,
2608 2192 2751 2246 κατά
2781 2193 2882 2263 τὴν
2922 2194 3292 2269 ὑποκειμένην
3335 2200 3624 2256 ὑπόθεσινο
3657 2203 3849 2275 ὥσπερ

2269 2280 2583 2335 ὲντέταλται
2621 2284 2932 2353 Πατρικῶς.
2971 2286 3160 2342 Ταῦτα
3191 2289 3390 2356 πάντα,
3418 2293 3516 2347 καὶ
3554 2294 3654 2349 ὅσα
3681 2297 3849 2368 ιτερα

568 2350 900 2420 παρέλαϐες,
935 2357 1197 2426 φυλάξοις
1231 2361 1325 2415 καὶ
1348 2364 1701 2436 φρουρήσοις,
1735 2366 1822 2420 ἶνα
1859 2362 1919 2421 εὖ
1949 2383 2032 2421 σοι
2059 2368 2320 2439 γένηται,
2352 2371 2445 2425 καὶ
2506 2370 2608 2446 ἔσῃ
2675 2350 3134 2446 κατευοδοὺμενος
3161 2380 3220 2432 ὲν
3244 2350 3436 2453 Κυρίῳ
3496 2382 3679 2449 πάσας

567 2445 781 2518 ἡμέρας
826 2449 927 2519 τῆς
968 2451 1115 2525 ζωῆς
1144 2471 1259 2511 σου.
1314 2458 1389 2512 Τὸ
1432 2459 1544 2530 γὰρ
1587 2461 1830 2516 ἐναντίον
1854 2461 2023 2533 ἀπείη
2059 2462 2154 2517 καὶ
2176 2462 2356 2533 λέγειν
2381 2465 2480 2519 καὶ
2506 2445 2732 2523 ἐννοεῖν.

815 2564 907 2621 XI.
929 2597 998 2609 —-
1033 2569 1318 2629 Anastasio
1362 2578 1601 2647 episcopo
1633 2577 1855 2637 Cnosia.

2285 2581 2463 2642 lA’.-
2488 2586 2853 2652 Ἁναστασίφ
2878 2588 3193 2659 ἐπισκὸπῳ
3210 2594 3505 2661 Κνωσίας.

3640 2593 3801 2672 [κιο]

1924 2695 2002 2747 De
2044 2696 2203 2749 ofﬁcio
2234 2698 2471 2761 episc0pi.

640 2786 781 2853 Quid
812 2788 896 2843 vis
922 2789 1019 2845 tibi
1044 2830 1061 2856 ,
1106 2792 1453 2850 sanctissime
1484 2794 1648 2851 Pater
1668 2839 1685 2865 ,
1730 2807 1788 2853 et
1809 2800 1940 2870 quid
1974 2809 2152 2858 tanto—

447 2936 451 2940 ,
567 2891 699 2947 pere
725 2885 849 2948 post
877 2894 1040 2933 unam
1065 2889 1122 2935 et
1149 2881 1376 2938 alteram
1415 2885 1825 2943 excusationem
1855 2889 2036 2946 adhuc
2062 2893 2150 2946 in-

2325 2800 2393 2855 Τί
2431 2818 2514 2855 σοι
2544 2801 2788 2872 γέγονεν,
2816 2798 2863 2861 ὦ
2893 2804 3152 2878 ἱερώτατε
3182 2807 3385 2881 Πάτερ,
3415 2813 3510 2865 καὶ
3570 2813 3625 2867 τί
3654 2816 3844 2871 τοσοῦ-

2253 2911 2348 2950 τον
2388 2895 2528 2964 μετὰ
2573 2897 2703 2967 μίαν
2747 2899 2843 2956 καὶ
2884 2899 3154 2974 δευτέραν
3184 2904 3515 2977 παραίτησιν
3543 2907 3626 2962 ἔτι
3661 2928 3843 2982 mpu-

567 2978 713 3035 stas,
746 2978 807 3024 ut
833 2985 863 3024 a
892 2986 979 3026 me
1008 2971 1263 3042 imperito
1285 2983 1341 3029 et
1361 2975 1509 3031 vitiis
1534 2977 1721 3033 dedito
1749 2980 1996 3037 utilitatis
2031 2998 2149 3039 ser-

2259 2985 2444 3060 6ιάζῃ,
2489 2987 2634 3043 ὥστε
2659 2991 2791 3064 παρ’
2816 2992 2953 3061 ἐμοῦ
2984 2971 3080 3048 τοῦ
3106 2971 3354 3066 ἀμαθοῦς
3388 2971 3486 3053 καὶ
3504 2971 3842 3071 περιπαθοῦς

566 3076 786 3116 monem
814 3062 1086 3134 recipias?
1118 3064 1232 3137 Ego
1251 3067 1439 3137 potius
1453 3083 1484 3123 a
1504 3078 1559 3124 te
1580 3070 1765 3126 doceri
1792 3088 1930 3143 opus
1957 3074 2151 3143 habeo,

565 3154 660 3225 qui
690 3162 746 3209 ct
771 3155 964 3211 ordine
998 3155 1224 3212 inferior
1252 3174 1407 3225 sum,
1434 3169 1490 3216 et
1522 3161 1632 3217 vita
1665 3164 1970 3221 obcaecatus
1990 3206 2006 3232 ,
2042 3182 2155 3221 non

564 3248 635 3302 de
669 3246 1019 3318 episcOpatus
1064 3249 1273 3314 officiis,
1300 3252 1500 3323 (quam
1535 3254 1680 3309 enim
1720 3256 1940 3327 ineptus
1982 3258 2154 3329 siml)

568 3339 665 3394 sed
684 3339 751 3394 de
768 3341 1071 3397 monastico
1091 3352 1257 3409 statu,
1278 3345 1394 3400 sive
1415 3346 1482 3401 de
1501 3349 1895 3418 praepositum;
1916 3365 2155 3420 quonam

568 3440 730 3501 pacto
749 3432 969 3503 indigne
998 3433 1130 3489 mihi
1153 3436 1503 3493 commissum
1545 3454 1760 3510 gregem
1789 3451 2158 3513 congruenter

567 3538 793 3595 regens,
815 3525 1113 3595 propitium
1146 3527 1201 3581 in
1226 3529 1451 3583 terribili
1479 3531 1857 3601 responsionis
1894 3548 2032 3589 mea:
2067 3533 2156 3589 die

562 3617 804 3687 judicem
835 3619 1140 3675 nanciscar.
1197 3619 1303 3676 Sed
1344 3631 1401 3677 tu
1438 3622 1699 3678 nimirum
1745 3641 1844 3695 per
1884 3640 2155 3681 summam

566 3711 891 3767 modestiam
918 3722 1065 3767 tuam
1091 3713 1195 3769 hoc
1215 3714 1370 3784 egisti
1394 3734 1408 3770 :
1432 3718 1717 3787 explorare
1738 3720 1885 3773 enim
1908 3719 2158 3790 ignoran-

568 3806 700 3861 tiam
719 3821 895 3861 meam
916 3807 1179 3872 voluisse,
1198 3808 1252 3863 id
1276 3810 1411 3864 mihi
1438 3809 1508 3865 de
1535 3810 1857 3880 pontificatu
1886 3821 1979 3868 tuo
2002 3812 2156 3869 nefas

565 3905 652 3952 est
682 3897 969 3967 suspicari.
1001 3898 1112 3970 Ego
1137 3914 1268 3954 vero
1305 3914 1490 3955 meum
1514 3900 1690 3971 ipsius
1712 3898 1941 3972 gradum
1962 3942 1979 3967 ,
2005 3918 2039 3957 o
2066 3918 2156 3958 sa-

564 4004 721 4044 crum
750 4001 934 4059 caput,
964 3990 1294 4060 pertimesco
1314 4031 1331 4057 ,
1360 3999 1417 4046 et
1439 3992 1627 4046 animo
1647 4001 1821 4048 aestuo
1848 3994 1992 4049 circa
2032 3994 2156 4049 ani-

565 4098 777 4138 marum
798 4083 1252 4154 gubernationem
1274 4085 1587 4154 ;quomodo
1613 4086 1835 4141 tandem
1867 4102 1934 4142 ex
1965 4089 2157 4144 turbu-

565 4176 715 4231 lento
751 4190 817 4231 ac
856 4177 1162 4246 procelloso
1209 4177 1348 4231 mari
1397 4177 1668 4248 spirituali
1717 4179 1978 4235 traditum
2017 4172 2154 4236 mibi

564 4282 795 4337 parvum
828 4268 929 4322 hoc
954 4277 1010 4323 et
1033 4269 1317 4339 spirituale
1349 4271 1684 4342 navigiolum
1708 4272 1778 4327 ad
1803 4273 1998 4331 salutis
2023 4290 2154 4346 por-
2182 4304 2185 4311 ν

2257 3082 2543 3152 εἰληφέναι
2598 3083 2755 3153 λόγον
2807 3086 3120 3155 ώφελείας;
3186 3090 3404 3160 Ἔγωγε
3470 3092 3674 3163 μᾶλλον
3735 3097 3840 3168 ἔχω

2254 3173 2448 3245 χρείαν
2475 3175 2583 3237 ὑπὸ
2607 3175 2703 3229 σοῦ
2735 3178 3071 3251 φωτισθῆναι
3093 3196 3110 3213 ο
3135 3181 3165 3234 ό
3187 3182 3279 3235 καὶ
3299 3185 3364 3253 τῇ
3388 3184 3539 3250 τάξει
3562 3185 3839 3257 δεύτερος,

2254 3266 2354 3319 καὶ
2409 3266 2489 3337 τῷ
2546 3267 2649 3339 βίῳ
2702 3271 3120 3341 ὲσκοτισμένος·
3168 3273 3231 3326 οὑ
3279 3274 3347 3328 τά
3375 3277 3504 3346 περὶ
3530 3278 3840 3350 ἐπισκοπῆς

2254 3355 2583 3427 ὀφειλόμενα
2601 3376 2617 3390 ·
2644 3358 2747 3429 φεῦ
2781 3360 2890 3432 γάρ
2912 3362 3011 3433 τῆς
3038 3364 3179 3435 ἐμῆς
3205 3364 3425 3430 ἀνοίαςί
3448 3366 3586 3421 ἀλλά
3612 3370 3683 3423 τὰ
3713 3373 3839 3442 περὶ

2261 3451 2592 3522 μοναχικῆς,
2632 3452 2733 3505 εἶτ’
2766 3450 2862 3507 οὖν
2908 3455 3276 3526 ήγουμενικῆς
3322 3461 3734 3526 καταστάσεως,
3779 3463 3838 3517 τὺ

2255 3541 2371 3603 πῶς
2400 3542 2511 3612 ἀρα
2544 3543 2974 3614 ἀφηγησάμενος
3004 3545 3145 3599 κατά
3183 3546 3339 3615 λόγον
3381 3549 3441 3602 τὸ
3472 3552 3835 3620 ὲμπιστευθέν

2257 3648 2349 3703 μοι
2398 3633 2638 3701 ἀναξίως
2673 3636 2946 3705 ποίμνιον,
2976 3635 3197 3709 εὕροιμι
3224 3638 3357 3693 Θεὸν
3391 3640 3522 3695 ἵλεω
3560 3643 3620 3695 ὲν
3651 3646 3835 3717 ήμέρᾳ

2252 3725 2353 3797 τῆς
2388 3727 2623 3797 φρικτῆς
2651 3727 2948 3797 ἀπολογίας
2975 3746 3099 3800 μου.
3149 3729 3309 3784 Ἀλλὰ
3355 3730 3514 3786 τοῦτο
3557 3735 3833 3799 πέπονθας

2253 3819 2475 3881 πάντως
2500 3819 2557 3884 ἐξ
2587 3818 2763 3888 ἄκρας
2791 3820 3278 3891 μετριοφροσὺνης.
3313 3822 3698 3895 Ἐκπειράζειν
3726 3827 3833 3897 γάρ

2256 3928 2359 3981 μου
2391 3912 2490 3981 τὴν
2512 3912 2890 3978 ἀπαιδευσίαν,
2915 3912 2977 3965 οὑ
3009 3912 3165 3983 θέμις
3196 3931 3264 3983 με
3289 3913 3537 3970 ὑπονοεῖν
3564 3918 3666 3990 τὴν
3696 3920 3830 3991 ἀρχ-

2257 4000 2558 4074 ιερωσύνην
2604 4018 2722 4056 σου.
2766 4000 2909 4071 Ἐγὼ
2950 4002 3133 4057 τοίνυν
3159 4004 3375 4059 δέδοικα
3407 4005 3478 4061 τὰ
3504 4006 3605 4062 τοῦ
3631 4010 3828 4064 οἰκείου

2255 4090 2490 4163 βαθμοῦ,
2521 4085 2568 4147 ὧ
2600 4093 2720 4165 ίερά
2750 4090 2981 4165 κεφαλὴ.
3016 4094 3113 4147 καὶ
3145 4096 3358 4164 ίλιγγιῶ
3393 4099 3523 4168 περὶ
3543 4098 3646 4171 τὴν
3671 4100 3829 4171 ψυχι..

2252 4186 2358 4256 κήν
2384 4184 2711 4256 κυδέρνησιν
2736 4186 2815 4258 τῷ
2844 4185 2959 4241 δντι
2976 4203 2992 4220 ο
3025 4187 3147 4251 πῶς
3169 4187 3234 4259 δή
3256 4184 3352 4244 οὖν
3375 4190 3441 4244 ὲκ
3465 4191 3569 4263 τῆς
3594 4194 3827 4247 πολυτα-

2254 4276 2427 4350 ράχου
2450 4277 2547 4332 καὶ⁵
2563 4278 2927 4349 ἀεικυμάντου
2952 4279 3152 4350 νοητῆς
3175 4280 3449 4353 θαλάσσης
3477 4282 3825 4355 ἀποσώσαιμι

568 4368 682 4413 tum
712 4359 1005 4429 perducam
1031 4378 1045 4415 :
1079 4375 1206 4415 cum
1235 4362 1305 4416 ad
1335 4377 1538 4417 munus
1564 4363 1667 4418 hoc
1696 4373 1753 4419 et
1778 4364 1890 4420 vita
1913 4366 2144 4439 integra,

2259 4368 2312 4422 τὸ
2358 4368 2704 4440 ὲγχειρισθέν
2751 4385 2844 4440 μοι
2880 4369 3044 4423 τοῦτο
3089 4369 3426 4442 βραχύτατον
3469 4374 3567 4428 καὶ
3608 4374 3825 4445 λογικὸν

566 4461 622 4508 et
664 4451 893 4507 scientia
936 4451 1131 4508 idonea
1186 4453 1258 4508 sit
1299 4468 1471 4525 opus;
1525 4464 1588 4510 ut
1640 4464 1901 4526 tanquam
1940 4459 2145 4530 duplici

567 4545 719 4601 clavo
737 4546 1069 4616 gubernans,
1088 4544 1375 4615 vigilanter
1396 4562 1461 4602 ac
1489 4547 1665 4618 perite
1694 4549 1958 4606 intectum
1991 4551 2146 4622 aquis

567 4635 775 4706 peccati
806 4636 1076 4705 meipsum
1123 4645 1180 4691 et
1220 4652 1317 4692 eos
1356 4638 1451 4708 qui
1489 4654 1579 4695 me
1619 4650 1927 4710 sequuntur
1956 4652 2145 4699 custo-

566 4726 731 4781 diam.
774 4724 900 4781 llaac
930 4726 1095 4798 igitur
1125 4736 1234 4782 tam
1276 4728 1460 4784 miseri
1494 4739 1578 4786 est
1607 4733 1910 4790 excusatio.
1943 4734 2142 4790 Verum

564 4818 694 4888 quia
731 4819 1041 4875 sanctitatis
1075 4828 1181 4885 tua:
1218 4830 1494 4892 praecepto
1525 4826 1746 4894 penitus
1783 4841 1894 4881 non
1933 4828 2147 4883 obtem-

566 4923 794 4978 perare,
833 4912 1049 4966 tametsi
1091 4912 1238 4968 vires
1281 4929 1433 4969 meas
1464 4926 1718 4985 superet,
1756 4919 2000 4988 periculo
2031 4935 2143 4975 non

564 5011 725 5056 vacat
763 5020 777 5056 :
832 5005 1138 5072 praesertim
1174 5020 1300 5060 cunt
1336 5007 1405 5062 ab
1450 5007 1571 5078 ipso
1602 5009 1765 5064 etiam
1811 5010 1972 5066 Patre
2021 5028 2144 5068 meo

569 5094 884 5148 mandatum
909 5097 1251 5166 acceperim:
1284 5099 1567 5170 utriusque
1591 5101 1903 5158 obedientia
1930 5102 2104 5159 fretus
2123 5146 2139 5171 ,

567 5186 672 5242 hoc
702 5186 819 5253 tibi,
851 5187 1193 5243 divinissime
1212 5188 1391 5256 Pater,
1421 5207 1518 5261 per
1542 5196 1987 5251 commonitionis
2016 5213 2141 5266 spe-

566 5274 707 5330 ciem
755 5274 1055 5345 proﬁtebor
1087 5292 1101 5329 :
1147 5277 1306 5349 longe
1342 5281 1519 5349 majus
1559 5282 1855 5353 multisque
1897 5285 2144 5354 partibus

565 5366 816 5431 navicula
847 5381 970 5421 mea
999 5368 1357 5423 excellentius
1382 5385 1504 5426 esse
1542 5372 1815 5442 navigium
1849 5375 2144 5444 perfectio-

566 5458 654 5513 nis
675 5467 803 5522 tum,
829 5458 1164 5531 episcopale,
1194 5461 1436 5530 inquam,
1460 5461 1754 5535 fastigium,
1781 5466 1827 5520 si
1849 5481 1973 5521 cum
2006 5483 2144 5537 prae-

566 5552 728 5620 positi
750 5553 1013 5624 dignitate
1038 5564 1386 5625 comparetur
1409 5572 1424 5610 :
1449 5565 1504 5611 et
1527 5565 1677 5612 tanto
1691 5558 1923 5625 scilicet,
1940 5570 2144 5631 quanto

571 5644 628 5698 iu
652 5644 839 5716 plures
866 5648 1153 5720 imperium
1183 5650 1411 5707 sortitus
1429 5666 1510 5720 es,
1534 5667 1740 5723 eosque
1764 5668 1876 5709 non
1900 5653 2144 5710 volentes

2247 4459 2533 4532 πλοιάριον
2562 4461 2643 4524 εἰς
2672 4459 2867 4532 λιμένα
2898 4462 3174 4532 σωτηρίας
3195 4479 3209 4493 ο
3249 4463 3335 4517 δτι
3372 4463 3511 4534 πρὸς
3544 4465 3701 4519 τοῦτο
3730 4468 3823 4521 καὶ

2246 4549 2522 4615 πολιτείας
2548 4550 2886 4623 ἀκραιφνοῦς
2911 4551 3071 4626 χρεία
3097 4553 3193 4608 καὶ
3212 4552 3468 4622 γνώσεως
3493 4556 3684 4626 ἱκανῆς
3706 4560 3823 4611 ἑπι-

2244 4638 2431 4711 τυχία,
2463 4639 2530 4694 ἶν’
2557 4638 2634 4704 ώς
2674 4640 2736 4694 ἐν
2779 4639 2935 4694 δυσὶν
2961 4640 3154 4712 αὐχέσι
3184 4641 3588 4714 πηδαλιουχῶν,
3622 4646 3822 4715 γρηγό-

2246 4748 2356 4804 ρως
2384 4731 2480 4785 καὶ
2506 4730 2890 4802 ἐπιστημόνως
2912 4731 3391 4787 ἀκαταὸάπτιστον
3413 4736 3529 4794 τοῖς
3552 4734 3706 4790 ὕδασι
3725 4740 3823 4807 τῆς

2244 4823 2525 4893 ἁμαρτίας
2557 4822 2797 4894 ἐμαυτόν
2836 4839 2897 4875 τε
2938 4824 3035 4877 καὶ
3072 4824 3199 4888 τοῦς
3247 4824 3553 4894 ἑπομένους
3585 4845 3672 4898 μοι
3701 4828 3820 4883 δια-

2243 4914 2517 4984 φυλάττω.
2567 4914 2716 4985 Αὕτη
2755 4913 2936 4968 τοίνυν
2977 4915 3011 4985 ή
3045 4915 3154 4986 ἐμή
3186 4916 3452 4985 ἀπολογία
3498 4918 3595 4996 τοῦ
3639 4923 3823 4974 ταλαια

2242 5004 2451 5077 πώρου.
2488 5006 2642 5061 Ἐπεὶ
2680 5006 2737 5059 δὲ
2769 5006 2830 5059 τὸ
2862 5005 2959 5077 τῆς
2985 5007 3266 5078 δσιότητός
3300 5026 3395 5063 σου
3439 5011 3681 5082 κέλευμα
3723 5015 3821 5066 οὐκ

2242 5097 2528 5152 ἀκίνδυνον
2572 5098 2747 5168 πάντη
2800 5097 3143 5161 καταλιπεῖν,
3190 5100 3240 5154 εί
3285 5101 3381 5154 καὶ
3412 5103 3555 5173 ὑπὲρ
3596 5104 3820 5175 δύναμίν

2245 5206 2351 5261 μου
2396 5190 2727 5261 ἀνυπήκοον,
2773 5189 2947 5254 άλλως
3000 5207 3059 5243 τε
3100 5191 3198 5244 καὶ
3240 5193 3306 5246 ὲκ
3345 5192 3441 5246 τοῦ
3473 5196 3672 5249 οἰκείου
3720 5215 3819 5266 μου

2244 5283 2457 5354 Πατρὸς
2492 5282 2592 5355 τὴν
2632 5282 2913 5352 ὑποταγὴν
2940 5281 3265 5352 δεξάμενος’
3297 5285 3573 5351 πεποιθὼς
3608 5292 3670 5359 τῇ
3711 5290 3819 5359 ἀμ·

2244 5379 2490 5448 φοτέρων
2512 5375 2815 5448 εὐπειθείᾳ,
2846 5374 3004 5429 τοῦτό
3030 5391 3133 5441 σοι,
3169 5369 3491 5432 ὧθειότατε
3526 5381 3727 5451 Πάτερ,
3758 5382 3818 5433 ὲν

2243 5469 2375 5523 εἴδει
2410 5468 2774 5539 ὑπομνήσεως
2833 5465 3257 5535 ὲπιφθέγξομαι,
3312 5468 3395 5522 ὃτι
3449 5471 3631 5541 μεῖζον
3670 5472 3819 5526 κατά

2245 5562 2380 5615 πολὺ
2408 5562 2504 5614 καὶ
2547 5558 2885 5631 ὑπερϐάλλον
2922 5558 2983 5613 τὸ
3012 5559 3197 5614 πλοῖον
3221 5561 3323 5631 τῆς
3357 5562 3458 5633 σῆς
3486 5562 3820 5635 τελειότητος

2246 5650 2384 5721 πρὸς
2431 5649 2492 5703 τὸ
2547 5647 2679 5720 ὲμδν
2726 5648 2988 5720 νηάριον·
3036 5650 3181 5720 φημὶ
3230 5649 3295 5722 δὴ
3348 5652 3410 5706 τὸ
3462 5654 3819 5707 έπισκοπικδν
