4044 6366
202 367 315 431 945

1437 365 1974 428 EPISTOLARUM
2016 368 2160 427 LIB.
2199 369 2249 429 Ι.

3371 377 3477 440 946

200 484 408 553 ὕψωμα
453 479 592 551 πρὸς
622 479 686 535 τδ
711 480 1074 552 ὴγουμενικδν
1105 478 1323 550 ἀξίωμα
1344 496 1361 512 ο
1405 478 1503 532 καὶ⁵
1534 478 1790 532 τοσοῦτον

1899 478 2130 535 fortasse
2156 519 2172 542 ,
2204 495 2307 536 nec
2332 482 2714 550 conspirantes
2732 523 2746 547 ,
2780 496 2882 537 nec
2910 483 3154 554 ejusdem
3183 496 3393 544 naturae
3426 501 3480 544 et

200 578 424 646 ὅσῳπερ
448 572 523 645 ,ἂν
552 573 650 627 καὶ
685 572 948 627 πλειόνων
975 570 1165 642 ἄρχειν
1194 569 1457 641 ὴξιὼθης,
1488 570 1583 623 καὶ
1614 569 1788 622 ταῦτα

201 669 305 738 οὐχ
335 666 572 720 ἑκόντων
606 663 759 727 ἴσως,
793 663 914 717 οὐδὲ
956 663 1379 733 όμογνωμόνων,
1411 660 1532 714 οὐδὲ
1561 659 1661 731 τῆς
1688 660 1788 713 αύ-

202 761 306 831 τῆς
334 757 552 828 φύσεως
580 755 676 810 καὶ
711 755 868 820 ἀξίας
888 797 906 822 ,
958 753 1097 809 ἀλλά
1142 754 1236 808 καὶ
1280 754 1529 826 ἀρρένων
1571 752 1669 806 καὶ
1694 751 1790 821 θη-

204 850 369 905 λειῶν
385 890 404 919 ,
433 848 717 921 μοναστῶν
750 864 810 902 τε
845 846 943 902 καὶ
987 846 1251 917 μιγάδων,
1285 845 1561 917 ἀρχόντων
1595 862 1658 898 τε
1694 841 1792 898 καὶ

205 942 552 1013 ἀρχομένων,
578 939 881 1010 γημάντων
929 938 1028 992 καὶ
1074 937 1327 1006 ἀγάμων,
1359 933 1564 989 δούλων
1596 951 1657 988 τε
1695 933 1791 987 καὶ

204 1034 535 1105 ἐλευθέρων,
562 1029 817 1104 ὀρφανῶν
839 1046 900 1082 τε
928 1029 1025 1083 καὶ
1052 1027 1414 1099 χηρευόντων,
1438 1025 1708 1081 πλουσίων
1730 1041 1791 1078 τε

206 1125 307 1179 καὶ
346 1124 616 1194 πενήτων,
664 1117 1103 1175 δυναστευόντων
1145 1133 1208 1171 τε
1250 1117 1344 1171 καὶ
1378 1114 1791 1185 καταπονουμὺ

204 1232 339 1279 νων,
371 1210 784 1285 χρεωφειλετῶν
810 1227 874 1264 τε
909 1209 1005 1264 καὶ
1038 1207 1355 1272 δανειστῶν,
1386 1204 1793 1278 ἀϐροδιαιτούν⁸

207 1325 320 1361 των
346 1323 405 1360 τε
453 1306 548 1360 καὶ
578 1300 1104 1374 λιμοκτονουμένων,
1132 1298 1561 1368 πολυκτημόνων
1593 1312 1654 1349 τε
1696 1293 1791 1349 καὶ

208 1400 495 1463 ἀνεστίων,
532 1394 1060 1469 μαλακοφορούντων
1092 1409 1153 1447 τε
1196 1391 1292 1447 καὶ
1327 1390 1788 1463 ῥακοδυτούντων.

207 1491 398 1546 Ταῦτα
438 1489 548 1560 γὰρ
598 1490 696 1543 καὶ
727 1488 899 1543 πλείω
941 1485 1149 1541 τούτων
1192 1484 1295 1539 οὐκ
1333 1483 1681 1552 ἐπιφαίνεται
1713 1480 1793 1552 τῷ

206 1583 464 1655 ἡμετέρῳ
493 1582 621 1653 βίῳ·
650 1584 680 1636 ό
704 1580 764 1636 δὲ
807 1580 899 1644 σὸς
938 1577 1347 1649 ἐμπέπλησται.
1387 1577 1497 1632 Καὶ
1522 1576 1644 1631 οὐδὲ
1682 1578 1792 1641 πᾶς

202 1675 236 1729 ὁ
286 1674 416 1738 λαός
471 1690 566 1727 σου
622 1671 730 1727 ὑπὸ
775 1673 904 1742 μιᾶς
946 1667 1227 1740 φροντίδος
1269 1667 1619 1739 δεδιοίκηται,
1668 1667 1793 1722 οὐδὲ

208 1767 431 1820 πάντων
457 1765 530 1818 τὰ
554 1764 823 1833 πρόσωπα
849 1760 945 1816 καὶ
972 1760 1043 1814 τά
1062 1759 1304 1830 ὀνόματα
1325 1753 1504 1822 οἶσθα,
1527 1757 1639 1812 οὐδ’
1665 1756 1794 1812 ἑκά-

1895 573 2203 643 dignitatis;
2238 572 2335 627 sed
2364 587 2546 627 mares
2576 574 2780 642 pariter
2807 589 2871 630 ac
2896 575 3157 644 feminas,
3180 582 3480 665 monachos

1894 676 1952 721 et
1983 666 2274 720 smeulares
2295 707 2311 732 ,
2343 665 2576 736 imperio
2605 665 2864 736 pra’ditos
2887 676 2942 722 et
2966 668 3249 736 subditos,
3288 673 3479 743 conju-

1895 772 1991 829 ges
2014 765 2071 812 et
2088 757 2322 820 caelibes,
2345 772 2531 812 servos
2556 772 2622 812 ac
2644 757 2866 824 liberos,
2890 760 3165 829 orphanos
3187 771 3243 818 et
3262 763 3477 830 viduas,

1895 848 2093 904 divites
2126 858 2182 903 et
2216 864 2487 919 pauperes
2511 889 2527 914 ,
2564 856 2816 920 potentes
2850 858 2906 905 et
2939 850 3131 921 inopes
3155 893 3170 918 ,
3203 853 3480 911 debitores

1895 946 1953 993 et
1983 938 2357 1003 feneratores,
2393 940 2539 994 laute
2561 940 2811 995 viventes
2855 949 2911 996 et
2955 940 3100 997 fame
3127 944 3474 1011 laborantes,

1898 1029 2197 1100 locupletes
2237 1038 2297 1084 et
2351 1038 2495 1085 tecto
2531 1040 2823 1096 carentes,
2875 1032 3113 1088 molliter
3149 1035 3380 1091 vestitos
3423 1045 3481 1091 et

1898 1136 2194 1192 pannosos.
2214 1120 2341 1177 Haec
2359 1121 2528 1185 enim,
2545 1133 2603 1176 et
2629 1121 2715 1177 bis
2737 1122 2915 1192 plura,
2936 1124 2993 1178 in
3018 1125 3131 1180 vita
3152 1135 3342 1183 nostra
3366 1144 3477 1183 non

1896 1224 2235 1281 cernuntur;
2281 1222 2372 1269 tua
2410 1230 2540 1270 vero
2579 1215 2666 1270 his
2705 1215 2907 1272 referta
2947 1227 3051 1273 est.
3095 1218 3208 1274 Nec
3243 1222 3479 1290 populus

1898 1316 2026 1363 tuus
2057 1307 2162 1362 sub
2191 1322 2296 1361 una
2330 1321 2462 1361 cura
2489 1306 2779 1364 universus
2806 1308 3019 1380 cogitur
3041 1350 3057 1376 ,
3090 1325 3193 1366 nec
3230 1313 3477 1368 omnium

1897 1397 2067 1454 facies
2113 1406 2170 1452 et
2219 1397 2440 1453 nomina
2474 1398 2658 1461 nosti,
2707 1413 2813 1454 nec
2863 1399 2989 1455 vitae
3040 1401 3477 1476 uniuscujusque

1899 1490 2019 1544 vias
2075 1498 2133 1544 et
2177 1488 2419 1543 rationes
2460 1489 2787 1562 distinguis:
2828 1492 2925 1547 sed
2963 1492 3053 1546 alii
3092 1494 3250 1550 aliter
3282 1512 3478 1569 magno

1897 1581 2220 1639 discrimine
2261 1596 2323 1637 se
2366 1581 2586 1638 habent.
2636 1583 2849 1639 Etenim
2895 1584 2986 1639 alii
3017 1594 3217 1641 terram
3247 1587 3479 1645 fortasse

1899 1674 2131 1741 colunt,
2179 1673 2269 1729 alii
2299 1675 2588 1747 navigant,
2629 1675 2721 1730 alii
2745 1690 2937 1746 greges
2987 1687 3257 1747 pascunt,
3304 1680 3394 1735 alii
3420 1681 3478 1736 in

1899 1766 2014 1821 otio
2059 1765 2312 1839 degunt,
2359 1765 2450 1819 alii
2496 1766 2891 1836 negotiantur:
2947 1765 3277 1838 longumque
3329 1781 3480 1826 esset

208 1873 341 1910 στου
373 1855 474 1920 τάς
498 1853 759 1926 μεθόδους
786 1854 887 1922 τῆς
912 1850 1059 1921 ζωῆς
1090 1846 1469 1918 διαγινώσκεις
1488 1863 1505 1879 ’
1541 1846 1679 1903 ἀλλά
1701 1847 1793 1902 ἄλο

1899 1872 2030 1926 quas
2082 1856 2137 1911 in
2171 1855 2401 1926 singulis
2453 1856 2704 1911 videmus
2737 1857 3127 1926 occupationes
3165 1874 3474 1916 recensere.

208 1948 294 2003 λοι
336 1947 514 2012 άλλως
567 1945 709 1999 κατά
747 1943 884 1998 πολὺ
926 1942 989 1997 τὸ
1033 1941 1290 2013 διάφορον
1323 1938 1558 2009 ἔχουσιν.
1593 1939 1788 2009 Οίμὲν

211 2041 323 2111 γάρ
377 2039 508 2102 ίσως
554 2034 946 2106 γεωπονοῦσιν,
1000 2033 1052 2087 oi
1104 2032 1161 2086 δὲ
1203 2031 1597 2099 ναυτίλλουσιν,
1641 2032 1693 2085 oi
1732 2030 1790 2085 δὲ

212 2128 686 2201 ποιμαινεύουσιν,
721 2128 770 2182 οἱ
817 2126 876 2181 δὲ
916 2124 1313 2197 άπρακτοῦσιν,
1346 2123 1397 2176 οί
1446 2122 1502 2176 δὲ
1544 2139 1789 2194 πρακτο-

211 2224 498 2296 ρεύονταισ
531 2222 624 2275 καὶ
657 2220 827 2284 πολὺς
858 2221 887 2273 ό
910 2218 1069 2288 λόγος
1096 2219 1197 2288 τῆς
1228 2214 1550 2286 ὲφ⁹ὲκάστῳ
1575 2215 1792 2287 όρωμέο

210 2333 313 2385 νης
342 2313 627 2386 ἐργασίας.
674 2313 799 2366 Ἐπὶ
819 2311 1031 2376 τούτοις
1053 2310 1111 2364 δὲ
1144 2311 1314 2364 πᾶσιν
1345 2309 1467 2369 ὅσος
1508 2307 1602 2361 καὶ
1630 2307 1792 2379 πηλί-

212 2421 310 2468 κος
356 2407 385 2457 ό
422 2404 623 2466 κόποςί
683 2400 829 2457 καθά
882 2400 1192 2472 λογίζομαι,
1250 2400 1554 2469 ἀλόγιστος·
1583 2400 1706 2464 ὅσος
1765 2400 1796 2453 ό

210 2495 404 2567 ίδρὼς,
437 2497 467 2548 ό
512 2494 684 2563 ἀγὼν,
731 2496 760 2547 ό
791 2493 1013 2565 δρόμος,
1047 2495 1081 2562 ὴ
1109 2492 1351 2557 εὐτονία,
1392 2494 1427 2564 η
1472 2492 1714 2563 φροντὶς,
1758 2491 1795 2562 ἡ

211 2589 485 2659 μέριμνα.
517 2589 551 2657 ἡ
586 2584 803 2656 ἐκτηξις
831 2588 930 2657 τῆς
954 2586 1177 2658 σαρκὸς.
1202 2588 1235 2657 ἡ
1264 2584 1425 2657 ὁδύνη
1463 2586 1563 2657 τῆς
1589 2584 1793 2655 ψυχῆς.

214 2683 247 2751 η
274 2679 379 2749 τῆς
404 2679 642 2742 διανοίας
679 2678 1000 2750 κατακοπήί
1041 2680 1252 2750 Ὠσπερ
1281 2674 1375 2733 οὖν
1418 2680 1448 2731 ό
1475 2677 1798 2733 ἀπευθύνων

212 2774 318 2844 τὴν
351 2770 483 2826 ναῦν
526 2773 586 2826 ὲν
622 2770 836 2844 μεγάλῃ
880 2770 1021 2844 ζάλῃ
1054 2771 1150 2825 καὶ
1188 2772 1464 2840 καταιγίδι
1497 2771 1795 2841 θαλάσσης,

209 2865 335 2928 ὅλος
360 2866 548 2936 νήφων
572 2863 692 2917 ἐστὶ
715 2866 811 2918 καὶ
833 2864 1259 2935 ἀπερίτρεπτος,
1291 2862 1627 2918 ἀνύστακτον
1658 2861 1799 2933 ἔχων

211 2958 308 3009 τὸν
335 2955 612 3026 ὀφθαλμόν
630 2970 645 2985 ’
672 2955 793 3009 οὐδὲ
816 2956 925 3027 γὰρ
947 2958 1027 3019 είς
1053 2955 1261 3025 βραχὺν
1286 2954 1445 3027 φέρει
1468 2953 1713 3011 κίνδυνον
1739 2953 1802 3010 τὺ

214 3048 436 3119 μικρῶς
489 3065 608 3112 πως
653 3050 1031 3119 παρεμπεσεῖν
1080 3048 1339 3121 ἀπειρίαν
1378 3049 1472 3103 καὶ
1499 3048 1799 3120 ἀμέλειαν*

211 3139 362 3194 οὕτω
391 3138 573 3211 πολλῷ
608 3134 809 3210 μᾶλλον
837 3138 867 3193 ό
887 3140 1227 3213 κυϐερνήτης
1255 3140 1361 3195 τῶν
1388 3140 1576 3212 ψυχῶν
1603 3142 1803 3210 ἀγωνι-

1892 1945 1950 2000 ln
2004 1946 2089 2001 bis
2150 1956 2336 2002 autem
2385 1947 2642 2002 omnibus
2680 1947 2857 2017 qualis
2889 1960 3234 2019 quantusque
3289 1950 3479 2007 labor?

1890 2040 2196 2107 aestimari,
2256 2047 2317 2095 ut
2366 2050 2539 2111 puto,
2591 2056 2701 2095 non
2735 2050 2930 2111 potest.
2977 2039 3226 2108 Quantus
3271 2044 3475 2110 sudor,

1892 2142 2170 2188 certamen
2197 2171 2213 2196 ,
2248 2147 2445 2189 cursus
2471 2172 2486 2193 .
2544 2132 2861 2199 contentio,
2923 2149 3090 2197 cura,
3133 2133 3437 2191 sollicitudo
3458 2176 3475 2200 ,

1892 2225 2076 2279 carnis
2130 2223 2397 2288 alllictio,
2451 2225 2619 2279 animi
2680 2224 2885 2291 dolor,
2951 2228 3152 2283 mentis
3216 2227 3479 2294 defatiga-

1896 2315 2008 2371 tio?
2053 2314 2533 2381 Quemadmodum
2577 2330 2705 2387 ergo
2740 2316 2834 2386 qui
2877 2332 3072 2372 navem
3115 2320 3381 2389 gubernat
3419 2318 3478 2375 in

1895 2404 2106 2475 magnis
2124 2405 2288 2459 maris
2311 2404 2565 2460 ﬂuctibus
2583 2415 2639 2458 et
2663 2412 3005 2474 tempestate,
3032 2416 3179 2463 totus
3202 2409 3475 2480 advigilat.

1895 2507 1953 2553 et
1981 2498 2037 2551 in
2071 2513 2289 2552 ea.cura
2312 2497 2520 2553 deﬁxus
2545 2507 2649 2560 est,
2682 2514 2785 2552 nec
2816 2513 3066 2554 somnum
3089 2501 3263 2556 oculis
3289 2502 3477 2556 indul-

1896 2599 1987 2662 get
2014 2593 2144 2659 (non
2171 2590 2318 2645 enim
2343 2590 2496 2660 parvi
2532 2598 2616 2644 est
2644 2591 2872 2659 periculi
2895 2591 2940 2647 si
2971 2592 3056 2647 vel
3071 2592 3265 2663 exigua
3295 2594 3476 2662 aliqua

1896 2682 2122 2751 obrepat
2156 2682 2429 2752 imperitia
2464 2681 2550 2735 vel
2587 2682 2959 2754 negligentia),
2997 2682 3076 2738 sic
3104 2685 3276 2739 multo
3306 2686 3479 2757 magis

1898 2774 2203 2828 animarum
2231 2774 2566 2844 gubernator
2595 2774 2931 2844 praefectura:
2958 2784 3142 2845 partes
3176 2777 3474 2832 studiosius

1899 2875 1954 2919 et
2000 2866 2310 2922 accuratius
2344 2873 2530 2921 teneat
2562 2882 2787 2921 necesse
2815 2874 2931 2932 est,
2972 2881 3039 2921 ne
3062 2868 3293 2922 extremi
3321 2869 3477 2924 exitii

1900 2957 2172 3029 profundo
2196 2957 2563 3028 demergatur.
2598 2956 2892 3026 Propterea
2913 2995 2928 3018 ,
2962 2964 3022 3010 ut
3052 2957 3312 3023 arbitror,
3349 2973 3479 3013 san-

1903 3049 2147 3104 ctissime
2167 3091 2182 3114 ,
2212 3064 2443 3119 magnus
2474 3048 2767 3118 Apostolus
2792 3048 3130 3102 exclamabat
3156 3064 3171 3103 :
3204 3048 3335 3114 Quis
3393 3051 3479 3103 in-

1903 3139 2182 3209 ﬁrmatur,
2225 3148 2272 3194 ct
2306 3155 2399 3210 ego
2442 3154 2546 3193 non
2584 3139 2858 3208 inﬁrmor?
2892 3140 3008 3211 quis
3046 3140 3479 3208 scandalizatur,

215 3229 554 3305 στικιίπερον
582 3234 680 3286 καὶ
710 3232 1103 3305 ἀκριϐέστερον
1152 3232 1353 3286 εἰδέναι
1381 3232 1589 3302 ὀφείλει
1611 3231 1675 3285 τὸ
1698 3232 1797 3302 τῆς

1901 3242 1950 3287 et
1985 3250 2077 3304 ego
2108 3248 2212 3287 non
2241 3247 2365 3286 uror
2392 3231 2437 3263 ³⁸
2462 3231 2486 3285 ?
2536 3229 2600 3285 Et
2632 3229 2863 3285 iterum:
2902 3230 3097 3285 Factus
3127 3247 3244 3284 sum
3274 3230 3482 3286 Juda'is

215 3326 555 3397 προστασίας
598 3324 781 3396 ἔργον,
815 3326 903 3380 ῐνα
951 3325 1027 3396 μὴ
1078 3324 1409 3396 ὑποϐρύχιος
1449 3324 1678 3396 γένηται
1720 3324 1801 3397 τῷ

216 3417 371 3489 βυθῷ
396 3417 497 3488 τῆς
530 3415 830 3482 ἀπωλείας.
860 3417 962 3471 Διά
984 3414 1182 3481 ταῦτα,
1204 3415 1283 3480 ὡς
1306 3412 1479 3487 οἶμαι,
1503 3415 1799 3486 ἀγιώτατε,

216 3508 354 3562 ἐϐόα
402 3511 432 3563 ό
483 3507 656 3579 μέγας
711 3508 1053 3572 ’Δπόστολος,
1103 3509 1201 3575 Τίς
1244 3507 1509 3573 ἀσθενεῖ,
1538 3510 1639 3563 καί
1686 3511 1800 3564 οὐκ

214 3598 496 3663 ἀσθενῶς
526 3601 618 3666 τις
658 3598 1141 3664 σκανδαλίζεται,
1169 3599 1269 3654 καί
1301 3602 1413 3654 οὐκ
1434 3599 1551 3670 ἐγὼ
1577 3600 1801 3668 stupor“)-

209 3706 362 3762 gat;
404 3693 517 3747 Kal.
541 3691 727 3756 πάλιν,
754 3692 872 3745 Ὅτι
903 3692 1197 3762 ἐγενόμην
1234 3690 1360 3758 τοῖς
1391 3692 1695 3757 Ἰουδαίοις
1719 3692 1801 3759 ὡς

228 3780 532 3847 Ἰουδαῖος,
574 3781 701 3847 τοῖς
741 3782 862 3837 ὑπὸ
909 3783 1102 3853 νόμον
1135 3782 1217 3849 ὡς
1270 3782 1392 3838 ὑπὸ
1434 3784 1644 3852 νόμον,
1675 3783 1802 3851 τοῖς

212 3872 469 3942 ἀνόμοις
494 3873 576 3939 ὡς
609 3872 852 3943 ἄνομος,
875 3875 962 3943 μὴ
1000 3873 1086 3929 ὢν
1114 3875 1359 3946 ἄνομος,
1390 3876 1527 3930 ἀλλ’
1548 3876 1802 3946 ἔννομος

214 3962 476 4031 Χριστῷ.
524 3964 655 4031 Τοῖς
701 3963 851 4021 πᾶσι
890 3965 1110 4036 γέγονα
1158 3966 1232 4022 τὰ
1267 3966 1485 4031 πάντα,
1521 3967 1624 4024 ἵνα
1659 3967 1804 4035 τοὺς

212 4054 458 4121 πάντας
500 4055 797 4125 κερδήσω.
841 4056 977 4111 ’ἰδοὺ
1009 4056 1188 4122 οὕτως
1232 4058 1334 4113 »καὶ
1374 4059 1425 4112 oi
1474 4059 1595 4112 κατ’
1639 4059 1802 4112 αὐτὸν

214 4148 448 4212 κανόνες
487 4150 584 4202 καὶ
622 4149 739 4219 ὅροι
772 4150 1113 4221 ἐπισκοπῆςο
1137 4150 1392 4222 καθάπερ
1427 4150 1523 4206 καὶ
1552 4151 1709 4205 αὐτοὶ
1750 4152 1801 4205 ol

212 4238 498 4292 θεσπέσιοι
537 4239 782 4312 Πατέρες
805 4241 963 4312 ήμῶν
990 4241 1388 4310 διαγορεύουσι.
1434 4243 1638 4297 Λοιπὸν
1665 4243 1801 4297 ἀνα-

211 4333 384 4399 γνοὺς
445 4331 539 4385 καὶ
583 4333 835 4400 διαγνοὺς
889 4334 957 4388 τὰ
992 4333 1102 4388 τῶν
1151 4328 1341 4403 ἁγίων,
1377 4334 1469 4389 καὶ
1494 4336 1587 4389 ἐπὶ
1612 4338 1804 4406 χεῖρας

212 4424 359 4494 ἔχων
385 4424 455 4477 τά
476 4423 849 4495 θεοπαράδοτα
872 4425 1059 4495 λόγια*
1090 4426 1144 4480 τί
1180 4427 1316 4498 πρὸς
1345 4428 1481 4499 ἐμοῦ
1512 4427 1608 4481 τοῦ
1639 4428 1805 4482 τάλα-

213 4533 309 4579 νος
334 4515 582 4570 τοιοῦτόν
612 4535 665 4571 τι
688 4517 999 4587 ἐπιζητεῖς
1040 4517 1183 4586 Ἐγὼ
1206 4517 1352 4573 δοκῶ
1383 4518 1474 4572 τὸν
1501 4518 1799 4572 ἐπίσκοπον

214 4604 362 4661 εἶναι
394 4606 609 4679 ἔφορον,
638 4610 734 4662 καὶ
763 4608 1065 4663 ὑπεύθυνον
1088 4609 1188 4679 τῆς
1211 4609 1307 4661 ἐπὶ
1331 4611 1467 4662 πᾶσι
1491 4609 1601 4663 τῶν
1629 4611 1797 4682 ἀρχο-

216 4698 403 4767 μένων
456 4700 755 4769 γενομένης
799 4698 1164 4770 διαπράξεως.
1200 4701 1465 4769 Ἄγγελον
1508 4702 1796 4772 άσίγητον,

211 4784 287 4838 τά
342 4783 442 4837 τοῦ
482 4784 618 4839 Θεοῦ
647 4786 993 4858 δικαιώματα
1035 4788 1418 4860 κηρύσσοντα·
1457 4789 1615 4860 δμμα
1646 4792 1799 4845 ἀκοί-

213 4893 397 4948 μητον
421 4875 524 4940 τὰς
553 4878 786 4932 ἑκάστου
808 4880 963 4943 ὁδοὺς
990 4879 1097 4933 τῶν
1130 4880 1221 4933 ὑπ’
1251 4881 1419 4935 αὐτοῦ
1448 4881 1798 4953 ίξαγομένων

211 4969 654 5041 ὲπιϐλεπόμενον
678 4986 692 5001 ’
721 4971 949 5042 μίμημα
982 4972 1246 5042 Χριστοῦ,
1274 4975 1357 5037 είς
1381 4973 1440 5027 ὃν
1465 4975 1515 5027 οί
1539 4975 1797 5045 ἑπόμενοι

213 5060 584 5131 προσέχοντες
600 5061 703 5131 τὴν
732 5061 942 5115 ἑαυτῶν
965 5061 1111 5133 ζωὴν
1137 5062 1505 5133 εύαγγελικῶς
1530 5081 1803 5137 χαρακτη-

215 5150 433 5223 ρξζουσι
460 5170 477 5185 ο
509 5154 773 5223 φωστῆρα
819 5153 1099 5224 ἀειλαμπῆ
1150 5158 1264 5218 τοῖς
1320 5154 1380 5220 ἐξ
1434 5155 1658 5223 ἀγνοίας
1706 5156 1801 5210 καὶ

210 5242 498 5315 ἁμαρτίας
517 5244 917 5315 νυκτομαχοῦσι
941 5244 1341 5317 γνωριζόμενον
1362 5262 1377 5279 ·
1400 5245 1491 5299 τὸν
1519 5246 1677 5315 λόγον
1700 5246 1801 5317 τῆς

212 5337 572 5401 διδασκαλίας
599 5338 1009 5409 ὲπομϐρίζοντα
1038 5341 1150 5400 τοῖς
1177 5338 1375 5408 διψῶσι
1416 5341 1484 5392 τά
1525 5340 1768 5410 σωτήρια
1786 5357 1803 5372 ο

212 5429 505 5498 οἰκονόμον
552 5430 831 5500 μέγιστον,
860 5431 951 5485 τὸν
992 5432 1226 5486 ἑκάστου
1259 5432 1373 5503 βίον
1406 5432 1805 5501 λογοθετείσθαι

219 5519 494 5590 μέλλοντα
520 5521 579 5572 ἐν
603 5521 780 5592 καιρῷ
805 5522 1238 5586 ἀνταποδόσεως.
1267 5522 1407 5577 Οὔτε
1427 5519 1523 5577 οὖν
1547 5522 1733 5593 μεῖζόν
1754 5541 1806 5578 τι

214 5610 316 5680 τῆς
353 5610 493 5678 πρὸς
526 5611 661 5665 Θεὸν
703 5612 1003 5685 ὲγγύτητος
1044 5615 1140 5669 καὶ
1170 5613 1416 5685 ἀγάπης,
1456 5613 1568 5667 οὔτ’
1599 5610 1665 5668 αὖ
1718 5615 1808 5668 εύ-

293 5790 338 5822 ”
381 5790 420 5845 II
454 5790 577 5848 Cor.
615 5809 690 5862 χι,
721 5794 811 5855 ‘29.
886 5796 975 5849 ³⁸1
1015 5797 1138 5851 Cor.
1180 5813 1249 5862 ix,
1286 5795 1478 5862 “2023,

1904 3338 2160 3398 tanquam
2185 3326 2437 3388 Iudaeus;
2462 3327 2527 3379 iis
2558 3326 2649 3395 qui
2671 3325 2763 3379 sub
2797 3324 2907 3395 lege
2938 3334 3083 3389 sunt,
3111 3334 3363 3393 tanquam
3387 3324 3480 3379 sub

1900 3418 2011 3489 iege
2037 3432 2231 3483 essent;
2257 3416 2325 3471 iis
2344 3416 2436 3487 qui
2458 3415 2568 3469 sine
2597 3414 2707 3485 iege
2727 3421 2912 3478 erant,
2948 3423 3206 3484 tanquam
3230 3415 3341 3468 sine
3370 3413 3481 3483 lege

1899 3525 2097 3574 essem;
2138 3525 2256 3564 cum
2283 3509 2396 3562 sine
2423 3508 2532 3577 lege
2570 3521 2675 3559 non
2714 3522 2906 3569 essent,
2944 3506 3036 3559 sed
3076 3506 3132 3559 in
3166 3505 3276 3576 lege
3315 3521 3481 3559 essent

1898 3598 2112 3656 Christi.
2139 3597 2393 3652 Omnibus
2420 3598 2600 3651 omnia
2628 3598 2803 3667 {actus
2825 3612 2941 3649 sum
2961 3637 2977 3661 ,
3008 3609 3066 3648 ut
3105 3612 3282 3650 omnes
3314 3596 3481 3649 [aerio

1901 3695 2129 3764 facerem
2156 3694 2224 3748 ³⁸.
2257 3692 2336 3747 En
2357 3733 2373 3758 ,
2403 3693 2492 3746 vel
2523 3694 2643 3761 ejus
2671 3690 2940 3745 sententia
2965 3730 2980 3754 ,
3004 3690 3152 3762 leges
3180 3698 3236 3744 et
3266 3690 3483 3761 regulas

1900 3784 2266 3854 episcopatus.
2293 3780 2756 3852 quemadmodum
2780 3788 2835 3834 et
2861 3780 3029 3835 divini
3055 3792 3271 3850 quoque
3294 3782 3482 3838 Patres

1903 3876 2073 3929 nostri
2124 3882 2416 3929 testantur.
2451 3872 2746 3938 Caeterum,
2780 3886 2906 3926 cum
2940 3882 3251 3927 sanctorum
3284 3874 3482 3943 placita

1902 3968 2050 4039 legas
2077 3976 2134 4022 et
2165 3966 2455 4035 intelligas,
2479 3973 2532 4018 et
2557 3961 2740 4017 divina
2769 3963 2986 4018 oracula
3012 3964 3064 4016 in
3099 3965 3352 4018 manibus
3384 3965 3482 4018 ha-

1900 4059 2062 4124 beas,
2094 4058 2224 4127 quid
2261 4072 2291 4111 a
2332 4071 2421 4110 me
2459 4055 2663 4110 misero
2701 4055 2808 4109 tale
2855 4053 3134 4123 quidpiam
3182 4054 3486 4125 elllagitas?

1903 4152 2016 4221 Ego
2061 4150 2378 4219 episcopum
2422 4161 2626 4201 censeo
2676 4145 3041 4215 inspectorem
3100 4161 3256 4212 esse,
3309 4162 3373 4201 ac
3414 4147 3486 4202 de

1903 4243 2161 4298 omnibus
2189 4256 2311 4311 qua:
2347 4257 2377 4294 a
2418 4238 2653 4294 subditis
2680 4247 2916 4310 aguntur
2946 4238 3278 4303 obnoxium;
3322 4252 3484 4308 ange-

1903 4336 2015 4389 lum
2049 4349 2159 4388 non
2186 4333 2464 4396 silentem,
2488 4330 2909 4402 iustificationes
2934 4330 3026 4385 Dei
3056 4338 3319 4401 perpetuo
3341 4345 3484 4399 pra--

1903 4427 2210 4492 dicentem;
2241 4426 2807 4487 oculuminsomnem,
2838 4424 3017 4494 gregis
3044 4423 3124 4477 sui
3165 4422 3483 4493 singillatim

1904 4516 2022 4571 vias
2050 4516 2524 4581 considerantem;
2579 4514 2932 4569 simulacrum
2973 4511 3212 4578 Christi,
3239 4511 3311 4565 ad
3339 4510 3484 4580 quod

1905 4607 2101 4661 intenti
2139 4607 2232 4677 qui
2270 4616 2616 4677 sequuntur,
2668 4606 2835 4662 vitam
2892 4621 3047 4660 suam
3092 4605 3159 4658 ad
3206 4603 3485 4674 Evangelii

1906 4698 2134 4752 formam
2161 4697 2445 4768 efﬁngant;
2475 4698 2648 4752 facem
2674 4707 2940 4767 perpetuo
2966 4696 3272 4758 ardentem,
3304 4694 3373 4749 iis
3391 4694 3487 4764 qui

1906 4791 1961 4845 itt
1994 4790 2316 4859 ignorantia:
2338 4790 2659 4860 peccatique
2678 4790 2921 4845 tenebris
2949 4788 3233 4852 dimicant,
3265 4787 3487 4856 conSpi-

1904 4897 2101 4947 cuam;
2131 4897 2440 4937 sermonem
2464 4881 2747 4947 doctrinae,
2778 4880 3037 4935 salutaria
3064 4878 3374 4934 sitientibus
3405 4878 3490 4931 in-

1905 4974 2264 5040 fundentem;
2308 4975 2742 5045 dispensatorem
2774 4973 3072 5029 maximum
3094 5012 3108 5037 ,
3142 4970 3237 5041 qui
3270 4970 3339 5025 de
3372 4970 3488 5024 siu-

1905 5066 2156 5136 gulorum
2184 5065 2317 5129 vita,
2347 5064 2729 5119 retributionis
2757 5073 3021 5133 tempore,
3060 5064 3328 5117 rationem
3365 5061 3490 5116 red-

1908 5158 2121 5213 diturus
2150 5158 2242 5212 sit.
2270 5158 2456 5226 Itaque
2486 5158 2636 5211 nulla
2672 5158 2908 5212 allinitas
2932 5172 3057 5213 cum
3089 5156 3201 5210 Deo
3221 5164 3275 5210 et
3302 5152 3486 5210 chari-

1909 5261 1992 5306 tas
2011 5250 2187 5320 major
2211 5257 2315 5313 est,
2344 5259 2437 5304 aut
2466 5250 2552 5304 cui
2584 5249 2787 5305 certior
2808 5250 2880 5305 sit
2902 5264 3132 5311 merces,
3152 5262 3314 5318 quam
3346 5261 3489 5315 prae-

1907 5340 2114 5395 fectura
2143 5348 2332 5405 tanta;
2354 5341 2818 5409 quemadmodum
2841 5340 3093 5395 Christus
3121 5339 3240 5408 ipse
3269 5346 3490 5405 aposto-

1905 5432 2082 5487 lorum
2130 5432 2361 5503 principi
2390 5433 2564 5488 dixit:
2608 5433 2839 5489 Siamas
2871 5450 2983 5497 me,
3025 5432 3209 5495 Pelre,
3240 5431 3358 5499 plus
3385 5430 3487 5484 his.

1908 5540 2064 5593 pasce
2092 5542 2208 5580 oves
2241 5542 2384 5578 meas
2410 5526 2476 5581 ³⁷.
2509 5525 2620 5580 Nec
2654 5526 3015 5597 periculosius
3044 5522 3362 5593 quidquam,
3394 5527 3491 5573 aut

1908 5617 2195 5674 exitiosius
2222 5633 2385 5688 quam
2417 5618 2471 5673 in
2510 5634 2574 5673 ca
2609 5617 2831 5689 indigne
2864 5614 3087 5672 versari.

1558 5795 1599 5825 ³⁷
1629 5792 1785 5850 Joan.
1827 5810 1945 5857 xxi,
1988 5794 2067 5849 l5.
