4044 6366
573 309 676 373 947

1755 308 1816 368 S.
1867 307 2260 369 THEODORI
2301 309 2649 372 STUDlT/E

3735 315 3848 380 948

570 419 920 492 μισθότερον,
951 418 1026 484 ὡς
1063 420 1098 491 ἡ
1133 419 1440 492 τηλικαύτη
1469 419 1797 474 ἐπιστασία·
1854 417 2041 482 καθώς
2087 435 2255 490 φησιν
2312 419 2476 486 αὐτὸς
2527 424 2556 477 ὀ
2585 423 2818 493 Χριστὸς
2858 425 2997 496 πρὸς
3034 427 3127 481 τὸν
3169 430 3466 499 κορυφαῖον
3499 427 3805 482 ἀπόστολον
3827 445 3846 460 ·

569 532 588 566 ι
625 515 688 569 Εἰ
729 513 906 585 φιλεῖς
949 531 1046 584 με,
1078 514 1276 586 Πέτρε,
1323 513 1508 567 πλεῖον
1543 512 1771 580 τούτων,
1801 512 2059 584 ποίμαινε
2087 510 2159 565 τά
2198 511 2449 582 πρόϐατά
2476 531 2600 586 μου.
2631 535 2650 567 ι
2685 516 2822 571 οὔτε
2849 517 3315 592 ἐπικινδυνότερον
3333 521 3432 575 καὶ
3453 519 3852 592 ὀλεθριὼτερον

565 611 680 671 τοῖς
695 599 958 671 ’ἀναξίως
980 606 1188 676 ταύτην
1220 605 1648 676 ἀσπαζομένοις.

634 705 705 760 At
731 713 819 769 tu,
851 711 936 758 sat
959 703 1098 768 scio,
1123 701 1344 756 Patrum
1369 701 1598 770 optime,
1627 699 1807 756 bonus
1839 709 2025 771 pastor
2054 714 2149 764 es.
2183 707 2226 762 Α

561 799 658 868 qui
686 797 927 852 animam
960 803 1108 848 tuam
1142 809 1243 864 pro
1277 793 1475 848 ovibus
1505 807 1723 862 semper
1755 791 2024 863 posuisti,
2051 807 2151 862 pro

562 898 891 954 unaquaque
928 891 1094 952 caput
1137 882 1436 952 objiciens,
1486 881 1774 936 hominum
1829 882 2008 937 minas
2039 897 2149 936 non

561 975 947 1038 reformidans,
985 972 1272 1027 veritatem
1309 972 1363 1027 in
1396 971 1806 1028 adversantium
1829 973 2005 1028 oculis
2041 989 2151 1028 non

560 1066 945 1127 dissimulans.
997 1065 1145 1120 unici
1173 1065 1317 1135 regis
1347 1063 1614 1120 voluntati
1636 1063 2044 1120 obsecundans.
2067 1064 2151 1120 Ad

562 1157 712 1220 haec,
747 1169 984 1228 arguens
1012 1171 1138 1211 cum
1174 1156 1459 1221 libertate,
1494 1171 1712 1226 poenam
1741 1156 1992 1228 irrogans
2022 1172 2148 1213 cum

561 1250 815 1313 lenitate,
855 1247 1148 1318 pacificans
1173 1256 1230 1303 et
1257 1247 1622 1303 reconcilians
1644 1247 1997 1314 dissidentes,
2024 1263 2152 1320 pro-

561 1341 747 1396 fanum
799 1355 830 1394 a
889 1347 1080 1394 sancto
1122 1339 1420 1409 prudenter
1456 1339 1760 1403 dirimens,
1802 1347 1859 1394 et
1889 1353 2085 1394 sanum
2119 1355 2150 1395 a

559 1431 845 1495 morbido,
883 1445 953 1485 ne
974 1429 1303 1501 contagione
1334 1445 1434 1485 sua
1465 1430 1706 1486 vicinum
1737 1429 1980 1498 inliciat;
2005 1432 2150 1502 quod

567 1525 787 1580 aberrat
810 1523 867 1579 in
899 1523 1043 1579 viam
1080 1523 1370 1588 reducens,
1407 1523 1556 1593 quod
1588 1523 1864 1578 inﬁrmum
1894 1535 1980 1579 est
2013 1540 2150 1580 con-

561 1614 839 1681 solidans,
894 1613 1042 1684 quod
1077 1603 1421 1670 confractum
1468 1623 1552 1669 est
1594 1614 1823 1686 alligans
1856 1614 1922 1674 ³⁸.
1976 1615 2152 1682 Quam

560 1706 844 1778 multiplex
867 1721 1059 1761 revera
1084 1715 1236 1760 tuum
1259 1714 1345 1761 est
1365 1706 1536 1776 opusl
1561 1705 1986 1776 Praepositorum
2017 1706 2150 1762 visi-

563 1799 702 1854 tatio
725 1839 742 1865 ,
785 1797 1130 1854 celliotarum
1186 1797 1548 1869 approbatio,
1605 1797 2048 1869 presbyterorum
2096 1808 2152 1856 et

561 1890 920 1947 diaconorum
955 1887 1250 1952 ordinatio,
1283 1895 1340 1943 et
1371 1887 1567 1942 horum
1593 1886 1840 1942 omnium
1868 1886 1996 1942 vita:
2023 1902 2152 1943 cen-

562 1997 692 2038 sura
723 1997 739 2035 :
772 1981 1066 2037 viduarum
1091 1978 1362 2044 defensio,
1400 1978 1778 2048 orphanorum
1807 1978 2148 2054 subsidium,

562 2075 886 2130 alllictorum
927 2073 1102 2140 ultio,
1151 2086 1539 2143 oppressorum
1573 2071 1967 2142 propugnatio;
2011 2071 2146 2142 quin

562 2165 728 2221 etiam
749 2164 1034 2234 dignitatis
1049 2162 1415 2219 conservatio.
1445 2161 1584 2227 Quia
1615 2162 1708 2217 ubi
1732 2162 1869 2217 nihil
1889 2170 1977 2218 est
1999 2163 2147 2233 quod

562 2256 824 2328 pietatem
865 2255 1026 2311 laadat
1073 2253 1160 2310 vel
1205 2253 1503 2324 impediat,
1547 2254 1744 2325 subjici
1787 2268 1892 2309 nos
1929 2268 2147 2325 quoque

563 2348 712 2405 omni
743 2346 972 2418 imperio
1002 2357 1059 2402 et
1097 2345 1358 2418 potestati
1391 2355 1641 2417 oportet,
1679 2344 2148 2401 benevolentiam-

562 2455 670 2510 que
715 2448 1022 2510 pcrpetuo,
1077 2439 1122 2493 si
1159 2437 1280 2494 ﬁeri
1321 2445 1536 2509 potest,
1581 2437 1828 2493 omnium
1868 2436 2146 2501 retinere,

561 2541 814 2602 prompte
843 2546 908 2586 ac
947 2531 1184 2601 benigne
1213 2529 1541 2596 salutando,
1575 2544 1640 2586 ac
1679 2529 1942 2601 majorem
1980 2529 2147 2586 etiam

564 2625 832 2680 honorem
868 2623 1226 2679 redhibendo.
1256 2621 1413 2679 Absit
1445 2622 1592 2678 enim
1628 2629 1687 2677 ut
1710 2621 1779 2677 de
1816 2621 2149 2677 beatitudine

563 2725 658 2771 tua
703 2715 987 2780 dicantur,
1034 2730 1157 2786 quae
1203 2713 1496 2769 contraria:
1554 2713 1822 2768 malorum
1869 2721 2147 2782 pastorum

564 2807 707 2878 parti
725 2807 1060 2862 conveniunt
1088 2807 1102 2859 ι
1134 2805 1229 2876 qui
1253 2806 1426 2876 turpis
1441 2805 1651 2861 scilicet
1676 2804 1815 2860 lucri
1839 2804 2011 2876 gratia
2029 2820 2149 2875 gre-

567 2914 690 2969 gem
710 2907 962 2968 pascunt,
985 2897 1080 2968 qui
1102 2899 1173 2954 ad
1199 2898 1322 2953 vitae
1351 2897 1639 2952 commoda
1665 2896 1983 2968 dignitatem
2007 2896 2150 2951 hanc

568 2990 836 3055 referunt,
866 2989 934 3045 ad
966 2989 1147 3046 carnis
1173 2989 1567 3066 laxamentum,
1597 2988 1664 3043 ad
1690 2986 2006 3058 cupiditatis
2029 2985 2148 3042 fru-

568 3098 736 3155 ctum,
765 3085 832 3140 ad
857 3082 1126 3137 llusarum
1151 3094 1318 3150 opum
1350 3077 1808 3149 conquisitionem
1826 3116 1842 3143 ,
1877 3077 1945 3132 ad
1975 3077 2150 3148 pluri-

567 3193 782 3236 morum
841 3186 1000 3232 terra:
1053 3172 1306 3244 iugerum
1363 3169 1767 3241 possessionem
1791 3210 1806 3236 ,
1864 3168 2152 3250 gregisque

569 3284 851 3327 servorum
877 3281 943 3322 ac
966 3265 1236 3336 pecudum
1258 3263 1538 3318 numerosi
1567 3279 1582 3317 :
1617 3262 1848 3333 ideoque
1869 3275 1979 3318 non
2009 3261 2150 3317 divi-

570 3365 678 3426 nis,
699 3359 795 3414 sed
816 3356 1070 3412 humanis
1089 3353 1302 3408 artibus
1323 3352 1392 3407 ad
1413 3350 1767 3452 prefectune
1775 3352 1994 3452 culmen
2020 3364 2150 3421 pro-
2178 3394 2221 3452 ϐ

571 3452 784 3515 siliunt,
803 3457 864 3504 ut
879 3448 932 3502 in
953 3446 1201 3502 subditos
1243 3443 1601 3515 supercilium
1639 3442 1906 3507 attollant,
1940 3451 1997 3498 et
2022 3452 2151 3498 ante

572 3543 951 3602 honoratiores
988 3547 1312 3610 arroganter
1351 3537 1598 3592 sedeant.
1649 3536 1803 3592 Mitto
1844 3536 1912 3592 de
1941 3535 2047 3592 illis
2069 3536 2151 3592 di-

570 3651 718 3702 cere,
732 3635 826 3706 qui
845 3632 1244 3689 causidicorum
1262 3644 1415 3684 more
1431 3643 1531 3699 pro
1542 3627 1762 3684 caducis
1777 3628 1942 3684 rebus
1964 3627 2154 3684 decer-

572 3737 724 3793 tant,
765 3733 823 3781 et
864 3740 965 3796 pro
1008 3722 1255 3779 veritatis
1299 3720 1648 3791 dogmatibus
1703 3735 1814 3774 non
1867 3719 2149 3775 resistunt.

571 3816 839 3887 Quodque
867 3814 952 3870 his
979 3814 1139 3884 longe
1173 3812 1394 3885 gravius
1413 3821 1550 3888 est,
1579 3811 1649 3866 de
1676 3810 1744 3865 iis
1781 3809 1874 3880 qui
1904 3810 2156 3866 subdito-

571 3928 693 3968 rum
721 3912 861 3965 bona
886 3907 1125 3979 rapiunt,
1158 3915 1216 3961 et
1233 3913 1531 3976 exsugunt,
1559 3902 1797 3974 indeque
1825 3903 2150 3973 potentiam,

571 4013 630 4061 et
655 4002 1053 4059 redundantem
1083 4013 1251 4068 opum
1289 3997 1504 4068 copiam
1534 3995 1904 4052 accumulant.
1940 3994 2152 4060 Quibus

571 4097 722 4154 enim
744 4103 805 4152 ut
831 4091 1121 4164 egentibus
1147 4105 1369 4145 manum
1394 4087 1595 4160 porrigi
1627 4103 1723 4160 par
1746 4095 1864 4142 erat
1881 4126 1896 4152 ,
1928 4087 2028 4141 hos
2059 4085 2154 4156 qui

571 4188 778 4245 sensim
819 4195 1055 4241 atterere
1097 4198 1209 4238 non
1242 4183 1526 4248 dubitant,
1572 4181 1791 4236 cuinam
1823 4179 2032 4236 similes
2069 4177 2154 4234 di-

573 4278 805 4335 centur?
834 4275 1068 4333 Petrone
1088 4285 1145 4330 et
1165 4275 1397 4340 Joanni,
1437 4287 1740 4343 eorumque
1768 4271 2154 4336 sectatoribus,

573 4373 792 4442 quibus,
819 4369 916 4434 ait,
947 4375 1234 4440 argentum
1262 4376 1318 4422 et
1340 4381 1535 4421 aurum
1561 4379 1672 4420 non
1696 4374 1836 4431 erat,
1855 4364 1954 4420 sed
1980 4362 2154 4419 divini

573 4461 818 4533 Spiritus
856 4459 1065 4531 gratia?
1103 4475 1174 4513 an
1198 4457 1421 4513 vSimoni
1460 4456 1650 4526 Mago,
1694 4465 1752 4511 et
1783 4456 1938 4512 Iudae
1968 4455 2156 4527 prodi-

573 4554 702 4618 tori,
727 4564 783 4608 et
809 4551 958 4608 Giezi
991 4550 1194 4621 cupido
1220 4548 1489 4620 pecuniae,
1511 4562 1578 4602 ac
1603 4546 1827 4616 reliquis
1859 4547 2026 4618 hujus
2057 4561 2156 4602 sa:-

572 4647 684 4702 culi
712 4644 1011 4701 divitibus?
1034 4642 1111 4697 De
1140 4641 1207 4696 iis
1237 4650 1423 4695 autem
1447 4639 1594 4706 dico,
1623 4639 1717 4708 qui
1739 4639 1887 4709 quod
1911 4653 2155 4710 praesens

2337 699 2478 754 Ἀλλ’
2498 701 2684 766 αὐτὸς,
2708 703 2772 758 εὖ
2796 699 2937 770 οῖδα,
2970 705 3232 779 Πατέρων
3257 707 3468 781 ἄριστε,
3494 710 3576 765 δτι
3601 709 3681 775 ὡς
3707 710 3849 778 ἀγα-

2255 791 2348 856 θὸς
2378 795 2586 865 ποιμὴν
2607 795 2710 866 τὴν
2737 796 2917 867 ψυχήν
2948 814 3043 850 σου
3071 799 3157 852 ἀεὶ
3187 799 3452 864 τεθεικὼς
3485 794 3539 854 et
3562 803 3706 872 ὑπὲρ
3734 801 3848 854 τῶν

2254 883 2365 938 σῶν
2412 885 2728 957 προϐάτων,
2759 889 3197 960 προκινδυνεύων
3227 891 3371 964 ὑπὲρ
3410 893 3530 958 ἐνὸς
3569 895 3843 948 ἑκάστου·

2257 974 2332 1047 μὴ
2358 976 2693 1048 πτοούμενος
2726 978 2959 1043 ἀπειλὰς
2983 981 3336 1052 ἀνθρωπίνας
3360 998 3373 1012 ·
3404 983 3482 1054 μὴ
3507 983 3844 1038 ὑποστελλό·

2255 1084 2420 1138 μενος
2445 1068 2539 1121 τὸν
2557 1069 2659 1140 τῆς
2695 1069 2954 1141 ἀληθείας
2993 1071 3155 1142 λόγον
3189 1073 3251 1140 ἐξ
3277 1077 3525 1139 ἐναντίας
3549 1077 3660 1130 τῶν
3688 1079 3848 1131 ἀντιο

2251 1157 2644 1229 διατιθεμένων
2665 1176 2682 1194 ·
2724 1162 2787 1215 τὸ
2817 1161 2914 1216 τοῦ
2949 1163 3112 1234 μόνου
3141 1164 3411 1236 βασιλέως
3443 1167 3658 1238 θέλημα
3693 1170 3844 1222 ἀπο-

2253 1249 2597 1320 θεραπεύων.
2635 1251 2778 1324 Πρὸς
2803 1252 3016 1318 τούτοις
3045 1254 3283 1326 ἐλέγχων
3329 1257 3470 1328 μετά
3494 1260 3843 1332 παρρησίας,

2252 1341 2520 1412 ἐπιτιμῶν
2583 1344 2720 1414 μετά
2772 1347 3140 1416 συμπαθείας,
3196 1349 3497 1422 είρηνεύων
3544 1352 3640 1406 καὶ
3699 1369 3847 1406 κατ-

2251 1434 2540 1489 αλλάσσων
2581 1437 2710 1499 τοὺς
2736 1437 3140 1509 διισταμένους,
3185 1441 3467 1512 ἀφορίζων
3489 1443 3630 1514 μετὰ
3651 1444 3847 1515 εὐκρι-

2253 1525 2376 1589 σίας
2406 1522 2466 1577 τδ
2499 1524 2727 1596 βέϐηλον
2754 1528 2866 1581 ἀπὸ
2892 1527 2990 1582 τοῦ
3017 1529 3193 1599 ὁσίου,
3223 1531 3287 1584 τὸ
3313 1532 3462 1602 ὑγιὲς
3492 1534 3603 1588 ἀπὸ
3629 1534 3726 1588 τοῦ
3754 1551 3847 1588 νε-

2251 1616 2567 1688 νοσηκότος,
2597 1616 2674 1682 ὡς
2695 1617 2762 1672 ἀν
2787 1618 2863 1690 μὴ
2889 1620 3149 1692 μεταδοίη
3173 1621 3276 1692 τῆς
3291 1625 3496 1690 οἰκείας
3522 1627 3846 1698 ἀρξόωστίας

2250 1708 2329 1780 τῷ
2383 1707 2783 1780 πλησιάζοντι·
2826 1711 2888 1764 τὸ
2943 1710 3302 1784 πλανώμενον
3351 1717 3730 1789 ἐπιστρέφων·
3777 1720 3844 1773 τὸ

2249 1801 2554 1872 ἡσθενηκὸς
2617 1801 2883 1872 ἐνισχύων
2909 1818 2927 1836 ·
2967 1803 3029 1858 τὸ
3085 1807 3550 1878 συντετριμμένον
3608 1812 3843 1866 καταδε-

2251 1890 2490 1961 σμεύων.
2534 1891 2623 1956 Ὠς
2653 1892 2789 1946 πολύ
2822 1909 2918 1947 σου
2951 1894 3125 1960 ὅντως
3165 1897 3228 1950 τὸ
3262 1897 3463 1969 ἐργονι
3516 1900 3842 1972 ἡγουμένων

2251 1983 2562 2054 ἐπίσκεψις,
2611 1984 2925 2040 κελλιωτῶν
2969 1987 3268 2060 ἐπίκρισις,
3306 1990 3694 2065 πρεσϐυτέρων
3739 1996 3842 2048 καὶ

2179 2053 2222 2108 Β
2248 2053 2513 2128 διακόνων
2538 2076 2934 2148 χειροτόνησις,
2962 2078 3060 2132 καὶ
3085 2053 3204 2149 βίου
3226 2053 3434 2136 τούτων
3462 2053 3681 2138 πάντων
3705 2086 3840 2140 ἐπι-

2248 2167 2518 2238 τήρησις·
2578 2168 2767 2239 χηρῶν
2820 2171 3150 2240 προστασία,
3207 2173 3462 2243 ὀρφανῶν
3518 2177 3838 2249 ἐπικουρία,

2251 2256 2747 2326 καταπονουμένων
2774 2257 3079 2329 ἐκδίκησις,
3107 2259 3483 2332 ἀδικουμένων
3507 2264 3838 2339 ὑπερμάχη-

2250 2362 2359 2411 σις,
2408 2347 2502 2400 καὶ
2536 2347 2724 2418 μέντοι
2755 2351 2852 2403 καὶ
2906 2351 3183 2423 ὑπεροχῆς
3225 2352 3570 2426 διατήρησις.
3611 2356 3838 2432 Ἐπειδὴ

2249 2437 2378 2492 ὅταν
2405 2438 2575 2510 μηδὲν
2669 2439 2731 2494 τὸ
2761 2440 3002 2511 βλάπτον
3034 2445 3131 2498 καὶ
3153 2443 3365 2499 κωλύον
3393 2447 3476 2512 είς
3498 2447 3836 2518 θεοσέϐειαν,

2251 2527 2657 2583 ὑποτάσσεσθαι
2715 2529 2814 2582 καὶ
2865 2531 3016 2601 ἡμᾶς
3072 2532 3224 2602 πάσῃ
3281 2534 3425 2606 ἀρχῇ
3480 2537 3577 2589 καὶ
3613 2536 3840 2610 ἐξουσίᾳ

2250 2620 2542 2692 προσήκει,
2604 2620 2700 2674 καὶ
2755 2620 3028 2690 φιλιάζειν
3081 2625 3168 2677 διά
3219 2625 3441 2690 παντὸς,
3481 2628 3533 2680 εί
3583 2627 3836 2695 δυνατὸν,

2250 2709 2390 2781 πρὸς
2417 2709 2663 2774 ἅπαντας
2697 2710 2789 2765 διὰ
2820 2711 2922 2780 τῆς
2951 2711 3317 2782 εὐμεταδότου
3365 2716 3460 2772 καὶ
3506 2717 3838 2789 φιλοφρόνου

2249 2799 2553 2868 δεξιώσεως
2599 2801 2697 2857 καὶ
2725 2802 3152 2874 προεπιδόσεως.
3191 2805 3384 2878 Ἀπείη
3425 2808 3540 2878 γὰρ
3577 2810 3840 2881 περὶτῆς

2254 2894 2659 2965 μακαριότητός
2697 2911 2793 2948 σου
2833 2894 2903 2948 τά
2940 2894 3040 2966 τῆς
3068 2895 3320 2961 ἐναντίας
3355 2899 3574 2970 μερίδος
3599 2898 3712 2953 τῶν
3735 2916 3839 2954 κα-

2252 2985 2367 3041 κῶν
2413 2987 2689 3057 ποιμένων
2715 2987 3087 3058 διαγορεύεινῑ
3132 2983 3246 3045 οἷον
3283 2991 3392 3045 τῶν
3429 2993 3840 3064 αἰσχροκερδῶς

2254 3079 2654 3150 ποιμαινόντων
2689 3079 2752 3133 τὺ
2797 3082 3080 3152 ποίμνιον·
3113 3081 3224 3135 τῶν
3267 3082 3351 3146 είς
3403 3083 3660 3156 ἀφορμὴν
3717 3083 3837 3155 βίον

2251 3171 2622 3243 λογιζομένων
2666 3171 2765 3244 τὴν
2819 3173 3078 3244 τοιαύτην
3129 3171 3308 3240 ἀξίαν,
3356 3175 3454 3228 καὶ
3499 3176 3580 3240 είς
3631 3176 3838 3248 σαριοδς

2251 3264 2581 3330 ἀνάπαυσιν,
2614 3264 2711 3318 κα.)⁵
2748 3264 2829 3327 είς
2852 3264 3147 3335 ἐπιθυμίας
3179 3265 3504 3333 ἀπόλαυσιν,
3550 3267 3633 3331 είς
3666 3269 3840 3322 κατάο

2255 3355 2442 3426 σχεσίν
2467 3372 2527 3408 τε
2557 3354 2790 3409 πλούτου
2821 3354 2917 3408 τοῦ
2948 3355 3186 3424 ῥέοντος,
3224 3355 3321 3409 καὶ
3355 3357 3439 3420 είς
3485 3357 3685 3427 κτῆσιν
3709 3357 3838 3410 πλέ-
3867 3377 3872 3381 Α

2254 3449 2401 3520 θρων
2428 3449 2532 3520 γῆς
2555 3449 2728 3503 τόσων
2773 3447 2869 3502 καὶ
2904 3447 3100 3513 τόσων,
3132 3447 3338 3517 ἀγέλης
3379 3464 3442 3501 τε
3483 3449 3839 3519 ἀνδραπόδων

2253 3541 2348 3596 καὶ
2380 3541 2746 3613 βοσκημάτων
2785 3539 3050 3612 πληθύος.
3084 3541 3196 3595 Καὶ
3227 3540 3315 3594 διά
3362 3540 3525 3595 τοῦτο
3562 3541 3840 3614 ἀνθρωπίο

2253 3651 2362 3698 νως
2403 3634 2500 3688 καὶ
2528 3634 2590 3688 ού
2631 3632 2830 3697 θεῖκῶς
2859 3631 3254 3704 ἐπιπηδώντων
3283 3631 3360 3703 τῷ
3398 3631 3524 3702 ὕψει
3564 3633 3666 3703 τῆς
3709 3650 3840 3705 προσ

2255 3724 2505 3789 στασίας,
2541 3723 2620 3787 εις
2664 3722 2728 3776 τὺ
2755 3773 2758 3776 .
2781 3721 2960 3794 αἴρειν
2998 3721 3100 3793 τὴν
3157 3722 3330 3794 ὀφρὺν
3365 3723 3510 3777 κατὰ
3551 3722 3663 3776 τῶν
3706 3724 3839 3776 ὐπο-

2253 3813 2577 3885 δεεστέρων,
2625 3813 2724 3868 καὶ
2763 3813 3204 3885 προκαθέζεσθαι
3241 3813 3489 3885 σοϐαρῶς
3539 3815 3682 3868 κατὰ
3729 3813 3838 3866 τῶν

2255 3905 2596 3977 ύπερτίμων.
2639 3905 2752 3960 Καὶ
2789 3905 2864 3958 ἐῶ
2893 3904 3076 3973 λέγειν
3110 3905 3240 3973 περὶ
3273 3903 3384 3957 τῶν
3413 3903 3837 3974 διαμαχομένων

2258 3998 2350 4053 ίσα
2377 3997 2606 4052 καὶτῶν
2637 3998 2934 4052 δικανικῶν
2963 3997 3106 4069 ὑπὲρ
3130 3997 3240 4051 τῶν
3269 3995 3662 4066 ἀπολλυμένων
3693 4013 3836 4068 πρα-

2255 4089 2502 4158 γμάτων,
2527 4088 2621 4142 καὶ
2645 4087 2747 4141 οὐκ
2777 4086 3196 4158 ἀνθισταμένων
3229 4085 3372 4156 ὑπὲρ
3398 4083 3510 4138 τῶν
3543 4084 3645 4156 τῆς
3675 4086 3834 4138 εύσα-

2255 4180 2409 4244 ϐείας
2457 4180 2748 4251 δογμάτων
2770 4195 2783 4209 ·
2808 4180 2868 4250 ἢ,
2915 4178 2978 4232 τδ
3016 4177 3152 4231 πολὺ
3192 4178 3375 4248 χεῖρον
3411 4175 3624 4231 τούτων
3645 4216 3664 4241 ,
3707 4177 3835 4248 περὶ

2254 4273 2365 4328 τῶν
2391 4271 2766 4327 ὑποσπῶντων
2788 4270 2884 4325 καὶ
2915 4267 3349 4332 ὑπωπιαζόντων
3378 4267 3446 4321 τὰ
3475 4267 3587 4320 τῶν
3612 4268 3833 4338 ὑποχει-

2259 4365 2412 4436 ρίων,
2425 4364 2536 4418 κάκ
2555 4363 2744 4417 τούτου
2768 4359 3229 4432 συναθροιζόντων
3249 4359 3478 4430 δύναμιν
3497 4359 3598 4413 καὶ
3621 4375 3834 4430 περιου-

2257 4455 2510 4526 σιασμόν.
2546 4448 2641 4518 Οἷς
2669 4455 2778 4524 γάρ
2815 4452 3016 4523 μᾶλλον
3074 4451 3183 4506 ἔδει
3239 4452 3400 4522 χεῖρα
3431 4451 3650 4522 ὀρέγειν
3682 4468 3834 4505 πενο-

2261 4547 2466 4620 μένοις,
2495 4545 2720 4610 τούτους
2749 4543 2896 4598 κατά
2919 4543 3116 4615 μικρὸν
3142 4542 3414 4596 ἐκθλίϐειν
3437 4543 3501 4596 οὗ
3532 4544 3834 4614 παραιτού-

2261 4656 2436 4712 μενοι,
2462 4638 2567 4692 τίνι
2587 4637 3060 4708 όμοιωθήσονται;
3106 4634 3300 4704 Πέτρῳ
3331 4633 3426 4687 καὶ
3467 4633 3690 4704 Ἰωάννῃ
3721 4629 3836 4704 ἆρα

572 4749 660 4794 est
687 4739 866 4794 solum
893 4776 911 4805 ,
953 4745 1017 4790 ut
1049 4735 1182 4805 ipsis
1211 4735 1353 4790 bene
1392 4733 1499 4799 sit,
1549 4740 1836 4803 spectant;
1878 4731 1974 4801 qui
2004 4731 2155 4786 carni

2263 4732 2357 4787 καὶ
2395 4734 2511 4794 τοῖς
2549 4729 2772 4792 ὀπαδοῖς
2806 4726 3017 4781 αὐτῶν·
3051 4721 3155 4788 οἷς,
3205 4724 3395 4794 φησὶν,
3436 4724 3702 4795 ἀργύριον
3740 4727 3836 4778 καὶ

574 4831 868 4898 serviunt,
899 4837 958 4884 et
981 4829 1036 4884 in
1065 4842 1201 4882 auro
1231 4826 1468 4882 deﬁxum
1509 4839 1605 4880 cor
1637 4824 1842 4879 habent
1867 4842 1884 4880 :
1925 4823 2018 4894 qui
2047 4822 2160 4876 for-

578 4935 723 4980 tasse
748 4933 806 4978 et
834 4923 937 4992 ipsi.
969 4920 1311 4985 fenerautur,
1343 4927 1398 4974 et
1433 4915 1504 4972 ad
1539 4931 1761 4973 usuram
1789 4915 1925 4970 dant
1951 4929 2160 4986 paupe-

575 5020 732 5074 ribus
756 5057 773 5084 ,
795 5017 890 5088 qui
925 5017 1069 5072 bona
1108 5015 1178 5070 ad
1231 5014 1482 5085 proprias
1517 5013 1848 5084 cupiditates
1882 5010 2186 5073 retinent,.

577 5121 744 5180 atque
787 5108 1027 5180 indignis
1067 5122 1136 5162 ex
1191 5107 1388 5162 vitioso
1424 5105 1659 5170 ell‘ectu,
1706 5104 1796 5160 vel
1837 5099 2162 5173 propinquis

579 5205 697 5260 suis
728 5210 978 5275 erogant.
1011 5200 1255 5267 Quorum
1285 5214 1416 5255 cura
1443 5197 1624 5253 omnis
1660 5198 1718 5252 in
1748 5210 1819 5252 eo
1849 5195 2036 5251 forsan
2075 5201 2161 5249 est

579 5298 777 5370 posita,
803 5305 862 5352 ut
889 5295 1058 5352 multa
1088 5302 1274 5351 serant
1299 5301 1637 5362 metamque,
1660 5299 1723 5346 ut
1747 5287 1984 5360 plurima
2001 5287 2160 5358 plan-

581 5397 701 5448 tent
725 5397 783 5444 et
811 5387 1089 5460 colligant,
1112 5395 1173 5441 ut
1198 5391 1436 5456 augeant
1467 5394 1525 5436 et
1544 5379 1883 5450 ampliﬁcent
1910 5385 2158 5434 armenta

583 5491 747 5552 atque
778 5495 1000 5552 greges:
1037 5487 1296 5549 tanquam
1327 5473 1578 5546 agricola:
1616 5471 1875 5543 quidam,
1915 5478 2161 5539 tempora

584 5575 958 5641 observantes,
992 5580 1048 5628 et
1070 5571 1282 5626 lucrum
1317 5582 1383 5623 ex
1404 5565 1547 5638 vulgi
1576 5563 1804 5636 penuria
1836 5569 2154 5632 captantes,

658 5751 703 5781 '“
737 5750 912 5804 Ezcch
969 5764 1131 5802 xxxiv
1158 5789 1171 5813 ,
1208 5747 1262 5802 4.

2259 4823 2485 4896 χρυσίον
2526 4821 2628 4892 οὐχ
2675 4820 2944 4890 ὑπῆρχεν,
2993 4817 3110 4870 ἀλλ’
3145 4819 3181 4888 ή
3209 4816 3302 4870 τοῦ
3341 4815 3491 4869 θείου
3521 4817 3838 4886 Πνεύματος

2263 4915 2462 4986 χάρις;
2496 4913 2530 4984 ῆ
2566 4912 2774 4983 Σίμωνι
2815 4909 2896 4980 τῷ
2927 4909 3103 4979 Μάγῳ
3143 4908 3238 4962 καὶ
3273 4906 3448 4978 Ἰούδᾳ
3470 4908 3551 4978 τῷ
3587 4907 3837 4980 προδότῃ,

2261 5005 2358 5062 καὶ
2391 5003 2556 5076 Γιεζῇ
2583 5003 2660 5075 τῷ
2689 5001 3037 5074 φιλαργύρῳ,
3067 5000 3163 5054 καὶ
3193 5001 3306 5062 τοῖς
3329 4999 3542 5062 λοιποῖς
3569 4998 3840 5060 πλουσίοις

2259 5097 2356 5151 τοῦ
2383 5095 2580 5159 αἰῶνος
2603 5093 2797 5148 τούτου
2821 5111 2838 5160 ;
2882 5089 3140 5145 Ἐκείνων
3167 5090 3226 5143 δέ
3249 5088 3414 5158 λέγω,
3446 5087 3558 5143 τῶν
3579 5089 3640 5142 τὸ
3667 5086 3840 5156 παρὸν

2268 5187 2430 5259 μόνον
2456 5187 2605 5248 ὅπως
2635 5184 2822 5246 αὐτοῖς
2871 5177 2932 5236 εὖ
2981 5181 3096 5248 ἐξει
3128 5180 3499 5245 σκοπούντων,
3531 5181 3624 5234 καὶ
3663 5179 3842 5249 σάρκα

2266 5277 2706 5352 θεραπευόντων,
2731 5275 2827 5328 καὶ
2849 5273 2925 5344 τῷ
2955 5271 3140 5344 χρυσῷ
3169 5275 3236 5344 τῇ
3262 5271 3460 5343 καρδίᾳ
3483 5267 3842 5343 προστιθεμέ-

2265 5390 2394 5437 νων,
2426 5370 2520 5425 καὶ
2550 5368 2757 5423 τούτων
2791 5368 2924 5428 ίσως
2947 5364 3296 5429 τοκιζόντων,
3324 5363 3357 5435 ἢ
3390 5364 3485 5417 ἐπὶ
3520 5359 3845 5430 πλεονασμῷ

2266 5460 2663 5530 διανειμάντων
2692 5461 2807 5522 τοῖς
2837 5456 3066 5520 ἐνδεέσι,
3093 5456 3191 5510 καὶ
3219 5454 3356 5526 πρὸς
3381 5454 3451 5509 τά
3480 5455 3654 5508 οἰκεῖα
3681 5449 3844 5520 θελή-

2272 5574 2420 5630 ματα
2480 5550 3001 5626 κατακρατούντων,
3056 5549 3151 5604 καὶ
3206 5546 3540 5622 προσπαθῶς
3580 5545 3688 5609 τοῖς
3743 5545 3845 5596 οὐκ
