4044 6366
238 343 347 407 949

1470 352 2009 414 EPISTOLARUM
2038 353 2183 414 LIB.
2223 354 2275 413 Ι.

3396 362 3499 424 950

235 459 433 524 ἀξίοις,
466 456 499 527 ἢ
529 458 643 521 τοῖς
669 457 1060 528 ἀγχιστεύουσι
1089 460 1407 531 χρωμένων.
1440 463 1651 527 Οἴτινες
1704 465 1815 535 ὃληι

1935 476 1994 521 ιιι
2039 466 2157 520 haec
2197 474 2254 519 et
2304 464 2393 519 illa
2434 463 2672 519 vendant
2709 466 2794 520 vel
2834 476 3055 532 emant,
3103 466 3502 537 negotiatorum

235 547 500 624 φροντίδα
523 549 824 621 κέκτηνται
862 550 1005 619 τάχα
1037 552 1132 604 ἐπὶ
1158 551 1255 606 τοῦ
1286 555 1505 624 σπεῖραι
1530 555 1701 610 πολλά
1728 559 1822 611 καὶ

239 642 356 713 ἁμή
368 622 586 707 σασθαι,
613 643 705 695 καί⁵
732 642 827 695 ἐπὶ
852 641 947 696 τοῦ
982 643 1249 712 φυτεῦσαι
1279 622 1518 698 τοσαύτα
1552 646 1648 699 καὶ
1680 664 1819 720 καρ-

238 732 549 798 πώσασθαι,
583 734 679 787 καὶ
727 735 822 787 ἐπὶ
873 733 969 788 τοῦ
1033 736 1353 806 προσθεῖναι
1405 739 1501 791 καὶ
1550 738 1821 810 πληθύναι

240 825 499 897 βουκόλια
522 824 556 895 ἢ
589 825 818 895 ποίμνια
838 840 853 854 ·
883 824 1073 897 ὥσπερ
1097 825 1243 889 τινὲς
1271 827 1512 899 γεωργοὶ
1532 845 1824 901 καιροσκο-

240 917 470 981 ποῦντες
497 918 589 971 καλ⁷
614 918 1274 988 καταπραγματευόμενοι
1305 918 1404 982 τάς
1444 919 1653 981 ἐνδείας
1680 919 1821 991 πρὸς

238 1013 302 1066 τὸ
327 1011 526 1065 πωλεῖν
552 1011 647 1063 καὶ
671 1010 963 1082 ἀγοράζειν
986 1009 1161 1064 ταῦτα
1191 1012 1286 1065 καὶ
1310 1012 1494 1067 ἐκεῖνα
1509 1054 1523 1079 ,
1560 1030 1821 1085 πραγμα-

239 1104 507 1167 τευτικῶς
545 1103 640 1156 καὶ¹
679 1102 995 1172 ἐμπορικῶς
1029 1104 1195 1157 οίονεὶ
1230 1105 1661 1177 πολιτευόμενοι,
1702 1106 1819 1161 ἀλλ’

239 1197 342 1250 οὐκ
374 1195 747 1259 ἐπισκοπικῶς
776 1195 873 1248 καὶ
909 1196 1222 1267 ίερατικῶςο
1248 1199 1386 1270 πρὸς
1406 1198 1468 1253 τδ
1496 1200 1659 1271 μόνον
1687 1217 1821 1254 πτε-

244 1289 420 1361 ρῶσαι
451 1287 630 1359 ψυχὴν
665 1288 758 1341 καὶ
795 1287 1040 1358 ἁρπάσαι
1083 1289 1292 1360 κόσμου
1328 1293 1424 1345 καὶ
1462 1291 1646 1346 δοῦναι
1674 1291 1816 1364 Θεῷ,

240 1384 337 1439 καὶ
365 1382 487 1437 ὅλον
521 1383 581 1436 τὸ
608 1381 860 1453 ποίμνιον
884 1381 1252 1437 διασώσασθαι
1282 1386 1346 1438 ἐκ
1372 1385 1604 1440 θανάτου
1635 1386 1817 1457 ἀμαρ-

237 1477 392 1541 τίας,
428 1474 525 1528 καὶ
557 1472 732 1536 οὕτως
760 1472 902 1529 κατά
930 1473 1181 1545 δεύτερον
1214 1474 1374 1543 λόγον
1407 1477 1502 1531 καὶ
1526 1475 1595 1529 τά
1627 1478 1819 1547 ἐπιτή-

1921 557 2102 627 potius
2132 566 2605 625 mercatorumque
2638 556 2747 611 ritu
2775 556 3048 623 viventes,
3081 574 3244 628 quam
3267 568 3349 626 ut,
3384 564 3503 630 epi-

1921 664 2208 719 sc0porum
2241 657 2297 703 et
2324 649 2665 705 sacerdotum
2698 664 2872 714 more,
2903 651 3114 705 animas
3149 659 3366 707 tantum
3398 668 3501 707 ex-

1920 742 2127 807 citent,
2157 742 2471 812 mundoque
2507 750 2724 811 ereptas
2768 741 2999 797 reddant
3040 743 3186 811 Deo,
3229 754 3286 799 et
3327 754 3502 801 totum

1924 850 2145 906 gregem
2189 850 2219 888 a
2264 834 2474 904 peccati
2519 842 2695 889 morte
2732 833 3058 890 vindicent:
3099 843 3215 889 tum
3259 836 3505 892 secundo

1921 925 2117 981 deinde
2137 924 2261 979 loco
2295 924 2601 981 necessaria
2626 924 2750 979 vita
2777 925 2943 996 hujus
2970 925 3213 981 subsidia
3245 942 3341 997 per
3364 942 3507 983 (eco-

1920 1028 2113 1068 nomos
2128 1022 2615 1084 procuratoresque
2640 1015 3003 1083 suppeditent.
3027 1014 3133 1070 Sed
3151 1015 3256 1070 heu
3275 1018 3391 1070 me!
3410 1014 3505 1085 qui

1921 1106 2056 1160 mihi
2083 1106 2185 1176 ipsi
2205 1090 2321 1161 haec
2344 1121 2527 1171 narro,
2546 1120 2612 1160 ex
2638 1106 2879 1177 propriis
2905 1107 3053 1161 vitiis
3075 1122 3138 1162 ea
3153 1122 3274 1176 qua
3303 1106 3358 1161 in
3386 1107 3507 1161 aliis

1920 1213 2030 1252 non
2070 1205 2199 1251 sunt
2228 1196 2563 1251 describens.
2590 1197 2672 1250 Tu
2710 1211 2861 1262 vero,
2896 1196 3276 1252 colendissime
3314 1195 3502 1261 Pater,

1919 1304 2044 1345 cum
2074 1289 2329 1345 omnibus
2360 1288 2450 1343 his
2476 1303 2682 1353 careas,
2711 1289 2880 1344 sacris
2908 1289 3161 1359 precibus
3196 1289 3505 1359 spirituales

1920 1380 2076 1450 lupos
2101 1396 2131 1434 a
2162 1380 2331 1451 septis
2368 1380 2477 1436 tuis
2502 1379 2703 1435 Christi
2734 1381 2935 1436 annulo
2961 1382 3259 1454 obsignatis
3278 1382 3504 1453 expelle.

1924 1471 1992 1527 Et
2031 1473 2253 1542 quidem
2307 1473 2411 1528 hoc
2447 1472 2595 1543 agis,
2648 1486 2752 1527 nec
2788 1487 2877 1527 me
2909 1473 3079 1539 latet,
3126 1474 3418 1543 educisque
3448 1474 3505 1529 in

236 1566 356 1618 δεια
390 1564 490 1635 τῆς
531 1562 814 1635 παρούσης
852 1562 996 1634 ζωῆς
1031 1562 1099 1616 δι’
1128 1563 1425 1633 οἰκονόμων
1471 1564 1565 1618 καὶ
1598 1565 1815 1633 ἐπιτρό-

1922 1578 2145 1633 campos
2166 1563 2449 1628 virtutum,
2480 1578 2710 1634 pascens
2740 1573 2797 1619 et
2819 1563 3166 1636 impinguans
3188 1566 3358 1620 herba
3383 1582 3506 1629 sua-

240 1672 361 1708 πων
408 1651 750 1724 πορίζεσθαι.
793 1652 936 1706 Ἀλλ’
970 1653 1093 1705 οὐαί
1135 1670 1246 1724 μοι,
1277 1654 1360 1707 ὅτι
1391 1654 1615 1725 ἐμαυτῷ
1643 1653 1815 1709 ταῦτα

1918 1656 2002 1711 vis
2072 1656 2336 1711 doctrinae
2395 1665 2541 1719 tuae,
2582 1665 2637 1710 et
2698 1672 2835 1725 aqua
2888 1658 3117 1713 sincera:
3172 1658 3296 1713 ﬁdei
3337 1668 3442 1714 tua:
3489 1677 3502 1712 :

238 1744 527 1809 κατέλεξα,
568 1745 633 1797 ἐκ
668 1742 780 1797 τῶν
820 1743 1039 1796 οἰκείων
1075 1743 1266 1797 παθῶν
1307 1745 1377 1799 τὰ
1411 1745 1511 1798 οὐκ
1540 1746 1668 1801 ὄντα
1704 1750 1815 1812 τοῖς

1920 1746 2249 1816 assidueque
2270 1745 2437 1801 oll‘ers
2463 1748 2827 1816 acceptabiles
2852 1748 3077 1815 hostias,
3104 1765 3202 1821 per
3219 1750 3508 1805 rationales

236 1839 420 1901 ἀλλοις
445 1836 903 1909 διαγραφόμενος.
937 1836 1010 1889 Σὺ
1037 1836 1116 1900 δὲ,
1144 1830 1189 1889 ῶ
1216 1837 1591 1910 πανσεΜσμιε
1617 1841 1815 1911 Πάτερ,

1928 1845 1985 1891 et
2012 1842 2360 1889 consecratos
2385 1832 2497 1890 Deo
2529 1833 2727 1890 cultus.
2756 1836 2900 1901 Quin
2930 1838 3339 1907 precationibus
3370 1854 3509 1908 pra:-

238 1928 486 1999 καθαρδς
530 1926 608 1981 ῶν
657 1927 766 1981 ἀπὸ
807 1926 918 1980 τῶν
944 1928 1226 1995 τοιούτων,
1264 1931 1387 1993 ταῖς
1420 1931 1594 2001 ἱεραῖς
1637 1932 1815 2001 εὐχαῖς

1932 1933 2161 1979 vertens
2183 1963 2200 1990 ,
2245 1938 2408 1994 pasce
2438 1939 2526 1978 me
2559 1939 2773 1994 quoque
2806 1925 2951 1982 vitiis
2987 1927 3333 1997 peccatisque
3360 1928 3509 1982 obsi-

237 2023 369 2084 τοὺς
402 2021 626 2091 νοητοὺς
647 2020 847 2084 λύκους
869 2021 1203 2090 ἀποσοόοίης
1231 2023 1296 2075 ἐκ
1320 2022 1421 2093 τῆς
1441 2025 1815 2095 Χριστοσφρα-

1935 2026 2050 2071 tum
2076 2057 2092 2082 ,
2134 2029 2230 2070 oro
2259 2022 2315 2071 et
2351 2015 2633 2081 obtestor;
2687 2025 2743 2072 et
2781 2016 3019 2088 ignosce,
3044 2018 3088 2074 si
3120 2019 3215 2073 tibi
3239 2020 3408 2074 risum
3440 2036 3505 2075 ex

239 2111 433 2178 γίστου
459 2108 739 2173 ἐπαύλεώς
769 2126 886 2163 σου.
908 2109 984 2163 Εὖ
1005 2105 1100 2164 οἷδ’
1124 2110 1209 2164 ὅτι
1233 2111 1326 2163 καὶ
1360 2112 1510 2164 ταῦτ’
1532 2112 1707 2181 ἄγοις,
1736 2113 1815 2167 καπ

1935 2108 2203 2178 imperitia
2228 2123 2347 2162 mea
2375 2107 2541 2162 movi.
2573 2107 2692 2162 Non
2720 2110 2867 2164 enim
2895 2126 3015 2165 mea
3056 2121 3274 2183 sponte,
3298 2114 3393 2169 sed
3418 2130 3509 2171 co-

237 2202 511 2270 διεξάγοις
556 2203 637 2265 είς
675 2200 743 2255 τά
771 2201 949 2272 χωρία
981 2201 1090 2255 τῶν
1120 2201 1355 2273 ἀρετῶν,
1410 2202 1695 2274 ἐκτρέφων
1729 2204 1815 2257 καΊ

1936 2210 2091 2255 actus
2113 2214 2266 2255 sacra
2289 2209 2343 2254 et
2359 2200 2625 2269 spirituali
2643 2200 2908 2257 charitate
2925 2204 3507 2276 tua,velpotiusimpe-

237 2294 503 2347 λιπαίνων
530 2295 597 2364 τῇ
626 2292 734 2363 πόα
767 2291 867 2361 τῆς
893 2290 1167 2362 ἐμμελοῦς
1201 2308 1298 2343 σου
1325 2292 1698 2358 διδασκαλίας,
1729 2292 1815 2347 κα]

1924 2291 2030 2354 rio,
2057 2291 2166 2345 huc
2198 2290 2477 2358 descendi,
2498 2305 2610 2345 non
2641 2292 2707 2347 ad
2737 2291 3185 2350 utilitatemtuam
3210 2297 3507 2367 quidquam

239 2386 321 2456 τῷ
351 2386 502 2439 ὕδατι
548 2387 651 2456 τῆς
695 2382 942 2455 καθαρᾶς
977 2383 1217 2447 πίστεώς
1255 2400 1349 2436 σου
1370 2400 1383 2413 ·
1441 2384 1535 2438 καὶ⁸
1563 2384 1815 2438 ἑκάστοτε

1923 2381 2120 2436 ell'atus
2143 2420 2159 2445 ,
2193 2379 2289 2435 sed
2314 2379 2383 2434 ad
2416 2380 2695 2449 specimen
2716 2421 2731 2447 ,
2756 2389 2817 2437 ut
2837 2382 2946 2439 dixi
2970 2426 2987 2452 ,
3013 2384 3241 2441 sincera:
3278 2401 3403 2458 erga
3452 2394 3508 2441 te

239 2478 545 2546 προσάγοις
577 2476 795 2545 θύματα
821 2476 993 2528 δεκτά
1016 2476 1140 2538 ταῖς
1173 2475 1421 2541 λογικαϊς
1443 2492 1537 2529 σου
1561 2476 1653 2529 καὶ
1676 2477 1815 2544 ἠγνι·

1922 2469 2271 2527 obedientiae.
2306 2467 2439 2524 Vale
2476 2469 2533 2523 in
2566 2468 2796 2527 Domino
2844 2488 2945 2542 pro
2989 2475 3151 2531 nobis
3183 2492 3348 2532 orans
3372 2517 3387 2541 ,
3411 2478 3507 2548 qui

243 2570 473 2638 σμέναις
511 2566 587 2638 τῷ
630 2565 752 2636 Θεῷ
801 2566 1113 2636 λατρείαις*
1167 2565 1305 2619 ἀλλά
1353 2568 1474 2629 ταῖς
1515 2567 1815 2637 ἱκετηρίαις

1923 2563 2020 2617 soli
2046 2568 2359 2631 peccatores
2377 2575 2589 2626 sumus,
2607 2559 2771 2617 Pater
2790 2565 2845 2618 in
2870 2566 3125 2623 omnibus
3138 2568 3504 2624 sanctissime.

240 2659 593 2733 προφθάνων,
624 2654 935 2726 ποιμαίνοις
970 2656 1118 2726 κάμέ
1152 2657 1244 2710 τὸν
1280 2656 1727 2727 τληπαθέστατον
1775 2656 1872 2709 καὶ
1909 2652 2388 2723 πολυαμάρτητον,
2416 2650 2609 2723 δέομαι
2640 2654 2739 2709 καὶ
2786 2656 3071 2723 ἀντιϐολῶ,
3107 2659 3204 2713 καὶ
3232 2659 3507 2729 σύγγνωθι

241 2758 298 2813 ετ
332 2774 386 2810 τι
436 2753 665 2823 ῶφλησα
714 2751 929 2820 γέλωτά
986 2768 1068 2805 σοι
1122 2750 1363 2822 ἀμαθίας
1418 2768 1542 2822 μου.
1587 2750 1735 2822 Πλὴν
1775 2750 1858 2803 ὅτι
1913 2748 2015 2819 οὐχ
2056 2746 2220 2812 ἐκὼν,
2270 2745 2383 2801 ἀλλ’
2414 2746 2726 2812 ἐκϐιασθεὶς
2774 2749 2882 2804 ύπδ
2919 2753 3020 2823 τῆς
3074 2755 3223 2823 ίερᾶς
3265 2771 3361 2810 σου
3411 2759 3506 2810 καὶ

239 2845 624 2919 πνευματικῆς
680 2843 943 2914 ἀγάπης,
1012 2843 1213 2913 μᾶλλον
1262 2843 1320 2897 δέ
1366 2844 1691 2908 κελεύσεως,
1739 2842 1962 2912 καθῆκα
2015 2839 2256 2911 ἐμαυτὸν
2307 2838 2389 2902 είς
2440 2837 2620 2893 τοῦτο.
2677 2840 2753 2895 Ob
2809 2844 2947 2915 πρὸς
2999 2844 3188 2916 ὄνησίν
3228 2848 3324 2900 σού
3381 2865 3506 2902 τινα

238 2940 620 3011 φθεγξάμενος
644 2954 659 2969 ·
693 2934 834 2992 ἀλλά
876 2936 1016 3008 πρὸς
1051 2932 1300 2998 ἔνδειξιν,
1342 2933 1417 2998 ώς
1449 2936 1690 3007 εῐρηται,
1728 2932 1980 3001 ὑπακοῆς
2011 2929 2376 3001 ἀνυποκρίτου
2413 2943 2531 2981 σου.
2567 2928 2821 3003 Ἔρρωσο
2853 2934 2911 2987 ἐν
2950 2934 3162 3006 κυρίῳ,
3205 2937 3508 3009 ὑπερευχό-

240 3051 409 3107 μενος
477 3032 633 3104 ἡμῶν
685 3032 795 3087 τῶν
859 3031 1036 3102 μόνων
1087 3028 1452 3102 ἁμαρτωλῶν,
1504 3028 1574 3083 τά
1601 3028 1779 3084 πάντα
1816 3023 2083 3081 ὁσιώτατε
2119 3022 2326 3097 Πάτερ.

485 3192 586 3247 IB'.
615 3222 688 3233 —
714 3188 886 3260 Θωμᾷ
908 3188 1221 3253 δισυπὰτῳ
1250 3188 1386 3261 (l5).
1439 3185 1603 3261 [κζ’.]

314 3328 451 3382 Ποία
476 3325 802 3398 πρόσρησις,
834 3324 868 3397 ἢ
909 3323 994 3388 τίς
1033 3323 1193 3393 λόγος
1222 3322 1621 3394 παρακλήσεως
1660 3320 1820 3392 εὐρε-

236 3421 364 3488 θείη
395 3417 531 3489 πρὸς
560 3416 717 3487 ἡμῶν
748 3414 858 3469 τῶν
890 3414 1162 3469 ταπεινῶν
1186 3417 1252 3485 τῇ
1278 3416 1344 3485 σῇ
1375 3413 1657 3483 κυριότητι
1686 3412 1821 3484 πρὸς

235 3509 310 3563 τά
344 3509 531 3561 ἐνόντα
566 3508 705 3577 αὐτῇ
730 3505 974 3577 λυπηρά,
1005 3499 1051 3559 ὦ
1080 3504 1351 3570 δεσπότας
1389 3503 1688 3575 Ἐξενώθης
1720 3503 1819 3573 τῆς

235 3599 613 3669 ἐνεγκαμένης
646 3615 705 3650 σε
734 3600 829 3651 καὶ
853 3596 1135 3667 θρεψάσης
1164 3596 1375 3660 πόλεως
1393 3611 1408 3627 '
1441 3593 1822 3666 ἀπεστερήθης

233 3694 344 3763 τῆς
392 3690 654 3763 μεγίστης
704 3689 924 3752 ἑστίας·
967 3687 1372 3759 ἀπεγυμνώθης
1411 3687 1513 3757 τῆς
1559 3686 1821 3755 λαμπρᾶς

232 3785 419 3849 ἀξίας,
457 3782 751 3854 προσθήσω
766 3782 844 3845 δέ,
877 3779 971 3833 καὶ
998 3782 1098 3849 τῆς
1138 3778 1425 3848 ὑπάρξεως
1448 3793 1461 3807 °
1496 3775 1820 3845 ἀποδιέστης

224 3878 352 3930 ’τῶν
380 3875 568 3944 φίλων,
595 3874 706 3927 τῶν
735 3872 999 3943 συνήθων,
1034 3871 1144 3924 τῶν
1167 3870 1438 3940 φιλτάτων
1468 3886 1561 3922 σου
1587 3869 1815 3921 τέκνωνο

234 3969 347 4020 ύπε
359 3965 627 4038 ρωρίσθης
656 3958 759 4019 ὧδε
786 3965 1010 4017 κάκεῖσε
1032 3979 1045 3993 ⁸
1091 3961 1161 4015 τά
1184 3962 1240 4015 δὲ
1263 3962 1362 4032 τῆς
1388 3960 1683 4032 ὑπερορίας
1716 3959 1817 4012 ὅσα

233 4060 321 4120 είς
365 4058 734 4111 κακοπάθειαν
761 4055 841 4127 τῷ
874 4054 1028 4126 ἀήθει
1057 4070 1153 4107 σου
1189 4051 1425 4123 σώματι,
1466 4050 1644 4105 ἔνδεια
1677 4050 1817 4121 βρω-

234 4151 453 4221 μάτων,
478 4150 760 4220 πομάτων,
788 4142 1052 4217 λούτρων,
1090 4144 1296 4216 ἐρημία
1338 4141 1692 4214 ὁμιλούντων,
1724 4141 1816 4193 εὐ·-

232 4242 409 4311 πορία
429 4239 1031 4313 προσεπεμϐαινόντων,
1066 4235 1583 4309 προσπλησσόντων.
1616 4234 1678 4289 Οί
1709 4233 1817 4305 γάρ

230 4350 373 4387 ποτε
416 4333 757 4403 εὐγνώμονες
792 4330 886 4384 νῦν
918 4330 1049 4393 ἴσως
1089 4326 1425 4397 ἀγνώμονες,
1460 4325 1553 4379 καὶ
1589 4326 1638 4377 οί
1669 4326 1816 4395 φίλοι

229 4428 333 4481 καὶ
363 4423 632 4494 γνώριμοι
660 4422 1051 4491 τετράφθωσαν
1077 4418 1147 4472 τὰ
1175 4418 1467 4490 πρόσωπα,
1509 4417 1543 4490 ἢ
1583 4416 1814 4486 ἐγγύθεν

1844 3155 1888 3212 C
2081 3266 2095 3280 .
2279 3185 2397 3242 XII.
2426 3187 2630 3243 Thema
2659 3185 2734 3242 bis
2760 3186 2960 3243 consuli
2986 3187 3151 3260 (15⁸).

1992 3319 2182 3386 Qualis
2210 3320 2591 3390 compellatio,
2634 3331 2730 3377 aut
2772 3322 3081 3393 cuiusmodi
3111 3324 3505 3381 consolationis

1925 3425 2032 3466 vox
2072 3410 2205 3477 tibi,
2268 3410 2522 3477 domine,
2579 3412 2648 3468 ab
2704 3413 3003 3469 humilibus
3059 3414 3219 3469 nobis
3269 3414 3504 3471 inveniri

1922 3507 2106 3570 queat,
2131 3500 2200 3555 ad
2223 3500 2404 3555 tristia
2431 3500 2548 3557 haec
2579 3502 2721 3556 mala
2742 3519 2863 3573 quae
2888 3502 3155 3559 sustines?
3186 3504 3423 3560 Exactus
3443 3520 3504 3561 es

1922 3607 1952 3646 a
1986 3591 2207 3647 civitate
2247 3608 2371 3662 quas
2401 3601 2456 3648 te
2499 3594 2689 3666 genuit
2721 3604 2779 3651 et
2831 3596 3122 3662 educavit;
3165 3597 3411 3668 privatus
3440 3614 3503 3654 es

1922 3683 2257 3754 amplissima
2294 3684 2493 3751 domo;
2540 3686 2805 3756 spoliatus
2842 3702 2901 3743 es
2952 3688 3150 3744 illustri
3197 3689 3499 3761 dignitate,

1920 3774 2115 3830 addam
2150 3776 2316 3831 etiam
2338 3817 2353 3841 ,
2380 3777 2656 3848 opulentia
2684 3796 2699 3846 ;
2733 3790 3048 3851 segregatus
3078 3797 3137 3837 es
3173 3783 3242 3838 ab
3272 3783 3498 3849 amicis,

1918 3884 1950 3923 a
1979 3868 2358 3935 familiaribus,
2381 3885 2412 3925 a
2441 3869 2777 3927 charissimis
2828 3872 3015 3928 liberis
3056 3873 3186 3938 tuis,
3216 3875 3370 3931 exsul
3393 3876 3500 3930 huc

1918 3962 2047 4016 illuc
2075 3960 2286 4017 delatus
2312 3978 2406 4018 es:
2435 3963 2490 4018 in
2512 3964 2702 4019 exsilio
2726 3972 2909 4020 autem
2934 3965 3071 4020 nihil
3094 3980 3205 4020 non
3233 3967 3301 4022 ad
3329 3982 3499 4022 vexa-

1920 4054 2128 4109 tionem
2167 4064 2542 4125 comparatum
2579 4056 2793 4126 corpori
2846 4065 2941 4113 tuo
2980 4057 3207 4113 minime
3241 4066 3495 4126 assueto,

1917 4145 2147 4215 penuria
2179 4145 2317 4211 eihi,
2348 4154 2529 4215 potus.
2559 4138 2907 4214 balneorum,
2937 4148 3175 4204 solitudo
3206 4149 3495 4220 sodalium,

1917 4233 2222 4304 frequentia
2254 4234 2615 4302 irruentium,
2650 4237 3053 4293 insultantium.
3086 4238 3189 4305 Qui
3218 4239 3366 4295 enim
3410 4240 3499 4295 be-

1915 4326 2096 4381 nevoli
2130 4326 2262 4381 olim
2290 4336 2467 4391 erant,
2502 4343 2649 4383 nunc
2680 4327 2820 4384 forte
2854 4328 3037 4385 infesti
3065 4348 3079 4397 ;
3117 4340 3173 4386 et
3212 4330 3305 4404 qui
3331 4331 3497 4391 amici

1916 4417 2163 4487 notique,
2204 4428 2523 4474 averterunt
2578 4420 2743 4475 facies
2771 4436 2938 4487 suas,
2987 4432 3081 4478 aut
3135 4424 3359 4496 propius
3399 4435 3495 4482 aut

228 4519 264 4589 ἢ
297 4515 578 4587 μακρόθεν
617 4514 766 4579 ὅντες
796 4514 906 4569 ἀπὸ
929 4511 1022 4566 τοῦ
1055 4510 1346 4582 γνωρίζειν
1390 4510 1483 4564 καὶ
1511 4510 1687 4580 φιλεῖν
1717 4509 1812 4563 καὶ

1917 4507 2128 4579 longius
2153 4507 2338 4578 positi,
2368 4524 2439 4564 ne
2467 4519 2766 4581 agnoscant
2785 4550 2801 4577 ,
2835 4512 2921 4567 vel
2948 4523 3175 4580 ament,
3218 4524 3275 4571 et
3305 4529 3492 4571 curam

229 4606 516 4679 κήδεσθαι.

301 4720 533 4790 Φροντὶς
605 4718 698 4771 ἐπὶ
748 4715 962 4779 τούτοις
1038 4713 1149 4767 τῶν
1207 4712 1288 4767 ἔτι
1342 4714 1810 4785 ἐπιλελειμμένων

230 4814 346 4881 ύπη
360 4809 530 4881 ρετῶν
551 4809 775 4874 δούλων,
806 4810 902 4861 καὶ
918 4806 1026 4878 πρό
1046 4822 1110 4874 γε
1141 4804 1348 4859 τούτων
1370 4804 1478 4858 τῶν
1505 4804 1809 4860 καλλίστων

1918 4608 2128 4670 gerant.

1986 4716 2070 4770 Ad
2104 4717 2221 4771 haec
2247 4716 2550 4773 sollicitudo
2577 4732 2769 4773 eorum
2801 4719 2892 4792 qui
2923 4719 3103 4776 adhuc
3132 4729 3358 4785 restant,
3408 4721 3489 4778 la-

1913 4808 2210 4875 mulorum,
2239 4823 2519 4865 servorum
2538 4849 2553 4869 .
2588 4817 2677 4877 et,
2735 4820 2864 4867 ante
2896 4827 3115 4880 omnes,
3147 4814 3488 4886 egregiorum

1748 4998 1985 5055 NOTAE.

267 5142 575 5219 (1ξ)Θῳμᾷ
593 5142 1299 5219 δισυπᾴῃρῖιξιιςοριρριιθξ
1312 5142 1378 5197 ad
1397 5157 1603 5219 annum
1623 5141 1808 5219 εἰλεο-

226 5235 262 5272 n
273 5211 318 5270 Is
332 5211 943 5284 Porpliyrogenn.Méan
958 5211 1214 5284 ἐδδομάδι
1229 5212 1339 5284 τῶν
1357 5212 1626 5284 νηστειῶν
1641 5216 1810 5284 ἐκρα-

226 5235 318 5272 nzs
332 5229 943 5284 I’orpnyrogennmsan
958 5229 1214 5281 εοοομαοι
1229 5229 1339 5266 των
1357 5229 1626 5282 νηστειων
1641 5229 1807 5338 εκῦρα-

224 5288 375 5357 τήθη
400 5285 553 5357 Λέων
584 5300 644 5357 τε
670 5285 763 5336 καὶ
793 5283 999 5357 Eappa;
1041 5280 1500 5357 κουϐικουλάριοι·
1538 5283 1633 5336 καὶ
1661 5301 1690 5335 ο
1725 5300 1807 5335 τοι

228 5350 334 5408 σύν
363 5350 485 5407 ’καὶ
539 5355 746 5422 ἐτέροις
787 5350 1074 5423 εύλάὁέσιν
1098 5350 1385 5423 ἀνδράσιν,
1432 5353 1511 5423 ώς
1566 5369 1808 5423 προσκυ-

224 5425 455 5486 νοῦντες
480 5424 591 5494 Δτάις
619 5421 783 5490 ἀγίας
808 5422 905 5494 καὶ
944 5421 1152 5494 carica;
1182 5421 1425 5494 είκόναςξ
1458 5421 1635 5494 Media
1668 5425 1809 5494 jeju-

223 5498 443 5549 uiorum
466 5488 785 5546 hebdomade
823 5490 924 5544 Leo
952 5501 997 5543 et
1022 5488 1249 5543 Thomas
1294 5491 1628 5556 cubicularii,
1652 5488 1806 5560 quasi

224 5574 520 5643 sanctas-et
552 5563 873 5643 uenerandus
894 5562 1161 5643 imagines
1185 5560 1491 5643 coluissent,
1525 5579 1644 5643 cum
1678 5565 1804 5617 aliis

226 5632 652 5703 religiosisgviris
677 5630 1032 5703 corttpreltensi
1060 5638 1199 5682 sunt.
1232 5630 1366 5684 ltetn
1396 5640 1590 5703 auctor
1625 5634 1805 5703 incerf

223 5701 345 5769 tus,‘
366 5704 461 5772 qui
483 5702 801 5772 Theophani
834 5702 1161 5772 subjunctus
1180 5709 1266 5772 est
1290 5718 1302 5752 :
1329 5715 1456 5769 pag.
1487 5702 1591 5757 HO
1614 5718 1663 5756 c.
1699 5701 1805 5755 Καί

220 5790 309 5837 τις
341 5769 542 5843 eous;
566 5769 855 5842 πατρίκιος
900 5771 1009 5824 ἀπὸ
1039 5769 1355 5823 δισυπάτων
1398 5772 1714 5842 γενόμενος,
1747 5772 1804 5835 ὃς

1913 5140 2034 5224 τότε
2059 5140 2158 5224 τῂν
2202 5142 2533 5224 Ἐκκλησίαν
2569 5145 2881 5224 παρέλαϐεν
2917 5148 3027 5203 ἀπὸ
3062 5150 3167 5224 ,τοῦ
3220 5152 3487 5224 βασιλέως

1912 5211 2220 5296 ἀσφαλίσας
2250 5213 2364 5296 trgi
2391 5211 2573 5294 πύλας
2587 5211 2844 5296 “coimus
2855 5222 3164 5296 ptapxsloo1
3186 5211 3488 5290 ἀπεδίωξεῦ

1911 5281 2129 5347 αὐτοὺς,
2267 5283 2431 5361 δῆθεν
2457 5284 2553 5337 τοῦ
2586 5281 3049 5361 βασιλέωξχωρῖς
3063 5281 3238 5347 ταῦτα
3261 5281 3485 5349 ποιοῧνζ

1909 5368 2043 5432 τας,
2057 5362 2165 5408 etc.
2196 5352 2324 5432 Mox
2344 5352 2595 5432 .Tltomas‘
2610 5355 2824 5432 quitiam
2843 5352 3097 5432 patricius
3110 5362 3190 5416 bis
3211 5368 3489 5432 “consul,

1908 5421 1999 5493 qui
2028 5430 2151 5474 tunc
2173 5424 2306 5476 velut
2338 5421 2670 5491 imperatoris
2685 5421 2853 5493 jussu'
2888 5469 2903 5490 .
2936 5428 3234 5485 Ecclesiam
3291 5421 3476 5487 tutan;

1909 5490 2034 5563 dam
2056 5503 2373 5563 susceperat,
2400 5490 2566 5563 portis
2599 5490 2913 5562 patvriarchii
2940 5501 3165 5553 occlusis
3194 5517 3279 5554 eos
3311 5519 3484 5557 remo-

1905 5561 1976 5613 vit
2001 5560 2138 5614 velut
2169 5563 2332 5636 inscio
2370 5560 2690 5632 imperatore
2713 5565 3016 5621 istiusmodi
3055 5569 3296 5636 facinora
3324 5574 3482 5626 moli-

1905 5640 2170 5752 :pszmetc:
2192 5632 2266 5686 De
2297 5636 2662 5703 appellatione
2682 5635 2918 5705 disypati
2948 5632 3150 5696 videsis
3200 5638 3482 5700 Glossaria

1954 5718 1984 5752 ll
2061 5718 2193 5752 "ml.

1954 5716 2193 5769 ucangtt.

1975 5770 2122 5840 (15";
2160 5772 2556 5829 Consolatoria.
