4044 6366
503 312 602 382 951

1678 323 1738 383 S.
1774 321 2173 384 THEODORI
2215 321 2565 383 STUDITB

3633 309 3748 380 6952

492 426 814 480 liberorum.
845 423 912 483 Et
934 425 1161 486 facultas
1193 443 1306 490 non
1333 430 1596 503 suppetit.
1625 430 1692 488 Et
1721 440 1987 501 praeterea
2007 431 2076 488 ad

2182 433 2408 490 παίδων.
2442 433 2552 488 Καὶ
2607 433 2668 488 τὸ
2719 425 3003 488 δύνασθαί
3035 432 3097 488 οὐ
3155 432 3440 504 πρόσεστι.
3485 433 3600 488 Καὶ
3653 435 3749 490 ιπὶ

490 519 681 573 urbem
716 518 992 586 consides,
1023 520 1200 576 sicut:
1229 521 1311 576 Ad
1337 523 1557 593 ﬂumina
1583 521 1868 592 Babylonis
1895 524 2070 580 abdu-

489 622 612 667 ctus
635 611 911 682 quondam
937 612 991 666 in
1023 613 1272 688 Assyrios
1308 615 1470 672 Israel
1493 655 1509 680 ,
1554 615 1642 670 ubi
1687 617 1936 682 sedimus,
1979 616 2068 671 in-

490 704 706 774 quiunt,
734 713 783 758 et
805 705 1064 774 ﬂeuimus,
1085 707 1212 760 dum
1240 712 1638 761 recordaremur
1655 706 1782 762 Sion
1801 708 1940 763 ³⁸⁸⁵⁸⁵.
1959 706 2066 764 Geo.

491 797 660 850 mitus
687 810 838 866 ergo,
864 803 919 850 et
943 796 1220 862 mmroris,
1257 805 1314 851 et
1333 797 1694 870 lacrymarum
1726 798 1902 868 plenae
1939 806 2072 854 sunt

492 904 582 942 res
605 897 732 946 tute.
773 891 845 944 At
874 903 1006 946 vero
1041 903 1166 943 cum
1193 888 1439 943 scientia:
1464 888 1660 960 gratia,
1683 895 1740 943 et
1767 887 2071 958 prudentia:

493 981 640 1038 dono
667 982 928 1052 praeditus
979 980 1075 1046 sis,
1109 980 1530 1050 haudquaquam
1561 988 1616 1035 te
1644 979 1700 1034 in
1721 979 1806 1034 bis
1839 978 2073 1034 arbitror

493 1075 714 1150 penitus
755 1061 1046 1128 concidere
1075 1089 1088 1124 :
1120 1071 1324 1142 quippe
1363 1071 1456 1142 qui
1499 1085 1612 1126 non
1656 1070 1876 1142 ignores
1905 1068 2072 1124 vitam

493 1162 732 1216 hominis
756 1160 1004 1216 militiam
1044 1173 1189 1220 esse,
1221 1160 1380 1231 juxta
1405 1159 1691 1216 clarissimi
1718 1159 1820 1214 Job
1849 1167 2072 1214 senten-

496 1253 627 1310 tiam
659 1253 730 1318 υ,
782 1252 876 1322 qui
909 1258 1113 1322 quanta
1143 1266 1441 1322 perpessus
1482 1255 1554 1307 sit
1576 1292 1594 1319 ,
1658 1249 2074 1322 intelligentiam

493 1352 643 1398 tuam
668 1357 776 1398 non
803 1341 975 1407 fallit;
1005 1343 1082 1396 uti
1103 1356 1206 1398 nec
1235 1341 1336 1396 alia
1363 1341 1542 1396 omnis
1565 1341 1886 1397 iustabilitas
1913 1340 2078 1410 hujus

493 1435 642 1500 vitae,
679 1435 839 1489 aliter
862 1444 1026 1503 atque
1059 1434 1218 1490 aliter
1240 1433 1296 1490 in
1321 1435 1440 1490 dies
1468 1433 1638 1490 ferme
1668 1447 1860 1488 omnes
1887 1432 2076 1486 horas-

494 1543 602 1597 que
636 1527 918 1582 variantis.
963 1525 1160 1582 Fluxui
1191 1526 1338 1582 enim
1375 1535 1432 1584 et
1466 1525 1699 1582 refluxui
1736 1523 1931 1582 similis
1973 1531 2078 1590 est,

496 1629 554 1672 ct
577 1618 824 1683 floribus,
849 1629 904 1672 et
927 1617 1179 1683 somniis,
1213 1618 1446 1689 aliisque
1475 1617 1530 1672 id
1561 1631 1757 1690 genus,
1791 1624 1853 1672 ut
1883 1614 2082 1671 divinat

495 1709 720 1766 Patrum
748 1725 912 1768 voces
947 1709 1307 1764 aiiirmarunt.
1337 1707 1576 1780 Reputct
1607 1709 1755 1764 enim
1783 1709 2081 1764 rationem-

2165 525 2378 589 τούτοις
2409 523 2617 597 καθέζῃ
2650 524 2759 596 πρὸ
2813 523 2908 580 τοῦ
2937 524 3132 588 ἄστεος
3152 563 3168 590 ,
3199 518 3312 578 οἷον
3352 523 3454 580 ἐπί
3475 523 3599 580 τῶν
3631 540 3738 584 εο-

2165 614 2368 685 ταμῶν
2417 612 2771 683 Βαϐυλῶνάς
2829 631 2961 670 ποτε
3018 615 3371 686 ἀπαγόμενος
3419 619 3504 682 εἰς
3542 617 3739 673 ’Δσσυ-

2170 705 2320 774 ρίους
2395 705 2610 777 Ἰσραήλ
2635 721 2650 738 ο
2703 705 2776 760 ἐν
2821 698 2894 774 ᾧ,
2949 705 3152 777 φησιν,
3201 707 3593 778 dicamcap",
3641 709 3744 765 καὶ

2167 795 2558 867 ἐκλαύσαμεν
2601 797 2673 852 ἐν
2711 797 2795 864 τῷ
2828 797 3182 868 μνησθῆναι
3228 797 3388 868 ἡμᾶς
3415 799 3529 869 τῆς
3569 801 3742 856 Σιών.

2169 886 2492 956 Στεναγμοῦ
2535 887 2719 944 τοίνυν
2782 887 2880 942 καὶ
2926 887 3235 959 κατηφείας
3269 888 3368 944 καὶ
3395 888 3652 960 δακρύων
3678 890 3750 944 τά

2171 977 2264 1033 σά.
2312 975 2455 1032 Ἀλλ’
2483 977 2608 1032 ἐπεὶ
2629 977 2891 1050 πρόσεστι
2920 993 3006 1034 σοι
3048 978 3306 1048 γνώσεως
3349 979 3622 1051 χάρισμα,
3654 982 3753 1037 καὶ

2173 1069 2488 1141 φρονήσεως
2543 1067 2814 1141 δώρημαο
2845 1069 2909 1123 ού
2960 1069 3181 1135 πάντως
3233 1071 3609 1128 καταπίπτειν
3645 1075 3754 1128 οἰό·

2177 1158 2323 1230 μεθά
2353 1175 2415 1214 σε
2449 1161 2508 1214 ὲν
2541 1159 2754 1224 τούτοις
2779 1176 2795 1194 ο
2831 1159 3010 1215 εἰδότα
3039 1161 3124 1214 ὅτι
3175 1163 3535 1235 πειρατήριον
3563 1165 3594 1218 6
3637 1163 3754 1234 βίος

2174 1250 2487 1322 ἀνθρώπου,
2517 1251 2663 1308 κατά
2684 1251 2778 1305 τὸν
2807 1251 3054 1323 ἀοίδιμον
3097 1251 3311 1320 Ἰὼ6,δς
3340 1255 3445 1309 ὅσα
3476 1255 3754 1310 πέπονθεν

2175 1341 2275 1395 οὐκ
2296 1344 2485 1409 ἀγνοεῖ
2511 1359 2607 1397 σου
2639 1343 2674 1412 ἡ
2699 1340 3032 1413 πολυπειρία
3057 1359 3072 1374 ο
3094 1343 3220 1398 οὐδὲ
3255 1345 3356 1416 τὴν
3383 1346 3552 1418 ἀλλην
3582 1347 3754 1402 ἀσταο

2174 1450 2271 1488 τον
2287 1435 2462 1506 φορὰν
2483 1435 2584 1508 τῆς
2593 1434 2908 1506 παραυτίκα
2929 1434 3100 1506 ζωῆς,
3117 1435 3308 1492 ἄλλοτε
3329 1436 3505 1502 ἄλλως
3517 1438 3756 1508 ἐχούσης

2178 1526 2324 1582 κατά
2361 1528 2544 1582 πᾶσαν
2579 1527 2770 1598 σχεδὸν
2807 1527 3026 1600 ἡμέραν
3063 1544 3126 1583 τε
3155 1527 3252 1584 καὶ
3278 1527 3452 1598 ὥραν.
3488 1529 3617 1604 Ῥοῇ
3646 1532 3759 1604 γάρ

2180 1615 2276 1670 καὶ
2330 1615 2578 1688 ἀπορρυῇ
2626 1615 2825 1681 ἔοικεν,
2861 1615 3052 1672 ἀνθεσί
3111 1633 3175 1672 τε
3207 1617 3305 1674 καὶ
3353 1619 3617 1691 ὀνείρασι,
3661 1623 3760 1676 καὶ

2180 1701 2416 1764 οἷστισιν
2465 1707 2670 1774 ἄλλοις,
2699 1706 2846 1763 κατά
2881 1707 2983 1772 τὰς
3019 1707 3172 1772 θείας
3202 1710 3390 1778 φωνὰς
3417 1711 3529 1764 τῶν
3555 1711 3756 1780 ἁγίων.

496 1819 603 1874 que
633 1819 819 1859 secum
860 1803 1010 1858 ineat
1039 1803 1348 1859 veneranda
1373 1817 1530 1858 mens
1569 1811 1681 1865 tua,
1716 1816 1881 1872 quam
1911 1800 2081 1856 multa

2195 1797 2630 1868 ’Δναλογιζέσθω
2663 1799 2777 1870 γάρ
2810 1815 2906 1853 σου
2955 1800 2990 1871 ἡ
3020 1799 3181 1871 τιμία
3210 1799 3380 1871 ψυχὴ,
3415 1801 3561 1855 πόσα
3591 1802 3653 1855 ὲν
3679 1801 3761 1872 τῷ

496 1897 567 1954 ab
605 1897 724 1967 ipso
759 1895 938 1952 exsilii
987 1895 1066 1950 tui
1093 1904 1336 1965 tempore
1381 1904 1598 1966 peracta
1628 1893 1740 1949 sint
1772 1910 1788 1948 :
1819 1893 1950 1949 dum
1984 1891 2078 1948 alii

497 1989 721 2054 cadunt,
751 1989 842 2044 alii
867 1995 1186 2059 exsurgunt,
1215 1987 1302 2041 alii
1333 1987 1668 2052 moriuntur,
1685 1984 1775 2040 alii
1794 1999 2076 2056 prospere,

497 2081 588 2136 alii
615 2096 776 2138 secus
799 2089 986 2152 agunt.
1020 2079 1080 2133 Et
1114 2079 1297 2136 nullus
1320 2079 1546 2135 omnino
1571 2086 1746 2133 status
1763 2085 1846 2133 est
1867 2077 2079 2132 stabilis

501 2174 557 2228 in
589 2174 693 2228 ltoc
722 2171 963 2228 versatili
1001 2171 1129 2228 vitae
1152 2179 1357 2227 nostra;
1381 2185 1566 2226 cursu.
1587 2169 1726 2225 Illud
1749 2171 1914 2226 etiam
1938 2185 2080 2240 pra:-

499 2271 650 2320 terea
685 2278 874 2322 verum
907 2271 1010 2328 est,
1029 2262 1086 2316 in
1121 2261 1314 2317 exsilio
1341 2261 1578 2332 quodam
1601 2276 1792 2316 omnes
1815 2275 1916 2316 nos
1937 2275 2078 2326 esse,

498 2366 772 2429 quatenus
793 2371 892 2426 per
909 2354 1308 2427 protoplastum
1329 2354 1399 2410 de
1423 2354 1696 2424 paradiso,
1727 2362 1786 2410 ut
1801 2353 2080 2425 proditum

499 2457 603 2513 est,
631 2447 790 2518 ejecti
821 2461 1033 2513 sumus,
1061 2455 1117 2500 et
1149 2444 1204 2500 in
1246 2444 1460 2512 mortali
1491 2443 1594 2500 bac
1635 2458 1730 2500 ora
1769 2459 2078 2510 versamur,

499 2538 681 2609 quoad
710 2545 995 2592 cantemus
1021 2555 1036 2592 :
1070 2535 1220 2591 Educ
1253 2537 1318 2590 de
1347 2535 1588 2600 custodia
1612 2535 1852 2590 animum
1883 2551 2079 2600 meam,

500 2629 571 2683 ad
601 2627 952 2696 conﬁtendum
983 2627 1183 2682 nomini
1225 2635 1314 2686 tuo.
1339 2625 1411 2692 δ’,
1436 2641 1501 2680 ex
1534 2625 1771 2684 incolatu
1808 2625 1879 2682 ad
1913 2625 2083 2682 liber-

501 2731 670 2778 tatem
705 2727 1076 2776 transeuntes.
1124 2717 1304 2792 Quare
1332 2733 1405 2776 ue
1460 2717 1518 2772 in
1561 2716 1813 2774 exsilium
1858 2717 2084 2788 quidem

500 2827 661 2884 agere
693 2812 943 2868 homines
977 2819 1206 2884 possunt
1235 2824 1570 2882 congeneres
1599 2825 1749 2876 suos,
1777 2808 1824 2866 si
1862 2810 2084 2881 pr0prie

499 2903 833 2975 loquendum
876 2911 982 2967 est,
1017 2917 1146 2958 cum
1181 2901 1405 2972 ipsimet
1431 2909 1677 2962 extorres
1715 2900 1846 2957 sint.
1880 2897 2085 2955 Omnes

502 2997 773 3067 siquidem
803 2995 1028 3050 advenas
1067 3003 1124 3049 et
1167 2992 1439 3066 peregrini
1491 2991 1749 3064 descripti
1781 3007 1994 3050 sumus.
2024 2991 2083 3049 Si

501 3087 635 3160 quid
664 3084 982 3179 bujusmodi
1017 3083 1116 3179 tibi
1150 3083 1456 3138 remedium
1485 3091 1569 3179 est
1605 3081 1674 3138 ad
1709 3082 1986 3148 solatium,
2035 3082 2079 3138 si
2107 3119 2150 3179 ο

503 3177 898 3239 consolationis
927 3175 1364 3241 incitamentum,
1410 3174 1674 3245 petimus,
1707 3175 2082 3240 obsecramus,

505 3278 568 3326 ut
586 3284 706 3340 qua:
733 3267 1074 3329 acciderunt,
1098 3280 1296 3340 magno
1321 3265 1465 3321 feras
1496 3266 1702 3332 animo,
1732 3277 1788 3322 et
1813 3281 1938 3322 cum
1966 3280 2091 3338 gra-

506 3358 706 3414 tiarum
736 3355 954 3411 actione
996 3354 1173 3410 tristia
1204 3373 1218 3410 :
1247 3354 1394 3426 quod
1425 3355 1646 3426 quidem
1681 3355 1778 3412 tibi
1818 3370 1931 3411 non
1987 3354 2088 3410 de-

506 3447 676 3506 fuisse
709 3447 1034 3506 confidimus
1068 3447 1202 3518 :qui
1253 3448 1401 3503 enim
1453 3448 1611 3504 aliter
1657 3461 1956 3506 aerumnam
2002 3447 2088 3502 in-

506 3550 792 3616 gruentem
827 3539 1211 3612 perferemus?
1237 3540 1462 3596 Accedit
1490 3540 1635 3612 quod
1661 3555 1918 3612 magnum
1956 3540 2088 3596 inde

507 3636 721 3691 lucrum
749 3633 1149 3704 reportabimus
1171 3648 1186 3698 ;
1212 3647 1311 3704 per
1340 3631 1740 3698 infelicitatem,
1770 3631 2087 3688 felicitatem

506 3726 806 3794 majorem;
839 3737 936 3792 per
955 3731 1351 3792 paupertatem,
1371 3720 1590 3778 divitias
1619 3736 1727 3776 non
1759 3722 2086 3792 pereuntes;

506 3831 608 3887 per
645 3813 947 3878 infamiam,
980 3813 1206 3885 gloriam
1252 3811 1633 3869 immortalem.
1681 3811 1826 3879 Quin
1879 3820 1936 3868 et
1981 3809 2087 3882 ipsi

509 3907 743 3962 fortasse
782 3903 1083 3976 principes,
1115 3903 1190 3975 pii
1216 3903 1576 3975 imperatores
1593 3903 1785 3970 nostri,
1810 3902 2090 3960 adducen-

509 4013 598 4058 tur
633 3999 880 4060 tandem,
899 4005 960 4052 ut
1000 4005 1052 4052 te
1081 3997 1302 4052 domum
1331 4007 1612 4062 revocent,
1641 4005 1697 4050 et
1723 3995 1820 4050 tibi
1850 4009 2090 4067 congrua

505 4092 822 4148 restituant.
857 4087 1118 4145 Novimus
1147 4089 1296 4145 enim
1327 4089 1541 4144 illorum
1577 4088 2002 4156 humanitatem,
2034 4096 2093 4142 et

505 4200 671 4257 quam
707 4183 888 4254 facile,
927 4182 985 4238 in
1013 4181 1132 4238 istis
1157 4182 1459 4253 praesertim
1497 4182 1682 4249 rebus,
1714 4179 1933 4236 meliora
1955 4197 2092 4238 con-

508 4279 627 4335 silia
668 4277 908 4348 capiant.
947 4274 1163 4330 interea
1193 4284 1375 4331 autem
1403 4273 1536 4329 dum
1579 4283 1810 4345 perstas,
1839 4272 2092 4330 console-

509 4381 599 4426 tur
632 4381 684 4426 te
709 4370 976 4425 Dominus
1006 4367 1153 4423 Deus
1180 4366 1550 4422 consolatione
1567 4365 1841 4437 patientiae
1855 4375 1910 4420 et
1929 4366 2093 4421 aetio-

2184 1889 2392 1963 μεταξὺ
2418 1891 2596 1964 χρόνῳ
2637 1891 2740 1963 τῆς
2780 1891 3093 1962 ἀπαγωγῆς
3125 1891 3484 1963 πέπρακται,
3515 1892 3628 1949 τῶν
3657 1893 3760 1964 μὲν

2179 1984 2688 2053 ἀποπεπτωκότων,
2717 1983 2829 2038 τῶν
2866 1984 2925 2037 δὲ
2963 1983 3364 2054 ἀνυψωθέντων
3386 2024 3402 2050 ,
3431 1984 3609 2040 ἄλλων
3668 2003 3764 2040 τε-

2181 2073 2487 2146 θνηκότων,
2531 2073 2736 2148 ἑτέρων
2760 2074 3252 2146 εύπραγησάντων,
3278 2073 3453 2129 ἄλλων
3485 2075 3762 2146 δυστυχη-

2182 2165 2417 2220 σάντων.
2444 2165 2556 2220 Kal
2593 2163 2826 2236 οὐδεμία
2859 2164 3049 2242 στάσις
3083 2165 3140 2218 ἐν
3171 2164 3250 2236 τῷ
3291 2165 3516 2237 ἀστάτῳ
3541 2165 3638 2220 καὶ
3667 2165 3760 2219 εὖ·

2180 2258 2385 2328 κινήτῳ
2444 2257 2632 2328 δρόμῳ
2687 2255 2784 2310 τοῦ
2835 2255 2954 2327 βίου
3005 2256 3188 2328 ἡμῶν.
3231 2257 3440 2312 Ἐκεῖνό
3485 2276 3550 2313 τε
3598 2259 3765 2316 πάλιν

2179 2350 2385 2423 ἀληθὲς
2436 2351 2628 2419 ὃν,ὃτι
2665 2352 2866 2416 πάντες
2915 2351 3196 2423 ἅνθρωποι
3248 2355 3310 2407 έν
3353 2349 3542 2426 έξορίᾳ
3566 2356 3761 2427 ἐσμὲν,

2181 2440 2328 2496 κατά
2372 2442 2436 2498 τὸ
2471 2441 2860 2514 ἀποικισθῆναι
2890 2444 3042 2514 ἡμᾶς
3068 2439 3159 2498 διὰ
3189 2443 3286 2498 τοῦ
3333 2447 3767 2516 πρωτοπλάστου

2181 2535 2249 2587 ὲκ
2305 2532 2403 2588 τοῦ
2456 2531 2814 2606 παραδείσου,
2845 2535 2923 2598 ὡς
2967 2537 2998 2589 6
3050 2535 3230 2605 λόγος,
3261 2535 3358 2590 καὶ
3413 2539 3496 2603 εἰς
3548 2539 3672 2592 τόδε
3701 2540 3770 2594 τὸ

2183 2623 2561 2698 θανατηφόρον
2603 2626 2804 2698 χωρίον
2857 2625 3260 2694 ἐναυλίζεσθαι,
3287 2627 3393 2692 ἕως
3414 2627 3482 2683 ἂν
3508 2629 3595 2693 τὸ,
3633 2631 3770 2694 Ἐε-

2182 2715 2370 2786 ἀγατε
2400 2716 2470 2771 ἐκ
2505 2715 2789 2787 φυλακῆς
2813 2715 2929 2786 τὴν
2955 2717 3170 2788 ψυχήν
3188 2734 3332 2788 μου,
3351 2718 3462 2775 τοῦ
3479 2719 3769 2788 ἐξομολο-

2184 2803 2492 2874 γήσασθαι
2519 2804 2600 2858 τῶ
2627 2805 2878 2876 ὀνοματί
2910 2821 3049 2872 σου,
3106 2806 3347 2880 ᾄδωμεν,
3401 2809 3769 2880 μεταϐαῖνον-

2182 2911 2276 2958 τες
2301 2896 2367 2949 ὲκ
2407 2897 2702 2968 παροικίας
2745 2899 2828 2962 εἰς
2873 2896 3210 2971 έλευθερίαν.
3235 2899 3402 2954 Ὥστε
3433 2901 3559 2956 οὐδὲ
3587 2900 3769 2974 ἐξορί-

2183 2987 2300 3052 ζειν
2347 2987 2584 3047 δύναιντ’
2615 2989 2683 3053 ἂν
2729 2989 3019 3063 ,ἄνθρωποι
3079 2991 3210 3055 τοὺς
3261 2993 3542 3065 ὁμογενεῖς
3569 3034 3587 3060 ,
3623 2995 3769 3051 κατά

2183 3079 2248 3134 τὸ
2272 3079 2499 3153 ἀκριϐὲς
2525 3080 2620 3136 τοῦ
2648 3081 2830 3152 λόγου,
2851 3083 3118 3155 ὲξόριστοι
3164 3085 3320 3149 ὄντες
3346 3073 3566 3141 καύτοί.
3611 3087 3770 3142 Ἐπεὶ

2187 3172 2390 3237 πάντες
2415 3173 2676 3245 πάροικοι
2701 3176 2797 3228 καὶ
2830 3176 3208 3248 παρεπίδημοι
3237 3178 3766 3251 περιγεγράμμεθα.

2187 3263 2258 3317 Et
2291 3281 2347 3318 τι
2381 3263 2630 3320 τοιοῦτον
2658 3266 2954 3338 φάρμακόν
2994 3284 3079 3320 σοι
3111 3268 3466 3340 παρηγορίας
3505 3270 3770 3342 παραμύο

2189 3355 2307 3410 θιον
2339 3356 2742 3430 παρακλήσεως
2765 3373 2782 3390 ο
2815 3355 3101 3429 αἰτοῦμεν,
3125 3357 3543 3432 ἀντιϐολοῦμεν,
3573 3362 3655 3425 εἰς
3705 3361 3770 3416 τδ

2187 3449 2436 3517 ἐνεγκεῖν
2464 3447 2837 3521 μακροθύμως
2871 3449 2941 3504 τά
2975 3448 3284 3520 συμϐάντα,
3321 3450 3669 3523 εὐχαρίστως
3696 3455 3767 3508 τὰ
3825 3479 3832 3490 ι

2187 3539 2454 3610 λυπηρά·
2515 3541 2654 3610 ὅπερ
2725 3539 3076 3612 πεπείσμεθα
3139 3540 3434 3614 ἐσχηκέναι
3491 3561 3570 3598 σε.
3611 3544 3770 3600 Ἐπεὶ

2188 3629 2355 3684 πόθεν
2379 3628 2606 3686 ἄλλοθεν
2638 3629 2862 3700 οίσομεν
2899 3630 3000 3701 τὴν
3029 3632 3330 3704 ὲπιφοράνς
3356 3628 3497 3688 Εἶτα
3524 3635 3609 3689 ὅτι
3632 3638 3768 3690 κάνο

2187 3720 2383 3776 τεῦθεν
2419 3721 2490 3776 τὰ
2550 3720 2766 3793 μεγάλα
2813 3721 3225 3793 κερδανοῦμεν,
3253 3723 3321 3778 δι’
3349 3726 3627 3796 ἀπραξίας
3677 3729 3769 3785 εὖ-

2189 3810 2430 3881 πραξίαν
2474 3810 2574 3883 τὴν
2627 3811 2869 3882 μείζονα,
2907 3810 2997 3866 διὰ
3028 3813 3224 3876 πενίας
3248 3813 3478 3870 πλοῦτον
3499 3815 3594 3870 τὸν
3627 3817 3768 3888 ἀμε-

2189 3905 2493 3971 τάπτωτον,
2524 3903 2593 3958 δι’
2613 3903 2829 3972 ἀδοξίας
2852 3903 3012 3972 δόξαν
3032 3903 3131 3974 τὴν
3165 3906 3462 3978 ἀκήρατον.
3493 3909 3604 3964 Καὶ
3625 3912 3768 3982 τάχα

2189 3995 2710 4069 παρακληθήσονται
2743 3996 2837 4050 καὶ
2864 3996 3020 4050 αὐτοὶ
3069 3997 3118 4051 οἰ
3157 3998 3491 4070 κρατοῦντες
3516 4001 3768 4066 εύσεδεῖς

2191 4087 2347 4160 ἡμῶν
2376 4085 2616 4158 βασιλεῖς
2637 4086 2735 4158 ὀψέ
2759 4104 2892 4141 ποτε
2919 4088 3295 4159 έπαναγαγεῖν
3321 4107 3382 4144 σε
3402 4092 3480 4156 εἰς
3508 4092 3581 4147 τὰ
3601 4095 3763 4162 οἶκοι,

2190 4183 2288 4236 καὶ
2317 4181 2610 4234 ἀποδοῦναι
2631 4179 2704 4234 τὰ
2734 4180 2946 4237 δέοντα.
2982 4181 3172 4252 Ἵσμεν
3203 4181 3314 4255 γὰρ
3345 4184 3524 4240 αὐτῶν
3551 4187 3617 4241 τὸ
3646 4190 3768 4259 φιλ.

2191 4273 2486 4344 ἀνθρωπον
2518 4271 2614 4327 καὶ
2636 4271 3038 4343 εὐμετάμελον,
3067 4264 3222 4344 ᾧπερ
3254 4275 3556 4348 κιχρῶνται
3587 4282 3766 4350 μετά.

2190 4364 2298 4430 λως
2327 4366 2422 4419 ἐπὶ
2447 4366 2562 4430 τοῖς
2591 4364 2879 4430 τοιούτοις.
2901 4361 3050 4430 Ἕως
3078 4365 3122 4420 δ’
3155 4365 3222 4421 ἂν
3254 4367 3556 4440 ὲπιμένοις,
3582 4391 3765 4447 παρα-

509 4464 596 4518 nis
629 4462 947 4534 gratiarum.
983 4456 1095 4513 Sed
1127 4466 1184 4512 et
1214 4457 1552 4529 principibus
1591 4456 1724 4528 ipsis
1741 4457 2085 4527 persuadeat,

2191 4455 2420 4512 καλέσαι
2449 4473 2510 4510 σε
2540 4455 2749 4528 Κύριος
2780 4457 2809 4511 6
2834 4455 2968 4521 Θεὸς
3001 4459 3352 4531 παρακλήσει
3380 4460 3766 4539 ὑπομονητικῇ

508 4563 570 4610 ut
599 4569 723 4624 erga
752 4562 807 4608 te
833 4551 1039 4607 faciant
1053 4550 1200 4621 quod
1225 4549 1386 4604 modo
1405 4549 1612 4604 dictum
1639 4557 1743 4616 est,
1774 4557 1830 4604 et
1850 4555 1906 4604 te
1929 4557 2084 4621 opta-

511 4648 778 4703 tissimum
815 4645 884 4702 iis
921 4644 1218 4701 restituant
1247 4641 1341 4714 qui
1367 4651 1420 4698 te
1451 4640 1709 4712 diligunt.

832 4861 974 4920 XIII.
1006 4893 1077 4904 —
1108 4860 1184 4917 De
1212 4876 1340 4915 cura
1369 4859 1768 4929 insepultorum.

579 4999 852 5067 Quoniam
871 4998 1037 5054 homo
1058 4997 1127 5053 ad
1144 4997 1432 5068 imaginem
1448 4995 1541 5052 Dei
1559 4995 2088 5064 similitudinemque

510 5102 726 5146 creatus
753 5098 860 5154 est,
888 5105 1113 5145 necesse
1141 5098 1225 5144 est
1254 5089 1491 5144 humana
1519 5096 1734 5155 natura,
1764 5087 1941 5160 quoad
1969 5085 2087 5142 fieri

511 5191 712 5253 potest,
747 5181 1023 5251 archetypi
1073 5179 1405 5234 lineamenta
1433 5219 1448 5245 ,
1475 5188 1730 5250 tanquam
1761 5180 1974 5252 imago,
2031 5178 2088 5234 in

513 5274 692 5344 scipsa
718 5280 890 5344 gerat.
929 5273 1068 5327 Cum
1105 5287 1234 5343 ergo
1275 5273 1418 5327 Deus
1461 5273 1720 5328 bonitatis
1751 5287 1865 5328 suat
1907 5270 2091 5342 provi-

512 5366 752 5421 dentiam
779 5363 834 5416 in
867 5364 1048 5418 omnia
1078 5363 1370 5428 diffundat,
1397 5379 1613 5433 aequum
1651 5363 1818 5419 fuerit
1840 5363 2089 5419 homines

512 5444 894 5512 inenarrabilis
925 5453 1205 5525 sapientiae
1250 5454 1528 5525 providam
1561 5455 2086 5512 administrationem

510 5566 610 5620 pro
636 5549 840 5606 viribus
865 5547 1086 5604 imitari.
1115 5546 1270 5604 Unde
1297 5555 1354 5604 et
1381 5561 1484 5604 nos
1509 5548 1741 5605 humiles
1764 5561 1829 5604 ac
1852 5547 2087 5614 minimi,

2190 4551 2287 4606 καὶ
2315 4549 2726 4621 εὐχαριστηρίιρ
2748 4564 2764 4581 ο
2788 4549 2927 4604 ἀλλὰ
2955 4550 3052 4604 καὶ
3101 4549 3346 4606 πείσειεν
3385 4554 3586 4619 αὐτοὺς
3636 4560 3770 4624 τοὺς

2191 4641 2534 4714 κρατοῦντας
2559 4641 2621 4695 τὸ
2653 4640 3058 4714 προειρημένον
3087 4645 3223 4716 ἡμῖν
3265 4644 3470 4716 πρᾶξαι
3531 4650 3630 4702 ἐπὶ
3661 4655 3768 4718 σοὶ,

2193 4734 2291 4788 καὶ
2320 4731 2616 4788 ἀποδοῦναί
2656 4748 2718 4786 σε
2738 4731 2832 4787 τὸν
2857 4733 3236 4806 περιπόθητον
3270 4737 3384 4802 τοῖς
3411 4737 3628 4808 φιλοῦσί
3685 4760 3769 4800 σε.

2193 4868 2291 4924 ll".
2335 4865 2514 4932 -Εἰς
2542 4864 2658 4933 τὴν
2679 4863 2993 4920 διακονίαν
3016 4863 3138 4920 τῶν
3158 4865 3574 4935 dapes-mitur.
3615 4870 3770 4946 [κθη]

2266 5001 2389 5054 Ὀτι
2440 4996 2564 5052 κατ’
2601 4997 2793 5051 εἰκόνα
2840 4997 2976 5051 Θεοῦ
3011 4997 3106 5052 καὶ
3135 4998 3399 5070 ὁμοίωσιν
3424 5001 3454 5054 6
3480 5002 3772 5076 ἄνθρωπος

2193 5093 2484 5157 ἔκτισται,
2523 5091 2827 5161 ἀναγκαῖον
2863 5093 2928 5162 τῇ
2962 5089 3282 5163 ἀνθρωπίνῃ
3317 5093 3502 5162 φύσει,
3532 5095 3772 5154 καθόσον

2191 5183 2435 5255 ἐφικτὸν,
2468 5181 2545 5248 ὠς
2593 5182 2770 5237 εἰκόνι
2811 5181 2882 5237 τὰ
2908 5181 3002 5236 τοῦ
3028 5183 3341 5254 ἀρχετύπου
3372 5189 3674 5259 μιμήματα
3710 5192 3770 5244 ἐν

2190 5277 2359 5347 ἑαυτῇ
2418 5273 2762 5348 περιφέρειν.
2801 5274 2956 5328 Ἐπεὶ
3010 5273 3106 5329 οῦν
3169 5275 3232 5330 τὸ
3279 5277 3436 5330 Θεῖον
3462 5279 3559 5332 επὶ
3588 5281 3769 5335 πάντα

2187 5368 2366 5440 διήκει
2398 5367 2498 5440 τὴν
2519 5368 2620 5437 τῆς
2642 5365 2852 5432 οἰκείας
2876 5365 3215 5436 ἀγαθότητος
3247 5367 3527 5436 πρόνοιαν,
3554 5369 3768 5425 δίκαιον

2189 5460 2256 5515 ἂν
2283 5460 2370 5533 εἴη
2411 5459 2766 5532 ὲκμιμεϊσθαι
2795 5458 2855 5514 τδ
2883 5458 3226 5532 ἀνθρώπινον
3251 5461 3351 5533 τὴν
3387 5461 3492 5533 τῆς
3518 5464 3766 5537 ἀρρήτου

2193 5552 2386 5624 σοφίας
2431 5552 2796 5626 προνοητικὴν
2824 5591 2840 5615 ,
2863 5551 2940 5617 ὡς
2982 5550 3208 5606 δυνατὸν
3232 5593 3248 5620 ,
3277 5551 3568 5626 διοίκησιν.
3601 5553 3767 5609 Ὅθεν

586 5729 703 5762 '9'"
728 5727 871 5783 Psal.
903 5743 1118 5795 exxxvt,
1156 5727 1202 5781 f.
1283 5727 1325 5759 ’δι
1362 5726 1464 5784 Job
1501 5743 1597 5790 vn,
1625 5727 1674 5783 8.
1754 5727 1797 5759 “
1828 5725 1970 5783 Psal.
2002 5739 2146 5790 cm,
2189 5726 2240 5780 8.
