4044 6366
294 361 400 425 953

1521 352 2062 418 EPISTOLARUM
2090 353 2239 415 LIB.
2272 353 2323 425 I.

3438 353 3547 419 95!

295 470 390 525 χιι
415 466 580 538 ἡμεῖς
601 464 653 518 οί
684 465 933 520 ταπεινοὶ
972 466 1067 520 καὶ
1097 463 1392 536 ἐλάχιστοι,
1420 465 1668 530 εὐλαϐῶς
1699 464 1780 527 είς
1810 462 1869 515 τὸ

1976 462 2147 517 Deum
2177 469 2493 518 reverenter
2529 460 2828 526 intuentes,
2865 462 3265 534 charitatisque
3300 481 3427 539 erga
3455 485 3548 524 co-

293 565 447 618 Θείαν
473 556 783 623 ἀπιδόντες,
805 557 897 611 καὶ
922 558 1062 627 πρὸς
1088 557 1150 609 τὸ
1175 555 1443 627 ὁμόφυλον
1471 557 1570 628 τὴν
1598 558 1873 627 ἀγαπητι-

292 656 395 726 κὴν
440 650 687 707 διάθεσιν
750 647 1132 711 ἀναλαϐόντες,
1155 645 1480 718 καθήκαμεν
1526 647 1750 710 ἑαυτοὺς
1792 647 1873 707 είς

292 749 412 801 τόδε
456 746 518 798 τὸ
562 742 763 805 ἀσεϐὲς
794 740 1074 811 σύστημα,
1104 738 1290 803 καθὼς
1320 739 1708 803 ὑποτέτακται,
1734 738 1871 809 πρό-

293 855 443 893 νοιαν
497 834 817 905 ποιούμενοι
878 832 989 887 τῶν
1044 834 1405 902 ἀπρονοήτων
1470 831 1870 904 σκηνωμάτων,

293 930 393 985 εἰτ’
418 926 512 982 οὖν
538 925 986 997 νενεκρωμένων,
1020 924 1118 979 καὶ
1151 926 1217 978 ἐκ
1249 924 1493 996 πενίαςῆ
1512 926 1579 979 ἐκ
1607 922 1874 991 ξενιτείας

300 1022 377 1093 μὴ
406 1019 639 1091 ἐχόντων
685 1016 806 1080 πῶς
842 1013 1237 1086 ἐκκομίζεσθαι
1277 1015 1374 1070 καὶ
1408 1013 1774 1069 ἐνθάπτεσθαι
1814 1016 1874 1067 ἐν

291 1115 470 1185 ταύτῃ
500 1113 566 1182 τῇ
596 1106 959 1181 βασιλευούσῃ
987 1107 1095 1160 τῶν
1117 1107 1347 1161 πόλεων.
1370 1106 1464 1178 Τῷ
1488 1106 1670 1160 τοίνυν
1699 1105 1873 1176 τούτῳ

294 1203 425 1272 θείῳ
471 1199 627 1267 τύπῳ
675 1196 1102 1268 ἐπερειδόμενοι,
1137 1195 1356 1265 ἐκάστῳ
1408 1212 1468 1249 τε
1530 1195 1764 1265 ἐνιαυτῷ
1809 1196 1874 1248 ἐκ

292 1292 407 1346 τῶν
456 1289 771 1362 προσόντων
828 1285 981 1356 παρά
1041 1285 1181 1339 Θεοῦ
1231 1285 1487 1359 δωρεῶν,
1515 1289 1544 1341 ό
1578 1286 1767 1350 καθεὶς
1798 1285 1874 1350 ὼς

294 1385 412 1454 ἔχει
446 1381 752 1451 δυνάμεως,
783 1376 1093 1448 καταϐολὴν
1131 1377 1452 1449 ποιούμενοι
1478 1378 1614 1446 πρός
1637 1393 1698 1430 τε
1738 1377 1873 1443 ἀγο-

299 1472 499 1543 ρασίαν
522 1468 812 1538 ἐνταφίων,
846 1469 943 1520 καὶ
963 1467 1033 1520 τὰ
1063 1466 1174 1521 τῶν
1205 1469 1286 1530 είς
1316 1466 1497 1537 ταφὴν
1521 1465 1695 1521 ἄλλων
1742 1481 1873 1517 συν-

292 1560 581 1625 τελοῦντα,
620 1558 929 1631 διορίζομεν
951 1558 1010 1610 ἐν
1034 1558 1226 1628 Κυρίῳ
1250 1557 1397 1613 τάδε.
1429 1554 1650 1610 Τούτων
1674 1571 1874 1627 μηνυο-

299 1652 477 1723 μένων
506 1651 540 1722 ἢ
568 1649 967 1723 θεωρουμένων
995 1650 1139 1703 κατά
1160 1650 1415 1720 περίοδον
1448 1648 1585 1721 πρὸς
1638 1649 1872 1703 ἑκάστου

293 1743 405 1797 τῶν
431 1740 863 1813 συνειλεγμένων
900 1743 958 1795 ἐν
983 1744 1050 1812 τῇ
1081 1741 1409 1811 ἀδελφότητι
1437 1741 1632 1813 νεκρὸν
1657 1741 1869 1812 ἀνθρω-

293 1853 417 1901 πον,
450 1834 637 1888 τοῦτον
678 1835 791 1897 τοῖς
842 1832 1215 1904 προσήκουσιν
1270 1830 1549 1902 ἐνταφίοις
1585 1830 1872 1901 ἐκκομίζε-

297 1926 461 1991 σθαι,
516 1923 870 1979 ἀποτίθεσθαι
923 1925 981 1976 ἐν
1030 1924 1154 1987 ταῖς
1203 1923 1682 1993 ἀποτεταγμέναις
1739 1924 1871 1994 ὑμῖν

291 2019 468 2082 ὁσίαις
512 2017 729 2089 θήκαις.
757 2017 869 2069 Καὶ
904 2013 1010 2086 μὴν
1040 2014 1129 2069 διά
1171 2014 1266 2068 τοῦ
1318 2015 1598 2080 ἐνιαυτοῦ,
1635 2017 1782 2087 ἀρχῇ
1810 2031 1873 2069 τε

296 2110 550 2175 ίνδίκτου,
602 2109 697 2161 καὶ⁸
746 2108 835 2160 διὰ
864 2107 964 2179 τῆς
996 2108 1055 2161 ἐν
1098 2109 1166 2179 τῇ
1225 2107 1574 2179 Πεντηκοστῇ
1630 2107 1874 2178 πολυμε-

295 2200 472 2271 ρείας,
502 2199 772 2252 ἐπιτελεῖν
800 2199 949 2268 ἡμᾶς
978 2197 1179 2262 κοινῶς
1197 2199 1265 2251 τὰ
1310 2199 1630 2269 μνημόσυνα
1653 2199 1872 2253 πάντων

291 2295 404 2349 τῶν
427 2291 799 2364 κηδευθέντων
829 2307 845 2323 ο
872 2288 1171 2344 ποιούντων
1219 2289 1380 2361 ἡμῶν
1404 2292 1461 2343 ἐν
1486 2290 1669 2362 ταυτῷ
1689 2292 1753 2343 ἐκ
1774 2292 1873 2362 τῆς

294 2382 654 2453 συνεισφορᾶς
691 2381 787 2434 καὶ
811 2380 1035 2451 ἀγάπην
1064 2380 1473 2452 παρακλήσεως
1496 2382 1821 2453 σωματικῆς
1853 2397 1868 2411 ο

294 2476 377 2549 μὴ
446 2476 640 2547 μέντοι
678 2473 784 2541 ἔξω
811 2472 923 2526 τῶν
956 2472 1362 2547 νενομισμένων
1394 2474 1495 2544 τῆς
1541 2473 1873 2546 αὐταρκείας

293 2567 439 2636 ὅρων
466 2580 480 2595 ο
537 2564 613 2627 ὡς
660 2563 694 2633 ἢ
736 2562 1015 2635 πολυοινία
1063 2563 1097 2634 ἢ
1158 2562 1475 2635 πολυφαγίᾳ
1530 2561 1872 2635 ἐξορχεῖσθαι

292 2658 446 2728 ημᾶς
468 2656 538 2709 τά
567 2654 966 2726 ἐπιτελούμενα
1005 2655 1357 2726 μνημόσυνα⁶
1384 2654 1519 2709 ἀλλὰ
1564 2655 1681 2727 μετ’
1708 2657 1873 2710 εὐλα-

291 2749 445 2812 ϐείας
492 2747 877 2820 ἀναφερόντων
927 2746 1087 2817 ἡμῶν
1133 2746 1443 2815 δοξολογίαν
1485 2747 1565 2818 τῷ
1602 2747 1874 2816 καταξιὼ-

292 2857 453 2894 σαντι
479 2841 627 2910 ἡμᾶς
657 2839 780 2909 Θεῷ
812 2838 913 2910 τὴν
941 2837 1098 2894 όσίαν
1134 2837 1340 2908 ταύτην
1375 2838 1597 2909 τελετὴν
1632 2826 1872 2913 ποιήσα-

291 2930 455 2995 σθαι,
488 2930 667 2993 οὕτως
720 2930 814 2984 ἐπὶ
863 2929 964 3001 τὴν
992 2930 1092 3000 τῆς
1142 2928 1427 3001 τραπέζης
1470 2931 1609 2985 ίέναι
1657 2933 1871 3004 χρείαν,

290 3020 950 3095 προσαναγινωσκομένου
990 3019 1095 3090 ἤδη
1126 3018 1220 3072 τοῦ
1248 3019 1439 3090 τόμου.
1476 3021 1550 3083 ὡς
1580 3021 1648 3075 ἂν
1674 3023 1768 3075 καὶ
1784 3023 1874 3076 ἐπ’

1972 564 2165 628 gnatos
2193 556 2353 612 nobis
2390 554 2648 611 affectum
2684 556 3080 627 suscipientes,
3132 573 3234 614 nos
3274 558 3422 629 ipsos
3459 562 3550 632 pio

1973 648 2105 703 huic
2132 648 2301 704 (δειδιυὶ
2321 647 2690 718 adjunximus,
2725 657 2783 704 ut
2810 649 3169 704 constitutum
3210 659 3316 716 est,
3349 668 3549 722 procu-

1973 752 2159 798 rantes
2185 742 2432 813 neglecta
2471 743 2819 797 tabernacula
2840 758 2937 798 seu
2971 745 3259 811 cadavera,
3294 762 3415 816 qua
3438 763 3571 819 pne,

1973 832 2159 903 inopia
2195 833 2281 888 vel
2304 834 2689 905 peregrinitate
2706 850 2818 890 non
2841 835 3042 890 habent
3063 838 3208 892 unde
3230 837 3549 906 efferantur,

1972 934 2030 979 et
2065 923 2363 979 humentur
2396 923 2451 978 in
2488 924 2591 979 hac
2612 924 2757 997 regia
2780 926 3020 981 civitate.
3060 925 3200 982 Huic
3227 927 3388 999 igitur
3417 944 3548 983 nor-

1971 1029 2078 1070 ma:
2102 1014 2303 1071 divinat
2333 1014 2529 1081 innixi,
2559 1024 2616 1072 et
2654 1018 2944 1087 quotannis
2972 1018 3171 1089 singuli
3210 1034 3276 1074 ex
3313 1020 3552 1088 acceptis

1970 1120 2005 1173 ιι
2035 1104 2147 1162 Deo
2178 1106 2504 1161 muneribus
2531 1106 2601 1163 ad
2644 1107 2959 1162 funebrium
2990 1108 3324 1179 emptionem
3357 1150 3373 1176 ,
3429 1124 3552 1178 quae

1972 1198 2040 1252 ad
2075 1196 2313 1252 aliorum
2344 1197 2685 1267 sepulturam
2740 1197 2970 1259 faciunt,
3004 1214 3104 1269 pro
3134 1199 3389 1255 facultate
3417 1215 3553 1255 con-

1974 1288 2297 1353 tribuentes,
2327 1288 2445 1344 haec
2469 1288 2526 1343 in
2556 1287 2788 1343 Domino
2812 1287 3218 1345 constituimus.
3238 1289 3310 1344 Ut
3330 1291 3555 1359 quicun-

1972 1392 2081 1448 que
2111 1378 2404 1445 indicatus,
2432 1379 2521 1434 vel
2555 1386 2881 1448 conspectus
2909 1378 2962 1434 in
2991 1380 3245 1446 transitu,
3275 1381 3344 1435 ab
3372 1380 3553 1450 aliquo

1973 1485 2004 1525 e
2033 1470 2261 1525 fratrum
2289 1470 2731 1542 congregatione,
2761 1480 3013 1525 mortuus
3051 1472 3217 1526 homo
3264 1470 3450 1537 fuerit,
3505 1473 3553 1528 is

1971 1561 2399 1632 congruentibus
2431 1560 2706 1631 exsequiis
2727 1560 3007 1626 efferatur,
3054 1561 3466 1631 deponaturque
3496 1564 3552 1617 in

1972 1651 2258 1707 destinatis
2285 1652 2442 1706 vobis
2471 1652 2643 1707 sacris
2673 1652 3014 1708 conditoriis.
3056 1651 3195 1707 Tum
3226 1663 3285 1709 ut
3317 1664 3552 1724 quotan-

1974 1742 2079 1808 nis,
2110 1751 2166 1797 et
2202 1741 2477 1812 principio
2516 1742 2832 1798 indictionis
2856 1785 2872 1809 ,
2907 1752 2963 1798 et
2999 1758 3098 1813 per
3122 1744 3239 1800 dies
3268 1744 3551 1816 Quinqua-

1973 1835 2218 1907 genarii,
2262 1833 2584 1888 memoriam
2610 1834 2855 1889 omnium
2894 1833 3268 1889 funeratorum
3312 1836 3366 1889 in
3398 1851 3552 1891 como

1973 1941 2140 1980 mune
2170 1925 2544 1991 celebremus;
2582 1924 2844 1979 facientes
2884 1924 3087 1979 ibidem
3131 1940 3196 1980 ex
3228 1925 3469 1982 collectis
3499 1937 3554 1982 ct

1972 2031 2180 2087 agapen
2209 2030 2487 2085 corporeae
2515 2013 2830 2068 refectionis
2854 2031 2868 2076 ;
2904 2027 3014 2068 non
3036 2028 3170 2069 sane
3196 2023 3349 2069 extra
3374 2015 3553 2085 legiti-

1971 2121 2075 2161 mae
2109 2105 2434 2177 frugalitatis
2466 2105 2765 2171 terminos;
2808 2105 2879 2158 ita
2920 2113 2981 2159 ut
3028 2120 3142 2176 pra:
3170 2106 3436 2162 ebrietate
3470 2107 3555 2161 vel

1972 2196 2224 2267 crapula,
2258 2211 2454 2262 sacrae,
2493 2210 2657 2265 quam
2686 2195 3026 2250 celebramus
3051 2235 3067 2259 ,
3119 2197 3396 2253 memoria:
3433 2198 3557 2253 illu-

1972 2288 2167 2343 damus
2194 2305 2209 2341 :
2243 2288 2339 2342 sed
2369 2303 2493 2342 cum
2520 2288 2827 2342 reverentia
2852 2287 3066 2342 laudern
3092 2287 3204 2342 Deo
3233 2288 3552 2358 offerentes,

1972 2381 2065 2451 qui
2104 2395 2205 2435 nos
2235 2396 2405 2435 sacrae
2426 2380 2592 2449 hujus
2616 2380 2953 2435 caeremoniae
2969 2380 3335 2436 celebratione
3369 2381 3559 2453 digna-

1974 2481 2064 2527 tus
2098 2482 2202 2527 est.
2231 2472 2322 2526 Sic
2346 2471 2415 2526 ad
2441 2487 2645 2526 mensae
2662 2486 2802 2542 opus
2818 2472 3130 2535 acoedatur,
3166 2472 3414 2539 adjuncta
3441 2474 3553 2542 jam

1972 2561 2097 2617 libri
2131 2562 2385 2627 lectione,
2422 2571 2484 2618 ut
2527 2563 2584 2617 in
2624 2563 2741 2633 ipso
2772 2563 2935 2618 etiam
2970 2573 3132 2634 pastu
3173 2575 3363 2620 nostro
3384 2604 3401 2631 ,
3434 2581 3555 2636 quae

1973 2653 2206 2709 Domino
2238 2662 2367 2708 sunt
2408 2663 2561 2725 grata
2619 2664 3001 2711 consectemur
3031 2673 3046 2710 :
3079 2671 3200 2726 qua:
3259 2666 3557 2729 supersunt

1972 2747 2306 2817 pauperibus
2332 2750 2647 2820 emgando;
2679 2766 2789 2804 non
2826 2750 3183 2821 gliscentibus
3202 2751 3341 2806 inter
3364 2754 3556 2822 epulas

1974 2838 2229 2895 inanibus
2259 2840 2473 2907 verbis,
2506 2856 2610 2895 nec
2642 2841 2922 2907 ridiculis,
2958 2857 3029 2896 ne
3058 2842 3236 2898 dicam
3280 2843 3506 2899 ludicris
3535 2862 3551 2900 :

1973 2930 2414 3000 quandoquidem
2437 2930 2611 2985 cuivis
2632 2930 2945 2986 Christiano
2969 2932 3022 2987 id
3047 2933 3185 2988 ratio
3204 2943 3372 2988 vetat.
3397 2935 3554 3001 Quod

1974 3019 2019 3073 si
2059 3019 2208 3089 loqui
2239 3030 2523 3090 oporteat,
2564 3036 2747 3076 sermo
2780 3021 2849 3077 sit
2876 3023 2944 3077 de
2975 3022 3042 3076 iis
3078 3040 3199 3093 quae
3225 3025 3556 3083 Christianis

291 3116 467 3185 αὐτῆς
493 3113 593 3181 τῆς
613 3111 825 3184 τροφῆς
848 3110 1007 3182 ήμῶν
1033 3110 1102 3165 τά
1131 3110 1338 3182 ἀρεστά
1372 3111 1564 3183 Κυρίῳ
1596 3114 1859 3185 μεταδιώ-

1972 3115 2310 3170 conveniunt
2360 3131 2376 3169 :
2425 3114 2726 3172 cavendum
2776 3114 3189 3185 jusjurandum;
3249 3116 3556 3173 habendam

287 3220 431 3260 κειν·
484 3204 580 3258 τοῦ
614 3204 760 3257 κατά
795 3201 1119 3273 περισσείαν
1152 3202 1553 3275 διανεμομένου
1581 3207 1817 3276 πτωχοῖς
1848 3223 1860 3235 ·

291 3299 370 3371 μὴ
402 3295 911 3369 ἐμπολιτευομένων
954 3294 1142 3366 ἀργῶν
1200 3295 1463 3365 ῥημάτων
1488 3296 1547 3349 ἐν
1575 3298 1643 3369 τῇ
1675 3296 1867 3352 ἐστιάη

288 3406 399 3455 σει,
453 3388 590 3460 μηδὲ
638 3386 1075 3457 γελοιασμάτων,
1123 3385 1322 3439 πολλοῦ
1378 3402 1443 3454 γε
1508 3387 1687 3441 εἰπεῖν
1744 3406 1872 3442 παι-

286 3480 459 3550 γνίων
489 3495 503 3508 ο
532 3481 666 3535 ὃπου
694 3495 759 3547 γε
794 3478 915 3531 οὐδὲ
938 3476 1015 3547 τῷ
1043 3476 1263 3546 τυχόντι
1290 3476 1601 3549 Χριστιανῷ
1626 3481 1867 3550 ἐνεργεῖν

286 3571 507 3641 δέχεται
535 3572 563 3623 ό
615 3568 794 3638 λόγος.
826 3568 889 3621 Ei
926 3566 985 3620 δέ
1048 3566 1145 3619 καὶ
1192 3564 1376 3619 λαλεῖν
1420 3565 1656 3637 δεήσειε,
1691 3567 1868 3622 ταῦτα

286 3662 392 3714 ὅσα
449 3659 652 3730 πρέπει
712 3656 1061 3726 Χριστιανοϊς
1092 3669 1107 3685 °
1148 3654 1231 3718 τὺ,
1285 3653 1649 3724 φυλάττεσθαι
1716 3658 1867 3728 ἡμᾶς

285 3754 455 3823 ὅρκον
484 3766 500 3781 ·
557 3750 658 3815 τὸ,
723 3749 948 3818 ἀγάπην
1027 3746 1174 3818 ἔχειν
1234 3746 1292 3799 ἐν
1373 3746 1627 3819 ἀλλήλοις
1658 3764 1673 3779 ·
1735 3750 1868 3821 ἀλή-

285 3843 443 3897 θειαν
512 3844 578 3895 ἐκ
643 3839 775 3893 τοῦ’
813 3839 1081 3909 στόματος
1141 3837 1441 3910 προφέρειν
1472 3854 1486 3868 ο
1544 3838 1701 3893 δόλου
1776 3841 1872 3894 καὶ

286 3932 488 4003 φθόνου
560 3930 1018 4002 ἀποδιδράσκειν·
1082 3929 1331 3991 εὐποιίας
1391 3928 1452 3982 τὸ
1513 3931 1654 3985 κατὰ
1705 3931 1870 3984 δύνα-

286 4042 384 4094 μιν
416 4021 737 4091 ἀντέχεσθαι
765 4036 778 4050 ο
810 4019 1133 4090 ἐπισκέψεις
1171 4018 1443 4073 ποιεῖσθαι
1475 4020 1586 4075 τῶν
1612 4025 1671 4076 ἐν
1698 4024 1870 4094 φυλα-

283 4116 438 4179 καῖς,
459 4114 567 4166 τῶν
609 4116 666 4171 ἐν
695 4110 1054 4185 ἀρῤωστίαις’
1085 4111 1374 4182 προσέχειν
1399 4114 1520 4176 ταῖς
1554 4114 1868 4185 ἀναγνώσε-

280 4226 361 4274 σι,
389 4210 488 4261 καὶ
517 4211 633 4271 ταῖς
664 4209 722 4261 ἐν
760 4206 1080 4278 ἐκκλησίαις
1124 4207 1435 4279 προεδρίαις
1456 4224 1470 4241 ο
1503 4210 1767 4282 ἀλλήλους
1803 4218 1868 4287 τῇ
1908 4219 2042 4287 τιμῇ
2066 4212 2450 4286 προηγεῖσθαι,
2472 4212 2564 4265 καὶ
2583 4211 2817 4284 μάλιστα
2839 4212 3002 4281 ίερεῖς
3022 4196 3085 4263 τε
3098 4209 3233 4263 Θεοῦ
3276 4208 3369 4262 καὶ
3391 4225 3555 4279 μοναι-
3655 4220 3665 4232 °

1972 3213 2165 3258 mutuo
2190 3206 2511 3259 cliaritatem
2539 3221 2555 3269 ;
2587 3205 2871 3259 veritatem
2901 3220 2995 3259 ore
3033 3206 3385 3275 promendam
3412 3225 3427 3274 ;
3458 3208 3557 3263 do-

1969 3297 2080 3351 lum
2127 3296 2502 3367 invidiamque
2553 3296 2910 3367 fugiendam;
2942 3296 3362 3352 beneficentiam
3403 3312 3555 3370 omni

1969 3388 2152 3444 studio
2176 3388 2555 3455 retinendam;
2585 3388 2831 3443 infirmos
2862 3397 2917 3444 et
2944 3388 3039 3458 qui
3075 3389 3129 3443 in
3166 3403 3387 3445 carcere
3423 3399 3554 3445 sunt

1970 3482 2269 3537 visitandos
2294 3497 2310 3546 ;
2342 3480 2671 3536 lectionibus
2687 3479 3105 3535 auscultandum
3132 3489 3186 3534 et
3214 3478 3280 3533 iis
3298 3480 3390 3549 qui
3414 3496 3556 3550 pur-

1973 3584 2103 3630 sunt
2140 3573 2196 3628 in
2226 3572 2517 3638 Ecclesiis;
2558 3573 2769 3628 honore
2826 3571 3059 3627 invicem
3116 3572 3554 3643 praeveniendos,

1975 3664 2068 3721 Dei
2099 3664 2398 3736 praesertim
2449 3663 2764 3719 sacerdotes
2806 3671 2860 3718 et
2891 3664 3222 3730 monachos;
3272 3664 3556 3734 hospitali-

1974 3757 2069 3811 tati
2098 3755 2460 3822 studendum;
2492 3770 2522 3808 a
2554 3753 2917 3809 fornicatione
2952 3763 3009 3808 et
3050 3754 3312 3809 ebrietate
3335 3754 3554 3824 penitus

1969 3846 2395 3912 abstinendum;
2453 3845 2815 3901 orthodoxam
2866 3844 3027 3899 fidem
3066 3843 3501 3899 conservandam
3536 3861 3553 3900 :

1968 3939 2037 3993 ab
2073 3936 2462 3991 haereticorum
2493 3936 2880 3991 communione
2910 3935 3103 4005 procul
3151 3934 3553 4005 refugiendnm.

1970 4027 2172 4083 Horum
2208 4026 2478 4096 siquidem
2508 4025 2716 4081 mentio
2746 4035 2802 4081 et
2823 4026 3103 4081 meditatio
3128 4025 3427 4080 multorum
3458 4039 3558 4079 no-

1965 4120 2051 4175 bis
2089 4120 2359 4174 bonorum
2394 4117 2535 4171 viam
2565 4117 2797 4172 muniet.

279 4302 442 4368 στάςο
461 4302 763 4373 φιλοξενίαν
786 4301 1161 4372 μεταδιώκεινο
1182 4303 1438 4374 πορνείας
1461 4304 1557 4359 καὶ
1577 4307 1747 4380 μέθης
1766 4311 1826 4363 τὸ
1846 4313 2077 4367 καθόλου
2096 4310 2414 4382 ἀπέχεσθαι·
2432 4309 2532 4381 τήν
2551 4306 2832 4381 ὀρθόδοξον
2855 4307 3037 4360 πίστιν
3059 4306 3327 4376 κατέχειψ
3352 4305 3557 4377 αἱρετι-

277 4395 399 4448 κῶν
422 4394 710 4454 κοινωνίας
731 4391 1087 4463 ἀποφεύγειν.
1112 4394 1221 4447 Καὶ
1231 4397 1340 4465 γὰρ
1355 4395 1464 4449 τῶν
1483 4397 1742 4453 τοιούτων
1770 4401 1931 4457 λαλιά
1969 4404 2064 4458 καὶ
2085 4403 2310 4475 μελέτη,
2330 4401 2543 4457 πολλῶν
2561 4398 2784 4470 ἀγαθῶν
2807 4398 3065 4471 πρόξενος
3090 4396 3290 4468 γένοιτ’
3308 4396 3375 4451 ἀν
3400 4397 3555 4473 ἡμῖν.

354 4485 596 4549 Ταύταις
621 4485 741 4545 ταῖς
768 4484 939 4548 θείαις
987 4482 1286 4554 συνθήκαις
1334 4489 1860 4561 συγκατατιθέμενοι

2039 4494 2133 4551 His
2162 4494 2366 4550 divinis
2412 4492 2680 4548 institutis
2723 4499 3035 4546 annuentes
3082 4498 3137 4544 et
3188 4488 3554 4557 adhaerentes,

278 4579 379 4633 καὶ
414 4575 794 4645 συνεπόμενοι,
820 4572 1174 4645 ἐπεδώκαμεν
1208 4577 1435 4641 ἑαυτοὺς
1458 4578 1534 4641 ὡς
1567 4579 1643 4650 τῷ
1675 4582 1866 4655 Κυρίῳ

277 4664 420 4735 τῷδε
461 4662 540 4733 τῷ
587 4663 920 4732 συστήματι.
979 4664 1120 4733 Φησὶ
1166 4665 1276 4733 γάρ
1309 4682 1323 4697 ·
1373 4666 1435 4720 '0
1464 4669 1727 4739 ποιήσας
1771 4673 1865 4729 ἐνί

276 4756 512 4807 τούτων
542 4749 661 4805 τῶν
702 4751 983 4822 ἀδελφῶν
1003 4770 1125 4822 μου
1172 4752 1291 4808 τῶν
1319 4754 1662 4826 ἐλαχίστων
1683 4802 1699 4825 ,
1733 4762 1863 4831 ἐμοὶ

277 4845 577 4912 πεποίηκε
600 4849 613 4863 ⁸
654 4844 821 4914 μηδὲν
869 4844 979 4897 τῶν
1020 4845 1292 4916 κειμένων
1346 4848 1685 4917 ἀθετοῦντες,
1729 4854 1865 4925 μηδέ

277 4934 754 5009 παραμελοῦντες.
809 4936 896 4999 Ὠς
931 4935 1028 4990 ἐάν
1082 4954 1213 4991 ποτε
1249 4939 1443 5012 ὀφθείη
1470 4960 1553 5007 τις
1580 4943 1689 4998 τῶν
1711 4945 1863 4999 ἀδελ-

276 5027 399 5095 φῶν
460 5025 492 5097 ἢ
543 5026 803 5098 παρορῶν
858 5027 951 5080 τὸν
1029 5026 1282 5101 κείμενον
1341 5032 1535 5104 νεκρὸν
1571 5072 1586 5097 ,
1634 5035 1730 5088 καὶ
1788 5036 1864 5107 μή

275 5118 548 5185 ἀναφέροι
586 5118 663 5188 τῷ
700 5117 771 5171 τὰ
814 5118 1013 5189 πρῶτα
1045 5119 1267 5190 φέροντι
1317 5122 1420 5194 τῆς
1476 5122 1860 5197 ἀδελφότητοςο

273 5210 308 5280 ἦ
370 5208 430 5262 ἐν
463 5211 576 5271 τοῖς
609 5210 854 5281 ἀρίστοις
911 5210 1286 5283 φθεγγόμενος
1318 5213 1356 5267 ἀ
1410 5214 1487 5286 μὴ
1531 5217 1710 5287 θέμις,
1764 5217 1863 5271 καὶ

274 5302 541 5371 πράττων
569 5301 637 5355 τὰ
668 5302 768 5373 οὐχ
787 5302 935 5365 ὅσια,
985 5302 1060 5367 ὡς
1088 5303 1337 5359 ἐντεῦθεν
1365 5306 1457 5362 τὸν
1490 5306 1622 5361 Θεὸν
1656 5325 1864 5381 παρορ-

271 5393 527 5460 γίζεσθαι
552 5435 566 5458 ,
596 5393 857 5464 ἐπιτιμίῳ
883 5394 1282 5449 ὑποϐάλλεσθαι
1314 5398 1464 5469 παρά
1492 5398 1587 5452 τοῦ
1614 5402 1859 5471 προκαθ-

268 5485 606 5553 ηγουμένου,
638 5485 808 5557 τριῶν
860 5485 1083 5557 ήμερῶν
1131 5488 1309 5560 ἀποχῇ
1348 5489 1514 5557 οίνου,
1545 5491 1641 5545 καὶ
1681 5494 1855 5562 ἀργυ-

1970 4587 2103 4642 huic
2150 4603 2252 4642 nos
2310 4587 2474 4642 coetui
2524 4594 2781 4655 tanquam
2812 4583 3044 4639 Domino
3093 4581 3436 4646 addiximus;
3479 4581 3557 4635 ait

1968 4677 2112 4731 enim
2149 4696 2161 4731 :
2199 4676 2301 4741 Qui
2333 4678 2513 4749 fecerit
2542 4677 2633 4729 uni
2660 4676 2723 4729 de
2754 4676 2833 4729 his
2865 4673 3118 4745 fratribus
3140 4672 3269 4726 meis
3298 4672 3550 4739 minimis,

1968 4770 2097 4823 mihi
2127 4771 2248 4841 fecit
2277 4768 2325 4801 “
2362 4786 2377 4824 :
2406 4769 2541 4823 nihil
2571 4783 2761 4823 eorum
2790 4782 2911 4836 quae
2938 4765 3147 4821 sancita
3182 4772 3311 4819 sunt
3349 4764 3556 4834 impro-

1966 4858 2183 4922 bantes,
2215 4872 2396 4927 neque
2430 4866 2807 4927 aspernantes,
2840 4865 2901 4910 ut
2930 4855 2974 4910 si
3003 4854 3220 4925 quando
3243 4854 3554 4924 deprehen-

1966 4962 2058 5002 sus
2093 4947 2258 5003 fuerit
2282 4947 2569 5017 quisquam
2598 4962 2665 5002 ex
2709 4945 2991 5010 fratribus,
3025 4946 3120 5015 qui
3165 4945 3250 5001 vel
3272 4945 3550 5015 jacentem

1967 5046 2245 5092 mortuum
2289 5037 2590 5108 despiciat,
2630 5044 2688 5092 et
2719 5036 2788 5091 ad
2821 5035 3143 5106 primarium
3190 5034 3550 5090 fraternitatis

1965 5145 2077 5184 non
2107 5130 2327 5196 referat,
2355 5132 2441 5186 vel
2488 5131 2545 5185 in
2586 5131 2655 5185 iis
2688 5130 2935 5201 prandiis
2980 5129 3234 5200 loquatur
3273 5144 3395 5199 qua:
3434 5143 3548 5184 non

1965 5222 2115 5289 licet,
2136 5232 2327 5295 agatve
2349 5239 2457 5277 non
2485 5231 2656 5286 recta,
2686 5222 2759 5276 ita
2793 5231 2848 5277 ut
2879 5222 3022 5277 Deus
3049 5221 3177 5277 inde
3209 5220 3546 5287 offendatur;

1966 5313 2114 5367 hunc
2150 5314 2475 5383 praepositus
2519 5327 2697 5382 poena:
2736 5311 3025 5381 subjiciat,
3056 5312 3141 5367 vel
3196 5311 3462 5366 triduana:
3513 5325 3547 5366 a

1966 5405 2096 5459 vino
2123 5404 2491 5471 abstinentiae,
2531 5404 2617 5457 vel
2647 5402 2832 5457 multae
2864 5405 3027 5456 unius
3065 5402 3308 5473 argentei
3358 5420 3372 5456 :
3430 5410 3546 5455 tum

1963 5496 2032 5549 ab
2067 5495 2158 5550 illo
2195 5495 2636 5550 emendationem
2660 5494 2714 5547 in
2754 5502 3035 5563 posterum
3067 5492 3263 5563 exigat.
3289 5491 3371 5544 Ad
3403 5490 3542 5555 haec,

272 5576 393 5645 pio-3
430 5576 551 5638 ἐνὸς
580 5576 881 5648 καταδολῇ,
908 5573 1007 5630 εἷθ’
1038 5576 1214 5643 οὕτως
1246 5581 1421 5638 αίτείν
1448 5581 1585 5654 πρὸς
1612 5582 1673 5637 τὸ
1723 5583 1854 5655 ἐξῆς

1970 5585 2359 5643 observandum
2396 5587 2568 5651 vobis,
2624 5595 2682 5640 ut
2712 5600 2835 5641 cum
2864 5584 3024 5640 alicui
3064 5583 3289 5639 fratrum
3325 5588 3546 5637 vestro-

347 5750 393 5780 “
428 5750 617 5803 Matth.
655 5766 806 5812 χχιιι,
852 5749 929 5805 i0.
