4044 6366
543 325 651 391 955

1739 325 1800 386 S.
1831 324 2226 386 THEODORI
2273 323 2624 384 STUDITfE

3705 321 3809 389 956

544 453 664 494 rum
695 436 1003 493 communis
1028 452 1175 492 mors
1201 435 1476 510 obtigerit,
1510 437 1841 493 conveniant
1866 453 1972 491 una
1995 451 2117 490 om-

2224 435 2526 506 βελτίωσιν.
2559 435 2703 506 Πρὸς
2751 434 2964 498 τούτοις
3024 433 3393 505 φυλάττεσθαι
3421 433 3570 504 ὑμᾶς
3593 434 3692 487 καὶ
3719 433 3806 500 τὸ,

543 545 674 596 nes,
707 537 763 584 et
788 529 936 598 justa
966 527 1040 582 illi
1068 529 1385 599 persolvant
1413 545 1428 582 :
1460 537 1521 583 ut
1560 543 1626 582 ex
1670 527 1775 582 hoc
1800 527 1967 581 etiam
2007 527 2127 581 lau-

543 620 705 672 detur
733 619 985 690 egregius
1022 625 1198 673 coetus
1233 625 1434 678 vester,
1471 617 1536 671 ad
1567 614 1792 687 gloriam
1821 625 1876 670 et
1908 616 2124 670 laudem

544 709 815 780 magnifici
841 708 933 763 Dei
960 711 1156 764 nostri.
1187 709 1315 763 Fide
1340 709 1502 779 igitur
1525 722 1589 761 ac
1618 715 1764 761 metu
1785 706 1915 762 huic
1942 707 2125 762 libello

543 815 645 854 nos
673 808 1044 870 aggregantes,
1063 800 1224 854 etiam
1247 799 1468 854 nomina
1501 804 1681 851 nostra
1704 797 2125 852 subnotavimus

544 907 668 946 cum
715 891 1018 962 quantitate
1063 890 1357 946 oblationis
1386 900 1589 945 nostra:
1647 889 1929 954 minimae,
1977 888 2123 943 illius

543 981 853 1036 mercedem
909 981 962 1034 in
1007 980 1194 1035 futuro
1232 980 1434 1035 saeculo
1463 986 1844 1048 exspectantes
1881 994 1910 1032 a
1938 993 2123 1032 remu-

541 1080 819 1135 neratore,
842 1071 992 1140 justo
1010 1071 1195 1146 judice
1228 1070 1636 1134 omnium,.lesu
1651 1068 1868 1125 Christo
1891 1068 2123 1126 Domino

540 1178 607 1216 ac
641 1162 750 1219 Deo
786 1175 999 1219 nostro.

2230 527 2362 581 ὅταν
2409 527 2548 598 τύχῃ
2575 528 2655 580 ἐνὶ
2681 526 2793 580 τῶν
2842 526 3090 596 ἀδελφῶν
3115 527 3144 578 ὑ
3152 525 3271 595 μῶν
3302 527 3331 580 ό
3351 523 3533 588 κοινὸς
3553 523 3808 588 θάνατος.

2230 617 2442 682 πάντας
2497 615 2947 689 συναθροίζεσθαι
2983 618 3079 672 ἐπὶ
3119 617 3180 671 τδ
3204 616 3358 679 αὐτὸ,
3388 615 3485 670 καὶ
3507 615 3609 687 τὴν
3643 617 3809 669 ἐκκο-

2233 706 2398 777 μιδὴν
2425 707 2522 762 καὶ
2541 707 2863 778 ἐνταφίασιν
2891 707 3060 762 αὑτοῦ
3100 708 3376 762 ποιεῖσθαι
3403 723 3418 738 ·
3447 705 3591 761 ῶστε
3620 706 3718 759 καὶ
3746 707 3811 761 ἐκ

2227 799 2425 853 τούτου
2459 800 2533 854 τδ
2565 800 2729 854 καλὸν
2773 801 2804 853 ὑ
2815 800 2934 871 μῶν
2979 799 3270 870 σύνταγμα
3300 800 3648 856 ἐπαινεῖσθαι
3672 801 3812 872 πρὸς

2227 891 2385 956 δόξαν
2417 893 2510 946 καὶ
2553 889 2703 946 αἶνον
2735 891 2831 947 τοῦ
2887 891 3269 963 μεγαλοδώρου
3298 892 3438 946 Θεοῦ
3480 893 3668 964 ἡμῶν.
3709 892 3813 945 Πί-

2229 1000 2342 1038 στει
2366 979 2461 1038 οὖν
2497 985 2592 1039 καὶ
2613 985 2767 1056 φόϐῳ
2793 984 2934 1056 τῷδε
2976 984 3054 1056 τῷ
3083 984 3458 1056 γραμματείῳ
3504 983 3813 1050 συντάξαν-

2225 1076 2588 1141 τεςέαυτοὺς,
2615 1077 2710 1131 καὶ
2737 1076 2806 1131 τά
2828 1078 3042 1132 ἐαυτῶν
3064 1078 3303 1147 όνόματα
3333 1074 3814 1147 ὑπεσημηνάμεθα

2230 1167 2329 1220 σὺν
2375 1167 2454 1240 τῷ
2476 1167 2650 1240 ποσῷ,
2693 1169 2792 1241 τὴν
2834 1167 3260 1241 μισθαποδοσίαν
3285 1165 3492 1239 ταύτης
3522 1166 3684 1239 ἡμῶν
3711 1165 3813 1233 τῆς

541 1251 829 1326 ἐλαχίστης
861 1255 1172 1323 προθέσεως
1203 1252 1626 1323 ἀπεκδεχόμενοι
1655 1255 1714 1306 ἐν
1743 1253 1821 1324 τῷ
1853 1252 2104 1325 μέλλοντι
2141 1255 2299 1311 αίῶνι
2333 1280 2344 1292 ο
2375 1260 2530 1333 παρά
2571 1260 2669 1316 τοῦ
2739 1260 3136 1334 μισθαποδότου
3201 1260 3414 1315 δικαίου
3472 1258 3665 1331 κριτοῦ
3703 1259 3814 1311 τῶν

539 1346 676 1403 δλων
705 1348 880 1420 Ἰησοῦ
933 1349 1170 1419 Χριστοῦ
1215 1347 1312 1402 τοῦ
1355 1349 1557 1420 Κυρίου
1591 1349 1686 1401 καὶ
1726 1347 1862 1402 Θεοῦ
1913 1347 2096 1419 ἡμῶν.

922 1461 1062 1517 XIV.
1088 1491 1158 1502 —-
1185 1461 1395 1533 Ignatio
1418 1463 1718 1533 prwposito.

2513 1462 2612 1514 ιε’.
2645 1490 2715 1501 -
2744 1461 3014 1531 Ἶγνατίῳ
3046 1460 3379 1532 ἡγουμένῳ.
3415 1459 3533 1536 [λ’.]

1805 1550 2097 1600 Monachum
2120 1551 2382 1615 fugitivum
2403 1551 2610 1615 repetit.

614 1636 756 1691 Ante
778 1637 960 1692 omnia
995 1637 1340 1692 salutationis
1380 1638 1626 1693 debitum
1652 1647 1892 1708 paterna
1928 1637 2120 1693 sancti-

2307 1637 2422 1709 Πρδ
2455 1637 2660 1702 παντὸς
2679 1637 2842 1692 άλλου
2869 1638 2929 1692 τδ
2953 1637 3053 1708 τῆς
3078 1639 3456 1710 προσηγορίας
3481 1638 3645 1712 χρέος
3671 1641 3807 1694 ἀπο-

545 1725 642 1780 tati
705 1737 812 1782 tute
859 1727 1112 1797 persolvo
1141 1744 1156 1782 :
1185 1730 1264 1782 sic
1318 1727 1465 1782 enim
1515 1728 1729 1784 debui:
1767 1738 1881 1784 tum
1933 1729 2131 1786 deinde

544 1833 762 1872 causam
821 1835 1088 1888 exponam
1149 1821 1454 1875 litterarum
1509 1836 1775 1877 mearum.
1827 1822 2130 1878 Rationalis

543 1911 662 1964 ovis
686 1918 888 1974 nostra,
909 1911 1072 1966 frater
1099 1911 1210 1976 ille,
1241 1913 1524 1983 multiplici
1543 1914 1847 1968 animarum
1869 1915 2131 1970 interem-

546 2004 720 2073 ptoris
750 2005 860 2075 lupi
892 2005 1081 2061 fraude
1124 2006 1367 2072 illectus,
1403 2007 1472 2062 ab
1520 2007 1711 2062 humili
1749 2008 1878 2063 ovili
1937 2018 2128 2064 nostro

544 2094 753 2162 ejectus
782 2104 887 2163 est,
930 2106 1344 2166 susceptusque,
1379 2108 1439 2152 ut
1460 2100 1837 2170 cognovimus,
1866 2102 1919 2155 in
1946 2117 2128 2156 mona-

545 2184 712 2238 sterio
739 2185 1038 2240 sauctitatis
1069 2195 1194 2242 tum.
1229 2186 1382 2252 Quod
1415 2188 1460 2242 si
1491 2190 1672 2244 statim
1702 2206 1765 2245 ac
1788 2190 1938 2245 illum
1965 2207 2127 2248 exce-

547 2274 645 2345 pit,
687 2275 922 2330 reditum
951 2276 1024 2330 illi
1052 2277 1332 2344 suasisset,
1359 2277 1543 2334 dolum
1582 2283 1896 2345 ostendens.
1929 2291 1980 2336 et
2007 2282 2126 2338 exi-

546 2367 680 2421 tium
709 2383 817 2437 quo
859 2367 1086 2423 allectus
1123 2379 1228 2431 est,
1259 2385 1324 2424 ac
1368 2371 1566 2427 deinde
1597 2373 1875 2429 meliorem
1923 2375 2122 2429 factum

545 2458 611 2511 ad
652 2459 1080 2515 mediocritatem
1132 2469 1371 2516 nostram
1416 2463 1743 2528 reduxisset,
1790 2465 1929 2520 nihil
1967 2467 2036 2520 ab
2065 2482 2124 2521 re

544 2551 742 2604 factum
765 2561 930 2617 esset,
960 2552 1053 2606 sed
1080 2553 1224 2622 quod
1253 2553 1423 2624 ipsam
1459 2556 1850 2620 deceret,sicut
1871 2559 2124 2613 asanctis

539 2643 676 2712 jussi
708 2659 918 2697 sumus.
946 2643 1100 2699 Nunc
1123 2662 1272 2709 vero,
1304 2657 1589 2716 postquam
1623 2657 1832 2702 tantum
1861 2651 2123 2719 temporis

543 2736 772 2798 ellluxit,
804 2747 858 2792 et
889 2738 1035 2792 nulla
1065 2738 1274 2794 reditus
1313 2743 1517 2795 mentio
1540 2781 1554 2806 ,
1599 2741 1931 2812 interrogare
1966 2741 2118 2808 libet,

544 2844 652 2898 quo
683 2840 840 2898 pacto
872 2829 1198 2901 discipulum
1227 2847 1408 2885 meum
1437 2832 1610 2902 pictas
1640 2841 1731 2888 tua
1757 2835 1905 2889 velut
1936 2834 2119 2906 ignara

547 2921 798 2975 retineat.
846 2921 1008 2991 Atqui
1049 2923 1369 2993 Oportebat,
1425 2939 1549 2978 cum
1589 2925 1826 2995 primum
1875 2927 2116 3000 agnovit,

546 3027 705 3081 quem
739 3028 847 3067 non
881 3014 1210 3082 totonderat,
1241 3014 1519 3074 dimittere
1555 3034 1569 3070 :
1606 3027 1665 3072 ut
1691 3035 1812 3089 qua:
1858 3020 1993 3075 satis
2036 3020 2120 3076 in-

547 3105 756 3176 telligit,
789 3116 1052 3176 quantum
1089 3108 1143 3163 id
1185 3109 1380 3164 habeat
1429 3110 1766 3166 detrimenti.
1815 3110 1929 3169 Scit
1975 3112 2120 3168 enim

545 3196 673 3264 quid
703 3199 909 3252 sanciat
936 3199 1154 3254 divinus
1179 3215 1514 3271 magnusque
1537 3201 1782 3267 Basilius,
1829 3213 1889 3259 ut
1914 3220 1946 3259 a
1975 3203 2123 3260 nulla

545 3285 884 3342 fraternitate
911 3289 1226 3358 recipiatur,
1254 3291 1344 3361 qui
1371 3309 1402 3346 a
1427 3292 1654 3347 fratrum
1677 3309 1898 3349 suorum
1929 3305 2124 3351 contu-

544 3378 736 3434 bernio
779 3380 1026 3435 resilivit.
1051 3379 1343 3448 Quomodo
1375 3384 1526 3438 enim
1575 3383 1875 3441 consistere
1911 3387 2125 3457 possint

544 3469 813 3536 emnobia,
855 3471 960 3527 nisi
991 3471 1097 3528 hoc
1122 3483 1284 3544 caput
1324 3491 1437 3544 pra:
1481 3475 1738 3531 omnibus
1765 3476 2124 3532 observetur?

546 3562 699 3628 Quod
735 3562 780 3617 si
811 3562 953 3617 inter
977 3564 1157 3619 saeculi
1183 3565 1346 3636 hujus
1371 3566 1777 3636 ludimagistros
1801 3567 1852 3622 in
1882 3568 2124 3638 discipli-

544 3671 670 3710 nam
699 3656 945 3727 recipere
990 3674 1220 3728 puerum
1261 3675 1369 3714 non
1398 3660 1548 3727 licet,
1585 3661 1677 3731 qui
1723 3661 1878 3716 alteri
1923 3662 2124 3716 schola:

546 3748 776 3802 traditus
804 3747 895 3814 sit,
937 3757 1031 3804 aut
1056 3749 1101 3804 si
1130 3751 1252 3820 quis
1280 3751 1332 3806 id
1361 3751 1545 3817 faciat,
1579 3768 1702 3806 eum
1736 3768 1928 3808 omnes
1955 3754 2124 3808 colle-

545 3839 618 3894 cti
660 3840 842 3896 multa:
872 3857 1154 3913 pcnnaeque
1184 3843 1504 3913 subjiciunt,
1552 3855 1756 3915 quanto
1787 3845 1954 3915 magis
1983 3846 2124 3901 inter

546 3947 666 3995 nos,
697 3931 1037 3988 sanctissime
1063 3933 1221 3989 Pater
1242 3975 1257 3999 ,
1289 3935 1380 4005 qui
1426 3935 1481 3990 in
1512 3935 1605 3990 Dei
1633 3935 1872 3991 Ecclesia
1911 3953 2120 4004 sumus,

543 4031 596 4075 et
618 4022 824 4076 animas
853 4023 1192 4079 instituimus
1223 4025 1290 4079 ad
1333 4024 1643 4096 exemplum
1675 4026 1834 4095 primi
1882 4027 2123 4098 magistri

543 4123 598 4168 et
644 4114 879 4184 pastoris
927 4115 1097 4171 nostri
1148 4114 1275 4170 Jesu
1320 4115 1786 4187 Christi?Utique
1837 4133 1947 4171 non
2000 4133 2122 4173 sum

544 4203 762 4257 nescius
809 4209 862 4258 te
913 4203 1177 4275 sapientia
1236 4205 1574 4276 scientiaque
1636 4206 1935 4262 abundare.
1990 4207 2118 4271 Sed,

2229 1729 2429 1785 τιννύω
2475 1733 2540 1802 τῇ
2593 1733 2838 1802 πατρικῇ
2893 1748 2988 1784 σου
3031 1730 3313 1802 ἁγιωσύνῃ
3341 1749 3356 1764 '
3391 1730 3606 1802 ὤφελον
3657 1734 3765 1802 γάρ
3791 1748 3808 1764 ⁸

2229 1817 2332 1875 εἷθ’
2378 1820 2553 1886 οὕτως
2585 1822 2686 1892 τὴν
2717 1822 2901 1876 αἰτίαν
2933 1821 3044 1875 τῶν
3098 1823 3444 1893 γραμμάτων
3485 1823 3806 1892 ἀπαγγελῶ.

2231 1912 2514 1982 Πρόϐατον
2575 1912 2735 1985 ἡμῶν
2781 1913 2999 1982 λογικὸν
3035 1915 3065 1966 ό
3094 1915 3241 1968 δεῖνα
3274 1916 3304 1968 ό
3329 1914 3560 1984 ἁδελφὸς
3579 1956 3594 1978 ,
3625 1915 3811 1969 δελεαο

2231 2004 2382 2069 σθεὶς
2429 2005 2535 2058 ὑπὸ
2575 2006 2678 2076 τῆς
2720 2005 3094 2076 πολυμεθόδου
3129 2005 3465 2076 πανουργίας
3507 2004 3605 2060 τοῦ
3636 2004 3811 2076 ψῦχος

2227 2096 2432 2170 φθόρου
2477 2095 2666 2163 λύκου,
2709 2097 2996 2169 ἀπεξεώθη
3032 2098 3133 2170 τῆς
3165 2097 3427 2166 ταπεινῆς
3487 2097 3648 2167 ἡμῶν
3689 2098 3810 2150 ποί-

2228 2205 2388 2260 μνης,
2418 2188 2532 2255 καὶ,
2556 2187 2632 2252 ὡς
2655 2187 2924 2257 ἔγνωσται
2949 2190 3103 2259 ἡμῖν,
3132 2187 3469 2258 προσεδέχθη
3495 2189 3554 2242 ἐν
3578 2191 3647 2260 τῇ
3675 2192 3807 2260 μονῇ

2225 2282 2322 2351 τῆς
2349 2277 2628 2350 όσιότητός
2667 2296 2784 2334 σου.
2817 2279 2928 2332 Καὶ
2971 2281 3020 2332 εί
3079 2279 3180 2350 μὲν
3233 2278 3481 2350 παρευθὺ
3529 2278 3806 2350 δεξαμένη

2223 2371 2576 2442 νενουθέτηκε
2620 2371 2690 2425 τά
2741 2371 2880 2442 πρὸς
2940 2370 3324 2441 ὑποστροφὴν,
3380 2368 3810 2424 ὐποδεικνῦουσα

2222 2461 2322 2534 τὴν
2351 2463 2572 2533 ἀπάτην
2605 2460 2816 2516 καὶτὸν
2845 2460 3068 2532 δλεθρον
3096 2460 3156 2515 δν
3186 2461 3459 2516 πέπονθεν
3486 2477 3503 2495 ο
3544 2456 3669 2514 εἶτα
3693 2460 3810 2530 βελ-

2221 2555 2464 2610 τιὼσασα
2481 2553 2691 2624 ἀνθυπή
2703 2570 2835 2621 γαγε
2862 2553 2995 2624 πρὸς
3009 2553 3110 2622 τὴν
3131 2552 3407 2606 εὐτέλειαν
3424 2554 3457 2622 ἡ
3467 2550 3585 2623 μῶν
3609 2569 3622 2583 ·
3650 2551 3806 2605 οὐδὲν

2220 2647 2281 2700 τδ
2297 2646 2546 2713 ἀπεικὸς,
2573 2645 2712 2700 ἀλλά
2733 2645 2794 2699 τὸ
2815 2643 3132 2716 ἐφαρμόζον
3155 2646 3317 2716 αὐτῇ,
3333 2645 3410 2708 ὡς
3432 2643 3804 2714 ἐπετάλμεθα

2221 2737 2326 2791 ὑπὸ
2377 2736 2486 2792 τῶν
2540 2737 2734 2806 ἀγίων.
2764 2737 2922 2791 Ἐπεὶ
2963 2737 3020 2792 δὲ
3053 2738 3310 2803 τοσοῦτος
3358 2738 3549 2810 χρόνος
3588 2738 3799 2810 παρίπ-

2222 2844 2410 2889 πευσε,
2445 2825 2540 2880 καὶ
2571 2825 2862 2900 οὐδαμοῦὴ
2908 2827 3184 2890 ἀνάλυσις.
3211 2827 3554 2901 ἐρωτηθῆναι
3616 2826 3807 2898 puditu-

2223 2937 2341 2990 μαι,
2359 2920 2495 2991 ποίῳ
2511 2920 2700 2992 τρόπῳ
2726 2920 2818 2973 τὸν
2843 2920 3092 2992 μαθητήν
3122 2938 3222 2992 μου
3249 2922 3538 2993 ἐπικρατεῖ
3557 2922 3591 2992 ἡ
3617 2920 3805 2990 θεοφι-

2226 3009 2347 3064 λειά
2371 3027 2488 3073 σου,
2519 3009 2596 3074 ὡς
2628 3009 2923 3079 ἀγνοοῦσα.
2959 3010 3101 3065 Ἀλλ’
3127 3011 3235 3064 ἔδει
3275 3010 3394 3082 μετ’
3423 3009 3799 3080 ἐπιγνώσεως,

2223 3100 2282 3156 ὃν
2315 3102 2417 3156 οὐκ
2464 3101 2791 3173 ἀπέκειρεν,
2823 3100 3260 3174 ἀποπέμψασθαι
3294 3115 3310 3131 °
3353 3101 3430 3166 ὡς
3457 3101 3806 3171 γινώσκουσα

2223 3192 2359 3249 πολὺ
2389 3194 2449 3247 τὸ
2500 3193 2820 3258 ἐπιϐλαϐές.
2865 3193 3190 3248 Ἐπίσταται
3228 3193 3338 3265 γάρ
3383 3193 3436 3247 τί
3467 3195 3754 3266 νομοθεπῖ
3777 3199 3807 3250 ό

2225 3285 2367 3349 θεῖος
2388 3287 2483 3340 καὶ
2519 3286 2694 3357 μέγας
2718 3285 3022 3351 Βασίλειος,
3048 3284 3144 3338 τοῦ
3175 3285 3550 3356 ἀπρόσδεκτον
3576 3285 3716 3340 εἶναι
3744 3289 3804 3341 ἐν

2225 3379 2432 3442 πάσαις
2481 3380 2606 3442 ταῖς
2653 3377 3005 3448 ἀδελφότησι,
3036 3377 3128 3432 τὸν
3157 3377 3525 3448 άποπηδῶντα
3561 3378 3664 3448 τῆς
3692 3379 3801 3432 τῶν

2223 3467 2442 3522 οἰκείων
2481 3469 2728 3538 ἀδελφῶν
2779 3469 3100 3540 συναφείας.
3137 3470 3262 3534 Πῶς
3305 3471 3418 3542 γάρ
3461 3469 3528 3524 ἀν
3575 3470 3674 3525 καὶ
3707 3487 3805 3523 συο

2227 3557 2491 3629 σταίησαν
2533 3558 2603 3612 τὰ
2667 3559 2930 3624 κοινόϐια,
2969 3560 3018 3614 εί
3069 3559 3147 3631 μὴ
3186 3558 3345 3614 τοῦτο
3383 3560 3806 3632 παρατηρηθείη

2225 3648 2334 3720 πρό
2359 3665 2425 3718 γε
2461 3649 2680 3704 πάντων
2711 3650 2772 3704 τὸ
2797 3651 3094 3719 κεφάλαιον
3119 3668 3136 3719 ;
3167 3651 3229 3704 Et
3259 3651 3367 3723 γὰρ
3388 3651 3480 3706 ἐπὶ
3525 3652 3637 3705 τῶν
3674 3669 3806 3706 παι-

2223 3737 2623 3794 δοδιδασκάλων
2645 3737 2740 3793 τοῦ
2760 3739 2962 3810 κόσμου
2979 3739 3194 3804 τούτου,
3213 3741 3311 3812 οὐχ
3331 3735 3562 3814 οἷόνιτὲ]
3580 3741 3700 3794 ἐστι
3723 3741 3808 3795 δέ·

2226 3829 2420 3898 ξασθαι
2474 3833 2533 3885 ἐν
2564 3834 2680 3897 τοῖς
2727 3833 3016 3905 μαθήμασι
3060 3852 3183 3888 τινα
3225 3835 3320 3888 τὸν
3351 3835 3412 3888 tv
3443 3835 3610 3905 ἑτέρᾳ
3635 3833 3802 3906 σχολῇ

2223 3923 2616 3994 παραδοθέντα
2633 3925 2802 3978 παῖδα
2833 3941 2848 3955 ο
2880 3925 2913 3995 ἢ
2943 3923 3106 3978 τοῦτο
3141 3924 3403 3980 ποιοῦντα
3431 3925 3804 3980 ὑποϐάλλουσι

2224 4017 2676 4090 συνηθροισμένοι
2704 4019 2752 4071 ot
2779 4018 2977 4082 πάντες
3007 4019 3306 4089 ἐπιτιμίοις
3333 4019 3538 4092 ζημίᾳο
3565 4020 3717 4090 πόσῳ
3738 4035 3802 4088 τι

2229 4109 2432 4180 μᾶλλον
2466 4109 2555 4180 ἐφ’
2586 4109 2765 4181 ἡμῶν,
2792 4108 3064 4179 άγιώτατε
3087 4109 3291 4179 Πάτερ,
3325 4109 3435 4165 τῶν
3474 4109 3804 4182 Ἐκκλησίας

2223 4202 2362 4257 Θεοῦ
2419 4203 2780 4274 κατεχόντων,
2804 4203 2902 4256 καὶ
2945 4200 3134 4273 ψυχῶν
3168 4202 3630 4274 καθηγουμένων,
3658 4205 3802 4258 κατά

543 4307 727 4361 quzeso
762 4303 832 4358 te,
885 4293 1010 4348 facti
1064 4295 1226 4364 hujus
1253 4296 1646 4352 absurditatem
1679 4298 1962 4353 considera
1991 4342 2005 4366 ,
2063 4310 2119 4354 tu

2227 4294 2460 4363 μίμησιν
2483 4292 2578 4346 τοῦ
2609 4291 2827 4362 πρώτου
2855 4292 3178 4346 διδασκάλου
3223 4292 3321 4346 καὶ
3352 4293 3616 4364 ποιμένος
3645 4292 3802 4364 ἡμῶν

544 4382 800 4446 maxime,
827 4383 918 4452 qui
952 4384 1094 4438 inter
1130 4400 1316 4442 sacros
1347 4385 1542 4442 fratres
1587 4387 1756 4458 gradu
1802 4398 1859 4443 et
1911 4389 2118 4445 honore

543 4475 887 4546 praecinines.
921 4477 1003 4531 An
1034 4477 1232 4542 nescis,
1255 4479 1618 4543 sanctissime,
1661 4479 1804 4548 quod
1837 4487 1929 4535 tuo
1953 4481 2114 4535 etiam

543 4568 688 4639 gregi
719 4567 941 4622 noxium
973 4568 1044 4622 sit
1070 4568 1303 4623 alienam
1325 4584 1482 4625 ovem
1510 4572 1808 4641 copulare?
1831 4571 1966 4627 Cum
1989 4589 2119 4644 ergo

541 4659 598 4714 in
626 4659 876 4715 confesso
913 4659 984 4715 sit
1023 4669 1234 4714 tantum
1282 4662 1506 4731 malum,
1577 4679 1798 4719 oramus
1822 4707 1836 4730 ,
1896 4672 1957 4718 ut
1994 4680 2117 4720 cum

542 4752 750 4807 litteras
773 4752 1048 4823 simplices
1068 4762 1284 4808 nostras
1313 4755 1612 4824 acceperis.
1637 4755 1895 4810 fratribus
1918 4757 2120 4812 nostris

543 4841 598 4896 in
630 4858 749 4897 eam
787 4860 902 4900 rem
940 4844 1123 4900 missis
1165 4843 1317 4900 illum
1351 4847 1570 4909 tradas,
1626 4856 1686 4903 ut
1731 4847 1798 4902 ad
1838 4847 2118 4918 proprium

541 4932 684 4986 ovile
711 4934 994 5000 reducant,
1041 4949 1164 4989 cum
1199 4935 1364 4990 rebus
1391 4936 1650 4992 Ecclesiae
1691 4952 1826 5006 quas
1871 4935 2115 4992 abstulit.

541 5021 694 5087 Quod
735 5021 779 5076 si
823 5023 1044 5094 obsequi
1089 5024 1256 5079 frater
1301 5025 1526 5092 abnuat,
1561 5026 1847 5081 confestim
1893 5041 1924 5080 a
1963 5041 2118 5080 sacro

542 5113 693 5168 illum
725 5114 852 5169 ovili
887 5122 980 5170 tuo
1003 5115 1055 5170 in
1087 5117 1281 5170 malam
1305 5131 1421 5172 rem
1452 5118 1682 5188 ejectum
1713 5118 1865 5173 velis.
1898 5115 1992 5172 Sin
2019 5134 2117 5172 au-

544 5215 671 5269 tem,
705 5206 846 5275 quod
887 5207 1110 5263 minime
1149 5224 1350 5275 remur,
1385 5220 1508 5280 post
1542 5211 1786 5266 notitiam
1815 5211 1958 5266 hanc
1983 5211 2116 5266 reti-

542 5310 672 5349 nere
707 5296 855 5350 illum
894 5296 1110 5368 pergis,
1143 5298 1278 5354 scito
1311 5299 1529 5372 ligatum
1565 5317 1594 5356 a
1627 5295 1785 5357 nobis
1815 5317 1955 5367 esse,
2005 5317 2116 5356 non

545 5394 766 5453 temere,
811 5386 905 5441 sed
947 5403 1142 5458 magno
1185 5404 1410 5459 prorsus
1454 5391 1678 5462 judicio,
1729 5393 1813 5448 vel
1859 5392 2040 5463 potius
2085 5410 2115 5447 a

541 5487 727 5532 sancta
757 5478 1026 5535 Trinitate
1055 5489 1109 5536 et
1149 5481 1421 5538 universis
1453 5483 1877 5539 sacerdotalibus
1923 5485 2116 5540 decre-

541 5568 628 5633 tis,
688 5579 746 5622 ut
793 5572 1181 5628 communione
1231 5583 1414 5630 careat
1458 5574 1765 5632 divinorum
1823 5575 2114 5643 donorum,

538 5667 698 5728 atque
724 5662 1054 5718 exteriorum
1086 5680 1300 5735 quoque
1329 5665 1573 5720 ciborum
1599 5665 1896 5731 consortio,
1938 5652 2114 5736 quoad

541 5768 791 5810 reversus
822 5756 1063 5812 mandrze
1107 5773 1218 5814 sua:
1268 5758 1606 5816 restituatur.
1639 5757 2112 5826 Quemadmodum

2239 4383 2412 4455 Ἰησοῦ
2463 4384 2742 4456 Χριστοῦς
2775 4379 2908 4438 Οἶδα
2951 4384 3132 4438 τοίνυν
3180 4384 3265 4437 ὅτι
3295 4384 3731 4454 πεπληρωμένος
3753 4379 3806 4436 εἴ

2225 4478 2416 4548 σοφίας
2440 4477 2534 4531 καὶ
2562 4477 2835 4546 γνώσεως.
2871 4475 3034 4530 Ἀλλά
3061 4476 3252 4548 δέομαί
3287 4493 3380 4529 σου
3413 4475 3717 4546 ἐπιγνῶναι
3741 4475 3800 4528 τὸ

2223 4570 2598 4641 πραττόμενον
2651 4567 2888 4622 ἔκτοπον
2917 4609 2932 4632 ,
2967 4569 3064 4621 καὶ
3129 4569 3366 4639 μάλιστα
3397 4567 3564 4630 αὐτὸς
3601 4569 3631 4620 ό
3665 4583 3802 4636 προ-

2221 4659 2363 4730 έχων
2389 4657 2499 4712 τῶν
2529 4657 2726 4724 ἄλλων,
2758 4659 2854 4712 καὶ
2878 4657 3080 4730 βρίθων
3117 4661 3176 4714 ἐν
3219 4660 3341 4732 ίερᾷ
3377 4657 3803 4730 ἀδελφότητι.’Π

2219 4751 2318 4804 οὐκ
2367 4745 2536 4814 οἶδας,
2568 4749 2858 4814 ὀσιὼτατε,
2894 4749 2979 4802 ὅτι
3020 4749 3116 4803 καὶ
3145 4749 3295 4822 αὐτῷ
3323 4749 3399 4820 τῷ
3439 4749 3681 4822 ποιμνίῳ
3707 4767 3800 4802 σου

2219 4840 2510 4904 ἐπιϐλαϐές
2563 4841 2680 4893 ἐστι
2733 4841 3030 4895 συνάπτειν
3092 4840 3365 4912 πρόϐατον
3441 4841 3799 4912 ἐτεροδέσποο

2219 4950 2339 4999 τον;
2370 4933 2640 4986 Τοσοῦτον
2666 4928 2760 4987 οὖν
2793 4933 2968 4998 ὄντος,
3005 4931 3213 4998 λοιπὸν,
3248 4931 3676 5003 ὡμολογημένον
3707 4931 3798 4985 τοῦ

2219 5025 2414 5090 κακοῦ,
2478 5025 2886 5096 ἀντιϐολοῦμεν,
2958 5025 3122 5096 ἡνίκα
3171 5022 3299 5098 δέξῃ
3355 5025 3512 5096 ἡμῶν
3575 5026 3647 5079 τά
3705 5024 3797 5078 εὖ·

2218 5116 2343 5188 τελῆ
2407 5116 2713 5187 γράμματα
2747 5156 2762 5181 ,
2830 5116 3166 5186 παραδοῦναι
3232 5114 3365 5170 αὐτὸ
3449 5116 3564 5178 τοῖς
3666 5117 3799 5185 πρὸς

2218 5208 2350 5263 αὐτὸ
2441 5207 2628 5262 τοῦτο’
2697 5208 3025 5278 πεμφθεῖσιν
3105 5206 3356 5276 ἀδελφοῖς
3436 5205 3597 5277 ήμῶν
3629 5245 3646 5270 ,
3714 5207 3799 5258 ἵνα

2218 5298 2499 5367 ἀγάγωσιν
2582 5297 2745 5351 αὑτὸν
2812 5298 2951 5369 πρὸς
2995 5297 3092 5368 τὴν
3162 5296 3296 5350 ίδίαν
3341 5294 3620 5365 ποίμνην,
3679 5295 3798 5365 μεθ’

2218 5383 2294 5443 ὧν
2345 5390 2733 5461 ἐσφετερίσατο
2776 5391 3120 5460 πραγμάτων
3166 5387 3263 5458 τῆς
3326 5387 3684 5459 Ἐκκλησίας.
3741 5386 3801 5439 Εἰ

2219 5481 2277 5535 δὲ
2299 5481 2560 5555 ἀπειθείᾳ
2590 5480 2792 5552 χρῆται
2823 5483 2852 5534 ό
2882 5480 3130 5549 ἀδελφὸς,
3157 5479 3596 5550 ἀποσκορακίσαι
3643 5477 3798 5532 αὑτὸν

2218 5573 2434 5644 θελήσει
2470 5574 2568 5644 τῆς
2609 5573 2760 5644 ίερᾶς
2802 5572 2966 5627 αὐτοῦ
3000 5571 3236 5641 ποίμνης
3267 5570 3611 5641 παραυτίκα.
3647 5571 3707 5623 Et
3732 5569 3798 5634 δ’,

2219 5668 2359 5738 ὅπερ
2385 5666 2486 5720 οὐκ
2509 5665 2757 5738 οίόμεθα,
2795 5664 2939 5737 μετά
2965 5663 3064 5735 τὴν
3089 5663 3290 5732 γνῶσιν
3320 5663 3530 5733 ταύτην
3575 5666 3795 5717 ἐπικατ-

2218 5758 2363 5830 έχειν
2399 5759 2560 5815 αὑτὸν
2601 5758 2872 5831 βούλεται,
2905 5755 3217 5828 γινωσκέτω
3263 5756 3344 5811 ὅτι
3381 5755 3664 5827 δεδεμένος
3686 5754 3800 5808 ἐστε
