4044 6366
274 384 381 447 957
1499 375 2040 455 EPISTOLARUM
2076 395 2223 456 LIB.
2258 395 2304 456 ι.
2509 401 2512 404 ’
3458 395 3566 458 9.38

274 495 410 567 παρ’
429 493 612 566 ἡμῶν,
647 496 750 551 οὐκ
805 498 1017 567 ἀλόγως
1042 540 1058 565 ,
1087 500 1222 555 ἀλλὰ
1250 503 1346 557 καὶ
1374 503 1496 559 λίαν
1527 507 1860 579 ὲγκεκριμέ-

1971 515 2145 562 autem
2167 507 2324 562 nefas
2347 505 2441 576 sit,
2474 523 2859 582 quemcunque
2888 523 2955 564 ex
2978 506 3258 578 discipulis
3285 505 3397 562 suis
3421 523 3550 562 san-

275 605 408 652 νως,
445 587 652 658 μᾶλλον
699 589 757 643 δὲ
802 589 909 644 ὑπὸ
936 585 1226 662 τῆςάγίας
1259 595 1506 667 Τριάδος,
1537 599 1633 652 καὶ
1684 599 1867 671 πάσης

1971 599 2129 656 ctitas
2165 607 2254 654 tua
2281 599 2482 671 ligarit,
2521 601 2668 656 hunc
2690 603 2758 657 ab
2783 601 2891 658 alio
2926 615 3201 672 quoquam
3242 600 3378 655 solvi
3435 599 3566 666 (ini-

277 679 644 750 θεσμοθεσίας
673 683 981 755 ἱερατικῆς,
1016 685 1132 760 τοῦ,
1143 687 1512 760 ἀκοινώνητον
1535 691 1701 746 αὐτὸν
1725 689 1868 746 εἶναι

1971 710 2133 765 quum
2159 695 2306 750 enim
2337 704 2423 751 est
2469 696 2715 764 facinus,
2749 705 2804 751 et
2853 711 2920 750 ex
2965 693 3247 750 communi
3307 690 3564 747 Ecclesia:

275 773 390 827 τῶν
423 775 584 830 θείων
609 773 822 848 δώρων,
853 777 982 830 ἐπεὶ
1012 779 1109 833 καὶ
1136 779 1409 852 ἀμέτοχον
1442 781 1551 836 τῶν
1581 784 1868 858 ὲξωτέρων

1974 785 2184 841 calculo
2213 787 2375 842 simili
2399 803 2561 859 pcena
2599 786 2912 849 damnatur)
2941 802 2955 840 :
2981 786 3068 841 sic
3092 799 3318 856 prorsus
3362 797 3467 838 nec
3506 782 3562 835 in

280 863 607 936 βρωμάτων·
642 864 748 930 ἕως
781 867 849 920 ἂν
877 868 1331 942 ἀνθυποστρέψας
1357 875 1665 948 είσοικισθῇ
1702 879 1761 932 ἐν
1797 881 1866 951 τῇ

1971 877 2400 948 iurisdictionem
2427 889 2697 945 nostram,
2721 895 2885 950 quam
2912 876 3150 949 indignis
3177 875 3339 930 nobis
3371 873 3564 929 tribuit

282 957 496 1030 μάνδρᾳ
540 956 729 1014 αὐτοῦ.
758 959 969 1032 Ὥσπερ
1001 961 1060 1015 δὲ
1111 963 1173 1016 ού
1229 963 1410 1036 Θέμις,
1443 966 1503 1020 δν
1550 968 1743 1041 δεσμεῖ
1791 973 1868 1026 ol-

1971 967 2236 1024 Dominus
2271 984 2385 1024 non
2419 970 2488 1026 ad
2517 969 2841 1041 perniciem,
2871 968 2968 1024 sed
3026 967 3093 1022 ad
3142 964 3558 1022 aedificationem

277 1050 430 1102 κεῖον
462 1049 716 1122 μαθητὴν
747 1052 780 1123 ἡ
809 1052 1089 1123 άγιωσύνη
1141 1072 1264 1121 σου,
1294 1054 1445 1118 λύειν
1472 1059 1593 1113 τινὰ
1631 1061 1692 1115 τὸ
1726 1061 1864 1116 καθ-

1971 1058 2298 1124 animarum,
2338 1075 2460 1116 sese
2508 1061 2722 1134 ingerat
2755 1061 3022 1116 sanctitas
3057 1069 3170 1114 tua.
3214 1053 3559 1112 llorrendum

278 1138 404 1194 ὄλου
431 1139 801 1214 (παρανομίας
821 1143 932 1216 γάρ
956 1146 1114 1200 τοῦτο
1133 1146 1316 1219 ἔργον,
1347 1151 1443 1204 καὶ
1465 1151 1530 1204 ὲκ
1546 1151 1731 1221 ψήφου
1753 1171 1870 1208 κοι-

1971 1151 2118 1205 enim
2143 1160 2228 1206 est
2253 1151 2541 1221 judicium.
2572 1152 2920 1224 Quapropter
2957 1149 3155 1205 inﬂexa
3185 1147 3426 1210 tandem,
3449 1145 3564 1214 spi-

280 1231 379 1301 νῆς
402 1230 528 1304 [ms.
564 1233 696 1304 Reg.
720 1233 1044 1308 κοινοῦ1τῆς
1085 1237 1214 1307 ὅλης
1247 1239 1574 1312 Ἐκκλησίας
1596 1242 1864 1315 καταδίκη

1971 1243 2221 1298 ritualem
2255 1243 2424 1299 lilium
2457 1253 2708 1300 nostrum
2740 1243 3000 1298 fratribus
3035 1241 3248 1304 reddet,
3280 1255 3378 1311 pro
3401 1235 3563 1292 nobis

4037 165 4039 190 Α

4037 297 4039 310 ‹

4038 323 4039 362 i

4038 839 4039 870 i

4038 893 4039 910 ι

279 1323 876 1395 ὁμοιοπαθείας),οὔτω
904 1327 1125 1393 πάντως
1155 1329 1276 1382 οὐδὲ
1305 1330 1443 1402 πρὸς
1467 1331 1567 1402 τὴν
1597 1331 1872 1405 ἡμετέραν

1977 1335 2360 1405 peccatoribus
2387 1351 2556 1392 orans
2587 1337 2706 1391 sine
2743 1333 3153 1392 intermissione

280 1411 552 1505 ἐξουσίαν,
581 1415 648 1486 ἣν
703 1415 938 1482 ἀναξίως
987 1418 1217 1474 δέδωκεν
1246 1421 1406 1505 ιήμῖν
1445 1422 1475 1474 ό
1520 1422 1756 1493 Κύριος,
1788 1423 1891 1477 οὒκ
1929 1424 2009 1489 είς
2043 1424 2380 1496 καθαίρεσιν,
2427 1427 2544 1481 ἀλλ’
2571 1426 2862 1498 οἰκοδομὴν
2923 1425 3135 1497 ψυχῶν,
3163 1422 3398 1494 ἐπιϐάλῃ
3430 1422 3561 1475 ἑαυ-

280 1503 386 1595 τὴν
413 1506 446 1578 ἡ
472 1508 752 1583 ἀγιωσΰνη
793 1529 908 1568 σου.
968 1513 1200 1585 Φρικτὺν
1233 1503 1342 1588 γάρ
1390 1515 1451 1570 τὸ
1511 1519 1707 1588 κρῖμα.
1759 1517 1858 1572 Διά
1916 1518 2078 1574 τοῦτο
2124 1521 2610 1595 παρακαλουμένη,
2665 1523 2884 1585 πάντως
2949 1536 3014 1589 γε
3070 1519 3133 1573 τὸ
3193 1516 3562 1588 πνευματικὸν

279 1593 445 1665 ἡμῶν
506 1601 698 1658 τέκνον
740 1603 1056 1676 παραδώσει
1105 1608 1220 1672 τοῖς
1267 1607 1540 1679 ἀδελφοῖς,
1591 1607 1860 1682 εὐχομένη
1891 1610 2031 1684 ὑπὲρ
2060 1613 2221 1685 ἡμῶν
2251 1613 2361 1667 τῶ·’
2424 1593 2766 1685 ἁμαρτωλῶν
2787 1610 3170 1674 ἀδιαλείπτως.

535 1743 638 1798 lL'.
663 1773 739 1784 —
785 1745 1099 1811 9806015qu
1119 1744 1168 1778 “
1203 1749 1471 1815 Κιονίτῃ.
1506 1745 1656 1820 [λβη]

2333 1750 2447 1808 XV.
2474 1782 2546 1792 —
2574 1752 2832 1807 Theodulo
2855 1749 3073 1807 Cianin
3094 1749 3188 1803 ιδ’.

1270 1889 1614 1953 Reprehendit
1636 1889 1878 1953 picturam
1901 1891 2194 1954 angelorum
2219 1891 2589 1945 cruciﬂxorum.

367 2018 464 2073 Ἕκ
487 2019 681 2090 χρόνου
707 2017 906 2074 πολλοῦ
933 2019 1232 2093 ἐπιθυμίαν
1252 2020 1430 2093 ἔχοντι
1453 2021 1560 2086 ἕως
1582 2019 1678 2076 τοῦ
1720 2037 1868 2092 παρ-

2039 2023 2294 2094 Cupienti
2331 2025 2466 2080 mihi
2493 2025 2816 2096 jamdudum
2845 2027 2910 2081 ad
2955 2035 3007 2083 te
3035 2025 3248 2092 venire,
3271 2024 3558 2090 sanctissi-

280 2115 436 2180 ὄντος
457 2156 475 2182 ,
507 2115 779 2186 ἀγιώτατέ
817 2134 921 2189 μου
962 2118 1169 2191 Πάτερ,
1198 2118 1374 2173 ἐλθεῖν
1401 2119 1499 2174 καὶ
1531 2119 1864 2187 κομίσασθαί

283 2221 384 2260 σου
439 2205 542 2270 τὰς
597 2206 762 2277 ἁγίας
816 2207 1004 2278 εύχάς,
1069 2209 1168 2264 ούκ
1229 2208 1508 2280 ἐξεγένετό
1573 2226 1665 2282 μοι
1723 2209 1863 2277 ὁδὸς,

283 2296 508 2362 πάντως
562 2296 652 2352 διὰ
699 2297 800 2363 τάς
848 2299 1126 2370 ἁμαρτίας
1179 2317 1280 2371 μου
1310 2301 1554 2371 ’ὥσπερ
1595 2299 1693 2354 καὶ
1746 2298 1864 2353 νῦν.

283 2391 378 2443 Διὸ
445 2390 800 2464 ἠναγκάσθην
859 2393 1179 2447 ἀποστεῖλαι
1231 2394 1326 2447 τδν
1399 2393 1630 2462 ἀδελφὸν
1704 2393 1866 2464 ἡμῶν

280 2479 378 2534 τὸν
432 2481 775 2555 Καλόγηρον,
850 2483 1269 2557 ἀναπληροῦντα
1323 2485 1426 2557 τῆς
1482 2483 1867 2547 ταπεινώσεως

283 2574 444 2644 ἡμῶν
488 2575 588 2645 τὴν
641 2576 908 2632 ἀπουσίαν
933 2593 948 2610 °
999 2577 1126 2632 ἐπεὶ
1169 2578 1263 2632 καὶ
1315 2579 1479 2649 ἡμεῖς
1532 2577 1866 2650 ἐλευσόμεθα

283 2666 760 2737 προσκυνήσοντες
789 2667 858 2722 τά
887 2667 1044 2738 τίμιά
1069 2686 1163 2722 σου
1199 2670 1346 2743 ίχνη,
1362 2669 1501 2724 Θεοῦ
1527 2669 1862 2734 εὐοδοῦντος.

281 2755 570 2826 Σύγγνωθι
617 2759 675 2812 δέ
732 2775 844 2831 μοι,
877 2761 1085 2832 Πάτερ,
1113 2760 1142 2814 ὃ
1189 2761 1368 2832 μέλλω
1419 2761 1634 2832 λέγειν,
1661 2764 1745 2818 ὃτι
1805 2764 1867 2818 ὲν

285 2848 556 2920 ἀπλότητί
616 2851 736 2904 ἐστι
783 2851 844 2917 ἐξ
897 2853 1124 2923 ἀγάπης
1172 2852 1522 2924 εἰλικρινοῦς,
1553 2853 1650 2910 καὶ
1677 2855 1742 2909 ὲκ
1768 2855 1864 2909 τοῦ

285 2937 540 3006 ἐφίεσθαί
572 2956 640 3009 με
685 2941 750 2993 τὸ
789 2939 1092 3014 ἀμώμητον
1121 2943 1223 3015 τῆς
1249 2943 1527 3008 πολιτείας
1561 2961 1676 3001 σου.
1709 2945 1868 3009 Τινὲς

287 3029 638 3102 ύπέκρουσαν
671 3032 767 3101 (ώς
807 3035 1164 3104 ἐπιστάμενοί
1199 3052 1265 3104 γε
1314 3036 1540 3107 γνήσιόν
1583 3053 1678 3090 σου
1721 3033 1866 3091 εἶναι

286 3121 386 3175 καὶ
408 3121 682 3192 ὀμόψυχον
711 3123 865 3192 φίλον
891 3125 986 3178 καὶ
1009 3124 1202 3180 τέκνον
1220 3166 1236 3193 ,
1274 3125 1426 3192 ὄντες
1467 3128 1564 3181 καὶ
1592 3127 1748 3181 αὐτοὶ
1777 3127 1866 3198 φί-

286 3212 372 3267 λοι
396 3213 813 3286 διαφερόντως),
840 3216 923 3272 ὅτι
949 3217 1102 3291 παρά
1127 3218 1189 3273 τὸ
1221 3218 1340 3273 δέον
1371 3219 1601 3291 πράττει
1635 3220 1667 3290 ἡ
1695 3219 1866 3286 άγιω-

288 3307 426 3376 σύνη
450 3325 545 3361 σου
569 3326 582 3340 ·
615 3308 795 3380 κάμοῦ
827 3309 966 3381 πρὸς
988 3310 1148 3364 τοῦτο
1174 3310 1625 3383 δυσχεράναντος,
1654 3311 1750 3366 καὶ
1781 3313 1868 3364 ὲν-

290 3399 611 3470 ισταμένου,
643 3399 737 3454 καὶ
767 3401 1242 3472 ὲπιφθεγγομένου
1289 3403 1361 3456 τά
1383 3463 1394 3472 ο
1413 3402 1644 3474 μέγιστα
1672 3419 1869 3474 κατορ-

288 3488 526 3560 θώματα
577 3489 676 3544 τοῦ
735 3489 942 3563 ὑψηλοῦ
1005 3509 1101 3546 σου
1158 3493 1299 3564 βίου,
1325 3493 1632 3565 συνείροντό
1687 3511 1778 3564 μοι
1813 3495 1872 3547 ἐν

285 3580 485 3651 τούτῳ.
520 3579 662 3652 Πρὸς
687 3580 744 3634 δὲ
778 3579 1002 3652 ῥήματά
1051 3598 1176 3635 τινα
1229 3581 1328 3635 καὶ
1377 3582 1682 3652 πράγματα
1736 3596 1872 3634 κατ-

287 3671 524 3743 ῃτιῶντο
551 3686 566 3701 ⁸
623 3672 740 3739 καὶ,
779 3671 866 3726 ἵνα
897 3672 957 3726 ἓν
1013 3671 1177 3737 εῐπω,
1214 3671 1420 3742 ἔφασαν
1473 3673 1556 3726 ὅτι
1607 3671 1874 3742 ἀγγέλους

287 3763 641 3835 ἀνιστόρησε,
667 3765 766 3819 καὶ
791 3764 1020 3830 τούτους
1071 3764 1334 3819 ίσότυπον
1384 3763 1482 3818 τοῦ
1517 3763 1790 3836 Χριστοῦ,
1813 3765 1874 3817 ὲν

287 3857 407 3920 τοῖς
445 3857 691 3925 φεγγίοις
720 3856 1174 3929 ὲσταυρωμένους
1205 3875 1220 3889 ·
1253 3856 1417 3911 αὐτὸν
1439 3856 1496 3911 δὲ
1522 3857 1616 3912 τὸν
1633 3856 1874 3928 Χριστὸν

289 3948 391 4004 καὶ
408 3949 536 4012 τοὺς
557 3949 840 4018 ἀγγέλους,
868 3965 939 4020 γη
949 3947 1195 4021 ραλέους.
1221 3949 1332 4003 Kal.
1363 3949 1535 4004 πολλά
1558 3948 1695 4021 πρὸς
1714 3948 1874 4004 τοῦτο

289 4041 700 4110 φιλοπευστῶν,
739 4041 840 4095 οὐκ
871 4042 1150 4116 ἠδυνήθην
1178 4042 1363 4106 αὐτοῖς
1385 4040 1868 4112 ἀντιφθέγξασθαι.

291 4135 535 4206 Ἥροντο
564 4134 675 4206 γὰρ
702 4133 851 4200 ξένον
902 4153 956 4189 τι
996 4136 1094 4190 καὶ
1143 4132 1421 4206 ἀλλότριον
1469 4133 1573 4204 τῆς
1631 4133 1872 4206 παραδό-

290 4225 438 4289 σεως
518 4225 621 4296 τῆς
693 4226 1021 4298 Ἐκκλησίας
1081 4227 1371 4298 είργάσθαι
1405 4264 1424 4292 ,
1493 4227 1588 4280 καὶ
1652 4226 1874 4290 πάντως

288 4319 395 4389 οὐχ
450 4317 555 4373 ὑπὸ
598 4318 758 4384 Θεοῦ,
787 4319 902 4374 ἀλλ’
931 4320 1037 4374 ὑπὸ
1068 4319 1164 4374 τοῦ
1193 4319 1437 4374 ἐναντίου
1473 4313 1612 4374 εἶναι
1635 4319 1696 4373 τὸ
1730 4320 1874 4391 πρᾶ-

287 4427 421 4481 γμα
441 4427 456 4444 ο
491 4410 630 4465 ἐπὰν
649 4414 709 4467 ὲν
741 4411 1017 4477 τοσούτοις
1035 4412 1202 4479 ἔτεσι,
1237 4413 1336 4467 καὶ
1377 4411 1656 4477 τοσούτοις
1685 4411 1875 4481 θεοφό-

292 4521 415 4575 ροις
442 4507 540 4560 καὶ
567 4505 746 4575 ἁγίοις
767 4505 1072 4577 Πατράσιν,
1095 4505 1194 4576 οὐχ
1221 4503 1693 4575 ύποδειγματίσθη
1714 4502 1876 4558 τοῦτο

287 4599 357 4650 τὸ
393 4597 612 4668 ἰδίωμα.
643 4597 718 4652 Τδ
748 4599 855 4670 γὰρ
887 4597 984 4651 νῦν
1010 4595 1502 4668 καινοτομούμενον
1521 4637 1536 4663 ,
1564 4595 1666 4650 κᾶν
1689 4595 1874 4668 ὲξξάγ-

1966 2125 2056 2166 ιηο
2080 2111 2263 2177 Pater,
2294 2119 2352 2168 et
2381 2113 2553 2168 sacris
2579 2115 2836 2184 precibus
2856 2115 2968 2170 tuis
2994 2115 3238 2186 perfrui,
3284 2115 3372 2171 via
3420 2115 3557 2170 mihi

1966 2203 2253 2270 hactenus,
2285 2205 2355 2260 ob
2387 2215 2610 2276 peccata
2643 2207 2853 2262 scilicet
2886 2223 3028 2274 mea,
3085 2223 3196 2263 non
3257 2208 3455 2278 patuit,
3492 2223 3558 2262 ac

1965 2309 2037 2349 ne
2063 2310 2208 2350 nunc
2230 2295 2472 2366 quidem.
2499 2295 2793 2366 Propterea
2840 2305 3063 2352 coactus
3091 2313 3212 2352 sum
3233 2297 3556 2369 Calogerum

1968 2387 2194 2442 fratrem
2226 2396 2474 2442 nostrum
2504 2388 2572 2442 ad
2623 2397 2674 2442 te
2700 2388 2939 2452 mittere,
2975 2388 3067 2458 qui
3106 2388 3428 2443 humilitatis
3456 2404 3558 2443 no-

1965 2489 2094 2534 stra:
2119 2478 2418 2533 absentiam
2446 2480 2692 2550 suppleat
2732 2499 2746 2534 :
2779 2480 2979 2535 deinde
3026 2479 3312 2534 veniemus
3339 2489 3394 2535 et
3432 2495 3554 2544 nos,

1965 2581 2022 2626 ut
2053 2571 2122 2626 ad
2149 2571 2492 2627 venerandos
2522 2572 2690 2643 pedes
2718 2581 2864 2636 tuos,
2902 2572 3014 2628 Deo
3053 2573 3213 2635 duce,
3246 2582 3559 2642 prosterna-

1965 2678 2108 2718 mur.
2139 2661 2368 2734 Ignosee
2382 2673 2564 2718 autem
2589 2663 2745 2730 mihi,
2767 2665 2948 2731 Pater,
2972 2664 3116 2734 quod
3144 2663 3392 2719 dicturus
3409 2677 3552 2731 sum,

1965 2755 2092 2824 quia
2123 2755 2449 2825 simpliciter
2477 2755 2679 2822 dicam,
2711 2765 2766 2810 ct
2811 2756 3023 2811 sincera
3065 2772 3130 2812 ex
3172 2756 3462 2822 charitate,
3491 2772 3557 2811 ac

1965 2847 2240 2902 desiderio
2269 2861 2378 2917 quo
2406 2855 2598 2902 teneor
2615 2855 2676 2902 ut
2695 2847 2804 2902 vita
2826 2857 2917 2902 tua
2946 2849 3092 2903 omni
3121 2848 3556 2920 reprehensione

1965 2949 2168 2995 careat.
2199 2938 2602 3011 Suggesserunt
2633 2940 2854 3010 quidam
2881 2981 2897 3005 ,
2951 2948 3012 2994 ut
3060 2941 3154 3011 qui
3213 2940 3418 2995 scirent
3465 2955 3556 2996 me

1965 3047 2285 3103 germanum
2317 3033 2414 3086 tibi
2445 3043 2610 3102 atque
2665 3033 2979 3088 unanimem
3025 3033 3262 3088 amicum
3293 3039 3350 3086 et
3380 3031 3552 3086 ﬁlium

1965 3138 2108 3188 esse,
2139 3139 2265 3179 cum
2305 3125 2409 3195 ipsi
2434 3139 2653 3196 quoque
2680 3125 2841 3180 amici
2880 3133 3066 3180 essent
3125 3124 3331 3187 eximii,
3357 3133 3557 3194 praeter

1965 3212 2049 3268 fas
2081 3223 2138 3268 et
2155 3214 2416 3270 decorum
2449 3230 2609 3288 agere
2633 3215 2979 3271 sanctitatem
3018 3223 3190 3270 tuam.
3221 3214 3468 3284 Cumque
3491 3213 3560 3269 ad

1970 3307 2426 3380 haecindignarer
2469 3316 2524 3364 et
2561 3308 2907 3372 resisterent,
2961 3323 3560 3380 commemoraremque

1973 3401 2188 3472 egregia
2213 3401 2462 3457 sublimis
2489 3401 2613 3456 vitae
2644 3410 2748 3456 tua;
2772 3400 3038 3466 facinora,
3079 3402 3134 3455 in
3167 3402 3272 3457 hoc
3307 3403 3445 3458 mihi
3471 3418 3562 3457 as-

1974 3493 2122 3548 sensi
2160 3503 2307 3548 sunt.
2337 3495 2414 3550 De
2449 3493 2730 3550 nonnullis
2758 3503 2940 3549 autem
2975 3494 3136 3550 dictis
3169 3495 3437 3566 factisque
3466 3511 3559 3550 ac-

1973 3585 2254 3649 cusabant,
2319 3593 2482 3656 atque
2520 3586 2604 3656 (ut
2657 3600 2826 3640 unum
2865 3584 3160 3655 proferam)
3221 3585 3478 3642 dixerunt
3506 3596 3560 3642 te

1973 3673 2196 3745 angelos
2227 3674 2543 3745 depinxisse
2572 3716 2588 3742 ,
2635 3689 2840 3745 eosque
2869 3674 2936 3729 ad
2970 3675 3173 3730 Christi
3199 3675 3453 3741 formam,
3501 3675 3558 3730 in

1973 3763 2229 3820 fenestris
2259 3763 2588 3829 cruciﬁxos;
2620 3763 2799 3834 ipsum
2829 3778 2960 3818 vero
2997 3763 3271 3820 Christum
3298 3775 3354 3821 et
3390 3777 3560 3836 ange-

1973 3855 2056 3910 los
2087 3855 2244 3911 senili
2277 3865 2455 3912 mtate.
2498 3854 2713 3910 Etcum
2745 3854 2914 3910 multa
2945 3856 2999 3910 in
3025 3871 3144 3911 eam
3173 3873 3286 3912 rem
3313 3858 3563 3913 sciscita-

1975 3956 2063 4004 tus
2101 3964 2279 4004 esscm
2302 3988 2318 4009 ,
2361 3965 2468 4003 non
2520 3948 2673 4020 potui
2714 3948 2850 4018 ipsis
2883 3949 3283 4004 contradicere.
3322 3949 3560 4005 Aiebant

1975 4041 2123 4097 enim
2153 4040 2502 4110 peregrinum
2529 4041 2785 4110 quiddam
2832 4051 2889 4096 et
2930 4041 3170 4096 alienum
3205 4042 3274 4097 ab
3303 4041 3562 4098 Ecclesiae

1975 4133 2270 4190 traditione
2308 4132 2534 4197 factum,
2597 4148 2930 4204 prorsusque
2956 4150 3066 4188 non
3106 4151 3136 4190 a
3163 4134 3295 4201 Deo,
3350 4135 3446 4191 sed
3489 4136 3561 4191 ab

1974 4227 2290 4283 adversario
2319 4241 2436 4282 rem
2465 4241 2588 4282 esse
2607 4267 2622 4293 ,
2652 4226 3092 4298 quandoquidem
3122 4236 3202 4283 tot
3237 4227 3416 4294 annis,
3448 4236 3504 4282 et
3527 4243 3560 4282 a

1975 4329 2058 4374 tot
2087 4317 2312 4374 deiferis
2347 4318 2660 4390 sanctisque
2684 4317 2938 4377 Patribus
2959 4335 3226 4390 nusquam
3259 4320 3424 4391 huius
3455 4335 3559 4374 no-

1974 4411 2160 4467 vitatis
2187 4410 2464 4482 proditutn
2505 4420 2592 4466 est
2635 4411 2969 4483 exemplum.
3008 4411 3163 4479 Quod
3211 4413 3361 4469 enim
3410 4428 3560 4470 nunc

1975 4511 2235 4567 novatur,
2273 4503 2374 4558 etsi
2413 4501 2483 4557 ab
2506 4503 2701 4575 angelo
2732 4503 2824 4570 sit,
2858 4503 3026 4574 recipi
3054 4519 3162 4558 non
3187 4505 3387 4560 debere
3423 4519 3561 4560 cou-

1977 4593 2158 4648 ﬁrmat
2180 4593 2494 4663 Apostolus,
2519 4593 2750 4654 dicens:
2781 4593 2922 4648 Licet
2957 4609 3049 4648 nos
3087 4595 3188 4664 ipsi
3216 4594 3298 4650 vel
3341 4596 3561 4666 angelus

291 4685 457 4756 γέλου
488 4686 657 4751 ἐστὶν,
691 4685 1046 4756 άσφαλίζεται
1083 4686 1278 4756 ἡμᾶςὸ
1315 4686 1635 4749 Ἀπόστολος
1671 4685 1746 4757 μὴ
1785 4685 1872 4739 δέ·

1978 4684 2316 4756 evangelizet,
2337 4683 2555 4750 addam,
2572 4693 2628 4740 et
2648 4684 2846 4746 tradat.
2873 4695 3227 4755 praeterquam
3253 4688 3390 4756 quod
3410 4703 3562 4742 evan-

291 4777 513 4850 χεσθαι,
547 4779 722 4847 λέγων
774 4795 878 4832 που
903 4794 918 4809 '
957 4778 1085 4832 Κᾶν
1111 4777 1284 4846 ἡμεῖς
1322 4777 1516 4841 αὐτοὶ,
1542 4777 1579 4846 ἢ
1617 4776 1874 4848 ἅγγελος

290 4872 752 4943 εὐαπελίςηται
801 4870 1142 4944 (προσθήσω,
1172 4872 1268 4924 καὶ
1299 4869 1684 4944 παραδιδωσι),
1735 4869 1875 4938 παρ’

291 4965 330 5020 ὃ
375 4963 914 5036 εὐηγγελισάμεθα,
936 4962 1393 5034 ἀνῶεμαὲστω.
1441 4963 1508 5016 Τί
1538 4957 1655 5025 οὖν,
1693 4961 1878 5033 Πάτερ

294 5073 405 5128 μου
445 5056 587 5125 ἅγιε,
618 5056 755 5128 πρὸς
791 5055 966 5112 ταῦτα
993 5055 1187 5126 φῆσαι,
1215 5055 1316 5110 οὐκ
1335 5054 1464 5125 ἔχω.
1507 5055 1616 5108 Καὶ
1643 5056 1710 5126 τῇ
1740 5055 1878 5109 ἀπο-

295 5151 395 5222 ρίᾳ
425 5149 807 5219 συνεχόμενος,
832 5146 1189 5219 ἠναγκάσθην
1212 5145 1419 5220 γράψαι
1447 5163 1532 5200 σοι
1559 5161 1573 5176 ·
1611 5145 1700 5200 ἵνα
1737 5146 1877 5200 am-

288 5239 550 5310 λύσωμεν
576 5241 806 5304 ἑαυτοὺς
842 5240 1024 5310 πάσης
1055 5238 1283 5310 βλάϐης,
1312 5238 1450 5310 πρὸς
1477 5239 1605 5303 τοὺς
1633 5238 1692 5292 ἐν
1730 5237 1875 5309 λόγῳ

289 5330 690 5399 ἐγκαλοῦντας,
718 5330 813 5384 καὶ
840 5329 917 5392 ὡς
946 5331 1012 5383 ὲκ
1043 5329 1226 5401 πάσης
1250 5329 1351 5400 τῆς
1386 5327 1738 5400 Ἐκκλησίας.
1765 5329 1876 5384 Kal.

283 5422 384 5477 διὰ
441 5421 534 5475 τὸν
588 5421 723 5476 Θεὸν
770 5420 918 5486 δέξαι
959 5437 1027 5491 με
1070 5421 1148 5484 ώς
1181 5419 1486 5492 σύμϐουλον
1538 5421 1730 5474 τέκνον
1757 5437 1873 5488 σου,

285 5512 566 5566 πονοῦντα
622 5513 764 5584 ὑπὲρ
793 5513 908 5580 σοῦ,
945 5512 1040 5566 καὶ
1075 5511 1380 5584 ἡγούμενον
1423 5511 1524 5583 τὴν
1577 5511 1733 5578 δόξαν
1782 5529 1876 5566 σου

284 5602 456 5668 δόξαν
500 5619 606 5674 μου
635 5617 650 5632 °
682 5604 778 5658 καὶ
814 5602 890 5676 μὴ
941 5601 1163 5657 θέλοντα
1201 5601 1422 5657 ἀκούειν
1465 5601 1657 5674 μῶμόν
1689 5620 1785 5656 σου
1815 5603 1872 5656 έν

374 5803 416 5834 ⁸⁸
435 5802 536 5859 Ms.
568 5803 698 5878 Reg.
721 5804 1002 5880 Θεοδώρω.
1031 5807 1107 5840 ⁸⁸*
1127 5805 1254 5862 Sive
1282 5805 1510 5866 Stu’itw.
1553 5807 1596 5840 "
1622 5807 1793 5864 Calat.
1827 5827 1866 5870 ι,
1899 5810 1951 5866 8.

1973 4777 2283 4851 getizamus,
2301 4778 2587 4831 anathema
2612 4776 2752 4831 sit“.
2771 4776 2912 4843 Quid
2941 4777 3125 4848 igitur,
3157 4777 3316 4834 Pater
3333 4781 3408 4834 mi
3429 4795 3560 4836 san-

1975 4879 2086 4936 cte,
2127 4871 2197 4926 ad
2225 4873 2340 4926 haec
2369 4870 2575 4938 dicam,
2639 4886 2750 4926 non
2779 4869 2975 4936 habeo,
3031 4880 3088 4926 et
3117 4871 3334 4926 consilii
3375 4871 3558 4942 inopia

1977 4976 2201 5032 pressus
2227 4961 2298 5017 ad
2327 4968 2379 5016 te
2406 4961 2646 5017 scribere
2673 4974 2838 5032 cogor
2871 4978 2885 5014 :
2919 4968 2980 5014 ut
3003 4961 3072 5017 ab
3109 4962 3258 5016 omni
3281 4977 3422 5019 noxa
3455 4978 3559 5018 nos

1978 5053 2322 5108 vindicemus
2360 5052 2504 5122 apud
2537 5067 2631 5107 eos
2662 5051 2757 5122 qui
2784 5051 2981 5107 merito
3010 5054 3443 5124 reprehendunt,
3503 5065 3560 5110 et

1982 5154 2237 5215 tanquam
2289 5143 2546 5199 Ecclesize
2583 5143 2852 5198 universae
2902 5158 3058 5200 voce.
3106 5145 3286 5211 Quare
3335 5154 3559 5216 propter

1975 5235 2146 5290 Deum
2178 5235 2394 5306 suscipe
2423 5249 2528 5300 me,
2565 5243 2626 5290 ut
2655 5233 3026 5290 consiliarium
3059 5236 3230 5291 filium
3263 5247 3437 5301 tuum,
3455 5252 3556 5306 pro

1974 5338 2029 5386 te
2056 5329 2394 5385 laborantem
2414 5367 2430 5395 ,
2478 5336 2534 5384 et
2561 5329 2788 5400 gloriam
2826 5339 2976 5385 tuam
3007 5331 3234 5402 gloriam
3267 5345 3421 5385 suam
3449 5330 3554 5384 du-

1974 5431 2188 5478 centem
2221 5441 2234 5478 :
2264 5423 2580 5494 nullamque
2603 5423 2658 5478 in
2686 5439 2744 5479 re
2772 5425 2881 5479 ulla
2909 5425 2990 5480 tui
3013 5434 3218 5488 notam,
3250 5424 3344 5494 qui
3375 5423 3554 5491 reipsa

1975 5514 2095 5570 sine
2141 5525 2270 5571 nota
2320 5517 2487 5571 vitam
2521 5517 2656 5588 agis,
2708 5516 2901 5571 audire
2945 5516 3328 5572 sustinentem.
3381 5513 3549 5578 Doce,

1981 5627 2128 5685 rege,
2160 5611 2377 5680 exaudi,
2411 5611 2646 5676 attende;
2699 5610 3111 5677 animadverte,
3145 5607 3406 5678 omnique
3437 5606 3553 5662 hae-
