4044 6366
498 354 605 418 959
1699 359 1760 419 s.
1793 356 2186 420 THEODORI
2217 335 2564 418 STUDlT/E
3676 351 3781 415 960

499 471 764 526 sitatione
805 471 982 528 libera
1013 487 1110 528 eos
1136 471 1231 543 qui
1261 472 1532 529 excelsam
1566 473 1730 528 vitam
1763 484 1908 529 tuam
1950 488 2087 530 con-
2111 515 2124 540 λ

2202 490 2317 537 τινι,
2350 471 2448 528 τοῦ
2500 472 2674 536 ὅντως
2733 470 3054 541 ἀμωμήτως
3111 466 3469 540 βιοτεύοντας.
3502 463 3778 533 ῡὼτισον,

501 564 862 636 templantur.

2202 561 2482 633 ΰδήγησον,
2532 561 2862 628 ἐπάκουσον,
2903 560 3183 630 πρόσχες,
3225 557 3550 626 ιπίστησον,
3614 554 3782 610 λῦσον

2192 653 2378 724 πάσης
2429 653 2699 724 διχονοίας
2750 654 2879 717 τοὺς
2939 650 3187 724 όρῶντάς
3247 665 3348 702 σου
3421 648 3516 703 τὸν
3573 647 3784 718 ὑψηλὸν

2196 741 2336 813 βίον.

836 847 976 904 XVI.
1008 879 1057 892 -
1092 848 1388 919 Nicepltoro
1411 847 1754 920 Imperatori.

2490 857 2605 927 ΙΨ.
2634 858 3037 928 -Νικηφὸρφ
3063 853 3323 922 ,Βασιλεῖ
3345 856 3365 928 (
3374 854 3487 923 16).

1138 963 1212 1013 De
1240 963 1514 1024 patriarcha
1541 961 1592 1013 in
1625 963 1816 1016 Tarasil
1837 967 2003 1017 locum
2034 969 2374 1036 subrogando.
2397 973 2604 1034 (Baron.
2627 985 2755 1022 anno
2775 971 2889 1034 806,
2925 985 3062 1022 nam.
3086 970 3159 1032 4.)

575 1062 810 1120 Omnino
837 1064 915 1119 sic
947 1064 1192 1120 futurum
1226 1075 1375 1129 erat.
1423 1077 1483 1122 ut
1522 1069 1700 1124 bonus
1725 1071 1869 1126 Deus
1903 1082 2092 1128 noster

2271 1077 2542 1149 Ἐμελλεν
2569 1080 2598 1132 ὁ
2618 1077 2828 1147 ἀγαθὸς
2849 1075 2986 1141 Θεὸς
3009 1075 3167 1149 ἡμῶν
3186 1075 3286 1146 τῆς
3311 1071 3510 1130 ἑαυτοῦ
3550 1071 3784 1144 Ἐκκλη-

505 1155 763 1212 Ecclesiae
819 1171 933 1212 suae
989 1171 1175 1212 curam
1201 1172 1398 1226 gerens
1424 1157 1684 1228 pietatem
1717 1171 1952 1218 vestram
1987 1163 2090 1220 bac

2202 1167 2320 1233 σίας
2376 1167 2716 1241 φροντίζων,
2750 1167 2850 1238 τὴν
2895 1167 3172 1238 ὑμετέραν
3203 1163 3490 1220 εὐσέϐειαν
3542 1161 3640 1218 ἐπὶ
3680 1165 3786 1230 τῆς

504 1257 666 1302 aelate
724 1248 955 1318 imperio
1011 1247 1313 1318 prmilceret
1352 1248 1839 1306 Christianorum:
1891 1262 2087 1311 utnon

2202 1257 2480 1331 παρούσης
2498 1260 2696 1328 γενεᾶς
2726 1257 3144 1330 προστήσασθαι
3178 1253 3488 1328 βασιλεύειν
3506 1253 3617 1308 τῶν
3642 1254 3782 1327 Χρι-

504 1338 782 1394 sarculatis
813 1339 986 1394 solum
1023 1339 1326 1394 dominatio
1372 1341 1517 1395 male
1552 1341 1848 1398 constituta
1879 1345 2086 1401 rectius

2202 1351 2451 1406 artavt'bv'
2479 1351 2570 1407 ἴνα
2613 1351 2688 1422 μὴ
2727 1350 2892 1423 μόνον
2917 1350 2952 1418 ἡ
2983 1349 3230 1420 κοσμικὴ
3262 1349 3410 1420 ἀρχὴ
3439 1343 3502 1402 εὖ
3528 1347 3781 1416 διατεθῇ,

504 1432 974 1500 componeretur),
993 1432 1087 1486 sed
1108 1432 1516 1488 ecclesiasticus
1534 1433 1698 1488 etiam
1724 1435 2086 1504 principatus.

2202 1444 2383 1509 κακῶς
2428 1443 2778 1516 διακειμένη,
2842 1441 2989 1497 ἀλλὰ
3024 1443 3122 1495 καὶ
3167 1442 3203 1511 ὴ
3235 1441 3378 1496 κατὰ
3413 1441 3515 1511 τὴν
3553 1440 3786 1510 Ἐκκλη-

505 1523 549 1578 si
602 1523 732 1594 quid
769 1523 1032 1590 deesset,
1091 1523 1518 1588 instauraretur,
1568 1534 1625 1580 et
1652 1540 1794 1580 nova
1833 1527 2089 1596 quaedam

2202 1536 2319 1591 σίαν
2357 1535 2648 1606 ἡγεμονία,
2699 1533 2756 1588 εί
2796 1551 2850 1588 τι
2895 1532 3096 1598 ἐνδεῶς
3129 1531 3282 1600 ἕξει,
3328 1530 3641 1603 ἀνορθωθῇ,
3687 1531 3786 1584 καὶ

507 1615 825 1684 conspersio
883 1615 1039 1670 ﬁeret
1075 1614 1128 1669 in
1183 1625 1416 1684 utroque
1471 1615 1538 1670 “.
1592 1615 1750 1683 Quod
1780 1618 2000 1688 quidem
2033 1619 2088 1674 in

2202 1628 2316 1684 νέον
2347 1645 2468 1691 πως
2495 1625 2728 1698 φύραμα
2756 1625 2986 1697 γένηται
3016 1625 3076 1678 ἑν
3105 1621 3466 1696 ἀμφοτέροις.
3499 1622 3686 1692 Ὅπερ
3714 1623 3783 1692 τῇ

509 1708 684 1763 altero
715 1709 963 1763 membro
997 1709 1258 1780 praeclare
1285 1707 1460 1780 ipsius
1489 1708 1661 1780 gratia
1685 1710 1800 1779 jam
1830 1711 2088 1780 praestitit
2122 1785 2124 1790 η

2202 1720 2362 1776 αὐτοῦ
2387 1721 2576 1792 χάριτι
2613 1717 2988 1790 κατώρθωκεν
3018 1717 3078 1772 ιν
3105 1715 3184 1788 τῷ
3219 1715 3304 1772 ἑνὶ
3353 1716 3516 1790 μέρει
3550 1715 3586 1786 ἠ
3627 1711 3787 1784 φιλό-

509 1800 710 1857 Christi
744 1817 935 1858 amans
965 1801 1257 1872 imperium
1282 1811 1550 1865 vestrum,
1601 1810 1767 1872 atque
1789 1803 1928 1858 adeo
1953 1819 2092 1874 ιιι-ει·-
2122 1785 2124 1790 Ἰ

2202 1784 2422 1886 χριστος
2455 1784 2612 1883 ὑμῶν
2660 1784 2929 1883 βασιλεία·
2980 1784 3244 1864 ἀλλὰκαὶ
3286 1784 3367 1860 ἔτι
3407 1784 3785 1876 κατορθώσειε

511 1900 657 1946 stare
686 1902 870 1964 perget
902 1893 1113 1948 cmlesti
1170 1893 1398 1947 numine
1445 1894 1885 1949 corroboratum.
1947 1893 2096 1949 Reli-

2202 1907 2321 1969 ταῖς
2364 1903 2574 1958 ἄνωθεν
2630 1904 2824 1976 ῥοπαῖς
2867 1898 3274 1972 δυναμουμένη.
3305 1897 3646 1966 Λειπόμενον
3689 1888 3786 1948 οὖν

513 1999 682 2054 quum
749 1985 915 2040 modo
963 1994 1086 2052 est,
1147 1993 1209 2039 ut
1255 1985 1483 2040 alterum
1529 1985 1648 2056 pari
1689 2001 1822 2041 cura
1859 1985 2095 2054 fruatur,

2202 2001 2350 2053 ἐστιν
2383 1997 2532 2069 ἄρτι,
2565 1995 2749 2050 καὶτὸ
2790 1995 2982 2064 ἓτερον
3030 1993 3135 2062 τῆς
3166 1990 3288 2062 ῑσης
3314 1986 3628 2044 ἀπολαῦσαι
3651 2003 3788 2056 προ-

515 2079 745 2149 parique
778 2080 1094 2150 prudentia.
1139 2080 1199 2135 ld
1233 2095 1364 2136 vero
1390 2089 1513 2150 post
1553 2081 1722 2135 Deum
1747 2090 1805 2136 et
1835 2095 1960 2136 cum
1987 2081 2098 2137 Deo

2205 2088 2437 2161 μηθείας
2482 2088 2580 2142 καὶ
2627 2085 2946 2158 θεραπείας.
2976 2083 3149 2138 Τοῦτο
3176 2083 3220 2136 δ’
3256 2083 3322 2136 ἂν
3343 2081 3430 2152 εἴη
3474 2079 3616 2152 μετὰ
3653 2077 3788 2130 Θεὸν

514 2183 547 2224 a
578 2171 736 2226 vobis
768 2171 1040 2226 tribuetur
1065 2188 1163 2243 per
1189 2172 1643 2244 approbationem
1673 2171 1927 2244 legitimae
1984 2171 2098 2226 ele-

2203 2183 2301 2235 καὶ
2345 2180 2444 2234 σὺν
2482 2178 2604 2250 Θεῷ
2635 2178 2775 2249 πρὸς
2807 2175 2964 2248 ὑμῶν
2991 2175 3330 2247 ὼρηθῆναι,
3379 2173 3471 2227 διὰ
3516 2171 3616 2239 τῆς
3664 2169 3787 2223 κατ’

515 2263 716 2318 ctionis
739 2262 908 2318 futuri
931 2265 1351 2335 archiepiscopi.
1373 2265 1449 2346 De
1471 2265 1827 2336 quo,quando
1847 2281 1914 2321 ex
1938 2265 2100 2320 nobis

2203 2271 2572 2343 εὐαρέστησιν
2603 2269 2843 2341 νομίμου
2875 2267 3110 2338 ἐκλογῆς
3145 2265 3240 2321 τοῦ
3275 2264 3566 2336 μέλλοντος
3593 2263 3791 2333 ἀρχιε-

515 2356 679 2410 etiam
730 2357 1112 2426 peccatoribus
1157 2365 1214 2412 et
1239 2357 1479 2426 indignis
1521 2359 1790 2414 sciscitari
1848 2360 2094 2425 voluisti,

2209 2363 2478 2436 ρατεύειν.
2518 2362 2676 2416 Ἐπεὶ
2711 2361 2768 2415 δὲ
2814 2361 2913 2414 καὶ
2950 2359 3084 2431 παρ’
3107 2358 3270 2430 ἡμῶν
3303 2357 3654 2427 ὲπεζήτησας
3688 2370 3792 2424 μα-

515 2463 698 2502 coram
729 2447 980 2512 Domino,
1008 2449 1101 2518 qui
1129 2463 1233 2503 nos
1257 2448 1602 2518 iudicaturus
1628 2460 1734 2514 est,
1757 2451 1826 2506 de
1862 2466 1929 2506 eo
1952 2453 2099 2522 quod

517 2539 719 2594 dicturi
750 2555 943 2594 sumus
975 2539 1029 2597 in
1058 2540 1150 2596 die
1175 2540 1366 2610 judicii
1388 2583 1404 2607 ,
1432 2541 1523 2596 hic
1543 2551 1628 2598 est
1653 2557 1848 2598 sensus
1884 2553 2096 2599 noster.

516 2629 636 2686 Non
675 2634 962 2697 novimus,
1007 2648 1110 2689 nec
1140 2635 1344 2690 scimus
1364 2635 1535 2690 ullmn
1564 2653 1578 2690 :
1620 2653 1733 2691 non
1765 2638 1914 2708 quod
1951 2637 2104 2694 defe-

519 2723 696 2778 cerint
730 2723 827 2778 viri
862 2724 969 2780 vita
1001 2735 1056 2782 et
1083 2740 1339 2781 sermone
1379 2727 1620 2783 illustres
1665 2729 1822 2799 (sunt
1861 2730 2012 2786 enim
2044 2739 2104 2787 et

523 2812 636 2868 Deo
673 2813 944 2884 perSpecti
987 2823 1041 2870 et
1062 2814 1413 2878 hominibus,
1445 2815 1642 2886 impari
1685 2817 1815 2873 licet
1843 2818 2056 2898 ratione
2083 2861 2099 2888 ,

2208 2847 2334 2884 τινα
2361 2843 2378 2860 ο
2437 2828 2537 2898 οὐχ
2591 2825 2675 2881 ὃτι
2718 2823 2984 2880 ἀπέλιπον
3030 2822 3082 2876 oi
3123 2820 3527 2890 διαλάμποντες
3579 2817 3640 2869 ὲν
3694 2812 3798 2883 βίῳ

521 2915 684 2974 atque
745 2905 801 2960 in
851 2905 1042 2977 primis
1085 2907 1363 2977 praeclara:
1430 2909 1602 2964 menti
1650 2911 1806 2982 tute),
1833 2911 1933 2968 sed
1957 2891 2102 2983 ~quia

2209 2919 2306 2974 καὶ
2324 2917 2478 2989 ,λόγῳ
2505 2891 2642 2988 (sint
2669 2914 2780 2986 γὰρ
2829 2913 2926 2969 καὶ
2954 2909 3076 2982 Θεῷ
3103 2909 3422 2980 φαινόμενοι
3457 2905 3554 2960 καὶ
3582 2901 3800 2975 ἀνθρώ-

525 2997 686 3052 talcm
721 2998 862 3053 ratio
901 2999 1184 3070 deposcit,
1211 3009 1268 3056 et
1298 3000 1633 3058 desiderium
1665 3002 1877 3074 imperii
1910 3004 2100 3070 vestri,

2210 3028 2358 3077 ποις,
2379 3012 2430 3065 εἰ
2452 3009 2549 3065 καὶ
2567 3009 2669 3064 οὐκ
2697 3006 2798 3080 ἴσῳ
2827 3006 2995 3078 λόγῳ,
3017 3004 3115 3060 καὶ
3143 3003 3379 3075 μάλιστα
3400 3002 3468 3072 τῇ
3500 3001 3570 3070 σῇ
3593 3011 3799 3068 φωτει-

523 3089 618 3160 qui
668 3090 843 3160 possit
890 3092 1057 3147 corde
1126 3093 1370 3164 perfecto
1397 3093 1816 3163 iustiﬁcationes
1864 3094 1958 3152 Dei
2008 3111 2104 3152 ex-

2211 3105 2275 3175 νῇ
2308 3101 2502 3173 ψυχῇ),
2529 3100 2653 3153 ἐπεὶ
2683 3098 2741 3152 δὲ
2764 3096 3007 3151 τοιοῦτον
3029 3094 3186 3165 ζητεῖ
3215 3094 3246 3147 ὀ
3265 3091 3424 3160 λόγος
3452 3089 3552 3144 καὶ
3577 3089 3608 3141 6
3635 3083 3801 3148 πόθος

525 3147 780 3251 quirere:
812 3183 904 3252 qui
925 3181 1094 3254 gradu
1117 3147 1595 3253 atqueordine-ab'
1901 3147 2106 3242 sensim

2209 3147 2502 3266 ἑξςῖεῖἒῖί
2527 3147 2846 3264 ῥᾶᾇζλέξαξ
3067 3147 3254 3253 τελείᾳ
3278 3147 3482 3254 καρδίᾳ
3496 3176 3802 3248 δυνάμενον

528 3273 596 3328 ad
624 3274 965 3344 superiorem
1009 3274 1322 3331 ascenderit
1347 3316 1364 3343 ,
1419 3275 1513 3346 qui
1542 3285 1784 3333 tentatus
1815 3277 1984 3334 fuerit
2014 3294 2113 3350 per

2212 3265 2517 3355 ἐπιζητῆσαι
2557 3281 2630 3336 τὰ
2664 3279 2759 3335 τοῦ
2810 3277 2947 3333 Θεοῦ
3005 3273 3384 3346 δικαιώματα,
3460 3270 3554 3324 τὸν
3607 3265 3804 3340 βαθμῷ

529 3368 714 3421 omnia
735 3407 751 3431 ,
797 3367 892 3437 qui
930 3382 996 3422 ex
1027 3367 1108 3423 eis
1133 3383 1255 3437 qua:
1278 3383 1476 3438 passus
1503 3377 1623 3435 est,
1669 3370 1891 3426 tentatis
1940 3371 2116 3442 possit

2215 3378 2314 3432 καὶ
2345 3375 2500 3440 τάξει
2531 3375 2598 3428 ὲκ
2647 3371 2742 3426 τοῦ
2789 3369 2935 3425 κατὰ
2974 3368 3174 3441 μικρὸν
3224 3366 3306 3431 είς
3363 3364 3425 3418 τὸ
3467 3361 3806 3433 ὑψηλότερον

532 3474 693 3530 opem
724 3458 870 3514 ferre
891 3457 959 3512 ".
1011 3457 1080 3515 Et
1122 3458 1255 3529 quid
1294 3459 1484 3516 multis
1515 3460 1664 3531 apud
1687 3469 1740 3516 te
1769 3461 1952 3518 verbis
1979 3478 2118 3533 opus

2224 3465 2674 3539 προανηγμένον,
2697 3463 2790 3517 τὸν
2821 3459 3234 3532 πεπειραμένον
3261 3456 3403 3512 κατὰ
3421 3454 3627 3517 πάντα,
3657 3453 3718 3516 ὃς
3742 3466 3806 3520 γε

535 3559 621 3604 est
647 3549 740 3620 qui
770 3548 956 3604 omnia
978 3550 1150 3616 nosti,
1177 3559 1234 3605 et
1266 3567 1335 3606 ex
1357 3551 1434 3607 tui
1467 3551 1640 3622 ipsius
1666 3559 1810 3608 statu
1838 3567 1905 3610 ac
1937 3553 2118 3624 digni-

2219 3559 2278 3628 έξ
2303 3553 2382 3614 ὧν
2412 3557 2682 3622 πέπονθε,
2725 3557 2841 3618 τοῖς
2887 3549 3315 3623 πειραζομένοις
3339 3545 3547 3602 δύναιτ’
3576 3545 3648 3599 ἂν
3677 3543 3808 3614 βοη-

537 3654 648 3702 tate
683 3654 894 3700 tantum
952 3645 1133 3701 virum
1188 3646 1288 3702 tibi
1349 3647 1762 3718 repraesentas?
1816 3647 2121 3704 Prazlucere

2221 3653 2407 3724 θῆσαι.
2435 3651 2550 3706 Καὶ
2579 3649 2632 3704 τί
2679 3649 2763 3702 δεῖ
2789 3645 2968 3701 πολλὰ
3000 3643 3186 3714 λέγειν
3216 3642 3355 3713 πρὸς
3400 3640 3462 3694 σὲ
3505 3639 3602 3694 τὸν
3640 3633 3702 3692 εὖ
3735 3639 3810 3690 si-

537 3740 753 3794 caateris
805 3747 1022 3810 oportet
1075 3755 1186 3794 non
1211 3755 1371 3796 secus
1419 3756 1485 3796 ac
1517 3741 1688 3796 solem
1738 3741 1885 3797 inter
1918 3741 2118 3798 sidera.

2220 3745 2371 3811 δότα,
2405 3743 2505 3798 καὶ
2547 3745 2614 3797 ὲκ
2657 3741 2761 3810 τῆς
2794 3739 3005 3803 οἰκείας
3053 3735 3445 3798 καταστάσεως
3477 3733 3574 3786 καὶ
3607 3746 3812 3802 upon-

540 3833 676 3886 Cum
733 3831 899 3903 igitur
925 3832 1088 3888 talem
1139 3847 1252 3887 non
1309 3833 1614 3899 videamus,
1659 3847 1763 3888 nec
1802 3831 2122 3904 suﬂragium

2225 3837 2336 3908 πῆς
2360 3837 2447 3890 τὸν
2473 3833 2796 3906 τηλικοῦτον
2821 3830 3248 3902 ἀνιστοροῦντας
3271 3826 3394 3880 Τῶν
3415 3825 3634 3878 πολλῶν
3656 3821 3810 3891 ὀφεί-

541 3924 686 3980 l‘erre
721 3924 1011 3981 audemus.
1058 3923 1173 3980 Hoc
1201 3939 1331 3980 vero
1355 3924 1636 3979 memoria:
1675 3939 1840 3979 causa
1863 3940 1974 3980 non
2001 3925 2124 3980 sine

2225 3927 2308 3982 λει
2343 3926 2712 3998 προλάμπειν,
2751 3923 2829 3988 ὡς
2859 3925 2918 3977 ὲν
2950 3921 3220 3993 ἀστρασιν
3250 3917 3427 3988 ἥλιος.
3470 3913 3671 3968 Ἦνίκα
3701 3911 3811 3966 τοί-

541 4027 690 4073 metu
725 4025 781 4071 et
812 4017 1125 4072 reverentia
1155 4016 1505 4088 suggerimus
1531 4059 1547 4083 ,
1583 4017 1730 4087 quod
1763 4017 1943 4088 ipsum
1965 4017 2124 4089 plane

2229 4037 2324 4074 νυν
2359 4019 2462 4090 οὐχ
2494 4017 2714 4088 ὁρῶμεν
2743 4012 3010 4078 τοιοῦτον,
3044 4012 3170 4067 οὑδὲ
3199 4006 3606 4078 ἁποτολμῶμεν
3637 4001 3812 4076 ψηφί-

510 4132 512 4134 τ
542 4121 653 4162 non
672 4105 806 4178 fugit
826 4106 1210 4177 peritissimam
1229 4116 1287 4162 et
1308 4107 1550 4162 divinam
1574 4107 1927 4178 prudentiam
1953 4117 2124 4174 tuam,

2231 4111 2452 4168 σασθαι.
2501 4109 2672 4164 Τοῦτο
2721 4107 2779 4161 δὲ
2826 4106 2902 4171 ὡς
2936 4107 2995 4159 έν
3029 4102 3338 4174 ὑπομνήσει
3374 4099 3515 4169 μετὰ
3546 4096 3815 4165 συστολῆς

545 4208 607 4253 ιιι
643 4215 709 4256 ελ
763 4199 1038 4270 episc0pis
1083 4201 1248 4256 etiam
1295 4208 1352 4256 et
1388 4217 1456 4256 ex
1483 4200 1810 4270 praepositis,
1837 4209 1894 4255 et
1923 4215 1990 4255 ex
2025 4210 2124 4272 sty-

2232 4203 2330 4257 καὶ
2377 4199 2562 4264 αίδοῦς
2591 4195 3000 4268 ὑποτιθέμεθα·
3038 4195 3179 4265 ὅπερ
3219 4190 3489 4262 ὰλάθητόν
3522 4190 3646 4242 εστι
3674 4186 3812 4240 πάν-

547 4290 676 4354 litis,
708 4298 766 4345 et
789 4305 855 4345 ex
887 4290 1135 4354 inclusis,
1177 4301 1293 4347 tum
1322 4291 1524 4348 deinde
1553 4307 1620 4347 ex
1667 4291 1816 4347 clero
1860 4292 2124 4348 delectum

2233 4310 2342 4358 τως
2390 4295 2457 4364 τῇ
2500 4289 2820 4363 πολυπείρῳ
2873 4289 2972 4345 καὶ
3020 4287 3142 4358 θείᾳ
3179 4282 3508 4358 μεγαλονοίᾳ
3555 4297 3674 4338 σοιν
3727 4280 3812 4333 ῐνα

550 4381 782 4448 habens,
814 4397 882 4437 ex
909 4381 1015 4438 illis
1044 4383 1179 4454 ipsis
1207 4382 1468 4453 perfectis
1499 4383 1780 4446 desumas.
1821 4383 2124 4454 prudentia,

2237 4385 2346 4440 ἀπό
2374 4401 2435 4438 τε
2461 4383 2572 4437 τῶν
2591 4383 2934 4444 ἐπισκόπων,
2957 4381 3066 4436 ἀπό
3096 4397 3156 4434 τε
3185 4379 3298 4433 τῶν
3324 4375 3670 4447 ἡγουμένων,
3706 4370 3814 4426 ἀπό

548 4490 752 4540 sensu,
784 4489 849 4530 ac
902 4475 1012 4532 vita
1040 4475 1252 4531 caeteris
1313 4475 1743 4544 praestantiores.
1784 4476 2124 4531 Descendanl

2202 4493 2297 4536 ιτε
2330 4476 2440 4530 τῶν
2478 4473 2769 4541 στυλιτῶν,
2803 4473 2914 4528 ἀπό
2953 4489 3014 4526 τε
3049 4471 3162 4525 τῶν
3188 4468 3544 4540 δγκλείστων,
3575 4461 3696 4518 εἶτα
3722 4459 3814 4514 τοῦ

548 4565 697 4620 enim
741 4565 966 4636 stylitte,
1011 4575 1215 4622 exeant
1257 4566 1500 4633 inclusi;
1538 4567 1980 4638 quandoquidem
2033 4585 2124 4639 pu-

2233 4568 2439 4640 κλήρου
2472 4566 2871 4637 ὑποδεχόμενος
2902 4563 3157 4636 ἐκλογὴν,
3185 4561 3246 4628 ἐξ
3270 4559 3452 4617 αὐτῶν
3475 4573 3537 4611 τε
3566 4554 3679 4610 τῶν
3701 4555 3817 4606 im-

551 4658 753 4714 blicum
791 4668 876 4714 est
912 4661 1258 4715 commodum
1287 4661 1432 4730 quod
1459 4662 1742 4730 quaeritur.
1780 4660 2040 4717 Discerne
2078 4671 2124 4716 el

2235 4661 2544 4716 δεδωκότων
2595 4657 2780 4712 λαϐὼν
2815 4658 2950 4722 τοὺς
3002 4657 3062 4710 ὲν
3113 4655 3354 4716 συνέσει,
3392 4649 3487 4705 καὶ
3531 4649 3814 4717 φρονήσει.

549 4752 780 4818 confer,
823 4761 882 4808 et
941 4768 1066 4809 cum
1109 4753 1242 4823 ipsis
1294 4751 1672 4822 deprehendas
1712 4753 2040 4822 digniorem.
2069 4752 2124 4808 Et

2239 4756 2334 4809 καὶ
2392 4753 2495 4825 βίῳ
2517 4792 2533 4818 ,
2577 4753 2688 4806 τῶν
2752 4751 2930 4806 ἄλλων
2989 4748 3323 4820 προέχοντας
3381 4744 3400 4814 (
3415 4741 3818 4796 καταϐάτωσαν

548 4846 752 4902 beatus
776 4861 866 4907 es.
927 4854 982 4900 et
1017 4861 1147 4901 vere
1204 4853 1288 4900 ter
1310 4844 1485 4912 beati,
1543 4844 1589 4900 si
1624 4845 1740 4900 haec
1759 4843 1944 4899 omnia
1974 4859 2124 4899 exse-

2237 4846 2348 4918 γὰρ
2378 4845 2479 4900 καὶ
2511 4845 2757 4900 στυλῖται
2777 4881 2792 4906 ,
2819 4839 3221 4898 έκθαινέτωσάν
3257 4855 3318 4892 τε
3364 4837 3458 4891 καὶ
3489 4833 3816 4904 έγκλειστοιο

545 4937 798 5006 quamini
857 4935 1061 4992 Christi
1111 4937 1438 4999 imitatores.
1497 4933 1712 4991 Domini
1756 4935 1954 4990 nostri.
2001 4934 2124 4991 llint

2244 4935 2479 5008 ἐπείπερ
2519 4939 2676 5007 κοινῇ
2711 4934 2993 5006 συμφέρον
3033 4933 3096 4986 τὸ
3131 4927 3536 5002 ζητούμενον),
3563 4923 3822 4992 ὲπικρίηι

554 5030 732 5099 magis
772 5030 1056 5100 magisque
1091 5030 1508 5086 coniirmabitur
1538 5028 1827 5099 imperium
1858 5039 2124 5092 vestrum,

2242 5031 2342 5085 καὶ
2389 5030 2488 5084 σὺν
2537 5029 2726 5092 αὐτοῖς
2759 5025 3018 5098 ἀποδείξῃ
3058 5024 3152 5078 τὸν
3187 5022 3504 5092 ἀξιώτερον.
3547 5017 3664 5072 Καὶ
3716 5031 3818 5085 μα·

555 5115 998 5188 magniﬁcabitur
1053 5133 1254 5172 nomen
1302 5127 1546 5173 vestrum
1597 5116 1652 5171 in
1704 5117 2124 5187 generationes:

2241 5122 2437 5194 κάριος
2457 5117 2530 5185 εἴ,
2565 5120 2768 5192 μᾶλλον
2803 5118 2863 5173 δὲ
2899 5119 3000 5174 καὶ
3017 5113 3418 5188 τρισμακάριοι
3439 5151 3455 5172 ,
3512 5109 3612 5164 ἐὰν
3662 5105 3821 5161 τοῦτο

547 5209 903 5280 augebuntur
954 5209 1192 5279 denique
1241 5208 1371 5262 anni
1419 5207 1756 5278 principatus
1806 5205 1993 5262 vestri.
2021 5207 2124 5263 Duo

2240 5214 2362 5268 ὅλον
2406 5213 2802 5286 ἀπεργάσησθε
2837 5209 3280 5283 Χριστομίμητοι
3325 5203 3483 5276 ἡμῶν
3530 5199 3818 5256 δεσπόται.

553 5301 830 5372 siquidem
861 5301 982 5358 haec
1007 5316 1236 5356 munera
1267 5300 1460 5355 tribuit
1483 5297 1816 5356 Christianis
1845 5298 2012 5366 Deus,
2045 5315 2124 5356 sa-

2245 5305 2358 5360 Καὶ
2391 5305 2451 5360 ὲν
2481 5305 2659 5377 τούτῳ
2708 5305 2791 5358 έτι
2837 5302 3044 5375 μᾶλλον
3089 5298 3530 5372 κρατυνθήσεται
3581 5290 3740 5362 ὑμῶν
3783 5288 3819 5352 ἡ

630 5417 678 5496 δέ
704 5415 725 5470 ι
751 5414 882 5472 Cor.
921 5432 975 5481 v,
1013 5415 1065 5470 7.
1141 5414 1186 5446 ιτ
1215 5412 1379 5468 Hebr.
1411 5431 1486 5480 ιν,
1515 5414 1601 5470 is.

2205 2457 2340 2523 θεῖν,
2379 2456 2490 2510 τῶν
2531 2453 2878 2527 ἁμαρτωλῶν
2923 2453 3022 2507 καὶ
3062 2449 3321 2519 ἀναξίων,
3348 2449 3412 2502 τὸ
3440 2445 3793 2518 παριστάμε-

2205 2569 2296 2606 νον
2325 2551 2478 2622 ἡμϊν,
2512 2549 2590 2613 ὡς
2629 2545 2862 2602 ἐνώπιον
2889 2545 3103 2618 Κυρίου
3126 2544 3220 2598 τοῦ
3250 2541 3538 2616 μέλλοντος
3565 2536 3793 2592 εὖθῦναι

2205 2645 2374 2715 ἡμᾶς,
2408 2643 2540 2714 περὶ
2577 2635 2640 2696 οὗ
2671 2639 2940 2711 μέλλομεν
2969 2637 3152 2707 λέγειν
3195 2637 3255 2690 έν
3293 2635 3482 2706 ἡμέρᾳ
3528 2631 3792 2702 κρίσεως,

2205 2735 2380 2801 οὕτως
2437 2734 2553 2806 ἔχει
2588 2751 2602 2767 ·
2659 2733 2736 2788 Oi:
2794 2730 3140 2802 γινώσκομεν
3173 2769 3191 2795 ,
3261 2725 3384 2781 οὐδὲ
3443 2721 3797 2793 ἐπιστάμεθα

2083 5505 2314 5564 NOTAE.

637 5603 750 5679 (ιο)
798 5603 1117 5679 Νικηφόρω
1185 5602 1454 5679 Βασιλεῖ.
1519 5622 1537 5654 ι
1598 5599 2124 5679 Βοίιιιιςιο-Τει-οείι

2251 5601 2432 5679 vim!“
2480 5598 2702 5672 quidem
2758 5596 2963 5679 vim?
3016 5579 3736 5679 ίῐιείεηε,¹ῐ’.ο,.9ξεη¹³ῗ.ίξὶἷ¹ἷῗ.ε⁸
3763 5575 3820 5679 ¹¹ἓ

562 5655 1543 5745 (patriarcha).im‘peramrcogitare
1568 5655 1974 5745 cmpitdeﬁejus
2018 5687 2146 5725 suc-
2253 5655 2513 5745 medium:
2546 5655 2911 5745 quemsciret
2938 5674 3099 5745 tanto
3133 5655 3465 5718 'sacerdotio
3508 5655 3757 5724 dignum.
3793 5662 3816 5700 ι

565 5737 788 5818 οῖ-δδοτο
848 5737 1134 5818 deligendo
1174 5762 1188 5798 :
1217 5745 1271 5798 in
1303 5737 1411 5818 qua
1446 5753 1515 5818 u_t’
1538 5737 1777 5818 speciem
1819 5737 2015 5818 saltem
2049 5755 2143 5794 os-
2254 5741 2478 5813 (Baron.
2511 5737 2600 5797 an.
2629 5737 2755 5806 806,
2789 5754 2845 5792 ιι.
2877 5737 2956 5807 5.)

565 5817 816 5870 μοιιὰοιιιι
843 5812 1083 5885 pietatis,
1137 5816 1414 5878 consului)
1454 5812 1808 5868 Theodorum
1844 5812 2141 5876 Studitam,
2217 5836 2220 5840 -
