4044 6366
241 303 337 366 961

1464 312 2003 376 EPISTOLARUM
2032 315 2181 376 LIB.
2224 316 2275 376 Ι.

3396 310 3505 377 962

238 408 503 483 βασιλεία’
536 411 1010 483 μεγαλυνθήσεταί
1039 432 1100 469 τε
1128 415 1190 470 τὺ
1218 416 1393 488 ὄνομα
1422 420 1578 491 ὑμῶν
1607 421 1689 484 εἰς
1718 437 1815 488 γε-

1934 422 2223 478 :crdotium
2253 432 2309 480 et
2350 422 2669 494 imperium,
2713 437 2813 493 per
2842 437 2964 493 quae
2983 422 3217 487 colitur,
3256 438 3348 494 pet
3380 440 3503 494 qum

234 503 363 557 νεάν
394 503 488 557 καὶ
514 504 735 569 γενεάψ
762 503 1137 576 αὐξηθήσεται
1163 507 1220 561 δὲ
1251 509 1435 564 καὶτὰ
1464 510 1561 565 τοῦ
1587 511 1825 582 κράτους

236 592 391 664 ὑμῶν
430 593 548 663 ἐτη.
591 594 814 666 Ἐπειδὴ
856 596 950 650 δύο
981 597 1158 651 ταῦτα
1198 599 1435 656 δέδωκεν
1475 602 1505 655 6
1543 601 1680 667 Θεὸς
1710 604 1827 667 τοῖς

238 688 589 757 Χριστιανοῖς
629 687 971 760 δωρήματα,
1028 690 1331 764 ἱερωσύνην
1377 694 1473 748 καὶ
1522 692 1828 765 βασιλείαν.

237 780 317 833 Δι’
352 776 427 835 ὧν
453 778 844 853 θεραπεύεται,
870 783 939 836 δι’
964 776 1040 838 ὧν
1082 789 1371 857 κοσμεῖται
1408 787 1485 853 ὡς
1516 790 1573 843 ὲν
1606 790 1822 863 οὐρανῷ

236 877 304 929 τά
355 876 598 946 ἐπίγεια.
643 875 937 948 Ὀπότερον
991 876 1086 932 οὖν
1134 878 1371 945 ἀναξίως
1419 880 1557 952 ἔχει,
1613 884 1712 937 καὶ
1760 884 1823 938 τὸ

239 965 358 1019 ὅλον
380 967 601 1037 ἀνάγκη
637 966 1102 1036 συγκινδυνεύειν.
1140 968 1311 1023 ’Ὥστε
1345 970 1397 1024 εἰ
1431 969 1713 1042 βούλοισθε
1750 975 1818 1045 τῇ

241 1057 493 1130 βασιλείᾳ
522 1058 680 1129 ὑμῶν
715 1062 1034 1130 συγκροτεῖν
1070 1060 1138 1114 τὰ
1175 1062 1438 1133 μέγιστα,
1476 1064 1571 1118 καὶ
1596 1063 1686 1119 διὰ
1718 1064 1822 1136 τῆς

242 1148 519 1218 βασιλείας
545 1148 700 1220 ὑμῶν
736 1152 873 1204 πᾶσι
901 1154 1017 1216 τοῖς
1070 1154 1449 1224 Χριστιανοῖς·
1502 1156 1818 1229 ἰσόρροπον,

239 1239 301 1292 τὸ
331 1239 455 1294 ὅσον
486 1242 566 1304 εἰς
587 1239 841 1311 δύναμιν,
880 1243 979 1313 τῆς
1009 1243 1152 1298 κατά
1182 1245 1282 1316 τὴν
1313 1246 1592 1316 βασιλείαν
1616 1248 1821 1320 ἀρετῆς

239 1332 397 1401 ὑμῶν
434 1331 655 1404 δέξηται
700 1336 796 1387 καὶ
862 1336 896 1405 ἠ
950 1334 1248 1407 Ἐκκλησία
1294 1339 1386 1392 τὸν
1435 1340 1637 1410 ἑαυτῆς
1682 1341 1823 1411 πρό-

238 1422 415 1494 εδρον·
447 1423 534 1477 ίνα
549 1424 947 1497 ἀγαλλιάσηται
968 1427 1039 1480 τά
1070 1428 1433 1497 οὒράνια,καί
1463 1428 1574 1502 ᾄσῃ
1602 1428 1672 1482 τά
1698 1430 1822 1483 ἐπί-

1918 524 2189 571 ornantur
2217 559 2234 582 ,
2278 524 2335 572 et
2362 517 2739 589 gubernantur
2763 515 3067 571 cmlestium
3108 516 3360 585 exemplo
3391 525 3505 570 ιρι·-

1924 620 2078 660 rena.
2112 606 2400 662 Utrtnnvis
2428 622 2560 677 ergo
2575 614 2774 676 praeter
2792 605 3116 677 dignitatem
3146 620 3205 660 se
3229 605 3501 669 habuerit,

1925 704 2100 751 totum
2132 712 2241 750 una
2274 696 2571 767 periclitari
2600 710 2828 751 necesse
2849 706 2953 751 est.
2985 694 3199 763 Quare,
3227 696 3274 750 si
3299 695 3507 765 Optima

1929 788 2159 861 imperio
2188 800 2373 846 vestro
2417 791 2719 847 decernere
2757 791 2945 857 vultis,
2991 800 3045 846 ct
3082 807 3181 860 per
3214 790 3504 861 imperium

1926 891 2170 936 vestrum
2231 883 2490 937 omnibus
2546 881 2914 949 Christianis;
2972 882 3274 951 aequalem,
3326 882 3508 952 quoad

1928 972 2046 1026 ﬁeri
2096 980 2298 1042 potest,
2360 972 2725 1043 imperatoria:
2774 972 2960 1027 virtuti
3008 983 3202 1027 vestrae
3248 974 3509 1028 sortietur

1928 1065 2175 1121 Ecclesia
2222 1066 2514 1137 praesulem
2572 1081 2755 1131 suum,
2811 1075 2873 1121 ut
2911 1068 3189 1121 exsultent
3224 1066 3504 1127 coelestia.

1927 1157 2296 1227 laetenturque
2337 1166 2579 1212 terrena.
2621 1158 2737 1212 Dux
2768 1157 2924 1213 vobis
2954 1157 3027 1212 sit
3059 1156 3154 1212 Dei
3197 1172 3424 1221 manus,
3453 1155 3506 1209 in

1927 1263 2034 1318 qua
2063 1258 2119 1303 et
2140 1264 2236 1304 cor
2271 1257 2517 1304 vestrum
2539 1258 2646 1310 est,
2670 1249 3031 1318 ostendatque
3063 1248 3322 1312 meliora;
3358 1255 3414 1302 et
3440 1247 3509 1301 ab

1928 1353 1994 1393 ca
2042 1338 2322 1409 recipietis
2361 1340 2432 1394 ob
2481 1347 2768 1410 susceptos
2800 1356 2900 1410 pro
2932 1355 3098 1410 opere
3138 1342 3242 1395 hoc
3268 1341 3505 1405 labores,

1929 1444 2090 1484 curas
2111 1438 2169 1484 et
2189 1430 2610 1492 sollicitudines,
2640 1444 2870 1500 regnum
2899 1432 3321 1499 sempiternum.

236 1532 391 1584 γεια.
416 1513 517 1587 Εῖη
548 1517 581 1587 ἠ
619 1517 742 1589 χεὶρ
775 1518 870 1571 τοῦ
901 1517 1058 1582 Θεοῦ,
1085 1519 1143 1573 ὲν
1171 1514 1206 1593 ᾖ
1236 1520 1330 1573 καὶ
1362 1522 1396 1593 ἡ
1430 1521 1628 1590 καρδία
1660 1521 1819 1590 ὑμῶν
1856 1522 2031 1586 ἐστιν,
2101 1525 2183 1585 εἰς
2219 1521 2444 1593 ὁδηγίαν
2503 1523 2598 1576 καὶ
2640 1522 2987 1591 ἀποκάλυψιν
3031 1520 3127 1575 τοῦ
3174 1522 3507 1592 κρείττονος.

238 1609 349 1664 Καὶ
394 1610 743 1683 ἀπολήψεσθε
793 1611 925 1680 παρ’
960 1611 1135 1682 αὐτῆς
1178 1614 1306 1677 τοὺς
1354 1614 1494 1684 ὑπὲρ
1529 1612 1623 1669 τοῦ
1690 1614 1853 1687 ἔργου
1894 1614 2088 1669 τούτου
2152 1614 2664 1685 καταϐαλλομὲνους
2694 1614 2823 1685 ὑμῖν
2868 1614 3065 1677 πόνους
3104 1613 3203 1668 καὶ
3235 1613 3511 1685 μερίμνας

239 1703 336 1756 καὶ
371 1705 687 1774 φροντίδας,
714 1702 814 1776 τὴν
843 1703 1125 1775 βασιλείαν
1176 1704 1277 1776 τὴν
1301 1704 1608 1777 ἀδιάδοχον.

499 1820 600 1875 IZ'.
636 1849 707 1863 —
750 1820 998 1891 Ἰωάννῃ
1026 1823 1342 1890 σπαθαρίῳ
1376 1822 1508 1893 (l7).
1542 1819 1693 1895 [λεκ]

2297 1818 2462 1874 XVII.
2488 1851 2558 1861 —
2585 1819 2781 1873 Joanm‘
2819 1818 3121 1888 Spathario.

1010 1933 1085 1984 De
1110 1932 1327 1997 imagine
1354 1933 1405 1983 S.
1441 1933 1712 1996 Demetrii,
1735 1932 1785 1983 in
1811 1932 2057 1997 baptismo
2086 1930 2304 1983 adhibita
2332 1944 2423 1994 pro
2456 1924 2765 1993 susceptare.

312 2037 471 2092 Θεῖόν
496 2056 550 2092 τι
572 2038 757 2110 δρᾶμα
779 2040 1079 2112 ἀκηκοότες
1104 2043 1466 2114 πεπραχέναι’
1482 2061 1577 2097 σου
1598 2045 1701 2115 τὴν
1727 2062 1829 2098 κυ-

2001 2045 2255 2100 Divinum
2316 2043 2589 2114 quoddam
2638 2042 2850 2099 facinus
2896 2057 2929 2097 a
2982 2039 3359 2096 dominatione
3418 2047 3510 2094 tua

241 2128 492 2200 ριότητα,
533 2130 964 2203 τεθαυμάκαμεν
997 2132 1092 2187 ἐπὶ
1122 2136 1189 2206 τῇ
1220 2135 1434 2206 μεγάλῃ
1458 2152 1551 2189 σου
1585 2134 1663 2201 ὡς
1687 2135 1822 2207 ἀλη-

239 2219 350 2283 θῶς
380 2220 588 2285 πίστει,
612 2220 868 2292 ἄνθρωπε
902 2222 999 2277 τοῦ
1029 2222 1189 2278 Θεοῦ.

308 2310 455 2383 Φησὶ
480 2312 590 2384 γὰρ
638 2315 667 2367 6
697 2313 913 2381 διδάξας
936 2314 1245 2387 χρήσασθαί
1278 2334 1337 2370 σε
1379 2318 1447 2389 τῇ
1500 2318 1622 2390 ίερᾷ
1652 2315 1823 2372 εἰκόνι

238 2400 333 2455 τοῦ
384 2401 871 2474 μγαλομὰρτυρος
900 2405 1238 2476 Δημητρίου,
1269 2408 1391 2475 ἀντὶ
1434 2408 1694 2479 ἀναδόχου
1744 2425 1827 2461 τι-

240 2495 351 2561 νὸς,
385 2498 480 2550 καὶ
526 2494 702 2561 οὕτως
753 2497 1065 2553 ἐπιτελέσαι
1096 2500 1159 2554 τὸ
1201 2499 1461 2571 φώτισμα
1505 2502 1599 2555 τοῦ
1631 2500 1826 2569 θεοφυ-

240 2589 445 2644 λάκτου
476 2606 571 2644 σου
608 2589 823 2646 τέκνου.
858 2592 992 2657 Καὶ,
1017 2592 1062 2647 ὣ
1088 2593 1188 2664 τῆς
1228 2593 1633 2667 πεποιθήσεωςῑ
1676 2593 1828 2648 Οὐδὲ

240 2682 310 2735 ἐν
340 2680 426 2747 τῷ
464 2682 712 2752 Ἰσραὴλ
741 2679 925 2753 εὗρον
948 2689 1256 2756 τοσαύτην
1275 2690 1488 2744 πίστιν
1504 2731 1519 2756 ,
1536 2692 1565 2744 6
1590 2691 1828 2761 Χριστὸς

242 2775 304 2829 οὐ
333 2774 503 2845 μόνον
532 2776 655 2829 τότε
686 2774 763 2848 τῷ
790 2778 1164 2851 ἑκατοντάρχῃ
1194 2780 1338 2834 δοκῶ
1370 2778 1827 2851 ἐπιφθέγξασθαι,

242 2869 384 2922 ἀλλά
415 2870 508 2923 καὶ
541 2869 627 2923 σοὶ
657 2869 783 2941 ἄρτι
830 2870 909 2941 τῷ
960 2872 1244 2943 ὲφαμίλλῳ
1277 2877 1343 2947 τῇ
1373 2875 1577 2929 πίστει.
1622 2873 1831 2948 Εὖρετο

243 2956 432 3011 τοίνυν
457 2959 666 3023 ἐκεῖνος
692 2959 722 3012 6
754 2957 1093 3032 ἐπεζήτησεν
1112 2977 1125 2991 ·
1154 2961 1418 3033 ἐπέτυχες
1443 2962 1541 3017 καὶ
1564 2962 1729 3027 αὐτὸς
1768 2954 1830 3017 οὗ

246 3050 541 3115 πέποιθας.
566 3050 717 3105 Ἐκεῖ
738 3052 799 3105 τὸ
832 3052 978 3107 θεῖον
999 3052 1334 3125 πρόσταγμα
1355 3056 1478 3109 ἀντὶ
1505 3055 1605 3125 τῆς
1642 3073 1830 3126 σωμα-

245 3141 413 3213 τικῆς
461 3144 780 3214 παρουσίας·
809 3144 1090 3199 κάνταῦθα
1119 3146 1152 3216 ἡ
1199 3147 1485 3216 σωματικὴ
1516 3146 1682 3201 εἰκὼν
1710 3147 1832 3201 ἀντὶ

244 3230 343 3286 τοῦ
400 3232 785 3304 πρωτοτύπου.
813 3234 968 3287 Ἐκεῖ
1010 3236 1307 3308 συμπαρῆν
1335 3236 1413 3307 τῷ
1438 3237 1583 3309 λόγῳ
1604 3239 1633 3291 6
1659 3237 1831 3309 μέγας

245 3322 448 3391 Λόγος,
468 3323 714 3393 ἀοράτως
734 3327 801 3397 τῇ
833 3324 1048 3396 θεότητι
1085 3326 1147 3379 τὸ
1177 3327 1478 3399 παράδοξον
1501 3332 1601 3400 τῆς
1633 3330 1830 3394 ἰάσεως

247 3414 673 3486 ἐργασάμενος·
722 3416 1002 3471 κάνταῦθα
1025 3418 1084 3472 δὲ
1116 3418 1284 3489 συνῆν
1329 3422 1358 3472 6
1409 3419 1828 3490 μεγαλόμαρτυς

247 3506 529 3576 πνεύματι
586 3510 654 3578 τῇ
712 3506 891 3580 οἰκείᾳ
942 3509 1109 3563 εἰκόνι
1163 3511 1224 3563 τδ
1274 3508 1475 3585 βρέφος
1519 3510 1830 3581 δεχόμενος.

262 3596 431 3651 Ἀλλά
484 3597 734 3669 βεϐήλοις
793 3598 892 3669 μὲν
939 3599 1131 3664 ἀκοαῖς
1180 3603 1277 3654 καὶ
1329 3601 1583 3665 ἀπίστοις
1630 3600 1834 3673 ψυχαῖς

247 3687 432 3743 ταῦτα
473 3689 851 3760 ἀπαράδεκτα,
906 3690 983 3755 ὡς
1034 3692 1261 3746 ﬁmo-“rat-
1302 3692 1399 3745 καὶ
1448 3692 1686 3764 μάλιστα
1722 3696 1836 3759 τοῖς

250 3780 655 3852 Εἰκονομάχοις
678 3798 693 3814 σ
747 3785 814 3853 τῇ
843 3781 900 3836 δὲ
936 3786 1001 3855 σῇ
1056 3785 1311 3857 εὐσεϐείᾳ
1357 3784 1565 3859 ἐναργῆ
1595 3784 1663 3840 τά
1694 3803 1837 3856 γνω-

251 3875 505 3943 ρίσματά
529 3891 588 3927 τε
616 3875 713 3928 καὶ
738 3876 1114 3947 ὕποδείγματα
1165 3877 1569 3949 πεφανέρωται.
1619 3879 1686 3933 Τί
1728 3880 1838 3949 γάρ

247 3961 327 4032 τῷ
358 3964 486 4033 Θεῷ
509 3964 761 4019 ἀδυνατεῖ
781 3966 1043 4037 παρέχειν
1069 3969 1182 4031 τοῖς
1224 3968 1575 4039 πιστεύουσι;
1600 3970 1693 4024 καὶ
1721 3969 1841 4034 πῶς

247 4054 374 4125 οὐχὶ
413 4054 476 4107 ὲν
523 4056 589 4126 τῇ
632 4056 802 4110 εἰκόνι
839 4057 1285 4129 όείκονιζόμενος
1310 4060 1619 4130 ὁμωνύμως
1642 4060 1839 4134 ὁρᾶται

248 4162 309 4199 τε
332 4148 437 4199 καὶ
468 4142 607 4200 εἶναι
630 4147 949 4203 πιστεύεται
968 4168 1015 4216 ;‹
1036 4151 1103 4204 Ἡ
1122 4150 1229 4223 γάρ
1247 4151 1349 4222 τῆς
1371 4153 1603 4217 εἰκόνος,
1624 4154 1791 4224 φησὶν
1808 4156 1838 4209 ό

251 4234 439 4303 μέγας
466 4234 767 4301 Βασίλειος,
797 4236 935 4309 τιμὴ
950 4238 1042 4292 ἐπὶ
1056 4239 1116 4293 τὸ
1136 4241 1493 4311 πρωτότυπον
1511 4243 1829 4298 διαϐαίνεω

250 4325 426 4378 Ὥστε
462 4325 649 4395 σαφῶς
681 4328 710 4380 6
738 4327 949 4399 μάρτυς
972 4325 1042 4401 ἦν
1062 4330 1152 4386 διά
1183 4333 1283 4404 τῆς
1306 4334 1517 4399 οἰκείας
1542 4335 1754 4401 εἰκόνος
1779 4335 1841 4391 τὸ

251 4416 465 4487 βρέφος
509 4418 922 4489 εἰσδεχόμενοςθ
970 4423 1058 4493 ἔφ’
1085 4424 1210 4479 ὅσον
1263 4425 1407 4480 οὔτω
1446 4427 1837 4493 πεπίστευκας.
1884 4445 1889 4449 ‘

262 4508 435 4563 Ἀλλά
461 4510 548 4573 τίς
573 4511 606 4581 ἡ
645 4511 855 4578 εὐδοξία
886 4514 986 4586 τῆς
1021 4516 1410 4589 μεγαλωσύνης
1435 4535 1551 4587 σου,
1576 4520 1659 4574 ὅτι
1688 4520 1841 4592 τηλι-

251 4600 480 4666 κοῦτον,
518 4601 580 4654 τὸ
604 4601 670 4674 δὴ
692 4602 1006 4675 λεγόμενον,
1026 4606 1319 4663 σύντεκνον
1350 4612 1750 4683 προσεκτήσως
1776 4612 1837 4666 οὐ

1922 2137 2123 2194 factum
2157 2138 2444 2193 audientes
2463 2174 2479 2199 ,
2509 2135 2693 2190 mirati
2720 2150 2911 2190 sumus
2936 2133 3009 2191 ob
3041 2148 3293 2204 magnam
3321 2147 3512 2187 revera

1924 2231 2107 2295 ﬁdem,
2143 2231 2309 2285 homo
2343 2228 2464 2283 Dei.
2836 2220 2837 2223 “

1993 2322 2240 2378 Atﬁrmat
2288 2322 2435 2376 enim
2474 2321 2568 2392 qui
2599 2320 2806 2387 retulit,
2833 2329 2886 2376 te
2913 2336 3123 2376 sacram
3154 2320 3333 2390 magni
3369 2335 3514 2373 mar-

1923 2415 2056 2488 tyris
2088 2412 2350 2470 Demetrii
2389 2412 2683 2484 imaginem
2716 2412 3055 2481 susceptoris
3076 2411 3361 2481 cujusdam
3392 2412 3514 2465 loco

1926 2506 2282 2566 adhibuisse.
2343 2514 2510 2575 atque
2572 2505 2647 2560 ita
2716 2504 2812 2559 ﬁlii
2866 2506 2943 2559 tui
3001 2520 3031 2560 a
3091 2503 3204 2559 Deo
3258 2502 3511 2559 custoditi

1925 2598 2253 2668 baptismum
2311 2596 2601 2669 peregisse.
2660 2597 2815 2662 Et,o
2867 2597 3120 2652 ﬁduciam
3176 2600 3354 2652 tuaml
3392 2596 3515 2651 Non

1924 2691 2101 2745 inveni
2148 2698 2356 2744 tantam
2395 2689 2552 2758 ﬁdem
2581 2689 2637 2743 in
2675 2688 2849 2743 Israel
2886 2689 2969 2752 “,
3023 2704 3131 2742 non
3178 2687 3352 2741 solum
3383 2702 3516 2741 cen-

1929 2783 2130 2839 turioni
2189 2791 2320 2837 tunc
2345 2796 2374 2836 a
2425 2780 2647 2836 Christo
2677 2780 2883 2836 dictum
2937 2780 3175 2835 arbitror
3197 2817 3212 2842 ,
3242 2779 3337 2832 sed
3366 2791 3516 2832 nunc

1928 2875 2091 2932 etiam
2126 2873 2225 2929 tibi
2277 2873 2369 2943 qui
2412 2871 2516 2927 ﬁde
2546 2880 2722 2926 certas
2773 2885 2897 2925 cum
2947 2870 3063 2923 illo.
3120 2868 3337 2923 Invenit
3386 2883 3517 2937 ergo

1930 2968 2022 3022 ille
2058 2966 2200 3037 quod
2248 2960 2575 3035 quasrebat;
2623 2963 2854 3032 adeptus
2883 2976 2942 3016 es
2976 2968 3034 3015 et
3056 2960 3175 3030 ipse
3205 2959 3348 3029 quod
3387 2974 3516 3028 spe—

1930 3058 2083 3113 rasti.
2134 3056 2215 3113 lbi
2261 3055 2511 3110 divinum
2560 3056 2876 3107 mandatum
2940 3065 3040 3121 pro
3062 3048 3330 3119 corporali
3374 3063 3519 3118 prae-

1930 3147 2107 3203 sentia
2132 3164 2146 3199 :
2185 3145 2275 3199 hic
2300 3157 2559 3213 corporea
2588 3142 2768 3213 imago
2792 3142 2913 3196 vice
2943 3138 3241 3211 prototypi.
3269 3137 3341 3193 lbi
3370 3138 3515 3192 extim

1931 3238 2116 3294 verbis
2169 3236 2362 3291 aderat
2410 3248 2666 3304 magnum
2732 3233 3007 3298 Verbum,
3077 3230 3368 3286 divinitate
3420 3243 3519 3283 sua

1934 3326 2184 3384 mirabile
2224 3324 2479 3382 sanitatis
2514 3339 2654 3394 opus
2702 3322 3049 3378 invisibiliter
3081 3321 3414 3392 perticiens;
3463 3327 3518 3372 et

1934 3420 2027 3474 hic
2085 3418 2292 3489 pariter
2343 3429 2573 3486 magnus
2629 3422 2831 3483 martyr
2874 3411 3098 3483 imagini
3159 3426 3273 3466 suae
3323 3409 3518 3480 spiritu

1934 3525 2177 3581 praesens
2208 3517 2346 3573 erat,
2371 3508 2634 3563 infantem
2657 3506 2978 3575 suscipiens.
3015 3504 3212 3558 Verum
3236 3505 3350 3559 haec
3389 3519 3521 3573 pro-

1935 3606 2077 3663 fanis
2132 3604 2352 3675 quidem
2414 3602 2680 3665 auribus,
2734 3610 2791 3655 et
2846 3598 3142 3653 incredulis
3201 3598 3517 3662 mentibus,

1936 3695 2162 3751 minime
2193 3691 2529 3763 recipienda.
2568 3700 2823 3758 tanquam
2848 3686 3207 3753 incredibilia,
3242 3687 3517 3748 videntur,

1937 3791 2174 3847 maxime
2212 3786 2630 3851 lconomacliis;
2680 3782 2866 3853 pietati
2905 3795 3038 3836 vero
3080 3789 3186 3835 tua:
3229 3780 3519 3833 manifesta

1938 3889 2256 3956 argumenta
2306 3886 2363 3933 et
2404 3876 2652 3946 exempla
2689 3874 2957 3945 patefacta
3000 3880 3148 3926 sunt.
3200 3870 3340 3936 Quid
3372 3871 3519 3924 enim

1938 3982 2026 4032 est
2056 3971 2203 4043 quod
2247 3970 2389 4024 Deus
2437 3977 2698 4037 praestare
2744 3963 3096 4019 credentibus
3138 3976 3250 4016 non
3298 3960 3522 4031 possit?

1938 4072 2035 4120 aut
2085 4058 2362 4132 quomodo
2392 4058 2448 4112 in
2481 4056 2716 4127 imagine
2754 4069 2866 4108 non
2903 4053 3231 4122 bomonyme
3256 4052 3519 4113 cernitur,

1940 4165 1995 4211 et
2025 4155 2205 4208 inesse
2250 4148 2530 4212 creditur,
2587 4145 2682 4215 qui
2736 4140 3205 4214 repraesentantur?
3265 4139 3522 4209 lmaginis

1939 4244 2208 4316 siquidem
2257 4241 2454 4305 honor,
2484 4246 2544 4293 ut
2583 4251 2811 4309 magnus
2845 4234 2922 4290 ait
2950 4233 3198 4295 Basilius,
3226 4231 3424 4286 transit
3449 4230 3523 4285 ad

1940 4342 2309 4408 prototypum.
2333 4327 2513 4395 Quare
2542 4324 2893 4382 manifestum
2925 4331 2979 4378 et
3005 4330 3295 4393 martyrem
3328 4319 3521 4383 fuisse.

1940 4428 2034 4500 qui
2072 4425 2337 4482 infantem
2384 4438 2483 4493 per
2509 4419 2784 4492 propriam
2823 4416 3113 4488 imaginem
3146 4415 3525 4484 suscipiebat,

1940 4526 2212 4590 quatenus
2233 4516 2308 4570 ita
2328 4512 2627 4570 credidisti.
2654 4509 2783 4575 Sed,
2804 4523 2837 4562 0
2859 4506 3315 4579 magniﬁcentiam
3348 4516 3525 4567 tuam,

1941 4611 2040 4684 qui.
2070 4612 2232 4666 talem
2276 4623 2342 4663 ac
2386 4615 2595 4661 tantum
2644 4611 3000 4673 syntecnum,
3055 4608 3114 4654 ut
3143 4607 3376 4663 vocant,
3403 4614 3529 4653 sor-

250 4691 345 4744 τὸν
366 4692 524 4745 δεῖνα
547 4692 580 4763 ἢ
608 4692 701 4746 τὸν
726 4692 896 4762 δεῖνα,
924 4697 1163 4768 ἄρχοντα
1186 4699 1350 4770 τυχὸν
1381 4700 1415 4772 ἦ
1437 4701 1728 4781 δυνάστην·
1762 4701 1832 4755 εί-

1947 4700 2078 4754 titus
2098 4712 2181 4762 es,
2211 4710 2321 4750 non
2378 4693 2525 4747 hunc
2549 4690 2635 4747 vel
2666 4690 2839 4754 illum,
2902 4687 3206 4758 principem
3253 4694 3381 4756 puta
3436 4686 3529 4741 vel;

254 4800 349 4837 ποι
402 4783 456 4838 δ’
481 4783 548 4837 ἂν
598 4784 710 4840 οὐδ’
734 4786 901 4841 αὐτὸν
941 4789 1035 4843 τὸν
1071 4789 1133 4845 τὸ
1162 4790 1401 4863 διάδημα
1433 4794 1839 4865 περικείμενον⁹

258 4874 476 4944 μείζων
499 4874 608 4946 γὰρ
631 4877 725 4929 καὶ
766 4878 1067 4951 ὑπέρτερος
1095 4882 1126 4936 6
1151 4881 1535 4956 ὲξευρημένος.
1567 4885 1690 4939 Τῶν
1731 4885 1842 4958 γάρ

257 4965 569 5038 μαρτύρων
599 4970 627 5020 6
662 4968 954 5038 κράτιστος
977 4987 990 5003 ⁸
1022 4973 1132 5027 τῶν
1163 4974 1598 5046 θαυματουργῶν
1648 4978 1677 5030 6
1727 4976 1844 5030 δια-

253 5055 519 5128 πρύσιος·
536 5057 645 5110 τῶν
660 5058 831 5127 φίλων
849 5061 1087 5133 Χριστοῦ
1104 5063 1133 5116 6
1145 5066 1389 5136 γνήσιος⁸
1416 5066 1527 5120 τῶν
1550 5066 1798 5135 ἀγγελων
1814 5068 1843 5120 6

256 5145 629 5216 συμπολίτης’
650 5150 891 5205 τοσαῦτα
915 5154 1013 5208 καὶ
1031 5154 1335 5227 τηλικαῦτα
1358 5160 1451 5212 καὶ
1477 5158 1727 5229 δυνηθεὶς
1747 5160 1843 5214 καὶ

250 5237 564 5308 δυνάμενος
592 5240 650 5293 ὲν
677 5244 789 5305 τοῖς
828 5244 933 5298 ὑπὸ
973 5246 1063 5302 τὸν
1086 5249 1335 5321 οὐρανόν
1368 5250 1511 5305 ὥστε
1536 5252 1631 5307 ἀπ’
1665 5251 1839 5321 ἄκρου

332 5354 386 5388 ⁸⁸
425 5354 625 5410 Matth.
657 5369 775 5423 vm,
802 5358 888 5415 10.

1943 4792 2274 4862 dynastam;
2320 4794 2415 4840 aut
2460 4783 2636 4854 ipsum
2694 4780 2858 4835 etiam
2913 4778 3009 4849 qui
3047 4778 3350 4833 diademate
3377 4777 3523 4833 redi-

1946 4882 2114 4938 mitus
2141 4886 2249 4934 est.
2277 4875 2448 4946 Major
2476 4874 2623 4929 enim
2653 4872 2920 4941 longeque
2949 4869 3201 4940 superior
3220 4878 3305 4923 est
3358 4883 3530 4939 quem

1944 4974 2216 5047 reperisti.
2245 4970 2539 5041 Martyrum
2570 4966 2770 5037 quippe
2790 4962 3138 5029 fortissimus,
3166 4961 3527 5018 miriﬁcarum

1944 5065 2307 5126 clarissimus,
2359 5073 2650 5132 germanus
2693 5056 2894 5112 Christi
2939 5055 3167 5117 amicus,
3204 5053 3527 5125 angelorum

1946 5160 2126 5217 civis:
2175 5156 2267 5228 qui
2314 5163 2395 5210 tot
2433 5159 2693 5219 tantaque
2731 5149 2785 5203 in
2839 5147 3001 5203 terris
3044 5162 3262 5216 semper
3299 5146 3525 5215 potuit,

1946 5256 2234 5321 potestque
2258 5262 2273 5313 ;
2300 5254 2361 5300 ut
2382 5244 2438 5299 in
2466 5239 2721 5298 omnibus
2747 5237 2857 5293 oris
2890 5235 3272 5291 miraculorum
3298 5245 3532 5287 suorum

1776 5515 2010 5572 ΝΟΤᾸΕ.

334 5630 1119 5707 (Πλίωάννηὲ-τξαθαρίφ.
1138 5633 1366 5693 Joannis
1392 5633 1842 5705 protospatharii,
1878 5643 1934 5691 et
1958 5634 2157 5707 Bajuli,
2179 5635 2247 5692 ab
2271 5634 2422 5691 [rene
2442 5633 2600 5691 electi
2633 5631 2841 5688 mentio
2895 5636 2983 5685 est
3045 5624 3187 5696 apud
3230 5621 3527 5691 Theopha-

256 5715 391 5757 nem
424 5701 495 5755 ad
521 5717 723 5757 annum
758 5703 824 5758 l0
854 5701 1055 5759 lrencs.
