4044 6366
524 275 629 341 963

1703 284 1763 341 S.
1807 282 2196 343 'I‘IIEODORI
2244 281 2591 344 STUDITE

3678 278 3784 342 96L

527 392 654 446 tuba
678 389 1005 446 celebretur.
1032 389 1227 444 Beatus
1257 389 1434 460 reipsa
1463 404 1543 455 es,
1569 392 1656 446 vir
1673 392 1938 462 piissime,
1961 393 2105 463 quod

2217 393 2305 463 τῆς
2347 395 2450 462 γῆς
2493 394 2600 458 ἕως
2632 393 2804 462 ἄκρου
2833 393 2939 465 γῆς
2962 394 3030 463 τῇ
3061 391 3326 461 σάλπιγγι
3348 392 3457 446 τῶν
3482 392 3785 464 θαυμάτων

527 483 693 538 talem
725 491 922 537 nactus
962 481 1037 537 sis
1073 493 1489 552 susceptorem:
1543 491 1628 536 ter
1664 483 1856 550 beatus
1878 493 1934 537 et
1964 484 2106 539 illius

529 582 678 640 tuus,
727 574 824 645 qui
860 589 892 629 a
935 581 1085 629 tanta
1132 574 1300 646 gloria
1345 580 1402 628 et
1442 575 1683 644 potentia
1727 575 1955 644 praedito
1983 592 2106 631 sus-

528 677 722 737 ceptus
772 667 861 721 sit.
929 665 1094 722 Nobis
1143 681 1274 721 vero
1308 665 1490 722 videre
1536 665 1695 720 liceat
1749 666 1896 722 hunc
1937 667 2105 722 ﬁlium

531 768 684 813 tuum
709 757 882 814 sancti
919 757 1176 812 Demetrii
1215 756 1613 827 cognominem,
1657 757 1700 810 si
1749 760 1966 823 annuis,
2016 767 2106 823 ut,

530 861 788 920 tanquam
815 849 987 920 ipsius
1011 849 1180 903 lilium
1207 849 1616 917 amplectentes,
1647 857 1704 903 et
1725 849 1977 920 congruis
2004 849 2104 919 ipsi

531 945 748 1009 verbis,
803 951 864 997 ut
897 928 1238 1011 peccatores,
1288 939 1676 1009 compellemus
1699 979 1716 1004 ,
1763 949 1820 995 et
1854 955 1969 995 rem
2013 956 2108 1011 ge-

535 1045 675 1090 stam
705 1035 770 1090 ad
807 1034 948 1087 alios
981 1045 1197 1102 quoque
1228 1030 1678 1086 transmittamus.
1705 1030 1817 1086 Nec
1851 1031 1993 1086 enim
2021 1046 2108 1086 res

534 1127 791 1198 pulrbras
819 1123 962 1178 sileri
989 1121 1286 1186 convenit,
1309 1120 1405 1175 sed
1443 1120 1564 1176 aliis
1588 1121 1656 1177 ad
1684 1121 1788 1192 pia:
1815 1121 1940 1177 ﬁdei
1961 1121 2108 1178 clara

533 1217 856 1271 documenta
887 1211 1137 1283 proponi.

817 1497 1001 1554 XVIII.
1037 1528 1102 1540 —
1132 1497 1415 1556 Slauracio
1439 1497 1724 1568 Spathario
1745 1499 1815 1554 ”.

2204 484 2371 538 αὐτοῦ
2414 484 2871 556 διαθρυλλεῖσθαι.
2903 484 3190 554 Μακάριος
3216 484 3386 548 ὅντως
3417 479 3489 550 εἰ,
3523 486 3659 555 ἀνερ
3694 487 3784 539 r5-

2206 574 2515 640 σεδέστατε,
2557 576 2640 628 ὅτι
2661 575 2904 628 τοιούτου
2945 574 3256 645 τετύχηκας
3296 574 3583 644 ἀναδόχουο
3635 593 3791 647 τρισ-

2207 665 2478 736 μακάριός
2534 683 2628 719 σου
2678 666 2772 719 καὶ
2817 667 2846 720 ό
2895 666 3052 734 γόνος
3076 705 3092 730 ,
3137 664 3275 735 ἔχων
3331 665 3422 718 τὸν
3485 665 3785 735 δεξάμενον

2203 755 2521 829 τηλικοῦτον
2547 756 2628 827 τῷ
2673 755 2820 810 κλέει
2852 757 2944 810 καὶ
2987 756 3238 825 δυνάμει.
3265 755 3407 808 Ἀλλ’
3438 755 3648 825 ἴδοιμεν
3695 757 3788 809 τὸν

2205 849 2320 902 υἱόν
2347 865 2444 902 σου
2479 851 2574 904 καὶ
2601 847 2894 920 ὁμώνυμον
2921 846 3015 902 τοῦ
3064 849 3220 916 ἁγίου
3252 847 3595 918 Δημητρίου,
3626 848 3788 917 εἴπερ

2207 938 2573 1011 συγκατέρχῃ,
2599 939 2709 1004 ῖνα,
2736 939 2810 1004 ὡς
2839 939 2954 993 υίδν
2982 938 3148 993 αὑτοῦ
3184 937 3688 1008 προσπτυξάμενοι,
3720 937 3791 990 τὰ

2205 1030 2390 1086 εἰκότα
2421 1031 2520 1102 μὲν
2551 1030 3060 1103 προσφθεγξώμεθα
3089 1031 3182 1084 καί
3225 1031 3385 1100 ἡμεῖς
3415 1029 3491 1092 ὡς
3522 1030 3789 1099 ἀμαρτωο

2213 1121 2318 1186 λοί,
2343 1122 2558 1194 ἔχωμεν
2599 1123 2656 1176 δὲ
2689 1122 2749 1177 τδ
2777 1122 3023 1192 διήγημα
3068 1121 3163 1175 καί⁵
3200 1121 3280 1183 εἰς
3335 1120 3555 1191 ἑτέρους
3604 1135 3788 1188 παρα-

2205 1213 2467 1284 πέμπειν.
2495 1217 2587 1268 Δεῖ
2605 1215 2716 1284 γὰρ
2734 1214 2804 1268 τὰ
2839 1213 2980 1268 καλὰ
3007 1211 3084 1284 μὴ
3114 1211 3445 1270 σιωπᾶσθαι,
3481 1208 3619 1263 ἀλλά
3644 1226 3788 1278 προ·

2206 1303 2423 1358 κεῖσθαι
2458 1305 2572 1368 τοῖς
2627 1304 2811 1370 ἄλλοις
2862 1307 2943 1368 εἰς
2995 1302 3232 1366 πίστεως
3279 1300 3536 1364 εὐσεϐοῦς
3569 1300 3786 1369 εναργῆ

2206 1393 2603 1464 ὑποδείγματα.

2369 1503 2476 1556 lii'.
2507 1532 2580 1544 —
2621 1501 2966 1571 Σταυρακίφ
2991 1495 3301 1567 σπαθαρίφ
3329 1495 3466 1568 (l8).
3495 1493 3626 1568 [λε’]

1990 1635 2046 1685 In
2077 1635 2216 1686 obitu
2243 1638 2350 1688 lilii.

605 1732 834 1790 Causam
881 1734 1096 1804 quidem
1127 1737 1348 1793 humilis
1375 1736 1636 1794 absentia:
1667 1739 1995 1810 nosumjam
2023 1740 2110 1796 di-

2281 1742 2394 1814 Τὴν
2428 1741 2528 1814 μὶν
2560 1741 2740 1797 αἰτίαν
2776 1741 2876 1812 τῆς
2899 1737 3162 1807 ταπεινῆς
3189 1735 3458 1800 ἀπουσίας
3495 1733 3658 1806 ἡμῶν
3687 1732 3789 1804 ἢδη

537 1829 737 1896 ximus,
764 1843 868 1884 nec
893 1845 1028 1899 opus
1054 1838 1130 1885 est
1156 1831 1388 1902 amplius
1413 1847 1692 1888 excusare.
1742 1832 1898 1889 Unde
1929 1842 2110 1888 autem

537 1920 856 1976 ordiemur?
885 1927 980 1974 aut
1010 1935 1130 1990 qua:
1151 1918 1381 1975 facultas
1408 1919 1643 1976 inveniri
1672 1931 1835 1992 queat
1857 1923 2138 1992 praesenti-

539 2007 862 2062 venerandze
881 2007 1072 2064 anima:
1099 2015 1293 2063 vestrae
1323 2007 1496 2064 dolori
1525 2010 2112 2077 eonveniens‘.'Quem-

535 2097 827 2152 admodum
873 2097 1025 2152 enim
1055 2097 1298 2154 medicus
1346 2101 1415 2155 ad
1467 2101 1827 2157 insanabilem
1859 2103 2112 2160 morbum

537 2189 843 2255 accedens,
900 2188 1087 2244 animo
1139 2190 1312 2247 haeret
1372 2192 1596 2264 ancipiti
1658 2208 1893 2264 quonam
1955 2201 2114 2265 pacto

537 2277 877 2332 curationem
943 2278 1326 2350 aggrediatur,
1384 2280 1464 2336 sic
1517 2290 1574 2337 et
1653 2299 1755 2340 nos
1818 2291 2115 2340 aestuamus

539 2367 733 2422 incerti
796 2384 902 2438 qua
936 2369 1147 2425 ratione
1199 2372 1520 2442 gravissimo
1559 2375 1700 2430 malo
1748 2384 1930 2431 vestro
1979 2391 2116 2431 con-

539 2457 864 2514 solationem
927 2459 1239 2516 alieramus.
1305 2460 1350 2516 Ο
1395 2463 1808 2520 calamitatem!
1859 2479 1894 2520 o
1939 2464 2114 2520 infor-

539 2548 752 2603 tunium
779 2553 794 2604 ι
821 2547 968 2606 Obiit
994 2551 1150 2608 vobis
1183 2551 1329 2608 ﬁlius
1350 2553 1570 2623 elegans
1593 2563 1649 2609 et
1682 2555 1988 2622 Iormosus;
2025 2556 2114 2612 ille

539 2641 634 2710 qui
664 2651 909 2697 materna
950 2643 1159 2699 viscera
1197 2644 1407 2714 primus
1437 2645 1773 2701 recluserat:
1830 2661 1928 2718 per
1951 2661 2114 2717 quem

542 2735 698 2790 vobis
745 2741 1032 2805 parentum
1083 2750 1286 2790 nomen
1333 2735 1588 2803 inditum,
1618 2736 1950 2807 principium
1986 2751 2117 2808 pro-

545 2825 852 2896 pagationis
877 2825 1095 2897 generis
1115 2864 1132 2891 ,
1177 2826 1332 2881 radix
1355 2828 1747 2896 procreationis
1783 2827 2077 2884 liberorum
2097 2868 2113 2894 ,

543 2915 795 2969 surculus
822 2915 1102 2970 rationalis
1130 2916 1556 2987 germinationis,
1591 2918 1765 2988 prima
1794 2903 1941 2973 velut
1991 2934 2115 2974 rosa

545 3011 787 3076 paternae
829 3005 1196 3062 fecunditatis.
1237 3005 1308 3062 Et
1343 3007 1470 3077 quid
1515 3008 1712 3072 dicam.
1750 3017 1809 3062 ut
1845 3008 1937 3063 lilii
1989 3010 2110 3079 pul-

543 3073 909 3152 chritudinem
961 3097 1272 3167 explicem?
1317 3073 1399 3151 An
1459 3099 1601 3168 quod
1632 3099 1913 3154 crescebat
1947 3073 2114 3172 puer,
2143 3073 2187 3132 ο

545 3187 970 3258 proﬁciebatqne
991 3195 1153 3243 aetate
1177 3197 1231 3242 et
1258 3187 1534 3244 intellectu
1561 3230 1576 3254 ,
1607 3199 1664 3245 et
1685 3190 1854 3262 gratia
1881 3191 1974 3246 Dei
2001 3201 2119 3247 erat

546 3280 601 3332 in
628 3278 719 3332 illo
735 3278 806 3344 '°,
823 3288 1084 3348 quantum
1111 3287 1167 3334 et
1189 3278 1294 3348 ipsi
1314 3295 1379 3334 ex
1409 3295 1468 3334 re
1487 3295 1650 3349 parva
1672 3281 1877 3350 experti
1899 3282 2120 3336 sumus?

546 3366 830 3433 Quomodo
881 3367 1044 3438 igitur
1099 3368 1222 3424 talis
1249 3383 1315 3424 ac
1369 3377 1552 3424 tantus
1603 3369 1791 3426 letbali
1843 3371 2020 3437 ferro,
2051 3387 2119 3427 ex

547 3458 703 3528 ipsis.
732 3468 794 3514 ut
839 3459 912 3514 ita
988 3459 1184 3526 dicam,
1231 3461 1431 3517 lumbis
1475 3462 1674 3518 vestris
1716 3471 1984 3528 exsectus,
2035 3463 2122 3518 in-

547 3551 936 3605 consolabilem
960 3551 1112 3606 cordi
1143 3561 1326 3608 vestro
1358 3553 1601 3608 dolorem
1630 3569 1740 3609 non
1769 3556 1990 3624 pariat?
2027 3565 2124 3612 aut

547 3640 671 3710 quis
699 3656 806 3696 non
850 3641 1266 3698 collamentetur
1313 3652 1368 3700 et
1397 3645 1702 3710 condoleat,
1741 3656 1999 3717 tanquam
2050 3649 2123 3704 ob

549 3731 768 3803 aliquod
805 3733 976 3804 ipsius
1003 3735 1309 3791 membrum
1335 3735 1388 3790 in
1419 3736 1574 3792 vobis
1603 3737 1782 3808 gladio
1806 3740 2125 3794 succisum?

551 3823 914 3895 lngemiscant
961 3826 1158 3881 merito
1207 3834 1414 3897 patres,
1458 3826 1812 3896 pulcherrimi
1844 3829 2007 3900 hujus
2029 3829 2124 3886 lilii

551 3916 840 3972 orbitatem
878 3926 1208 3988 spectantes.
1249 3917 1493 3988 Lugeant
1540 3927 1597 3974 et
1635 3929 1837 3976 matres
1873 3929 1982 3976 tam
2027 3937 2126 3977 ve-

552 4017 730 4063 nusta:
760 4008 928 4078 prolis
962 4009 1261 4064 sectionem
1290 4018 1600 4066 cernentes.
1633 4008 1942 4067 Rescissum
1977 4012 2126 4067 enim

554 4113 741 4154 revera
781 4108 865 4154 est
891 4101 1197 4155 membrum
1250 4109 1492 4156 vestrum
1527 4118 1540 4155 :
1576 4101 1814 4158 abscissa
1865 4111 1952 4158 est
2000 4118 2128 4158 caro

553 4200 754 4247 vestra.
787 4191 954 4262 Seges
980 4191 1172 4263 ingens
1194 4191 1432 4258 doloris;
1463 4193 1748 4248 medicinae
1778 4193 2127 4262 pharmacum

555 4281 803 4336 invenire
826 4281 1062 4337 diliicile.
1095 4281 1291 4338 δίωτοι·
1319 4283 1374 4336 in
1407 4281 1642 4348 familia,
1694 4283 1914 4339 tristitia
1948 4285 2002 4338 in
2028 4286 2128 4341 do-

2212 1833 2460 1902 εῐπομεν·
2493 1831 2588 1886 καὶ
2619 1831 2681 1884 οὐ
2705 1831 2812 1902 χρή
2842 1846 2894 1883 τι
2922 1829 3084 1882 πλέον
3115 1825 3527 1896 ἀπολογεῖσθαι.
3567 1823 3696 1886 Πῶς
3731 1823 3791 1875 δι

2211 1922 2532 1994 ἀρξόμεθας
2566 1921 2600 1993 ἢ
2639 1920 2724 1986 τίς
2754 1920 2983 1989 δύναμις
3009 1916 3320 1988 ὲξευρεθείη
3351 1917 3431 1978 εἰς
3455 1914 3521 1968 τὸ
3571 1912 3791 1983 συμϐάν

2212 2013 2382 2076 πάθος
2416 2015 2536 2077 ταῖς
2562 2012 2774 2082 τιμίαις
2804 2009 2959 2080 ὑμῶν
2984 2008 3222 2079 ψυχαῖςς
3258 2006 3534 2077 Καθάπερ
3563 2005 3675 2074 γάρ
3709 2019 3791 2066 τις

2215 2101 2398 2174 ἰατρὸς
2433 2102 2528 2156 ἐπὶ
2547 2101 2785 2172 δυσιάτῳ
2807 2099 2948 2170 νόσῳ
2971 2099 3286 2170 ἐρχόμενος,
3321 2094 3608 2166 ἀμηχανίᾳ
3640 2109 3793 2162 περιο

2215 2193 2451 2257 ίσταται,
2479 2193 2628 2257 ὅπως
2653 2191 2890 2264 ἐπιϐάλῃ
2927 2189 3025 2261 τὴν
3066 2188 3376 2260 ἐγχείρησιν
3398 2205 3414 2220 ο
3447 2185 3625 2250 οὕτως
3657 2185 3792 2253 ῖλιγ⁸

2210 2285 2444 2357 γιῶμεν,
2475 2285 2593 2350 πῶς
2625 2283 2718 2339 τδν
2742 2280 3158 2354 παρακλητικὸν
3204 2280 3365 2348 λόγον
3388 2278 3480 2332 ἐπὶ
3508 2277 3585 2347 τῷ
3619 2277 3790 2347 βαρυ-

2212 2377 2360 2448 τάτῳ
2389 2375 2544 2448 ὑμῶν
2569 2375 2734 2430 πάθει
2753 2369 3246 2444 προσενέγκασθαι.
3272 2371 3337 2422 Ὦ
3357 2369 3456 2439 τῆς
3479 2367 3786 2438 συμφορᾶςί

2212 2468 2260 2522 ὣ
2313 2467 2414 2539 τῆς
2463 2465 2820 2537 συμϐάσεωςί
2860 2463 3034 2535 ᾤχετο
3088 2463 3218 2531 ὑμῖν
3280 2462 3411 2523 παῖς
3468 2458 3638 2520 καλὸς
3697 2457 3792 2512 καὶ

2213 2558 2432 2631 ὡραῖος*
2470 2559 2632 2622 αὐτὸς
2678 2559 2708 2612 ό
2752 2557 2850 2620 τὰς
2882 2553 3102 2626 πρώτας
3145 2553 3415 2624 μητρικάς
3445 2551 3644 2612 ὠδῖνας
3675 2548 3792 2601 δια-

2213 2651 2402 2716 λύσας¹
2445 2650 2514 2705 δι⁹
2535 2644 2595 2705 οὗ
2626 2650 2755 2720 ὑμῖν
2783 2649 2846 2704 τδ
2881 2648 2990 2702 τῶν
3021 2647 3223 2715 γονέων
3253 2645 3426 2714 ὄνομα
3450 2640 3794 2712 κεχρημάτιο

2212 2755 2332 2796 κεν·
2362 2741 2422 2812 εὴ
2474 2739 2618 2812 ἀρχὴ
2648 2740 2748 2810 τῆς
2802 2737 3052 2808 διαδοχῆς
3079 2735 3175 2789 τοῦ
3203 2733 3394 2804 γένους
3419 2750 3436 2764 ο
3467 2734 3502 2803 ἡ
3535 2730 3661 2803 ῥίζα
3695 2731 3794 2798 τῆς

2214 2835 2580 2897 τεκνοποιίας·
2620 2833 2650 2886 ὁ
2677 2830 2856 2904 δρπηξ
2884 2831 2982 2900 τῆς
3005 2827 3228 2896 λογικῆς
3262 2822 3656 2897 βλαστοφορίας
3682 2835 3699 2851 ο
3734 2819 3794 2872 τὸ

2214 2931 2378 2985 οἰονεί⁵
2411 2921 2738 3000 πρωτοφυὲς
2765 2925 2916 2997 ῥόδον
2943 2923 3043 2992 τῆς
3075 2919 3343 2991 πατρικῆς
3374 2914 3789 2988 ἱκαρποφορίας.

2216 3021 2326 3078 Καὶ
2361 3019 2413 3075 τί
2449 3021 2518 3074 ἀν
2549 3020 2759 3088 εἴποιμι
2799 3013 3080 3086 παριστῶν
3131 3011 3193 3064 τδ
3249 3009 3406 3078 γόνου
3458 3004 3698 3068 κάλλοςς
3744 3001 3779 3072 ἦ

2217 3114 2300 3168 δτι
2334 3110 2398 3166 τδ
2435 3109 2647 3164 παιδίον
2678 3105 2881 3178 ηὔξανε
2924 3106 3022 3158 καὶ
3070 3101 3405 3174 προέκοπτεν
3455 3093 3647 3165 ἡλικίᾳ
3697 3091 3792 3144 καὶ

2221 3203 2458 3264 συνέσει.
2481 3201 2574 3256 καὶ
2600 3201 2760 3270 χάρις
2793 3195 2928 3252 Θεοῦ
2952 3191 3021 3266 ἦν
3051 3193 3136 3247 ἐπ’
3159 3190 3326 3260 αὐτῷ,
3353 3189 3476 3242 ὅσον
3497 3187 3563 3239 ὲκ
3598 3179 3793 3253 μικροῦ

2219 3296 2312 3350 καὶ
2341 3295 2502 3364 ἡμεῖς
2531 3287 2950 3360 πεπειράμεθας
2983 3283 3107 3349 Ilio;
3132 3282 3312 3336 τοίνυν
3339 3279 3401 3332 τὸ
3423 3274 3670 3331 τοιοῦτον
3699 3271 3795 3364 καὶ

2219 3363 2535 3456 τηλικοῦτον
2557 3378 2829 3451 ἰκτμηθὲν
2856 3379 2922 3448 τῇ
2952 3376 3217 3444 θανατικῇ
3242 3369 3502 3442 μαχαίρᾳ,
3531 3366 3593 3431 ἐξ
3622 3363 3794 3432 αὐτῆς

2221 3479 2393 3530 εἰπεῖν
2420 3473 2522 3544 τῆς
2549 3469 2750 3540 ὀσφύος
2775 3467 2950 3540 ὑμῶν,
2971 3467 3034 3520 οὐ
3055 3461 3446 3535 κατεργάσειεν
3475 3456 3543 3512 ἂν
3573 3457 3792 3524 ἀπαραο

2226 3568 2465 3640 μύθητον
2501 3563 2664 3632 ἄλγος
2691 3563 2750 3615 ὲν
2770 3561 2838 3631 τῇ
2869 3557 3069 3628 καρδία
3095 3553 3287 3626 ὐμῶν;
3318 3551 3352 3623 ἢ
3380 3549 3465 3613 τίς
3494 3548 3558 3601 οὐ
3587 3561 3796 3640 συμπο-

2222 3635 2498 3714 τνιάσεται
2551 3655 2644 3709 καὶ
2672 3648 3168 3717 συναλγυνθήσεται
3215 3643 3311 3696 ἐπὶ
3353 3640 3432 3712 τῷ
3479 3635 3796 3708 τεμνομένῳ

2223 3751 2311 3805 διὰ
2337 3750 2525 3818 ξίφους
2557 3743 2701 3800 κατά
2732 3761 2783 3797 τι
2811 3741 2922 3796 τῶν
2949 3737 3302 3809 ὑπαρχόντων
3331 3729 3478 3801 αὐτῷ
3508 3728 3691 3800 μελῶν
3719 3727 3794 3788 ὡς

2225 3843 2311 3912 ἰφ’
2342 3841 2511 3911 ὑμῖνς
2553 3833 2874 3901 Στενάξειαν
2931 3829 2978 3884 δ’
3006 3829 3074 3884 ἂν
3119 3826 3344 3889 εἰκότως
3390 3822 3485 3876 καὶ
3537 3818 3792 3912 πατέρες,

2225 3909 2470 3985 τοιούτου
2498 3925 2786 3981 καλλίστου
2811 3921 3001 3986 παιδὸς
3032 3915 3307 3987 ἀποϐολὴν
3344 3913 3634 3982 θεώμενοι.
3659 3909 3796 3978 Θρη·

2226 4022 2447 4092 νήσειαν
2473 4018 2518 4072 δ’
2535 4018 2602 4072 ἂν
2621 4016 2716 4069 καὶ
2739 4013 2995 4084 μητέρες,
3012 4006 3330 4100 τηλικούτου
3357 4000 3560 4100 ὡραίου

2228 4089 2355 4185 χνου
2389 4109 2628 4181 ὲκνομὴν
2657 4104 3116 4177 προσϐλέπουσαι.
3139 4099 3419 4168 Τέτμηται
3573 4089 3795 4185 ,ἀληθῶς

2233 4181 2392 4274 μέλος
2432 4199 2606 4272 ὕμιῖιν.
2638 4196 3000 4250 Ἐκκέκοπται
3031 4191 3166 4262 σὰρξ
3221 4188 3400 4259 ὑμῶν,
3433 4183 3495 4238 τδ
3525 4181 3796 4274 νόδυνηρὺν

2230 4273 2367 4350 πολὺ
2396 4334 2412 4358 ,
2471 4292 2533 4346 τδ
2585 4286 2978 4362 θεραπευτικὸν
3028 4284 3323 4354 φάρμακον
3383 4273 3794 4345 δυσεξεὺρητον.

553 4372 816 4437 mesticis,
861 4373 1017 4426 dolor
1061 4373 1114 4428 in
1152 4375 1432 4444 cognatis;
1485 4375 1580 4430 sed
1629 4390 1742 4446 pra!
1777 4376 2031 4432 omnibus
2069 4379 2120 4432 in

2230 4384 2517 4454 Κατὴφεια
2541 4379 2636 4432 ἀπὶ
2665 4377 2767 4446 τῆς
2823 4374 3022 4436 οἰκίας,
3060 4370 3222 4440 ὀδύνη
3253 4368 3349 4423 ἐπὶ
3383 4366 3512 4428 τοὺς
3555 4364 3792 4454 οἰκέταςΓ

553 4481 656 4520 avo
701 4464 925 4520 domino
977 4465 1228 4534 patricio,
1284 4474 1340 4520 et
1398 4466 1456 4520 in
1506 4465 1624 4520 avia
1681 4467 1898 4522 domina
1942 4478 2128 4538 proto-

555 4553 852 4624 spatharia.
904 4553 1158 4623 Undique
1204 4553 1388 4624 gravia
1432 4563 1487 4608 et
1533 4554 1725 4609 tristia.
1747 4554 1948 4609 Verum
1990 4572 2127 4627 age,

556 4645 642 4698 vir
657 4645 885 4715 optime,
909 4645 1002 4715 qui
1020 4653 1076 4700 et
1096 4645 1452 4716 intelligentia
1473 4645 1738 4712 abundas,
1760 4654 1816 4700 et
1844 4647 2129 4716 prudentia

559 4744 788 4807 praestas
810 4777 826 4803 ,
879 4744 937 4792 et
979 4736 1268 4806 plurimam
1305 4751 1371 4792 ex
1407 4737 1700 4791 multorum
1727 4752 1994 4792 annorum
2025 4753 2128 4793 usu

560 4827 792 4897 adeptus
845 4843 907 4884 es
958 4828 1264 4896 scientiam,
1290 4827 1389 4884 tibi
1439 4827 1555 4898 ipse
1587 4827 1828 4895 medere,
1893 4829 2126 4899 teipsum

560 4932 716 4972 sana.
771 4916 996 4988 Conjiee
1018 4955 1036 4983 ,
1081 4934 1303 4990 quaeso,
1356 4918 1558 4974 mentis
1582 4919 1770 4974 oculos
1798 4919 1854 4974 in
1885 4920 2125 4974 universi

563 5009 1118 5080 contemplationem;
1172 5011 1383 5081 respice
1421 5011 1487 5066 ad
1535 5010 1788 5081 antiquas
1816 5021 2005 5067 aetates
2029 5049 2046 5077 ,
2093 5027 2124 5066 a

565 5099 740 5170 primo
793 5100 912 5170 ipso
973 5112 1199 5171 parente
1219 5111 1408 5158 nostro
1454 5103 1623 5158 Adam
1645 5144 1660 5169 ,
1705 5112 1762 5158 et
1788 5104 1912 5158 vide
1941 5118 2004 5158 ac
2034 5119 2126 5160 re-

562 5205 834 5260 cognosce
858 5229 874 5255 ,
919 5193 1043 5261 quis
1090 5193 1146 5246 in
1185 5193 1360 5248 lucem
1409 5208 1661 5264 egressus
1700 5194 1754 5247 in
1791 5195 1895 5249 boc
1927 5196 2130 5251 saeculo

564 5281 958 5352 permanserit,
1004 5289 1059 5335 et
1103 5297 1213 5336 non
1262 5281 1556 5336 exorientis
1593 5281 1763 5335 instar
1805 5281 1915 5336 leni
1967 5284 2129 5340 citius

637 5397 682 5430 δ’
718 5395 1110 5455 Consolatoria.
1182 5397 1230 5428 ⁸⁸
1267 5395 1400 5450 Luc.
1447 5409 1506 5457 ιι,
1547 5393 1636 5450 40.

2225 4451 2490 4542 λύπηνὲπὶ
2512 4469 2640 4531 τοὺς
2671 4465 2979 4534 συγγενεῖς·
3007 4461 3208 4532 μᾶλλον
3244 4457 3302 4513 δὲ
3331 4457 3436 4528 πρὸ
3461 4454 3669 4510 τοῦτων
3701 4451 3794 4505 ἐπὶ

2223 4565 2315 4619 τδν
2338 4562 2660 4634 προπάτορα
2684 4557 2874 4628 κύριον
2898 4552 3204 4625 πατρίκιον,
3238 4549 3337 4605 καὶ
3350 4548 3450 4619 τὴν
3477 4547 3796 4634 προμήτορα

2224 4633 2419 4724 κυρίαν
2446 4637 2964 4724 πρωτοσπαθαρίαν.
3021 4642 3292 4697 Πάντοθεν
3319 4638 3467 4693 δεινά
3499 4636 3597 4690 καὶ
3639 4633 3793 4702 περί-

2223 4745 2388 4798 λυπα.
2422 4740 2588 4795 Ἀλλὰ
2639 4737 2802 4808 δεῦρό
2849 4753 2961 4806 μοι,
3007 4731 3147 4803 ἀνὴρ
3197 4729 3423 4801 χρηστὲ,
3453 4726 3484 4779 ό
3526 4725 3691 4787 πολὺς
3737 4725 3795 4774 ὲν

2223 4834 2464 4897 συνέσει,
2513 4833 2543 4884 ό
2579 4828 2740 4897 σοφὸς
2771 4829 2830 4880 ὲν
2864 4824 3146 4894 φρονήσει.
3175 4823 3204 4874 ὁ
3247 4817 3509 4886 πλείστην
3547 4812 3794 4880 συνειλη-

2220 4925 2331 4995 χὼς
2361 4925 2426 4976 ὲκ
2463 4918 2674 4973 πολλῶν
2717 4915 2827 4970 τῶν
2851 4913 3062 4985 χρόνων
3093 4909 3193 4981 τὴν
3223 4907 3447 4976 γνῶσινο
3483 4903 3675 4958 σαυτὸν

2225 4992 2520 5088 ρατεευσον*
2553 5009 2751 5063 σαυτὸν
2781 5007 2954 5060 ῐασαι.
2992 5000 3259 5056 Ἐπίϐαλέ
3297 5017 3418 5062 σου,
3468 4992 3795 5088 παρακαλῶ,

2219 5084 2311 5161 τὸν
2342 5101 2616 5175 ὀφθαλμὸν
2637 5101 2740 5170 τῆς
2766 5097 3002 5160 διανοίας
3027 5097 3106 5159 εἰς
3133 5094 3235 5164 τὴν
3249 5095 3354 5185 τῆς
3399 5090 3636 5185 κτίσεως
3654 5084 3798 5185 (iam:

2227 5198 2366 5271 piaV'
2397 5192 2664 5265 εμσλεψον
2717 5192 2797 5252 εἰς
2843 5188 3076 5260 ἀρχαίας
3108 5184 3325 5255 γενεὰς,
3358 5181 3455 5236 ἀπ’
3480 5179 3640 5271 αὑτοῦ
3699 5179 3798 5271 τοῦ

2226 5270 2567 5357 προπάτορος
2595 5286 2629 5354 ἡ
2640 5281 2756 5353 μῶν
2784 5280 2978 5352 ’Ᾱδάμο
3034 5281 3132 5334 καὶ
3166 5277 3243 5331 ίδε
3269 5278 3364 5330 καὶ
3395 5273 3566 5344 γνῶθι
3595 5270 3674 5332 τίς
3711 5270 3802 5320 ἐν·

2095 5479 2320 5538 ΝΟΤίΕ.

641 5603 755 5673 (l8)
785 5601 1128 5673 Σταυρακίῳ
1159 5597 1488 5673 Σπαθαρίφ.
1522 5596 1687 5673 Forte
1715 5596 1762 5673 is
1803 5595 2125 5673 Stauracius

572 5668 854 5745 pairicius,
899 5668 1106 5742 publici
1153 5686 1350 5728 cursus
1394 5669 1684 5740 logotbeta,
1721 5668 1918 5738 dequo
1958 5669 2127 5722 multa

2238 5593 2379 5666 apud
2413 5590 2798 5660 Theophanem
2831 5588 2897 5644 ad
2930 5601 3134 5642 annum
3196 5585 3251 5640 li
3304 5582 3490 5638 Irencs
3548 5591 3600 5636 et
3637 5579 3804 5634 dein-

2241 5683 2388 5734 ceps.
