  <div class='ocr_page' id='page_1' title='image "/cluster/home/n/w/nwhite01/storage/ocr_20150623/99/hvd.32044024464356/488.png"; bbox 0 0 4044 6366; ppageno 0'>
   <div class='ocr_carea' id='block_1_1' title="bbox 216 286 334 354">
    <p class='ocr_par' dir='ltr' id='par_1_1' title="bbox 216 286 334 354">
     <span class='ocr_line' id='line_1_1' title="bbox 216 286 334 354; baseline 0.034 -5"><span class='ocrx_word' id='word_1_1' title='bbox 216 286 334 354; x_wconf 87' lang='grc'>965</span> 
     </span>
    </p>
   </div>
   <div class='ocr_carea' id='block_1_2' title="bbox 1456 293 2268 366">
    <p class='ocr_par' dir='ltr' id='par_1_2' title="bbox 1456 293 2268 366">
     <span class='ocr_line' id='line_1_2' title="bbox 1456 293 2268 366; baseline 0.018 -14"><span class='ocrx_word' id='word_1_2' title='bbox 1456 293 1998 361; x_wconf 81' lang='lat' dir='ltr'><strong>EPISTOLARUM</strong></span> <span class='ocrx_word' id='word_1_3' title='bbox 2032 303 2182 366; x_wconf 86' lang='lat' dir='ltr'><strong>LIB.</strong></span> <span class='ocrx_word' id='word_1_4' title='bbox 2217 307 2268 366; x_wconf 94' lang='grc' dir='ltr'><strong>Ι.</strong></span> 
     </span>
    </p>
   </div>
   <div class='ocr_carea' id='block_1_3' title="bbox 3385 303 3495 368">
    <p class='ocr_par' dir='ltr' id='par_1_3' title="bbox 3385 303 3495 368">
     <span class='ocr_line' id='line_1_3' title="bbox 3385 303 3495 368; baseline 0 0"><span class='ocrx_word' id='word_1_5' title='bbox 3385 303 3495 368; x_wconf 81' lang='lat'><strong>966</strong></span> 
     </span>
    </p>
   </div>
   <div class='ocr_carea' id='block_1_4' title="bbox 215 395 1817 489">
    <p class='ocr_par' dir='ltr' id='par_1_4' title="bbox 215 395 1812 476">
     <span class='ocr_line' id='line_1_4' title="bbox 215 395 1812 476; baseline 0.003 -22"><span class='ocrx_word' id='word_1_6' title='bbox 215 400 404 473; x_wconf 82' lang='grc' dir='ltr'>έμεινε</span> <span class='ocrx_word' id='word_1_7' title='bbox 429 399 507 471; x_wconf 84' lang='grc' dir='ltr'><strong>τῷ</strong></span> <span class='ocrx_word' id='word_1_8' title='bbox 531 397 688 455; x_wconf 85' lang='grc' dir='ltr'>αίῶνι</span> <span class='ocrx_word' id='word_1_9' title='bbox 716 400 893 473; x_wconf 83' lang='grc' dir='ltr'>τούτῳ</span> <span class='ocrx_word' id='word_1_10' title='bbox 918 402 997 466; x_wconf 87' lang='grc' dir='ltr'><strong>είς</strong></span> <span class='ocrx_word' id='word_1_11' title='bbox 1020 399 1133 470; x_wconf 86' lang='grc' dir='ltr'><strong>φῶς</strong></span> <span class='ocrx_word' id='word_1_12' title='bbox 1161 395 1353 465; x_wconf 70' lang='grc' dir='ltr'>ἐλθὼν,</span> <span class='ocrx_word' id='word_1_13' title='bbox 1375 402 1490 457; x_wconf 83' lang='grc' dir='ltr'>ἀλλ’</span> <span class='ocrx_word' id='word_1_14' title='bbox 1515 404 1637 474; x_wconf 74' lang='grc' dir='ltr'>οὐχὶ</span> <span class='ocrx_word' id='word_1_15' title='bbox 1656 404 1812 476; x_wconf 86' lang='grc' dir='ltr'>δίκην</span> 
     </span>
    </p>
   </div>
   <div class='ocr_carea' id='block_1_5' title="bbox 1917 395 3498 489">
    <p class='ocr_par' dir='ltr' id='par_1_5' title="bbox 1917 411 3498 489">
     <span class='ocr_line' id='line_1_5' title="bbox 1917 411 3498 489; baseline 0.005 -24"><span class='ocrx_word' id='word_1_16' title='bbox 1917 411 2248 482; x_wconf 83' lang='lat' dir='ltr'><strong>delloruerit,</strong></span> <span class='ocrx_word' id='word_1_17' title='bbox 2276 432 2341 473; x_wconf 89' lang='lat' dir='ltr'><strong>ac</strong></span> <span class='ocrx_word' id='word_1_18' title='bbox 2373 432 2471 489; x_wconf 90' lang='lat' dir='ltr'><strong>per</strong></span> <span class='ocrx_word' id='word_1_19' title='bbox 2489 425 2721 473; x_wconf 90' lang='lat' dir='ltr'><strong>mortem</strong></span> <span class='ocrx_word' id='word_1_20' title='bbox 2737 417 3065 475; x_wconf 80' lang='lat' dir='ltr'><strong>dessiccatns</strong></span> <span class='ocrx_word' id='word_1_21' title='bbox 3081 415 3154 471; x_wconf 91' lang='lat' dir='ltr'><strong>sit</strong></span> <span class='ocrx_word' id='word_1_22' title='bbox 3179 431 3195 471; x_wconf 91' lang='lat'><strong>:</strong></span> <span class='ocrx_word' id='word_1_23' title='bbox 3230 426 3329 473; x_wconf 89' lang='lat' dir='ltr'><strong>ant</strong></span> <span class='ocrx_word' id='word_1_24' title='bbox 3353 418 3498 473; x_wconf 96' lang='lat' dir='ltr'><strong>sicut</strong></span> 
     </span>
    </p>
   </div>
   <div class='ocr_carea' id='block_1_6' title="bbox 217 491 1808 567">
    <p class='ocr_par' dir='ltr' id='par_1_6' title="bbox 217 491 1808 567">
     <span class='ocr_line' id='line_1_6' title="bbox 217 491 1808 567; baseline 0.002 -20"><span class='ocrx_word' id='word_1_25' title='bbox 217 491 608 554; x_wconf 84' lang='grc' dir='ltr'>ἀνατέλλοντος</span> <span class='ocrx_word' id='word_1_26' title='bbox 634 492 833 565; x_wconf 82' lang='grc' dir='ltr'>χόρτου</span> <span class='ocrx_word' id='word_1_27' title='bbox 860 492 1055 546; x_wconf 81' lang='grc' dir='ltr'>θᾶττον</span> <span class='ocrx_word' id='word_1_28' title='bbox 1082 492 1348 563; x_wconf 77' lang='grc' dir='ltr'><strong>ἐξήνθησε</strong></span> <span class='ocrx_word' id='word_1_29' title='bbox 1388 496 1481 547; x_wconf 80' lang='grc' dir='ltr'>καὶ</span> <span class='ocrx_word' id='word_1_30' title='bbox 1503 495 1808 567; x_wconf 80' lang='grc' dir='ltr'><strong>ἀπεξηράν⁸</strong></span> 
     </span>
    </p>
   </div>
   <div class='ocr_carea' id='block_1_7' title="bbox 217 582 1808 657">
    <p class='ocr_par' dir='ltr' id='par_1_7' title="bbox 217 582 1808 657">
     <span class='ocr_line' id='line_1_7' title="bbox 217 582 1808 657; baseline 0.003 -19"><span class='ocrx_word' id='word_1_31' title='bbox 217 584 290 656; x_wconf 89' lang='grc' dir='ltr'><strong>θη</strong></span> <span class='ocrx_word' id='word_1_32' title='bbox 314 584 404 640; x_wconf 78' lang='grc' dir='ltr'><strong>διὰ</strong></span> <span class='ocrx_word' id='word_1_33' title='bbox 436 582 669 638; x_wconf 85' lang='grc' dir='ltr'>θανάτου</span> <span class='ocrx_word' id='word_1_34' title='bbox 690 624 706 649; x_wconf 91' lang='grc'><strong>,</strong></span> <span class='ocrx_word' id='word_1_35' title='bbox 739 583 771 655; x_wconf 81' lang='grc' dir='ltr'>ἢ</span> <span class='ocrx_word' id='word_1_36' title='bbox 808 584 883 647; x_wconf 83' lang='grc' dir='ltr'>ὡς</span> <span class='ocrx_word' id='word_1_37' title='bbox 910 585 968 637; x_wconf 85' lang='grc' dir='ltr'><strong>ἐν</strong></span> <span class='ocrx_word' id='word_1_38' title='bbox 1000 584 1231 655; x_wconf 78' lang='grc' dir='ltr'><strong>ῥεύματι</strong></span> <span class='ocrx_word' id='word_1_39' title='bbox 1264 586 1575 657; x_wconf 81' lang='grc' dir='ltr'>ποταμιαίῳ</span> <span class='ocrx_word' id='word_1_40' title='bbox 1598 627 1614 652; x_wconf 90' lang='grc'><strong>,</strong></span> <span class='ocrx_word' id='word_1_41' title='bbox 1640 589 1722 641; x_wconf 84' lang='grc' dir='ltr'>ὃτι</span> <span class='ocrx_word' id='word_1_42' title='bbox 1745 588 1808 642; x_wconf 87' lang='grc' dir='ltr'><strong>τὺ</strong></span> 
     </span>
    </p>
   </div>
   <div class='ocr_carea' id='block_1_8' title="bbox 223 674 1807 752">
    <p class='ocr_par' dir='ltr' id='par_1_8' title="bbox 223 674 1807 752">
     <span class='ocr_line' id='line_1_8' title="bbox 223 674 1807 752; baseline 0.003 -23"><span class='ocrx_word' id='word_1_43' title='bbox 223 676 328 748; x_wconf 71' lang='grc' dir='ltr'>μὲν</span> <span class='ocrx_word' id='word_1_44' title='bbox 374 674 668 745; x_wconf 77' lang='grc' dir='ltr'><strong>ὑπεξῆλθε,</strong></span> <span class='ocrx_word' id='word_1_45' title='bbox 698 674 759 728; x_wconf 83' lang='grc' dir='ltr'>τὸ</span> <span class='ocrx_word' id='word_1_46' title='bbox 786 674 842 728; x_wconf 87' lang='grc' dir='ltr'><strong>δέ</strong></span> <span class='ocrx_word' id='word_1_47' title='bbox 873 674 1215 745; x_wconf 84' lang='grc' dir='ltr'>ἀντεισῆλθε,</span> <span class='ocrx_word' id='word_1_48' title='bbox 1255 675 1351 730; x_wconf 89' lang='grc' dir='ltr'><strong>τοῦ</strong></span> <span class='ocrx_word' id='word_1_49' title='bbox 1382 678 1525 731; x_wconf 84' lang='grc' dir='ltr'>κατὰ</span> <span class='ocrx_word' id='word_1_50' title='bbox 1554 677 1807 752; x_wconf 84' lang='grc' dir='ltr'>διαδοχὴν</span> 
     </span>
    </p>
   </div>
   <div class='ocr_carea' id='block_1_9' title="bbox 218 764 1808 839">
    <p class='ocr_par' dir='ltr' id='par_1_9' title="bbox 218 764 1808 839">
     <span class='ocr_line' id='line_1_9' title="bbox 218 764 1808 839; baseline 0.003 -19"><span class='ocrx_word' id='word_1_51' title='bbox 218 767 413 835; x_wconf 79' lang='grc' dir='ltr'><strong>γένους</strong></span> <span class='ocrx_word' id='word_1_52' title='bbox 440 765 516 837; x_wconf 83' lang='grc' dir='ltr'>μὴ</span> <span class='ocrx_word' id='word_1_53' title='bbox 550 765 865 837; x_wconf 77' lang='grc' dir='ltr'><strong>ἱσταμένου,</strong></span> <span class='ocrx_word' id='word_1_54' title='bbox 896 764 1033 819; x_wconf 89' lang='grc' dir='ltr'><strong>ἀλλά</strong></span> <span class='ocrx_word' id='word_1_55' title='bbox 1060 768 1501 839; x_wconf 85' lang='grc' dir='ltr'>παρατρέχοντος</span> <span class='ocrx_word' id='word_1_56' title='bbox 1530 770 1653 824; x_wconf 82' lang='grc' dir='ltr'>καθ’</span> <span class='ocrx_word' id='word_1_57' title='bbox 1678 770 1808 825; x_wconf 69' lang='grc' dir='ltr'>ἑκά-ν</span> 
     </span>
    </p>
   </div>
   <div class='ocr_carea' id='block_1_10' title="bbox 220 856 1806 932">
    <p class='ocr_par' dir='ltr' id='par_1_10' title="bbox 220 856 1806 932">
     <span class='ocr_line' id='line_1_10' title="bbox 220 856 1806 932; baseline 0.003 -21"><span class='ocrx_word' id='word_1_58' title='bbox 220 875 357 930; x_wconf 84' lang='grc' dir='ltr'>στην</span> <span class='ocrx_word' id='word_1_59' title='bbox 379 858 615 931; x_wconf 62' lang='grc' dir='ltr'>ἡμέραν</span> <span class='ocrx_word' id='word_1_60' title='bbox 649 856 824 921; x_wconf 79' lang='grc' dir='ltr'>οὕτως</span> <span class='ocrx_word' id='word_1_61' title='bbox 848 858 899 909; x_wconf 74' lang='grc' dir='ltr'>οἱ</span> <span class='ocrx_word' id='word_1_62' title='bbox 925 858 1294 928; x_wconf 78' lang='grc' dir='ltr'><strong>γεννήσαντες</strong></span> <span class='ocrx_word' id='word_1_63' title='bbox 1338 861 1467 925; x_wconf 86' lang='grc' dir='ltr'>τοὺς</span> <span class='ocrx_word' id='word_1_64' title='bbox 1502 863 1655 932; x_wconf 79' lang='grc' dir='ltr'>ἡμᾶς</span> <span class='ocrx_word' id='word_1_65' title='bbox 1680 879 1806 930; x_wconf 84' lang='grc' dir='ltr'>γεν-</span> 
     </span>
    </p>
   </div>
   <div class='ocr_carea' id='block_1_11' title="bbox 219 950 1809 1023">
    <p class='ocr_par' dir='ltr' id='par_1_11' title="bbox 219 950 1809 1023">
     <span class='ocr_line' id='line_1_11' title="bbox 219 950 1809 1023; baseline 0.002 -18"><span class='ocrx_word' id='word_1_66' title='bbox 219 953 513 1021; x_wconf 81' lang='grc' dir='ltr'>νήσαντας,</span> <span class='ocrx_word' id='word_1_67' title='bbox 544 950 640 1004; x_wconf 78' lang='grc' dir='ltr'>καὶ</span> <span class='ocrx_word' id='word_1_68' title='bbox 669 950 721 1003; x_wconf 84' lang='grc' dir='ltr'><strong>οί</strong></span> <span class='ocrx_word' id='word_1_69' title='bbox 754 950 980 1005; x_wconf 85' lang='grc' dir='ltr'>ἐκείνων</span> <span class='ocrx_word' id='word_1_70' title='bbox 1009 952 1295 1023; x_wconf 86' lang='grc' dir='ltr'><strong>ἀνώτεροι·</strong></span> <span class='ocrx_word' id='word_1_71' title='bbox 1342 953 1438 1007; x_wconf 81' lang='grc' dir='ltr'>καὶ</span> <span class='ocrx_word' id='word_1_72' title='bbox 1468 953 1809 1019; x_wconf 78' lang='grc' dir='ltr'><strong>ἀναποδίζων</strong></span> 
     </span>
    </p>
   </div>
   <div class='ocr_carea' id='block_1_12' title="bbox 220 1042 1809 1114">
    <p class='ocr_par' dir='ltr' id='par_1_12' title="bbox 220 1042 1809 1114">
     <span class='ocr_line' id='line_1_12' title="bbox 220 1042 1809 1114; baseline 0.003 -17"><span class='ocrx_word' id='word_1_73' title='bbox 220 1046 251 1097; x_wconf 78' lang='grc' dir='ltr'>ὁ</span> <span class='ocrx_word' id='word_1_74' title='bbox 277 1042 437 1114; x_wconf 80' lang='grc' dir='ltr'>λόγος</span> <span class='ocrx_word' id='word_1_75' title='bbox 463 1044 542 1107; x_wconf 86' lang='grc' dir='ltr'><strong>είς</strong></span> <span class='ocrx_word' id='word_1_76' title='bbox 567 1042 667 1113; x_wconf 75' lang='grc' dir='ltr'>τὴν</span> <span class='ocrx_word' id='word_1_77' title='bbox 693 1042 978 1113; x_wconf 82' lang='grc' dir='ltr'><strong>καταρχὴν</strong></span> <span class='ocrx_word' id='word_1_78' title='bbox 1011 1042 1309 1097; x_wconf 81' lang='grc' dir='ltr'>ἐλεύσεται’</span> <span class='ocrx_word' id='word_1_79' title='bbox 1339 1045 1434 1098; x_wconf 74' lang='grc' dir='ltr'>καὶ</span> <span class='ocrx_word' id='word_1_80' title='bbox 1460 1045 1668 1100; x_wconf 83' lang='grc' dir='ltr'>κατιὼν</span> <span class='ocrx_word' id='word_1_81' title='bbox 1699 1048 1809 1102; x_wconf 78' lang='grc' dir='ltr'>πά-</span> 
     </span>
    </p>
   </div>
   <div class='ocr_carea' id='block_1_13' title="bbox 220 1133 1807 1209">
    <p class='ocr_par' dir='ltr' id='par_1_13' title="bbox 220 1133 1807 1209">
     <span class='ocr_line' id='line_1_13' title="bbox 220 1133 1807 1209; baseline 0.003 -20"><span class='ocrx_word' id='word_1_82' title='bbox 220 1136 309 1189; x_wconf 90' lang='grc' dir='ltr'>λιν</span> <span class='ocrx_word' id='word_1_83' title='bbox 337 1138 419 1201; x_wconf 85' lang='grc' dir='ltr'><strong>είς</strong></span> <span class='ocrx_word' id='word_1_84' title='bbox 446 1136 546 1207; x_wconf 73' lang='grc' dir='ltr'>τὴν</span> <span class='ocrx_word' id='word_1_85' title='bbox 577 1135 886 1189; x_wconf 85' lang='grc' dir='ltr'><strong>συντέλειαν</strong></span> <span class='ocrx_word' id='word_1_86' title='bbox 920 1133 1077 1188; x_wconf 90' lang='grc' dir='ltr'>τοῦδε</span> <span class='ocrx_word' id='word_1_87' title='bbox 1100 1135 1196 1188; x_wconf 83' lang='grc' dir='ltr'><strong>τοῦ</strong></span> <span class='ocrx_word' id='word_1_88' title='bbox 1228 1136 1431 1200; x_wconf 84' lang='grc' dir='ltr'>παντὸς</span> <span class='ocrx_word' id='word_1_89' title='bbox 1456 1140 1807 1209; x_wconf 80' lang='grc' dir='ltr'>καταντήσει.</span> 
     </span>
    </p>
   </div>
   <div class='ocr_carea' id='block_1_14' title="bbox 222 1226 1806 1300">
    <p class='ocr_par' dir='ltr' id='par_1_14' title="bbox 222 1226 1806 1300">
     <span class='ocr_line' id='line_1_14' title="bbox 222 1226 1806 1300; baseline 0.001 -18"><span class='ocrx_word' id='word_1_90' title='bbox 222 1228 335 1283; x_wconf 75' lang='grc' dir='ltr'><strong>Καὶ</strong></span> <span class='ocrx_word' id='word_1_91' title='bbox 364 1229 475 1282; x_wconf 82' lang='grc' dir='ltr'>οὐκ</span> <span class='ocrx_word' id='word_1_92' title='bbox 512 1227 686 1282; x_wconf 72' lang='grc' dir='ltr'>ἔστιν</span> <span class='ocrx_word' id='word_1_93' title='bbox 714 1227 783 1294; x_wconf 83' lang='grc' dir='ltr'>ὃς</span> <span class='ocrx_word' id='word_1_94' title='bbox 815 1226 1075 1295; x_wconf 75' lang='grc' dir='ltr'><strong>ζήσεται,</strong></span> <span class='ocrx_word' id='word_1_95' title='bbox 1103 1228 1247 1281; x_wconf 85' lang='grc' dir='ltr'><strong>κατά</strong></span> <span class='ocrx_word' id='word_1_96' title='bbox 1284 1227 1346 1281; x_wconf 82' lang='grc' dir='ltr'>τὸ</span> <span class='ocrx_word' id='word_1_97' title='bbox 1396 1230 1806 1300; x_wconf 81' lang='grc' dir='ltr'><strong>γεγραμμένον,</strong></span> 
     </span>
    </p>
   </div>
   <div class='ocr_carea' id='block_1_15' title="bbox 221 1318 1810 1393">
    <p class='ocr_par' dir='ltr' id='par_1_15' title="bbox 221 1318 1810 1393">
     <span class='ocr_line' id='line_1_15' title="bbox 221 1318 1810 1393; baseline 0.001 -21"><span class='ocrx_word' id='word_1_98' title='bbox 221 1319 322 1372; x_wconf 80' lang='grc' dir='ltr'><strong>καί</strong></span> <span class='ocrx_word' id='word_1_99' title='bbox 351 1320 463 1373; x_wconf 69' lang='grc' dir='ltr'>οὐκ</span> <span class='ocrx_word' id='word_1_100' title='bbox 492 1319 704 1388; x_wconf 76' lang='grc' dir='ltr'>ὄψεται</span> <span class='ocrx_word' id='word_1_101' title='bbox 733 1318 1016 1373; x_wconf 76' lang='grc' dir='ltr'>θάνατον.</span> <span class='ocrx_word' id='word_1_102' title='bbox 1050 1318 1123 1372; x_wconf 85' lang='grc' dir='ltr'>Τὸ</span> <span class='ocrx_word' id='word_1_103' title='bbox 1166 1318 1224 1372; x_wconf 83' lang='grc' dir='ltr'>δὲ</span> <span class='ocrx_word' id='word_1_104' title='bbox 1267 1320 1462 1390; x_wconf 79' lang='grc' dir='ltr'>παρὸν,</span> <span class='ocrx_word' id='word_1_105' title='bbox 1496 1321 1810 1393; x_wconf 75' lang='grc' dir='ltr'>λειτουργία</span> 
     </span>
    </p>
   </div>
   <div class='ocr_carea' id='block_1_16' title="bbox 220 1400 1809 1481">
    <p class='ocr_par' dir='ltr' id='par_1_16' title="bbox 220 1400 1809 1481">
     <span class='ocr_line' id='line_1_16' title="bbox 220 1400 1809 1481; baseline 0.003 -21"><span class='ocrx_word' id='word_1_106' title='bbox 220 1424 310 1470; x_wconf 88' lang='grc' dir='ltr'><strong>τις</strong></span> <span class='ocrx_word' id='word_1_107' title='bbox 337 1400 699 1479; x_wconf 85' lang='grc' dir='ltr'>διωρισμένη,</span> <span class='ocrx_word' id='word_1_108' title='bbox 723 1409 820 1461; x_wconf 68' lang='grc' dir='ltr'><strong>καλ⁸</strong></span> <span class='ocrx_word' id='word_1_109' title='bbox 853 1409 1212 1479; x_wconf 83' lang='grc' dir='ltr'>πραγματεία</span> <span class='ocrx_word' id='word_1_110' title='bbox 1236 1410 1561 1481; x_wconf 74' lang='grc' dir='ltr'>ἡμερήσιοςσ</span> <span class='ocrx_word' id='word_1_111' title='bbox 1591 1414 1684 1465; x_wconf 75' lang='grc' dir='ltr'>καὶ</span> <span class='ocrx_word' id='word_1_112' title='bbox 1709 1411 1809 1466; x_wconf 83' lang='grc' dir='ltr'>αῦ-</span> 
     </span>
    </p>
   </div>
   <div class='ocr_carea' id='block_1_17' title="bbox 220 1502 1808 1573">
    <p class='ocr_par' dir='ltr' id='par_1_17' title="bbox 220 1502 1808 1573">
     <span class='ocr_line' id='line_1_17' title="bbox 220 1502 1808 1573; baseline 0.001 -19"><span class='ocrx_word' id='word_1_113' title='bbox 220 1502 356 1555; x_wconf 79' lang='grc' dir='ltr'><strong>τὶκα</strong></span> <span class='ocrx_word' id='word_1_114' title='bbox 404 1502 486 1565; x_wconf 78' lang='grc' dir='ltr'><strong>είς</strong></span> <span class='ocrx_word' id='word_1_115' title='bbox 537 1502 607 1556; x_wconf 83' lang='grc' dir='ltr'><strong>τά</strong></span> <span class='ocrx_word' id='word_1_116' title='bbox 632 1503 809 1556; x_wconf 82' lang='grc' dir='ltr'>οἰκεῖα</span> <span class='ocrx_word' id='word_1_117' title='bbox 849 1502 1222 1569; x_wconf 86' lang='grc' dir='ltr'>ἐπανέλευσις,</span> <span class='ocrx_word' id='word_1_118' title='bbox 1276 1502 1380 1573; x_wconf 82' lang='grc' dir='ltr'>τῆς</span> <span class='ocrx_word' id='word_1_119' title='bbox 1427 1503 1537 1558; x_wconf 85' lang='grc' dir='ltr'><strong>τῶν</strong></span> <span class='ocrx_word' id='word_1_120' title='bbox 1577 1503 1808 1569; x_wconf 87' lang='grc' dir='ltr'>ἐνθένδε,</span> 
     </span>
    </p>
   </div>
   <div class='ocr_carea' id='block_1_18' title="bbox 219 1587 1810 1665">
    <p class='ocr_par' dir='ltr' id='par_1_18' title="bbox 219 1587 1810 1665">
     <span class='ocr_line' id='line_1_18' title="bbox 219 1587 1810 1665; baseline 0.005 -25"><span class='ocrx_word' id='word_1_121' title='bbox 219 1587 393 1657; x_wconf 87' lang='grc' dir='ltr'>λέγω,</span> <span class='ocrx_word' id='word_1_122' title='bbox 423 1588 559 1662; x_wconf 80' lang='grc' dir='ltr'>πρὸς</span> <span class='ocrx_word' id='word_1_123' title='bbox 586 1591 653 1645; x_wconf 79' lang='grc' dir='ltr'>τὰ</span> <span class='ocrx_word' id='word_1_124' title='bbox 684 1592 865 1644; x_wconf 78' lang='grc' dir='ltr'>ἐκεῖσε</span> <span class='ocrx_word' id='word_1_125' title='bbox 897 1591 1272 1662; x_wconf 90' lang='grc' dir='ltr'>μεταϐάσεως.</span> <span class='ocrx_word' id='word_1_126' title='bbox 1308 1594 1675 1665; x_wconf 80' lang='grc' dir='ltr'>Πατριάρχαι,</span> <span class='ocrx_word' id='word_1_127' title='bbox 1715 1595 1810 1648; x_wconf 76' lang='grc' dir='ltr'>καὶ</span> 
     </span>
    </p>
   </div>
   <div class='ocr_carea' id='block_1_19' title="bbox 221 1680 1810 1759">
    <p class='ocr_par' dir='ltr' id='par_1_19' title="bbox 221 1680 1810 1759">
     <span class='ocr_line' id='line_1_19' title="bbox 221 1680 1810 1759; baseline 0.005 -26"><span class='ocrx_word' id='word_1_128' title='bbox 221 1680 527 1751; x_wconf 82' lang='grc' dir='ltr'>παρῆλθον·</span> <span class='ocrx_word' id='word_1_129' title='bbox 575 1682 892 1754; x_wconf 82' lang='grc' dir='ltr'>προφῆται,</span> <span class='ocrx_word' id='word_1_130' title='bbox 932 1682 1032 1737; x_wconf 74' lang='grc' dir='ltr'>καὶ</span> <span class='ocrx_word' id='word_1_131' title='bbox 1090 1684 1383 1754; x_wconf 77' lang='grc' dir='ltr'>μετῆλθονο</span> <span class='ocrx_word' id='word_1_132' title='bbox 1419 1686 1659 1759; x_wconf 85' lang='grc' dir='ltr'>πατέρες</span> <span class='ocrx_word' id='word_1_133' title='bbox 1715 1686 1810 1741; x_wconf 75' lang='grc' dir='ltr'>καὶ</span> 
     </span>
    </p>
   </div>
   <div class='ocr_carea' id='block_1_20' title="bbox 226 1765 1886 1847">
    <p class='ocr_par' dir='ltr' id='par_1_20' title="bbox 226 1765 1886 1847">
     <span class='ocr_line' id='line_1_20' title="bbox 226 1765 1886 1847; baseline -0.001 -24"><span class='ocrx_word' id='word_1_134' title='bbox 226 1768 491 1840; x_wconf 80' lang='grc' dir='ltr'>μητέρες,</span> <span class='ocrx_word' id='word_1_135' title='bbox 519 1770 615 1823; x_wconf 79' lang='grc' dir='ltr'>καὶ</span> <span class='ocrx_word' id='word_1_136' title='bbox 637 1770 991 1840; x_wconf 79' lang='grc' dir='ltr'>ἀπεγένοντοο</span> <span class='ocrx_word' id='word_1_137' title='bbox 1022 1773 1241 1843; x_wconf 80' lang='grc' dir='ltr'>ἀδελφοὶ</span> <span class='ocrx_word' id='word_1_138' title='bbox 1266 1774 1360 1827; x_wconf 75' lang='grc' dir='ltr'>καὶ</span> <span class='ocrx_word' id='word_1_139' title='bbox 1389 1775 1532 1844; x_wconf 88' lang='grc' dir='ltr'>φίλοι</span> <span class='ocrx_word' id='word_1_140' title='bbox 1557 1777 1653 1832; x_wconf 75' lang='grc' dir='ltr'>καὶ</span> <span class='ocrx_word' id='word_1_141' title='bbox 1676 1794 1810 1847; x_wconf 85' lang='grc' dir='ltr'>συγ.</span> <span class='ocrx_word' id='word_1_142' title='bbox 1844 1765 1886 1821; x_wconf 86' lang='grc' dir='ltr'><strong>Β</strong></span> 
     </span>
    </p>
   </div>
   <div class='ocr_carea' id='block_1_21' title="bbox 222 1861 1812 1936">
    <p class='ocr_par' dir='ltr' id='par_1_21' title="bbox 222 1861 1812 1936">
     <span class='ocr_line' id='line_1_21' title="bbox 222 1861 1812 1936; baseline 0.006 -24"><span class='ocrx_word' id='word_1_143' title='bbox 222 1861 427 1928; x_wconf 83' lang='grc' dir='ltr'>γενεῖς,</span> <span class='ocrx_word' id='word_1_144' title='bbox 460 1862 553 1914; x_wconf 77' lang='grc' dir='ltr'>καὶ</span> <span class='ocrx_word' id='word_1_145' title='bbox 581 1863 952 1933; x_wconf 84' lang='grc' dir='ltr'>παρέδραμον.</span> <span class='ocrx_word' id='word_1_146' title='bbox 986 1865 1051 1918; x_wconf 87' lang='grc' dir='ltr'>Τί</span> <span class='ocrx_word' id='word_1_147' title='bbox 1094 1864 1151 1919; x_wconf 90' lang='grc' dir='ltr'><strong>δέ</strong></span> <span class='ocrx_word' id='word_1_148' title='bbox 1188 1866 1465 1936; x_wconf 86' lang='grc' dir='ltr'>βασιλεῖς;</span> <span class='ocrx_word' id='word_1_149' title='bbox 1517 1867 1571 1921; x_wconf 89' lang='grc' dir='ltr'><strong>τί</strong></span> <span class='ocrx_word' id='word_1_150' title='bbox 1619 1868 1677 1923; x_wconf 82' lang='grc' dir='ltr'>δὲ</span> <span class='ocrx_word' id='word_1_151' title='bbox 1714 1886 1812 1922; x_wconf 87' lang='grc' dir='ltr'>σα-</span> 
     </span>
    </p>
   </div>
   <div class='ocr_carea' id='block_1_22' title="bbox 220 1951 1811 2031">
    <p class='ocr_par' dir='ltr' id='par_1_22' title="bbox 220 1951 1811 2031">
     <span class='ocr_line' id='line_1_22' title="bbox 220 1951 1811 2031; baseline 0.005 -26"><span class='ocrx_word' id='word_1_152' title='bbox 220 1951 472 2022; x_wconf 74' lang='grc' dir='ltr'>τράπαις</span> <span class='ocrx_word' id='word_1_153' title='bbox 504 1953 558 2007; x_wconf 92' lang='grc' dir='ltr'><strong>τί</strong></span> <span class='ocrx_word' id='word_1_154' title='bbox 587 1953 644 2007; x_wconf 88' lang='grc' dir='ltr'><strong>δέ</strong></span> <span class='ocrx_word' id='word_1_155' title='bbox 676 1954 966 2025; x_wconf 82' lang='grc' dir='ltr'>ἀρχοντες;</span> <span class='ocrx_word' id='word_1_156' title='bbox 995 1956 1049 2010; x_wconf 84' lang='grc' dir='ltr'><strong>τί</strong></span> <span class='ocrx_word' id='word_1_157' title='bbox 1075 1956 1133 2010; x_wconf 83' lang='grc' dir='ltr'><strong>δέ</strong></span> <span class='ocrx_word' id='word_1_158' title='bbox 1166 1959 1320 2013; x_wconf 86' lang='grc' dir='ltr'>πᾶσα</span> <span class='ocrx_word' id='word_1_159' title='bbox 1350 1958 1556 2031; x_wconf 76' lang='grc' dir='ltr'>ἡλικία,</span> <span class='ocrx_word' id='word_1_160' title='bbox 1581 1961 1676 2014; x_wconf 79' lang='grc' dir='ltr'>καὶ</span> <span class='ocrx_word' id='word_1_161' title='bbox 1701 1962 1811 2014; x_wconf 80' lang='grc' dir='ltr'><strong>πᾶν</strong></span> 
     </span>
    </p>
   </div>
   <div class='ocr_carea' id='block_1_23' title="bbox 221 2043 1813 2118">
    <p class='ocr_par' dir='ltr' id='par_1_23' title="bbox 221 2043 1813 2118">
     <span class='ocr_line' id='line_1_23' title="bbox 221 2043 1813 2118; baseline 0.004 -21"><span class='ocrx_word' id='word_1_162' title='bbox 221 2044 386 2112; x_wconf 85' lang='grc' dir='ltr'>γένος</span> <span class='ocrx_word' id='word_1_163' title='bbox 410 2043 736 2117; x_wconf 74' lang='grc' dir='ltr'>ἀνθρώπους</span> <span class='ocrx_word' id='word_1_164' title='bbox 768 2045 904 2115; x_wconf 76' lang='grc' dir='ltr'>Οὐχὶ</span> <span class='ocrx_word' id='word_1_165' title='bbox 925 2046 1127 2110; x_wconf 84' lang='grc' dir='ltr'>πάντες</span> <span class='ocrx_word' id='word_1_166' title='bbox 1157 2047 1262 2101; x_wconf 78' lang='grc' dir='ltr'><strong>ὑπὸ</strong></span> <span class='ocrx_word' id='word_1_167' title='bbox 1289 2047 1396 2118; x_wconf 85' lang='grc' dir='ltr'>γῆν</span> <span class='ocrx_word' id='word_1_168' title='bbox 1419 2049 1695 2117; x_wconf 85' lang='grc' dir='ltr'>γεγόνασι,</span> <span class='ocrx_word' id='word_1_169' title='bbox 1716 2050 1813 2103; x_wconf 76' lang='grc' dir='ltr'>καὶ</span> 
     </span>
    </p>
   </div>
   <div class='ocr_carea' id='block_1_24' title="bbox 224 2134 1812 2209">
    <p class='ocr_par' dir='ltr' id='par_1_24' title="bbox 224 2134 1812 2209">
     <span class='ocr_line' id='line_1_24' title="bbox 224 2134 1812 2209; baseline 0.006 -23"><span class='ocrx_word' id='word_1_170' title='bbox 224 2135 551 2206; x_wconf 86' lang='grc' dir='ltr'>γενήσονται</span> <span class='ocrx_word' id='word_1_171' title='bbox 591 2135 789 2206; x_wconf 77' lang='grc' dir='ltr'>μικρὸν</span> <span class='ocrx_word' id='word_1_172' title='bbox 845 2134 1074 2208; x_wconf 78' lang='grc' dir='ltr'>ὕστερον</span> <span class='ocrx_word' id='word_1_173' title='bbox 1122 2138 1187 2191; x_wconf 86' lang='grc' dir='ltr'><strong>ἐκ</strong></span> <span class='ocrx_word' id='word_1_174' title='bbox 1234 2139 1343 2209; x_wconf 86' lang='grc' dir='ltr'>γῆς</span> <span class='ocrx_word' id='word_1_175' title='bbox 1391 2139 1622 2208; x_wconf 85' lang='grc' dir='ltr'>φύντες;</span> <span class='ocrx_word' id='word_1_176' title='bbox 1667 2140 1812 2195; x_wconf 85' lang='grc' dir='ltr'>Ἀλλ’</span> 
     </span>
    </p>
   </div>
   <div class='ocr_carea' id='block_1_25' title="bbox 228 2214 1813 2301">
    <p class='ocr_par' dir='ltr' id='par_1_25' title="bbox 228 2214 1813 2301">
     <span class='ocr_line' id='line_1_25' title="bbox 228 2214 1813 2301; baseline 0.007 -27"><span class='ocrx_word' id='word_1_177' title='bbox 228 2214 330 2275; x_wconf 79' lang='grc' dir='ltr'>ὧδε</span> <span class='ocrx_word' id='word_1_178' title='bbox 362 2222 426 2275; x_wconf 78' lang='grc' dir='ltr'>τὸ</span> <span class='ocrx_word' id='word_1_179' title='bbox 458 2221 813 2294; x_wconf 77' lang='grc' dir='ltr'>ζητούμενον·</span> <span class='ocrx_word' id='word_1_180' title='bbox 851 2225 937 2279; x_wconf 76' lang='grc' dir='ltr'>ἵνα</span> <span class='ocrx_word' id='word_1_181' title='bbox 964 2226 1145 2290; x_wconf 86' lang='grc' dir='ltr'>καλῶς</span> <span class='ocrx_word' id='word_1_182' title='bbox 1164 2226 1235 2282; x_wconf 84' lang='grc' dir='ltr'><strong>τὰ</strong></span> <span class='ocrx_word' id='word_1_183' title='bbox 1267 2228 1503 2283; x_wconf 89' lang='grc' dir='ltr'>ἐνταῦθα</span> <span class='ocrx_word' id='word_1_184' title='bbox 1541 2230 1813 2301; x_wconf 70' lang='grc' dir='ltr'>ἀμείψαν-</span> 
     </span>
    </p>
   </div>
   <div class='ocr_carea' id='block_1_26' title="bbox 226 2312 1816 2390">
    <p class='ocr_par' dir='ltr' id='par_1_26' title="bbox 226 2312 1816 2390">
     <span class='ocr_line' id='line_1_26' title="bbox 226 2312 1816 2390; baseline 0.006 -26"><span class='ocrx_word' id='word_1_185' title='bbox 226 2328 341 2376; x_wconf 88' lang='grc' dir='ltr'>τες,</span> <span class='ocrx_word' id='word_1_186' title='bbox 372 2312 468 2366; x_wconf 80' lang='grc' dir='ltr'>καὶ</span> <span class='ocrx_word' id='word_1_187' title='bbox 495 2312 633 2383; x_wconf 82' lang='grc' dir='ltr'>πρὸς</span> <span class='ocrx_word' id='word_1_188' title='bbox 656 2313 719 2367; x_wconf 83' lang='grc' dir='ltr'>τὸ</span> <span class='ocrx_word' id='word_1_189' title='bbox 750 2313 999 2386; x_wconf 84' lang='grc' dir='ltr'>βούλημα</span> <span class='ocrx_word' id='word_1_190' title='bbox 1034 2316 1128 2370; x_wconf 90' lang='grc' dir='ltr'><strong>τοῦ</strong></span> <span class='ocrx_word' id='word_1_191' title='bbox 1160 2318 1524 2388; x_wconf 86' lang='grc' dir='ltr'>πεποιηκότος</span> <span class='ocrx_word' id='word_1_192' title='bbox 1556 2319 1693 2374; x_wconf 83' lang='grc' dir='ltr'>Θεοῦ</span> <span class='ocrx_word' id='word_1_193' title='bbox 1714 2323 1816 2390; x_wconf 87' lang='grc' dir='ltr'>ἐμ-</span> 
     </span>
    </p>
   </div>
   <div class='ocr_carea' id='block_1_27' title="bbox 229 2405 1814 2485">
    <p class='ocr_par' dir='ltr' id='par_1_27' title="bbox 229 2405 1814 2485">
     <span class='ocr_line' id='line_1_27' title="bbox 229 2405 1814 2485; baseline 0.006 -28"><span class='ocrx_word' id='word_1_194' title='bbox 229 2405 702 2476; x_wconf 87' lang='grc' dir='ltr'>πολιτευσάμενοι,</span> <span class='ocrx_word' id='word_1_195' title='bbox 750 2407 846 2462; x_wconf 88' lang='grc' dir='ltr'><strong>τοῦ</strong></span> <span class='ocrx_word' id='word_1_196' title='bbox 879 2410 1061 2462; x_wconf 83' lang='grc' dir='ltr'>ἐκεῖσε</span> <span class='ocrx_word' id='word_1_197' title='bbox 1093 2409 1476 2480; x_wconf 85' lang='grc' dir='ltr'>φοϐερωτάτου</span> <span class='ocrx_word' id='word_1_198' title='bbox 1525 2413 1814 2485; x_wconf 80' lang='grc' dir='ltr'>κριτηρίου</span> 
     </span>
    </p>
   </div>
   <div class='ocr_carea' id='block_1_28' title="bbox 227 2496 1817 2578">
    <p class='ocr_par' dir='ltr' id='par_1_28' title="bbox 227 2496 1817 2578">
     <span class='ocr_line' id='line_1_28' title="bbox 227 2496 1817 2578; baseline 0.006 -29"><span class='ocrx_word' id='word_1_199' title='bbox 227 2496 328 2569; x_wconf 68' lang='grc' dir='ltr'>τὴν</span> <span class='ocrx_word' id='word_1_200' title='bbox 374 2498 719 2569; x_wconf 87' lang='grc' dir='ltr'>παράστασιν</span> <span class='ocrx_word' id='word_1_201' title='bbox 756 2499 1123 2572; x_wconf 83' lang='grc' dir='ltr'>ἀκατάκριτον</span> <span class='ocrx_word' id='word_1_202' title='bbox 1182 2502 1527 2576; x_wconf 74' lang='grc' dir='ltr'>εὑρήσωμενο</span> <span class='ocrx_word' id='word_1_203' title='bbox 1580 2506 1716 2578; x_wconf 83' lang='grc' dir='ltr'>ὅπερ</span> <span class='ocrx_word' id='word_1_204' title='bbox 1754 2508 1817 2559; x_wconf 80' lang='grc' dir='ltr'>τὸ</span> 
     </span>
    </p>
   </div>
   <div class='ocr_carea' id='block_1_29' title="bbox 228 2588 1817 2667">
    <p class='ocr_par' dir='ltr' id='par_1_29' title="bbox 228 2588 1817 2667">
     <span class='ocr_line' id='line_1_29' title="bbox 228 2588 1817 2667; baseline 0.005 -25"><span class='ocrx_word' id='word_1_205' title='bbox 228 2588 500 2659; x_wconf 79' lang='grc' dir='ltr'>ὑμέτερον</span> <span class='ocrx_word' id='word_1_206' title='bbox 555 2588 747 2644; x_wconf 86' lang='grc' dir='ltr'>τέκνον</span> <span class='ocrx_word' id='word_1_207' title='bbox 794 2590 1054 2660; x_wconf 82' lang='grc' dir='ltr'>ἀσφαλῶς</span> <span class='ocrx_word' id='word_1_208' title='bbox 1100 2592 1195 2647; x_wconf 83' lang='grc' dir='ltr'>καὶ</span> <span class='ocrx_word' id='word_1_209' title='bbox 1228 2592 1463 2664; x_wconf 82' lang='grc' dir='ltr'>βεϐαίως</span> <span class='ocrx_word' id='word_1_210' title='bbox 1489 2593 1690 2667; x_wconf 82' lang='grc' dir='ltr'>εὕρατο</span> <span class='ocrx_word' id='word_1_211' title='bbox 1720 2595 1817 2650; x_wconf 83' lang='grc' dir='ltr'>καὶ</span> 
     </span>
    </p>
   </div>
   <div class='ocr_carea' id='block_1_30' title="bbox 228 2681 1817 2760">
    <p class='ocr_par' dir='ltr' id='par_1_30' title="bbox 228 2681 1817 2760">
     <span class='ocr_line' id='line_1_30' title="bbox 228 2681 1817 2760; baseline 0.004 -25"><span class='ocrx_word' id='word_1_212' title='bbox 228 2681 615 2754; x_wconf 83' lang='grc' dir='ltr'>ἐπιτετύχηκε.</span> <span class='ocrx_word' id='word_1_213' title='bbox 651 2682 940 2756; x_wconf 83' lang='grc' dir='ltr'>Μακάριος</span> <span class='ocrx_word' id='word_1_214' title='bbox 967 2683 1099 2756; x_wconf 75' lang='grc' dir='ltr'>γὰρ,</span> <span class='ocrx_word' id='word_1_215' title='bbox 1143 2687 1328 2757; x_wconf 82' lang='grc' dir='ltr'>φησὶν,</span> <span class='ocrx_word' id='word_1_216' title='bbox 1354 2690 1384 2742; x_wconf 84' lang='grc' dir='ltr'>ὁ</span> <span class='ocrx_word' id='word_1_217' title='bbox 1431 2690 1490 2742; x_wconf 93' lang='grc' dir='ltr'><strong>ἐν</strong></span> <span class='ocrx_word' id='word_1_218' title='bbox 1532 2690 1817 2760; x_wconf 81' lang='grc' dir='ltr'>γεννητοῖς</span> 
     </span>
    </p>
   </div>
   <div class='ocr_carea' id='block_1_31' title="bbox 229 2772 1818 2850">
    <p class='ocr_par' dir='ltr' id='par_1_31' title="bbox 229 2772 1818 2850">
     <span class='ocr_line' id='line_1_31' title="bbox 229 2772 1818 2850; baseline 0.004 -24"><span class='ocrx_word' id='word_1_219' title='bbox 229 2772 509 2844; x_wconf 88' lang='grc' dir='ltr'>γυναικῶν</span> <span class='ocrx_word' id='word_1_220' title='bbox 536 2772 827 2844; x_wconf 81' lang='grc' dir='ltr'>ὀλιγόϐιος,</span> <span class='ocrx_word' id='word_1_221' title='bbox 871 2774 967 2829; x_wconf 77' lang='grc' dir='ltr'>καὶ</span> <span class='ocrx_word' id='word_1_222' title='bbox 995 2774 1054 2830; x_wconf 87' lang='grc' dir='ltr'><strong>ὃν</strong></span> <span class='ocrx_word' id='word_1_223' title='bbox 1102 2777 1132 2830; x_wconf 83' lang='grc' dir='ltr'>ὁ</span> <span class='ocrx_word' id='word_1_224' title='bbox 1167 2776 1372 2850; x_wconf 81' lang='grc' dir='ltr'>Κύριος</span> <span class='ocrx_word' id='word_1_225' title='bbox 1404 2778 1687 2845; x_wconf 70' lang='grc' dir='ltr'>ἐξελέξατο</span> <span class='ocrx_word' id='word_1_226' title='bbox 1721 2779 1818 2833; x_wconf 74' lang='grc' dir='ltr'>καὶ</span> 
     </span>
    </p>
   </div>
   <div class='ocr_carea' id='block_1_32' title="bbox 230 2863 1818 2941">
    <p class='ocr_par' dir='ltr' id='par_1_32' title="bbox 230 2863 1818 2941">
     <span class='ocr_line' id='line_1_32' title="bbox 230 2863 1818 2941; baseline 0.004 -23"><span class='ocrx_word' id='word_1_227' title='bbox 230 2863 603 2937; x_wconf 89' lang='grc' dir='ltr'>προσελάϐετο</span> <span class='ocrx_word' id='word_1_228' title='bbox 631 2866 691 2918; x_wconf 80' lang='grc' dir='ltr'><strong>ἐν</strong></span> <span class='ocrx_word' id='word_1_229' title='bbox 719 2865 917 2940; x_wconf 80' lang='grc' dir='ltr'>πρώτῃ</span> <span class='ocrx_word' id='word_1_230' title='bbox 965 2867 1173 2940; x_wconf 79' lang='grc' dir='ltr'>ἡλικίᾳ,</span> <span class='ocrx_word' id='word_1_231' title='bbox 1208 2869 1284 2940; x_wconf 80' lang='grc' dir='ltr'>μὴ</span> <span class='ocrx_word' id='word_1_232' title='bbox 1310 2870 1677 2941; x_wconf 87' lang='grc' dir='ltr'>πειρασθέντα</span> <span class='ocrx_word' id='word_1_233' title='bbox 1706 2870 1818 2925; x_wconf 86' lang='grc' dir='ltr'><strong>τῶν</strong></span> 
     </span>
    </p>
   </div>
   <div class='ocr_carea' id='block_1_33' title="bbox 231 2953 1352 3030">
    <p class='ocr_par' dir='ltr' id='par_1_33' title="bbox 231 2953 1352 3030">
     <span class='ocr_line' id='line_1_33' title="bbox 231 2953 1352 3030; baseline 0.004 -22"><span class='ocrx_word' id='word_1_234' title='bbox 231 2953 454 3027; x_wconf 87' lang='grc' dir='ltr'>πικρῶν</span> <span class='ocrx_word' id='word_1_235' title='bbox 481 2956 901 3026; x_wconf 82' lang='grc' dir='ltr'>ἁμαρτημάτων</span> <span class='ocrx_word' id='word_1_236' title='bbox 927 2956 1023 3010; x_wconf 85' lang='grc' dir='ltr'><strong>τοῦ</strong></span> <span class='ocrx_word' id='word_1_237' title='bbox 1056 2958 1180 3030; x_wconf 74' lang='grc' dir='ltr'>τῇδε</span> <span class='ocrx_word' id='word_1_238' title='bbox 1211 2958 1352 3030; x_wconf 81' lang='grc' dir='ltr'>βίου.</span> 
     </span>
    </p>
   </div>
   <div class='ocr_carea' id='block_1_34' title="bbox 313 3036 1814 3127">
    <p class='ocr_par' dir='ltr' id='par_1_34' title="bbox 313 3036 1814 3127">
     <span class='ocr_line' id='line_1_34' title="bbox 313 3036 1814 3127; baseline 0.007 -28"><span class='ocrx_word' id='word_1_239' title='bbox 313 3036 539 3118; x_wconf 80' lang='grc' dir='ltr'>Ἐξῆλθε</span> <span class='ocrx_word' id='word_1_240' title='bbox 577 3049 671 3101; x_wconf 77' lang='grc' dir='ltr'>καὶ</span> <span class='ocrx_word' id='word_1_241' title='bbox 708 3047 951 3118; x_wconf 80' lang='grc' dir='ltr'>ἀπῆλθεν</span> <span class='ocrx_word' id='word_1_242' title='bbox 988 3052 1017 3104; x_wconf 86' lang='grc' dir='ltr'><strong>ὁ</strong></span> <span class='ocrx_word' id='word_1_243' title='bbox 1053 3049 1244 3121; x_wconf 86' lang='grc' dir='ltr'>κύριος</span> <span class='ocrx_word' id='word_1_244' title='bbox 1287 3053 1601 3124; x_wconf 85' lang='grc' dir='ltr'>Σωτήριχος</span> <span class='ocrx_word' id='word_1_245' title='bbox 1627 3072 1814 3127; x_wconf 75' lang='grc' dir='ltr'>φερωο</span> 
     </span>
    </p>
   </div>
   <div class='ocr_carea' id='block_1_35' title="bbox 1909 503 3496 580">
    <p class='ocr_par' dir='ltr' id='par_1_35' title="bbox 1909 503 3496 580">
     <span class='ocr_line' id='line_1_35' title="bbox 1909 503 3496 580; baseline 0.004 -22"><span class='ocrx_word' id='word_1_246' title='bbox 1909 503 1965 559; x_wconf 92' lang='lat' dir='ltr'><strong>in</strong></span> <span class='ocrx_word' id='word_1_247' title='bbox 1994 504 2236 563; x_wconf 86' lang='lat' dir='ltr'><strong>fluminis</strong></span> <span class='ocrx_word' id='word_1_248' title='bbox 2269 509 2455 579; x_wconf 91' lang='lat' dir='ltr'><strong>lapsu,</strong></span> <span class='ocrx_word' id='word_1_249' title='bbox 2488 508 2618 580; x_wconf 87' lang='lat' dir='ltr'><strong>quia</strong></span> <span class='ocrx_word' id='word_1_250' title='bbox 2652 523 2780 578; x_wconf 83' lang='lat' dir='ltr'><strong>pars</strong></span> <span class='ocrx_word' id='word_1_251' title='bbox 2806 522 2914 563; x_wconf 89' lang='lat' dir='ltr'><strong>una</strong></span> <span class='ocrx_word' id='word_1_252' title='bbox 2944 508 3198 573; x_wconf 73' lang='lat' dir='ltr'><strong>recessit,</strong></span> <span class='ocrx_word' id='word_1_253' title='bbox 3239 508 3408 564; x_wconf 83' lang='lat' dir='ltr'><strong>altera</strong></span> <span class='ocrx_word' id='word_1_254' title='bbox 3440 511 3496 564; x_wconf 92' lang='lat' dir='ltr'><strong>in</strong></span> 
     </span>
    </p>
   </div>
   <div class='ocr_carea' id='block_1_36' title="bbox 1906 595 3496 673">
    <p class='ocr_par' dir='ltr' id='par_1_36' title="bbox 1906 595 3496 673">
     <span class='ocr_line' id='line_1_36' title="bbox 1906 595 3496 673; baseline 0.003 -22"><span class='ocrx_word' id='word_1_255' title='bbox 1906 595 2087 653; x_wconf 92' lang='lat' dir='ltr'><strong>locum</strong></span> <span class='ocrx_word' id='word_1_256' title='bbox 2156 602 2462 669; x_wconf 73' lang='lat' dir='ltr'><strong>successit,</strong></span> <span class='ocrx_word' id='word_1_257' title='bbox 2508 616 2712 673; x_wconf 84' lang='lat' dir='ltr'><strong>genere</strong></span> <span class='ocrx_word' id='word_1_258' title='bbox 2766 616 2867 671; x_wconf 88' lang='lat' dir='ltr'><strong>per</strong></span> <span class='ocrx_word' id='word_1_259' title='bbox 2915 600 3322 656; x_wconf 84' lang='lat' dir='ltr'><strong>successionem</strong></span> <span class='ocrx_word' id='word_1_260' title='bbox 3384 616 3496 656; x_wconf 89' lang='lat' dir='ltr'><strong>non</strong></span> 
     </span>
    </p>
   </div>
   <div class='ocr_carea' id='block_1_37' title="bbox 1905 689 3496 766">
    <p class='ocr_par' dir='ltr' id='par_1_37' title="bbox 1905 689 3496 766">
     <span class='ocr_line' id='line_1_37' title="bbox 1905 689 3496 766; baseline 0.003 -22"><span class='ocrx_word' id='word_1_261' title='bbox 1905 689 2274 760; x_wconf 74' lang='lat' dir='ltr'><strong>subsistente,</strong></span> <span class='ocrx_word' id='word_1_262' title='bbox 2307 695 2403 752; x_wconf 89' lang='lat' dir='ltr'><strong>sed</strong></span> <span class='ocrx_word' id='word_1_263' title='bbox 2450 711 2547 766; x_wconf 89' lang='lat' dir='ltr'><strong>per</strong></span> <span class='ocrx_word' id='word_1_264' title='bbox 2584 695 2705 751; x_wconf 90' lang='lat' dir='ltr'><strong>dies</strong></span> <span class='ocrx_word' id='word_1_265' title='bbox 2759 694 3004 765; x_wconf 87' lang='lat' dir='ltr'><strong>singulos</strong></span> <span class='ocrx_word' id='word_1_266' title='bbox 3052 694 3496 764; x_wconf 78' lang='lat' dir='ltr'><strong>praetervolante,</strong></span> 
     </span>
    </p>
   </div>
   <div class='ocr_carea' id='block_1_38' title="bbox 1906 781 3500 857">
    <p class='ocr_par' dir='ltr' id='par_1_38' title="bbox 1906 781 3500 857">
     <span class='ocr_line' id='line_1_38' title="bbox 1906 781 3500 857; baseline 0.002 -21"><span class='ocrx_word' id='word_1_267' title='bbox 1906 781 1981 836; x_wconf 87' lang='lat' dir='ltr'><strong>ita</strong></span> <span class='ocrx_word' id='word_1_268' title='bbox 2030 782 2121 853; x_wconf 90' lang='lat' dir='ltr'><strong>qui</strong></span> <span class='ocrx_word' id='word_1_269' title='bbox 2159 785 2438 855; x_wconf 88' lang='lat' dir='ltr'><strong>genitores</strong></span> <span class='ocrx_word' id='word_1_270' title='bbox 2479 795 2698 843; x_wconf 86' lang='lat' dir='ltr'><strong>nostros</strong></span> <span class='ocrx_word' id='word_1_271' title='bbox 2745 794 3075 857; x_wconf 89' lang='lat' dir='ltr'><strong>genuerunt,</strong></span> <span class='ocrx_word' id='word_1_272' title='bbox 3139 792 3195 840; x_wconf 92' lang='lat' dir='ltr'><strong>et</strong></span> <span class='ocrx_word' id='word_1_273' title='bbox 3216 785 3303 839; x_wconf 87' lang='lat' dir='ltr'><strong>his</strong></span> <span class='ocrx_word' id='word_1_274' title='bbox 3331 801 3500 855; x_wconf 83' lang='lat' dir='ltr'><strong>supe-</strong></span> 
     </span>
    </p>
   </div>
   <div class='ocr_carea' id='block_1_39' title="bbox 1907 873 3500 950">
    <p class='ocr_par' dir='ltr' id='par_1_39' title="bbox 1907 873 3500 950">
     <span class='ocr_line' id='line_1_39' title="bbox 1907 873 3500 950; baseline 0.002 -23"><span class='ocrx_word' id='word_1_275' title='bbox 1907 873 2083 930; x_wconf 89' lang='lat' dir='ltr'><strong>riores</strong></span> <span class='ocrx_word' id='word_1_276' title='bbox 2112 893 2127 932; x_wconf 91' lang='lat'><strong>:</strong></span> <span class='ocrx_word' id='word_1_277' title='bbox 2176 891 2507 949; x_wconf 87' lang='lat' dir='ltr'><strong>sursumque</strong></span> <span class='ocrx_word' id='word_1_278' title='bbox 2529 879 2779 950; x_wconf 80' lang='lat' dir='ltr'><strong>relegens</strong></span> <span class='ocrx_word' id='word_1_279' title='bbox 2808 877 2948 932; x_wconf 86' lang='lat' dir='ltr'><strong>ratio</strong></span> <span class='ocrx_word' id='word_1_280' title='bbox 2975 876 3042 930; x_wconf 88' lang='lat' dir='ltr'><strong>ad</strong></span> <span class='ocrx_word' id='word_1_281' title='bbox 3073 876 3291 931; x_wconf 79' lang='lat' dir='ltr'><strong>initium</strong></span> <span class='ocrx_word' id='word_1_282' title='bbox 3322 891 3500 946; x_wconf 81' lang='lat' dir='ltr'><strong>usque</strong></span> 
     </span>
    </p>
   </div>
   <div class='ocr_carea' id='block_1_40' title="bbox 1906 966 3499 1034">
    <p class='ocr_par' dir='ltr' id='par_1_40' title="bbox 1906 966 3499 1034">
     <span class='ocr_line' id='line_1_40' title="bbox 1906 966 3499 1034; baseline 0.001 -15"><span class='ocrx_word' id='word_1_283' title='bbox 1906 966 2209 1034; x_wconf 84' lang='lat' dir='ltr'><strong>perveniet.</strong></span> <span class='ocrx_word' id='word_1_284' title='bbox 2260 977 2317 1025; x_wconf 91' lang='lat' dir='ltr'><strong>et</strong></span> <span class='ocrx_word' id='word_1_285' title='bbox 2344 980 2536 1025; x_wconf 90' lang='lat' dir='ltr'><strong>contra</strong></span> <span class='ocrx_word' id='word_1_286' title='bbox 2576 968 2921 1024; x_wconf 84' lang='lat' dir='ltr'><strong>descendens</strong></span> <span class='ocrx_word' id='word_1_287' title='bbox 2959 969 3026 1023; x_wconf 89' lang='lat' dir='ltr'><strong>ad</strong></span> <span class='ocrx_word' id='word_1_288' title='bbox 3067 967 3306 1022; x_wconf 86' lang='lat' dir='ltr'><strong>universi</strong></span> <span class='ocrx_word' id='word_1_289' title='bbox 3336 966 3499 1021; x_wconf 78' lang='lat' dir='ltr'><strong>tinem</strong></span> 
     </span>
    </p>
   </div>
   <div class='ocr_carea' id='block_1_41' title="bbox 1908 1059 3495 1131">
    <p class='ocr_par' dir='ltr' id='par_1_41' title="bbox 1908 1059 3495 1131">
     <span class='ocr_line' id='line_1_41' title="bbox 1908 1059 3495 1131; baseline -0.001 -17"><span class='ocrx_word' id='word_1_290' title='bbox 1908 1059 2316 1129; x_wconf 86' lang='lat' dir='ltr'><strong>progredietnr:</strong></span> <span class='ocrx_word' id='word_1_291' title='bbox 2344 1059 2412 1115; x_wconf 83' lang='lat' dir='ltr'><strong>Et</strong></span> <span class='ocrx_word' id='word_1_292' title='bbox 2436 1078 2537 1115; x_wconf 84' lang='lat' dir='ltr'><strong>non</strong></span> <span class='ocrx_word' id='word_1_293' title='bbox 2567 1070 2665 1123; x_wconf 74' lang='lat' dir='ltr'><strong>est,</strong></span> <span class='ocrx_word' id='word_1_294' title='bbox 2688 1061 2778 1131; x_wconf 85' lang='lat' dir='ltr'><strong>qui</strong></span> <span class='ocrx_word' id='word_1_295' title='bbox 2812 1062 2966 1123; x_wconf 80' lang='lat' dir='ltr'><strong>vivet,</strong></span> <span class='ocrx_word' id='word_1_296' title='bbox 2997 1070 3058 1115; x_wconf 89' lang='lat' dir='ltr'><strong>ut</strong></span> <span class='ocrx_word' id='word_1_297' title='bbox 3086 1060 3347 1130; x_wconf 89' lang='lat' dir='ltr'><strong>scriptum</strong></span> <span class='ocrx_word' id='word_1_298' title='bbox 3372 1066 3458 1114; x_wconf 90' lang='lat' dir='ltr'><strong>est</strong></span> <span class='ocrx_word' id='word_1_299' title='bbox 3479 1082 3495 1106; x_wconf 77' lang='grc' dir='ltr'><strong><em>ο</em></strong></span> 
     </span>
    </p>
   </div>
   <div class='ocr_carea' id='block_1_42' title="bbox 1907 1148 3496 1212">
    <p class='ocr_par' dir='ltr' id='par_1_42' title="bbox 1907 1148 3496 1212">
     <span class='ocr_line' id='line_1_42' title="bbox 1907 1148 3496 1212; baseline 0.003 -12"><span class='ocrx_word' id='word_1_300' title='bbox 1907 1156 1957 1201; x_wconf 85' lang='lat' dir='ltr'><strong>et</strong></span> <span class='ocrx_word' id='word_1_301' title='bbox 1994 1164 2099 1202; x_wconf 81' lang='lat' dir='ltr'><strong>non</strong></span> <span class='ocrx_word' id='word_1_302' title='bbox 2155 1149 2347 1203; x_wconf 75' lang='lat' dir='ltr'><strong>videbit</strong></span> <span class='ocrx_word' id='word_1_303' title='bbox 2395 1162 2618 1205; x_wconf 83' lang='lat' dir='ltr'><strong>mortem</strong></span> <span class='ocrx_word' id='word_1_304' title='bbox 2656 1150 2725 1204; x_wconf 83' lang='grc'><strong>⁸¹.</strong></span> <span class='ocrx_word' id='word_1_305' title='bbox 2782 1148 3036 1206; x_wconf 64' lang='lat' dir='ltr'><strong>Praesens</strong></span> <span class='ocrx_word' id='word_1_306' title='bbox 3087 1164 3214 1205; x_wconf 89' lang='lat' dir='ltr'><strong>vero</strong></span> <span class='ocrx_word' id='word_1_307' title='bbox 3281 1159 3496 1212; x_wconf 85' lang='lat' dir='ltr'><strong>status,</strong></span> 
     </span>
    </p>
   </div>
   <div class='ocr_carea' id='block_1_43' title="bbox 1910 1241 3497 1309">
    <p class='ocr_par' dir='ltr' id='par_1_43' title="bbox 1910 1241 3497 1309">
     <span class='ocr_line' id='line_1_43' title="bbox 1910 1241 3497 1309; baseline 0.001 -16"><span class='ocrx_word' id='word_1_308' title='bbox 1910 1255 2113 1295; x_wconf 89' lang='lat' dir='ltr'><strong>munus</strong></span> <span class='ocrx_word' id='word_1_309' title='bbox 2157 1241 2431 1309; x_wconf 84' lang='lat' dir='ltr'><strong>quoddam</strong></span> <span class='ocrx_word' id='word_1_310' title='bbox 2477 1251 2563 1296; x_wconf 90' lang='lat' dir='ltr'><strong>est</strong></span> <span class='ocrx_word' id='word_1_311' title='bbox 2619 1241 2927 1306; x_wconf 87' lang='lat' dir='ltr'><strong>definitum,</strong></span> <span class='ocrx_word' id='word_1_312' title='bbox 2976 1250 3032 1296; x_wconf 91' lang='lat' dir='ltr'><strong>ct</strong></span> <span class='ocrx_word' id='word_1_313' title='bbox 3071 1241 3178 1295; x_wconf 90' lang='lat' dir='ltr'><strong>diei</strong></span> <span class='ocrx_word' id='word_1_314' title='bbox 3213 1241 3373 1296; x_wconf 88' lang='lat' dir='ltr'><strong>nnins</strong></span> <span class='ocrx_word' id='word_1_315' title='bbox 3397 1257 3497 1295; x_wconf 90' lang='lat' dir='ltr'><strong>ne-</strong></span> 
     </span>
    </p>
   </div>
   <div class='ocr_carea' id='block_1_44' title="bbox 1910 1330 3495 1401">
    <p class='ocr_par' dir='ltr' id='par_1_44' title="bbox 1910 1330 3495 1401">
     <span class='ocr_line' id='line_1_44' title="bbox 1910 1330 3495 1401; baseline 0.001 -16"><span class='ocrx_word' id='word_1_316' title='bbox 1910 1330 2171 1401; x_wconf 87' lang='lat' dir='ltr'><strong>gotiatio:</strong></span> <span class='ocrx_word' id='word_1_317' title='bbox 2200 1340 2316 1386; x_wconf 91' lang='lat' dir='ltr'><strong>tum</strong></span> <span class='ocrx_word' id='word_1_318' title='bbox 2340 1332 2538 1388; x_wconf 89' lang='lat' dir='ltr'><strong>deinde</strong></span> <span class='ocrx_word' id='word_1_319' title='bbox 2568 1334 2751 1388; x_wconf 83' lang='lat' dir='ltr'><strong>statim</strong></span> <span class='ocrx_word' id='word_1_320' title='bbox 2780 1334 2848 1388; x_wconf 90' lang='lat' dir='ltr'><strong>ad</strong></span> <span class='ocrx_word' id='word_1_321' title='bbox 2878 1348 2973 1387; x_wconf 90' lang='lat' dir='ltr'><strong>sua</strong></span> <span class='ocrx_word' id='word_1_322' title='bbox 3007 1332 3251 1398; x_wconf 89' lang='lat' dir='ltr'><strong>reditus;</strong></span> <span class='ocrx_word' id='word_1_323' title='bbox 3288 1332 3356 1386; x_wconf 87' lang='lat' dir='ltr'><strong>ab</strong></span> <span class='ocrx_word' id='word_1_324' title='bbox 3389 1332 3495 1395; x_wconf 80' lang='lat' dir='ltr'><strong>liis,</strong></span> 
     </span>
    </p>
   </div>
   <div class='ocr_carea' id='block_1_45' title="bbox 1911 1422 3501 1495">
    <p class='ocr_par' dir='ltr' id='par_1_45' title="bbox 1911 1422 3501 1495">
     <span class='ocr_line' id='line_1_45' title="bbox 1911 1422 3501 1495; baseline 0.001 -20"><span class='ocrx_word' id='word_1_325' title='bbox 1911 1423 2155 1491; x_wconf 88' lang='lat' dir='ltr'><strong>inquam,</strong></span> <span class='ocrx_word' id='word_1_326' title='bbox 2202 1423 2270 1477; x_wconf 89' lang='lat' dir='ltr'><strong>ad</strong></span> <span class='ocrx_word' id='word_1_327' title='bbox 2299 1422 2388 1478; x_wconf 85' lang='lat' dir='ltr'><strong>illa</strong></span> <span class='ocrx_word' id='word_1_328' title='bbox 2438 1424 2835 1495; x_wconf 81' lang='lat' dir='ltr'><strong>commigratio.</strong></span> <span class='ocrx_word' id='word_1_329' title='bbox 2888 1424 3219 1480; x_wconf 71' lang='lat' dir='ltr'><strong>Patriarchze</strong></span> <span class='ocrx_word' id='word_1_330' title='bbox 3258 1424 3410 1489; x_wconf 92' lang='lat' dir='ltr'><strong>olim,</strong></span> <span class='ocrx_word' id='word_1_331' title='bbox 3442 1433 3501 1478; x_wconf 88' lang='lat' dir='ltr'><strong>et</strong></span> 
     </span>
    </p>
   </div>
   <div class='ocr_carea' id='block_1_46' title="bbox 1911 1514 3501 1586">
    <p class='ocr_par' dir='ltr' id='par_1_46' title="bbox 1911 1514 3501 1586">
     <span class='ocr_line' id='line_1_46' title="bbox 1911 1514 3501 1586; baseline 0.001 -18"><span class='ocrx_word' id='word_1_332' title='bbox 1911 1514 2251 1570; x_wconf 89' lang='lat' dir='ltr'><strong>transierunt</strong></span> <span class='ocrx_word' id='word_1_333' title='bbox 2292 1531 2306 1569; x_wconf 89' lang='lat'><strong>:</strong></span> <span class='ocrx_word' id='word_1_334' title='bbox 2365 1516 2684 1586; x_wconf 73' lang='lat' dir='ltr'><strong>prapltetzc,</strong></span> <span class='ocrx_word' id='word_1_335' title='bbox 2735 1525 2790 1571; x_wconf 92' lang='lat' dir='ltr'><strong>et</strong></span> <span class='ocrx_word' id='word_1_336' title='bbox 2856 1518 3112 1571; x_wconf 79' lang='lat' dir='ltr'><strong>abierunt</strong></span> <span class='ocrx_word' id='word_1_337' title='bbox 3155 1536 3169 1571; x_wconf 88' lang='lat'><strong>:</strong></span> <span class='ocrx_word' id='word_1_338' title='bbox 3213 1525 3393 1585; x_wconf 85' lang='lat' dir='ltr'><strong>patres</strong></span> <span class='ocrx_word' id='word_1_339' title='bbox 3445 1524 3501 1570; x_wconf 87' lang='lat' dir='ltr'><strong>et</strong></span> 
     </span>
    </p>
   </div>
   <div class='ocr_carea' id='block_1_47' title="bbox 1910 1605 3502 1675">
    <p class='ocr_par' dir='ltr' id='par_1_47' title="bbox 1910 1605 3502 1675">
     <span class='ocr_line' id='line_1_47' title="bbox 1910 1605 3502 1675; baseline 0.001 -18"><span class='ocrx_word' id='word_1_340' title='bbox 1910 1611 2144 1671; x_wconf 81' lang='lat' dir='ltr'><strong>matres,</strong></span> <span class='ocrx_word' id='word_1_341' title='bbox 2189 1614 2247 1660; x_wconf 88' lang='lat' dir='ltr'><strong>et</strong></span> <span class='ocrx_word' id='word_1_342' title='bbox 2274 1620 2395 1661; x_wconf 79' lang='lat' dir='ltr'><strong>esse</strong></span> <span class='ocrx_word' id='word_1_343' title='bbox 2428 1605 2741 1662; x_wconf 77' lang='lat' dir='ltr'><strong>desierunt:</strong></span> <span class='ocrx_word' id='word_1_344' title='bbox 2794 1605 2991 1662; x_wconf 77' lang='lat' dir='ltr'><strong>fratres</strong></span> <span class='ocrx_word' id='word_1_345' title='bbox 3018 1616 3072 1661; x_wconf 90' lang='lat' dir='ltr'><strong>et</strong></span> <span class='ocrx_word' id='word_1_346' title='bbox 3095 1606 3253 1661; x_wconf 88' lang='lat' dir='ltr'><strong>amici</strong></span> <span class='ocrx_word' id='word_1_347' title='bbox 3286 1616 3341 1660; x_wconf 90' lang='lat' dir='ltr'><strong>et</strong></span> <span class='ocrx_word' id='word_1_348' title='bbox 3370 1622 3502 1675; x_wconf 72' lang='lat' dir='ltr'><strong>puo-</strong></span> 
     </span>
    </p>
   </div>
   <div class='ocr_carea' id='block_1_48' title="bbox 1911 1695 3497 1769">
    <p class='ocr_par' dir='ltr' id='par_1_48' title="bbox 1911 1695 3497 1769">
     <span class='ocr_line' id='line_1_48' title="bbox 1911 1695 3497 1769; baseline 0.003 -21"><span class='ocrx_word' id='word_1_349' title='bbox 1911 1695 2125 1765; x_wconf 90' lang='lat' dir='ltr'><strong>pinqui,</strong></span> <span class='ocrx_word' id='word_1_350' title='bbox 2153 1706 2209 1751; x_wconf 89' lang='lat' dir='ltr'><strong>et</strong></span> <span class='ocrx_word' id='word_1_351' title='bbox 2231 1698 2571 1767; x_wconf 62' lang='lat' dir='ltr'><strong>praetervecti</strong></span> <span class='ocrx_word' id='word_1_352' title='bbox 2600 1705 2749 1753; x_wconf 88' lang='lat' dir='ltr'><strong>sunt.</strong></span> <span class='ocrx_word' id='word_1_353' title='bbox 2779 1696 2919 1765; x_wconf 85' lang='lat' dir='ltr'><strong>Quid</strong></span> <span class='ocrx_word' id='word_1_354' title='bbox 2960 1715 3123 1769; x_wconf 91' lang='lat' dir='ltr'><strong>porro</strong></span> <span class='ocrx_word' id='word_1_355' title='bbox 3149 1699 3347 1768; x_wconf 85' lang='lat' dir='ltr'><strong>reges?</strong></span> <span class='ocrx_word' id='word_1_356' title='bbox 3369 1699 3497 1769; x_wconf 88' lang='lat' dir='ltr'><strong>quid</strong></span> 
     </span>
    </p>
   </div>
   <div class='ocr_carea' id='block_1_49' title="bbox 1914 1789 3502 1861">
    <p class='ocr_par' dir='ltr' id='par_1_49' title="bbox 1914 1789 3502 1861">
     <span class='ocr_line' id='line_1_49' title="bbox 1914 1789 3502 1861; baseline 0.002 -21"><span class='ocrx_word' id='word_1_357' title='bbox 1914 1790 2184 1858; x_wconf 71' lang='lat' dir='ltr'><strong>satrapae?</strong></span> <span class='ocrx_word' id='word_1_358' title='bbox 2209 1789 2341 1858; x_wconf 90' lang='lat' dir='ltr'><strong>quid</strong></span> <span class='ocrx_word' id='word_1_359' title='bbox 2371 1790 2685 1861; x_wconf 85' lang='lat' dir='ltr'><strong>principes?</strong></span> <span class='ocrx_word' id='word_1_360' title='bbox 2738 1791 2869 1859; x_wconf 90' lang='lat' dir='ltr'><strong>quid</strong></span> <span class='ocrx_word' id='word_1_361' title='bbox 2898 1799 3029 1845; x_wconf 62' lang='lat' dir='ltr'><strong>aetas</strong></span> <span class='ocrx_word' id='word_1_362' title='bbox 3052 1791 3235 1845; x_wconf 90' lang='lat' dir='ltr'><strong>omnis</strong></span> <span class='ocrx_word' id='word_1_363' title='bbox 3257 1800 3312 1844; x_wconf 91' lang='lat' dir='ltr'><strong>et</strong></span> <span class='ocrx_word' id='word_1_364' title='bbox 3337 1804 3502 1844; x_wconf 90' lang='lat' dir='ltr'><strong>omne</strong></span> 
     </span>
    </p>
   </div>
   <div class='ocr_carea' id='block_1_50' title="bbox 1914 1877 3502 1947">
    <p class='ocr_par' dir='ltr' id='par_1_50' title="bbox 1914 1877 3502 1947">
     <span class='ocr_line' id='line_1_50' title="bbox 1914 1877 3502 1947; baseline 0.001 -17"><span class='ocrx_word' id='word_1_365' title='bbox 1914 1892 2088 1947; x_wconf 88' lang='lat' dir='ltr'><strong>genus</strong></span> <span class='ocrx_word' id='word_1_366' title='bbox 2114 1877 2441 1933; x_wconf 81' lang='lat' dir='ltr'><strong>hominum?</strong></span> <span class='ocrx_word' id='word_1_367' title='bbox 2468 1879 2664 1935; x_wconf 88' lang='lat' dir='ltr'><strong>Nonne</strong></span> <span class='ocrx_word' id='word_1_368' title='bbox 2688 1896 2880 1936; x_wconf 90' lang='lat' dir='ltr'><strong>omnes</strong></span> <span class='ocrx_word' id='word_1_369' title='bbox 2907 1881 3010 1935; x_wconf 91' lang='lat' dir='ltr'><strong>sub</strong></span> <span class='ocrx_word' id='word_1_370' title='bbox 3040 1889 3238 1935; x_wconf 89' lang='lat' dir='ltr'><strong>terram</strong></span> <span class='ocrx_word' id='word_1_371' title='bbox 3278 1880 3502 1934; x_wconf 84' lang='lat' dir='ltr'><strong>ierunt?</strong></span> 
     </span>
    </p>
   </div>
   <div class='ocr_carea' id='block_1_51' title="bbox 1914 1968 3500 2039">
    <p class='ocr_par' dir='ltr' id='par_1_51' title="bbox 1914 1968 3500 2039">
     <span class='ocr_line' id='line_1_51' title="bbox 1914 1968 3500 2039; baseline 0.002 -18"><span class='ocrx_word' id='word_1_372' title='bbox 1914 1976 1970 2022; x_wconf 91' lang='lat' dir='ltr'><strong>et</strong></span> <span class='ocrx_word' id='word_1_373' title='bbox 2021 1968 2185 2039; x_wconf 87' lang='lat' dir='ltr'><strong>paulo</strong></span> <span class='ocrx_word' id='word_1_374' title='bbox 2215 1985 2338 2025; x_wconf 81' lang='lat' dir='ltr'><strong>mox</strong></span> <span class='ocrx_word' id='word_1_375' title='bbox 2368 1970 2563 2036; x_wconf 89' lang='lat' dir='ltr'><strong>ibunt,</strong></span> <span class='ocrx_word' id='word_1_376' title='bbox 2613 1986 2739 2028; x_wconf 91' lang='lat' dir='ltr'><strong>cum</strong></span> <span class='ocrx_word' id='word_1_377' title='bbox 2770 1988 2835 2027; x_wconf 81' lang='lat' dir='ltr'><strong>ex</strong></span> <span class='ocrx_word' id='word_1_378' title='bbox 2861 1981 3004 2027; x_wconf 88' lang='lat' dir='ltr'><strong>terra</strong></span> <span class='ocrx_word' id='word_1_379' title='bbox 3051 1970 3155 2026; x_wconf 91' lang='lat' dir='ltr'><strong>orti</strong></span> <span class='ocrx_word' id='word_1_380' title='bbox 3200 1971 3348 2026; x_wconf 89' lang='lat' dir='ltr'><strong>sint?</strong></span> <span class='ocrx_word' id='word_1_381' title='bbox 3392 1970 3500 2025; x_wconf 84' lang='lat' dir='ltr'><strong>Sed</strong></span> 
     </span>
    </p>
   </div>
   <div class='ocr_carea' id='block_1_52' title="bbox 1913 2060 3501 2133">
    <p class='ocr_par' dir='ltr' id='par_1_52' title="bbox 1913 2060 3501 2133">
     <span class='ocr_line' id='line_1_52' title="bbox 1913 2060 3501 2133; baseline 0.001 -20"><span class='ocrx_word' id='word_1_382' title='bbox 1913 2060 2019 2115; x_wconf 88' lang='lat' dir='ltr'><strong>hoc</strong></span> <span class='ocrx_word' id='word_1_383' title='bbox 2073 2060 2336 2116; x_wconf 90' lang='lat' dir='ltr'><strong>nimirum</strong></span> <span class='ocrx_word' id='word_1_384' title='bbox 2386 2071 2473 2117; x_wconf 88' lang='lat' dir='ltr'><strong>est</strong></span> <span class='ocrx_word' id='word_1_385' title='bbox 2496 2063 2641 2133; x_wconf 90' lang='lat' dir='ltr'><strong>quod</strong></span> <span class='ocrx_word' id='word_1_386' title='bbox 2699 2063 3001 2133; x_wconf 69' lang='lat' dir='ltr'><strong>quaeritur;</strong></span> <span class='ocrx_word' id='word_1_387' title='bbox 3057 2070 3117 2117; x_wconf 91' lang='lat' dir='ltr'><strong>ut</strong></span> <span class='ocrx_word' id='word_1_388' title='bbox 3139 2062 3285 2117; x_wconf 88' lang='lat' dir='ltr'><strong>hanc</strong></span> <span class='ocrx_word' id='word_1_389' title='bbox 3333 2062 3501 2117; x_wconf 85' lang='lat' dir='ltr'><strong>vitam</strong></span> 
     </span>
    </p>
   </div>
   <div class='ocr_carea' id='block_1_53' title="bbox 1913 2154 3501 2224">
    <p class='ocr_par' dir='ltr' id='par_1_53' title="bbox 1913 2154 3501 2224">
     <span class='ocr_line' id='line_1_53' title="bbox 1913 2154 3501 2224; baseline 0.002 -18"><span class='ocrx_word' id='word_1_390' title='bbox 1913 2161 2066 2207; x_wconf 88' lang='lat' dir='ltr'><strong>recte</strong></span> <span class='ocrx_word' id='word_1_391' title='bbox 2142 2155 2543 2224; x_wconf 74' lang='lat' dir='ltr'><strong>transigentes,</strong></span> <span class='ocrx_word' id='word_1_392' title='bbox 2608 2162 2664 2209; x_wconf 86' lang='lat' dir='ltr'><strong>et</strong></span> <span class='ocrx_word' id='word_1_393' title='bbox 2714 2169 2781 2210; x_wconf 82' lang='lat' dir='ltr'><strong>ex</strong></span> <span class='ocrx_word' id='word_1_394' title='bbox 2828 2154 2924 2211; x_wconf 87' lang='lat' dir='ltr'><strong>Dei</strong></span> <span class='ocrx_word' id='word_1_395' title='bbox 2975 2157 3274 2211; x_wconf 91' lang='lat' dir='ltr'><strong>conditoris</strong></span> <span class='ocrx_word' id='word_1_396' title='bbox 3327 2155 3501 2210; x_wconf 89' lang='lat' dir='ltr'><strong>nostri</strong></span> 
     </span>
    </p>
   </div>
   <div class='ocr_carea' id='block_1_54' title="bbox 1913 2240 3501 2315">
    <p class='ocr_par' dir='ltr' id='par_1_54' title="bbox 1913 2240 3501 2315">
     <span class='ocr_line' id='line_1_54' title="bbox 1913 2240 3501 2315; baseline 0.001 -18"><span class='ocrx_word' id='word_1_397' title='bbox 1913 2240 2192 2297; x_wconf 81' lang='lat' dir='ltr'><strong>voluntate</strong></span> <span class='ocrx_word' id='word_1_398' title='bbox 2263 2252 2692 2309; x_wconf 82' lang='lat' dir='ltr'><strong>conversantes,</strong></span> <span class='ocrx_word' id='word_1_399' title='bbox 2738 2245 2879 2315; x_wconf 91' lang='lat' dir='ltr'><strong>apud</strong></span> <span class='ocrx_word' id='word_1_400' title='bbox 2938 2246 3501 2301; x_wconf 84' lang='lat' dir='ltr'><strong>formidolosissimum</strong></span> 
     </span>
    </p>
   </div>
   <div class='ocr_carea' id='block_1_55' title="bbox 1913 2333 3501 2409">
    <p class='ocr_par' dir='ltr' id='par_1_55' title="bbox 1913 2333 3501 2409">
     <span class='ocr_line' id='line_1_55' title="bbox 1913 2333 3501 2409; baseline 0.004 -21"><span class='ocrx_word' id='word_1_401' title='bbox 1913 2333 2047 2389; x_wconf 91' lang='lat' dir='ltr'><strong>illud</strong></span> <span class='ocrx_word' id='word_1_402' title='bbox 2093 2335 2329 2390; x_wconf 86' lang='lat' dir='ltr'><strong>tribunal</strong></span> <span class='ocrx_word' id='word_1_403' title='bbox 2374 2336 2884 2392; x_wconf 85' lang='lat' dir='ltr'><strong>condemnationem</strong></span> <span class='ocrx_word' id='word_1_404' title='bbox 2926 2338 3262 2394; x_wconf 89' lang='lat' dir='ltr'><strong>declinemus</strong></span> <span class='ocrx_word' id='word_1_405' title='bbox 3298 2358 3311 2392; x_wconf 89' lang='lat'><strong>:</strong></span> <span class='ocrx_word' id='word_1_406' title='bbox 3357 2340 3501 2409; x_wconf 90' lang='lat' dir='ltr'><strong>quod</strong></span> 
     </span>
    </p>
   </div>
   <div class='ocr_carea' id='block_1_56' title="bbox 1914 2424 3500 2486">
    <p class='ocr_par' dir='ltr' id='par_1_56' title="bbox 1914 2424 3500 2486">
     <span class='ocr_line' id='line_1_56' title="bbox 1914 2424 3500 2486; baseline 0.003 -7"><span class='ocrx_word' id='word_1_407' title='bbox 1914 2424 2061 2481; x_wconf 83' lang='lat' dir='ltr'><strong>ﬁlius</strong></span> <span class='ocrx_word' id='word_1_408' title='bbox 2092 2436 2277 2482; x_wconf 89' lang='lat' dir='ltr'><strong>vester</strong></span> <span class='ocrx_word' id='word_1_409' title='bbox 2308 2427 2426 2482; x_wconf 89' lang='lat' dir='ltr'><strong>sine</strong></span> <span class='ocrx_word' id='word_1_410' title='bbox 2448 2427 2617 2482; x_wconf 90' lang='lat' dir='ltr'><strong>dubio</strong></span> <span class='ocrx_word' id='word_1_411' title='bbox 2642 2444 2706 2483; x_wconf 90' lang='lat' dir='ltr'><strong>ac</strong></span> <span class='ocrx_word' id='word_1_412' title='bbox 2730 2429 3037 2484; x_wconf 88' lang='lat' dir='ltr'><strong>certissime</strong></span> <span class='ocrx_word' id='word_1_413' title='bbox 3053 2440 3379 2486; x_wconf 89' lang='lat' dir='ltr'><strong>consecutus</strong></span> <span class='ocrx_word' id='word_1_414' title='bbox 3398 2440 3500 2485; x_wconf 88' lang='lat' dir='ltr'><strong>est.</strong></span> 
     </span>
    </p>
   </div>
   <div class='ocr_carea' id='block_1_57' title="bbox 1916 2515 3502 2584">
    <p class='ocr_par' dir='ltr' id='par_1_57' title="bbox 1916 2515 3502 2584">
     <span class='ocr_line' id='line_1_57' title="bbox 1916 2515 3502 2584; baseline 0.001 -14"><span class='ocrx_word' id='word_1_415' title='bbox 1916 2515 2116 2571; x_wconf 89' lang='lat' dir='ltr'><strong>Beatus</strong></span> <span class='ocrx_word' id='word_1_416' title='bbox 2167 2515 2339 2581; x_wconf 90' lang='lat' dir='ltr'><strong>enim,</strong></span> <span class='ocrx_word' id='word_1_417' title='bbox 2387 2516 2484 2582; x_wconf 89' lang='lat' dir='ltr'><strong>ait,</strong></span> <span class='ocrx_word' id='word_1_418' title='bbox 2534 2517 2678 2571; x_wconf 90' lang='lat' dir='ltr'><strong>inter</strong></span> <span class='ocrx_word' id='word_1_419' title='bbox 2709 2525 2868 2572; x_wconf 88' lang='lat' dir='ltr'><strong>natos</strong></span> <span class='ocrx_word' id='word_1_420' title='bbox 2909 2517 3200 2572; x_wconf 88' lang='lat' dir='ltr'><strong>mulierum</strong></span> <span class='ocrx_word' id='word_1_421' title='bbox 3225 2559 3240 2584; x_wconf 92' lang='lat'><strong>,</strong></span> <span class='ocrx_word' id='word_1_422' title='bbox 3281 2518 3366 2573; x_wconf 91' lang='lat' dir='ltr'><strong>cui</strong></span> <span class='ocrx_word' id='word_1_423' title='bbox 3396 2518 3502 2572; x_wconf 82' lang='lat' dir='ltr'><strong>vita</strong></span> 
     </span>
    </p>
   </div>
   <div class='ocr_carea' id='block_1_58' title="bbox 1916 2609 3502 2681">
    <p class='ocr_par' dir='ltr' id='par_1_58' title="bbox 1916 2609 3502 2681">
     <span class='ocr_line' id='line_1_58' title="bbox 1916 2609 3502 2681; baseline -0.001 -16"><span class='ocrx_word' id='word_1_424' title='bbox 1916 2610 2102 2665; x_wconf 88' lang='lat' dir='ltr'><strong>brevis</strong></span> <span class='ocrx_word' id='word_1_425' title='bbox 2133 2618 2238 2675; x_wconf 88' lang='lat' dir='ltr'><strong>est,</strong></span> <span class='ocrx_word' id='word_1_426' title='bbox 2272 2619 2328 2664; x_wconf 91' lang='lat' dir='ltr'><strong>et</strong></span> <span class='ocrx_word' id='word_1_427' title='bbox 2364 2624 2526 2681; x_wconf 91' lang='lat' dir='ltr'><strong>quem</strong></span> <span class='ocrx_word' id='word_1_428' title='bbox 2562 2609 2822 2664; x_wconf 88' lang='lat' dir='ltr'><strong>Dominus</strong></span> <span class='ocrx_word' id='word_1_429' title='bbox 2851 2610 3013 2681; x_wconf 87' lang='lat' dir='ltr'><strong>elegit</strong></span> <span class='ocrx_word' id='word_1_430' title='bbox 3039 2619 3092 2664; x_wconf 91' lang='lat' dir='ltr'><strong>et</strong></span> <span class='ocrx_word' id='word_1_431' title='bbox 3117 2610 3411 2681; x_wconf 87' lang='lat' dir='ltr'><strong>assumpsit</strong></span> <span class='ocrx_word' id='word_1_432' title='bbox 3448 2611 3502 2665; x_wconf 92' lang='lat' dir='ltr'><strong>in</strong></span> 
     </span>
    </p>
   </div>
   <div class='ocr_carea' id='block_1_59' title="bbox 1915 2700 3505 2773">
    <p class='ocr_par' dir='ltr' id='par_1_59' title="bbox 1915 2700 3505 2773">
     <span class='ocr_line' id='line_1_59' title="bbox 1915 2700 3505 2773; baseline 0.001 -17"><span class='ocrx_word' id='word_1_433' title='bbox 1915 2701 2093 2772; x_wconf 89' lang='lat' dir='ltr'><strong>prima</strong></span> <span class='ocrx_word' id='word_1_434' title='bbox 2137 2710 2331 2766; x_wconf 66' lang='lat' dir='ltr'><strong>aetate,</strong></span> <span class='ocrx_word' id='word_1_435' title='bbox 2397 2716 2509 2756; x_wconf 93' lang='lat' dir='ltr'><strong>non</strong></span> <span class='ocrx_word' id='word_1_436' title='bbox 2573 2707 2840 2755; x_wconf 87' lang='lat' dir='ltr'><strong>tentatum</strong></span> <span class='ocrx_word' id='word_1_437' title='bbox 2896 2700 3096 2756; x_wconf 86' lang='lat' dir='ltr'><strong>amaris</strong></span> <span class='ocrx_word' id='word_1_438' title='bbox 3161 2701 3324 2773; x_wconf 86' lang='lat' dir='ltr'><strong>hujus</strong></span> <span class='ocrx_word' id='word_1_439' title='bbox 3378 2702 3505 2757; x_wconf 64' lang='lat' dir='ltr'><strong>vita:</strong></span> 
     </span>
    </p>
   </div>
   <div class='ocr_carea' id='block_1_60' title="bbox 1916 2794 2182 2866">
    <p class='ocr_par' dir='ltr' id='par_1_60' title="bbox 1916 2794 2182 2866">
     <span class='ocr_line' id='line_1_60' title="bbox 1916 2794 2182 2866; baseline -0.011 -15"><span class='ocrx_word' id='word_1_440' title='bbox 1916 2794 2182 2866; x_wconf 86' lang='lat' dir='ltr'><strong>peccatis.</strong></span> 
     </span>
    </p>
   </div>
   <div class='ocr_carea' id='block_1_61' title="bbox 1984 3046 3506 3111">
    <p class='ocr_par' dir='ltr' id='par_1_61' title="bbox 1984 3046 3506 3111">
     <span class='ocr_line' id='line_1_61' title="bbox 1984 3046 3506 3111; baseline -0.001 -8"><span class='ocrx_word' id='word_1_441' title='bbox 1984 3048 2235 3105; x_wconf 84' lang='lat' dir='ltr'><strong>Excessit</strong></span> <span class='ocrx_word' id='word_1_442' title='bbox 2256 3057 2311 3104; x_wconf 89' lang='lat' dir='ltr'><strong>et</strong></span> <span class='ocrx_word' id='word_1_443' title='bbox 2350 3048 2483 3103; x_wconf 88' lang='lat' dir='ltr'><strong>abiit</strong></span> <span class='ocrx_word' id='word_1_444' title='bbox 2508 3047 2762 3104; x_wconf 91' lang='lat' dir='ltr'><strong>dominus</strong></span> <span class='ocrx_word' id='word_1_445' title='bbox 2790 3046 3134 3111; x_wconf 86' lang='lat' dir='ltr'><strong>Soterichus,</strong></span> <span class='ocrx_word' id='word_1_446' title='bbox 3172 3047 3379 3102; x_wconf 93' lang='lat' dir='ltr'><strong>nomini</strong></span> <span class='ocrx_word' id='word_1_447' title='bbox 3406 3062 3506 3102; x_wconf 89' lang='lat' dir='ltr'><strong>suo</strong></span> 
     </span>
    </p>
   </div>
   <div class='ocr_carea' id='block_1_62' title="bbox 226 3139 1817 3220">
    <p class='ocr_par' dir='ltr' id='par_1_62' title="bbox 226 3139 1816 3220">
     <span class='ocr_line' id='line_1_62' title="bbox 226 3139 1816 3220; baseline 0.008 -30"><span class='ocrx_word' id='word_1_448' title='bbox 226 3139 419 3211; x_wconf 80' lang='grc' dir='ltr'>νῦμως</span> <span class='ocrx_word' id='word_1_449' title='bbox 450 3142 508 3193; x_wconf 91' lang='grc' dir='ltr'><strong>ἐν</strong></span> <span class='ocrx_word' id='word_1_450' title='bbox 535 3140 799 3212; x_wconf 72' lang='grc' dir='ltr'>σωτηρίᾳ·</span> <span class='ocrx_word' id='word_1_451' title='bbox 826 3141 960 3213; x_wconf 71' lang='grc' dir='ltr'>ἦχον</span> <span class='ocrx_word' id='word_1_452' title='bbox 982 3142 1348 3213; x_wconf 79' lang='grc' dir='ltr'>ἑορταζόντων</span> <span class='ocrx_word' id='word_1_453' title='bbox 1373 3145 1816 3220; x_wconf 81' lang='grc' dir='ltr'>καταξιούμενος,</span> 
     </span>
    </p>
   </div>
   <div class='ocr_carea' id='block_1_63' title="bbox 1917 3139 3507 3220">
    <p class='ocr_par' dir='ltr' id='par_1_63' title="bbox 1923 3139 3507 3212">
     <span class='ocr_line' id='line_1_63' title="bbox 1923 3139 3507 3212; baseline -0.001 -16"><span class='ocrx_word' id='word_1_454' title='bbox 1923 3148 2306 3212; x_wconf 89' lang='lat' dir='ltr'><strong>congruenter,</strong></span> <span class='ocrx_word' id='word_1_455' title='bbox 2337 3141 2392 3195; x_wconf 91' lang='lat' dir='ltr'><strong>in</strong></span> <span class='ocrx_word' id='word_1_456' title='bbox 2416 3141 2593 3195; x_wconf 90' lang='lat' dir='ltr'><strong>salute</strong></span> <span class='ocrx_word' id='word_1_457' title='bbox 2622 3158 2636 3204; x_wconf 90' lang='lat'><strong>;</strong></span> <span class='ocrx_word' id='word_1_458' title='bbox 2669 3139 2867 3194; x_wconf 82' lang='lat' dir='ltr'><strong>festum</strong></span> <span class='ocrx_word' id='word_1_459' title='bbox 2893 3140 3035 3195; x_wconf 87' lang='lat' dir='ltr'><strong>diem</strong></span> <span class='ocrx_word' id='word_1_460' title='bbox 3062 3139 3340 3209; x_wconf 80' lang='lat' dir='ltr'><strong>agentium</strong></span> <span class='ocrx_word' id='word_1_461' title='bbox 3370 3155 3507 3194; x_wconf 90' lang='lat' dir='ltr'><strong>sono</strong></span> 
     </span>
    </p>
   </div>
   <div class='ocr_carea' id='block_1_64' title="bbox 230 3231 1814 3308">
    <p class='ocr_par' dir='ltr' id='par_1_64' title="bbox 230 3231 1814 3308">
     <span class='ocr_line' id='line_1_64' title="bbox 230 3231 1814 3308; baseline 0.003 -21"><span class='ocrx_word' id='word_1_462' title='bbox 230 3231 608 3301; x_wconf 82' lang='grc' dir='ltr'>ἀγαλλιάσεως</span> <span class='ocrx_word' id='word_1_463' title='bbox 649 3232 1039 3304; x_wconf 81' lang='grc' dir='ltr'>ἀνεκλαλήτου,</span> <span class='ocrx_word' id='word_1_464' title='bbox 1093 3236 1546 3308; x_wconf 86' lang='grc' dir='ltr'>συναριθμήσεως</span> <span class='ocrx_word' id='word_1_465' title='bbox 1592 3238 1703 3292; x_wconf 87' lang='grc' dir='ltr'><strong>τῶν</strong></span> <span class='ocrx_word' id='word_1_466' title='bbox 1754 3240 1814 3292; x_wconf 92' lang='grc' dir='ltr'><strong>ἐν</strong></span> 
     </span>
    </p>
   </div>
   <div class='ocr_carea' id='block_1_65' title="bbox 231 3322 1815 3401">
    <p class='ocr_par' dir='ltr' id='par_1_65' title="bbox 231 3322 1815 3401">
     <span class='ocr_line' id='line_1_65' title="bbox 231 3322 1815 3401; baseline 0.002 -23"><span class='ocrx_word' id='word_1_467' title='bbox 231 3324 457 3387; x_wconf 86' lang='grc' dir='ltr'>κόλποις</span> <span class='ocrx_word' id='word_1_468' title='bbox 485 3322 740 3394; x_wconf 82' lang='grc' dir='ltr'>Ἀϐραὰμ</span> <span class='ocrx_word' id='word_1_469' title='bbox 765 3323 1194 3395; x_wconf 82' lang='grc' dir='ltr'>ἀναπαυομένων</span> <span class='ocrx_word' id='word_1_470' title='bbox 1233 3326 1448 3398; x_wconf 78' lang='grc' dir='ltr'>βρεφῶν</span> <span class='ocrx_word' id='word_1_471' title='bbox 1478 3328 1671 3398; x_wconf 84' lang='grc' dir='ltr'>ἀγίων·</span> <span class='ocrx_word' id='word_1_472' title='bbox 1709 3346 1815 3401; x_wconf 84' lang='grc' dir='ltr'>μη-</span> 
     </span>
    </p>
   </div>
   <div class='ocr_carea' id='block_1_66' title="bbox 232 3414 1811 3491">
    <p class='ocr_par' dir='ltr' id='par_1_66' title="bbox 232 3414 1811 3491">
     <span class='ocr_line' id='line_1_66' title="bbox 232 3414 1811 3491; baseline 0.006 -24"><span class='ocrx_word' id='word_1_473' title='bbox 232 3414 355 3468; x_wconf 76' lang='grc' dir='ltr'>κέτι</span> <span class='ocrx_word' id='word_1_474' title='bbox 409 3414 678 3469; x_wconf 79' lang='grc' dir='ltr'>δουλεύων</span> <span class='ocrx_word' id='word_1_475' title='bbox 709 3415 885 3487; x_wconf 83' lang='grc' dir='ltr'>φθορᾷ</span> <span class='ocrx_word' id='word_1_476' title='bbox 934 3416 1030 3471; x_wconf 83' lang='grc' dir='ltr'>καὶ</span> <span class='ocrx_word' id='word_1_477' title='bbox 1088 3417 1274 3489; x_wconf 78' lang='grc' dir='ltr'>σαρκὶ,</span> <span class='ocrx_word' id='word_1_478' title='bbox 1325 3420 1589 3491; x_wconf 84' lang='grc' dir='ltr'>ἀῖδιότητι</span> <span class='ocrx_word' id='word_1_479' title='bbox 1617 3420 1811 3479; x_wconf 87' lang='grc' dir='ltr'>συνών.</span> 
     </span>
    </p>
   </div>
   <div class='ocr_carea' id='block_1_67' title="bbox 247 3502 1815 3581">
    <p class='ocr_par' dir='ltr' id='par_1_67' title="bbox 247 3502 1815 3581">
     <span class='ocr_line' id='line_1_67' title="bbox 247 3502 1815 3581; baseline 0.004 -24"><span class='ocrx_word' id='word_1_480' title='bbox 247 3502 531 3558; x_wconf 80' lang='grc' dir='ltr'>Ἐντεῦθεν</span> <span class='ocrx_word' id='word_1_481' title='bbox 553 3502 854 3574; x_wconf 75' lang='grc' dir='ltr'>βουλόμεθα</span> <span class='ocrx_word' id='word_1_482' title='bbox 888 3520 947 3557; x_wconf 91' lang='grc' dir='ltr'><strong>σε</strong></span> <span class='ocrx_word' id='word_1_483' title='bbox 985 3504 1284 3576; x_wconf 83' lang='grc' dir='ltr'>λαμϐάνειν</span> <span class='ocrx_word' id='word_1_484' title='bbox 1312 3507 1411 3572; x_wconf 84' lang='grc' dir='ltr'>τὰς</span> <span class='ocrx_word' id='word_1_485' title='bbox 1433 3507 1689 3579; x_wconf 83' lang='grc' dir='ltr'>ἀφορμὰς</span> <span class='ocrx_word' id='word_1_486' title='bbox 1715 3510 1815 3581; x_wconf 82' lang='grc' dir='ltr'>τῆς</span> 
     </span>
    </p>
   </div>
   <div class='ocr_carea' id='block_1_68' title="bbox 233 3592 1820 3673">
    <p class='ocr_par' dir='ltr' id='par_1_68' title="bbox 233 3592 1820 3673">
     <span class='ocr_line' id='line_1_68' title="bbox 233 3592 1820 3673; baseline 0.003 -24"><span class='ocrx_word' id='word_1_487' title='bbox 233 3592 605 3666; x_wconf 88' lang='grc' dir='ltr'>παρηγορίας,</span> <span class='ocrx_word' id='word_1_488' title='bbox 640 3592 892 3648; x_wconf 79' lang='grc' dir='ltr'>ἐντεῦθεν</span> <span class='ocrx_word' id='word_1_489' title='bbox 934 3594 1033 3658; x_wconf 81' lang='grc' dir='ltr'><strong>τὰς</strong></span> <span class='ocrx_word' id='word_1_490' title='bbox 1071 3596 1465 3669; x_wconf 86' lang='grc' dir='ltr'>παρακλήσεις.</span> <span class='ocrx_word' id='word_1_491' title='bbox 1524 3599 1690 3673; x_wconf 87' lang='grc' dir='ltr'><strong>Γενοῦ</strong></span> <span class='ocrx_word' id='word_1_492' title='bbox 1723 3600 1820 3670; x_wconf 81' lang='grc' dir='ltr'>δη-</span> 
     </span>
    </p>
   </div>
   <div class='ocr_carea' id='block_1_69' title="bbox 236 3684 1818 3762">
    <p class='ocr_par' dir='ltr' id='par_1_69' title="bbox 236 3684 1818 3762">
     <span class='ocr_line' id='line_1_69' title="bbox 236 3684 1818 3762; baseline 0.006 -25"><span class='ocrx_word' id='word_1_493' title='bbox 236 3685 503 3757; x_wconf 81' lang='grc' dir='ltr'>μιουργὸς</span> <span class='ocrx_word' id='word_1_494' title='bbox 556 3684 917 3757; x_wconf 82' lang='grc' dir='ltr'>εὐφροσύνης,</span> <span class='ocrx_word' id='word_1_495' title='bbox 977 3685 1076 3739; x_wconf 78' lang='grc' dir='ltr'>καὶ</span> <span class='ocrx_word' id='word_1_496' title='bbox 1132 3685 1477 3760; x_wconf 70' lang='grc' dir='ltr'>θεραπευτής</span> <span class='ocrx_word' id='word_1_497' title='bbox 1533 3691 1596 3744; x_wconf 80' lang='grc' dir='ltr'>οὐ</span> <span class='ocrx_word' id='word_1_498' title='bbox 1656 3691 1818 3762; x_wconf 86' lang='grc' dir='ltr'>μόνον</span> 
     </span>
    </p>
   </div>
   <div class='ocr_carea' id='block_1_70' title="bbox 234 3775 1818 3857">
    <p class='ocr_par' dir='ltr' id='par_1_70' title="bbox 234 3775 1818 3857">
     <span class='ocr_line' id='line_1_70' title="bbox 234 3775 1818 3857; baseline 0.005 -27"><span class='ocrx_word' id='word_1_499' title='bbox 234 3775 463 3841; x_wconf 85' lang='grc' dir='ltr'>σαυτοῦ,</span> <span class='ocrx_word' id='word_1_500' title='bbox 495 3775 631 3831; x_wconf 90' lang='grc' dir='ltr'><strong>ἀλλά</strong></span> <span class='ocrx_word' id='word_1_501' title='bbox 682 3777 779 3832; x_wconf 76' lang='grc' dir='ltr'>καὶ</span> <span class='ocrx_word' id='word_1_502' title='bbox 830 3776 932 3849; x_wconf 83' lang='grc' dir='ltr'>τῆς</span> <span class='ocrx_word' id='word_1_503' title='bbox 974 3778 1172 3851; x_wconf 86' lang='grc' dir='ltr'>κυρίας</span> <span class='ocrx_word' id='word_1_504' title='bbox 1218 3780 1318 3852; x_wconf 82' lang='grc' dir='ltr'>τῆς</span> <span class='ocrx_word' id='word_1_505' title='bbox 1350 3781 1683 3854; x_wconf 87' lang='grc' dir='ltr'>σπαθαρίας,</span> <span class='ocrx_word' id='word_1_506' title='bbox 1717 3786 1818 3857; x_wconf 83' lang='grc' dir='ltr'>τῆς</span> 
     </span>
    </p>
   </div>
   <div class='ocr_carea' id='block_1_71' title="bbox 238 3867 1820 3944">
    <p class='ocr_par' dir='ltr' id='par_1_71' title="bbox 238 3867 1820 3944">
     <span class='ocr_line' id='line_1_71' title="bbox 238 3867 1820 3944; baseline 0.008 -25"><span class='ocrx_word' id='word_1_507' title='bbox 238 3867 481 3938; x_wconf 86' lang='grc' dir='ltr'>μάλιστα</span> <span class='ocrx_word' id='word_1_508' title='bbox 509 3868 773 3941; x_wconf 80' lang='grc' dir='ltr'>δεομένης</span> <span class='ocrx_word' id='word_1_509' title='bbox 800 3870 1043 3941; x_wconf 73' lang='grc' dir='ltr'>ἰατρείας</span> <span class='ocrx_word' id='word_1_510' title='bbox 1069 3872 1163 3927; x_wconf 78' lang='grc' dir='ltr'><strong>καὶ</strong></span> <span class='ocrx_word' id='word_1_511' title='bbox 1194 3872 1612 3944; x_wconf 74' lang='grc' dir='ltr'>παρακλήσεως,</span> <span class='ocrx_word' id='word_1_512' title='bbox 1640 3876 1730 3931; x_wconf 77' lang='grc' dir='ltr'><strong>διά</strong></span> <span class='ocrx_word' id='word_1_513' title='bbox 1757 3879 1820 3931; x_wconf 70' lang='grc' dir='ltr'><strong>τὸ</strong></span> 
     </span>
    </p>
   </div>
   <div class='ocr_carea' id='block_1_72' title="bbox 238 3956 1820 4040">
    <p class='ocr_par' dir='ltr' id='par_1_72' title="bbox 238 3956 1820 4040">
     <span class='ocr_line' id='line_1_72' title="bbox 238 3956 1820 4040; baseline 0.008 -28"><span class='ocrx_word' id='word_1_514' title='bbox 238 3960 441 4032; x_wconf 83' lang='grc' dir='ltr'>μικρὸν</span> <span class='ocrx_word' id='word_1_515' title='bbox 464 3960 785 4031; x_wconf 71' lang='grc' dir='ltr'>περιπαθὲς·</span> <span class='ocrx_word' id='word_1_516' title='bbox 809 3956 930 4016; x_wconf 78' lang='grc' dir='ltr'>εἶ’τα</span> <span class='ocrx_word' id='word_1_517' title='bbox 962 3962 1058 4017; x_wconf 77' lang='grc' dir='ltr'>καὶ</span> <span class='ocrx_word' id='word_1_518' title='bbox 1084 3964 1194 4017; x_wconf 89' lang='grc' dir='ltr'><strong>τῶν</strong></span> <span class='ocrx_word' id='word_1_519' title='bbox 1218 3963 1423 4019; x_wconf 87' lang='grc' dir='ltr'>λοιπῶν</span> <span class='ocrx_word' id='word_1_520' title='bbox 1451 3966 1820 4040; x_wconf 81' lang='grc' dir='ltr'>διαφερόντων</span> 
     </span>
    </p>
   </div>
   <div class='ocr_carea' id='block_1_73' title="bbox 237 4051 1819 4128">
    <p class='ocr_par' dir='ltr' id='par_1_73' title="bbox 237 4051 1819 4128">
     <span class='ocr_line' id='line_1_73' title="bbox 237 4051 1819 4128; baseline 0.008 -23"><span class='ocrx_word' id='word_1_521' title='bbox 237 4052 452 4113; x_wconf 60' lang='lat' dir='ltr'><strong>cordi;</strong></span> <span class='ocrx_word' id='word_1_522' title='bbox 474 4051 541 4106; x_wconf 78' lang='grc' dir='ltr'><strong>ἀν</strong></span> <span class='ocrx_word' id='word_1_523' title='bbox 570 4052 789 4124; x_wconf 80' lang='grc' dir='ltr'>δειχθῇς</span> <span class='ocrx_word' id='word_1_524' title='bbox 813 4054 883 4109; x_wconf 88' lang='grc' dir='ltr'><strong>τά</strong></span> <span class='ocrx_word' id='word_1_525' title='bbox 910 4055 1029 4108; x_wconf 81' lang='grc' dir='ltr'>θεῖα</span> <span class='ocrx_word' id='word_1_526' title='bbox 1060 4057 1512 4128; x_wconf 84' lang='grc' dir='ltr'>πεπαιδευμένος,</span> <span class='ocrx_word' id='word_1_527' title='bbox 1535 4062 1630 4115; x_wconf 75' lang='grc' dir='ltr'>καὶ</span> <span class='ocrx_word' id='word_1_528' title='bbox 1680 4062 1819 4118; x_wconf 88' lang='grc' dir='ltr'>Θεοῦ</span> 
     </span>
    </p>
   </div>
   <div class='ocr_carea' id='block_1_74' title="bbox 233 4141 1821 4224">
    <p class='ocr_par' dir='ltr' id='par_1_74' title="bbox 233 4141 1821 4224">
     <span class='ocr_line' id='line_1_74' title="bbox 233 4141 1821 4224; baseline 0.007 -28"><span class='ocrx_word' id='word_1_529' title='bbox 233 4141 392 4214; x_wconf 85' lang='grc' dir='ltr'>νόμῳ</span> <span class='ocrx_word' id='word_1_530' title='bbox 418 4142 811 4215; x_wconf 68' lang='grc' dir='ltr'>κρατούμενος*</span> <span class='ocrx_word' id='word_1_531' title='bbox 841 4145 936 4198; x_wconf 79' lang='grc' dir='ltr'>καὶ</span> <span class='ocrx_word' id='word_1_532' title='bbox 961 4144 1119 4210; x_wconf 74' lang='grc' dir='ltr'>εἰδὼς</span> <span class='ocrx_word' id='word_1_533' title='bbox 1141 4146 1244 4201; x_wconf 88' lang='grc' dir='ltr'><strong>ποῦ</strong></span> <span class='ocrx_word' id='word_1_534' title='bbox 1279 4165 1409 4203; x_wconf 84' lang='grc' dir='ltr'>ποτε</span> <span class='ocrx_word' id='word_1_535' title='bbox 1437 4150 1604 4223; x_wconf 76' lang='grc' dir='ltr'>ἀπῄει</span> <span class='ocrx_word' id='word_1_536' title='bbox 1632 4153 1661 4206; x_wconf 83' lang='grc' dir='ltr'>ὁ</span> <span class='ocrx_word' id='word_1_537' title='bbox 1689 4153 1821 4224; x_wconf 87' lang='grc' dir='ltr'>μεθ-</span> 
     </span>
    </p>
   </div>
   <div class='ocr_carea' id='block_1_75' title="bbox 236 4236 1822 4312">
    <p class='ocr_par' dir='ltr' id='par_1_75' title="bbox 236 4236 1822 4312">
     <span class='ocr_line' id='line_1_75' title="bbox 236 4236 1822 4312; baseline 0.009 -25"><span class='ocrx_word' id='word_1_538' title='bbox 236 4237 533 4305; x_wconf 84' lang='grc' dir='ltr'>ιστάμενος</span> <span class='ocrx_word' id='word_1_539' title='bbox 566 4249 581 4265; x_wconf 79' lang='grc'><strong>⁸</strong></span> <span class='ocrx_word' id='word_1_540' title='bbox 632 4236 724 4291; x_wconf 82' lang='grc' dir='ltr'>καὶ</span> <span class='ocrx_word' id='word_1_541' title='bbox 776 4237 1017 4309; x_wconf 83' lang='grc' dir='ltr'>μάλιστα</span> <span class='ocrx_word' id='word_1_542' title='bbox 1064 4239 1158 4294; x_wconf 76' lang='grc' dir='ltr'>ἐπὶ</span> <span class='ocrx_word' id='word_1_543' title='bbox 1205 4240 1301 4295; x_wconf 86' lang='grc' dir='ltr'><strong>τοῦ</strong></span> <span class='ocrx_word' id='word_1_544' title='bbox 1332 4239 1427 4296; x_wconf 90' lang='grc' dir='ltr'><strong>σοῦ</strong></span> <span class='ocrx_word' id='word_1_545' title='bbox 1486 4243 1822 4312; x_wconf 88' lang='grc' dir='ltr'>γλυκυτάτου</span> 
     </span>
    </p>
   </div>
   <div class='ocr_carea' id='block_1_76' title="bbox 234 4328 1823 4409">
    <p class='ocr_par' dir='ltr' id='par_1_76' title="bbox 234 4328 1823 4409">
     <span class='ocr_line' id='line_1_76' title="bbox 234 4328 1823 4409; baseline 0.009 -30"><span class='ocrx_word' id='word_1_546' title='bbox 234 4328 457 4380; x_wconf 83' lang='grc' dir='ltr'>τέκνου·</span> <span class='ocrx_word' id='word_1_547' title='bbox 496 4328 579 4382; x_wconf 80' lang='grc' dir='ltr'>ὅτι</span> <span class='ocrx_word' id='word_1_548' title='bbox 622 4329 723 4382; x_wconf 82' lang='grc' dir='ltr'>οὐκ</span> <span class='ocrx_word' id='word_1_549' title='bbox 755 4329 836 4393; x_wconf 85' lang='grc' dir='ltr'><strong>είς</strong></span> <span class='ocrx_word' id='word_1_550' title='bbox 873 4329 1126 4398; x_wconf 84' lang='grc' dir='ltr'>θάνατον,</span> <span class='ocrx_word' id='word_1_551' title='bbox 1147 4333 1270 4387; x_wconf 76' lang='grc' dir='ltr'>οὐδὲ</span> <span class='ocrx_word' id='word_1_552' title='bbox 1303 4334 1384 4398; x_wconf 86' lang='grc' dir='ltr'><strong>είς</strong></span> <span class='ocrx_word' id='word_1_553' title='bbox 1411 4334 1472 4389; x_wconf 82' lang='grc' dir='ltr'>τὸ</span> <span class='ocrx_word' id='word_1_554' title='bbox 1498 4336 1574 4409; x_wconf 81' lang='grc' dir='ltr'>μὴ</span> <span class='ocrx_word' id='word_1_555' title='bbox 1604 4337 1685 4405; x_wconf 80' lang='grc' dir='ltr'>ὃν,</span> <span class='ocrx_word' id='word_1_556' title='bbox 1708 4339 1823 4393; x_wconf 86' lang='grc' dir='ltr'>ἀλλ’</span> 
     </span>
    </p>
   </div>
   <div class='ocr_carea' id='block_1_77' title="bbox 235 4418 1825 4502">
    <p class='ocr_par' dir='ltr' id='par_1_77' title="bbox 235 4418 1825 4502">
     <span class='ocr_line' id='line_1_77' title="bbox 235 4418 1825 4502; baseline 0.009 -32"><span class='ocrx_word' id='word_1_557' title='bbox 235 4418 320 4482; x_wconf 83' lang='grc' dir='ltr'><strong>εις</strong></span> <span class='ocrx_word' id='word_1_558' title='bbox 358 4418 507 4492; x_wconf 78' lang='grc' dir='ltr'>ζωὴν</span> <span class='ocrx_word' id='word_1_559' title='bbox 549 4420 789 4486; x_wconf 72' lang='grc' dir='ltr'>αἰώνιον,</span> <span class='ocrx_word' id='word_1_560' title='bbox 818 4422 913 4477; x_wconf 81' lang='grc' dir='ltr'>καὶ</span> <span class='ocrx_word' id='word_1_561' title='bbox 939 4425 1019 4489; x_wconf 85' lang='grc' dir='ltr'><strong>είς</strong></span> <span class='ocrx_word' id='word_1_562' title='bbox 1049 4424 1184 4479; x_wconf 86' lang='grc' dir='ltr'><strong>Θεὸν</strong></span> <span class='ocrx_word' id='word_1_563' title='bbox 1213 4425 1308 4481; x_wconf 80' lang='grc' dir='ltr'><strong>τὸν</strong></span> <span class='ocrx_word' id='word_1_564' title='bbox 1340 4426 1411 4481; x_wconf 85' lang='grc' dir='ltr'>τὰ</span> <span class='ocrx_word' id='word_1_565' title='bbox 1449 4431 1631 4484; x_wconf 84' lang='grc' dir='ltr'>πάντα</span> <span class='ocrx_word' id='word_1_566' title='bbox 1668 4431 1825 4502; x_wconf 84' lang='grc' dir='ltr'>ποιή-</span> 
     </span>
    </p>
   </div>
   <div class='ocr_carea' id='block_1_78' title="bbox 1915 3232 3506 3304">
    <p class='ocr_par' dir='ltr' id='par_1_78' title="bbox 1915 3232 3506 3304">
     <span class='ocr_line' id='line_1_78' title="bbox 1915 3232 3506 3304; baseline -0.001 -16"><span class='ocrx_word' id='word_1_567' title='bbox 1915 3232 2111 3304; x_wconf 89' lang='lat' dir='ltr'><strong>dignus</strong></span> <span class='ocrx_word' id='word_1_568' title='bbox 2142 3233 2383 3299; x_wconf 89' lang='lat' dir='ltr'><strong>habitus,</strong></span> <span class='ocrx_word' id='word_1_569' title='bbox 2424 3233 2787 3289; x_wconf 74' lang='lat' dir='ltr'><strong>exsultatione</strong></span> <span class='ocrx_word' id='word_1_570' title='bbox 2815 3232 3206 3301; x_wconf 83' lang='lat' dir='ltr'><strong>inexplicabili,</strong></span> <span class='ocrx_word' id='word_1_571' title='bbox 3243 3247 3506 3303; x_wconf 84' lang='lat' dir='ltr'><strong>aggrega-</strong></span> 
     </span>
    </p>
   </div>
   <div class='ocr_carea' id='block_1_79' title="bbox 1915 3321 3505 3393">
    <p class='ocr_par' dir='ltr' id='par_1_79' title="bbox 1915 3321 3505 3393">
     <span class='ocr_line' id='line_1_79' title="bbox 1915 3321 3505 3393; baseline 0.001 -17"><span class='ocrx_word' id='word_1_572' title='bbox 1915 3330 2004 3377; x_wconf 86' lang='lat' dir='ltr'><strong>tus</strong></span> <span class='ocrx_word' id='word_1_573' title='bbox 2032 3324 2100 3378; x_wconf 90' lang='lat' dir='ltr'><strong>ad</strong></span> <span class='ocrx_word' id='word_1_574' title='bbox 2128 3323 2475 3393; x_wconf 87' lang='lat' dir='ltr'><strong>quiescentes</strong></span> <span class='ocrx_word' id='word_1_575' title='bbox 2501 3323 2557 3376; x_wconf 89' lang='lat' dir='ltr'><strong>in</strong></span> <span class='ocrx_word' id='word_1_576' title='bbox 2587 3323 2817 3377; x_wconf 72' lang='lat' dir='ltr'><strong>Abraha:</strong></span> <span class='ocrx_word' id='word_1_577' title='bbox 2838 3322 2960 3377; x_wconf 90' lang='lat' dir='ltr'><strong>sinu</strong></span> <span class='ocrx_word' id='word_1_578' title='bbox 2992 3331 3211 3377; x_wconf 90' lang='lat' dir='ltr'><strong>sanctos</strong></span> <span class='ocrx_word' id='word_1_579' title='bbox 3238 3321 3505 3388; x_wconf 83' lang='lat' dir='ltr'><strong>infantes,</strong></span> 
     </span>
    </p>
   </div>
   <div class='ocr_carea' id='block_1_80' title="bbox 1915 3414 3510 3485">
    <p class='ocr_par' dir='ltr' id='par_1_80' title="bbox 1915 3414 3510 3485">
     <span class='ocr_line' id='line_1_80' title="bbox 1915 3414 3510 3485; baseline -0.001 -15"><span class='ocrx_word' id='word_1_580' title='bbox 1915 3415 2065 3470; x_wconf 85' lang='lat' dir='ltr'><strong>carni</strong></span> <span class='ocrx_word' id='word_1_581' title='bbox 2094 3422 2149 3470; x_wconf 90' lang='lat' dir='ltr'><strong>et</strong></span> <span class='ocrx_word' id='word_1_582' title='bbox 2199 3415 2535 3485; x_wconf 87' lang='lat' dir='ltr'><strong>corruptioni</strong></span> <span class='ocrx_word' id='word_1_583' title='bbox 2577 3431 2686 3469; x_wconf 91' lang='lat' dir='ltr'><strong>non</strong></span> <span class='ocrx_word' id='word_1_584' title='bbox 2721 3415 2954 3484; x_wconf 85' lang='lat' dir='ltr'><strong>amplius</strong></span> <span class='ocrx_word' id='word_1_585' title='bbox 3004 3415 3271 3478; x_wconf 86' lang='lat' dir='ltr'><strong>serviens,</strong></span> <span class='ocrx_word' id='word_1_586' title='bbox 3325 3414 3510 3469; x_wconf 89' lang='lat' dir='ltr'><strong>fruens</strong></span> 
     </span>
    </p>
   </div>
   <div class='ocr_carea' id='block_1_81' title="bbox 1916 3505 3511 3577">
    <p class='ocr_par' dir='ltr' id='par_1_81' title="bbox 1916 3505 3511 3577">
     <span class='ocr_line' id='line_1_81' title="bbox 1916 3505 3511 3577; baseline -0.001 -17"><span class='ocrx_word' id='word_1_587' title='bbox 1916 3505 2243 3562; x_wconf 64' lang='lat' dir='ltr'><strong>aeternitate.</strong></span> <span class='ocrx_word' id='word_1_588' title='bbox 2293 3506 2431 3561; x_wconf 85' lang='lat' dir='ltr'><strong>llinc</strong></span> <span class='ocrx_word' id='word_1_589' title='bbox 2462 3516 2776 3577; x_wconf 83' lang='lat' dir='ltr'><strong>argumenta</strong></span> <span class='ocrx_word' id='word_1_590' title='bbox 2814 3506 3224 3571; x_wconf 84' lang='lat' dir='ltr'><strong>consolationis,</strong></span> <span class='ocrx_word' id='word_1_591' title='bbox 3253 3506 3384 3561; x_wconf 83' lang='lat' dir='ltr'><strong>hinc</strong></span> <span class='ocrx_word' id='word_1_592' title='bbox 3408 3505 3511 3561; x_wconf 84' lang='lat' dir='ltr'><strong>do-</strong></span> 
     </span>
    </p>
   </div>
   <div class='ocr_carea' id='block_1_82' title="bbox 1916 3596 3511 3668">
    <p class='ocr_par' dir='ltr' id='par_1_82' title="bbox 1916 3596 3511 3668">
     <span class='ocr_line' id='line_1_82' title="bbox 1916 3596 3511 3668; baseline 0.001 -17"><span class='ocrx_word' id='word_1_593' title='bbox 1916 3597 2047 3652; x_wconf 90' lang='lat' dir='ltr'><strong>loris</strong></span> <span class='ocrx_word' id='word_1_594' title='bbox 2066 3598 2370 3653; x_wconf 86' lang='lat' dir='ltr'><strong>levamenta</strong></span> <span class='ocrx_word' id='word_1_595' title='bbox 2396 3612 2590 3668; x_wconf 87' lang='lat' dir='ltr'><strong>capere</strong></span> <span class='ocrx_word' id='word_1_596' title='bbox 2608 3606 2660 3653; x_wconf 87' lang='lat' dir='ltr'><strong>te</strong></span> <span class='ocrx_word' id='word_1_597' title='bbox 2675 3598 2941 3653; x_wconf 90' lang='lat' dir='ltr'><strong>volumus.</strong></span> <span class='ocrx_word' id='word_1_598' title='bbox 2957 3598 3160 3667; x_wconf 78' lang='lat' dir='ltr'><strong>Auctor</strong></span> <span class='ocrx_word' id='word_1_599' title='bbox 3179 3607 3295 3651; x_wconf 89' lang='lat' dir='ltr'><strong>esto</strong></span> <span class='ocrx_word' id='word_1_600' title='bbox 3309 3596 3511 3653; x_wconf 64' lang='lat' dir='ltr'><strong>laetitiae</strong></span> 
     </span>
    </p>
   </div>
   <div class='ocr_carea' id='block_1_83' title="bbox 1917 3690 3513 3759">
    <p class='ocr_par' dir='ltr' id='par_1_83' title="bbox 1917 3690 3513 3759">
     <span class='ocr_line' id='line_1_83' title="bbox 1917 3690 3513 3759; baseline -0.001 -15"><span class='ocrx_word' id='word_1_601' title='bbox 1917 3698 1974 3744; x_wconf 90' lang='lat' dir='ltr'><strong>et</strong></span> <span class='ocrx_word' id='word_1_602' title='bbox 2001 3698 2240 3755; x_wconf 86' lang='lat' dir='ltr'><strong>curator,</strong></span> <span class='ocrx_word' id='word_1_603' title='bbox 2261 3705 2371 3744; x_wconf 88' lang='lat' dir='ltr'><strong>non</strong></span> <span class='ocrx_word' id='word_1_604' title='bbox 2400 3691 2472 3744; x_wconf 92' lang='lat' dir='ltr'><strong>tui</strong></span> <span class='ocrx_word' id='word_1_605' title='bbox 2497 3690 2679 3755; x_wconf 91' lang='lat' dir='ltr'><strong>modo,</strong></span> <span class='ocrx_word' id='word_1_606' title='bbox 2702 3690 2795 3744; x_wconf 88' lang='lat' dir='ltr'><strong>sed</strong></span> <span class='ocrx_word' id='word_1_607' title='bbox 2824 3690 3059 3744; x_wconf 67' lang='lat' dir='ltr'><strong>dominae</strong></span> <span class='ocrx_word' id='word_1_608' title='bbox 3121 3704 3339 3759; x_wconf 90' lang='lat' dir='ltr'><strong>quoque</strong></span> <span class='ocrx_word' id='word_1_609' title='bbox 3382 3705 3513 3758; x_wconf 86' lang='lat' dir='ltr'><strong>spa-</strong></span> 
     </span>
    </p>
   </div>
   <div class='ocr_carea' id='block_1_84' title="bbox 1920 3780 3511 3852">
    <p class='ocr_par' dir='ltr' id='par_1_84' title="bbox 1920 3780 3511 3852">
     <span class='ocr_line' id='line_1_84' title="bbox 1920 3780 3511 3852; baseline -0.001 -15"><span class='ocrx_word' id='word_1_610' title='bbox 1920 3782 2129 3848; x_wconf 69' lang='lat' dir='ltr'><strong>tbariae,</strong></span> <span class='ocrx_word' id='word_1_611' title='bbox 2158 3797 2278 3852; x_wconf 64' lang='lat' dir='ltr'><strong>quae</strong></span> <span class='ocrx_word' id='word_1_612' title='bbox 2308 3782 2591 3836; x_wconf 87' lang='lat' dir='ltr'><strong>curatione</strong></span> <span class='ocrx_word' id='word_1_613' title='bbox 2648 3790 2701 3836; x_wconf 88' lang='lat' dir='ltr'><strong>et</strong></span> <span class='ocrx_word' id='word_1_614' title='bbox 2742 3782 2936 3837; x_wconf 88' lang='lat' dir='ltr'><strong>solatio</strong></span> <span class='ocrx_word' id='word_1_615' title='bbox 2967 3781 3037 3835; x_wconf 90' lang='lat' dir='ltr'><strong>ob</strong></span> <span class='ocrx_word' id='word_1_616' title='bbox 3076 3782 3322 3849; x_wconf 76' lang='lat' dir='ltr'><strong>exiguam</strong></span> <span class='ocrx_word' id='word_1_617' title='bbox 3375 3780 3511 3835; x_wconf 87' lang='lat' dir='ltr'><strong>tole-</strong></span> 
     </span>
    </p>
   </div>
   <div class='ocr_carea' id='block_1_85' title="bbox 1919 3867 3509 3942">
    <p class='ocr_par' dir='ltr' id='par_1_85' title="bbox 1919 3867 3509 3942">
     <span class='ocr_line' id='line_1_85' title="bbox 1919 3867 3509 3942; baseline -0.003 -16"><span class='ocrx_word' id='word_1_618' title='bbox 1919 3873 2154 3927; x_wconf 88' lang='lat' dir='ltr'><strong>rantiam</strong></span> <span class='ocrx_word' id='word_1_619' title='bbox 2187 3872 2479 3942; x_wconf 89' lang='lat' dir='ltr'><strong>plurimum</strong></span> <span class='ocrx_word' id='word_1_620' title='bbox 2511 3879 2669 3941; x_wconf 87' lang='lat' dir='ltr'><strong>eget;</strong></span> <span class='ocrx_word' id='word_1_621' title='bbox 2701 3885 2765 3925; x_wconf 88' lang='lat' dir='ltr'><strong>ac</strong></span> <span class='ocrx_word' id='word_1_622' title='bbox 2804 3870 3141 3940; x_wconf 88' lang='lat' dir='ltr'><strong>reliquorum</strong></span> <span class='ocrx_word' id='word_1_623' title='bbox 3181 3868 3382 3923; x_wconf 89' lang='lat' dir='ltr'><strong>deinde</strong></span> <span class='ocrx_word' id='word_1_624' title='bbox 3413 3867 3509 3921; x_wconf 88' lang='lat' dir='ltr'><strong>tibi</strong></span> 
     </span>
    </p>
   </div>
   <div class='ocr_carea' id='block_1_86' title="bbox 1920 3959 3509 4035">
    <p class='ocr_par' dir='ltr' id='par_1_86' title="bbox 1920 3959 3509 4035">
     <span class='ocr_line' id='line_1_86' title="bbox 1920 3959 3509 4035; baseline -0.006 -15"><span class='ocrx_word' id='word_1_625' title='bbox 1920 3964 2339 4035; x_wconf 72' lang='lat' dir='ltr'><strong>coniunctorum</strong></span> <span class='ocrx_word' id='word_1_626' title='bbox 2374 3980 2390 4017; x_wconf 85' lang='lat'><strong>:</strong></span> <span class='ocrx_word' id='word_1_627' title='bbox 2436 3978 2507 4018; x_wconf 89' lang='lat' dir='ltr'><strong>ne</strong></span> <span class='ocrx_word' id='word_1_628' title='bbox 2558 3962 2815 4017; x_wconf 88' lang='lat' dir='ltr'><strong>ostendas</strong></span> <span class='ocrx_word' id='word_1_629' title='bbox 2872 3970 2926 4016; x_wconf 87' lang='lat' dir='ltr'><strong>te</strong></span> <span class='ocrx_word' id='word_1_630' title='bbox 2959 3960 3158 4015; x_wconf 91' lang='lat' dir='ltr'><strong>divinis</strong></span> <span class='ocrx_word' id='word_1_631' title='bbox 3193 3959 3465 4014; x_wconf 89' lang='lat' dir='ltr'><strong>imbutum</strong></span> <span class='ocrx_word' id='word_1_632' title='bbox 3494 3997 3509 4020; x_wconf 87' lang='lat'><strong>,</strong></span> 
     </span>
    </p>
   </div>
   <div class='ocr_carea' id='block_1_87' title="bbox 1921 4050 3511 4126">
    <p class='ocr_par' dir='ltr' id='par_1_87' title="bbox 1921 4050 3511 4126">
     <span class='ocr_line' id='line_1_87' title="bbox 1921 4050 3511 4126; baseline -0.006 -16"><span class='ocrx_word' id='word_1_633' title='bbox 1921 4055 2127 4126; x_wconf 87' lang='lat' dir='ltr'><strong>Deique</strong></span> <span class='ocrx_word' id='word_1_634' title='bbox 2162 4055 2265 4126; x_wconf 88' lang='lat' dir='ltr'><strong>legi</strong></span> <span class='ocrx_word' id='word_1_635' title='bbox 2294 4056 2683 4123; x_wconf 87' lang='lat' dir='ltr'><strong>obsequentem</strong></span> <span class='ocrx_word' id='word_1_636' title='bbox 2714 4067 2856 4116; x_wconf 88' lang='lat' dir='ltr'><strong>;nec</strong></span> <span class='ocrx_word' id='word_1_637' title='bbox 2874 4052 3123 4122; x_wconf 86' lang='lat' dir='ltr'><strong>ignarum</strong></span> <span class='ocrx_word' id='word_1_638' title='bbox 3148 4066 3257 4121; x_wconf 89' lang='lat' dir='ltr'><strong>quo</strong></span> <span class='ocrx_word' id='word_1_639' title='bbox 3291 4050 3511 4103; x_wconf 87' lang='lat' dir='ltr'><strong>tandem</strong></span> 
     </span>
    </p>
   </div>
   <div class='ocr_carea' id='block_1_88' title="bbox 1924 4139 3516 4219">
    <p class='ocr_par' dir='ltr' id='par_1_88' title="bbox 1924 4139 3516 4219">
     <span class='ocr_line' id='line_1_88' title="bbox 1924 4139 3516 4219; baseline -0.008 -16"><span class='ocrx_word' id='word_1_640' title='bbox 1924 4148 2131 4204; x_wconf 85' lang='lat' dir='ltr'><strong>abierit</strong></span> <span class='ocrx_word' id='word_1_641' title='bbox 2155 4148 2247 4219; x_wconf 93' lang='lat' dir='ltr'><strong>qni</strong></span> <span class='ocrx_word' id='word_1_642' title='bbox 2278 4145 2531 4218; x_wconf 85' lang='lat' dir='ltr'><strong>migravit</strong></span> <span class='ocrx_word' id='word_1_643' title='bbox 2558 4163 2573 4213; x_wconf 90' lang='lat'><strong>;</strong></span> <span class='ocrx_word' id='word_1_644' title='bbox 2597 4161 2659 4200; x_wconf 89' lang='lat' dir='ltr'><strong>ac</strong></span> <span class='ocrx_word' id='word_1_645' title='bbox 2684 4154 2811 4199; x_wconf 91' lang='lat' dir='ltr'><strong>tuus</strong></span> <span class='ocrx_word' id='word_1_646' title='bbox 2832 4144 3135 4215; x_wconf 66' lang='lat' dir='ltr'><strong>praesertim</strong></span> <span class='ocrx_word' id='word_1_647' title='bbox 3164 4139 3516 4197; x_wconf 86' lang='lat' dir='ltr'><strong>dulcissimus</strong></span> 
     </span>
    </p>
   </div>
   <div class='ocr_carea' id='block_1_89' title="bbox 1923 4231 3512 4311">
    <p class='ocr_par' dir='ltr' id='par_1_89' title="bbox 1923 4231 3512 4311">
     <span class='ocr_line' id='line_1_89' title="bbox 1923 4231 3512 4311; baseline -0.006 -17"><span class='ocrx_word' id='word_1_648' title='bbox 1923 4240 2109 4306; x_wconf 84' lang='lat' dir='ltr'><strong>ﬁlius;</strong></span> <span class='ocrx_word' id='word_1_649' title='bbox 2139 4239 2283 4311; x_wconf 88' lang='lat' dir='ltr'><strong>quod</strong></span> <span class='ocrx_word' id='word_1_650' title='bbox 2310 4254 2421 4293; x_wconf 92' lang='lat' dir='ltr'><strong>non</strong></span> <span class='ocrx_word' id='word_1_651' title='bbox 2468 4238 2535 4294; x_wconf 91' lang='lat' dir='ltr'><strong>ad</strong></span> <span class='ocrx_word' id='word_1_652' title='bbox 2580 4248 2810 4292; x_wconf 87' lang='lat' dir='ltr'><strong>mortem</strong></span> <span class='ocrx_word' id='word_1_653' title='bbox 2839 4276 2855 4302; x_wconf 87' lang='lat'><strong>,</strong></span> <span class='ocrx_word' id='word_1_654' title='bbox 2909 4250 3088 4305; x_wconf 89' lang='lat' dir='ltr'><strong>neque</strong></span> <span class='ocrx_word' id='word_1_655' title='bbox 3137 4234 3203 4289; x_wconf 89' lang='lat' dir='ltr'><strong>ad</strong></span> <span class='ocrx_word' id='word_1_656' title='bbox 3257 4231 3512 4295; x_wconf 88' lang='lat' dir='ltr'><strong>nihilum,</strong></span> 
     </span>
    </p>
   </div>
   <div class='ocr_carea' id='block_1_90' title="bbox 1923 4323 3513 4401">
    <p class='ocr_par' dir='ltr' id='par_1_90' title="bbox 1923 4323 3513 4401">
     <span class='ocr_line' id='line_1_90' title="bbox 1923 4323 3513 4401; baseline -0.008 -13"><span class='ocrx_word' id='word_1_657' title='bbox 1923 4332 2019 4388; x_wconf 88' lang='lat' dir='ltr'><strong>sed</strong></span> <span class='ocrx_word' id='word_1_658' title='bbox 2047 4332 2113 4387; x_wconf 89' lang='lat' dir='ltr'><strong>ad</strong></span> <span class='ocrx_word' id='word_1_659' title='bbox 2141 4333 2307 4387; x_wconf 87' lang='lat' dir='ltr'><strong>vitam</strong></span> <span class='ocrx_word' id='word_1_660' title='bbox 2339 4331 2750 4401; x_wconf 84' lang='lat' dir='ltr'><strong>sempiternam,</strong></span> <span class='ocrx_word' id='word_1_661' title='bbox 2786 4338 2843 4383; x_wconf 88' lang='lat' dir='ltr'><strong>et</strong></span> <span class='ocrx_word' id='word_1_662' title='bbox 2870 4329 2937 4384; x_wconf 88' lang='lat' dir='ltr'><strong>ad</strong></span> <span class='ocrx_word' id='word_1_663' title='bbox 2969 4326 3138 4382; x_wconf 89' lang='lat' dir='ltr'><strong>Deum</strong></span> <span class='ocrx_word' id='word_1_664' title='bbox 3181 4326 3275 4396; x_wconf 89' lang='lat' dir='ltr'><strong>qui</strong></span> <span class='ocrx_word' id='word_1_665' title='bbox 3329 4323 3513 4378; x_wconf 88' lang='lat' dir='ltr'><strong>omnia</strong></span> 
     </span>
    </p>
   </div>
   <div class='ocr_carea' id='block_1_91' title="bbox 1926 4415 3516 4495">
    <p class='ocr_par' dir='ltr' id='par_1_91' title="bbox 1926 4415 3516 4495">
     <span class='ocr_line' id='line_1_91' title="bbox 1926 4415 3516 4495; baseline -0.006 -17"><span class='ocrx_word' id='word_1_666' title='bbox 1926 4424 2132 4479; x_wconf 84' lang='lat' dir='ltr'><strong>creavit</strong></span> <span class='ocrx_word' id='word_1_667' title='bbox 2157 4441 2172 4478; x_wconf 93' lang='lat'><strong>:</strong></span> <span class='ocrx_word' id='word_1_668' title='bbox 2197 4432 2361 4495; x_wconf 87' lang='lat' dir='ltr'><strong>atque</strong></span> <span class='ocrx_word' id='word_1_669' title='bbox 2395 4432 2456 4477; x_wconf 92' lang='lat' dir='ltr'><strong>ut</strong></span> <span class='ocrx_word' id='word_1_670' title='bbox 2482 4423 2686 4478; x_wconf 79' lang='lat' dir='ltr'><strong>eximio</strong></span> <span class='ocrx_word' id='word_1_671' title='bbox 2724 4422 2989 4492; x_wconf 86' lang='lat' dir='ltr'><strong>patribus,</strong></span> <span class='ocrx_word' id='word_1_672' title='bbox 3033 4419 3284 4488; x_wconf 87' lang='lat' dir='ltr'><strong>notisque</strong></span> <span class='ocrx_word' id='word_1_673' title='bbox 3334 4415 3516 4471; x_wconf 87' lang='lat' dir='ltr'><strong>omni-</strong></span> 
     </span>
    </p>
   </div>
   <div class='ocr_carea' id='block_1_92' title="bbox 238 4507 1817 4589">
    <p class='ocr_par' dir='ltr' id='par_1_92' title="bbox 238 4512 1817 4589">
     <span class='ocr_line' id='line_1_92' title="bbox 238 4512 1817 4589; baseline 0.007 -25"><span class='ocrx_word' id='word_1_674' title='bbox 238 4525 436 4565; x_wconf 84' lang='grc' dir='ltr'>σαντα⁰</span> <span class='ocrx_word' id='word_1_675' title='bbox 466 4512 563 4566; x_wconf 81' lang='grc' dir='ltr'>καὶ</span> <span class='ocrx_word' id='word_1_676' title='bbox 594 4512 671 4577; x_wconf 86' lang='grc' dir='ltr'><strong>ῶς</strong></span> <span class='ocrx_word' id='word_1_677' title='bbox 699 4512 766 4567; x_wconf 79' lang='grc' dir='ltr'>ἂν</span> <span class='ocrx_word' id='word_1_678' title='bbox 797 4516 1219 4588; x_wconf 86' lang='grc' dir='ltr'>παραδειχθείης</span> <span class='ocrx_word' id='word_1_679' title='bbox 1272 4519 1539 4589; x_wconf 87' lang='grc' dir='ltr'>πατράσι,</span> <span class='ocrx_word' id='word_1_680' title='bbox 1562 4520 1659 4574; x_wconf 74' lang='grc' dir='ltr'>καὶ</span> <span class='ocrx_word' id='word_1_681' title='bbox 1689 4523 1817 4575; x_wconf 81' lang='grc' dir='ltr'>πᾶσι</span> 
     </span>
    </p>
   </div>
   <div class='ocr_carea' id='block_1_93' title="bbox 1917 4507 3515 4589">
    <p class='ocr_par' dir='ltr' id='par_1_93' title="bbox 1927 4511 3515 4581">
     <span class='ocr_line' id='line_1_93' title="bbox 1927 4511 3515 4581; baseline -0.008 -8"><span class='ocrx_word' id='word_1_682' title='bbox 1927 4518 2030 4573; x_wconf 88' lang='lat' dir='ltr'><strong>bus</strong></span> <span class='ocrx_word' id='word_1_683' title='bbox 2058 4516 2265 4573; x_wconf 87' lang='lat' dir='ltr'><strong>funeris</strong></span> <span class='ocrx_word' id='word_1_684' title='bbox 2303 4531 2466 4572; x_wconf 88' lang='lat' dir='ltr'><strong>causa</strong></span> <span class='ocrx_word' id='word_1_685' title='bbox 2500 4515 2815 4573; x_wconf 87' lang='lat' dir='ltr'><strong>convocatis</strong></span> <span class='ocrx_word' id='word_1_686' title='bbox 2869 4514 2945 4569; x_wconf 92' lang='lat' dir='ltr'><strong>sis</strong></span> <span class='ocrx_word' id='word_1_687' title='bbox 2977 4511 3251 4581; x_wconf 79' lang='lat' dir='ltr'><strong>exemplo,</strong></span> <span class='ocrx_word' id='word_1_688' title='bbox 3305 4518 3361 4563; x_wconf 89' lang='lat' dir='ltr'><strong>ut</strong></span> <span class='ocrx_word' id='word_1_689' title='bbox 3390 4523 3515 4562; x_wconf 85' lang='lat' dir='ltr'><strong>cum</strong></span> 
     </span>
    </p>
   </div>
   <div class='ocr_carea' id='block_1_94' title="bbox 236 4607 1824 4687">
    <p class='ocr_par' dir='ltr' id='par_1_94' title="bbox 236 4607 1824 4687">
     <span class='ocr_line' id='line_1_94' title="bbox 236 4607 1824 4687; baseline 0.008 -29"><span class='ocrx_word' id='word_1_690' title='bbox 236 4608 353 4669; x_wconf 78' lang='grc' dir='ltr'>τοῖς</span> <span class='ocrx_word' id='word_1_691' title='bbox 373 4607 672 4679; x_wconf 85' lang='grc' dir='ltr'>γνωρίμοις</span> <span class='ocrx_word' id='word_1_692' title='bbox 692 4607 789 4662; x_wconf 79' lang='grc' dir='ltr'>καὶ</span> <span class='ocrx_word' id='word_1_693' title='bbox 812 4609 1248 4680; x_wconf 82' lang='grc' dir='ltr'>συνειλεγμένοις</span> <span class='ocrx_word' id='word_1_694' title='bbox 1276 4612 1335 4666; x_wconf 87' lang='grc' dir='ltr'><strong>ἐν</strong></span> <span class='ocrx_word' id='word_1_695' title='bbox 1359 4614 1425 4684; x_wconf 83' lang='grc' dir='ltr'>τῇ</span> <span class='ocrx_word' id='word_1_696' title='bbox 1450 4613 1658 4687; x_wconf 79' lang='grc' dir='ltr'>κηδείᾳ,</span> <span class='ocrx_word' id='word_1_697' title='bbox 1693 4615 1824 4669; x_wconf 83' lang='grc' dir='ltr'>ὑπό-</span> 
     </span>
    </p>
   </div>
   <div class='ocr_carea' id='block_1_95' title="bbox 236 4695 1825 4777">
    <p class='ocr_par' dir='ltr' id='par_1_95' title="bbox 236 4695 1825 4777">
     <span class='ocr_line' id='line_1_95' title="bbox 236 4695 1825 4777; baseline 0.008 -29"><span class='ocrx_word' id='word_1_698' title='bbox 236 4695 443 4767; x_wconf 83' lang='grc' dir='ltr'>δειγμα</span> <span class='ocrx_word' id='word_1_699' title='bbox 471 4696 658 4761; x_wconf 79' lang='grc' dir='ltr'>καλὸν,</span> <span class='ocrx_word' id='word_1_700' title='bbox 684 4699 802 4768; x_wconf 84' lang='grc' dir='ltr'>μετ’</span> <span class='ocrx_word' id='word_1_701' title='bbox 819 4701 1171 4773; x_wconf 81' lang='grc' dir='ltr'>εὐχαριστίας</span> <span class='ocrx_word' id='word_1_702' title='bbox 1192 4702 1286 4755; x_wconf 77' lang='grc' dir='ltr'>καὶ</span> <span class='ocrx_word' id='word_1_703' title='bbox 1318 4704 1678 4777; x_wconf 84' lang='grc' dir='ltr'>σωφροσύνης</span> <span class='ocrx_word' id='word_1_704' title='bbox 1709 4706 1825 4760; x_wconf 82' lang='grc' dir='ltr'>δια-</span> 
     </span>
    </p>
   </div>
   <div class='ocr_carea' id='block_1_96' title="bbox 240 4787 1826 4868">
    <p class='ocr_par' dir='ltr' id='par_1_96' title="bbox 240 4787 1826 4868">
     <span class='ocr_line' id='line_1_96' title="bbox 240 4787 1826 4868; baseline 0.008 -28"><span class='ocrx_word' id='word_1_705' title='bbox 240 4787 431 4859; x_wconf 82' lang='grc' dir='ltr'>φέρειν</span> <span class='ocrx_word' id='word_1_706' title='bbox 464 4788 563 4853; x_wconf 83' lang='grc' dir='ltr'><strong>τάς</strong></span> <span class='ocrx_word' id='word_1_707' title='bbox 590 4789 701 4843; x_wconf 88' lang='grc' dir='ltr'><strong>τῶν</strong></span> <span class='ocrx_word' id='word_1_708' title='bbox 726 4791 931 4846; x_wconf 87' lang='grc' dir='ltr'>τέκνων</span> <span class='ocrx_word' id='word_1_709' title='bbox 958 4792 1251 4861; x_wconf 80' lang='grc' dir='ltr'>ἀποϐολάς,</span> <span class='ocrx_word' id='word_1_710' title='bbox 1281 4796 1376 4849; x_wconf 80' lang='grc' dir='ltr'>καὶ</span> <span class='ocrx_word' id='word_1_711' title='bbox 1410 4796 1486 4868; x_wconf 80' lang='grc' dir='ltr'>μὴ</span> <span class='ocrx_word' id='word_1_712' title='bbox 1507 4798 1826 4853; x_wconf 81' lang='grc' dir='ltr'>ἀντιτείνειν</span> 
     </span>
    </p>
   </div>
   <div class='ocr_carea' id='block_1_97' title="bbox 240 4878 993 4953">
    <p class='ocr_par' dir='ltr' id='par_1_97' title="bbox 240 4878 993 4953">
     <span class='ocr_line' id='line_1_97' title="bbox 240 4878 993 4953; baseline 0.009 -22"><span class='ocrx_word' id='word_1_713' title='bbox 240 4878 383 4932; x_wconf 87' lang='grc' dir='ltr'>Θεοῦ</span> <span class='ocrx_word' id='word_1_714' title='bbox 407 4882 520 4945; x_wconf 85' lang='grc' dir='ltr'><strong>τοίς</strong></span> <span class='ocrx_word' id='word_1_715' title='bbox 549 4882 993 4953; x_wconf 88' lang='grc' dir='ltr'>προστάγμασιν.</span> 
     </span>
    </p>
   </div>
   <div class='ocr_carea' id='block_1_98' title="bbox 260 4995 1823 5071">
    <p class='ocr_par' dir='ltr' id='par_1_98' title="bbox 260 4995 1823 5071">
     <span class='ocr_line' id='line_1_98' title="bbox 260 4995 1823 5071; baseline 0.006 -20"><span class='ocrx_word' id='word_1_716' title='bbox 260 4995 366 5051; x_wconf 79' lang='grc' dir='ltr'>ΙΘ¹.</span> <span class='ocrx_word' id='word_1_717' title='bbox 409 5024 482 5038; x_wconf 91' lang='grc'><strong><em>-</em></strong></span> <span class='ocrx_word' id='word_1_718' title='bbox 506 5000 664 5067; x_wconf 79' lang='grc' dir='ltr'>Πρὸς</span> <span class='ocrx_word' id='word_1_719' title='bbox 720 4998 786 5053; x_wconf 85' lang='grc' dir='ltr'>τὸ</span> <span class='ocrx_word' id='word_1_720' title='bbox 820 4999 1029 5071; x_wconf 63' lang='grc' dir='ltr'>κοινόν</span> <span class='ocrx_word' id='word_1_721' title='bbox 1065 5000 1171 5071; x_wconf 61' lang='grc' dir='ltr'><strong>τοῦ</strong></span> <span class='ocrx_word' id='word_1_722' title='bbox 1199 5002 1355 5058; x_wconf 72' lang='grc' dir='ltr'>λαοῦ</span> <span class='ocrx_word' id='word_1_723' title='bbox 1399 5000 1823 5071; x_wconf 83' lang='grc' dir='ltr'>Ἀντισάρχου.</span> 
     </span>
    </p>
   </div>
   <div class='ocr_carea' id='block_1_99' title="bbox 956 5068 1104 5143">
    <p class='ocr_par' dir='ltr' id='par_1_99' title="bbox 956 5068 1104 5143">
     <span class='ocr_line' id='line_1_99' title="bbox 956 5068 1104 5143; baseline 0.007 -19"><span class='ocrx_word' id='word_1_724' title='bbox 956 5068 1104 5143; x_wconf 57' lang='lat' dir='ltr'><strong>nrt]</strong></span> 
     </span>
    </p>
   </div>
   <div class='ocr_carea' id='block_1_100' title="bbox 1931 4600 3519 4682">
    <p class='ocr_par' dir='ltr' id='par_1_100' title="bbox 1931 4600 3519 4682">
     <span class='ocr_line' id='line_1_100' title="bbox 1931 4600 3519 4682; baseline -0.005 -19"><span class='ocrx_word' id='word_1_725' title='bbox 1931 4609 2224 4682; x_wconf 87' lang='lat' dir='ltr'><strong>gratiarum</strong></span> <span class='ocrx_word' id='word_1_726' title='bbox 2254 4609 2473 4664; x_wconf 89' lang='lat' dir='ltr'><strong>actione</strong></span> <span class='ocrx_word' id='word_1_727' title='bbox 2497 4615 2553 4663; x_wconf 91' lang='lat' dir='ltr'><strong>et</strong></span> <span class='ocrx_word' id='word_1_728' title='bbox 2591 4607 2872 4662; x_wconf 85' lang='lat' dir='ltr'><strong>moderate</strong></span> <span class='ocrx_word' id='word_1_729' title='bbox 2910 4606 3209 4659; x_wconf 88' lang='lat' dir='ltr'><strong>liberorum</strong></span> <span class='ocrx_word' id='word_1_730' title='bbox 3244 4600 3519 4656; x_wconf 85' lang='lat' dir='ltr'><strong>orbitates</strong></span> 
     </span>
    </p>
   </div>
   <div class='ocr_carea' id='block_1_101' title="bbox 1931 4699 3234 4772">
    <p class='ocr_par' dir='ltr' id='par_1_101' title="bbox 1931 4699 3234 4772">
     <span class='ocr_line' id='line_1_101' title="bbox 1931 4699 3234 4772; baseline -0.004 -16"><span class='ocrx_word' id='word_1_731' title='bbox 1931 4699 2130 4767; x_wconf 83' lang='lat' dir='ltr'><strong>ferant,</strong></span> <span class='ocrx_word' id='word_1_732' title='bbox 2164 4699 2470 4772; x_wconf 89' lang='lat' dir='ltr'><strong>divinisque</strong></span> <span class='ocrx_word' id='word_1_733' title='bbox 2497 4699 2743 4769; x_wconf 88' lang='lat' dir='ltr'><strong>imperiis</strong></span> <span class='ocrx_word' id='word_1_734' title='bbox 2772 4714 2881 4754; x_wconf 89' lang='lat' dir='ltr'><strong>non</strong></span> <span class='ocrx_word' id='word_1_735' title='bbox 2906 4703 3234 4769; x_wconf 87' lang='lat' dir='ltr'><strong>repugnent.</strong></span> 
     </span>
    </p>
   </div>
   <div class='ocr_carea' id='block_1_102' title="bbox 2038 5008 3337 5083">
    <p class='ocr_par' dir='ltr' id='par_1_102' title="bbox 2038 5008 3337 5083">
     <span class='ocr_line' id='line_1_102' title="bbox 2038 5008 3337 5083; baseline -0.008 -12"><span class='ocrx_word' id='word_1_736' title='bbox 2038 5016 2181 5070; x_wconf 77' lang='lat' dir='ltr'><strong>XIX.</strong></span> <span class='ocrx_word' id='word_1_737' title='bbox 2204 5045 2269 5055; x_wconf 91' lang='lat'><strong><em>—</em></strong></span> <span class='ocrx_word' id='word_1_738' title='bbox 2291 5013 2565 5070; x_wconf 83' lang='lat' dir='ltr'><strong>Communi</strong></span> <span class='ocrx_word' id='word_1_739' title='bbox 2619 5011 2800 5083; x_wconf 74' lang='lat' dir='ltr'><strong>populi</strong></span> <span class='ocrx_word' id='word_1_740' title='bbox 2829 5009 3246 5066; x_wconf 79' lang='lat' dir='ltr'><strong>Antisarchensis</strong></span> <span class='ocrx_word' id='word_1_741' title='bbox 3270 5008 3337 5061; x_wconf 85' lang='lat'><strong>&quot;.</strong></span> 
     </span>
    </p>
   </div>
   <div class='ocr_carea' id='block_1_103' title="bbox 1289 5188 2462 5256">
    <p class='ocr_par' dir='ltr' id='par_1_103' title="bbox 1289 5188 2462 5256">
     <span class='ocr_line' id='line_1_103' title="bbox 1289 5188 2462 5256; baseline 0.004 -17"><span class='ocrx_word' id='word_1_742' title='bbox 1289 5188 1368 5241; x_wconf 89' lang='lat' dir='ltr'><strong>De</strong></span> <span class='ocrx_word' id='word_1_743' title='bbox 1396 5190 1640 5241; x_wconf 79' lang='lat' dir='ltr'><strong>Marciano</strong></span> <span class='ocrx_word' id='word_1_744' title='bbox 1661 5196 1883 5254; x_wconf 85' lang='lat' dir='ltr'><strong>apostata</strong></span> <span class='ocrx_word' id='word_1_745' title='bbox 1902 5195 1987 5256; x_wconf 83' lang='lat' dir='ltr'><strong>qui</strong></span> <span class='ocrx_word' id='word_1_746' title='bbox 2000 5193 2059 5242; x_wconf 84' lang='lat' dir='ltr'><strong>ad</strong></span> <span class='ocrx_word' id='word_1_747' title='bbox 2078 5204 2166 5243; x_wconf 86' lang='lat' dir='ltr'><strong>eos</strong></span> <span class='ocrx_word' id='word_1_748' title='bbox 2180 5194 2462 5244; x_wconf 86' lang='lat' dir='ltr'><strong>dlverterat.</strong></span> 
     </span>
    </p>
   </div>
   <div class='ocr_carea' id='block_1_104' title="bbox 315 5290 1834 5371">
    <p class='ocr_par' dir='ltr' id='par_1_104' title="bbox 315 5290 1834 5371">
     <span class='ocr_line' id='line_1_104' title="bbox 315 5290 1834 5371; baseline 0.006 -27"><span class='ocrx_word' id='word_1_749' title='bbox 315 5290 629 5361; x_wconf 84' lang='grc' dir='ltr'>Γραμματα</span> <span class='ocrx_word' id='word_1_750' title='bbox 659 5293 959 5365; x_wconf 70' lang='grc' dir='ltr'>ἐδεξάμεθα</span> <span class='ocrx_word' id='word_1_751' title='bbox 994 5294 1149 5367; x_wconf 86' lang='grc' dir='ltr'><strong>παρά</strong></span> <span class='ocrx_word' id='word_1_752' title='bbox 1184 5298 1285 5367; x_wconf 81' lang='grc' dir='ltr'>τῆς</span> <span class='ocrx_word' id='word_1_753' title='bbox 1316 5298 1630 5371; x_wconf 85' lang='grc' dir='ltr'>τιμιότητος</span> <span class='ocrx_word' id='word_1_754' title='bbox 1677 5298 1834 5369; x_wconf 81' lang='grc' dir='ltr'>ὑμῶν</span> 
     </span>
    </p>
   </div>
   <div class='ocr_carea' id='block_1_105' title="bbox 241 5379 1831 5460">
    <p class='ocr_par' dir='ltr' id='par_1_105' title="bbox 241 5379 1831 5460">
     <span class='ocr_line' id='line_1_105' title="bbox 241 5379 1831 5460; baseline 0.004 -27"><span class='ocrx_word' id='word_1_755' title='bbox 241 5379 503 5450; x_wconf 74' lang='grc' dir='ltr'>περὶτοῦ</span> <span class='ocrx_word' id='word_1_756' title='bbox 543 5380 787 5453; x_wconf 88' lang='grc' dir='ltr'>μαθητοῦ</span> <span class='ocrx_word' id='word_1_757' title='bbox 821 5383 999 5455; x_wconf 81' lang='grc' dir='ltr'>ἡμῶν,</span> <span class='ocrx_word' id='word_1_758' title='bbox 1027 5384 1122 5438; x_wconf 84' lang='grc' dir='ltr'><strong>τοῦ</strong></span> <span class='ocrx_word' id='word_1_759' title='bbox 1173 5385 1340 5441; x_wconf 87' lang='grc' dir='ltr'>πάλαι</span> <span class='ocrx_word' id='word_1_760' title='bbox 1395 5387 1831 5460; x_wconf 81' lang='grc' dir='ltr'>ἀποδράσαντος,</span> 
     </span>
    </p>
   </div>
   <div class='ocr_carea' id='block_1_106' title="bbox 241 5473 1836 5550">
    <p class='ocr_par' dir='ltr' id='par_1_106' title="bbox 241 5473 1836 5550">
     <span class='ocr_line' id='line_1_106' title="bbox 241 5473 1836 5550; baseline 0.005 -25"><span class='ocrx_word' id='word_1_761' title='bbox 241 5474 347 5526; x_wconf 79' lang='grc' dir='ltr'>καὶ</span> <span class='ocrx_word' id='word_1_762' title='bbox 371 5473 433 5526; x_wconf 90' lang='grc' dir='ltr'><strong>ἐν</strong></span> <span class='ocrx_word' id='word_1_763' title='bbox 463 5475 576 5538; x_wconf 73' lang='grc' dir='ltr'>τοῖς</span> <span class='ocrx_word' id='word_1_764' title='bbox 605 5475 812 5540; x_wconf 85' lang='grc' dir='ltr'>αὐτόθι,</span> <span class='ocrx_word' id='word_1_765' title='bbox 841 5477 942 5530; x_wconf 80' lang='grc' dir='ltr'>οὐκ</span> <span class='ocrx_word' id='word_1_766' title='bbox 967 5475 1251 5544; x_wconf 77' lang='grc' dir='ltr'>οἶδ’ὄπως,</span> <span class='ocrx_word' id='word_1_767' title='bbox 1272 5476 1483 5550; x_wconf 76' lang='grc' dir='ltr'>ἀμαθίᾳ</span> <span class='ocrx_word' id='word_1_768' title='bbox 1513 5480 1606 5533; x_wconf 78' lang='grc' dir='ltr'>καὶ</span> <span class='ocrx_word' id='word_1_769' title='bbox 1623 5479 1836 5533; x_wconf 84' lang='grc' dir='ltr'>ἀνοσιό-</span> 
     </span>
    </p>
   </div>
   <div class='ocr_carea' id='block_1_107' title="bbox 245 5567 1834 5645">
    <p class='ocr_par' dir='ltr' id='par_1_107' title="bbox 245 5567 1834 5645">
     <span class='ocr_line' id='line_1_107' title="bbox 245 5567 1834 5645; baseline 0.006 -27"><span class='ocrx_word' id='word_1_770' title='bbox 245 5582 379 5635; x_wconf 81' lang='grc' dir='ltr'>τητι</span> <span class='ocrx_word' id='word_1_771' title='bbox 418 5567 867 5639; x_wconf 82' lang='grc' dir='ltr'>προσδεχθέντος,</span> <span class='ocrx_word' id='word_1_772' title='bbox 899 5570 996 5624; x_wconf 79' lang='grc' dir='ltr'>καὶ</span> <span class='ocrx_word' id='word_1_773' title='bbox 1043 5572 1103 5626; x_wconf 89' lang='grc' dir='ltr'><strong>ἐν</strong></span> <span class='ocrx_word' id='word_1_774' title='bbox 1144 5572 1226 5624; x_wconf 78' lang='grc' dir='ltr'>ἐνὶ</span> <span class='ocrx_word' id='word_1_775' title='bbox 1263 5571 1446 5642; x_wconf 79' lang='grc' dir='ltr'>ἄντρῳ</span> <span class='ocrx_word' id='word_1_776' title='bbox 1495 5573 1618 5627; x_wconf 80' lang='grc' dir='ltr'>οὐνὶ</span> <span class='ocrx_word' id='word_1_777' title='bbox 1670 5589 1834 5645; x_wconf 76' lang='grc' dir='ltr'>μοναο</span> 
     </span>
    </p>
   </div>
   <div class='ocr_carea' id='block_1_108' title="bbox 335 5723 1621 5793">
    <p class='ocr_par' dir='ltr' id='par_1_108' title="bbox 335 5723 1621 5793">
     <span class='ocr_line' id='line_1_108' title="bbox 335 5723 1621 5793; baseline 0.002 -15"><span class='ocrx_word' id='word_1_778' title='bbox 335 5723 383 5755; x_wconf 79' lang='grc'><strong>³⁸</strong></span> <span class='ocrx_word' id='word_1_779' title='bbox 421 5723 563 5779; x_wconf 85' lang='lat' dir='ltr'><strong>Psal.</strong></span> <span class='ocrx_word' id='word_1_780' title='bbox 598 5740 853 5793; x_wconf 73' lang='lat' dir='ltr'><strong>tnxvnt,</strong></span> <span class='ocrx_word' id='word_1_781' title='bbox 885 5728 973 5785; x_wconf 71' lang='lat'><strong>49.</strong></span> <span class='ocrx_word' id='word_1_782' title='bbox 1052 5729 1096 5761; x_wconf 82' lang='lat'>&quot;</span> <span class='ocrx_word' id='word_1_783' title='bbox 1136 5726 1198 5783; x_wconf 83' lang='lat' dir='ltr'><strong>F.</strong></span> <span class='ocrx_word' id='word_1_784' title='bbox 1238 5728 1621 5784; x_wconf 23' lang='lat' dir='ltr'><strong>Antisarentit.</strong></span> 
     </span>
    </p>
   </div>
   <div class='ocr_carea' id='block_1_109' title="bbox 2008 5293 3519 5371">
    <p class='ocr_par' dir='ltr' id='par_1_109' title="bbox 2008 5293 3519 5371">
     <span class='ocr_line' id='line_1_109' title="bbox 2008 5293 3519 5371; baseline -0.005 -15"><span class='ocrx_word' id='word_1_785' title='bbox 2008 5301 2241 5357; x_wconf 86' lang='lat' dir='ltr'><strong>Litteras</strong></span> <span class='ocrx_word' id='word_1_786' title='bbox 2271 5301 2637 5357; x_wconf 86' lang='lat' dir='ltr'><strong>venerationis</strong></span> <span class='ocrx_word' id='word_1_787' title='bbox 2669 5310 2863 5357; x_wconf 72' lang='lat' dir='ltr'><strong>vestrm</strong></span> <span class='ocrx_word' id='word_1_788' title='bbox 2892 5300 3202 5371; x_wconf 87' lang='lat' dir='ltr'><strong>accepimus</strong></span> <span class='ocrx_word' id='word_1_789' title='bbox 3250 5297 3319 5352; x_wconf 91' lang='lat' dir='ltr'><strong>de</strong></span> <span class='ocrx_word' id='word_1_790' title='bbox 3350 5293 3519 5350; x_wconf 78' lang='lat' dir='ltr'><strong>disci-</strong></span> 
     </span>
    </p>
   </div>
   <div class='ocr_carea' id='block_1_110' title="bbox 1934 5384 3520 5467">
    <p class='ocr_par' dir='ltr' id='par_1_110' title="bbox 1934 5384 3520 5467">
     <span class='ocr_line' id='line_1_110' title="bbox 1934 5384 3520 5467; baseline -0.006 -18"><span class='ocrx_word' id='word_1_791' title='bbox 1934 5394 2065 5464; x_wconf 90' lang='lat' dir='ltr'><strong>pulo</strong></span> <span class='ocrx_word' id='word_1_792' title='bbox 2098 5402 2307 5459; x_wconf 90' lang='lat' dir='ltr'><strong>nostro,</strong></span> <span class='ocrx_word' id='word_1_793' title='bbox 2345 5394 2438 5465; x_wconf 90' lang='lat' dir='ltr'><strong>qni</strong></span> <span class='ocrx_word' id='word_1_794' title='bbox 2477 5396 2747 5467; x_wconf 87' lang='lat' dir='ltr'><strong>quondam</strong></span> <span class='ocrx_word' id='word_1_795' title='bbox 2781 5392 3010 5465; x_wconf 83' lang='lat' dir='ltr'><strong>aufugit,</strong></span> <span class='ocrx_word' id='word_1_796' title='bbox 3056 5402 3110 5446; x_wconf 92' lang='lat' dir='ltr'><strong>et</strong></span> <span class='ocrx_word' id='word_1_797' title='bbox 3137 5391 3192 5445; x_wconf 91' lang='lat' dir='ltr'><strong>in</strong></span> <span class='ocrx_word' id='word_1_798' title='bbox 3225 5388 3344 5442; x_wconf 78' lang='lat' dir='ltr'><strong>istis</strong></span> <span class='ocrx_word' id='word_1_799' title='bbox 3386 5384 3520 5451; x_wconf 81' lang='lat' dir='ltr'><strong>oris,</strong></span> 
     </span>
    </p>
   </div>
   <div class='ocr_carea' id='block_1_111' title="bbox 1936 5479 3523 5558">
    <p class='ocr_par' dir='ltr' id='par_1_111' title="bbox 1936 5479 3523 5558">
     <span class='ocr_line' id='line_1_111' title="bbox 1936 5479 3523 5558; baseline -0.006 -20"><span class='ocrx_word' id='word_1_800' title='bbox 1936 5486 2127 5541; x_wconf 86' lang='lat' dir='ltr'><strong>nescio</strong></span> <span class='ocrx_word' id='word_1_801' title='bbox 2158 5502 2267 5556; x_wconf 86' lang='lat' dir='ltr'><strong>quo</strong></span> <span class='ocrx_word' id='word_1_802' title='bbox 2297 5497 2458 5558; x_wconf 86' lang='lat' dir='ltr'><strong>pacto</strong></span> <span class='ocrx_word' id='word_1_803' title='bbox 2486 5529 2503 5554; x_wconf 89' lang='lat'><strong>,</strong></span> <span class='ocrx_word' id='word_1_804' title='bbox 2543 5503 2641 5558; x_wconf 91' lang='lat' dir='ltr'><strong>per</strong></span> <span class='ocrx_word' id='word_1_805' title='bbox 2687 5486 3016 5557; x_wconf 86' lang='lat' dir='ltr'><strong>imperitiam</strong></span> <span class='ocrx_word' id='word_1_806' title='bbox 3050 5492 3105 5537; x_wconf 85' lang='lat' dir='ltr'><strong>et</strong></span> <span class='ocrx_word' id='word_1_807' title='bbox 3145 5479 3300 5534; x_wconf 89' lang='lat' dir='ltr'><strong>nefas</strong></span> <span class='ocrx_word' id='word_1_808' title='bbox 3362 5490 3523 5530; x_wconf 83' lang='lat' dir='ltr'><strong>rece-</strong></span> 
     </span>
    </p>
   </div>
   <div class='ocr_carea' id='block_1_112' title="bbox 1936 5565 3522 5652">
    <p class='ocr_par' dir='ltr' id='par_1_112' title="bbox 1936 5565 3522 5652">
     <span class='ocr_line' id='line_1_112' title="bbox 1936 5565 3522 5652; baseline -0.005 -20"><span class='ocrx_word' id='word_1_809' title='bbox 1936 5584 2083 5646; x_wconf 84' lang='lat' dir='ltr'><strong>ptus,</strong></span> <span class='ocrx_word' id='word_1_810' title='bbox 2116 5578 2171 5634; x_wconf 91' lang='lat' dir='ltr'><strong>in</strong></span> <span class='ocrx_word' id='word_1_811' title='bbox 2195 5586 2353 5652; x_wconf 85' lang='lat' dir='ltr'><strong>antro</strong></span> <span class='ocrx_word' id='word_1_812' title='bbox 2372 5578 2627 5650; x_wconf 87' lang='lat' dir='ltr'><strong>quodam,</strong></span> <span class='ocrx_word' id='word_1_813' title='bbox 2652 5593 2761 5634; x_wconf 90' lang='lat' dir='ltr'><strong>non</strong></span> <span class='ocrx_word' id='word_1_814' title='bbox 2801 5574 3212 5639; x_wconf 87' lang='lat' dir='ltr'><strong>monasterium,</strong></span> <span class='ocrx_word' id='word_1_815' title='bbox 3238 5569 3331 5625; x_wconf 87' lang='lat' dir='ltr'><strong>sed</strong></span> <span class='ocrx_word' id='word_1_816' title='bbox 3358 5565 3522 5624; x_wconf 87' lang='lat' dir='ltr'><strong>vitio-</strong></span> 
     </span>
    </p>
   </div>
  </div>
