4044 6366
562 280 668 346 967
1754 289 1812 349 S.
1843 289 2236 353 THEODORI
2266 292 2615 358 STUDlT/E
3741 303 3847 368 968

560 414 684 455 rum
723 397 1038 470 speluncam
1078 398 1368 466 exstruxit,
1404 408 1463 454 ut
1493 399 1641 457 hunc
1672 401 1954 457 absolvere
2007 401 2146 458 veli-

2263 404 2492 477 ηήριον,
2513 409 2653 464 ἀλλά
2689 410 2984 483 λῃστήριον
3035 411 3226 467 παθῶν
3267 413 3730 487 ἀναδειμαμένου⁸
3757 419 3847 474 ἵνα

561 507 706 547 unus.
736 489 804 546 Et
827 490 1012 557 brevis
1036 499 1122 547 est
1143 493 1448 562 responsio.
1500 492 1805 548 Marcianus
1837 493 2142 564 discipulus

562 594 772 652 noster,
809 585 984 642 donec
1008 586 1079 642 ad
1121 585 1511 642 monasterium
1533 600 1694 640 suum
1729 585 1936 653 redeat,
1959 587 2016 641 in
2048 601 2158 658 quo

564 677 992 734 renuntiationis
1037 693 1150 734 suae
1205 687 1360 748 pacta
1396 678 1506 733 Deo
1533 686 1674 733 teste
1701 677 1924 749 pepigit,
1963 677 2159 750 ligatus

564 771 960 841 damnatumque
989 770 1249 835 manebit,
1290 777 1346 824 et
1374 769 1796 835 communione,
1821 770 1976 840 juxta
2017 769 2160 825 divi-

562 877 668 919 nos
685 877 823 934 quos
841 863 1334 932 scripsitcanones,
1354 861 1628 932 indignus.
1644 861 1764 916 Non
1787 861 1932 917 enim
1952 877 1983 916 a
1999 861 2159 918 nobis

566 956 833 1010 intentata
847 965 932 1010 est
954 953 1324 1015 comminatio,
1347 953 1444 1008 sed
1465 969 1496 1007 a
1523 951 1778 1010 Patribus
1821 952 1913 1008 Dei
1949 952 2157 1022 Spiritu

563 1049 780 1106 alllatis.
799 1049 968 1118 Hujus
991 1061 1122 1119 ergo
1143 1045 1373 1102 salutem
1395 1045 1440 1101 si
1462 1046 1678 1112 amatis,
1695 1045 1989 1102 hortamini
2014 1053 2075 1100 ut
2089 1045 2156 1100 ad

564 1157 661 1196 sua
685 1141 887 1195 redeat.
910 1137 1081 1204 Quem
1103 1152 1206 1192 nos
1225 1136 1549 1207 poenitentia
1571 1137 1816 1202 ductum,
1847 1150 2160 1190 reversum-

563 1245 672 1299 que
691 1225 936 1299 paternis
983 1226 1286 1280 visceribus
1313 1225 1565 1294 excipere
1589 1224 1762 1295 parati
1791 1239 2002 1289 sumus,
2036 1239 2158 1279 om-

563 1322 826 1390 niumque
853 1327 1158 1373 erratorum
1176 1317 1392 1372 veniam
1418 1315 1493 1370 illi
1508 1316 1658 1370 dare.
1677 1315 2150 1382 Quemadmodum

563 1413 710 1471 enim
745 1411 860 1468 fieri
878 1427 987 1466 non
1007 1419 1206 1480 potest,
1235 1409 1366 1479 quin
1389 1409 1509 1464 ovis
1536 1423 1566 1463 a
1587 1407 1815 1464 mandra
1843 1423 1943 1464 sua
1969 1408 2157 1463 avulsa

563 1514 621 1561 et
643 1504 903 1558 aberrans
923 1501 1159 1556 ferarum
1194 1501 1390 1572 praedae
1410 1499 1754 1570 subjiciatur,
1809 1500 1891 1556 sic
1921 1516 1951 1555 a
1972 1514 2160 1555 mona-

564 1597 736 1652 sterio
761 1594 970 1649 nefarie
1014 1594 1322 1665 digressum
1346 1609 1440 1648 sua
1465 1601 1680 1664 sponte,
1694 1601 1751 1648 et
1776 1592 1834 1647 in
1853 1593 1974 1648 loco
1994 1607 2156 1663 quem

565 1687 832 1742 Dominus
875 1703 986 1742 non
1013 1687 1207 1757 aspicit
1235 1686 1585 1749 residentem,
1613 1700 1644 1740 a
1666 1684 2006 1740 daemonibus
2032 1684 2152 1754 capi

565 1795 792 1836 necesse
817 1791 922 1835 est.
955 1779 1104 1836 Illius
1125 1795 1255 1852 ergo
1288 1779 1421 1836 cella
1454 1779 1764 1834 daemonum
1793 1788 1880 1834 est
1921 1778 2150 1844 latebra,
2186 1764 2228 1819 Β

566 1871 813 1938 decipula
839 1870 1168 1932 animarum.
1196 1871 1383 1926 schola
1404 1869 1714 1934 mulierum,
1737 1869 1918 1926 omnis
1959 1869 2154 1939 nequi-

566 1964 658 2018 tiae
693 1963 904 2020 oﬂicina
936 1981 949 2018 :
979 1963 1316 2034 quibuslibet
1349 1962 1532 2017 verbis
1559 1962 1827 2027 modisve.
1861 1969 1955 2017 aut
2006 1961 2148 2032 ipse,

567 2065 666 2111 aut
693 2072 812 2120 vos,
868 2072 990 2127 qua:
1039 2056 1184 2112 dicta
1235 2063 1402 2121 sunt,
1442 2054 1787 2110 dissimulare
1855 2053 2148 2110 conemini.

567 2148 748 2215 Quare
778 2149 821 2203 si
841 2149 1182 2219 obtemperet
1202 2157 1257 2202 et
1285 2146 1694 2216 obtemperetis,
1727 2146 1985 2216 praaclare
2025 2161 2150 2202 cum

567 2241 815 2311 utrisque
853 2247 1064 2311 agetur.
1109 2247 1170 2293 ut
1201 2239 1438 2294 divinam
1475 2237 1904 2310 indignationem
1958 2237 2162 2292 minas-

569 2346 676 2400 que
721 2330 966 2386 evadatis
999 2346 1014 2382 :
1044 2329 1126 2384 sin
1181 2329 1363 2383 minus
1389 2370 1404 2392 ,
1441 2327 1762 2398 pervicacite-
1807 2337 2002 2384 vestra:
2048 2327 2164 2382 fru-

568 2431 691 2476 ctus
709 2421 778 2476 ob
796 2422 986 2476 oculos
1010 2421 1268 2475 cernetis.
1295 2419 1622 2475 Benedictus
1650 2429 1832 2475 autem
1866 2435 1898 2474 a
1929 2419 2162 2474 Domino

568 2513 948 2568 sanctissimus
981 2512 1295 2583 episcopus,
1330 2511 1423 2582 qui
1457 2510 1606 2582 leges
1635 2510 1914 2573 observat,
1945 2517 2002 2565 et
2049 2509 2157 2564 im-

569 2607 721 2678 pium
758 2607 948 2678 procul
979 2613 1148 2660 arcet.
1204 2604 1388 2674 Neque
1447 2603 1593 2658 enim
1643 2602 1992 2658 ordinatione
2049 2601 2158 2656 ullo

568 2700 732 2754 modo
764 2699 960 2769 dignus
992 2705 1096 2764 est,
1135 2695 1386 2767 quamvis
1418 2695 1527 2750 huc
1555 2702 1886 2749 revertatur.
1921 2693 2158 2764 Perspe-

570 2800 654 2845 cta
692 2789 839 2844 enim
865 2788 998 2844 mihi
1031 2787 1151 2855 ejus
1179 2796 1308 2842 sunt
1347 2785 1551 2850 omnia,
1601 2800 1768 2856 supra
1815 2797 1978 2855 quam
2027 2781 2156 2854 ipsi,

570 2890 633 2935 ut
672 2880 766 2951 qui
809 2879 928 2949 ejus
961 2887 1116 2948 pater
1140 2877 1359 2933 fuerim.

2257 495 2452 553 τοῦτον
2483 497 2691 562 λύσεως
2732 501 3076 574 ἀξιώσωμεν.
3108 505 3220 559 Καὶ
3248 505 3515 578 σύντομος
3545 509 3580 580 ή
3615 509 3849 580 ἀπόκρι-

2260 605 2368 653 σις.
2405 591 2725 664 Μαρκιανὸς
2756 594 2785 647 ό
2817 593 3068 666 μαθητὴς
3100 597 3260 667 ἡμῶν
3290 597 3398 662 ἕως
3425 599 3494 654 ἂν
3522 601 3848 674 ὑποστρέψῃ

2259 681 2318 736 ἐν
2347 681 2427 752 τῷ
2458 683 2648 756 οῑκείῳ
2683 687 3055 758 μοναστηρίῳ,
3095 689 3154 743 ἐν
3179 684 3224 758 ᾧ
3255 689 3356 754 τάς
3384 694 3663 763 συνθήκας
3694 692 3847 746 ἔθετο

2258 771 2368 826 ὑπὸ
2410 774 2650 846 μάρτυρι
2691 775 2811 848 Θεῷ
2839 778 2938 848 τῆς
2966 779 3250 850 ἀποταγῆς
3279 781 3469 846 αὑτοῦ,
3517 783 3673 838 ἐσται
3701 783 3847 836 δεδε-

2261 863 2424 934 μένος
2472 864 2565 920 καὶ
2613 869 3088 940 κατακεκριμένος
3135 870 3230 923 καὶ
3271 870 3491 938 ἀνάξιος
3519 873 3622 942 τῆς
3650 889 3846 927 κοινωο

2257 955 2398 1024 νίας,
2431 957 2554 1012 καθ’
2592 955 2689 1023 οὓς
2725 958 2935 1032 ἔγραψε
2985 960 3403 1028 θεοκελεύστους
3457 964 3720 1026 κανόνας.
3771 966 3846 1020 ﬂii

2257 1047 2366 1120 γὰρ
2415 1048 2477 1114 ἐξ
2515 1050 2675 1122 ἡμῶν
2726 1053 2760 1124 ἡ
2819 1053 3187 1126 ἀπηρτημένῃ
3217 1054 3442 1126 ἀπειλὴ.
3470 1055 3590 1110 ἀλλ’
3632 1059 3700 1110 ἐκ
3733 1056 3848 1110 θεο-

2256 1140 2539 1196 πνεύστων
2585 1142 2866 1214 Πατέρων.
2921 1144 3126 1199 Τοῦτον
3172 1147 3354 1201 τοίνυν
3399 1149 3558 1219 εῖπερ
3592 1150 3846 1216 ἀγαπᾶτε

2258 1231 2552 1298 σώζεσθαι.
2567 1235 2930 1306 νουθετήσατε
2953 1236 3428 1310 ἀνθυπονοστῆσαι
3450 1241 3533 1304 είς
3552 1240 3624 1294 τὰ
3646 1243 3843 1296 οἰκεῖα.

2263 1327 2362 1379 'Ov
2390 1327 2556 1398 ἡμεῖς
2583 1329 3047 1401 μεταμελόμενον,
3072 1331 3170 1386 καὶ
3195 1331 3630 1405 ὑποστρέφοντα,
3650 1353 3847 1406 πατρι-

2256 1421 2376 1483 κοῖς
2417 1419 2745 1492 σπλάγχνοις
2790 1421 3000 1493 ἕτοιμοί
3051 1423 3222 1494 ἐσμεν
3283 1423 3648 1488 ὑποδέξασθαι
3675 1466 3692 1488 ,
3750 1427 3845 1479 καὶ

2258 1509 2613 1582 συγχωρῆσαι
2647 1511 2824 1566 πάντα
2857 1512 2929 1567 τά
2978 1514 3346 1586 ἡμαρτημένα
3375 1514 3546 1586 αὐτῷ.
3597 1515 3690 1579 Ὠς
3737 1515 3846 1587 γὰρ

2255 1602 2355 1656 οὑκ
2377 1601 2492 1656 ἐστι
2525 1602 2800 1674 πρόϐατον
2825 1605 2891 1658 ἐκ
2911 1607 3010 1676 τῆς
3036 1605 3174 1670 ἰδίας
3196 1605 3440 1677 μάνδρας
3461 1607 3844 1661 ἀποσπασθὲν.

2257 1693 2352 1746 καὶ
2401 1692 2812 1764 ἀποπλαηθέν,
2859 1695 2936 1766 μὴ
2989 1695 3328 1767 θηριάλωτον
3358 1695 3639 1766 γενέσθαιο
3665 1697 3844 1763 οὕτως

2257 1788 2350 1842 τὸν
2379 1788 2486 1842 ἀπὸ
2517 1789 2887 1861 μοναστηρίου
2938 1789 3294 1862 ἐξερχόμενον
3326 1792 3549 1863 ἀνόμως
3574 1793 3635 1845 ἐν
3663 1792 3746 1861 τῷ
3775 1795 3847 1847 οῑο

2258 1881 2393 1952 κείῳ
2417 1881 2682 1952 θελήματι
2722 1881 2818 1936 καὶ
2853 1881 2912 1935 ὲν
2951 1881 3108 1954 τύπῳ
3128 1877 3190 1938 οὗ
3221 1885 3320 1938 οὑκ
3343 1885 3640 1939 ἐπισκοπεῖ
3662 1886 3693 1940 ό
3737 1885 3847 1939 K6—

2262 1992 2373 2048 pto;
2401 1974 2788 2045 καθεζόμενον,
2817 1973 2893 2045 μὴ
2928 1974 3036 2028 ὑπὸ
3081 1973 3351 2044 δαιμόνων
3381 1977 3609 2032 ἁλῶναι.
3651 1977 3730 2029 Τὸ
3757 1972 3848 2031 οὖν

2259 2065 2469 2120 κελλίον
2497 2063 2689 2129 αὑτοῦ,
2735 2063 2942 2133 φωλεός
2981 2065 3099 2119 ἐστι
3129 2064 3424 2137 δαιμόνων,
3456 2067 3844 2137 ἀγρευτὴριον,

2257 2156 2468 2228 ψυχῶν,
2501 2155 2892 2228 παιδευτήριον
2918 2155 3220 2221 γυναικῶν,
3253 2157 3437 2228 πάσης
3482 2157 3720 2228 ἀνομίας
3759 2158 3848 2226 ὲρ-

2257 2249 2574 2321 γαστήριον·
2605 2251 2710 2304 κᾶν
2740 2248 2948 2312 ὁποίοις
2977 2247 3044 2302 ἂν
3075 2247 3259 2318 λόγοις
3287 2249 3384 2303 καὶ
3411 2250 3661 2319 τρόποις,
3687 2248 3724 2320 ἢ
3757 2249 3848 2302 αὖ·

2255 2342 2350 2406 τὸς
2395 2341 2428 2415 ἢ
2484 2340 2642 2411 ὑμεῖς
2698 2338 3009 2410 μεθοδεύειν
3039 2339 3308 2411 πειρᾶσθε
3343 2339 3415 2392 τά
3451 2338 3750 2410 λεγόμενα.
3791 2339 3846 2391 Et

2255 2431 2353 2487 οὖν
2382 2430 2650 2486 ὑπακούει
2693 2429 2788 2484 καὶ
2835 2427 3164 2493 ὑπακούετε,
3193 2423 3252 2483 εὖ
3285 2427 3352 2482 ἂν
3378 2427 3492 2500 ἔχοι
3518 2427 3846 2498 ἀμφοτέροις

2264 2523 2495 2596 φυγοῦσι
2529 2521 2627 2588 τὰς
2656 2521 2810 2584 θείας
2854 2519 3028 2592 όργάς
3082 2519 3182 2574 καὶ
3209 2519 3458 2584 ἀπειλάς
3491 2521 3540 2571 εί
3562 2517 3622 2570 δὲ
3650 2518 3728 2589 μή
3766 2534 3844 2585 γε,

2265 2615 2462 2690 ὄψεσθε
2492 2614 2752 2669 ἀπέναντι
2784 2613 2894 2666 τῶν
2917 2611 3223 2683 ὀφθαλμῶν
3247 2613 3401 2683 ὑμῶν
3427 2615 3554 2677 τοὺς
3580 2615 3682 2684 τῆς
3709 2628 3846 2680 παρ·

2263 2709 2436 2779 ακοῆς
2482 2705 2638 2778 ὑμῶν
2691 2703 2960 2776 καρπούς.
3000 2703 3061 2757 '0
3093 2705 3152 2758 δέ
3192 2703 3493 2772 ἀγιώτατος
3551 2703 3847 2764 ἐπίσκοπος

2267 2797 2633 2869 εὐλογημένος
2660 2797 2810 2849 ἐστὶν
2863 2793 2969 2849 ὑπὸ
2997 2793 3230 2866 Κυρίου,
3261 2791 3444 2866 τηρῶν
3473 2793 3601 2856 τοὺς
3629 2792 3844 2862 νόμους,

2270 2891 2365 2945 καὶ
2391 2890 2482 2943 τὸν
2513 2889 2728 2945 ἀνόσιον
2754 2887 2944 2961 πόρρω
2977 2906 3080 2942 που
3100 2887 3332 2941 διώκων.
3366 2885 3440 2940 Ού
3464 2883 3574 2957 γὰρ
3613 2901 3846 2956 χειροτο-

576 2997 697 3060 νίας
721 2994 871 3060 aeto;
897 2993 960 3048 τὸ
989 2992 1246 3058 καθόλου,
1273 2993 1380 3048 κᾶν
1409 2990 1646 3047 ἐνταῦθα
1670 2985 2008 3062 ὑποστρέψῃ.
2034 2981 2166 3042 Οἶδα
2200 2987 2309 3056 γὰρ
2337 2985 2425 3040 τά·
2469 2983 2636 3038 αὑτοῦ
2699 2983 2838 3055 ὑπὲρ
2881 2984 3091 3037 ἐκεῖνον
3121 2980 3308 3048 αὑτὸν,
3340 2980 3527 3052 πατὴρ
3561 2977 3728 3034 αὑτοῦ
3759 2995 3847 3049 γε·

571 3091 768 3156 γονώς.

885 3200 1005 3256 XX.
1027 3230 1098 3268 -—,-
1119 3199 1385 3270 Pinuplu'o
1416 3205 1468 3257 et
1514 3196 1660 3252 Mari
1685 3196 1838 3267 ﬁliis.

2363 3187 2448 3243 κ’.
2481 3187 2876 3256 -Πινουερίφ
2907 3187 3008 3241 καὶ
3039 3183 3212 3255 Μὰρῃ
3241 3182 3499 3249 τέκνοις.
3536 3177 3697 3254 [λη¹.]

1621 3314 1687 3365 Ut
1707 3314 1922 3366 redeant
1939 3312 2001 3363 ad
2027 3302 2383 3361 monasterium
2403 3305 2538 3354 unde
2558 3303 2872 3366 aufugerant.

646 3427 946 3488 Consilium
981 3436 1100 3483 erat
1144 3426 1211 3480 ad
1265 3439 1364 3481 vos
1411 3438 1525 3479 non
1561 3425 1830 3491 scribere,
1873 3429 2162 3495 propterea

2335 3417 2452 3472 Οὑκ
2471 3415 2773 3485 ἐϐουλόμην
2805 3414 2936 3484 ὑμῖν
2965 3409 3292 3477 ἐπιστεῖλαι,
3321 3409 3412 3465 διὰ
3443 3410 3504 3464 τὸ
3531 3410 3602 3464 τά
3625 3411 3846 3482 δεύτερα

572 3525 718 3598 quod
750 3522 1006 3579 secundae
1052 3521 1250 3575 litteras
1301 3525 1497 3574 vestrae
1553 3531 1677 3572 cum
1724 3516 2000 3587 prioribus
2051 3528 2162 3569 non

575 3616 1010 3675 consentiebant.
1045 3613 1262 3668 Priorcs
1281 3610 1503 3681 quidem
1540 3608 1844 3664 celerrimae
1885 3607 2162 3678 paeniten-

578 3710 669 3766 tiae
741 3709 1060 3777 reditusque
1107 3705 1176 3760 ab
1211 3719 1314 3758 nos
1356 3701 1710 3774 sponsionem
1769 3698 2164 3762 continebant;

575 3799 917 3870 posteriores
959 3811 1092 3852 vero
1148 3795 1393 3850 abnuere
1435 3807 1534 3848 vos
1582 3799 1640 3847 et
1671 3804 1929 3846 recusare
1977 3797 2168 3844 osten-

575 3889 736 3945 dunt.
794 3889 975 3957 Atque
1031 3887 1136 3941 hoc
1195 3894 1252 3940 et
1295 3883 1426 3939 illud
1484 3883 1765 3939 causando
1823 3877 2164 3952 praetexitis.

575 3997 682 4038 nec
737 3979 920 4052 potius
971 3992 1216 4034 errorem
1265 3985 1512 4033 vestrum
1560 3973 1808 4030 veritatis
1867 3971 2050 4028 studio
2087 3969 2168 4025 fa-

577 4071 790 4138 temini,
852 4071 1047 4126 ﬂentes
1088 4083 1153 4125 ac
1197 4068 1448 4124 dolentes
1502 4068 1574 4124 ob
1615 4081 1679 4122 ea
1709 4079 1832 4137 quae
1876 4076 2165 4135 perperam

577 4161 946 4220 commisistis.
972 4159 1029 4216 Si
1056 4173 1188 4230 ergo
1213 4171 1312 4212 vos
1334 4156 1585 4230 pcenitet,
1616 4156 1928 4226 residetque
1975 4155 2028 4209 in
2067 4169 2168 4210 vo-

577 4257 662 4312 bis
691 4253 924 4310 scintilla
985 4249 1198 4306 timoris
1226 4248 1344 4315 Dei,
1391 4248 1641 4304 excitans
1676 4247 1843 4302 corda
1893 4253 2074 4301 vestra
2097 4244 2166 4301 ad

580 4346 974 4416 promissiones
1002 4349 1058 4398 et
1101 4350 1282 4412 pacta.
1327 4355 1448 4411 qua:
1486 4339 1595 4394 Deo
1627 4338 1896 4406 nobisque
1945 4337 2013 4391 ad
2052 4344 2168 4391 tre-

581 4437 838 4492 mendum
867 4436 987 4506 ejus
1014 4432 1276 4498 tribunal,
1311 4433 1544 4487 testibus
1597 4428 1807 4501 angelis
1829 4436 1885 4483 et
1906 4425 2169 4482 fratribus

581 4527 874 4586 universis.
908 4524 1051 4596 pacti
1081 4523 1237 4587 estis,
1289 4523 1430 4578 bene
1457 4521 1620 4577 habet
1655 4538 1669 4572 :
1700 4535 1884 4590 neque
1925 4519 2034 4573 huc
2074 4527 2170 4573 aut

580 4621 710 4675 illuc
733 4617 1082 4689 respexeritis
1113 4633 1128 4682 ;
1159 4615 1256 4673 sed
1314 4613 1566 4686 protinus
1599 4612 1832 4682 abrupto
1877 4610 2022 4682 quod
2059 4609 2171 4665 dte-

2257 3511 2566 3582 γράμματα
2612 3507 2769 3578 ὑμῶν
2818 3508 2891 3577 μὴ
2924 3508 3238 3577 συμφωνεῖν
3265 3505 3381 3568 τοῖς
3433 3506 3742 3575 προτέροις.
3773 3504 3848 3557 Τὰ

2262 3601 2362 3670 μὲν
2406 3601 2651 3671 πρότερα
2703 3597 3044 3666 ἐπαγγελίαν
3067 3592 3211 3667 εἶχεν
3249 3594 3515 3665 ταχίστης
3571 3594 3847 3665 μεταγνώ-

2261 3709 2400 3756 σεως
2438 3693 2534 3746 καὶ
2583 3690 2852 3752 ἐλεύσεως
2893 3689 3032 3763 πρὸς
3063 3689 3235 3760 ἡμᾶς’
3263 3687 3334 3741 τὰ
3360 3687 3417 3740 δέ
3442 3686 3700 3758 δεύτερα,
3725 3687 3844 3740 ἀνά-

2261 3783 2562 3840 νευσινκαὶ
2589 3782 2928 3855 ἀνατροπὴν.
2956 3781 3068 3834 Καὶ
3098 3782 3181 3834 ὃτι
3206 3778 3666 3850 ἐπαφορμίζεσθε
3698 3779 3848 3834 τοῦτο

2263 3877 2360 3932 καὶ
2387 3879 2566 3930 ἐκεῖνο
2592 3891 2608 3907 ·
2645 3876 2740 3930 καὶ⁵
2763 3873 2886 3946 οὐχὶ
2943 3873 3143 3946 μᾶλλον
3176 3875 3235 3948 ἐγ
3265 3873 3498 3944 ἀληθείᾳ
3538 3873 3848 3942 ὁμολογεῖτε

2261 3966 2322 4022 τὸ
2370 3969 2616 4035 πταῖσμα
2647 3964 2826 4034 ὑμῶν,
2873 3963 3202 4036 θρηνοῦντες
3251 3964 3346 4018 καὶ
3383 3964 3843 4034 μεταμελόμενοι,

2264 4061 2353 4129 ἐφ’
2389 4053 2470 4123 οἷς
2509 4057 2696 4122 κακῶς
2731 4058 3076 4128 πεπράχατε.
3128 4057 3192 4110 Εἰ
3238 4050 3334 4110 οὖν
3390 4056 3726 4126 μετανοεῖτε,
3759 4053 3850 4108 καὶ

2264 4151 2415 4205 ἐστιν
2466 4153 2523 4204 ἐν
2577 4149 2708 4220 ὑμῖν
2762 4148 2996 4219 σπινθὴρ
3041 4149 3208 4218 φόϐου
3245 4146 3406 4212 Θεοῦ,
3435 4147 3722 4202 ἀνακαίων
3754 4146 3848 4209 τὰς

2264 4243 2492 4313 καρδίας
2526 4241 2680 4313 ὑμῶν
2712 4243 2794 4306 είς
2838 4239 2904 4305 ἃς
2933 4241 3204 4295 δεδώκατε
3255 4239 3549 4312 ὁμολογίας
3603 4241 3700 4293 καλ⁵
3732 4256 3847 4292 aov-

2267 4336 2441 4408 θήκας
2477 4333 2597 4405 Θεῷ
2625 4351 2687 4388 τε
2739 4331 2835 4388 καὶ
2862 4335 3017 4406 ἡμῖν,
3047 4333 3142 4386 ἐπὶ
3185 4333 3279 4388 τοῦ
3313 4333 3546 4406 φοϐεροῦ
3602 4332 3848 4404 βήματος

2267 4425 2456 4488 αὑτοῦ,
2491 4426 2597 4480 ὑπὸ
2632 4427 2902 4498 μάρτυσιν
2942 4424 3195 4495 ἀγγέλοις
3225 4426 3320 4479 καὶ
3344 4425 3498 4498 πάσῃ
3519 4427 3588 4496 τῇ
3633 4421 3849 4489 ἀδελφό-

2265 4537 2415 4591 τητι.
2455 4515 2513 4572 εὖ
2544 4518 2610 4572 ἂν
2640 4517 2786 4588 ἔχοι·
2817 4517 2910 4570 καὶ
2945 4516 3082 4588 μγ,δέ
3129 4516 3382 4572 ἐντεῦθεν
3418 4515 3552 4588 μηδὲ
3599 4514 3848 4568 ἐντεῦθεν

2270 4610 2637 4681 ὲπιϐλέψησθε
2662 4625 2676 4640 ·
2711 4609 2850 4664 ἀλλά
2877 4608 3157 4680 συντόμως
3185 4608 3587 4682 διαρρήξαντες
3617 4608 3716 4678 τὴν
3744 4605 3848 4658 ἀπὸ

583 4728 712 4767 mon
749 4710 938 4780 injecit
957 4709 1176 4765 vinculo
1202 4707 1408 4780 proprii
1438 4720 1635 4761 sensus
1653 4719 1718 4760 ac
1742 4701 2034 4768 libertatis,
2059 4714 2163 4772 quo

2273 4705 2368 4760 τοῦ
2396 4705 2647 4776 δαίμονος
2679 4701 2999 4774 συμπλοκὴν
3023 4703 3121 4772 τῆς
3152 4701 3534 4772 προσπαθείας
3580 4700 3734 4770 ὑμῶν
3761 4698 3848 4750 καὶ

582 4814 681 4852 vos
708 4797 943 4868 decepit,
971 4812 1038 4852 ex
1055 4773 1325 4853 coenobio
1340 4810 1435 4850 vos
1459 4793 1778 4857 extrudens,
1802 4801 1858 4847 et
1886 4791 2163 4846 adducens

2275 4773 2613 4867 ίδιορυθμίας
2633 4837 2649 4863 ,
2753 4773 3104 4864 πεπλάνηκεν
3155 4795 3299 4867 ὑμᾶς
3333 4793 3582 4848 ἐκϐαλὼν
3611 4791 3706 4845 τοῦ
3742 4808 3849 4843 κοι-

583 4889 654 4944 ad
689 4888 829 4953 loca,
857 4904 979 4958 qua:
1012 4887 1280 4944 Dominus
1304 4901 1414 4942 non
1455 4884 1698 4954 respicit.
1736 4881 1857 4949 Quo
1895 4881 2042 4937 enim
2073 4896 2170 4952 pa-

584 4987 679 5035 cto
699 4979 958 5046 respiciat
982 4979 1051 5034 ad
1073 4987 1387 5035 sanctorum
1413 4974 1584 5047 ipsius
1607 4973 1986 5028 mandatorum
2013 4985 2171 5027 ever-

586 5070 850 5125 sionem?
889 5068 1079 5124 Venite
1116 5071 1186 5124 ad
1265 5084 1367 5124 nos
1401 5109 1415 5134 ,
1465 5067 1649 5122 venite
1673 5105 1689 5131 ,
1733 5063 1898 5120 corde
1933 5063 2171 5118 contrito

586 5170 753 5230 atque
785 5160 978 5216 humili
1018 5174 1292 5225 sermone,
1325 5169 1385 5214 ut
1405 5157 1679 5212 diversam
1704 5171 1736 5210 a
1765 5154 1994 5227 pristina
2044 5153 2172 5209 vitae

591 5252 859 5308 rationem
894 5251 1114 5307 ineatis.
1163 5249 1320 5304 Prior
1349 5249 1494 5304 enim
1523 5247 1654 5304 laeva
1681 5247 1806 5312 fuit,
1835 5261 1959 5317 quae
2009 5243 2174 5298 tacita

589 5344 796 5400 sensim
839 5344 1173 5399 relaxatione
1221 5341 1438 5396 ferociae
1477 5348 1672 5395 vestrae
1708 5347 1766 5393 et
1794 5335 2174 5401 contumaciae,

589 5439 662 5494 ad
701 5437 992 5508 apostasia:
1046 5435 1346 5507 perniciem
1394 5448 1492 5488 vos
1541 5430 1801 5502 abripuit.
1860 5429 1992 5497 Nos}
2021 5443 2174 5494 vero,

595 5541 912 5603 peccatores
960 5531 1106 5596 licet,
1139 5527 1384 5602 paternis
1419 5525 1721 5583 visceribus
1782 5539 1881 5580 vos
1932 5521 2178 5594 excipie-

598 5640 742 5691 ntus,
782 5624 1043 5679 humilem
1075 5623 1313 5678 animam
1347 5629 1590 5676 nostram
1629 5617 1698 5673 ad
1740 5626 1975 5671 mortem
2005 5629 2179 5684 usque

605 5723 961 5786 exponentes,
993 5723 1053 5770 ut
1079 5724 1288 5770 vestras
1320 5720 1376 5768 et
1409 5709 1648 5766 animiet
1677 5707 1921 5778 corporis
1945 5704 2173 5761 infirmi-

2273 4887 2476 4942 νοϐίου.
2507 4888 2602 4940 καὶ
2637 4888 2917 4960 περιάγων
2945 4887 3089 4956 ὑμᾶς
3121 4886 3202 4950 εῑς
3230 4887 3433 4948 τόπους
3479 4883 3576 4949 οὒς
3605 4884 3704 4936 οὑκ
3730 4884 3846 4934 ἐπι-

2280 4981 2473 5033 σκοπεῖ
2499 4977 2704 5050 Κύριος
2728 4978 2867 5049 (πῶς
2901 4978 3010 5049 γὰρ
3033 4977 3100 5031 ἂν
3118 4978 3213 5030 καὶ
3241 4979 3593 5046 ἐπισκοπήσῃ
3619 4975 3706 5026 ἐπ’
3725 4971 3850 5026 d0:-

2273 5069 2432 5140 τήσει
2464 5067 2573 5122 τῶν
2599 5068 2768 5137 ἁγίων
2797 5066 2964 5121 αὑτοῦ
2995 5066 3225 5120 ἐντολῶν
3245 5066 3286 5136 ;)
3319 5066 3495 5137 ἧκατε
3528 5064 3662 5136 πρὸς
3682 5063 3845 5132 ἡμᾶς,

2273 5161 2446 5230 ῆκατε
2476 5161 2534 5213 ἐν
2563 5158 2999 5230 συντετριμμένῃ
3034 5156 3236 5229 καρδίᾳ
3264 5158 3358 5211 καὶ
3404 5157 3555 5226 λόγῳ
3608 5169 3850 5207 τεταπει-

2271 5251 2520 5320 νωμένῳ,
2561 5249 2698 5320 πρὸς
2725 5249 2787 5302 τὸ
2809 5249 2968 5303 ἀλλον
2995 5249 3141 5320 ὑμᾶς
3181 5249 3295 5320 βίον
3324 5246 3684 5302 ἀναλαϐέσθαι
3709 5243 3847 5312 ὑπὲρ

2271 5342 2361 5394 τὸν
2414 5342 2698 5413 πρότερον.
2740 5341 2802 5394 Ὀ
2853 5343 2962 5412 γὰρ
3011 5341 3278 5412 πρότερος
3308 5342 3498 5405 σκαιὸς
3527 5336 3594 5412 ἦν
3640 5340 3701 5391 ἐκ
3749 5336 3847 5403 τῆς

2272 5432 2414 5487 κατά
2439 5430 2638 5503 μικρὸν
2659 5430 2986 5502 χαυνῶσεως
3027 5433 3368 5504 θρασύτητος
3403 5432 3560 5502 ὑμῶν
3583 5430 3674 5484 καὶ
3695 5430 3847 5482 ἀντι-

2273 5524 2482 5592 λογίας,
2510 5523 2815 5593 ὑπαγαγὼν
2847 5523 2991 5594 ὑμᾶς
3031 5525 3182 5596 αύτῷ
3204 5526 3304 5594 τῆς
3333 5523 3666 5584 ἀποστασίας
3704 5517 3850 5572 πτώ-

2279 5633 2430 5687 ματι.
2493 5615 2603 5669 Καὶ
2649 5617 2810 5686 ἡμεῖς
2851 5616 2957 5669 κᾶν
2999 5615 3320 5686 ἁμαρτωλοί
3363 5617 3557 5686 ἐσμεν,
3607 5613 3719 5666 ἀλλ’
3755 5606 3848 5663 οὖν

2282 5708 2610 5776 σπλάγχνοις
2656 5709 2943 5777 πατρικοῖς
2983 5705 3391 5778 προσδεξόμεθα
3437 5708 3600 5779 ὑμᾶς,
3634 5703 3730 5758 καὶ
3753 5703 3848 5774 τὴν
