4044 6366
202 385 314 451 969
1440 365 1976 450 EPISTOLARUM
2015 389 2159 447 un.
2198 387 2246 445 I.
3375 380 3476 444 970

204 495 423 553 ἑαυτῶν
454 493 717 569 ταπεινὴν
745 492 921 568 ψυχὴν
959 497 1119 569 μέχρι
1145 497 1375 553 θανάτου
1420 499 1790 566 ὑποτιθέντες,

1919 511 2033 555 ates
2082 497 2397 554 toleremus.
2457 497 2646 568 Neque
2686 496 2830 551 enim
2880 510 2944 550 cx
2987 509 3094 564 quo
3154 489 3290 564 lapsi
3323 493 3474 558 estis,

202 590 288 656 εἰς
325 588 386 643 τὸ
418 586 796 642 ἀναϐαστάσαι
821 587 976 659 ὑμῶν
1014 590 1084 642 τὰ
1113 589 1471 661 ἀσθενήματα
1513 593 1654 646 κατά
1681 592 1788 662 ψυο

1913 593 2014 649 sine
2051 609 2183 649 cura
2215 592 2416 648 fuimus
2439 601 2494 647 ct
2515 590 2885 647 sollicitudine
2921 588 2988 643 de
3009 588 3186 654 vobis,
3211 587 3351 642 sicut
3377 601 3481 641 nec

203 683 313 754 χήν
337 697 396 734 τε
427 679 522 735 καὶ
557 679 739 750 σῶμα.
773 681 848 734 06
875 679 985 750 γὰρ
1013 681 1074 746 ἐξ
1105 681 1230 734 ὅτου
1263 681 1706 756 ἀπωλισθήσατε,
1733 686 1791 738 ὲν

1913 685 1958 740 le
1985 685 2124 740 aliis.
2163 685 2305 752 Quin
2342 684 2587 740 extabuit
2612 683 2665 738 in
2699 683 2856 738 nobis
2878 697 2972 738 cor
2997 689 3272 746 nostrum,
3309 677 3481 733 mise-

204 773 516 846 ἀμεριμνίᾳ
546 773 853 844 γεγόναμεν
879 790 892 804 ·
925 771 1112 844 ὥσπερ
1145 773 1266 828 οὐδὲ
1323 773 1416 829 ἐπὶ
1447 774 1556 828 τῶν
1589 777 1786 831 ἄλλων

1913 792 2116 846 ἀωηιιε
2143 793 2206 831 ac
2233 776 2515 846 profanam
2544 791 2733 832 vocem
2761 783 3003 829 nostram
3027 774 3096 829 ad
3129 775 3308 829 Deum
3335 772 3483 828 tolli-

202 864 351 920 ἀλλά
390 863 702 936 τηκομένην
757 862 955 934 ἔχομεν
1008 867 1066 920 ὲν
1110 866 1326 931 ἑαυτοῖς
1383 866 1483 937 τὴν
1514 867 1790 939 καρδίαν·

1913 885 2038 934 nus,
2064 879 2120 924 ut
2161 870 2230 925 ad
2277 869 2561 925 mandram
2595 875 2835 924 vestram
2870 877 2970 923 vos
3028 873 3248 922 revocet
3285 904 3300 929 ,
3345 880 3482 920 con-

205 957 478 1028 καὶπρὸς
507 957 600 1010 τὸν
655 955 788 1010 Θεὸν
841 955 1090 1028 αἴροντες
1139 957 1324 1027 φωνὴν
1362 957 1520 1029 ἡμῶν
1565 960 1791 1031 οἰκτρὰν

1913 959 2084 1015 silium
2130 962 2404 1032 inSpirans
2442 961 2798 1032 pmnitentim.
2857 959 3011 1026 Quod
3063 959 3156 1014 ubi
3202 957 3479 1022 feceritis.

205 1048 308 1102 καὶ
357 1045 602 1119 βέϐηλον,
658 1048 746 1101 ἵνα
795 1047 1244 1120 ἀνθυπονοστήσῃ
1307 1049 1452 1120 ὑμᾶς
1513 1050 1650 1122 πρὸς
1692 1049 1791 1120 τὴν

1913 1051 2072 1106 Deum
2089 1052 2306 1119 iterum,
2331 1062 2386 1109 et
2404 1069 2506 1109 nos
2530 1061 2847 1124 peccatores
2863 1051 3168 1123 placabitis.
3197 1051 3314 1103 Non
3332 1049 3481 1104 enim

211 1139 460 1212 μάνδραν
489 1140 665 1210 ὑμῶν,
701 1139 1001 1211 ὲμπνεύσει
1033 1140 1300 1211 λογισμοῦ
1335 1142 1645 1210 μετανοίας.
1681 1142 1793 1196 Καὶ

1913 1145 2094 1212 merit
2146 1155 2376 1199 mortem
2422 1145 2750 1212 peccatoris,
2800 1145 2894 1198 sed
2922 1153 2981 1197 ut
3027 1147 3399 1204 convertatur,
3428 1147 3484 1194 et

205 1229 417 1300 ἐάνπερ
448 1232 624 1294 οὕτως
649 1229 928 1300 πράξοιτε,
968 1228 1320 1302 Θεραπεύοιτε
1349 1229 1514 1284 πάλιν
1541 1231 1630 1283 τὸν
1659 1230 1792 1285 Θεὸν
1898 1235 2064 1290 vivat.

206 1319 480 1462 καὶόήμᾶς
509 1322 633 1384 τοὺς
699 1319 1076 1392 ἁμαρτωλούς.
1146 1321 1223 1375 Οὐ
1269 1320 1378 1392 γὰρ
1415 1321 1570 1391 ζητεί
1627 1323 1717 1376 τὸν
1775 1323 2004 1380 Θάνατον
2061 1329 2155 1383 τοῦ
2214 1329 2563 1400 ἀμαρτωλοῦ,
2605 1327 2678 1392 ὡς
2747 1327 2807 1380 τὸ
2857 1325 3182 1396 ἐπιστρέψαι
3233 1323 3330 1377 καὶ
3386 1323 3485 1393 ζῇν

206 1425 276 1462 αυ
348 1428 398 1462 ν.

206 1425 398 1463 αυτον.

290 1503 692 1574 Ἐπιστρέψατε
729 1503 845 1569 οὖν,
878 1505 1267 1577 ἐπιστρέψατε,
1302 1508 1431 1578 πρὶν
1479 1507 1633 1578 ἄφνω
1677 1508 1799 1563 ὲπι-

1971 1509 2497 1580 Revertiminiergo,
2531 1506 2889 1572 revertimini,
2929 1506 3240 1575 priusquam
3261 1512 3485 1574 repente

211 1596 312 1664 στῇ
346 1593 477 1664 ὑμῖν
541 1593 781 1666 ὸλεθρος,
812 1593 992 1659 καθὼς
1025 1595 1102 1666 τῷ
1134 1595 1460 1667 Πετρωνίῳο
1499 1596 1596 1650 καὶ
1637 1596 1798 1668 εὑρε-

1913 1598 2250 1670 superveniat
2295 1596 2448 1652 vobis
2504 1594 2794 1658 interitus,
2851 1593 2994 1648 sicut
3065 1590 3366 1656 Petronio;
3432 1599 3488 1644 et

205 1683 344 1756 ὓῆτε
369 1680 504 1741 κενὰ
523 1687 618 1740 καὶ
645 1687 878 1758 ἀνόνητα
907 1687 1364 1759 μεταμελόμενοι,
1387 1688 1476 1741 ὅτε
1515 1688 1616 1757 τῆς
1669 1706 1797 1760 μετ-

1920 1703 2174 1744 ncassum
2196 1695 2250 1742 et
2279 1686 2398 1741 sine
2425 1685 2604 1739 fructu
2626 1684 2813 1738 dolere
2844 1697 2942 1737 vos
2973 1679 3244 1744 sentiatis,
3267 1678 3488 1749 quando

209 1777 474 1848 ἀμελείας
507 1777 698 1850 κέρδος
744 1779 919 1834 οὐδέν.
971 1779 1081 1832 ῐιοῦ
1140 1779 1320 1833 τοίνυν
1369 1780 1508 1833 εἰσὶν
1554 1782 1602 1833 οἱ
1648 1781 1796 1849 λόγοι

1913 1781 2237 1838 )oenitentire
2300 1777 2515 1834 lucrum
2574 1776 2785 1831 nullum
2846 1774 2971 1830 erit.
3032 1773 3135 1828 Ubi
3184 1788 3315 1828 vero
3357 1781 3488 1826 sunt

212 1883 328 1932 σου,
367 1866 648 1937 Πινούφιε,
702 1869 796 1921 καὶ
825 1868 945 1933 σοῦ,
984 1869 1184 1939 Μάρη;
1241 1867 1542 1940 μαρτυρίου
1576 1868 1798 1937 ἀγῶνας

1913 1875 2164 1946 promissa
2225 1883 2355 1938 tua,
2408 1869 2679 1940 Pinuphi,
2721 1876 2777 1924 et
2826 1861 3185 1933 tua,Mares?
3242 1857 3484 1937 martyrii

211 1928 578 2029 ὑποδέχεσθαι
613 1928 704 2012 διὰ
735 1959 834 2030 τὴν
883 1928 1218 2014 ταπείνωσιν
1241 1928 1436 2030 ’ὴμῶν-
1467 1928 1798 2031 προεόυμεῐξ

1913 1940 2202 2022 certamina
2231 1965 2372 2019 inire
2397 1962 2713 2034 gestiebatis
2734 1955 2960 2032 propter
3001 1959 3324 2015 tenuitatem
3383 1973 3488 2014 no»

214 2049 329 2104 σθε·
391 2050 596 2120 μᾶλλον
637 2049 694 2103 δὲ
731 2049 820 2104 διά
862 2049 961 2119 τὴν
997 2050 1272 2122 σωτηρίαν
1303 2051 1404 2122 τήν
1429 2050 1495 2104 δι’
1526 2051 1795 2122 ὑπακοῆς·

1913 2068 2096 2123 stram,
2124 2059 2209 2114 vel
2265 2058 2451 2127 potius
2501 2067 2726 2128 propter
2767 2055 2998 2112 salutem
3050 2068 3170 2123 quae
3229 2067 3326 2123 per
3358 2052 3489 2108 obes

212 2143 306 2196 καὶ
355 2140 520 2195 τοῦτο
568 2141 848 2205 πολλάκις
883 2142 980 2194 καὶ
1012 2143 1188 2214 μικρά
1235 2159 1322 2207 τις
1352 2137 1494 2213 αὖρα
1545 2141 1794 2207 ἐλθοῦσα,

1913 2149 2167 2206 dientiam
2213 2147 2559 2218 requiritur:
2606 2147 2767 2216 idque
2817 2145 3176 2214 frequenter":
3237 2153 3292 2198 et
3321 2158 3488 2214 parva

211 2233 502 2306 ὶρῤίπισεν
534 2234 689 2305 ὑμῶν
712 2234 772 2306 μ’.
800 2233 990 2306 ὑμᾶς],
1022 2234 1099 2298 ὡς
1131 2234 1196 2289 ἄν
1219 2252 1342 2289 τινα
1372 2235 1610 2307 ἀνέμην.
1645 2235 1804 2288 Ἀνα-

212 2325 446 2396 νήψατε,
480 2325 815 2396 ἐπιϐλέψατε
873 2327 954 2390 είς
1007 2326 1163 2392 Θεὸν,
1202 2322 1481 2398 φοϐήθητε
1531 2327 1641 2382 ἀπὸ
1691 2327 1802 2382 τῶν

214 2418 503 2491 χριμάτων
529 2419 719 2484 αὑτοῦ,
755 2419 849 2473 καὶ
891 2418 951 2483 ὲξ
1005 2411 1081 2472 ὧν
1118 2419 1514 2472 συνεπίστασθε
1551 2417 1802 2490 πράξεων

216 2509 396 2580 ὑμῶν’
424 2511 506 2564 ὅτι
535 2512 594 2564 ὲν
623 2511 860 2573 ἐκείναις
891 2511 1052 2581 μόνον
1081 2510 1181 2564 οὐκ
1207 2509 1439 2582 ἀρκετὸς
1469 2510 1599 2581 ὑμῖν
1631 2512 1739 2574 πᾶς
1773 2513 1802 2563 6

219 2602 336 2672 βίος
389 2603 471 2666 εἰς
509 2603 821 2673 μετάνοιαν.
845 2602 911 2655 Τί
945 2602 1133 2655 λοιπὸν
1190 2602 1510 2676 προσθήκας
1543 2602 1801 2673 ἁμαρτη-

222 2693 411 2764 μάτων
439 2693 798 2765 προπίθεσοε
826 2697 918 2748 ἐπὶ
950 2695 1318 2768 ἁμαρτήμασι
1341 2695 1631 2765 χαλεποίς;
1658 2695 1802 2765 Πρὸς

217 2785 278 2838 δὲ
305 2786 365 2837 τὸ
395 2785 604 2855 γραψαι
635 2785 780 2857 ἡμᾶς
810 2787 889 2850 είς
917 2786 1012 2850 οὒς
1043 2787 1324 2857 εἰρήκατε,
1350 2785 1608 2856 ἀσμένως
1635 2801 1804 2855 προσ-

215 2875 504 2946 δεχθέντες
552 2877 648 2929 καὶ
700 2875 1136 2948 ξενοδοχούμενοι
1171 2877 1262 2930 ὑπ’
1288 2875 1488 2942 αὐτῶν,
1515 2874 1674 2928 τοῦτο
1704 2874 1803 2944 μὲν

216 2970 283 3022 οὐ
323 2969 607 3040 ποιοῦμεν·
655 2970 717 3023 οὐ
761 2969 872 3040 γὰρ
901 2970 959 3036 ἐξ
1001 2970 1161 3040 ἡμῶν
1209 2967 1462 3040 ἐξήλθετε
1512 2969 1600 3021 διὰ
1642 2967 1800 3035 λόγου

217 3059 496 3131 ὑπακοῆς.
532 3059 620 3114 ἵνα
650 3061 925 3132 κρίνωμεν
959 3061 1142 3128 ἀξίους
1169 3060 1457 3131 ὑποδοχῆς.
1481 3057 1802 3112 Τοῦναντίον

220 3149 282 3206 δὲ
338 3150 848 3224 καταλογιζόμενοι,
881 3152 1177 3224 ὀριζόμεθα
1207 3151 1338 3222 ὑμῖν
1359 3150 1553 3216 οὕτως.
1588 3149 1708 3218 Ἀφ’
1735 3143 1804 3223 ἦς

1902 2239 2150 2310 quadam
2207 2253 2340 2292 aura
2369 2251 2490 2300 vos,
2517 2237 2665 2291 velut
2693 2234 2970 2303 stipulam,
2996 2233 3345 2290 disturbavit.
3376 2233 3488 2287 Ex‘

1904 2330 2300 2401 pergiscimini,
2349 2329 2521 2384 Deum
2569 2327 2848 2397 respicite,
2907 2324 3110 2395 judicia
3163 2325 3282 2390 ejus
3319 2323 3488 2394 perti-

1905 2422 2151 2481 mescite,
2199 2420 2283 2473 vel
2325 2435 2393 2474 cx
2432 2417 2630 2473 vestris
2671 2415 2978 2473 actionibus
3020 2430 3250 2485 quarum
3280 2414 3488 2469 conscii

1903 2512 2057 2576 estis,
2113 2511 2259 2581 quod
2284 2510 2355 2565 ob
2396 2525 2491 2564 eas
2539 2510 2685 2564 solas
2712 2515 2827 2562 tota
2869 2507 2979 2562 vita
3022 2522 3130 2562 non
3155 2505 3386 2562 sufficiat
3419 2499 3488 2559 ad

1903 2604 2307 2676 penitentiam.
2354 2602 2494 2668 Quid
2526 2601 2595 2657 de
2651 2608 2855 2656 caetero
2880 2601 3248 2655 additamenta
3293 2612 3486 2669 pecca-

1905 2704 2084 2750 torum
2129 2695 2383 2766 gravibus
2413 2691 2652 2763 peccatis
2689 2689 3010 2761 adjecistis?
3037 2687 3108 2745 Ut
3136 2703 3268 2744 vero
3295 2687 3364 2743 ad
3393 2699 3489 2742 eos

1905 2785 2240 2849 scribamus,
2301 2797 2438 2854 quos
2493 2781 2860 2854 significastis,
2913 2779 3059 2850 quod
3095 2779 3330 2850 benigne
3391 2789 3489 2833 vos

1905 2877 2247 2947 receperint,
2302 2885 2357 2930 et
2385 2875 2625 2945 hospitio
2655 2871 2976 2938 invitarint;
3038 2871 3092 2927 id
3123 2872 3341 2941 quidem
3388 2870 3489 2926 mi«

1907 2970 2053 3024 nime
2087 2968 2354 3023 facimus:
2385 2967 2510 3037 quia
2531 2981 2594 3021 ex
2624 2963 2948 3021 obedientiaa
2975 2973 3111 3018 nutu
3137 2979 3166 3016 a
3200 2963 3356 3018 nobis
3377 2975 3487 3017 non

1905 3062 2134 3125 exiistis,
2191 3073 2251 3115 ut
2308 3060 2545 3130 hospitio
2603 3059 2797 3128 dignos
2857 3056 3184 3127 iudicemus,
3237 3055 3330 3111 sed
3354 3071 3489 3111 coua

1907 3153 2134 3208 trarium
2180 3163 2404 3222 prorsus
2457 3149 2780 3211 sentientes,
2839 3147 2912 3200 ita
2969 3146 3122 3201 vobis
3171 3145 3486 3201 edicimus:

217 3243 318 3299 οὖν
361 3243 576 3315 ἡμέρας
601 3241 817 3310 δέξεσθε
847 3245 915 3299 τά
941 3246 1269 3316 γράμματα.
1302 3242 1672 3313 ἁποκινήσατε
1705 3260 1802 3296 και

1915 3261 2023 3316 quo
2053 3243 2118 3300 ex
2145 3245 2232 3299 die
2265 3244 2473 3298 litteras
2498 3239 2839 3311 acceperitis,
2860 3238 3175 3294 hucd‘edire
3211 3237 3486 3293 festinate.

218 3335 552 3420 ταλασὼτες
579 3335 648 3389 τὰ
677 3337 930 3392 ἐνταῦθα.
958 3337 1018 3390 Et
1035 3337 1090 3390 δὲ
1107 3335 1460 3400 ἀπειθοῦντες
1484 3335 1804 3406 ἐπιμένητε,

1913 3341 2064 3408 Quod
2107 3341 2152 3395 si
2203 3347 2553 3396 contumaces
2605 3337 2955 3407 perstiteritis
2982 3379 2995 3402 ,
3047 3335 3191 3406 quod
3227 3350 3335 3390 non
3363 3349 3490 3404 pere

217 3429 363 3498 ὅπερ
396 3429 471 3499 μὴ
503 3427 615 3498 δῴη
643 3429 672 3482 ό
700 3428 853 3493 Θεὸς,
883 3427 912 3482 ὃ
941 3427 1258 3500 ἀπεύχομαι
1290 3469 1308 3497 ,
1350 3427 1474 3482 ἐστὶ
1507 3425 1808 3496 ἀκοινώνη-

1913 3436 2089 3490 mittat
2113 3434 2276 3498 Deus,
2309 3431 2454 3502 quod
2481 3445 2758 3496 exsecror,
2790 3427 3247 3485 excommunicati
3281 3433 3488 3489 estote,

219 3531 327 3582 τοι,
360 3521 826 3590 κατακεκριμένοι
876 3537 935 3573 τε
969 3522 1062 3574 καὶ
1092 3521 1616 3591 καταδεδικασμένοι
1656 3521 1809 3593 παρὰ

1913 3525 2146 3602 convicti
2200 3532 2255 3578 et
2307 3521 2659 3578 condemnati
2709 3520 2917 3590 judicio
2968 3519 3236 3584 veritatis,
3289 3517 3517 3571 mortui~

217 3611 455 3683 ἀληθεία
474 3609 794 3684 δικαζούσῃ,
827 3616 1222 3684 νενεκρωμένοι
1255 3631 1312 3668 τε
1330 3614 1429 3685 τὴν
1479 3613 1680 3684 ψυχὴν,
1715 3615 1809 3666 καὶ

1913 3619 2111 3681 anima,
2145 3626 2200 3670 et
2232 3615 2426 3685 spiritu
2458 3614 2666 3677 orbati,
2693 3611 3155 3682 quemadmodum
3181 3625 3412 3680 magnus
3428 3620 3491 3664 ac

217 3701 579 3773 ἀστερημένοι
619 3700 714 3755 τοῦ
775 3702 1106 3775 πνεύματος,
1161 3705 1345 3768 καθὼς
1398 3707 1428 3759 6
1486 3706 1662 3776 μέγας
1717 3705 1809 3758 καὶ

1916 3710 2136 3764 divinus
2187 3709 2421 3762 Basilius
2455 3705 2864 3776 pronuntiavit:
2916 3703 3010 3759 sed
3059 3717 3236 3773 neque
3267 3703 3358 3773 qui
3396 3713 3493 3789 νίζε

217 3791 370 3856 θεῖος
391 3790 671 3856 Βασίλειος
693 3793 1034 3865 ἀπεφήνατοο
1061 3795 1174 3849 ἀλλ’
1195 3795 1320 3849 οὔτε
1350 3797 1398 3848 οἱ
1421 3796 1804 3866 ὑποδεχόμενοι

218 3884 393 3954 ὑμᾶς,
429 3882 535 3948 ἔξω
581 3885 963 3956 κατακρίσεὼς
1013 3888 1173 3953 είσιν,
1204 3886 1282 3951 ὡς
1336 3886 1412 3958 μὴ
1449 3887 1574 3950 τοὺς
1627 3885 1806 3947 θείους

219 3973 460 4038 κανόνας
499 3973 882 4043 φυλάττοντες.

508 4086 645 4143 KA'.
667 4121 737 4132 —-
770 4094 1016 4165 Συμεὼν
1035 4097 1353 4166 μονάζοντι
1382 4097 1517 4168 (19).
1553 4094 1702 4169 [λδ’.]

1915 3799 2275 3870 exceperint,
2325 3809 2474 3853 extra
2526 3796 3040 3852 condemnationem
3083 3804 3242 3860 sunt,
3291 3803 3350 3850 ut.
3400 3795 3491 3864 qui

1913 3889 2126 3944 divinos
2151 3903 2391 3942 canones
2419 3902 2530 3941 non
2563 3887 2877 3941 observent.

2335 4091 2473 4145 XXI.
2508 4091 2564 4145 Si
2572 4091 2740 4143 meom'
2778 4091 3052 4144 monacho.

1237 4216 1312 4266 De
1333 4215 1552 4278 Josepbo
1577 4215 1823 4279 deposito.
1861 4215 2064 4280 (Barou.
2091 4225 2172 4261 an.
2195 4209 2309 4268 808,
2333 4222 2381 4256 n.
2405 4205 2509 4266 il.)

291 4317 609 4388 Ἔγνωμεν,
647 4305 694 4372 ὦ
729 4317 930 4389 Πάτερ,
965 4318 1060 4370 καὶ
1103 4315 1191 4370 διὰ
1239 4317 1351 4370 τῶν
1400 4318 1806 4390 προλαϐόντων,

220 4404 337 4471 οἷος
371 4409 470 4462 καὶ
497 4407 684 4479 ἡλίκος
713 4408 943 4478 γέγονας
969 4409 1106 4480 πρὸς
1126 4408 1225 4479 τὴν
1252 4411 1584 4465 ταπείνωσιν
1627 4411 1806 4483 ήμῶν·

219 4500 282 4554 ιν
320 4500 460 4554 πᾶσι
487 4501 604 4563 τοῖς
649 4498 1024 4570 συμϐεϐηκόσι
1061 4499 1333 4570 Θλισεροῖς
1384 4501 1662 4573 όμαλίζων
1715 4503 1810 4556 καὶ

136 4589 142 4594 ’
220 4591 516 4646 διευθετῶν
547 4592 728 4646 πάντα
755 4592 894 4664 πρὸς
927 4592 989 4646 τὸ
1024 4592 1322 4656 λυσιτελές.
1369 4594 1558 4664 Ἴσμεν
1607 4594 1666 4648 δὲ
1716 4596 1811 4648 καὶ

223 4681 322 4736 νῦν
373 4682 676 4776 περΔίλυτιόν
705 4699 782 4776 σε
810 4682 898 4736 διὰ
930 4682 1030 4752 τῆς
1062 4683 1397 4752 ἐπαγγελίας
1444 4683 1538 4737 τοῦ
1577 4685 1806 4753 ἀδελφοῦ
1835 4717 1888 4776 D

221 4772 559 4844 γεγενῆσθαι
609 4774 668 4827 ὲν
700 4775 814 4838 τοῖς
869 4775 1314 4846 παρισταμένοις.
1348 4775 1512 4830 Ἀλλά
1539 4776 1591 4829 τί
1617 4777 1803 4831 πάθω-

226 4882 356 4936 μεν;
393 4865 476 4918 δτι
508 4865 699 4936 ἐντολὴ
730 4865 868 4919 Θεοῦ
896 4867 1207 4938 πρόκειται,
1238 4868 1333 4922 καὶ
1358 4870 1583 4932 κανόνες
1616 4871 1814 4940 Πατρι-

224 4953 320 5006 κοὶ
369 4953 726 5024 ἀπείργοντες
773 4956 920 5024 ἡμᾶς
963 4956 1028 5008 ἐκ
1076 4956 1174 5027 τῆς
1205 4957 1461 5028 τοιαύτης
1496 4959 1804 5022 κοινωνίας.

220 5039 360 5100 ’Ὧδε
390 5045 448 5099 δὲ
495 5045 692 5116 φθάσοι
720 5049 754 5119 ή
775 5050 967 5119 ταχεῖα
990 5050 1131 5121 ῥοπή
1161 5066 1278 5117 σου,
1312 5049 1408 5104 καὶ
1440 5051 1473 5120 ἡ
1515 5051 1815 5124 εἰλικρινής

225 5152 328 5190 σου
353 5135 495 5206 πρὸς
517 5137 608 5192 τὸν
631 5138 764 5192 Θεὸν
793 5141 889 5193 καὶ
907 5141 1056 5211 ἡμᾶς
1073 5142 1200 5206 τοὺς
1224 5143 1585 5215 ἁμαρτωλοὺς
1606 5144 1811 5214 σχέσις.

226 5227 332 5283 'Iv'
363 5227 557 5301 ὥσπερ
604 5232 731 5284 τινὰ
776 5233 1070 5304 τρικυμίαν
1101 5236 1436 5306 μεταγάγοις
1465 5238 1556 5292 τὸν
1619 5254 1815 5308 πειρα-

229 5318 397 5389 σμὸν,
433 5320 533 5374 καὶ
591 5321 924 5390 γαληνιάσης
981 5325 1076 5395 τὴν
1138 5328 1378 5400 ταραχὴν
1427 5330 1535 5383 τῶν
1575 5329 1814 5382 εὐσεϐῶν

306 5437 358 5469 ⁸³
399 5435 600 5491 Ezech.
631 5451 821 5500 χχχιιι,
857 5439 947 5494 Η.

1980 4315 2045 4370 Et
2070 4321 2231 4369 antea
2254 4308 2652 4382 perspeximus,
2673 4305 2855 4373 Pater,
2869 4308 3014 4378 quis,
3029 4301 3313 4378 qualisque
3331 4303 3500 4362 fueris

1908 4423 2039 4480 erga
2076 4404 2440 4460 humilitatem
2473 4409 2714 4456 nostram
2741 4400 2794 4454 in
2828 4399 3084 4454 omnibus
3107 4397 3354 4454 adversis
3377 4413 3501 4469 qua:

1909 4501 2069 4557 nobis
2091 4499 2428 4562 acciderunt,
2456 4509 2580 4550 cum
2615 4493 2789 4548 lenire
2825 4508 2888 4547 ea
2918 4492 3169 4547 studeres
3189 4533 3204 4557 ,
3239 4498 3295 4546 et
3315 4491 3496 4545 omnia

1907 4593 2143 4664 dirigere
2168 4590 2223 4644 in
2254 4598 2496 4643 nostram
2529 4584 2843 4639 utilitatem.
2875 4584 2940 4638 Et
2963 4598 3113 4637 nunc
3142 4583 3499 4636 vehementer

1913 4685 2207 4744 sollicitum
2260 4690 2311 4736 te
2347 4693 2470 4734 esse
2519 4676 2724 4732 scimus
2751 4676 2823 4730 ob
2850 4674 3035 4730 fratris
3064 4674 3118 4728 in
3151 4688 3208 4728 re
3238 4674 3496 4742 praesenti
3565 4675 3568 4677 λ

1913 4776 2326 4849 professionem.
2378 4769 2582 4824 Verum
2629 4766 2759 4836 quid
2817 4765 3102 4829 faciamus,
3156 4779 3280 4818 cum
3321 4771 3500 4818 exstet

1912 4868 2009 4924 Dei
2039 4865 2376 4925 mandatum,
2417 4869 2475 4914 et
2502 4856 2724 4911 Patrum
2765 4868 3007 4910 canones
3045 4861 3298 4907 arcentes
3321 4866 3420 4905 nos
3466 4866 3498 4904 a

1915 4963 2006 5017 tali
2047 4953 2474 5015 communione?
2525 4949 2642 5004 Huc
2670 4948 2812 5003 adsit
2853 4947 3010 5002 velox
3046 4945 3340 5016 propeusio
3369 4952 3494 5008 tua;

1913 5055 2269 5118 sincerusque
2291 5060 2419 5117 erga
2445 5042 2617 5098 Deum
2645 5049 2701 5095 et
2727 5054 2828 5094 nos
2867 5047 3185 5109 peccatores
3214 5035 3447 5091 atl‘ectus
3479 5048 3493 5099 ;

1917 5154 1978 5200 ut
2027 5152 2284 5211 tanquam
2353 5137 2719 5194 decumanum
2787 5129 3080 5202 quemdam
3138 5128 3362 5184 fluctum
3413 5142 3500 5182 red

1917 5249 2138 5290 moveas
2204 5229 2584 5293 tentationem,
2657 5222 3084 5293 tranquillesque
3149 5219 3496 5293 agitationem

1923 5329 2136 5398 piorum
2161 5323 2504 5380 dominorum
2543 5329 2881 5376 nostrorum.
2912 5315 3029 5372 Non
3056 5314 3201 5370 enim
3236 5312 3498 5368 adversus

1766 5544 1989 5606 NOTAE.

317 5639 442 5721 (l9)_
470 5642 739 5721 Συμεών.
761 5643 838 5721 pe
861 5645 1184 5721 multi_plic_i_
1209 5641 1464 5721 Simeone
1492 5643 1706 5721 §tudita
1728 5647 1811 5700 vi-

240 5707 394 5764 desis
417 5707 660 5770 Leonem
713 5714 972 5771 Allatium
1021 5707 1075 5770 i'n
1125 5707 1364 5772 Diatriba
1392 5717 1459 5772 de
1497 5717 1810 5772 Simeonum

237 5783 492 5852 ‘scrlptis.
515 5799 642 5856 pag.
680 5784 772 5840 23.
807 5784 881 5844 De
905 5786 1162 5842 Simeone
1198 5802 1362 5855 porro
1400 5786 1694 5850 monacho,
1725 5786 1819 5840 Ni-

547 5888 826 5953 PATROL.
863 5892 980 5953 Gn.
1027 5889 1252 5953 XCIX.

1925 5641 2150 5714 cephori
2217 5641 2572 5713 imperatoris
2601 5639 3042 5714 consanguineo,
3071 5647 3253 5693 sermo
3273 5637 3358 5689 est
3383 5643 3494 5714 non

1926 5712 2036 5768 uno
2061 5717 2111 5767 in
2135 5715 2256 5768 loco
2282 5712 2424 5782 apud
2445 5712 2854 5783 Theophanem.
2889 5712 3115 5783 Scripta
3137 5716 3316 5761 autem
3354 5713 3437 5758 est
3465 5712 3494 5755 α

1925 5783 2216 5840 Theodoro
2243 5778 2358 5838 haec
2387 5778 2613 5853 epistola
2652 5784 2874 5839 nomine
2905 5778 3174 5834 Platonis.

3009 5879 3074 5940 31
