4044 6366
605 309 706 376 971
1807 309 1866 368 S.
1910 306 2304 367 THEODORI
2337 306 2685 367 STUDIT/E
3781 315 3876 381 972

606 421 726 476 illos
753 420 911 476 nobis
933 434 1116 476 sermo
1144 428 1230 476 est
1257 421 1437 476 vitata:
1455 418 1878 486 communionis,
1905 434 2008 473 nec
2030 432 2175 472 caus:

2297 414 2455 484 ἡμῶν
2483 411 2782 467 δεσποτῶν.
2814 412 2889 466 υύ
2923 413 3032 486 γὰρ
3061 415 3198 485 πρὸς
3244 415 3443 481 αὐτοὺς
3473 417 3611 490 ἡμῖν
3651 419 3686 475 6
3731 419 3878 493 λόγος

603 513 994 568 controversia:
1025 531 1039 568 :
1087 514 1218 583 quin
1245 513 1424 583 potius
1458 513 1654 577 honor,
1704 513 2004 578 veneratio,
2038 528 2191 567 amor

605 613 662 658 et
689 619 1034 674 congressus,
1061 614 1229 675 prout
1256 620 1346 659 res
1369 604 1536 675 exigit
1564 621 1577 657 :
1611 604 1705 658 sed
1739 603 2003 658 adversus
2037 605 2188 658 illum

603 695 697 764 qui
735 706 934 766 praeter
961 698 1052 766 jus
1072 697 1264 766 fasque
1301 711 1484 760 omne,
1509 695 1859 750 manifestum
1882 711 1948 750 ex
1976 695 2189 751 Domini

605 789 877 844 sententia
907 791 1214 846 adulterum
1247 788 1529 843 coronavit
1558 787 1698 860 :qui
1732 803 1897 844 ausus
1929 797 2012 844 est
2052 789 2186 844 tanti

604 879 828 940 sceleris
885 881 1100 951 adjutor
1148 890 1202 935 et
1259 887 1498 934 assertor
1551 879 1666 933 fieri
1711 896 1892 935 coram
1932 880 2188 936 universo

602 970 810 1024 mundo
841 987 853 1023 :
889 985 1051 1038 quem
1103 967 1356 1024 Christus
1404 969 1522 1038 ipse
1551 969 1807 1039 deposuit
1832 971 2067 1046 duorum
2097 986 2187 1025 ca-

603 1076 810 1114 nonum
844 1076 1018 1125 reum,
1046 1069 1106 1114 ut
1129 1059 1264 1114 alios
1303 1060 1548 1114 omittam
1588 1079 1600 1114 :
1641 1061 1804 1116 unius
1843 1062 2062 1130 quidem
2091 1061 2185 1132 qui

603 1169 706 1208 nec
755 1155 964 1222 epulari
1028 1153 1409 1224 presbyterum
1471 1153 1526 1207 in
1566 1152 1763 1224 bigami
1815 1153 2018 1223 nuptiis
2055 1168 2185 1223 per-

600 1246 772 1299 mittit
797 1247 844 1277 ³³
892 1246 1167 1316 (adulteri
1224 1246 1370 1300 enim
1440 1245 1682 1300 scribere
1734 1261 1845 1299 non
1893 1262 2060 1301 ausus
2100 1255 2185 1300 est

599 1335 848 1404 canon),
905 1345 1111 1406 quanto
1171 1336 1353 1390 minus
1382 1351 1646 1390 coronare
1677 1337 1702 1388 ἲ
1762 1337 1988 1391 alterius
2034 1352 2179 1401 vero,

603 1427 863 1496 quoniam
921 1429 1010 1497 qui
1079 1427 1134 1480 in
1184 1429 1394 1481 crimen
1445 1427 1666 1496 aliquod
1725 1428 1908 1497 lapsus
1953 1428 2050 1493 sit,
2121 1443 2183 1483 ac

597 1526 888 1586 propterea
926 1516 1451 1579 excommunicatus,
1500 1515 1606 1569 nisi
1660 1515 1799 1569 intra
1839 1531 2044 1570 annum
2082 1529 2182 1585 pro

597 1608 1044 1664 reconciliatione
1072 1624 1193 1664 osua
1240 1616 1465 1677 pugnet,
1526 1607 1759 1684 amplius
1807 1607 2020 1662 admitti
2062 1607 2181 1676 ejus

597 1716 790 1758 vocem
850 1716 963 1756 non
1018 1701 1147 1755 licet
1201 1702 1268 1756 “.
1299 1698 1398 1753 Hic
1450 1714 1579 1754 vero
1640 1698 1734 1768 qui
1771 1713 1969 1753 novem
2005 1713 2179 1753 annos

595 1803 950 1856 excesserat,
1008 1792 1202 1848 insiliit
1255 1793 1314 1846 in
1374 1791 1694 1846 Ecclesium.
1769 1790 1825 1844 Si
1877 1789 2041 1861 igitur
2090 1791 2181 1845 hic

596 1887 882 1952 innocens,
938 1885 1109 1939 multo
1163 1884 1332 1956 magis
1363 1885 1578 1940 adulter
1609 1885 1752 1953 ipse;
1781 1885 1825 1939 si
1888 1897 2021 1938 vero
2053 1898 2179 1938 reus

595 1975 699 2030 iste
731 1974 976 2044 peccati,
1002 1975 1124 2044 quis
1148 1974 1215 2030 de
1235 1989 1302 2029 eo
1343 1974 1618 2046 ambigat,
1651 1974 1744 2044 qui
1778 1973 2084 2043 conjunxit,
2125 1982 2180 2028 et

596 2065 652 2120 in
682 2064 946 2136 Spiritum
977 2076 1229 2122 sanctum
1272 2067 1706 2137 blasphemavit,
1751 2065 1881 2136 quin
1913 2065 2180 2136 impurior

595 2154 664 2208 sit
691 2163 748 2210 et
785 2154 1201 2210 detestabilior?

665 2441 793 2496 llaec
813 2453 962 2504 sunt,
995 2439 1156 2495 Pater
1193 2449 1404 2506 sancte,
1437 2455 1558 2510 quae
1575 2455 1668 2494 cor
1686 2448 1936 2494 nostrum
1958 2447 2170 2494 contra-

593 2531 758 2596 hunt,
786 2538 842 2585 et
880 2530 1134 2584 timorem
1163 2529 1460 2584 incutiunt.
1495 2529 1649 2584 Hanc
1674 2529 1744 2584 ob
1774 2544 1996 2584 causam
2031 2528 2177 2598 quod

591 2637 716 2677 cum
747 2621 850 2676 isto
880 2637 988 2675 non
1007 2621 1472 2676 communicarem
1493 2660 1509 2686 ,
1537 2635 1642 2676 nec
1679 2635 1804 2675 cum
1835 2621 2176 2690 pra'cedente

590 2714 924 2784 patriarcha,
967 2713 1059 2782 qui
1091 2712 1339 2768 adultero
1369 2713 1812 2767 communionem
1856 2713 2052 2768 dabat:
2087 2712 2175 2767 in-

592 2806 730 2860 clusi
760 2805 964 2860 fuimus
989 2844 1005 2872 ,
1053 2820 1155 2876 ego
1204 2805 1426 2875 quidem
1457 2805 1510 2858 in
1547 2821 1613 2861 eo
1641 2806 1732 2860 ubi
1765 2806 1973 2862 resides
2013 2805 2172 2874 loco;

589 2900 919 2968 praepositus
941 2906 1124 2952 autem
1157 2909 1212 2952 et
1233 2898 1428 2968 reliqui
1458 2897 1904 2953 Thessalonicam
1929 2897 2170 2970 relegati.

593 2989 708 3044 Sed
750 2989 931 3043 denuo
980 2988 1332 3060 congregavit
1367 3002 1470 3043 nos
1518 2988 1662 3044 Deus
1709 2990 1964 3060 precibus
2015 2990 2169 3045 tuis:

589 3100 654 3138 ac
671 3100 741 3139 ne
765 3084 843 3138 sic
861 3083 1081 3153 quidem
1115 3092 1324 3137 temere
1342 3097 1444 3137 nos
1461 3082 1809 3153 adjunximus
1826 3084 2170 3155 patriarchae,
2201 3122 2247 3186 ϐ

589 3178 695 3232 nisi
733 3186 1020 3247 postquam
1048 3176 1226 3250 fassus
1248 3185 1334 3232 est
1369 3191 1472 3231 nos
1503 3187 1652 3232 recte
1689 3177 1908 3234 fecisse.
1940 3179 1997 3233 Si
2021 3195 2170 3252 ergo,

588 3285 711 3323 cum
737 3277 991 3340 regnaret
1025 3268 1352 3324 adulterium
1382 3278 1437 3324 et
1467 3285 1741 3325 canonum
1775 3274 2136 3343 transgressio
2155 3315 2170 3340 ,

589 3367 739 3414 metu
783 3361 1012 3414 minime
1059 3359 1563 3426 dissimulavimus,
1616 3360 1713 3415 Dei
1758 3361 1960 3417 virtute
2005 3361 2172 3430 freti,

588 3453 863 3522 quomodo
884 3468 1051 3517 nunc,
1083 3452 1174 3522 pio
1204 3452 1525 3507 dominante
1550 3452 1800 3524 imperio,
1835 3453 1998 3509 unius
2046 3470 2174 3525 pre-

587 3545 794 3616 sbyteri
828 3549 990 3599 causa
1031 3545 1334 3600 timidiores
1349 3546 1574 3608 erimus,
1615 3545 2019 3616 prodemusque
2048 3563 2174 3602 cum

588 3647 780 3707 aperto
809 3637 1006 3692 animae
1027 3637 1271 3708 periculo
1294 3638 1581 3693 veritatem
1606 3639 1629 3691 ?
1652 3637 2005 3709 Nequaquam
2037 3659 2050 3695 :
2077 3640 2174 3696 sed

587 3720 813 3785 f’erenda
840 3729 998 3784 nobis
1016 3730 1200 3800 potius
1229 3730 1411 3784 omnia
1438 3745 1608 3800 usque
1629 3731 1696 3786 ad
1720 3741 1975 3796 mortem,
2010 3747 2172 3801 quam

588 3834 647 3877 ut
679 3838 805 3878 cum
831 3838 898 3878 eo
921 3823 1412 3903 communicemus,
1444 3823 1530 3878 vel
1566 3839 1690 3878 cum
1714 3823 1781 3878 iis
1805 3825 1896 3892 qui
1930 3841 2052 3879 cum
2082 3825 2173 3878 illo

585 3915 943 3969 sacrificant:
997 3915 1175 3985 quoad
1225 3915 1472 3985 privetur
1523 3915 1854 3976 sacerdotio.
1909 3917 2172 3985 quemad-

585 3999 805 4053 modum
834 3999 935 4052 sub
956 4000 1143 4068 priore
1170 3999 1502 4070 patriarcha.
1531 4000 1662 4054 Esto
1690 4014 2010 4054 oeconomus
2033 4017 2044 4053 :
2075 4015 2173 4055 cur

584 4091 749 4144 etiam
775 4091 994 4161 indigne
1016 4093 1185 4146 sacris
1211 4100 1466 4161 Operatur
1485 4091 1508 4144 ?
1528 4090 1696 4146 Desiit
1721 4106 1843 4146 esse
1861 4090 2167 4161 presbyter.

583 4183 741 4249 Quod
795 4183 842 4237 si
903 4184 1021 4238 haec
1048 4184 1154 4238 illis
1195 4200 1304 4239 non
1337 4185 1572 4254 placent,
1603 4183 1695 4254 qui
1735 4199 1858 4238 cum
1885 4199 1952 4239 eo
2000 4183 2171 4240 sacri-

582 4276 773 4340 ﬁcant,
826 4275 1090 4331 videbunt
1131 4277 1408 4346 quomodo
1456 4291 1516 4330 se
1563 4285 1773 4347 gerent.
1824 4275 2055 4331 Parcant
2089 4285 2169 4332 te-

583 4367 781 4422 nuitati
818 4377 1037 4436 nostrae,
1065 4369 1156 4440 qui
1188 4367 1588 4439 acquiescimus
1609 4409 1622 4433 ,
1657 4369 1904 4438 nihilque
1926 4369 1994 4424 ad
2024 4369 2170 4426 hunc

2293 507 2393 575 τῆς
2422 505 2844 577 ἁκοινωνησίας·
2873 505 2991 560 οὐδὲ
3021 509 3054 577 ή
3084 507 3234 561 αἰτία
3254 507 3356 579 τῆς
3390 509 3878 585 ἀμφισϐητιίισεωςο

2297 597 2497 668 μᾶλλον
2550 596 2608 650 δὲ
2653 598 2688 668 ἡ
2731 597 2868 668 τιμὴ
2908 597 3004 650 καὶ
3033 599 3068 669 ὴ
3097 601 3505 671 προσκύνησις,
3538 605 3571 675 ἡ
3605 605 3764 674 φιλία
3796 609 3881 662 καὶ

2292 688 2325 757 ἡ
2351 686 2592 753 ἔντευξις
2615 687 2758 742 κατὰ
2777 687 2840 742 τὸ
2870 687 3224 759 ὀφειλόμενον
3248 707 3262 723 ⁸
3296 692 3437 759 πρὸς
3465 694 3524 748 δὲ
3546 695 3638 749 τὸν
3670 698 3881 768 ἀνόμως

2293 778 2716 847 στεφανώσαντα
2760 779 2853 832 τὸν
2906 780 3274 850 μοιχεύσαντα
3304 784 3448 838 κατὰ
3477 786 3569 839 τὸν
3598 787 3764 856 λόγον
3795 789 3879 844 τοῦ

2291 871 2536 942 Κυρίουο
2599 871 2738 943 πρὸς
2789 871 2878 924 τὸν
2919 871 3276 944 τολμήσαντα
3329 876 3657 944 τηλικούτου
3717 883 3878 937 κακοῦ

2291 961 2566 1032 ὑπουργὸν
2615 962 2872 1030 γενέσθαι
2906 963 3000 1017 καὶ
3037 963 3342 1038 βεϐαιωτὴν
3394 968 3487 1021 ἐπὶ
3535 969 3631 1023 τοῦ
3679 972 3876 1042 κόσμου

2289 1053 2510 1116 παντὸς.
2542 1053 2602 1108 ὃν
2629 1054 2870 1125 καθῆρεν
2896 1056 3064 1120 αὐτὸς
3108 1059 3136 1110 6
3167 1057 3424 1130 Χριστὸς,
3477 1061 3602 1114 δυσὶ
3657 1065 3874 1119 κανόσιν

2288 1145 2655 1211 ὑποπεσόντα,
2685 1149 2805 1200 ἐπεὶ
2836 1147 2932 1201 καὶ
2958 1147 3138 1212 ἄλλοις
3161 1165 3176 1180 ·
3207 1150 3351 1204 κατὰ
3384 1151 3487 1222 μὲν
3514 1153 3606 1208 τὸν
3635 1156 3870 1227 πρῶτον,

2286 1235 2367 1288 ὅτι
2429 1236 2550 1290 οὐδὲ
2601 1238 2920 1308 ὲστιαθῆναι
2945 1242 3024 1304 είς
3046 1241 3408 1313 διγαμοῢντος
3464 1245 3644 1316 γάμον
3706 1265 3876 1316 παρα-

2286 1329 2567 1398 χωροῦντα
2611 1329 2706 1384 τδν
2760 1331 3173 1402 πρεσϐύτερον·
3228 1337 3310 1400 είς
3339 1337 3470 1408 γὰρ
3507 1339 3707 1410 μοιχοῦ
3760 1342 3875 1395 οὐδὲ

2273 1421 2586 1492 ’ἐτόλμησεν
2619 1425 2646 1476 6
2676 1423 2859 1478 κανὼν
2885 1425 3114 1497 γράψαι,
3146 1427 3298 1498 πόσῳ
3336 1445 3400 1497 γε
3450 1429 3653 1499 μᾶλλον
3685 1449 3876 1503 στεφα-

2284 1512 2485 1580 νῶσαι;
2521 1515 2680 1568 Κατὰ
2733 1515 2789 1569 δὲ
2835 1517 2928 1570 τὸν
2974 1517 3245 1588 δεύτερον,
3281 1520 3364 1572 ὅτι
3394 1519 3487 1574 τὸν
3521 1522 3872 1579 ύποπεσόντα

2284 1607 2341 1662 ἐν
2369 1626 2476 1662 τινι
2512 1610 2816 1681 σφάλματι,
2841 1612 2940 1664 καὶ
2973 1611 3063 1664 διὰ
3096 1611 3256 1666 τοῦτο
3277 1614 3666 1685 ἀφορισθέντα,
3701 1618 3754 1670 εί
3807 1618 3872 1689 μὴ

2285 1699 2438 1762 ὲντὸς
2482 1700 2731 1753 ἐνιαυτοῦ
2781 1700 3182 1766 ἐπαγωνίζεται
3235 1705 3309 1772 τῇ,
3355 1703 3536 1773 οίκείᾳ
3593 1703 3869 1772 συστάσει,

2285 1790 2386 1843 οὐκ
2415 1791 2536 1856 ἐξὸν
2566 1791 2646 1846 ἔτι
2671 1791 2856 1863 φωνὴν
2885 1793 3051 1846 αὐτοῦ
3082 1793 3504 1866 προσδεχθῆναι.
3545 1795 3605 1850 '0
3635 1797 3694 1850 δὲ
3727 1798 3872 1854 ἐννέα

2287 1882 2514 1954 χρόνους
2562 1883 2828 1954 ὑπερϐὰς,
2881 1885 3248 1954 εἰσεπήδησεν
3303 1889 3362 1940 ὲν
3425 1891 3492 1959 τῇ
3550 1887 3868 1962 Ἐκκλησία.

2285 1977 2350 2028 Εἰ
2381 1970 2475 2029 οὖν
2509 1969 2663 2040 οὗτος
2698 1975 2966 2042 ἀναίτιος,
2998 1977 3178 2048 πολλῷ
3233 1978 3434 2049 μᾶλλον
3483 1983 3512 2034 6
3559 1982 3866 2054 μοιχεύσας.

2287 2067 2349 2118 Εἰ
2373 2065 2430 2119 δὲ
2460 2067 2668 2130 ἐκεῖνος
2717 2066 2904 2138 ἔνοχος
2934 2068 3034 2138 τῆς
3087 2069 3383 2142 ἁμαρτίας,
3422 2071 3508 2136 τίς
3537 2073 3866 2144 ἀμφιϐάλλει

2285 2176 2350 2210 πε
2363 2160 2414 2229 pi.
2441 2159 2536 2212 τοῦ
2565 2159 2926 2224 συζεύξαντος
2951 2161 3048 2215 καὶ
3074 2149 3537 2234 δυσφήμήσαντος
3584 2167 3732 2220 κατὰ
3781 2165 3865 2220 τοῦ

2285 2251 2442 2319 ἁγίου
2475 2251 2816 2322 Πνεύματος,
2846 2253 2921 2316 ὡς
2952 2253 3072 2324 οὐχὶ
3112 2255 3473 2328 ἐναγέστερος
3521 2258 3618 2311 καὶ
3651 2257 3868 2330 βεϐηλό-

2283 2359 2439 2412 τερος
2462 2361 2476 2408 ;

2354 2433 2540 2487 Ταῦτά
2562 2435 2698 2501 ἐστι,
2727 2434 2912 2506 Πάτερ
2938 2435 3084 2504 ἆγιε,
3115 2435 3186 2490 τὰ
3217 2434 3492 2506 φοϐοῦντα
3523 2438 3623 2492 καὶ
3649 2439 3864 2494 συστέλο

2281 2522 2443 2580 λοντα
2471 2525 2630 2596 ήμῶν
2663 2527 2762 2598 τὴν
2791 2527 3043 2598 καρδίαν.
3078 2527 3187 2581 Καὶ
3211 2527 3299 2582 διὰ
3321 2527 3496 2582 ταῦτα
3538 2529 3678 2600 πρὸς
3705 2530 3771 2584 τὸ
3796 2531 3864 2602 μὴ

2283 2619 2564 2671 κοινωνεῖν
2581 2615 2729 2688 αύτῷ
2748 2635 2808 2672 τε
2829 2618 2926 2672 καὶ
2946 2617 3026 2690 τῷ
3050 2635 3344 2691 προηγησα
3351 2620 3500 2693 μένῳ
3530 2622 3863 2696 πατριάρχῃ,

2282 2709 2422 2764 ἐπὰν
2476 2709 2754 2780 μετεδίδου
2805 2709 2885 2780 τῷ
2937 2710 3340 2782 μοιχεύσαντι·
3399 2712 3862 2784 ἀπεκλείσθημεν,

2281 2799 2394 2869 ἐγὼ
2426 2800 2527 2872 μὲν
2555 2803 2612 2855 ὲν
2639 2794 2684 2870 ᾧ
2712 2801 2921 2874 καθέζῃ
2947 2803 3119 2874 τόπῳ·
3157 2805 3184 2857 6
3214 2803 3519 2876 ἡγούμενος
3569 2805 3631 2858 δὲ
3669 2807 3772 2859 καὶ
3821 2806 3864 2858 oi

2281 2892 2459 2945 λοιποὶ
2499 2895 2558 2947 ὲν
2598 2893 2973 2968 Θεσσαλονίκῃ
3001 2896 3481 2967 ὑπερορισθέντες.
3508 2897 3650 2950 Ἀλλ’
3679 2899 3712 2951 6
3743 2898 3866 2962 Θεὸς

2283 2984 2446 3038 πάλιν
2469 2987 3035 3058 ὲπισυνήγαγενὴμᾶς
3067 2989 3255 3059 εὐχαῖς
3285 3005 3403 3041 σου·
3424 2989 3518 3043 καὶ
3543 2991 3653 3042 οὐδ’
3670 2989 3863 3054 οὕτως,

2280 3076 2359 3140 ὼς
2417 3076 2628 3149 ἔτυχεν,
2689 3077 2984 3151 ὴνώοημεν
3027 3079 3107 3150 τῷ
3137 3080 3476 3154 πατριάρχῃ,
3513 3083 3560 3133 εί
3605 3081 3680 3152 μὴ
3727 3082 3867 3152 ὠμο-

2277 3167 2478 3238 λόγησε
2523 3168 2705 3233 καλῶς
2739 3171 2883 3240 ἡμᾶς
2937 3171 3323 3242 πεποιηκέναι.
3372 3172 3500 3224 Ἐὰν
3545 3171 3644 3225 οὖν
3696 3173 3792 3226 ὅτε
3833 3173 3864 3243 ἡ

2279 3260 2495 3332 μοιχεία
2543 3257 2632 3334 ἦν,
2689 3263 2784 3316 καὶ
2836 3265 2868 3334 ἡ
2924 3262 3032 3316 τῶν
3081 3264 3324 3318 κανόνων
3360 3264 3712 3337 παράϐασις,
3775 3267 3866 3338 οὐχ

2277 3353 2677 3430 ὑπεστάλημεν
2715 3355 2944 3429 δυνᾴμει
2999 3355 3136 3409 Θεοῦ
3167 3373 3182 3387 ⁸
3239 3356 3360 3422 πῶς
3409 3354 3503 3411 οὖν
3563 3359 3721 3430 ἄρτι,
3778 3357 3864 3412 ὅτε

2276 3445 2576 3500 εὐσεϐοὗσά
2605 3429 2752 3501 ἐστιν
2781 3448 2813 3517 ἡ
2839 3445 3106 3516 βασιλεία,
3131 3448 3321 3502 ἕνεκεν
3342 3449 3462 3512 ἐνὸς
3483 3449 3865 3522 πρεσϐυτέρου

2276 3538 2808 3611 ὑποσταλησόμεθαζ
2863 3544 2960 3592 καὶ
3015 3540 3371 3612 προδώσομεν
3420 3542 3518 3614 τὴν
3573 3542 3863 3613 ἀλήθειαν,

2275 3632 2677 3698 κινδυνεύοντες
2706 3633 2848 3688 κατὰ
2883 3634 3106 3704 ψυχήν;
3159 3634 3445 3704 Οὐδαμῶς,
3486 3634 3621 3688 ἀλλὰ
3680 3640 3863 3690 πάντα

2274 3725 2406 3796 ἡμῖν
2433 3724 2644 3796 φορητὰ
2673 3725 2834 3796 μέχρι
2865 3725 3171 3796 θανάτου,ἥ
3200 3728 3494 3797 μετασχεῖν
3518 3729 3617 3795 τῆς
3643 3728 3862 3780 ἐκείνου

2273 3817 2580 3884 κοινωνίας,
2611 3817 2839 3871 καὶτῶν
2895 3817 3090 3886 ἐκείνῳ
3123 3816 3680 3889 συλλειτουργούντων
3709 3836 3727 3849 ·
3765 3819 3864 3884 ἓως

2273 3908 2340 3961 ἂν
2397 3907 2586 3982 παύσῃ
2628 3907 2979 3981 ἱερουργίας,
3031 3908 3224 3980 ὥσπερ
3277 3910 3372 3962 ἐπὶ
3419 3910 3513 3963 τοῦ
3566 3913 3861 3982 προτέρου.

2278 4000 2456 4052 Ἔστω
2487 3999 2793 4071 οἰκονόμος⁹
2819 3999 2870 4052 τί
2898 3999 2992 4052 καὶ
3015 3999 3251 4066 ἀναξίως
3281 4000 3582 4073 ίερουργεῖ;
3612 4003 3862 4068 Ἐξέλιπε

2273 4091 2665 4164 πρεσϐύτερος.
2687 4093 2748 4144 Εἰ
2769 4092 2826 4146 δὲ
2854 4092 3009 4146 οὐδὲν
3039 4092 3191 4146 δοκεῖ
3217 4096 3333 4158 τοῖς
3355 4094 3864 4167 συλλειτουργοῦσιν

2271 4183 2443 4254 αὐτῷ,
2502 4184 2726 4253 ὄψονται
2772 4180 2964 4254 ἐφὀἷς
3020 4186 3342 4256 πράττουσι.
3403 4186 3708 4241 Φείσωνται
3765 4188 3866 4259 τῆς

2272 4277 2428 4347 ἡμῶν
2461 4277 2866 4342 ταπεινώσεως,
2918 4277 3283 4349 στεργόντων,
3319 4278 3414 4332 καὶ
3449 4279 3616 4350 μηδὲν
3639 4281 3751 4344 ἕως
3772 4281 3864 4335 τοῦ

2273 4369 2541 4441 παρόντος
2600 4369 2973 4439 λαληοάντων,
3006 4368 3120 4423 ἀλλ’
3155 4371 3633 4441 οἱκονομησάντων
3667 4373 3728 4427 ὲν
3755 4373 3866 4435 τοὶς

583 4477 759 4532 usque
804 4461 949 4517 diem
1006 4461 1172 4517 locuti
1226 4476 1456 4517 sumus:
1498 4461 1595 4515 sed
1648 4461 1870 4516 biennio
1904 4477 2006 4518 nos
2052 4471 2166 4518 toto

2278 4461 2422 4515 δυσὶν
2454 4461 2600 4514 ἔτεσι
2637 4460 2876 4526 τούτοις,
2901 4460 2962 4526 ἐξ
2989 4462 3112 4514 ὅτου
3167 4461 3416 4530 εἰσῆλθον
3451 4461 3528 4534 [in
3573 4477 3683 4518 ms.
3729 4462 3864 4534 Reg.

581 4555 979 4622 continuimus,
1023 4571 1088 4610 ex
1125 4571 1233 4625 quo
1263 4554 1496 4626 ingressi
1525 4563 1652 4610 sunt
1684 4563 1742 4608 ut
1776 4556 2022 4625 pacatius
2060 4556 2165 4615 hoc

581 4649 746 4703 modo
797 4649 1128 4703 viveremus.
1189 4647 1403 4702 Domini
1450 4647 1621 4702 nostri
1670 4657 1798 4702 sunt
1841 4648 2034 4718 optimi
2075 4663 2164 4704 se-

579 4747 836 4808 questres
885 4745 941 4792 et
968 4738 1159 4793 arbitri
1205 4738 1498 4807 aequitatis,
1543 4754 1731 4794 eorum
1778 4738 2021 4795 fautores
2070 4740 2163 4810 qui

581 4829 868 4884 veritatem
905 4829 1074 4884 libere
1101 4830 1427 4897 defendunt,
1459 4830 1599 4886 sicut
1624 4832 1920 4886 venerabili
1945 4847 2038 4886 ore
2066 4847 2165 4888 suo

583 4935 728 4989 saepe
758 4920 1111 4975 denuntiant.
1165 4920 1370 4977 Ferant
1399 4924 1714 4978 sacerdotes
1741 4932 1800 4978 ut
1840 4939 2024 4979 sacros
2067 4923 2167 4978 ho-

578 5012 758 5068 mines
789 5013 978 5080 decet,
1022 5024 1117 5070 aut
1143 5014 1245 5087 ipsi
1295 5017 1744 5086 persuadebunt,
1778 5026 1873 5072 aut
1903 5017 2008 5072 illis
2041 5031 2167 5088 per-

578 5107 918 5162 suadebitur.
946 5107 1042 5162 Sin
1071 5108 1265 5163 horum
1296 5109 1463 5176 nihil,
1498 5110 1595 5165 sed
1621 5125 1687 5165 ne
1716 5109 1916 5165 mutire
1945 5111 2164 5180 quidem

579 5213 682 5254 nos
711 5199 1002 5254 ferendum
1049 5209 1287 5272 putant;
1333 5201 1478 5256 Deus
1507 5201 1789 5269 intuetur,
1843 5219 1952 5273 quo
1995 5205 2166 5276 major

577 5300 662 5346 est
689 5307 874 5358 nemo,
930 5292 1087 5363 cujus
1131 5291 1300 5348 solius
1337 5301 1511 5348 terror
1545 5302 1629 5349 est
1673 5294 2062 5361 formidabilis,
2107 5309 2174 5353 et.

580 5383 817 5438 tribunal
875 5384 1038 5448 illud,
1099 5384 1186 5440 cui
1240 5382 1499 5439 sistemur
1553 5401 1746 5441 omnes
1793 5386 1861 5440 de
1906 5387 2160 5442 omnibus

574 5473 881 5544 judicandi.
942 5476 1217 5532 Caeterum
1269 5491 1492 5532 oramus
1537 5478 1835 5533 bonitatem
1891 5485 2067 5543 tuam,
2106 5489 2162 5535 et

574 5571 836 5634 tanquam
875 5566 1045 5622 sacris
1087 5566 1332 5638 vestigiis
1380 5568 1491 5624 tuis
1531 5568 1773 5624 advoluti
1811 5569 2162 5625 obsecramus

2265 4553 2540 4627 είσῆλθεν]
2569 4570 2582 4585 ·
2609 4553 2696 4607 ἵνα
2732 4551 2905 4615 οὕτως
2933 4553 3359 4626 εἰρηνικώτερον
3382 4555 3778 4626 διεξέλθωμεν.
3803 4556 3864 4609 0i

2263 4647 2522 4700 δεσπόται
2565 4646 2722 4717 ἡμῶν
2750 4645 2801 4697 οἱ
2855 4645 3074 4713 ἀγαθοὶ,
3129 4647 3349 4716 μεσῖται
3398 4649 3494 4700 καὶ
3539 4649 3733 4717 κριταὶ
3771 4646 3866 4701 τοῦ

2265 4738 2500 4792 δικαίουο
2535 4738 2761 4809 φιληταὶ
2799 4739 2906 4804 τῶν
2955 4738 3486 4810 παρρησιαζομένων
3524 4741 3582 4792 ἐν
3609 4737 3862 4808 ἀληθείς·

2266 4831 2341 4894 ὼς
2372 4831 2506 4884 αὐτὸ
2537 4831 2598 4883 τὸ
2631 4831 2813 4901 τίμιον
2844 4830 3026 4885 αὐτῶν
3049 4833 3224 4902 στόμα
3249 4830 3512 4894 πολλάκις
3529 4829 3864 4900 διαγορεύει.

2281 4923 2608 4992 Ἐνέγκωσιν
2639 4925 2687 4976 οἱ
2723 4925 2890 4994 ἱερεῖς
2924 4923 3106 4995 ίερῶς,
3141 4923 3174 4994 ἢ
3221 4924 3524 4986 πείσουσιν,
3561 4922 3594 4993 ἦ
3628 4921 3862 4992 πεισθή-

2267 5033 2472 5070 σονται.
2522 5017 2585 5070 Εί
2647 5017 2703 5072 δὲ
2751 5017 2906 5071 οὐδὲν
2947 5015 3210 5080 τοιοῦτον,
3241 5013 3377 5067 ἀλλὰ
3423 5013 3520 5066 καὶ
3569 5013 3631 5065 τὸ
3656 5012 3867 5083 γρύξαι

2267 5110 2430 5180 μόνον
2461 5111 2610 5182 ἡμᾶς
2637 5112 2736 5165 ούκ
2771 5109 3020 5167 ἀνεκτόν·
3043 5108 3175 5173 Θεὸς
3207 5109 3402 5177 ἐφορᾷ,
3439 5099 3500 5159 οὗ
3533 5104 3745 5177 μείζων
3778 5103 3870 5156 ού.

2262 5203 2394 5267 δείς·
2421 5199 2480 5259 οὗ
2519 5206 2678 5274 μόνος
2699 5207 2728 5259 6
2760 5204 2927 5273 φόϐος
2961 5201 3212 5274 φοϐερὸς,
3245 5198 3422 5254 καὶτὸ
3449 5200 3566 5251 ἐκεῖ
3600 5197 3872 5266 δικαστήο

2270 5315 2409 5369 ριον,
2449 5291 2494 5366 ᾧ
2539 5299 2739 5361 πάντες
2797 5293 3266 5366 παραστησόμεθα
3316 5291 3668 5361 εύθυνόμενοι
3723 5293 3870 5344 κατὰ

2238 5389 2469 5443 ιπάντα.
2509 5388 2673 5442 Ἀλλὰ
2717 5387 2954 5456 δεόμεθά
3009 5403 3104 5439 σου
3143 5384 3244 5455 τῆς
3274 5383 3625 5453 ἀγαθὸτητος,
3661 5383 3768 5436 καὶ
3793 5381 3872 5445 ὡς

2271 5479 2753 5551 προκυλινδόμενοι
2808 5482 2921 5542 τοῖς
2982 5478 3183 5549 τιμίοις
3215 5493 3310 5530 σου
3371 5478 3564 5548 ἴχνεσι,
3602 5493 3870 5545 παρακα-

2273 5568 2469 5640 λοῦμεν
2497 5569 2592 5624 καὶ
2625 5567 3014 5640 ἀντιϐολοῦμεν
3048 5567 3274 5638 ποιῆσαι
3319 5565 3469 5630 ἔλεος
3523 5565 3638 5638 μεθ’
3673 5564 3869 5640 ἡμῶν,

666 5763 711 5794 ⁵³
751 5761 917 5816 Cone.
961 5761 1202 5818 Neoczes.
1239 5782 1358 5820 can.
1411 5770 1460 5821 7.
1537 5767 1583 5798 “
1624 5769 1757 5824 Cod.
1796 5771 1943 5825 Eccl.
1981 5769 2170 5838 Afric.,
2204 5785 2323 5827 can.
2355 5771 2435 5827 70.
