4044 6366
292 322 403 394 973

1523 322 2076 392 EPISTOL'ARUM
2102 326 2254 391 LIB.
2287 327 2340 388 Ι.

3464 325 3570 389 974

285 436 387 491 καὶ
415 430 594 488 κοινὸν
627 427 817 502 δφελος
837 430 1020 497 αὐτοῖς
1044 449 1103 487 τε
1126 433 1242 508 τοῖς
1271 433 1556 490 εύσεϐέσιν
1591 437 1745 510 ήμῶν
1777 436 1876 508 βα-

1981 439 2470 507 obtestamurque,
2507 442 2569 490 ut
2603 431 3037 490 misericordiam
3063 431 3222 490 nobis
3251 432 3571 504 impertias,

284 525 521 591 σιλεῦσι,
551 523 630 596 τῷ
672 541 734 578 τε
785 525 1076 596 ἁγιωτάτῳ
1100 527 1434 600 πατριάρχῃ,
1492 528 1589 582 καὶ
1622 529 1776 604 πάσῃ
1802 533 1870 602 τῇ

297 617 622 690 Ἐκκλησία,
656 616 719 672 ού
745 619 812 688 τῇ
835 616 960 671 καθ’
988 619 1137 689 ήμᾶς
1167 619 1353 690 μόνον,
1376 620 1513 674 ἀλλὰ
1543 621 1639 675 καὶ
1656 603 1876 694 ’τῇίὰνὰ

285 714 474 763 πᾶσαν
519 708 620 780 τὴν
647 707 978 778 οἰκουμένην
1005 723 1020 740 ⁸
1049 709 1136 762 ἵνα
1177 708 1358 780 παύσῃ
1393 710 1422 762 ὁ
1469 707 1551 774 εἷς
1587 712 1667 775 είς
1707 711 1874 778 δόξαν

285 800 452 866 Θεοῦ,
511 801 608 854 καὶ
653 799 730 872 μὴ
777 798 1025 870 ταραχθῇ
1060 800 1094 871 η
1125 797 1292 853 αὐτοῦ
1321 798 1642 871 Ἐκκλησία.
1699 802 1764 856 Et
1816 801 1875 857 δὲ

291 893 370 964 μή
385 907 470 960 γε,
496 889 636 945 ἁλλὰ
655 891 716 945 τό
733 907 799 960 γε
829 889 1108 960 δεύτερον,
1139 891 1202 943 τὸ
1221 891 1500 960 ἐπιμεῖναι
1525 892 1674 963 ημᾶς
1701 893 1761 946 ὲν
1797 891 1875 963 τῷ

287 981 441 1053 αὐτῷ
468 981 725 1054 καθάπερ
754 984 812 1038 ἐν
861 983 974 1046 τοῖς
1021 981 1155 1037 δέκα
1204 982 1352 1036 ἔτεσι
1381 983 1618 1049 τούτοις.
1669 985 1734 1039 υἱ
1765 985 1874 1056 γὰρ

288 1073 491 1138 λοιποὶ,
513 1072 617 1127 κᾶν
637 1072 820 1144 μυρίοι
837 1065 996 1137 ὦσιν,
1017 1073 1267 1145 ίεράρχαι
1289 1073 1384 1128 καὶ
1409 1074 1573 1146 ἱερεῖς
1598 1075 1692 1128 καὶ
1716 1074 1876 1146 ἡγού-

292 1185 446 1240 μενοι
485 1167 534 1220 οἱ
563 1165 946 1229 κοινωνοῦντες
970 1164 1137 1236 αὐτῷ,
1161 1166 1223 1220 ού
1255 1167 1590 1237 θαυμαστόν·
1618 1167 1745 1221 ἐπεὶ
1775 1167 1876 1221 καὶ

287 1260 446 1315 αὐτοὶ
468 1259 730 1330 συνῆλθον
756 1257 835 1330 τῷ
868 1257 1245 1328 μοιχεύσαντιο
1275 1259 1369 1312 καὶ
1397 1259 1576 1324 οὐδείς
1621 1277 1678 1313 τι
1716 1259 1874 1315 λελά-

287 1353 448 1425 ληκε.
480 1351 665 1406 Ταῦτα
689 1349 920 1416 Θεὸςοδι’
951 1351 985 1422 ή
996 1349 1132 1421 μῶν,
1161 1352 1256 1405 καὶ
1288 1351 1338 1405 εί
1363 1351 1642 1423 τολμηρὸν
1675 1353 1871 1418 εἰπεῖν,

288 1444 392 1498 καὶ
435 1442 766 1515 παρακαλεῖ,
809 1441 904 1497 καὶ
958 1441 1426 1514 προσφθέγγεται,
1488 1439 1586 1497 καὶ
1633 1442 1708 1508 ὡς
1763 1459 1874 1496 κε-

288 1535 495 1601 λεύεις.

754 1707 880 1767 KB'.
908 1742 981 1754 —-
1009 1708 1094 1778 Τῷ
1119 1711 1302 1780 αὐτῷ.
1337 1707 1468 1786 [μ’.]

1976 537 2032 583 ει
2052 543 2346 583 commune
2393 528 2824 583 emolumentum
2858 537 2966 583 tam
3006 528 3112 599 piis
3143 526 3573 598 imperatoribus

1975 619 2200 683 nostris,
2231 634 2396 688 quam
2428 619 2757 689 patriarchae
2789 619 3139 674 sanctissimo
3163 659 3182 682 .
3225 629 3280 674 et
3310 620 3573 676 Ecclesia:

1975 711 2278 778 universae,
2307 726 2422 767 non
2464 711 2594 766 huic
2632 712 2808 766 solum
2849 726 2971 781 quae
3011 711 3155 781 apud
3191 727 3293 766 nos
3336 721 3440 778 est,
3477 713 3578 768 sed

1975 817 2097 872 quae
2140 817 2241 872 per
2281 809 2457 856 totum
2496 803 2687 858 orbem
2710 841 2726 867 ,
2758 809 2822 857 ut
2852 817 2995 857 unus
3023 817 3083 858 se
3107 802 3324 857 abdicet
3344 803 3411 858 ad
3457 803 3576 874 glo-

1974 895 2110 949 riam
2159 893 2285 960 Dei,
2325 903 2383 950 et
2423 910 2534 948 non
2576 895 2930 964 perturbetur
2987 895 3107 965 ejus
3161 895 3430 950 Ecclesia.
3476 894 3573 950 Sin

1975 987 2184 1052 minus,
2211 996 2269 1042 at
2300 987 2494 1042 saltem
2523 987 2628 1042 hoc
2651 986 2952 1042 secundum
2975 1029 2990 1052 ,
3027 996 3089 1041 ut
3117 1001 3440 1042 maneamus
3469 1001 3573 1043 nos

1975 1077 2031 1133 in
2057 1078 2250 1133 eodem
2283 1087 2452 1142 statu,
2487 1094 2597 1148 quo
2626 1093 2724 1150 per
2759 1080 2949 1135 decem
2981 1079 3080 1133 hos
3113 1093 3308 1136 annos.
3336 1078 3472 1133 Nam
3502 1078 3573 1134 de

1975 1171 2218 1236 exteris,
2267 1172 2519 1242 quamvis
2565 1172 2991 1228 innumerabiles
3019 1171 3130 1227 sint
3164 1171 3439 1242 episcopi,
3480 1185 3572 1226 sa-

1973 1259 2222 1316 cerdotes
2247 1299 2263 1324 ,
2317 1269 2373 1316 et
2424 1262 2703 1333 praepositi
2751 1263 2843 1333 qui
2872 1278 2997 1318 cum
3029 1277 3095 1318 eo
3124 1265 3529 1318 communicant
3552 1300 3569 1326 .

1972 1351 2114 1406 nihil
2172 1351 2515 1419 mirandum,
2564 1354 2781 1424 quando
2818 1354 3038 1424 quidem
3090 1354 3256 1408 iidem
3288 1354 3393 1424 ipsi
3443 1369 3571 1410 cum

1971 1441 2224 1497 adultero
2277 1452 2695 1510 consenserunt,
2729 1455 2787 1498 et
2837 1459 3000 1499 nemo
3037 1443 3333 1514 quidquam
3356 1445 3571 1499 locutus

1971 1540 2075 1586 est.
2110 1531 2235 1586 Haec
2265 1531 2408 1588 Deus
2442 1549 2540 1604 per
2585 1549 2707 1602 nos,
2759 1534 2890 1590 licet
2927 1533 3104 1590 audax
3127 1535 3203 1590 sit
3230 1535 3473 1602 dictum,
3513 1545 3571 1592 et

1975 1622 2248 1690 hortatur,
2275 1633 2331 1680 et
2357 1626 2663 1689 denuntiat.
2691 1635 2749 1682 et
2772 1628 2915 1684 sicut
2937 1631 3119 1698 iubes.

2364 1715 2532 1770 xxn.
2558 1747 2624 1756 .-
2652 1716 2840 1771 Eidem
2873 1719 3010 1789 (εο).

362 1825 477 1885 Καὶ
511 1827 677 1884 πάλιν
706 1829 1087 1902 παρακαλέσαι
1124 1847 1220 1884 σου
1257 1830 1358 1904 τὴν
1391 1831 1669 1904 πατρικὴν
1699 1831 1868 1901 ἁγιω-

2049 1831 2115 1888 Et
2148 1833 2347 1889 iterum
2399 1835 2607 1889 hortari
2662 1844 2944 1905 paternam
3010 1834 3357 1890 sanctitatem
3418 1842 3568 1892 tuam

293 1923 486 1996 σύνην,
520 1922 686 1978 καλὸν
727 1923 1081 1996 ἡγησάμεθα,
1113 1923 1468 1979 ἐπιϐαλέσθαι
1501 1926 1702 1998 ἑαυτὴν
1741 1925 1878 1998 πρὸς

289 2016 356 2076 τὸ
397 2017 552 2087 κοινῇ
583 2015 865 2087 συμφέρον
887 2019 984 2071 καὶ
1009 2015 1325 2070 λυσιτελοῦν
1355 2017 1648 2090 κράτιστα.
1673 2019 1748 2073 Οὐ
1769 2018 1879 2090 γὰρ

292 2109 436 2180 πρὸς
457 2109 585 2174 τοὺς
608 2109 854 2174 εὐσεϐεῖς
878 2110 911 2181 ή
920 2109 1038 2180 μῶν
1064 2109 1335 2172 δεσπότας
1354 2109 1384 2162 ὁ
1412 2109 1571 2180 λόγος
1601 2110 1702 2182 τῆς
1727 2112 1879 2165 ἀκοι-

293 2201 591 2272 νωνησίας,
634 2202 757 2256 οὐδὲ
806 2203 840 2274 ή
872 2203 1024 2257 αἰτία
1055 2203 1157 2274 τῆς
1202 2203 1668 2274 ἀμφισϐητήσεως
1689 2241 1704 2267 ,
1735 2203 1880 2258 καθὰ

292 2295 791 2366 προγεγράφαμεν·
825 2293 1028 2366 μᾶλλον
1051 2295 1110 2348 δὲ
1139 2296 1173 2365 ὴ
1198 2293 1335 2366 τιμὴ
1369 2295 1467 2348 καὶ
1502 2297 1536 2367 ή
1566 2295 1878 2365 προσκύνη-

294 2402 408 2451 σις,
456 2386 492 2456 ή
539 2385 855 2451 ὑπόπτωσις
893 2387 1066 2468 καὶοή
1105 2385 1350 2453 ἔντευξις
1389 2385 1534 2440 κατὰ
1575 2385 1638 2440 τὸ
1670 2385 1881 2457 ὀφειλό-

297 2493 492 2547 μενονο
521 2476 658 2548 πρὸς
700 2477 759 2530 δὲ
801 2477 895 2530 τὸν
923 2477 1144 2548 ἀνόμως
1179 2477 1610 2547 στεφανώσαντα
1639 2478 1731 2532 τὸν
1761 2495 1881 2549 μοι·

293 2567 590 2639 χεύσαντα,
623 2567 768 2624 κατὰ
792 2568 882 2624 τὸν
907 2568 1068 2637 λόγον
1091 2568 1186 2624 τοῦ
1217 2569 1444 2640 Κυρίου·
1479 2570 1614 2640 πρὸς
1639 2569 1731 2623 τὸν
1759 2573 1881 2624 τολ-

295 2661 554 2733 μήσαντα
580 2659 910 2732 τηλικούτου
945 2659 1131 2714 κακοῦ
1179 2661 1456 2731 ὑπουργὸν
1489 2660 1743 2730 γενέσθαι
1783 2661 1880 2715 καὶ

295 2750 606 2824 βεϐαιωτὴν
649 2752 744 2805 ἐπὶ
781 2751 876 2805 τοῦ
906 2752 1116 2822 κόσμου
1145 2753 1368 2816 παντός.
1402 2753 1512 2805 Καὶ
1552 2752 1639 2806 ἴνα
1667 2752 1882 2824 ἐκδηλό-

291 2858 458 2914 τερον
499 2841 586 2912 είη
621 2841 685 2894 τὸ
711 2839 1002 2910 λεγόμενον
1035 2842 1097 2894 ού
1129 2841 1266 2912 πρὸς
1293 2841 1536 2913 διδαχὴν,
1571 2841 1708 2896 ἁλλὰ
1744 2843 1881 2912 πρὸς

295 2933 614 3004 ὑπόμνησιν
644 2930 839 3004 αὐτὴν,
864 2931 914 2984 εί
937 2929 1207 2997 κελεύεις,
1231 2931 1332 3004 τὴν
1365 2932 1509 2986 κατὰ
1548 2933 1650 3003 τὴν
1676 2950 1880 3003 στεφα-

293 3025 456 3094 νικὴν
481 3023 798 3094 συνάφειαν,
831 3021 985 3093 ίερὰν
1015 3024 1321 3095 προσευχὴν
1347 3024 1759 3098 παραθήσομεν·
1787 3025 1882 3080 καὶ

295 3116 604 3187 κατίδωμεν
631 3113 902 3181 ἐντεῦθεν,
933 3115 1082 3178 ὅπως
1105 3113 1167 3180 ἐξ
1199 3115 1448 3179 ἐναντίας
1475 3116 1626 3189 αὐτῷ
1645 3116 1724 3188 τῷ
1746 3118 1881 3189 Χρι-

295 3197 434 3281 στῷ,
469 3209 519 3262 εί
563 3209 658 3262 καὶ
682 3205 957 3278 τολμηρὸν
982 3209 1177 3274 εἰπεῖν,
1196 3208 1600 3278 ἀντεφθέγξατο
1630 3210 1724 3264 καὶ
1751 3211 1882 3275 ἁντ-

234 3321 248 3331 σ
294 3300 618 3372 εμαχήσατο
665 3299 755 3352 διὰ
779 3297 876 3352 τοῦ
905 3297 1136 3367 ἐναγοῦς
1175 3299 1342 3354 αὑτοῦ
1403 3301 1698 3372 στόματος,
1729 3303 1758 3356 ὁ
1784 3303 1883 3356 ἁν-

294 3394 488 3462 ένοχον
518 3390 712 3445 ἑαυτὸν
740 3389 1090 3454 ἀποδεικνύς.
1122 3388 1230 3444 Τοῦ
1265 3392 1505 3463 Χριστοῦ
1536 3393 1646 3464 γὰρ
1696 3392 1884 3465 μοιχὸν

294 3481 744 3545 ἁποκαλέσαντος
784 3480 877 3535 τὸν
915 3482 1146 3550 ἀφιέντα
1177 3482 1275 3554 τὴν
1305 3484 1551 3555 νομίμως
1595 3485 1884 3555 συναφθεῖ-

297 3592 409 3629 σαν
439 3573 596 3643 ἀνδρὶ
623 3575 882 3638 γυναῖκα·
911 3572 1126 3644 μοιχεία
1151 3573 1230 3640 δὲ,
1261 3574 1338 3640 ὡς
1361 3572 1538 3644 οἶσθα,
1563 3577 1624 3631 τὺ
1644 3578 1883 3648 χαλεπὸν

295 3667 634 3738 ἁμάρτημα,
661 3665 760 3720 καὶ
784 3664 1106 3736 ίσοδύναμον
1137 3665 1364 3734 φονέως,
1386 3667 1790 3742 ὰρῤενοφθόρου
1821 3686 1883 3724 τε

297 3760 399 3813 καὶ
433 3757 851 3829 ἁλογευομένου,
887 3756 1184 3829 φαρμακοῦ
1230 3775 1290 3811 τε
1325 3760 1422 3813 καὶ
1463 3759 1881 3833 εἰδωλολάτροω

297 3851 452 3905 κατὰ
478 3850 570 3904 τὸν
599 3849 808 3905 κανόνα
835 3848 934 3903 τοῦ
974 3848 1120 3902 θείου
1165 3849 1472 3904 Βασιλείου·
1503 3852 1668 3916 αὐτὸς
1693 3852 1884 3906 τοῦτον

294 3943 384 4014 τῷ
421 3943 798 4014 θυσιαστηρίῳ
817 3943 1201 4014 παραστήσας,
1220 3943 1276 3996 ὲν
1308 3943 1532 4015 ἐπηκόῳ
1563 3946 1762 4008 παντὸς
1789 3945 1881 4000 τοῦ

294 4032 459 4098 λαοῦ,
495 4033 761 4104 ἐτόλμησε
795 4032 957 4104 ῥῆξαι
987 4033 1087 4098 τὰς
1121 4032 1386 4107 βεϐήλους
1430 4036 1611 4105 φωνὰς
1643 4037 1880 4101 ὲκείναςο

295 4127 400 4181 καὶ
427 4127 816 4198 σκοπήσωμεν,
846 4126 1052 4199 Πάτερ,
1084 4127 1407 4199 παρακαλῶ,
1435 4129 1498 4182 τὸ
1529 4128 1760 4201 φοϐερὸν
1789 4129 1884 4184 καὶ

294 4218 556 4271 ἔκτοπονο
591 4216 706 4288 ἔχει
731 4216 842 4288 γὰρ
869 4215 1065 4281 οὕτως’
1110 4235 1131 4270 ι
1168 4216 1362 4284 Αὐτὸς,
1399 4218 1666 4284 Δέσποτα,
1691 4220 1884 4286 ἑξαπό-

295 4309 514 4364 στειλον
546 4307 644 4380 τὴν
673 4308 833 4380 χεῖρά
881 4325 974 4363 σου
1021 4308 1083 4374 ἐξ
1126 4308 1284 4378 ἁγίου
1316 4311 1740 4382 κατοικητηρίου
1788 4329 1882 4365 σου

295 4403 400 4455 καὶ
430 4399 672 4471 ἅρμοσον
704 4400 782 4471 τῷ
806 4399 983 4471 δούλῳ
1007 4417 1105 4455 σου
1132 4401 1235 4472 τὴν
1262 4400 1458 4473 δούλην
1489 4403 1883 4470 σου.Σύζευξον

1980 1926 2247 1997 optimum
2293 1927 2439 1982 factu
2485 1926 2664 1982 visum
2720 1935 2844 1993 εει,
2879 1935 2940 1982 ut
2969 1937 3029 1982 se
3059 1926 3236 1998 ipsam
3265 1926 3468 1982 excitet
3500 1927 3570 1983 ad

1979 2017 2033 2074 id
2053 2020 2200 2090 quod
2215 2019 2491 2075 communi
2519 2020 2666 2076 bono
2694 2027 2858 2091 atque
2881 2020 3100 2075 utilitati
3123 2020 3384 2076 conducit
3400 2034 3568 2091 quam

1979 2113 2237 2168 maxime.
2270 2111 2386 2168 Non
2423 2113 2569 2168 enim
2604 2113 2866 2168 adversus
2915 2113 3036 2182 pios
3064 2112 3317 2167 dominos
3347 2122 3569 2169 nostros

1978 2205 2139 2261 nobis
2160 2220 2343 2260 sermo
2361 2213 2444 2260 est
2464 2206 2646 2260 vitata:
2667 2205 3097 2271 communionis,
3123 2219 3228 2260 nec
3243 2219 3410 2260 causa
3435 2219 3571 2260 con-

1980 2297 2286 2362 troversiae,
2313 2297 2454 2353 sicut
2469 2299 2582 2368 jam
2603 2297 2943 2370 scripsimus.
2959 2297 3144 2368 potius
3165 2305 3346 2352 autem
3365 2297 3565 2362 honor,

1979 2385 2286 2451 veneratio,
2320 2393 2376 2440 et
2402 2387 2729 2452 submissio,
2761 2395 2816 2441 et
2849 2401 3210 2458 congressus,
3261 2391 3424 2456 prout
3476 2401 3568 2442 res

1979 2476 2192 2548 exigit:
2223 2477 2319 2532 sed
2349 2478 2617 2533 adversus
2649 2477 2804 2532 illum
2851 2477 2944 2548 qui
2983 2487 3182 2548 praeter
3229 2477 3320 2547 jus
3376 2476 3569 2548 fasque

1980 2581 2165 2632 omne,
2194 2566 2544 2622 manifestum
2584 2582 2651 2622 ex
2685 2567 2898 2622 Domini
2941 2565 3213 2622 sententia
3253 2565 3565 2622 adulterum

1981 2657 2272 2712 coronavit
2309 2657 2623 2712 :-adversus
2653 2671 2778 2712 cum
2811 2655 2903 2726 qui
2933 2671 3099 2710 ausus
3147 2663 3232 2710 est
3265 2655 3399 2710 tanti
3442 2669 3566 2710 scc—

1982 2747 2114 2802 lc‘ris
2160 2747 2381 2818 adiutor
2407 2754 2463 2802 ct
2493 2756 2733 2802 assertor
2761 2762 2945 2802 coram
2973 2747 3106 2802 orbe
3138 2747 3396 2802 universo
3423 2746 3562 2802 ﬁeri.

1980 2839 2158 2909 Atque
2186 2846 2247 2893 ut
2275 2839 2447 2910 magis
2475 2839 2824 2910 perspicuum
2855 2839 3106 2909 fiatquod
3123 2838 3562 2908 dicimus,ipsas,
3671 2880 3682 2892 .

1981 2928 2027 2983 si
2056 2929 2269 2998 placet,
2304 2944 2428 3000 quae
2473 2930 2527 2984 in
2563 2944 2780 2985 coronas
2835 2929 3180 3000 impositione
3232 2939 3568 3000 usurpantur

1981 3034 2164 3074 sacras
2189 3035 2402 3090 preces,
2453 3036 2564 3076 non
2601 3021 2834 3078 docendi
2870 3022 3051 3077 studio
3075 3062 3090 3087 ,
3148 3022 3245 3077 sed
3287 3021 3566 3078 memoria;

1984 3111 2311 3166 renovandae
2327 3126 2514 3178 causa,
2531 3112 2888 3183 subjiciemus
2915 3130 2928 3166 :
2953 3128 3021 3169 ex
3049 3128 3159 3183 quo
3177 3112 3358 3169 videre
3380 3112 3563 3178 liceat,

1982 3202 2444 3272 quemadmodum
2471 3218 2538 3258 ex
2566 3203 2836 3258 diametro
2865 3202 3084 3257 Christo
3113 3202 3217 3272 ipsi
3243 3243 3259 3269 ,
3314 3202 3564 3273 quamvis

1985 3293 2134 3350 dictu
2161 3295 2512 3350 temerarium
2541 3295 2632 3361 sit,
2677 3295 3081 3366 repugnaverit,
3115 3295 3439 3366 impuroque
3467 3309 3566 3350 ore

1984 3399 2085 3439 suo
2115 3384 2532 3450 contradixerit,
2564 3385 2656 3456 qui
2701 3388 2978 3440 insontem
3028 3399 3088 3440 se
3129 3401 3252 3440 esse
3284 3385 3566 3456 professus

1985 3483 2088 3531 est.
2127 3475 2265 3530 Cum
2306 3477 2451 3533 enim
2490 3476 2745 3532 Christus
2769 3476 3076 3531 adulterum
3107 3486 3264 3532 vocet
3293 3493 3442 3544 eum,
3469 3477 3564 3548 qui

1983 3569 2272 3640 conjugem
2303 3569 2542 3640 legitime
2570 3569 2688 3625 viro
2736 3569 3084 3640 conjunctam
3116 3569 3359 3636 dimisit,
3409 3569 3566 3625 adul-

1985 3661 2318 3732 teriumque,
2358 3661 2605 3728 utnosti,
2637 3677 2799 3732 grave
2827 3661 2898 3716 sit
2920 3670 3225 3733 peccatum,
3253 3678 3354 3734 par
3387 3661 3566 3717 homi-

1981 3755 2136 3821 cidas,
2167 3756 2554 3821 masculorum,
2577 3757 2971 3824 brutorumque
2993 3756 3358 3820 concubitori,
3393 3771 3565 3810 vene-

1984 3844 2108 3911 ﬁco,
2137 3855 2302 3916 atque
2327 3846 2647 3913 idololatriae,
2667 3848 2820 3917 juxta
2839 3847 3006 3901 divini
3029 3846 3210 3902 Basilii
3239 3847 3563 3918 regulam";

1983 3937 2134 3993 hunc
2163 3939 2267 3993 iste
2303 3937 2373 3992 ad
2401 3938 2574 3993 altare
2624 3939 2953 4007 producens,
2987 3939 3135 3993 omni
3169 3939 3368 4008 pOpulo
3393 3953 3562 3992 exau-

1983 4031 2206 4098 diente,
2264 4030 2526 4102 profanas
2587 4029 2706 4085 illas
2757 4045 2920 4084 voces
2953 4029 3198 4100 proferre
3246 4045 3414 4085 ausus
3442 4039 3562 4098 est,

1983 4113 2397 4180 consideremus
2433 4138 2642 4193 quaeso,
2669 4123 2849 4190 Pater,
2876 4139 3038 4194 quam
3066 4123 3337 4179 horrenda
3392 4139 3481 4179 res
3508 4134 3566 4180 et

1983 4215 2216 4270 absurda
2243 4213 2336 4278 sit,
2377 4213 2457 4269 sic
2484 4213 2630 4268 enim
2666 4213 2771 4268 illa:
2797 4228 2857 4268 se
2889 4214 3092 4268 habent
3115 4231 3159 4268 ε(
3182 4214 3285 4280 Tu,
3314 4215 3560 4279 Domine,

1983 4306 2140 4361 mitte
2179 4319 2398 4360 manum
2436 4313 2585 4359 tuam
2633 4304 2702 4360 de
2733 4314 2923 4360 sancto
2953 4305 3264 4360 habitacula
3319 4315 3450 4370 tuo,
3509 4316 3566 4362 et

1985 4397 2243 4452 famulam
2277 4405 2424 4452 tuam
2455 4395 2662 4452 famulo
2684 4406 2780 4452 tuo
2805 4397 3095 4468 conjunge.
3125 4398 3398 4454 Connecte
3439 4397 3564 4454 illos

296 4491 502 4554 αὐτοὺς
540 4490 601 4545 ὲν
630 4489 1002 4563 ὁμοφροσύνῃ.
1051 4491 1294 4546 Ἕνωσον
1338 4492 1538 4557 αὐτοὺς
1577 4493 1658 4557 είς
1700 4494 1881 4566 σάρκα

1986 4491 2042 4546 in
2064 4499 2254 4546 mutua
2272 4489 2586 4554 concordia,
2609 4490 2756 4546 socia
2781 4505 2876 4544 eos
2895 4490 2952 4545 in
2975 4505 3195 4544 carnem
3220 4506 3404 4557 unam,
3427 4505 3567 4560 quos

300 4581 459 4653 μίαν,
508 4581 604 4646 οὓς
644 4581 948 4652 εὐδόκησας
995 4583 1334 4653 πναφθῆναι
1377 4582 1652 4656 ἀλλήλοις.
1688 4585 1884 4657 Τίμιον

297 4674 397 4729 τὸν
443 4676 622 4744 γάμον
669 4673 975 4741 ἀνάδειξον,
996 4675 1264 4747 ἁμίαντον
1315 4676 1498 4730 αὐτῶν
1549 4677 1650 4749 τὴν
1697 4677 1887 4746 κοίτην

295 4764 656 4836 διατήρησον,
687 4765 1026 4838 ἁκηλίδωτον
1062 4766 1244 4821 αὐτῶν
1276 4767 1378 4839 τὴν
1423 4769 1734 4840 συμϐίωσιν
1773 4769 1888 4824 δια-

303 4858 491 4928 μεῖναι
530 4856 844 4928 εὐδόκησον.
884 4876 903 4909 ι
933 4858 1049 4912 Οὐκ
1078 4853 1190 4930 ἆρα
1223 4861 1460 4930 φρικτὸν
1496 4861 1590 4915 καὶ
1614 4861 1889 4934 ἀκουόμε-

299 4963 420 5012 νον,
449 4947 545 5001 καὶ
591 4947 978 5020 ὲννοούμενονς
1013 4950 1182 5004 πόσον
1230 4953 1378 5006 ἐστὶν
1425 4951 1660 5034 ἐνταῦθα
1684 4953 1891 5008 ὑπολα-

304 5042 426 5113 βεῖν
455 5040 550 5097 τὸν
589 5041 971 5114 παροργισμδν
1022 5042 1118 5096 τοῦ
1158 5045 1318 5112 ἁγίου
1350 5043 1671 5115 Πνεύματος
1719 5047 1778 5100 ὲν
1821 5049 1886 5118 τῇ

298 5132 532 5205 τοιαύτῃ
580 5133 940 5206 βλασφημία,
981 5135 1404 5208 συνοργισθῆναί
1447 5154 1507 5190 τε
1536 5139 1663 5202 τοὺς
1700 5139 1889 5208 ἁγίους

299 5223 574 5292 ἀγγέλους
626 5224 686 5276 ὲν
729 5224 851 5286 ταῖς
879 5222 1234 5294 τηλικαύταις
1283 5224 1656 5297 δυσφημίαις;
1697 5226 1730 5298 ἢ
1769 5227 1889 5290 πῶς

298 5317 367 5370 οὐ
398 5314 736 5386 παραυτίκα,
764 5315 840 5378 ὡς
883 5313 976 5368 τὸν
1013 5313 1196 5368 Δαθὰν
1225 5317 1320 5370 καὶ
1358 5317 1644 5390 Ἀϐειρὼν,
1680 5318 1893 5374 ὑπέλατ

303 5407 405 5460 ϐεν
441 5407 478 5477 ἡ
512 5404 588 5475 γῆ
639 5405 853 5476 χάνασα
885 5405 977 5459 τὸν
1021 5406 1311 5477 ὑφηγητήν
1359 5407 1450 5461 τοῦ
1499 5408 1749 5476 ψεύδους,
1793 5419 1892 5469 καὶ

301 5495 592 5554 δεικνύντα
623 5495 686 5548 τὸ
731 5495 923 5558 σκότος
952 5495 1091 5564 φῶς,
1116 5497 1209 5550 καὶ
1241 5497 1335 5551 τὸν
1364 5499 1599 5569 Χριστὸν
1629 5501 1709 5566 εἰς
1736 5501 1889 5556 ἐναν-

373 5637 420 5670 ³³
451 5634 629 5707 Epist.
655 5636 721 5692 ad
751 5636 1124 5709 Amphiloch.,
1155 5652 1280 5694 can.
1314 5639 1368 5693 7.

1985 4582 2082 4638 tibi
2116 4581 2295 4638 visum
2316 4591 2402 4637 est
2426 4580 2568 4636 inter
2590 4595 2651 4636 se
2682 4579 2946 4650 copulari,
2968 4581 3318 4635 honorabiles
3344 4582 3567 4652 nuptias
3640 4621 3648 4630 .

1984 4674 2151 4731 redde
2186 4692 2200 4728 :
2237 4673 2642 4729 immaculatum
2669 4688 2858 4728 eorum
2889 4682 3068 4728 torum
3093 4689 3388 4730 conserva:
3416 4675 3564 4744 ipso-

1986 4782 2106 4822 rum
2137 4765 2556 4822 contubernium
2581 4765 2970 4819 intaminatum
3002 4781 3220 4820 manere
3252 4767 3509 4822 concede.
3538 4787 3558 4820 ι

1986 4858 2182 4913 Annon
2213 4857 2376 4930 igitur
2403 4856 2663 4912 horribile
2694 4865 2781 4912 est
2822 4857 2968 4927 quod
3014 4857 3264 4924 auditur,
3311 4859 3568 4928 quodque

1987 4951 2296 5022 cogitatur?
2353 4947 2625 5016 Quantam
2673 4950 2948 5006 aestimare
2999 4959 3084 5006 est
3113 4951 3287 5006 sancti
3331 4951 3566 5023 Spiritus

1984 5043 2416 5116 indignationem
2437 5057 2560 5098 esse
2579 5043 2649 5099 oh
2667 5043 2935 5114 ejusmodi
2953 5043 3382 5114 blasphemiam?
3401 5061 3566 5115 quam

1938 5141 1940 5143 ’
1983 5135 2340 5191 vehementer
2362 5149 2692 5191 succensere
2727 5150 2835 5190 una
2861 5150 3054 5190 omnes
3098 5145 3317 5192 sanctos
3343 5138 3566 5208 angelos

1985 5228 2055 5283 ob
2085 5235 2292 5282 tantam
2329 5227 2714 5298 impietatem?
2746 5237 2802 5282 et
2829 5227 3104 5296 quomodo
3152 5243 3262 5283 non
3317 5231 3568 5299 protinus

1988 5319 2284 5375 dehiscens
2310 5328 2456 5374 terra
2485 5319 2780 5391 absorpsit,
2821 5319 2970 5374 velut
3012 5318 3220 5374 Dathan
3243 5328 3299 5374 et
3335 5321 3564 5387 Ahiron,

1991 5413 2452 5485 promulgatorem
2482 5412 2775 5484 mendacii,
2794 5412 2886 5483 qui
2918 5411 3168 5466 tenebras
3189 5410 3371 5464 lumen
3397 5411 3565 5477 dicat,

1993 5505 2085 5574 qui
2115 5504 2395 5561 Christum
2433 5506 2726 5577 pugnantia
2759 5505 3069 5576 loquentem
3099 5501 3277 5558 facere
3301 5501 3568 5558 conetur?

365 5731 497 5816 βο)
535 5731 656 5788 Haec
686 5747 905 5804 quoque
931 5733 1130 5806 scripta
1159 5744 1246 5793 est
1277 5734 1518 5792 Platonis
1544 5734 1786 5792 nomine.
1822 5732 2042 5805 (Baron.
2072 5749 2204 5791 ann.
2226 5734 2350 5802 808,
2380 5752 2436 5791 n.
2463 5735 2576 5804 17.)
