4044 6366
512 339 618 400 9ῖὸ

1696 332 1756 390 S.
1792 327 2186 390 THEODORI
2233 329 2581 392 STUDlT.E

3661 336 3768 400 976

515 451 747 504 Prorsus
776 445 922 502 enim
949 458 1290 516 quaecunque
1321 441 1641 514 pronuntiat
1673 441 1949 506 sacerdos,
1991 456 2088 496 ea—

2211 443 2464 513 τιολογίαν
2508 443 2829 515 περιπεσεῖν
2853 441 3232 516 πειρώμενονς
3268 444 3492 511 Πάντως
3525 447 3637 520 γὰρ
3673 450 3773 503 ὅσα

515 543 639 596 dem
667 541 811 594 Deus
838 537 1160 593 confirmare
1195 551 1276 599 se,
1323 543 1378 589 et
1411 543 1526 589 rata
1555 533 1756 588 habere
1778 533 2088 600 denuntiat,

517 643 578 690 ut
631 647 860 704 magnus
925 629 1155 685 affirmat
1199 626 1509 697 Dionysius.
1561 623 1763 678 Verum
1807 625 1898 678 ille
1932 625 2092 695 longa

515 725 778 796 patientia
811 722 1050 793 pertulit,
1093 721 1292 774 ostium
1319 716 1656 788 pmnitcntia:
1687 715 1934 785 pandens
1955 715 2093 770 tanti

519 816 742 872 sceleris
766 829 862 868 reo
885 852 900 879 ,
950 813 1112 866 istum
1153 809 1353 864 deinde
1383 847 1398 872 ,
1457 823 1555 877 pro
1593 821 1659 860 eo
1687 807 1831 875 quod
1870 805 1998 860 flere
2031 820 2095 860 ac

521 909 705 978 lugere
733 919 906 974 usque
936 903 1001 956 ad
1026 911 1255 956 mortem
1287 898 1492 963 debuit,
1519 904 1575 952 et
1607 897 2002 951 abominandus
2031 911 2096 951 ac

520 1000 874 1057 detestandus
900 997 968 1052 ad
997 995 1248 1051 vindicta:
1278 992 1474 1048 divina:
1495 991 1802 1061 exemplum
1828 990 1970 1060 apud
1996 1004 2095 1060 po-

523 1103 697 1149 steros
719 1087 968 1153 censeri,
1001 1099 1190 1140 rursus
1210 1085 1265 1138 in
1290 1083 1588 1138 Ecclesiam
1615 1082 1862 1146 introire,
1897 1089 1952 1136 et
1982 1095 2098 1134 rur-

523 1199 616 1237 sus
645 1179 982 1236 sacerdotem
1006 1191 1126 1230 esse
1161 1175 1460 1245 propalam.
1497 1172 1658 1242 Ergo,
1690 1173 1842 1242 quasi
1868 1173 2096 1242 praecla-

523 1291 642 1330 rum
681 1271 881 1341 aliquid
913 1276 1218 1339 patrasset,
1270 1266 1546 1336 ingressus
1584 1275 1667 1319 est
1697 1281 1710 1318 :
1740 1265 2097 1334 devictusquc

521 1365 793 1426 Christus,
825 1369 886 1414 ut
918 1359 1008 1429 qui
1041 1358 1299 1421 absurda,
1323 1357 1483 1410 istius
1516 1355 1736 1424 quidem
1768 1369 1884 1419 ore,
1909 1363 2089 1424 protu-

523 1455 694 1510 lisset.
734 1453 813 1506 Ac
843 1451 1112 1520 reliquum
1144 1456 1283 1512 erat,
1315 1457 1376 1502 ut
1406 1461 1494 1501 res
1523 1461 1622 1516 per
1654 1446 1930 1516 publicum
1978 1447 2098 1514 ejus

525 1543 891 1599 sacerdotium
941 1551 1052 1596 tota
1085 1539 1330 1594 Ecclesia
1376 1545 1562 1591 nostra
1605 1537 1976 1607 divulgaretur
2019 1535 2101 1589 fa-

526 1645 782 1703 ctumque
816 1647 1009 1686 omnes
1031 1629 1308 1684 communi
1337 1626 1592 1697 suﬂ'ragio
1621 1626 2061 1696 comprobarent.

597 1725 738 1792 Quid
768 1725 913 1779 enim
948 1722 1095 1777 aliud
1125 1721 1367 1776 futurum
1394 1718 1721 1774 censemus?
1744 1718 1836 1772 sed
1859 1718 2022 1785 absit,
2047 1729 2102 1772 et

2190 539 2220 590 6
2249 539 2428 608 ἱερεὺς
2458 537 2771 606 ὑποφαίνει,
2809 535 2985 590 ταῦτα
3033 536 3126 590 καὶ
3161 536 3296 602 Θεὸς
3345 539 3553 611 κυροῦν
3598 543 3773 612 ἐπαγ-

2189 627 2458 697 γέλλεται,
2494 628 2636 681 κατά
2666 627 2757 680 τὸν
2793 626 2972 698 μέγαν
3010 625 3311 683 Διονύσιον.
3360 629 3526 684 Ἀλλά
3560 649 3770 703 μακρο-

2192 717 2381 788 θυμῶν
2441 718 2693 788 ἦνεγκεν,
2744 717 3056 786 ὑπανοίγων
3105 717 3278 789 θύραν
3337 722 3630 789 μετανοίας
3691 723 3772 794 τῷ

2193 809 2361 880 ἐνόχῳ
2400 810 2496 880 τῆς
2529 809 2823 882 ἁμαρτίας,
2855 803 2976 861 εἶτα
3018 809 3137 862 ἀντὶ⁸
3161 809 3255 862 τοῦ
3287 810 3496 864 κλαίειν
3519 814 3617 866 καὶ
3645 830 3774 867 πενο

2193 900 2308 954 θεῖν
2357 901 2451 954 τὸν
2504 900 2750 954 τοιοῦτον
2801 901 2964 970 μέχρι
3025 899 3281 965 θανάτου,
3318 901 3668 956 άπόπτυστόν
3710 921 3770 958 τε

2194 987 2449 1045 εἶναικαὶ
2477 992 2853 1062 ἀποτρόπαιον
2880 993 2962 1055 είς
2982 991 3290 1063 ὑπόδειγμα
3313 997 3435 1057 ταῖς
3470 999 3770 1065 μετέπειτα

2194 1086 2430 1152 γενεαῖς,
2468 1083 2622 1147 θείας
2651 1083 3008 1154 ζηλοτυπίας·
3047 1084 3212 1138 πάλιν
3254 1085 3313 1137 ἐν
3356 1089 3422 1156 τῇ
3471 1086 3774 1159 Ἐκκλησξᾳ

2195 1177 2481 1242 εἰσελθεῖν,
2534 1176 2632 1230 καὶ
2687 1177 2851 1230 πάλιν
2896 1175 3169 1248 ὑπάρχειν
3231 1178 3385 1248 ίερέα
3440 1179 3772 1248 ἀναφανδόν.

2196 1268 2408 1323 Οὐκοῦν
2436 1268 2513 1332 ὡς
2542 1267 2708 1322 καλόν
2734 1285 2788 1322 τι
2817 1267 3120 1339 πεπραχὼς
3149 1269 3489 1341 εἰσελήλυθε
3524 1272 3620 1324 καὶ
3644 1271 3775 1342 Χρι-

2200 1360 2322 1424 στὺς
2363 1360 2615 1430 ἥττηται,
2653 1359 2776 1413 κατ’
2824 1359 2994 1412 αὑτὸν
3042 1361 3374 1431 παραλόγως
3413 1362 3773 1434 διαγορεύων.

2198 1453 2309 1506 Καὶ
2328 1452 2448 1505 δέον
2467 1450 2556 1505 διά
2585 1450 2685 1520 τῆς
2713 1452 2772 1506 ἐν
2795 1449 2872 1521 τῷ
2902 1451 3069 1522 κοινῷ
3100 1453 3416 1525 ἱερουργίας
3441 1455 3636 1520 αὑτοῦ,
3660 1456 3777 1508 δια-

2197 1544 2418 1614 δοθῆναι
2470 1544 2550 1606 είς
2600 1545 2784 1596 πᾶσαν
2813 1543 2913 1613 τὴν
2941 1542 3063 1596 καθ’
3106 1545 3254 1614 ημᾶς
3297 1545 3653 1617 Ἐκκλησίαν,
3681 1549 3777 1600 καὶ

2203 1634 2647 1702 συγκατανεῦσαι
2679 1634 2889 1698 πάντας
2919 1635 3012 1688 ἐπὶ
3040 1636 3118 1706 τῷ
3143 1637 3371 1709 τοιούτῳ
3403 1639 3572 1710 ἔργῳ.

2272 1726 2338 1778 Τί
2370 1726 2478 1794 γάρ
2511 1725 2638 1778 ἀλλο
2686 1728 2780 1779 καὶ
2826 1726 2888 1780 οὑ
2918 1725 3079 1780 τοῦτο
3109 1728 3443 1798 γενήσεται;
3489 1731 3660 1784 Ἀλλά
3701 1733 3777 1803 μὴ

529 1819 761 1874 fortasse
787 1815 914 1870 talia
945 1815 1204 1884 deinceps
1238 1827 1335 1882 per
1365 1810 1669 1880 improbam
1699 1809 2098 1864 aemulationem

2211 1817 2432 1886 γένοιτο.
2465 1819 2558 1869 Δεῖ
2581 1816 2638 1870 δὲ
2665 1817 2806 1888 τάχα
2836 1818 2900 1871 ἐκ
2926 1817 3245 1889 παραζηλου
3277 1819 3386 1872 ἀπὸ
3411 1820 3507 1874 τοῦ
3537 1819 3702 1894 δεῦρο
3717 1823 3778 1876 τδ

530 1910 648 1965 fieri
675 1915 924 1979 oporteat
949 1925 962 1961 ς
983 1913 1316 1961 coronentur
1334 1901 1564 1958 adulteri
1587 1939 1602 1965 ,
1622 1910 1680 1956 et
1699 1901 1793 1970 qui
1815 1910 2100 1966 coronant,

529 2001 685 2072 quasi
715 2015 970 2069 magnum
1012 1997 1228 2066 aliquod
1255 1995 1464 2050 facinus
1498 1993 1787 2057 ediderint,
1813 1993 2105 2062 multisque

532 2093 828 2164 prodesse,
861 2099 917 2144 et
950 2090 1252 2145 uniformes
1281 2086 1418 2140 ritus
1440 2085 1700 2140 inducere
1723 2083 1952 2154 possint.
1992 2083 2103 2138 Ho-

532 2184 759 2241 noriﬁce
791 2183 860 2237 ab
892 2181 1148 2240 omnibus
1201 2178 1562 2248 excipiantur.
1625 2176 1732 2231 Sed
1779 2176 1921 2231 absit
1955 2194 1969 2229 :
1999 2189 2106 2230 nec

533 2278 680 2334 enim
713 2275 802 2330 ille
845 2273 1135 2338 sacerdos;
1183 2286 1287 2327 nec
1342 2269 1418 2324 illi
1461 2268 1554 2339 qui
1605 2269 1754 2323 illum
1803 2269 2104 2323 imitantur.

533 2369 720 2440 Neque
748 2384 879 2424 vero
898 2382 1022 2422 eum
1045 2363 1192 2418 fallat
1208 2361 1353 2432 quod
1386 2361 1682 2430 imperator
1710 2360 1921 2429 fuitqui
1954 2360 2107 2414 adul-

536 2464 730 2518 terium
751 2457 1043 2516 commisit.
1077 2455 1171 2510 Dei
1201 2454 1348 2509 enim
1365 2454 1510 2525 leges
1531 2453 1786 2507 onmibus
1815 2453 2105 2522 imperant,

535 2561 598 2608 ut
625 2551 886 2620 scriptum
919 2556 1003 2602 est
1023 2546 1090 2599 ⁵⁸.
1129 2543 1495 2598 Nihilominus
1526 2544 1616 2613 qui
1642 2552 1750 2598 tam
1777 2551 1973 2597 tetrum
2003 2543 2108 2598 hoc

525 2642 749 2698 facinus
775 2639 1039 2702 admisit,
1086 2637 1386 2692 etiamnum
1433 2635 1801 2704 iniquitatem,
1841 2634 2107 2705 justitiam

535 2734 718 2790 facere
743 2730 1060 2795 contendit;
1091 2737 1166 2802 et,
1183 2729 1328 2797 quod
1363 2726 1472 2781 dici
1493 2727 1652 2791 solet,
1682 2741 1740 2780 se
1769 2727 1944 2796 ipsum
1962 2727 2110 2781 Prae-

529 2840 761 2882 tursore
787 2839 849 2878 ac
865 2821 1102 2891 Baptista
1127 2820 1452 2874 sanctiorem
1468 2820 1776 2873 ostendere.
1805 2819 1941 2872 Cum
1963 2818 2110 2872 enim

539 2919 630 2973 ille
667 2915 935 2971 Herodem
973 2913 1277 2968 adulterum
1302 2912 1634 2981 coarguerit,
1660 2919 1717 2965 et
1755 2925 1853 2981 pro
1881 2911 2111 2964 veritate

538 3017 772 3066 mortem
831 3006 1140 3078 oppetierit,
1193 3003 1294 3056 iste
1321 3001 1590 3057 Herodem
1619 3003 1872 3067 alterum,
1920 3001 2112 3056 similis

541 3099 794 3157 adulterii
818 3099 996 3169 reipsa
1024 3102 1384 3166 compertum,
1410 3104 1466 3148 et
1489 3093 1790 3158 coronavit,
1812 3093 1946 3148 etad
1969 3107 2113 3146 mon-

542 3149 794 3157 -----ν---
818 3149 995 3169 "Tw
1149 3149 1168 3166 ι
1372 3149 1383 3160 ,
1778 3149 1789 3158 .

542 3202 654 3249 tem
685 3207 858 3261 usque
882 3189 1202 3259 complexus
1229 3193 1314 3241 est
1344 3204 1357 3240 :
1392 3200 1505 3238 non
1535 3183 1752 3253 quidem
1777 3183 1979 3248 verbis,
2016 3182 2114 3237 sed
2138 3149 2181 3207 Ο

541 3283 705 3341 factis
737 3282 871 3352 ipsis
913 3279 1235 3344 inclamans,
1282 3277 1550 3332 erravisse
1575 3273 1840 3330 Joannem
1870 3276 2114 3330 Praecur-

542 3389 746 3436 sorem.
765 3374 858 3444 qui
881 3371 1260 3441 intempestive
1279 3378 1441 3438 atque
1462 3369 1662 3438 injuste
1679 3367 2110 3437 reprehenderit,

544 3475 601 3522 et
641 3474 895 3520 mortuus
921 3462 1014 3517 sit.
1043 3462 1151 3516 Sed
1181 3461 1341 3516 absit.
1383 3459 1478 3515 Ille
1505 3460 1656 3515 enim
1686 3460 1818 3532 legis
1859 3459 2117 3514 defensor

544 3573 612 3612 ac
649 3555 833 3627 ﬂagitii
867 3552 1215 3624 proﬂigator;
1250 3553 1351 3607 iste
1393 3566 1523 3606 vero
1559 3551 1867 3606 divinorum
1918 3558 2118 3622 myste-

546 3647 753 3702 riorum
805 3642 1184 3707 conculcator,
1239 3651 1296 3696 et
1346 3641 1640 3712 illegitima:
1713 3641 2118 3710 conjunctionis

547 3737 831 3808 cOpulator
854 3744 911 3790 et
938 3734 1267 3804 obsignator.
1300 3733 1369 3786 Et
1399 3732 1488 3786 ille
1536 3731 1756 3802 quidem
1787 3731 1985 3786 clamat
2029 3731 2118 3785 vel

547 3839 843 3884 mortuus:
877 3825 998 3881 Non
1041 3826 1159 3880 licet
1215 3825 1308 3878 tibi
1361 3825 1553 3878 habere
1613 3841 1829 3879 uxorem
1884 3823 2116 3894 Philippi

551 3919 738 3990 fratris
774 3918 850 3971 tui
872 3917 917 3948 "
947 3936 960 3970 :
994 3922 1050 3971 et
1085 3916 1140 3970 in
1171 3913 1400 3969 Herodis
1439 3929 1673 3985 persona
1710 3914 1828 3969 orbi
1864 3914 2118 3970 universo

547 4011 854 4076 denuntiat,
898 4024 969 4064 ne
1009 4008 1295 4078 quisquam
1325 4006 1378 4060 in
1415 4017 1691 4076 posterum
1723 4007 1828 4062 tale
1867 4007 1994 4076 quid
2018 4023 2116 4060 au—

549 4105 698 4160 deat.
726 4103 834 4158 Iste
873 4085 1059 4157 autem
1083 4100 1283 4155 Herodi
1313 4099 1472 4155 alteri
1499 4099 1567 4155 ad
1598 4101 1744 4157 hunc
1767 4115 1938 4170 usque
1976 4101 2118 4154 diem

549 4208 741 4254 contra
769 4195 1100 4251 vociferatur
1132 4195 1262 4265 ipsis
1289 4196 1452 4251 rebus
1478 4213 1492 4250 :
1519 4194 1673 4250 Licet
1703 4194 1800 4249 tibi
1831 4193 2118 4264 coniugem

550 4288 753 4343 habere
789 4286 1128 4342 Theodotam
1153 4286 1424 4340 moecham
1463 4304 1476 4339 :
1517 4295 1575 4340 et
1603 4285 1656 4338 in
1694 4285 1814 4354 ejus
1861 4297 2118 4353 persona,

553 4379 886 4443 hominibus,
924 4387 986 4432 ut
1009 4387 1271 4447 perpetuo
1295 4377 1658 4440 moechentur,
1697 4383 1884 4444 aperte
1923 4375 2121 4443 praeci-

551 4473 650 4543 pit,
678 4480 840 4542 atque
874 4477 934 4525 ut
955 4466 1264 4524 sacerdotes
1286 4467 1395 4522 sint
1420 4465 1514 4536 qui
1545 4465 1676 4519 tales
1704 4474 1986 4520 coronant.
2045 4453 2048 4457 ’

621 4751 668 4808 0
696 4747 1046 4806 temerarium
1087 4744 1221 4800 corl
1280 4741 1325 4798 0
1369 4748 1742 4810 contemptum
1788 4739 2123 4810 iudiciorum

553 4843 648 4899 Dei
673 4845 687 4897 i
733 4841 878 4909 Quin
907 4836 1146 4894 universi
1175 4835 1358 4906 potius
1385 4834 1717 4904 redarguunt
1749 4833 1854 4886 hoc
1885 4833 2119 4898 facinus,

553 4946 723 5000 seque
754 4931 823 4984 ab
871 4929 975 4982 isto
1004 4925 1248 4988 homine,
1295 4923 1381 4980 vel
1419 4923 1542 4977 cibo
1593 4930 1754 4976 tenus
1795 4928 1959 4990 atque
1989 4936 2121 4975 con-

551 5038 744 5094 gressu
769 5029 1062 5090 separant,
1103 5018 1206 5072 nisi
1266 5023 1550 5086 peccatum
1592 5023 1714 5084 post
1754 5013 2122 5067 onmimodam

553 5113 843 5170 sacerdotii
874 5111 1232 5182 privationem
1277 5107 1598 5163 confiteatur
1623 5106 1646 5159 ?
1691 5106 1979 5174 Propterea
2008 5105 2124 5176 pie-

557 5211 720 5261 tatem
755 5212 1014 5268 vestram,
1045 5211 1099 5256 et
1127 5210 1397 5256 attentum
1427 5241 1442 5266 ,
1479 5215 1576 5271 pro
1603 5198 1745 5254 sacri
1787 5199 2006 5253 habitus
2035 5215 2124 5252 ra-

555 5297 722 5362 tione,
746 5293 1049 5364 disciplinae
1075 5294 1312 5349 studium
1340 5294 1699 5359 obtestamur,
1728 5302 1789 5346 ut
1809 5292 1971 5347 verba
2007 5291 2124 5345 haec

551 5391 859 5462 adpiorum
891 5390 1238 5444 dominorum
1261 5403 1421 5442 aures
1449 5386 1752 5456 perferatis.
1787 5384 2123 5438 Confidimus

553 5485 723 5547 enim,
757 5483 805 5538 si
844 5484 1010 5547 hunc,
1050 5480 1396 5537 sanctissimo
1428 5478 1736 5550 patriarcha
1783 5484 1972 5530 nostro
2024 5490 2122 5544 ap-

554 5578 840 5646 probante,
874 5575 1238 5646 represserint
1260 5617 1273 5640 ,
1309 5574 1426 5628 fore
1460 5583 1518 5626 ut
1568 5569 1898 5641 applaudant
1924 5569 2121 5638 angeli,

630 5780 677 5810 “
719 5779 879 5832 Hom.
905 5795 1024 5832 xm.
1062 5779 1097 5831 2
1119 5794 1271 5847 seqq,
1340 5779 1382 5810 "
1417 5775 1580 5830 Marc.
1614 5791 1691 5841 vt,
1725 5775 1810 5828 i6.

2149 4499 2196 4556 D

2203 1907 2448 1962 τοιοῦτον
2483 1907 2751 1977 γίνεσθαι·
2797 1909 2890 1962 καὶ
2925 1909 3416 1978 στεφανούσθωσαν
3448 1915 3656 1984 μοιχοὶ,
3686 1915 3779 1970 καὶ

2203 2003 2254 2054 οἱ
2289 2002 2700 2071 στεφανοῦντες,
2753 2000 2828 2064 ὡς
2865 2002 3008 2072 μέγα
3063 2019 3118 2055 τι
3173 2005 3635 2076 κατωρθωκότες,
3686 2009 3779 2063 καὶ

2206 2095 2332 2157 τοὺς
2365 2093 2596 2157 πολλοὺς
2650 2092 2906 2162 ὠφελεῖν,
2948 2095 3045 2148 καὶ
3087 2096 3304 2164 ἐνάγειν
3330 2099 3409 2160 εἰς
3441 2101 3778 2169 ὁμοτροπίαν

2205 2187 2513 2256 δυνάμενοι.
2555 2184 3015 2250 Ἀσπαζέσθωσαν
3053 2187 3159 2239 ὑπὸ
3191 2187 3300 2240 τῶν
3337 2189 3575 2244 πολλῶν.
3623 2192 3779 2246 Ἀλλά
3873 2217 3878 2221 ·

2210 2280 2284 2351 μὴ
2312 2280 2545 2348 γένοιτο*
2571 2277 2695 2332 οὕτε
2723 2277 2833 2348 γὰρ
2865 2279 3075 2339 ἐκεῖνος
3111 2281 3316 2350 ἱερεὺς,
3346 2279 3470 2333 οὔτε
3498 2281 3550 2332 οί
3578 2283 3782 2335 ἐκεῖνον

2211 2371 2559 2444 μιμούμενοι.
2613 2371 2706 2443 Μὴ
2736 2372 2845 2442 γὰρ
2879 2373 2937 2424 ἐν
2979 2372 3177 2442 ἐκείνῳ
3210 2372 3534 2439 ὰπατάσθω,
3567 2375 3648 2428 ὅτι
3684 2375 3783 2444 βα-

2209 2466 2392 2528 σιλεὺς
2418 2458 2487 2534 ἦν
2519 2463 2549 2516 6
2594 2462 2913 2534 μοιχεύσας.
2955 2463 3218 2533 ’Δρχουσι
3252 2463 3361 2535 γάρ
3399 2465 3450 2517 oi
3505 2465 3604 2518 τοῦ
3647 2465 3782 2519 Θεοῦ

2209 2557 2364 2626 νόμοι
2407 2555 2650 2619 πάντων,
2703 2553 2849 2608 κατά
2891 2554 2955 2606 τὸ
2998 2556 3415 2629 γεγραμμένον.
3461 2556 3604 2610 Ἀλλ’
3633 2557 3784 2626 ὅμως

2207 2648 2367 2701 τοῦτο
2419 2647 2626 2718 δράσας
2664 2647 2725 2700 τὸ
2780 2646 3160 2717 παγχάλεπον,
3219 2646 3301 2701 ἐτι
3343 2647 3642 2715 φιλονεικεῑ
3687 2649 3786 2718 τὴν

2209 2741 2440 2812 ἀνομίαν
2469 2739 2818 2810 δικαιοσύνην
2846 2739 3134 2808 γνωρίσαι·
3167 2739 3262 2792 καὶ
3291 2741 3351 2793 τὸ
3371 2739 3434 2810 δὴ
3467 2740 3784 2811 λεγόμενον,

2212 2819 2494 2898 ἀποδεῖξαι
2519 2831 2712 2884 ἐαυτὸν
2728 2829 2825 2884 τοῦ
2841 2831 3158 2902 Προδρόμου
3179 2832 3273 2886 καὶ
3292 2832 3601 2886 Βαπτιστοῦ
3623 2832 3785 2886 ὀσιώ·

2211 2941 2393 2994 τερον.
2448 2925 2688 2978 Ἐκείνου
2721 2925 2829 2996 γὰρ
2873 2924 3188 2996 ἐλέγχοντος
3236 2927 3337 2996 τὴν
3375 2926 3616 2998 Ἡρώδου
3665 2945 3786 2998 μοι·

2213 3016 2390 3087 χείαν,
2446 3021 2542 3072 καὶ
2587 3018 2730 3090 ὑπὲρ
2775 3017 3038 3087 ἀληθείας
3084 3017 3451 3086 θνήσκοντοςο
3499 3014 3656 3083 οὗτος
3697 3019 3788 3072 τὸν

2213 3107 2472 3180 δεύτερον
2511 3106 2758 3179 Ἡρώδην
2792 3109 2868 3172 ὼς
2898 3109 3115 3180 ἀληθῶς
3145 3113 3210 3181 τῇ
3244 3110 3540 3181 όμοτρόπῳ
3577 3111 3788 3182 μοιχείᾳ

2212 3197 2574 3267 δεδειγμένον,
2607 3199 2703 3251 καὶ
2735 3198 3106 3266 ἐστεφάνωσε,
3136 3198 3231 3250 καὶ
3264 3198 3659 3268 κατησπάσατο
3691 3197 3788 3266 μέ-

2217 3306 2310 3359 χρι
2343 3287 2595 3342 θανάτου⁸
2630 3287 2815 3356 λόγοις
2848 3288 2946 3358 μὲν
2975 3286 3063 3352 οὓ,
3090 3287 3270 3350 αὑτοῖς
3307 3288 3364 3342 δὲ
3405 3288 3594 3360 ἔργοις
3621 3287 3788 3358 φθεγ-

2213 3379 2466 3447 γόμενος,
2489 3378 2561 3442 ὡς
2582 3379 2926 3448 πεπλάνηται
2962 3379 3216 3448 Ἰωάννης
3233 3379 3262 3429 6
3294 3379 3614 3450 Πρόδρομος
3633 3379 3790 3432 ἀκαί-

2218 3485 2350 3538 ρως,
2376 3468 2473 3522 καὶ
2502 3467 2720 3538 ἀνόμως
2747 3465 3029 3536 διελέγξας
3061 3469 3157 3521 καὶ
3183 3467 3493 3522 ἀποθανών.
3527 3467 3688 3522 Ἀλλὰ
3716 3468 3788 3538 μὴ

2215 3561 2447 3628 γένοιτο·
2481 3561 2510 3612 6
2565 3559 2665 3630 μὲν
2719 3559 2829 3630 γάρ
2887 3558 2983 3612 τοῦ
3029 3558 3196 3630 νόμου
3235 3559 3672 3632 ὑπερασπιστὴς,
3697 3562 3789 3613 καὶ

2213 3648 2312 3703 τοῦ
2365 3649 2571 3720 μύσους
2607 3648 2893 3720 ἐλεγκτήςο
2942 3650 2971 3702 6
2999 3648 3055 3702 δὲ
3089 3649 3198 3703 τῶν
3255 3649 3417 3703 θείων
3475 3652 3791 3722 μυστηρίων

2217 3742 2630 3815 καταπατητὴς,
2689 3743 2786 3796 καὶ
2833 3742 2935 3813 τῆς
2981 3742 3224 3814 ἀθέσμου
3286 3743 3613 3816 συμπλοκῆς
3663 3761 3787 3797 συν-

2216 3835 2396 3905 άπτης
2449 3832 2543 3886 καὶ
2595 3833 3105 3904 κατασφραγιστής.
3148 3833 3258 3886 Καὶ
3291 3833 3320 3886 6
3367 3833 3469 3904 μὲν
3494 3836 3590 3887 καὶ
3619 3831 3793 3887 θανὼν

2220 3926 2320 3998 βοᾷ
2352 3941 2366 3954 ’
2398 3928 2519 3980 θῦκ
2565 3924 2770 3990 ἔξεστί
2816 3937 2917 3978 σοι
2944 3926 3109 3994 ἔχειν
3135 3924 3244 3993 τὴν
3275 3925 3534 3994 γυναῖκα
3583 3927 3793 3980 ﬁlix-

2218 4032 2337 4072 που
2368 4017 2476 4072 τοῦ
2504 4017 2772 4086 ἀδελφοῦ
2800 4033 2941 4070 σου.
2975 4018 3094 4070 Κάν
3125 4017 3202 4088 τῷ
3240 4016 3480 4088 Ἡρώδου
3516 4019 3794 4089 προσώπῳ

2219 4109 2398 4180 ἐμϐοᾷ
2435 4109 2585 4179 πάσῃ
2637 4109 2704 4179 τῇ
2735 4107 3050 4179 οίκουμένη,
3089 4108 3286 4178 μηκέτι
3316 4107 3560 4161 τοιοῦτον
3589 4108 3793 4180 τολμηο

2220 4202 2404 4273 θῆναι.
2446 4200 2504 4254 '0
2548 4199 2607 4254 δὲ
2660 4200 2766 4263 ἐως
2813 4199 2910 4253 τοῦ
2953 4198 3049 4253 νῦν
3079 4200 3262 4263 αὑτοῖς
3317 4199 3502 4271 ἔργοις
3535 4201 3795 4271 ἄντικρυς

2219 4292 2414 4364 κράζει
2464 4291 2544 4362 τῷ
2587 4291 2828 4362 δευτέρῳ
2866 4289 3101 4362 Ἦρώδη’
3144 4290 3366 4355 Ἔξεστί
3406 4308 3493 4344 σοι
3520 4292 3668 4362 ἐχειν
3692 4308 3794 4359 γυ-

2220 4385 2384 4437 ναῖκα
2414 4382 2676 4454 Θεοδότην
2700 4382 2800 4454 τὴν
2827 4381 3143 4452 μαχλῶσαψ
3181 4383 3287 4436 κάν
3318 4381 3397 4452 τῷ
3437 4380 3606 4436 αὑτοῦ
3633 4398 3796 4453 προσ-

2221 4474 2356 4545 ώπῳ
2405 4473 2702 4545 διαρρήδην
2752 4473 3084 4545 προστάσσει
3138 4472 3244 4536 ἐως
3274 4471 3369 4526 τοῦ
3422 4472 3622 4536 αἰῶνος
3678 4489 3797 4543 μοι-

2223 4565 2406 4637 χεύειν
2439 4567 2568 4628 τοὺς
2597 4564 2941 4635 ἀνθρώπους,
2971 4564 3069 4618 καὶ
3110 4564 3238 4628 τοὺς
3287 4563 3569 4626 τοιούτους
3598 4579 3796 4632 στεφα-

2219 4657 2445 4721 νοῦντας
2475 4653 2614 4712 εἶναι
2648 4658 2848 4728 ἱερέας.

2295 4755 2360 4807 Ὢ
2409 4753 2692 4823 τολμηρᾶς
2741 4750 3004 4822 καρδίαςί
3044 4750 3110 4803 Ὦ
3144 4751 3616 4821 καταφρονήσεως
3662 4747 3796 4802 Θεοῦ

2221 4844 2538 4916 κριμάτωνι
2565 4843 2664 4896 Διά
2707 4843 2763 4904 τί
2817 4841 2891 4912 μὴ
2927 4841 3129 4911 μᾶλλον
3157 4844 3392 4904 ⁴ιέκαστος
3435 4840 3798 4911 καταγορεύει

2224 4938 2324 5005 τῆς
2356 4934 2686 5005 ὑποθέσεως,
2718 4933 2812 4985 καὶ
2852 4930 3219 4984 διαστέλλεται
3259 4929 3354 4983 τοῦ
3385 4930 3657 4991 τοιούτου,
3703 4927 3801 4981 καὶ

2230 5001 2388 5099 μέχρι
2420 5001 2694 5097 βρώσεως,
2713 5025 2812 5078 εἴτ’
2846 5019 2939 5077 οὖν
2966 5024 3278 5093 συντυχίας,
3312 5023 3360 5074 εί
3387 5023 3464 5092 μὴ
3485 5019 3800 5092 ἐξαγορεύει

2227 5119 2326 5189 τὴν
2357 5119 2632 5188 ἁμαρτίαν
2661 5116 2800 5188 μετὰ
2848 5115 2910 5169 τὸ
2951 5115 3300 5169 παντάπασιν
3327 5112 3612 5183 εἴργεσθαι
3641 5112 3801 5165 αὑτὸν

2227 5211 2292 5263 ἐκ
2322 5209 2504 5278 πάσης
2556 5207 2905 5278 ίερουργίας;
2945 5204 3105 5258 Ἀλλά
3133 5203 3221 5258 διά
3257 5203 3418 5256 τοῦτο
3445 5201 3680 5272 δεόμεθά
3709 5217 3799 5253 σου

2226 5302 2323 5370 τῆς
2347 5299 2680 5362 θεοσεϐείας,
2721 5300 2817 5352 καὶ
2845 5299 2946 5369 τῆς
2975 5297 3116 5352 κατά
3145 5297 3205 5350 τὸ
3233 5296 3379 5365 ἱερὸν
3413 5295 3600 5366 σχῆμα
3643 5295 3798 5360 ἀκρι-

2228 5391 2403 5456 ϐείας,
2437 5390 2708 5461 ἐνηχῆσαι
2738 5392 2820 5454 είς
2852 5392 2920 5445 τὰ
2961 5385 3076 5444 ὦτα
3115 5389 3227 5443 τῶν
3255 5387 3498 5442 εὐσεϐῶν
3526 5386 3684 5458 ἡμῶν
3717 5383 3802 5437 δε·

2229 5481 2442 5535 σποτῶν
2472 5485 2600 5547 τοὺς
2628 5482 2910 5546 τοιούτους
2951 5483 3163 5550 λόγους.
3201 5479 3549 5550 Πιστεύομεν
3585 5476 3694 5546 γὰρ
3718 5473 3800 5527 ὅτι

2228 5575 2275 5626 εἰ
2305 5572 2492 5628 τοῦτον
2525 5575 2935 5647 παραστείλωσι
2966 5575 3065 5629 σὺν
3104 5573 3323 5642 εὐδοκία
3369 5571 3463 5626 τοῦ
3496 5566 3798 5638 ἀγιωτάτου
