4044 6366
307 353 412 422 977

1555 349 2093 413 EPISTOLARUM
2119 353 2267 413 LIB.
2306 353 2359 416 Ι.

3486 359 3592 423 978

307 467 466 540 ήμῶν
502 465 888 537 πατριάρχου,
934 464 1301 535 ἐπικρατῆσαι
1361 459 1578 530 ἔχουσιν
1634 461 1896 530 ἄγγελοι·

2005 465 2321 520 collaudent
2340 479 2534 521 omnes
2559 465 2754 532 sancti,
2777 466 3015 523 exsultet
3031 466 3279 524 Ecclesia
3297 467 3552 525 universa
3576 491 3590 524 ;

307 559 766 631 άνευφημήσουσι
813 559 1020 621 πάντες
1056 556 1108 609 oi
1162 555 1331 624 ἅγιοι·
1364 555 1812 627 εὐφρανθήσεται
1840 555 1899 610 δὲ

305 653 402 705 καὶ
431 651 586 704 πᾶσα
615 649 649 718 ἠ
696 647 1014 717 Ἐκκλησίαο
1049 647 1346 714 γενήσεται
1375 644 1433 698 δὲ
1459 645 1554 698 καὶ
1583 644 1661 716 τῷ
1702 645 1899 716 κράτει

307 741 488 796 αὐτῶν
518 740 668 802 θείας
699 738 910 792 ἄνωθεν
941 736 1272 808 ἐπικουρίας
1301 735 1593 808 προσθήκη
1622 735 1814 807 πολλὴ,
1841 735 1900 790 ἐν

303 851 366 888 τε
398 832 708 903 προσλήψει
734 831 947 902 ἐχθρῶν
974 848 1033 885 τε
1057 831 1154 883 καὶ
1182 830 1482 900 πολεμίων,
1526 831 1618 884 καὶ
1652 831 1710 883 ὲν
1742 831 1898 902 εἰρη-

301 925 435 996 ναία
487 925 586 979 καὶ
641 922 1018 994 μακροημέρῳ
1045 921 1228 976 αὐτῶν
1262 920 1398 994 ζωῇ.
1431 920 1542 975 Ποῦ
1569 921 1628 975 δὲ
1675 922 1770 976 καὶ
1804 921 1900 993 θή-

305 1033 498 1086 σομεν,
539 1015 725 1085 Πάτερ
749 1013 898 1083 άγιε,
946 1013 1074 1076 τοὺς
1116 1012 1296 1084 ἱεροὺς
1335 1011 1565 1076 κανόνας
1608 1013 1898 1086 εἴργοντας

302 1107 470 1164 αὑτὸν
509 1105 605 1158 τοῦ
645 1103 987 1176 ἱερατεύειν;
1018 1105 1113 1158 τὸν
1149 1103 1246 1175 μὲν
1283 1103 1501 1174 πρῶτον
1529 1102 1606 1176 μὴ
1635 1121 1900 1174 παραχω-

306 1199 507 1273 ροῦντα
537 1196 672 1269 μηδὲ
696 1196 778 1260 είς
810 1194 1174 1267 διγαμοῦντος
1203 1192 1384 1265 γάμον
1407 1193 1727 1264 ὲστιαθῆναι
1758 1209 1896 1265 πρε-

299 1291 592 1360 σϐύτερον,
634 1287 842 1358 καίπερ
861 1285 1029 1360 ίῦντος
1051 1287 1116 1340 ὲκ
1148 1285 1286 1339 Θεοῦ
1329 1285 1895 1356 παρακεχωρημένου.

297 1382 426 1434 Ὅτι
474 1379 534 1432 δὲ
573 1379 654 1442 είς
697 1377 792 1432 τὸν
841 1377 1228 1448 άποκήρυκτον
1293 1375 1390 1429 καὶ
1437 1373 1690 1444 μοιχικὸν
1747 1373 1899 1437 ὅλαις

293 1472 597 1545 τριάκοντα
627 1469 866 1542 ἡμέραις
895 1467 1236 1540 εὐώχησατω
1269 1468 1368 1522 καὶ
1396 1466 1458 1520 ού
1514 1467 1677 1538 μόνον
1712 1466 1894 1533 τοῦτο,

293 1563 419 1620 ἀλλ’
458 1564 544 1617 ὅτι
583 1561 683 1616 καὶ
720 1562 849 1625 τοὺς
885 1560 1206 1632 νικητικοὺς
1233 1559 1329 1613 ἐπὶ
1365 1561 1434 1630 τῇ
1464 1557 1740 1632 παρθενίᾳ
1773 1574 1898 1612 στε-

294 1656 507 1726 φάνους
536 1653 850 1708 ὲπιτέθεικε
875 1654 986 1717 τοῖς
1014 1653 1224 1724 μοιχοῖς
1251 1650 1346 1705 καὶ
1375 1649 1731 1722 ἀκαθάρτοις·
1755 1649 1899 1714 τίνος

291 1745 386 1819 εἴη
417 1744 611 1812 ἄξιοςς
655 1743 855 1816 μικρὸν
877 1743 1023 1816 τάχα
1060 1745 1094 1815 η
1130 1742 1456 1814 καθαίρεσις
1493 1739 1594 1813 [aL
1634 1742 1667 1814 ἢ
1701 1741 1898 1797 καθαι-

295 1815 577 1912 picem];
606 1837 671 1890 Εί
711 1815 771 1890 δὲ
802 1815 963 1891 τοῦτο
987 1835 1371 1916 ἀνεκδίκητον,
1400 1833 1630 1902 παίγνια
1653 1832 1721 1886 τά
1749 1832 1892 1898 θεῖα,
1929 1815 1971 1873 Β

290 1930 392 1986 καὶ
435 1928 595 1983 ἓωλοι
637 1928 692 1982 oi
733 1925 980 1989 κανόνες.
1019 1924 1178 1980 Κατὰ
1212 1924 1270 1978 δὲ
1315 1923 1408 1978 τὸν
1446 1921 1701 1994 δεύτερον
1731 1922 1895 1976 πάλιν

293 2021 530 2087 κανόνα,
566 2021 650 2076 ὅτι
700 2021 728 2074 6
761 2017 1054 2074 ὑποπεσὼν
1101 2017 1160 2072 ἐν
1197 2033 1311 2072 τινι
1349 2015 1653 2087 σφάλματι,
1685 2016 1779 2069 καὶ
1805 2015 1895 2069 διὰ

288 2113 466 2169 τοῦτο
489 2109 834 2182 άφορισθεὶς,
861 2111 909 2163 εί
942 2108 1018 2179 μὴ
1045 2107 1196 2172 ἐντὸς
1218 2107 1468 2162 ἐνιαυτοῦ
1489 2107 1894 2176 έπαγωνίσεται

289 2208 362 2278 τῇ
397 2204 579 2274 οἰκεία
610 2204 896 2268 συστάσει,
932 2201 1033 2254 οὐκ
1052 2200 1172 2267 ἐξὸν
1195 2199 1277 2252 ἔτι
1312 2199 1500 2270 φωνὴν
1525 2197 1693 2252 αὐτοῦ
1726 2215 1896 2268 προσ-

289 2302 577 2374 δεχθῑψαι.
631 2299 690 2352 '0
730 2299 787 2352 δὲ
823 2299 982 2352 ὲννέα
1039 2295 1566 2368 χρόνους“ύπερ6άς,
1600 2295 1893 2366 εἰσεπήδη-

295 2412 392 2452 σεν
419 2397 482 2449 ὲν
515 2396 582 2465 τῇ
625 2391 946 2462 Ἐκκλησία.

364 2488 432 2542 ΕΞ
465 2485 732 2551 δὲλέγοι,
777 2484 932 2555 παρὰ
975 2481 1072 2537 τοῦ
1115 2480 1530 2555 προηγουμένου
1571 2479 1758 2534 λαϐεῖν
1795 2477 1894 2545 τὴν

292 2579 629 2652 ἐπιτροπὴν,
669 2580 764 2634 καὶ
800 2575 1141 2646 ἀνέγκλητον
1179 2570 1322 2628 εἷναι
1365 2573 1467 2644 τὴν
1514 2571 1796 2626 ὑπόθεσινο
1840 2570 1893 2622 τί

289 2674 499 2744 δήποτε
537 2673 639 2742 οὐχ
678 2673 708 2724 6
735 2669 1038 2742 ἐπιτρέψας
1089 2664 1440 2738 αύτούργησε
1494 2664 1891 2735 στεφανώσαςς

293 2764 460 2820 Ἐστι
488 2765 601 2835 γὰρ
640 2763 859 2826 πάντως
889 2760 1266 2832 πατριάρχαις
1295 2756 1538 2828 βασιλεῖς
1571 2755 1890 2826 στεφανοῦν,

288 2857 397 2929 οὐχ
440 2858 593 2928 ἱερέα
644 2855 790 2910 τινά.
831 2853 904 2908 Ού
939 2854 1049 2924 γάρ
1081 2851 1306 2907 πώποτε
1351 2850 1672 2920 γεγένηται.
1729 2849 1893 2903 Ἀλλά

291 2949 466 3020 δῆλον
487 2950 573 3003 ὅτι
603 2947 855 3004 κινδύνου
885 2945 1037 3016 αὐτῷ
1067 2944 1330 3015 κειμένου
1361 2945 1443 3008 είς
1469 2943 1641 3015 αὐτὴν
1665 2943 1766 3014 τὴν
1791 2943 1892 3014 ἀρ-

289 3040 645 3118 χιερωσύνην
670 3039 1069 3111 καθαιρέσεως,
1093 3035 1271 3108 εὑρὼν
1299 3035 1556 3091 τοσοῦτον
1578 3035 1894 3108 προθυμού-
1925 3099 1944 3106 η

2002 557 2245 628 ipsorum
2284 566 2469 614 autem
2521 559 2751 630 imperio
2807 575 3062 629 magnum
3113 561 3301 616 auxilii
3350 561 3594 618 cmlestis

2000 647 2402 704 incrementum
2449 650 2720 705 accedat:
2754 660 2867 706 tum
2917 651 3357 707 adversariorum
3389 663 3447 709 et
3494 655 3594 710 bo-

2001 739 2167 796 stium
2226 742 2693 812 comprehensio,
2750 751 2805 798 et
2863 743 3169 814 tranquillae
3208 744 3594 814 diuturnaeque

2000 831 2128 888 vita)
2153 846 2347 888 eorum
2376 832 2629 889 felicitas.
2679 833 2929 901 Quonam
2957 843 3142 892 autem
3188 835 3308 891 loco
3339 837 3593 892 censebi-

1999 937 2144 990 mus,
2175 921 2338 979 Pater
2363 933 2571 990 sancte,
2605 940 2790 980 sacros
2823 939 3066 981 canones
3085 967 3100 993 ,
3155 926 3251 996 qui
3282 926 3592 982 sacerdotio

2000 1013 2151 1068 illum
2196 1016 2424 1070 arcent?
2467 1031 2532 1071 ac
2583 1017 2824 1087 priorem
2872 1017 3096 1088 quidem
3145 1017 3299 1074 illum
3343 1018 3438 1089 qui
3490 1033 3594 1074 nec

1999 1107 2213 1178 epulari
2239 1108 2622 1180 presbyterum
2653 1109 2923 1180 permittit
2980 1109 3040 1166 in
3097 1110 3300 1181 bigami
3357 1111 3590 1181 nuptiis,

1999 1201 2250 1272 quamvis
2282 1201 2446 1258 licitas
2486 1202 2590 1258 illae
2623 1202 2734 1258 sint
2762 1211 2818 1258 et
2847 1219 2877 1258 a
2902 1201 3014 1258 Deo
3034 1203 3313 1274 permissa:
3333 1203 3400 1257 ⁸⁸.
3435 1202 3593 1270 Quod

1999 1307 2130 1347 vero
2167 1290 2272 1348 iste
2295 1273 2404 1347 non
2436 1292 2674 1348 inlicitis
2700 1295 2928 1364 nuptiis,
2963 1273 3057 1349 sed
3087 1294 3142 1349 in
3166 1294 3348 1350 vetitis
3363 1304 3415 1350 et
3437 1295 3593 1350 adul-

1998 1382 2193 1438 terinis
2223 1391 2366 1440 totos
2409 1384 2631 1455 triginta
2674 1384 2792 1440 dies
2819 1385 3071 1456 epulatus
3109 1386 3213 1452 sit;
3261 1402 3440 1457 neque
3487 1387 3594 1444 hoc

1998 1482 2234 1542 tantum,
2260 1475 2357 1531 sed
2389 1476 2652 1532 adulteris
2689 1487 2855 1547 atque
2880 1477 3111 1549 impuris
3148 1479 3406 1535 victrices
3431 1495 3592 1536 coro-

1999 1582 2100 1623 nas
2145 1567 2479 1640 virginitatis
2525 1568 2867 1639 imposuerit,
2900 1586 3006 1640 qua
3038 1585 3201 1640 poena
3239 1570 3440 1642 dignus
3470 1573 3593 1627 est?

2000 1673 2071 1714 an
2105 1657 2306 1714 minori
2337 1659 2571 1716 fortasse
2607 1675 2772 1730 quam
2806 1660 3194 1732 depositione?
3222 1660 3381 1728 Quod
3415 1663 3462 1719 si
3506 1663 3592 1718 in-

2002 1751 2179 1807 ultum
2202 1752 2255 1808 id
2284 1761 2526 1818 maneat,
2553 1753 2762 1809 ludicra
2793 1753 2904 1823 jam
2933 1762 3063 1809 sunt
3092 1755 3298 1823 divina,
3319 1764 3376 1811 et
3398 1755 3592 1812 inanes

1998 1860 2065 1900 ac
2094 1844 2274 1900 frivoli
2323 1859 2583 1901 canones.
2640 1845 2890 1901 Alterum
2932 1847 3169 1914 deinde,
3221 1849 3370 1919 quod
3399 1865 3592 1904 rursus

1997 1937 2269 1994 sancitum
2302 1936 2394 2004 sit,
2429 1937 2569 2008 eius,
2602 1938 2697 2008 qui
2753 1938 2811 1992 in
2860 1938 3071 1995 crimen
3119 1939 3338 2009 aliquod
3379 1939 3588 2010 lapsus,

1996 2045 2061 2086 ac
2097 2040 2382 2100 propterea
2411 2030 2920 2087 excommunieatus
2941 2031 3032 2091 sit.
3076 2031 3182 2086 nisi
3218 2032 3360 2086 intra
3384 2047 3590 2086 annum

1997 2123 2343 2179 reconciliari
2369 2123 2700 2186 contendat,
2740 2138 2932 2178 vocem
2962 2123 3177 2178 admitti
3213 2133 3402 2193 postea
3435 2125 3590 2180 nefas

1996 2230 2120 2271 esse
2149 2218 2215 2270 ⁵⁸.
2257 2218 2366 2270 Iste
2390 2231 2538 2280 vero,
2565 2217 2657 2286 qui
2683 2231 2879 2270 novctn
2909 2217 3146 2273 excessit
3172 2232 3370 2280 annos,
3398 2217 3454 2272 in
3482 2217 3588 2272 Ec-

1996 2308 2220 2364 clesiam
2251 2307 2459 2362 insiliit.

2069 2494 2226 2560 Quod
2263 2493 2310 2549 si
2339 2494 2485 2549 dicat
2512 2508 2572 2548 se
2607 2509 2636 2547 a
2671 2494 2904 2564 praesule
2928 2509 3030 2548 suo
3069 2495 3385 2548 mandatum
3425 2507 3587 2549 accc-

1996 2585 2166 2656 pisse,
2193 2584 2424 2654 ideoque
2449 2585 2607 2653 culpa
2639 2584 2692 2638 in
2725 2585 2831 2639 hoc
2884 2585 3106 2655 negotio
3134 2599 3349 2650 vacare,
3396 2585 3587 2654 quidni

1994 2691 2126 2748 ergo
2178 2676 2272 2746 qui
2323 2675 2603 2744 iusserat,
2659 2675 2890 2744 ipsemet
2922 2677 3250 2730 coronavit?
3284 2676 3398 2732 Mos
3437 2678 3587 2733 enim

1995 2770 2157 2840 plane
2189 2775 2276 2823 est
2307 2777 2366 2823 ut
2399 2769 2760 2837 imperatores
2789 2779 3057 2824 coronent
3084 2770 3432 2839 patriarchas,
3474 2785 3586 2824 non

1995 2862 2254 2919 sacerdos
2273 2860 2505 2930 quilibet
2533 2879 2546 2914 :
2577 2875 2754 2930 neque
2777 2861 2924 2915 enim
2952 2861 3097 2916 istud
3117 2877 3355 2932 unquam
3381 2862 3587 2918 factum

1997 2953 2120 3008 fuit.
2161 2953 2268 3009 Sed
2297 2952 2651 3024 perspicuum
2679 2963 2803 3020 est,
2850 2969 2975 3008 cum
3011 2954 3319 3024 periculum
3353 2955 3457 3024 ipsi
3485 2955 3589 3010 im-

1998 3050 2262 3119 penderet
2293 3062 2366 3103 ne
2397 3048 2880 3120 archicpiscopatu
2909 3048 3028 3118 ipso
3065 3049 3316 3119 deiectus
3337 3051 3588 3120 privare-

291 3153 464 3210 μενον
488 3131 581 3208 (ἦν
610 3134 722 3206 γὰρ
756 3129 1216 3202 συναυλιζόμενος
1237 3130 1314 3194 είς
1338 3129 1408 3184 τὰ
1426 3127 1721 3200 βασίλεια),
1753 3145 1892 3198 παρ-

1999 3148 2088 3195 tur
2108 3161 2119 3195 :
2139 3149 2196 3195 et
2213 3141 2359 3197 hunc
2373 3151 2688 3212 promptum
2707 3142 2891 3196 animo
2909 3150 3271 3212 paratumque
3289 3151 3486 3198 nactus
3499 3157 3589 3198 es-

287 3227 547 3301 έπεμψεν
571 3229 652 3290 είς
678 3224 742 3280 τδ
767 3223 980 3278 ἑκείνου
1003 3221 1298 3293 πρόσωπον
1314 3220 1407 3274 τὸν
1429 3219 1694 3275 κίνδυνον’
1732 3219 1850 3273 εἰπε
1859 3236 1892 3291 ρ

288 3323 398 3378 καὶ
424 3319 627 3392 ἀληθὲς
659 3320 743 3374 ὅτι
771 3318 868 3372 καὶ
893 3315 1223 3388 ἐπέτρεψενο
1265 3315 1327 3368 οὐ
1371 3314 1482 3386 γάρ
1531 3311 1887 3383 πιστεύομεν,

289 3415 432 3486 ὑμῖν
461 3430 524 3468 τε
555 3414 654 3469 καὶ
674 3411 860 3474 ἄλλοις
898 3407 1118 3470 πολλοῖς
1145 3403 1662 3478 πεπληροφορηκώς
1689 3404 1751 3478 [ί.
1791 3422 1891 3458 πε-

293 3500 830 3578 πληροφορηκόσιν].
866 3502 930 3554 El.
960 3499 1020 3554 δὲ
1060 3497 1226 3555 πάλιν
1261 3497 1413 3568 λέγοι
1475 3498 1552 3569 μὴ
1588 3491 1733 3550 εἶναι
1782 3498 1890 3567 ὰφ-

291 3597 607 3670 ωρισμένος
656 3594 764 3649 ὑπὸ
805 3591 901 3648 τοῦ
931 3589 1396 3663 προηγησαμένου
1420 3630 1435 3656 ,
1458 3589 1510 3642 τί
1553 3588 1755 3660 δήποτε
1791 3588 1894 3642 ούκ

290 3687 640 3760 ιλειτούργει
667 3687 726 3740 ὲν
758 3686 877 3751 τοῖς
922 3685 1085 3740 ἐννέα
1112 3683 1293 3748 Esset;
1323 3683 1378 3735 τί
1404 3681 1605 3753 δήποτε
1632 3680 1736 3734 ὑπὸ
1771 3697 1895 3732 συν-

294 3783 440 3845 όδου,
469 3780 547 3844 ὡς
591 3778 765 3848 λέγει,
796 3778 894 3832 νῦν
920 3777 1180 3843 λέλυται;
1212 3775 1384 3846 Δῆλον
1414 3774 1496 3828 ὅτι
1541 3773 1571 3826 6
1603 3772 1892 3845 δεδεμένος

294 3873 548 3935 λέλυται,
578 3870 680 3941 οὐχ
701 3871 731 3924 6
765 3869 976 3930 ἄδετος.
1007 3868 1172 3922 Ὥστε
1205 3864 1385 3937 ἑαυτῷ
1418 3863 1737 3936 περιπίπτει
1765 3864 1894 3918 κάν-

295 3964 479 4022 ταῦθα
501 3963 799 4034 είργμένος
823 3958 990 4025 εἶναι,
1014 3960 1099 4029 ἐφ’
1126 3959 1252 4013 ὅσον
1279 3959 1382 4011 οὐκ
1405 3955 1558 4019 ὲντδς
1586 3955 1680 4010 τοῦ
1713 3956 1892 4010 ἐνιαυ-

301 4056 423 4121 τοῦ,
461 4056 610 4110 κατά
637 4054 729 4108 τὸν
757 4052 984 4118 κανόνα,
1017 4049 1298 4116 ὑπέδείξεν
1341 4049 1537 4103 ἑαυτὸν
1571 4047 1769 4112 άθῶον,
1799 4048 1894 4102 καὶ

295 4147 467 4202 ἔλασε
502 4147 600 4216 τὴν
646 4144 802 4198 λύσιν
837 4145 1120 4216 ἐμφανῶς.
1175 4144 1349 4215 Εῐπερ
1392 4137 1460 4212 ἦν
1492 4141 1648 4204 λύσις
1675 4144 1753 4212 τῷ
1777 4141 1894 4194 ὀλο-

294 4239 534 4312 δεσμίῳ,
568 4237 672 4292 κᾶν
701 4238 934 4312 μυρίους
962 4237 1208 4308 παριστᾷ
1233 4234 1714 4306 ψευδομάρτυρας.

367 4417 566 4472 Ταῦτά
586 4418 724 4483 ἐστι,
759 4418 945 4489 Πάτερ
972 4417 1120 4488 άγιε,
1149 4415 1219 4471 τά
1239 4413 1514 4486 φοσοῦντα
1538 4405 1638 4468 καὶ
1665 4412 1893 4468 συστέλ-

1995 3244 2075 3288 set
2100 3233 2179 3304 (in
2205 3231 2328 3286 aula
2346 3233 2496 3287 enim
2527 3234 2867 3302 versabatur)
2892 3232 3189 3289 discrimen
3210 3233 3265 3286 in
3286 3232 3407 3303 ejus
3421 3242 3600 3302 caput.

1995 3323 2366 3386 transtulisse;
2389 3323 2435 3377 si
2459 3323 2683 3393 quidem
2706 3339 2896 3378 verum
2911 3332 2996 3378 est
3015 3324 3167 3378 illum
3186 3322 3550 3378 demandasse
3570 3341 3584 3376 :

1995 3429 2098 3469 nec
2127 3415 2255 3473 enin
2307 3414 2577 3471 credimus
2604 3432 2619 3470 :
2649 3415 2806 3470 vobis
2832 3415 3062 3485 aliisque
3089 3413 3343 3484 plurimis
3367 3421 3590 3468 contra-

1995 3506 2138 3561 rium
2172 3507 2658 3577 persuadentibus.
2701 3505 2858 3573 Quod
2889 3507 2933 3562 si
2975 3521 3194 3562 rursum
3239 3505 3388 3561 dicat
3429 3521 3490 3560 se
3517 3507 3588 3560 ab

1993 3599 2088 3654 illo
2119 3607 2234 3653 tum
2267 3599 2497 3669 praesule
2527 3599 3065 3654 excommunicatum
3103 3611 3215 3652 non
3245 3596 3455 3662 fuisse,
3487 3613 3589 3652 cur

1994 3704 2126 3760 ergo
2151 3703 2348 3743 novem
2377 3703 2651 3742 annorum
2679 3688 2856 3757 spatio
2891 3702 3003 3740 non
3037 3684 3402 3750 sacrificavit;
3431 3699 3533 3739 cur
3555 3701 3587 3737 a

1995 3776 2224 3846 synodo,
2264 3784 2326 3830 ut
2355 3777 2454 3841 ait,
2489 3793 2637 3832 nunc
2665 3787 2747 3830 est
2779 3775 3100 3831 absolutus?
3126 3773 3271 3832 Sane
3291 3814 3307 3841 ,
3334 3773 3428 3844 qui
3463 3773 3586 3828 vin-

1997 3878 2122 3925 ctus
2153 3868 2200 3922 is
2230 3869 2447 3924 solutus
2479 3877 2584 3931 est,
2611 3883 2722 3922 non
2758 3868 2852 3938 qui
2883 3867 3098 3923 vinctus
3122 3881 3234 3921 non
3263 3865 3585 3931 esset.Quo-

1994 3963 2140 4019 circa
2179 3976 2367 4016 secum
2407 3959 2525 4030 ipse
2551 3969 2794 4031 pugnat,
2828 3968 2884 4014 et
2909 3958 3274 4014 constrictum
3307 3957 3484 4014 teneri
3523 3971 3586 4011 se

1998 4052 2127 4108 hinc
2157 4049 2419 4114 ostendit,
2433 4049 2582 4119 quod
2604 4065 2719 4104 non
2752 4050 2896 4104 intra
2943 4049 3074 4104 anni
3113 4049 3375 4119 spatium,
3406 4055 3466 4102 ut
3485 4061 3582 4102 ca-

1995 4160 2105 4201 non
2131 4145 2309 4215 jubet,
2344 4143 2620 4199 insontem
2668 4159 2729 4198 se
2784 4143 3118 4210 exhibuerit,
3149 4141 3588 4198 absolutionem-

1995 4254 2102 4308 que
2120 4237 2299 4309 palam
2314 4236 2641 4307 susceperit.
2661 4235 2717 4290 Si
2734 4237 2894 4291 modo
2911 4236 3196 4291 absolutus
3208 4234 3332 4299 fuit,
3353 4236 3584 4297 omnicx
3675 4303 3680 4308 ι

1995 4337 2151 4400 parte
2181 4328 2447 4394 irretitus,
2473 4327 2724 4398 quamvis
2747 4327 3085 4384 falsostestes
3110 4329 3260 4385 mille
3295 4332 3582 4402 producat.

2070 4418 2196 4475 Hazc
2227 4427 2376 4486 sunt,
2402 4418 2563 4473 Pater
2593 4429 2804 4484 sancte,
2833 4435 2954 4489 quac
2981 4428 3246 4475 terrorem
3287 4422 3582 4486 incutiunt.

297 4511 467 4565 λοντα
507 4511 668 4582 ἡμῶν
693 4511 794 4582 τὴν
831 4510 1082 4583 καρδίαν.
1107 4509 1218 4564 Καὶ
1244 4508 1338 4563 διά
1361 4507 1538 4562 ταῦτα
1565 4506 1703 4579 πρὸς
1723 4506 1784 4560 τὸ
1816 4503 1892 4578 μὴ

1998 4522 2052 4568 et
2088 4527 2182 4567 cor
2206 4520 2454 4566 nostrum
2489 4509 2677 4565 dolore
2722 4511 3073 4566 contrahunt.
3133 4511 3233 4578 Ac,
3292 4523 3585 4584 propterea

297 4603 640 4675 κοινωνῆσαι
665 4603 815 4675 αὐτῷ
836 4621 895 4656 τε
927 4603 1022 4658 καὶ
1043 4603 1121 4675 τῷ
1141 4601 1591 4676 προηγησαμένῳ
1617 4600 1892 4672 πατριάρ-

299 4712 399 4772 χῃ,
432 4697 572 4750 ὲπάν
608 4698 883 4769 μετεδίδου
912 4697 990 4769 τῷ
1022 4697 1398 4770 μοιχεύσαντι’
1423 4695 1891 4767 άπεκλείσθημεν,

301 4788 419 4858 ἐγὼ
449 4790 510 4842 ἐν
534 4782 578 4857 ᾧ
609 4789 816 4862 καθέζῃ
854 4790 1028 4861 τόπῳ,
1059 4791 1087 4842 6
1131 4787 1438 4862 ἡγούμενός
1475 4804 1536 4840 τε
1575 4787 1670 4840 καὶ
1710 4785 1760 4838 οί
1786 4785 1893 4838 λοι-

304 4881 400 4936 ποῖ
431 4883 532 4936 σὺν
556 4879 636 4953 τῷ
674 4881 1098 4952 άρχιεπισκόπῳ
1131 4881 1190 4934 ὲν
1222 4882 1292 4952 τῇ
1322 4878 1698 4950 Θεσσαλονίκῃ
1725 4878 1895 4947 ὑπερ-

304 4971 638 5046 ορισθέντες.
682 4973 824 5026 Ἀλλ’
869 4973 1053 5036 ὁΘεδς
1101 4972 1263 5026 πάλιν
1299 4972 1700 5039 ὲπισυνήγαγεν
1746 4969 1894 5040 ἡμᾶς

304 5065 497 5136 εὐχαῖς
527 5081 644 5120 σου.
679 5065 791 5120 Kal.
816 5063 992 5129 οὕτως
1026 5067 1101 5129 ὡς
1140 5065 1331 5136 ἔτυχεν
1365 5063 1654 5135 ἡνώθημεν
1681 5061 1756 5133 τῷ
1792 5079 1894 5118 πα-

303 5157 568 5230 τριάρχῃ,
599 5158 649 5210 εί
675 5157 751 5230 μὴ
769 5157 1093 5229 ὡμολόγησε
1122 5158 1303 5220 καλῶς
1333 5157 1478 5228 ἡμᾶς
1509 5154 1892 5226 πεποιηκέναι.

319 5247 451 5302 Ἐὰν
487 5244 580 5302 οῦν
612 5247 724 5303 οὐδ’
751 5249 841 5304 ὅτε
881 5252 916 5322 ἡ
957 5251 1172 5322 μοιχεία
1200 5245 1290 5321 ἦν,
1316 5250 1468 5319 καὶὴ
1503 5249 1612 5302 τῶν
1651 5248 1891 5302 κανόνων

307 5339 646 5412 παράϐασις,
692 5341 792 5414 ούχ
845 5341 1229 5413 ύπεστάλημεν
1279 5341 1510 5412 δυνάμει
1563 5339 1721 5394 Θεοῦ*
1776 5339 1893 5403 πῶς

307 5425 404 5485 οὖν
436 5429 558 5502 ἄρτι
583 5432 674 5486 ἅτε
696 5431 998 5486 εύσεϐοῦσά
1025 5432 1174 5486 ἐστιν
1201 5433 1234 5503 ὴ
1265 5430 1536 5501 βασιλεία,
1555 5429 1742 5483 ἕνεκεν
1775 5426 1894 5491 ἐνὸς

309 5520 688 5594 πρεσϐυτέρου
739 5523 1136 5595 καθῃρημένου
1194 5521 1691 5593 ὑποσταλησόμεθα
1717 5561 1732 5588 ,
1797 5520 1893 5574 καὶ

309 5611 669 5685 προδώσομεν
699 5616 800 5687 τὴν
848 5615 1132 5687 ἀλήθειαν,
1180 5615 1588 5680 κινδυνεύοντες
1619 5614 1761 5669 κατά
1789 5611 1892 5684 ψυ-

425 5791 470 5823 ”
496 5791 607 5848 Jac.
649 5810 686 5860 l,
724 5793 805 5848 l7.
886 5796 930 5826 ³⁹
958 5793 1092 5850 Cod.
1127 5792 1274 5850 Eccl.
1308 5793 1504 5860 Africa,
1539 5807 1662 5848 can.
1697 5791 1786 5849 70.

1995 4602 2141 4674 quod
2174 4617 2298 4658 cum
2335 4601 2440 4656 isto
2491 4617 2602 4655 non
2635 4601 3187 4669 communicaremus,
3238 4619 3418 4674 neque
3458 4619 3582 4660 cum

1997 4680 2345 4768 praccdente
2370 4695 2699 4763 patriarcha,
2734 4695 2826 4764 qui
2858 4695 3107 4750 adultero
3139 4697 3583 4753 communionem

1997 4788 2378 4860 impertiebat;
2403 4804 2505 4859 ego
2528 4788 2748 4858 quidem
2773 4788 3017 4843 inclusus
3045 4787 3118 4843 fui
3153 4787 3209 4842 in
3237 4805 3346 4859 quo
3377 4789 3585 4844 resides

1995 4881 2137 4946 loco,
2163 4881 2486 4951 prmpositus
2512 4887 2692 4932 autem
2723 4886 2779 4932 et
2800 4878 2988 4947 reliqui
3013 4894 3135 4932 cum
3170 4879 3585 4950 archiepiscopo

1997 4971 2443 5028 Thessalonicam
2476 4968 2721 5040 relegati.
2749 4967 2854 5024 Sed
2900 4969 3044 5024 Deus
3090 4985 3193 5025 nos
3227 4971 3424 5026 iterum
3457 4987 3584 5041 pic-

1994 5065 2152 5122 cibus
2193 5064 2304 5119 tuis
2342 5057 2714 5134 cungregavit.
2749 5062 2827 5117 Ac
2867 5077 2938 5117 ne
2984 5063 3065 5118 sic
3106 5063 3326 5134 quidem
3377 5073 3584 5120 temere

1995 5173 2099 5212 nos
2132 5156 2482 5224 adiunximus
2512 5156 2873 5226 patriarcha,
2922 5156 3029 5212 nisi
3079 5166 3368 5229 postquam
3403 5159 3584 5214 faSsus

1994 5258 2080 5305 est
2105 5257 2254 5305 recte
2284 5264 2386 5304 nos
2440 5247 2656 5303 fecisse.
2701 5249 2757 5303 Si
2792 5265 2943 5321 ergo,
2979 5265 3103 5303 cum
3139 5259 3392 5322 regnaret
3435 5251 3565 5306 adul

1994 5342 2194 5398 teriutn
2223 5349 2277 5397 et
2307 5357 2577 5397 canonum
2619 5341 3007 5414 transgressio,
3038 5353 3190 5398 metu
3226 5343 3451 5398 minime
3477 5343 3580 5399 dis.

1995 5433 2377 5490 simulavimus
2399 5431 2494 5489 Dei
2516 5432 2720 5489 virtute
2750 5434 2912 5499 freti,
2945 5436 3220 5504 quomodo
3248 5451 3394 5490 nunc
3419 5475 3435 5500 ,
3492 5437 3582 5506 pio

1995 5527 2312 5582 dominante
2360 5525 2635 5596 imperio,
2685 5536 2910 5597 propter
2953 5527 3331 5596 presbyterum
3384 5541 3576 5591 unum,

1996 5633 2232 5688 cumque
2264 5617 2592 5688 depositum,
2619 5617 2920 5673 timidiores
2951 5619 3160 5672 erimus
3190 5658 3203 5680 ,
3261 5615 3577 5674 veritatem.-
