4044 6366
495 341 602 407 979

1690 346 1751 404 S.
1788 342 2182 406 THEODORI
2223 345 2573 407 STUDITA'.I

3661 346 3774 412 980

497 405 606 504 que
638 446 762 489 eum
797 439 992 504 aperto
1014 433 1212 492 anima:
1247 435 1493 506 periculo
1510 435 1839 507 prodemus?
1867 435 2081 506 Nequa-

2201 437 2289 508 (ἡν
2309 405 2628 509 γούδαμῖῶς.
2694 435 2858 492 Ἀλλὰ
2909 405 3088 493 πάντα
3144 439 3277 511 ἡμῖν
3331 438 3550 511 φορητά
3608 405 3776 513 μέχρι

497 538 684 595 quam.
714 522 858 590 Quin
882 523 1108 581 ferenda
1132 525 1292 580 nobis
1318 525 1498 582 omnia
1527 541 1698 596 usque
1728 525 1796 580 ad
1821 535 2077 592 mortem,

499 615 681 688 potius
715 632 880 688 quam
909 632 1034 672 cum
1064 632 1132 672 eo
1159 618 1632 673 communicemus
1653 658 1667 683 ,
1701 617 1786 672 vel
1815 633 1940 673 cum
1989 617 2080 684 iis,

498 710 590 781 qui
617 725 743 766 cum
779 700 899 780 ipso
941 709 1288 777 sacrificant;
1329 711 1505 780 quoad
1533 709 1863 765 rsacerdotio
1891 749 1906 773 ,
1942 709 2085 766 sicut

499 801 603 856 sub
641 801 825 872 priore
852 802 1160 871 patriarcha
1182 844 1196 868 ,
1223 801 1488 871 privetur.
1530 799 1852 870 Quanquam
1899 809 2085 871 poste-

499 891 664 946 rioris
693 907 859 946 causa
889 892 1135 947 deterior
1170 901 1276 950 est.
1319 893 1453 947 Nam
1481 893 1632 962 prior
1658 909 1728 948 ne
1751 894 1922 948 semel
1964 893 2085 963 qui-

499 985 626 1042 dem
656 1002 780 1043 cum
809 987 901 1042 illo
931 1003 1085 1042 sacra
1113 987 1244 1042 fecit
1272 1005 1286 1042 :
1312 997 1366 1043 et
1387 996 1502 1042 tum
1529 988 1750 1059 quidem
1781 987 1834 1042 in
1857 1003 2088 1044 consor-

502 1078 640 1134 tium
676 1079 864 1134 venire
901 1079 1205 1136 absurdum
1239 1087 1356 1134 erat
1385 1097 1401 1134 :
1433 1079 1618 1134 minus
1651 1089 1834 1136 tamen
1860 1082 2084 1136 malum.

498 1169 633 1225 Istic
669 1183 801 1224 vero
833 1169 1113 1239 proposita
1143 1170 1306 1224 nobis
1331 1179 1416 1224 est
1457 1169 1746 1224 sacerdotii
1786 1169 2086 1239 abrogatio,

498 1259 546 1315 si
593 1275 700 1315 una
758 1260 1150 1316 sacriﬁcemus.
1202 1262 1333 1315 Esto
1383 1275 1705 1317 meonomus
1735 1278 1749 1316 :
1780 1275 1881 1316 cur
1923 1260 2088 1316 etiam

499 1351 724 1422 indigne
747 1352 918 1408 sacris
946 1354 1249 1424 operatur?
1279 1353 1441 1409 desiit
1467 1368 1590 1408 esse
1615 1354 1924 1425 presbyter.

570 1438 729 1505 Quod
757 1440 799 1496 si
825 1440 944 1496 haec
965 1441 1072 1496 illis
1100 1457 1211 1496 non
1248 1443 1484 1512 placent,
1511 1443 1604 1514 qui
1637 1458 1764 1498 cum
1794 1457 1860 1498 eo
1881 1441 2090 1499 saerill-

502 1540 670 1597 cant,
725 1533 994 1589 videbunt
1041 1534 1303 1604 quidnam
1349 1536 1524 1592 acturi
1575 1519 1706 1590 sint.
1747 1535 1979 1591 Parcant
2010 1545 2090 1591 te-

501 1624 704 1680 nuitati
727 1635 952 1693 nostrae,
987 1627 1081 1697 qui
1129 1643 1238 1683 non
1294 1643 1692 1698 provocamus,
1737 1637 1794 1682 et
1848 1628 1916 1682 ad
1947 1628 2094 1683 hunc

501 1727 678 1784 usque
713 1715 858 1771 diem
914 1715 1054 1770 nihil
1102 1717 1269 1772 locuti
1305 1733 1528 1785 sumus,
1585 1718 1681 1773 sed
1729 1717 1952 1773 biennio
1990 1733 2093 1772 nos

501 1812 622 1860 toto
643 1807 1038 1875 continuimus,
1072 1823 1138 1863 ex
1164 1824 1272 1880 quo
1289 1809 1522 1880 ingressi
1549 1819 1709 1876 sunt,
1760 1819 1822 1864 ut
1847 1809 2094 1880 pacatius

503 1894 614 1951 hoc
641 1899 807 1952 modo
843 1899 1172 1956 viveremus.
1204 1901 1424 1957 Domini
1451 1901 1622 1956 nostri
1656 1901 1851 1972 optimi
1902 1917 2095 1972 seque-

503 1993 650 2041 stres
681 1997 812 2042 sunt
845 1999 1010 2059 atque
1035 1991 1230 2046 arbitri
1259 1991 1568 2060 aequitatis,
1626 1991 1870 2047 fautores
1905 2007 2092 2047 eorum

503 2077 602 2148 qui
630 2080 919 2136 veritatem
953 2081 1124 2137 libere
1153 2082 1481 2149 defendunt,
1524 2085 1670 2140 sicut
1695 2100 1762 2140 ex
1793 2084 2094 2142 venerabili

503 2172 752 2243 ipsorum
787 2189 881 2229 ore
915 2176 1114 2248 sapius
1143 2177 1392 2232 auditum
1415 2186 1518 2232 est.
1550 2177 1753 2232 Ferant
1777 2179 2095 2233 sacerdotes

505 2270 567 2318 ut
605 2278 794 2320 saeros
838 2265 1092 2320 homines
1135 2266 1337 2324 decet:
1371 2275 1467 2322 aut
1512 2268 1921 2337 persuadebunt
1966 2268 2092 2337 ipsi,

505 2367 604 2414 aut
631 2358 765 2430 ipsis
792 2362 1228 2431 persuadebitur.
1273 2362 1370 2418 Sin
1412 2364 1607 2418 horum
1663 2365 1830 2430 nihil,
1885 2365 1980 2419 sed
2027 2380 2096 2420 ne

503 2449 709 2506 mutire
732 2451 956 2520 quidem
992 2467 1095 2506 nos
1140 2453 1432 2508 ferendum
1465 2463 1698 2524 putant;
1729 2455 1874 2512 Deus
1916 2455 2098 2510 intue~

505 2549 622 2605 tur,
650 2556 761 2612 quo
793 2559 966 2598 nemo
985 2556 1068 2598 est
1093 2547 1288 2615 major,
1325 2547 1485 2616 cujus
1515 2547 1685 2600 solius
1717 2555 1800 2600 est
1835 2546 2098 2601 formida-

505 2630 634 2688 bilis
669 2642 850 2689 terror
881 2644 937 2690 et
993 2636 1236 2690 tribunal
1286 2636 1440 2699 illud,
1474 2637 1560 2690 cui
1605 2637 1864 2691 sistemur
1905 2652 2100 2693 omnes

507 2724 580 2779 de
615 2723 874 2779 omnibus
917 2725 1222 2794 iudicandi.
1264 2725 1537 2781 Caeterum
1595 2728 1899 2783 bonitatem
1948 2736 2098 2782 tuam

505 2831 733 2875 Granius
760 2826 818 2872 et
855 2825 1112 2888 tanquam
1143 2820 1474 2876 venerandis
1498 2821 1744 2892 vestigiis
1782 2821 1892 2877 tuis
1932 2822 2100 2878 advo-

505 2907 606 2963 luti
630 2908 985 2965 obsecramus
1010 2919 1172 2981 atque
1197 2911 1557 2978 obtestamur,
1586 2921 1644 2967 ut
1671 2913 2098 2970 misericordiam

506 2998 672 3058 nobis
701 2999 1016 3070 impertias,
1069 3009 1128 3057 et
1175 3017 1470 3058 commune
1503 3003 1939 3058 emolumentum
1985 3013 2098 3063 tam

505 3090 622 3163 piis
639 3089 1065 3163 imperatoribus
1090 3093 1314 3161 nostris,
1333 3109 1496 3164 quam
1523 3094 1847 3164 patriarchae
1862 3095 2099 3150 sanetis-
2126 3133 2170 3193 α

507 3183 676 3250 sime,
705 3191 762 3240 et
788 3183 1045 3241 Ecclesiae
1071 3185 1366 3251 universas,
1412 3201 1523 3240 non
1575 3186 1704 3242 huic
1754 3187 1930 3242 solum
1977 3203 2102 3258 qua:

508 3275 656 3346 apud
678 3291 780 3332 nos
803 3286 908 3341 est,
937 3277 1034 3331 sed
1060 3293 1181 3347 quae
1197 3293 1297 3347 per
1326 3285 1498 3332 totum
1537 3279 1755 3345 orbem;
1804 3289 1864 3334 ut
1889 3279 2104 3336 abdicet

509 3382 578 3423 se
599 3383 746 3423 unus
771 3368 840 3422 ad
868 3368 1096 3439 gloriam
1122 3369 1239 3436 Dei,
1265 3379 1320 3424 et
1347 3385 1458 3424 non
1489 3370 1743 3425 turbetur
1771 3372 1892 3442 ejus
1913 3371 2101 3428 Eccle-

509 3459 596 3515 sia
621 3476 634 3514 ι
661 3459 746 3514 sin
777 3459 962 3516 minus
984 3502 1000 3527 ,
1053 3469 1110 3516 at
1137 3462 1329 3516 saltem
1374 3463 1481 3518 hoc
1513 3463 1836 3529 secundum,
1881 3473 1944 3518 ut
1981 3480 2100 3519 ma-

510 3566 742 3608 neamus
771 3567 873 3608 nos
913 3552 970 3607 in
1008 3555 1200 3609 eodem
1231 3563 1399 3620 statu,
1431 3571 1540 3625 quo
1603 3571 1704 3626 per
1753 3557 1944 3612 decem
1999 3557 2102 3612 hos

509 3656 708 3698 armos.
749 3643 888 3699 Nam
913 3643 982 3700 de
1003 3646 1238 3709 caeteris,
1259 3647 1508 3716 quamvis
1534 3647 1964 3704 innumerabiles
1991 3649 2102 3705 sint

510 3734 782 3806 episcopi,
809 3743 864 3791 et
891 3737 1230 3804 sacerdotes,
1262 3747 1319 3794 et
1363 3738 1640 3810 praepositi
1667 3778 1684 3804 ,
1733 3740 1826 3810 qui
1866 3755 1992 3795 cum
2035 3755 2102 3796 eo

509 3828 960 3895 communicant;
1014 3829 1154 3884 nihil
1183 3830 1516 3896 mirandum,
1563 3830 2005 3901 quandoquidem
2031 3831 2100 3887 ii-

510 3920 637 3976 dem
666 3921 770 3992 ipsi
796 3938 922 3978 cum
953 3923 1200 3980 adultero
1232 3926 1617 3992 versabantur,
1655 3934 1712 3981 et
1742 3941 1908 3981 nemo
1937 3927 2101 3997 quid-

507 4028 674 4084 quam
706 4015 923 4073 locutus
951 4016 1059 4074 εει.
1101 4017 1229 4074 Haec
1257 4018 1403 4074 Deus
1436 4035 1537 4090 per
1585 4036 1708 4085 nos,
1753 4021 1882 4076 licet
1924 4022 2103 4078 audax

509 4105 586 4162 sit
622 4106 865 4176 dictum,
902 4117 958 4166 et
1005 4110 1268 4168 admonet
1347 4121 1405 4170 et
1457 4113 1781 4182 denuntiat,
1837 4122 1893 4170 et
1944 4114 2102 4186 quasi

506 4198 687 4271 jubet.

1050 4337 1240 4397 XXIII.
1277 4373 1348 4382 —
1369 4343 1580 4399 Eidem.

2186 529 2422 584 θανάτου
2444 569 2460 595 ,
2494 530 2529 602 ἢ
2583 532 2873 603 μετασχεῖν
2913 533 3012 602 τῆς
3037 531 3250 585 ἐκείνου
3306 531 3594 595 κοινωνίας
3617 570 3632 595 .
3678 534 3778 586 καὶ

2184 621 2296 678 τῶν
2343 621 2538 694 ἐκείνῳ
2579 622 3163 696 συλλειτουργούντων,
3194 623 3303 688 ἕως
3338 622 3406 678 ἂν
3435 622 3628 695 παύσῃ
3673 623 3778 694 τῆς

2187 715 2501 786 ἱερουργίας
2539 714 2732 787 ὥσπερ
2790 717 2882 770 ἐπὶ
2929 715 3025 770 τοῦ
3057 715 3367 788 προτέρου·
3422 715 3632 788 καίπερ
3684 715 3779 770 ὃν.

2185 821 2281 870 τος
2318 804 2707 877 χαλεπωτέρου
2736 806 2834 861 τοῦ
2884 805 3163 879 δευτέρου.
3195 806 3332 860 Οὐδὲ
3382 806 3492 878 γάρ
3538 805 3783 860 συνελειο

2186 897 2498 970 τούργησεν
2554 897 2704 969 αὺτῷ
2758 897 3015 965 καθάπαξ
3068 900 3098 952 ὁ
3151 898 3638 970 προηγησάμενος.
3673 899 3785 951 Καὶ

2188 990 2311 1044 ἐκεῖ
2338 990 2438 1061 μὲν
2469 989 2748 1044 συνελθεῖν
2770 991 2972 1045 ἄτοπον
2999 986 3090 1064 ἦν.
3117 991 3268 1061 Πλὴν
3295 991 3357 1044 οὐ
3393 990 3650 1044 τοσοῦτον
3685 1009 3788 1044 κα-

2190 1081 2309 1137 κόν.
2341 1074 2470 1136 Ὧδε
2521 1083 2578 1136 δὲ
2626 1083 2950 1155 καθαίρεσις
2979 1081 3139 1154 ἡμῶν
3175 1082 3275 1154 τῆς
3323 1081 3651 1154 ἱερωσύνης,
3686 1083 3786 1136 ἐὰν

2193 1174 2806 1248 συλλειτουργήσωμεν.
2851 1176 3034 1230 Ἔστω
3075 1175 3385 1245 οίκονόμος·
3420 1174 3476 1229 τί
3509 1177 3606 1229 καὶ
3646 1177 3786 1231 ἀνα-

2194 1268 2320 1334 ξίως
2357 1269 2808 1341 συλλειτουργεῖ;
2845 1267 3063 1337 ἐξέλιπε
3099 1266 3495 1340 πρεσϐύτερος.

2266 1457 2331 1510 Ei
2383 1454 2441 1509 δὲ
2487 1454 2645 1510 οὐδὲν
2693 1454 2840 1509 δοκεῖ
2883 1456 2998 1519 τοῖς
3050 1450 3564 1523 συλλειτουργοῦσιν
3610 1449 3788 1522 αὐτῷ,

2193 1543 2416 1614 δψονται
2451 1543 2538 1615 ἐφ’
2565 1537 2647 1608 οἷς
2687 1543 3010 1614 πράττουσι·
3045 1541 3344 1613 φείσωνται
3374 1541 3534 1613 ἡμῶν
3559 1540 3663 1612 τῆς
3691 1558 3794 1594 ταο

2195 1634 2533 1702 πεινώσεως,
2593 1636 2957 1708 στεργόντων,
3025 1635 3141 1690 ἀλλ’
3193 1634 3679 1706 οίκονομησάντων
3728 1635 3794 1688 ἑν

2199 1731 2314 1792 τοῖς
2345 1727 2498 1781 δυσὶν
2525 1727 2671 1781 ἔτεσι
2700 1727 2937 1795 τούτοις,
2966 1725 3026 1792 ἐξ
3055 1727 3181 1781 ὅτου
3207 1725 3462 1797 εἰσῆλθον
3489 1725 3621 1798 [ms.
3647 1725 3788 1797 Reg.

2196 1819 2510 1894 είσῆλθεν]·
2579 1819 2650 1873 ἶν’
2701 1819 2876 1884 οὓτως
2926 1818 3352 1892 εἰρηνικώτερον
3396 1817 3791 1888 διεξέλθωμεν.

2197 1915 2262 1968 Ol.
2297 1914 2558 1968 δεσπόται
2593 1913 2750 1985 ἡμῶν
2778 1912 3049 1982 οίάγαθοὶ
3082 1915 3246 1984 μεσῖτ
3259 1929 3315 1966 αι
3348 1911 3442 1966 καὶ
3476 1912 3666 1983 κριταὶ
3692 1909 3793 1964 τοῦ

2195 2005 2432 2072 δικαίου,
2469 2006 2695 2076 φιληταὶ
2733 2005 2843 2059 τῶν
2871 2005 3409 2079 παρρησιαζομένων
3439 2003 3499 2057 ἐν
3530 2001 3790 2074 ἀληθείᾳ,

2195 2095 2271 2160 ὡς
2302 2095 2436 2150 αὐτὸ
2459 2094 2520 2148 τὸ
2541 2093 2727 2165 τίμιον
2754 2093 2935 2148 αὐτῶν
2960 2094 3138 2162 στόμα
3165 2091 3432 2156 πολλάκις
3450 2091 3790 2163 διαγορεύει.

2210 2188 2549 2254 Ἐνέγκωσιν
2594 2187 2644 2239 οί
2683 2187 2847 2257 ἱερεῖς
2873 2186 3056 2257 ίερῶς,
3085 2185 3119 2257 ἢ
3152 2185 3458 2251 πείσουσιν,
3480 2183 3517 2255 ἢ
3558 2182 3793 2254 πεισθή‹

2200 2250 2406 2328 σονται.
2469 2274 2535 2328 Et
2570 2273 2627 2326 δὲ
2680 2250 2836 2326 σι’δὲν
2863 2250 3132 2337 τοιοῦτον,
3165 2273 3304 2328 ἀλλά
3334 2250 3450 2328 και
3481 2250 3546 2327 «Eb
3587 2250 3795 2344 γρύξαι

2196 2367 2348 2438 ἡμᾶς
2381 2363 2544 2436 μόνον
2586 2365 2691 2418 οὐκ
2719 2364 2965 2419 ἀνεκτόν·
2991 2365 3125 2430 Θεὸς
3155 2367 3330 2438 ἐφορᾷ
3360 2359 3422 2420 οὗ
3471 2366 3681 2437 μείζων
3703 2366 3796 2419 οὑ-

2199 2456 2332 2523 δεὶς,
2365 2453 2425 2512 οὗ
2463 2456 2629 2528 μόνος
2671 2456 2700 2509 ὁ
2733 2456 2899 2524 φόϐος
2941 2456 3196 2528 φοϐερὸς,
3230 2459 3326 2512 καὶ
3363 2457 3424 2511 τὸ
3466 2457 3686 2512 ἐκεῖθεν
3710 2456 3796 2510 δι·-

2200 2550 2526 2619 καστήριον,
2577 2539 2622 2616 ᾧ
2677 2547 2884 2610 πάντες
2917 2546 3392 2618 παραστησόμεθα
3437 2545 3795 2617 εὐθυνόμενοι

2199 2642 2343 2696 κατὰ
2372 2643 2572 2698 πάντα.
2609 2642 2775 2696 Ἀλλὰ
2795 2642 3032 2713 δεόμεθά
3058 2659 3152 2695 σου
3177 2640 3278 2712 τῆς
3299 2641 3666 2711 ἁγαθότητος,
3698 2642 3794 2694 καὶ

2200 2735 2277 2798 ὡς
2324 2734 2848 2805 προκυλινδούμενοι
2872 2737 2986 2795 τοῖς
3027 2733 3228 2804 τιμίοις
3269 2751 3362 2786 σου
3403 2733 3576 2803 ἴχνεσι
3601 2749 3794 2804 παρα-

2201 2823 2477 2895 καλοῦμεν
2531 2824 2631 2877 καὶ¹
2686 2822 3078 2894 ἀντιϐολοῦμεν
3115 2863 3130 2890 ,
3187 2825 3414 2894 ποιῆσαι
3469 2808 3621 2886 ἔλεος
3670 2822 3792 2894 μεθ’

2202 2916 2382 2987 ἡμῶν,
2424 2919 2518 2970 καὶ
2566 2917 2748 2970 κοινὸν
2788 2917 2981 2985 δφελος
3024 2915 3214 2978 αὐτοῖς
3256 2931 3319 2968 τε
3351 2917 3465 2978 τοῖς
3502 2914 3796 2969 εὐσεϐέσιν

2202 3009 2361 3080 ἡμῶν
2396 3009 2706 3080 βασιλεῦσι,
2752 3008 2832 3080 τῷ
2882 3025 2943 3062 τε
2995 3009 3288 3077 ἁγιωτάτῳ
3320 3007 3669 3080 πατριάρχῃ,
3699 3010 3796 3063 καὶ

2204 3103 2356 3174 πάσῃ
2398 3105 2464 3173 τῇ
2526 3102 2850 3173 Ἐκκλησία·
2893 3101 2957 3155 οὐ
2991 3103 3058 3172 τῇ
3090 3099 3215 3154 καθ’
3247 3102 3392 3172 ἡμᾶς
3427 3101 3611 3169 μόνον,
3656 3101 3798 3155 ἀλλὰ

2206 3200 2300 3254 καὶ
2329 3201 2408 3268 τῇ,
2439 3195 2544 3250 ἀνὰ
2577 3197 2761 3249 πᾶσαν
2805 3194 2906 3266 τὴν
2943 3192 3293 3264 οἰκουμένην·
3323 3192 3410 3246 ἵνα
3439 3191 3630 3267 παύσῃ
3663 3195 3693 3247 δ
3713 3189 3800 3258 εἷς
3829 3197 3850 3224 ο

2202 3293 2285 3354 είς
2304 3289 2461 3357 δόξαν
2485 3287 2647 3352 Θεοῦ,
2679 3289 2775 3342 καὶ
2808 3288 2884 3359 μὴ
2907 3286 3160 3358 ταραχθῇ
3209 3287 3244 3356 ἠ
3282 3283 3449 3338 αὑτοῦ
3464 3284 3794 3357 Ἐκκλησία·

2203 3383 2252 3436 εί
2281 3383 2338 3438 δὲ
2372 3384 2446 3456 μή
2471 3400 2557 3452 γε,
2591 3382 2728 3436 ἀλλὰ
2753 3382 2815 3436 τό
2847 3397 2910 3450 γε
2944 3381 3201 3452 δεύτερον
3233 3379 3294 3432 τὸ
3325 3379 3611 3448 ἐπιμεῖναι
3645 3382 3798 3451 ἡμᾶς

2201 3477 2262 3529 ὲν
2300 3475 2379 3547 τῷ
2399 3475 2568 3546 αὐτῷ,
2589 3473 2849 3545 καθάπερ
2879 3474 2940 3527 ἑν
2958 3477 3072 3537 τοῖς
3101 3471 3234 3526 δέκα
3261 3471 3410 3527 ἔτεσι
3443 3471 3686 3537 τούτοις.
3729 3473 3797 3528 οι

2203 3569 2313 3641 γὰρ
2353 3567 2534 3624 λοιποὶ
2587 3569 2692 3624 κᾶν
2741 3569 2930 3641 μυρίοι
2970 3562 3107 3623 ὦσιν
3142 3568 3430 3641 ίεράρχαι,
3469 3569 3568 3623 καὶ
3599 3571 3796 3640 ίερεῖς,

2203 3663 2301 3716 καὶ
2335 3661 2657 3733 ἡγούμενοι,
2704 3660 3094 3725 κοινωνοῦντες
3135 3660 3292 3732 αὐτῷ
3312 3701 3327 3726 ,
3358 3661 3422 3715 οὐ
3453 3660 3797 3733 θαυμαστόν·

2205 3755 2329 3809 ἐπεὶ
2361 3755 2520 3808 αὐτοὶ⁵
2549 3755 2644 3808 καὶ
2678 3753 2943 3825 συνῆλθον
2969 3753 3049 3826 τῷ
3083 3753 3459 3826 μοιχεύσαντι·
3490 3755 3590 3810 καὶ
3613 3754 3798 3819 οὐδεὶς

2203 3865 2256 3902 τι
2293 3846 2582 3918 λελάληκε.
2626 3845 2815 3901 Ταῦτα
2849 3846 2984 3910 Θεὸς
3012 3845 3081 3901 δι’
3109 3846 3291 3918 ἡμῶν,
3323 3847 3373 3899 εί
3399 3846 3497 3901 καὶ
3517 3847 3798 3918 τολμηρὸν

2204 3940 2404 4006 εἰπεῖν,
2443 3940 2540 3994 καὶ
2572 3939 2906 4012 παρακαλεῖ,
2939 3940 3037 3996 καὶ
3082 3939 3557 4015 προσφθέγγεται,
3598 3941 3799 4006 καλῶς

2203 4032 2419 4088 κελεύει
2453 4032 2612 4106 (19⁸).

2699 4350 2831 4407 Kl".
2855 4381 2926 4395 --
2956 4350 3041 4416 Τῷ
3066 4351 3248 4417 αὐτῷ.
3270 4349 3406 4423 [μα’.
3414 4350 3440 4422 j

509 4497 706 4562 Scripta
731 4499 932 4554 nomine
955 4503 1166 4570 Josephi
1198 4507 1493 4570 archiepisc.
1527 4507 2011 4562 Thessalonicensis.
2035 4512 2270 4625 (ﬁgenda
2280 4511 2416 4622 1falso
2440 4509 2659 4560 accusari
2683 4521 2760 4570 se,
2779 4507 2922 4572 quasi
2948 4508 3285 4574 episcopatum
3306 4513 3558 4561 invaserit.
3591 4511 3795 4575 (Baron.

1945 4588 2026 4623 an.
2152 4613 2165 4625 .
2189 4589 2240 4624 n.
2345 4611 2356 4622 .

1945 4588 2026 4623 an.
2053 4588 2165 4637 δυδ,
2189 4589 2240 4624 ιι.
2280 4588 2356 4622 ιδ.

584 4693 644 4750 In
675 4696 764 4752 his
796 4713 918 4768 qua:
944 4700 1124 4767 nobis,
1165 4702 1328 4758 Pater
1362 4712 1574 4770 sancte,
1603 4705 1941 4776 signiﬁcasti,
1971 4707 2100 4760 nihil

2282 4704 2452 4758 Οὐδὲν
2486 4696 2561 4758 ὧν
2587 4702 2905 4775 δεδήλωκας
2938 4704 3070 4774 ἡμῖν
3098 4697 3160 4757 τὸ
3190 4703 3385 4775 παρὸν,
3419 4704 3547 4774 ἅγιε
3587 4707 3796 4780 Πάτερ,

512 4787 803 4845 molestius
829 4789 953 4856 fuit,
983 4807 1148 4863 quam
1175 4794 1322 4864 quod
1346 4795 1522 4850 nolint
1554 4797 1627 4867 pii
1665 4797 1882 4853 Domini
1923 4799 2102 4854 nostri

512 4893 618 4934 nos
643 4879 712 4936 de
743 4896 896 4936 more
929 4883 1214 4950 accedere,
1250 4885 1574 4958 dignarique
1606 4889 1916 4946 veneranda
1951 4889 2100 4960 ipso-

512 4983 636 5027 rum
691 4973 1029 5039 adcretione,
1083 4983 1139 5030 et
1192 4978 1596 5051 propempticas
1646 4995 1712 5034 ac
1764 4981 2010 5048 votivas,
2044 4988 2105 5035 ut

513 5064 701 5118 caeteri
742 5063 971 5130 faciunt,
1021 5065 1073 5122 in
1108 5083 1302 5123 eorum
1345 5070 1590 5126 discessu
1637 5087 1802 5128 voces
1849 5073 2102 5130 reddere.

512 5153 625 5212 Sed
672 5171 780 5214 non
836 5172 1055 5235 semper
1105 5163 1210 5217 hoc
1259 5163 1328 5218 ad
1371 5163 1806 5223 humiliationem
1856 5177 2103 5224 nostram

513 5247 680 5305 faciet
723 5250 986 5320 placabile
1011 5263 1067 5308 et
1091 5253 1413 5324 injuriarum
1444 5255 1753 5326 immemor,
1791 5257 2105 5332 Christique

512 5340 771 5396 aemulum
833 5358 930 5398 cor
969 5360 1160 5400 eorum
1195 5365 1209 5402 :
1240 5348 1442 5418 quippe
1494 5350 1642 5421 quod
1688 5351 1940 5408 hostibus
1971 5355 2104 5423 ipsis

515 5433 860 5488 reconciliari
889 5435 1046 5491 novit
1074 5453 1088 5490 :
1118 5438 1322 5493 nedum
1354 5448 1416 5493 ut
1445 5455 1546 5494 nos
1573 5441 1803 5511 rejiciat,
1838 5443 1931 5514 qui
1976 5445 2106 5500 sin-

513 5535 642 5579 cero
689 5527 858 5583 corde
907 5527 1030 5584 illos
1081 5529 1311 5588 colimus
1338 5540 1395 5588 et
1426 5547 1697 5589 amamus.
1730 5533 1876 5590 Belle
1920 5547 2104 5594 autem

2206 4799 2479 4872 λυπηρὸν,
2511 4799 2638 4853 ὅσον
2660 4797 2723 4853 τὸ
2770 4798 2845 4869 μὴ
2891 4797 3066 4851 θέλειν
3092 4798 3219 4864 τοὺς
3247 4797 3494 4865 εὐσεϐεῖς
3525 4799 3688 4872 ἡμῶν
3714 4801 3804 4854 δεο

2211 4894 2422 4960 σπότας
2449 4893 2625 4947 ἐλθεῖν
2649 4893 2796 4964 ἡμᾶς
2827 4891 2973 4946 κατὰ
2994 4892 3056 4946 τὸ
3089 4892 3342 4964 σύνηθες,
3366 4895 3464 4948 καὶ
3493 4893 3801 4964 ἀξιωθῆναι

2208 4989 2312 5060 τῆς
2361 4987 2550 5058 τιμίας
2595 4987 2777 5041 αὐτῶν
2830 4987 3280 5059 προσκυνήσεως,
3334 4988 3429 5040 καὶ
3477 4989 3609 5052 τοὺς
3656 4991 3799 5060 προι

2209 5077 2562 5150 πεμπτικοὺς
2590 5076 2689 5130 καὶ
2709 5075 3061 5149 εὑκτηρίους,
3085 5076 3160 5140 ὡς
3188 5078 3299 5140 πᾶς
3326 5075 3438 5132 τῶν
3462 5077 3798 5148 ἀνθρώπιον,

2209 5171 2355 5226 κατὰ
2387 5170 2487 5242 τὴν
2518 5168 2699 5234 ἔξοδον
2729 5170 2911 5224 αὐτῶν
2957 5168 3256 5224 ἀποδοῦναι
3287 5170 3507 5239 λόγους.
3557 5170 3698 5224 Ἀλλ’
3737 5173 3798 5224 ού

2209 5263 2432 5326 πάντως
2463 5263 2498 5334 ἡ
2527 5261 2874 5332 εὐμείλικτος
2903 5263 2999 5317 καὶ
3027 5261 3411 5333 ἀμνησίκακος
3441 5265 3538 5318 καὶ
3565 5265 3802 5335 Χριστο-

2214 5353 2450 5425 μίμητο;
2481 5351 2666 5409 αὐτῶν
2702 5353 2901 5425 καρδία
2924 5351 3088 5408 τοῦτο
3117 5353 3241 5406 ὅλον
3273 5353 3556 5424 ποιήσειεν
3589 5357 3670 5417 εἰς
3701 5353 3802 5424 τὴν

2210 5444 2493 5520 ἡμετέραν
2523 5446 2899 5502 ταπείνωσιν·
2951 5449 3077 5502 ἐπεὶ
3121 5448 3367 5512 καὶτοῖς
3414 5447 3633 5519 ἐχθροῖς
3688 5443 3801 5503 οἶδε

2209 5539 2672 5609 διαλλάττεσθαι,
2705 5541 2828 5614 οὐχὶ
2857 5541 2914 5596 δὲ
2957 5541 3107 5613 ἡμᾶς
3147 5542 3275 5607 τοὺς
3325 5541 3557 5613 ἀληθινῇ
3599 5541 3798 5614 καρδίᾳ

2022 5673 2257 5732 NOTAE.

585 5801 722 5877 (19‘)
745 5805 837 5866 Sic
863 5807 1154 5882 legendum
1189 5813 1405 5872 videtur
1443 5817 1575 5875 etin
1606 5816 1716 5877 [ine
1747 5817 1910 5892 epist.
1941 5818 2004 5874 21
2043 5835 2229 5904 supra.
