4044 6366
1631 141 1658 174 l

247 353 353 422 981

1483 348 2029 413 EPISTOLARUM
2063 351 2210 412 LIB.
2248 350 2302 411 Ι.

3413 350 3521 414 982

243 468 538 543 φιλοῦντας
563 465 660 522 καὶ
683 465 945 531 σέϐοντας
969 463 1268 530 αὑτούς.¹Ἀ
1279 483 1437 538 ριστα
1465 466 1521 521 δὲ
1552 468 1826 524 ὑπέϐαλεν

1933 481 2022 526 tua
2055 470 2316 526 sanctitas
2349 483 2614 540 responsa
2655 475 2840 524 nostra
2873 469 3042 524 sacris
3064 467 3277 525 illorum
3297 471 3520 530 auribus

242 563 278 633 ἡ
315 555 594 629 ἁγιωσύνη
622 573 718 610 σου
746 555 846 620 τὰς
879 558 980 626 τῆς
1010 555 1288 620 εὐτελείας
1311 555 1470 626 ἡμῶν
1503 556 1830 628 ἀποκρίσεις

243 652 308 704 ἑν
349 651 468 712 ταῖς
504 648 679 718 ἱεραῖς
715 645 899 700 αὐτῶν
932 646 1157 710 ἀκοαῖς·
1209 645 1306 700 καὶ
1341 647 1423 700 ὅτι
1473 649 1830 716 κατένευσαν,

240 743 346 815 τῆς
366 740 548 795 αὐτῶν
585 739 671 810 εἴη
723 737 1130 809 μεγαλόφρονος
1177 737 1520 804 θεοσυνεσίας
1544 756 1557 769 ·
1595 741 1690 795 καὶ
1721 740 1832 812 γὰρ

244 833 399 888 ῐσασι
435 831 508 886 τὰ
539 829 660 886 Θεία
694 829 902 903 κρίνειν
944 827 1252 892 εὐθυόόλως
1273 867 1288 893 ,
1319 828 1396 894 ὡς
1434 831 1630 900 σοφίας
1664 847 1835 902 μεμε-

244 922 552 994 πωμὲνοι,
586 922 684 976 καὶ
714 921 977 990 γνώσεως
1005 919 1145 974 Θεοῦ
1183 921 1469 976 ἀνάπλεοι.
1508 923 1738 977 Κελεύει
1776 923 1834 977 δὲ

243 1015 482 1087 ἐρωτᾷν,
523 1013 672 1078 τίνος
704 1014 868 1086 χάριν
901 1010 1316 1085 ὲπιδεδώκαμεν
1347 1014 1580 1078 ἑαυτοὺς
1615 1017 1694 1080 εἰς
1732 1015 1834 1087 τὴν

245 1107 537 1179 ἱεραρχίαν
569 1146 584 1169 ,
635 1105 984 1175 ἐγνωσμένου
1024 1104 1180 1169 ὄντος
1210 1103 1305 1158 τοῦ
1339 1105 1682 1177 σφάλματος.
1724 1107 1834 1162 Καὶ

241 1203 386 1273 πρὸς
413 1199 576 1253 τοῦτο
613 1198 730 1270 μετ’
775 1197 966 1261 αἰδοῦς
1009 1198 1454 1270 ἀποκρινόμεθα,
1488 1200 1573 1254 ὅτι
1617 1201 1742 1255 ὅσον
1773 1202 1834 1255 τὸ

240 1291 371 1348 καθ’
413 1293 590 1363 ἡμᾶς,
643 1291 746 1344 οὑκ
793 1289 1164 1361 ὲόουλόμεθα,
1207 1291 1270 1345 τὸ
1320 1292 1420 1362 μὲν
1469 1292 1559 1347 διὰ
1605 1293 1666 1347 τὸ
1711 1295 1835 1349 ἐπι-

242 1383 492 1440 κίνδυνον
519 1383 613 1438 τοῦ
636 1381 953 1454 ἀξιώματος
975 1425 990 1451 ,
1020 1383 1084 1436 τὸ
1117 1384 1175 1438 δὲ
1204 1383 1274 1439 δι’
1305 1385 1438 1438 αὑτὸ
1465 1386 1568 1457 ἤδη
1590 1387 1652 1440 τὸ
1683 1386 1836 1456 λεγό-

241 1481 412 1549 μενον
433 1476 532 1532 τοῦ
561 1477 875 1547 οἰκονόμου.
917 1476 1071 1529 Ἐπεὶ
1104 1475 1161 1530 δὲ
1189 1477 1459 1548 έλὴλυθαν
1481 1479 1532 1531 οἱ
1557 1477 1833 1534 Θεσσαλοο

239 1573 442 1635 νικεῖς,
485 1567 824 1631 ἱκετεύοντες
853 1566 930 1630 ὡς
961 1568 1026 1621 ὲκ
1055 1567 1240 1636 πάσης
1276 1569 1377 1636 τῆς
1408 1567 1640 1632 πόλεως,
1681 1568 1736 1622 οῖ
1771 1586 1832 1622 τε

235 1661 504 1715 δεσπόται
539 1659 698 1731 ἡμῶν
727 1660 777 1712 oi
818 1659 1016 1724 ἀγαθοὶ
1047 1658 1522 1730 συνεπιτιθέμενοι
1549 1658 1631 1731 τῷ
1662 1660 1836 1730 ψηφί-

237 1769 462 1829 σματι;
506 1752 623 1815 δέος
661 1751 796 1822 ἡμῖν
828 1751 1046 1819 ἐγένετο
1079 1750 1154 1822 μὴ
1187 1751 1521 1814 ὑπακοῦσαι,
1556 1753 1650 1805 καὶ
1687 1753 1833 1806 em-

238 1841 511 1913 φέρεσθαι
552 1839 672 1912 Θεῷ
717 1858 778 1894 τε
805 1841 902 1894 καὶ
953 1843 1067 1904 τοῖς
1114 1841 1396 1894 εὑσεὸέσιν
1431 1842 1590 1912 ἡμῶν
1633 1842 1828 1896 δεσπό-
1864 1834 1904 1890 Β

235 1951 402 1999 ταις*
447 1934 799 2004 λογισάμενοι
845 1935 928 1987 ὅτι
965 1933 1193 1996 δυνατός
1241 1932 1303 2005 [ί.
1353 1934 1600 2006 δυνατόν]
1655 1936 1826 2000 ἐστιν,

235 2024 414 2096 ἦνικα
452 2025 558 2079 ὑπὸ
585 2025 695 2079 τῶν
725 2026 946 2079 οἰκείων
976 2025 1295 2080 ἐπισκόπων
1325 2028 1358 2096 ἡ
1402 2028 1710 2097 χειροτονία
1740 2028 1828 2096 γι·-

237 2135 420 2182 νεται,
456 2119 651 2187 φυγεῖν
683 2116 777 2170 τὸν
805 2117 1210 2189 προειρημένον
1240 2118 1505 2171 κίνδυνον.
1547 2120 1691 2190 Πρὸς
1721 2119 1828 2191 γὰρ

235 2209 303 2263 τὸ
332 2208 476 2279 μετὰ
511 2206 690 2262 ταῦτα
708 2223 724 2240 ⁸
775 2208 836 2261 τὸ
869 2208 968 2278 μὲν
997 2209 1082 2262 ὅτι
1109 2207 1300 2279 πόρρω
1327 2209 1438 2261 τῶν
1469 2209 1702 2263 ἐνταῦθα
1726 2209 1831 2262 ἀπ-

235 2296 548 2364 οικίζεται·
577 2298 639 2351 τὸ
689 2297 752 2351 δὲ’
789 2297 872 2351 ὅτι
918 2299 1155 2369 ἐγχωρεῖ
1201 2299 1294 2351 καὶ
1319 2298 1697 2370 ἐπιδημοῦντα
1731 2316 1830 2368 φυ-

237 2391 542 2448 λάττεσθαι
583 2391 728 2444 κατὰ
753 2390 983 2454 πολλοὺς
1017 2390 1275 2461 τρόπους.
1321 2386 1460 2445 Εἶτα
1489 2392 1572 2446 ὅτι
1600 2393 1696 2446 καὶ
1736 2393 1831 2447 θά-

236 2500 399 2540 νατοι
443 2481 858 2554 συμϐαίνουσιν⁹
891 2486 996 2536 καὶ,
1025 2485 1090 2536 ἐκ
1119 2483 1286 2554 μέσου
1321 2483 1533 2552 γίνεται
1576 2484 1639 2538 τὸ
1667 2485 1830 2539 σκάν-

232 2576 435 2630 δαλον·
481 2573 674 2646 ὥσπερ
717 2576 813 2628 καὶ
858 2575 946 2643 ἐφ’
981 2573 1142 2644 ἡμῶν
1176 2574 1359 2628 αὐτῶν
1404 2575 1514 2629 τῶν
1559 2577 1829 2630 ταπεινῶν

233 2662 345 2746 ἆξδε
407 2667 736 2738 καθημένων
796 2665 1027 2736 συνέϐη,
1079 2665 1516 2740 διαφυλαχθῆναι
1573 2669 1680 2732 ἓως
1734 2669 1828 2722 τοῦ

235 2758 514 2830 παρόντος
543 2797 558 2824 ,
591 2757 877 2828 οίκονομίᾳ
920 2755 1244 2829 χρωμένων.
1281 2760 1375 2811 Δεῖ
1402 2759 1533 2831 γὰρ,
1581 2760 1666 2829 ἐφ’
1706 2760 1830 2813 ὅσον

235 2845 360 2907 οἷόν
395 2849 480 2917 τες
512 2851 822 2922 ὑποχωρεῖν
843 2850 972 2913 τοὺς
1009 2851 1386 2923 πειρασμοὺς,
1433 2852 1611 2918 ἄλλως
1636 2869 1695 2906 τε
1737 2853 1829 2906 καὶ

241 2941 325 3014 μὴ
355 2941 667 3012 ἐπισκοπῆς
697 2942 932 3011 ἑχόντων
977 2939 1222 3010 ἀξίωμα,
1269 2941 1370 2995 Διὰ
1414 2942 1586 2997 ταῦτα
1626 2944 1702 3008 ὡς
1738 2944 1832 2997 ἐπὶ

239 3035 489 3106 μάρτυρι
514 3033 637 3106 Θεῷ
680 3031 1091 3104 ὲπιδεδώκαμεν
1119 3034 1372 3100 ἑαυτοὺς,
1403 3034 1710 3099 δοκοῦντες,
1741 3035 1832 3090 ἵνα

237 3131 343 3183 καὶ
371 3126 532 3182 τοῦτο
561 3127 810 3197 εἴπωμεν
829 3167 843 3192 ,
879 3125 1015 3198 μηδὲ
1056 3125 1398 3199 ἠγνοημένον
1427 3123 1569 3182 εῐναι
1608 3129 1830 3193 πάντως

236 3221 360 3284 τοῖς
385 3219 668 3273 εὑσεὸέσιν
693 3187 856 3290 ἡμῶν
879 3187 1199 3283 δεσπόταις,
1215 3187 1393 3272 ἐἰδόσι
1423 3220 1494 3274 τὰ
1516 3219 1710 3293 πόρρω
1732 3187 1828 3276 καῖ
1855 3187 1899 3246 C

239 3308 471 3382 μακρὰν
487 3309 556 3362 δι’
572 3308 750 3376 ἄκραν
776 3307 1061 3378 ἀγχίνοιαν
1080 3323 1095 3338 ·
1128 3307 1266 3361 ἀλλὰ
1291 3307 1399 3380 μὴν
1421 3308 1543 3362 οὐδὲ
1575 3308 1728 3381 αὑτῷ
1749 3310 1830 3382 τῷ

237 3401 537 3472 ἁγιωτάτῳ
568 3399 888 3471 πατριάρχῃ
913 3438 929 3465 ,
965 3398 1088 3452 ἐπεὶ
1133 3399 1373 3470 κάκείνῳ
1399 3400 1702 3470 τηνικαῦτα
1739 3417 1833 3470 γε·

236 3491 540 3564 γράφαμεν
581 3490 680 3562 τὴν
711 3489 1000 3544 ὑπόθεσιν·
1033 3488 1110 3552 ὡς
1144 3491 1305 3560 ἡμεῖς
1336 3507 1400 3559 γε
1433 3491 1626 3544 τούτου
1669 3492 1829 3564 χάριν

237 3585 391 3659 ὑπὲρ
415 3583 510 3639 τοῦ
543 3584 620 3656 μὴ
648 3583 976 3654 κοινωνῆσαι
1011 3580 1090 3654 τῷ
1119 3582 1532 3653 στεφανώσαντι
1575 3585 1668 3638 τὸν
1711 3601 1826 3656 μοι·

235 3678 361 3749 χὺν,
395 3676 491 3731 καὶ
516 3675 596 3748 τῷ
626 3675 1072 3746 προηγησαμένῳ
1105 3676 1448 3749 πατριάρχῃ,
1477 3675 1639 3745 ἡνίκα
1670 3677 1830 3748 μόνον

239 3770 525 3842 μετεδίδου
557 3768 740 3840 αὐτῷ,
774 3768 1050 3839 διαφόρως
1078 3767 1178 3838 τὴν
1225 3767 1443 3839 ὲξορίαν
1475 3769 1790 3840 ὑπέστημεν
1812 3786 1825 3800 ο

235 3861 386 3934 πλὴν
411 3862 495 3916 ὅτι
522 3859 812 3931 πολλαχῶς
845 3859 942 3913 καὶ
975 3858 1108 3912 αὐτὸ
1134 3859 1196 3913 τὺ
1221 3859 1404 3931 τίμιον
1433 3860 1618 3916 αὐτῶν
1648 3861 1824 3932 στόμα

233 3953 592 4024 ὲπανέκρινε,
637 3953 734 4005 καὶ¹
779 3950 980 4020 διέγνω
1023 3948 1199 4005 ταῦτα
1251 3950 1428 4016 οὕτως
1471 3950 1634 4022 ἔχειν.
1671 3951 1820 4024 Αὕτη

233 4043 396 4098 ἐστὶν
426 4044 460 4114 ἡ
490 4041 757 4111 ἀπολογία
776 4057 790 4072 ·
809 4041 904 4094 καὶ
932 4041 1161 4112 ταύτην,
1180 4040 1258 4106 ὡς
1288 4040 1560 4107 κελεύεις,
1577 4042 1820 4110 ἀνάγαγε

231 4135 314 4208 τῷ
343 4135 566 4207 εὐηκόῳ
595 4133 778 4192 αὐτῶν
805 4134 1019 4205 κράτει.

379 4297 516 4357 KA'.
537 4327 608 4341 -—-
639 4298 976 4363 Θεοκτίστῳ
1003 4297 1117 4368 (20)
1147 4298 1471 4367 Ματίστρῳ
1497 4297 1631 4370 (21).
1663 4297 1822 4371 [μβ’.]

1937 561 2170 633 subjecit
2206 581 2220 617 :
2263 559 2463 632 quibus
2497 561 2642 631 quod
2671 569 3004 626 annuerunt,
3045 560 3395 617 tribuendum
3435 574 3517 618 est

1936 655 2296 726 magnanimae
2335 663 2390 709 et
2424 653 2624 708 divinae
2671 667 2862 707 eorum
2915 652 3219 723 prudentiae
3258 671 3270 706 :
3309 654 3516 724 optimc

1936 747 2083 802 enim
2118 747 2186 802 de
2214 747 2418 802 divinis
2450 745 2722 816 judicant,
2749 754 2808 799 ut
2860 745 3125 815 sapientia
3157 745 3304 815 pleni
3333 755 3389 800 et
3423 747 3520 802 Dei

1936 839 2164 894 scientia
2215 838 2423 894 referti.
2483 837 2648 892 Jubet
2683 845 2864 891 autem
2910 837 3276 909 interrogare,
3323 853 3518 907 quam.

1935 931 2125 987 obrem
2157 930 2545 1002 ingesserimus
2578 944 2678 984 nos
2708 927 2764 983 in
2799 928 3204 998 episcOpatum,
3248 944 3374 985 cum
3403 945 3520 984 ma—

1935 1022 2194 1078 nifestum
2237 1023 2310 1077 sit
2341 1021 2555 1076 vitium.
2583 1022 2665 1076 Ad
2701 1022 2802 1076 hoc
2828 1035 3044 1091 quoque
3067 1036 3170 1076 nos
3198 1036 3322 1076 cum
3361 1037 3520 1077 reve-

1935 1117 2111 1172 rentia
2149 1115 2576 1186 respondemus,
2607 1114 2774 1184 quod,
2797 1123 3067 1183 quantum
3107 1112 3162 1167 in
3192 1114 3351 1168 nobis
3377 1123 3517 1179 erat,

1935 1207 2277 1272 nolebamus,
2322 1205 2516 1275 partim
2551 1205 2772 1274 quidem
2805 1213 3026 1275 propter
3053 1219 3255 1272 auceps
3300 1205 3518 1273 pericu-

1935 1297 2047 1352 lum
2097 1298 2394 1370 dignitatis,
2443 1297 2639 1366 partim
2690 1295 2853 1350 etiam
2901 1305 3125 1365 propter
3169 1295 3220 1350 id
3265 1296 3409 1365 quod
3450 1297 3518 1350 de

1935 1405 2222 1446 (economo
2242 1391 2351 1460 jam
2382 1389 2683 1445 dicebatur.
2707 1387 2998 1458 Postquam
3027 1404 3155 1442 vero
3179 1388 3520 1443 advenerunt

1935 1482 2453 1539 Thessalonicenses
2479 1522 2493 1547 ,
2541 1481 2912 1552 supplicantes
2975 1489 3236 1550 tanquam
3292 1481 3518 1536 nomine

1935 1574 2102 1631 totius
2159 1574 2423 1640 civitatis,
2469 1583 2523 1630 et
2559 1573 2750 1644 Optimi
2807 1573 3021 1628 Domini
3072 1575 3247 1629 nostri
3295 1575 3518 1631 decreto

1935 1667 2145 1727 assensi
2172 1676 2332 1732 sunt;
2373 1666 2530 1722 veriti
2556 1680 2746 1722 sumus
2775 1680 2888 1720 non
2929 1665 3156 1720 obedire
3179 1675 3234 1721 et
3261 1666 3519 1724 reluctari

1937 1757 2049 1814 Deo
2093 1757 2309 1829 piisque
2337 1757 2574 1812 dominis
2615 1756 2840 1821 nostris,
2867 1756 3192 1827 cogitantes,
3223 1758 3368 1828 quod
3395 1774 3522 1829 pos-

1933 1852 2026 1916 sit,
2063 1867 2189 1907 cum
2237 1866 2268 1905 a
2303 1850 2542 1921 propriis
2591 1850 2868 1920 episcopis
2907 1850 2967 1904 ﬁt
2997 1851 3291 1918 ordinatio,
3321 1852 3522 1922 praedi-

1933 1955 2081 2001 ctum
2136 1943 2441 2016 periculum
2488 1942 2773 1998 declinari.
2811 1942 2966 2009 Quod
3016 1958 3148 1998 vero
3194 1944 3260 1998 ad
3290 1944 3520 1999 alterum

1932 2043 2130 2107 caput,
2167 2035 2494 2092 occurrebat
2535 2035 2682 2104 quod
2716 2034 2910 2104 procul
2952 2034 3083 2088 hinc
3118 2043 3360 2090 semotus
3389 2036 3462 2091 sit
3502 2055 3514 2090 :

1931 2128 2160 2199 ﬁerique
2191 2128 2360 2198 possit
2409 2135 2471 2182 ut
2521 2142 2747 2198 peregre
2781 2141 2969 2197 agens,
3022 2127 3296 2182 devitetur
3334 2128 3522 2182 multis

1933 2221 2133 2276 modis.
2174 2219 2382 2276 Deinde
2417 2220 2560 2290 quod
2584 2227 2790 2275 mortes
2829 2217 3172 2288 contingant,
3216 2227 3271 2272 et
3297 2218 3364 2273 de
3402 2235 3520 2274 me-

1932 2313 2025 2368 dio
2075 2312 2302 2368 tollatur
2358 2311 2740 2380 scandalum):
2785 2311 3246 2380 quemadmodum
3276 2323 3333 2366 et
3358 2312 3520 2366 nobis

1933 2404 2238 2460 humilibus
2294 2404 2544 2476 contigit,
2587 2403 2682 2474 qui
2735 2403 2826 2458 hic
2877 2403 3201 2469 residentes,
3237 2402 3520 2472 hucusque

1933 2498 2243 2553 conservati
2295 2512 2507 2564 sumus,
2560 2496 2972 2566 dispensatione
3029 2495 3250 2550 utendo.
3296 2499 3521 2566 Oportet

1933 2590 2102 2656 enim,
2135 2589 2315 2660 quoad
2360 2589 2510 2654 licet,
2556 2589 2889 2644 tentationes
2937 2587 3322 2658 subterfugere
3356 2606 3369 2643 :
3400 2589 3520 2644 illos

1933 2679 2369 2751 prasertim,qui
2394 2679 2778 2750 episcoporum
2808 2679 3129 2751 dignitatem
3157 2694 3270 2734 non
3297 2690 3514 2751 gerunt.

1932 2771 2031 2828 His
2074 2771 2143 2828 de
2200 2773 2403 2838 causis,
2437 2771 2548 2828 Deo
2604 2780 2762 2836 teste,
2801 2787 2904 2826 nos
2955 2771 3298 2842 ingessimus,
3333 2772 3519 2828 existi-

1934 2876 2164 2934 mantes,
2245 2876 2302 2922 ut
2353 2867 2459 2923 hoc
2543 2867 2708 2922 etiam
2763 2868 3041 2933 dicamus,
3098 2868 3520 2938 haudquaquam

1932 2973 2163 3028 prorsus
2225 2959 2464 3030 ignotam
2522 2972 2638 3013 rem
2670 2955 2838 3012 fuisse
2869 2957 2974 3027 piis
3011 2957 3260 3013 Dominis
3289 2958 3515 3019 nostris.

1932 3053 2024 3122 qui
2052 3051 2212 3122 longe
2239 3050 2538 3122 proculque
2569 3050 2744 3120 posita
2771 3050 3112 3121 prospiciunt
3149 3066 3362 3106 summa
3393 3067 3520 3108 cum

1934 3139 2186 3206 solertia;
2228 3139 2325 3198 sed
2370 3155 2552 3210 neque
2597 3139 2699 3210 ipsi
2751 3139 3077 3210 patriarcha!
3125 3141 3513 3198 sanctissime:

1931 3231 2190 3303 quoniam
2220 3229 2289 3286 ad
2314 3231 2491 3301 ipsum
2521 3231 2685 3288 etiam
2729 3240 2860 3287 tunc
2889 3231 3216 3302 scripsimus
3240 3233 3306 3289 de
3331 3249 3409 3290 ea;
3435 3250 3515 3298 re,

1929 3324 2076 3396 quod
2106 3339 2238 3389 nos,
2271 3333 2560 3396 propterea
2606 3325 2750 3397 quod
2793 3329 3206 3384 communicare
3248 3329 3518 3384 nollemus

1929 3437 2056 3478 cum
2115 3437 2181 3478 eo
2238 3422 2332 3492 qui
2390 3423 2694 3477 adulterum
2743 3431 3124 3489 coronaverat,
3160 3438 3338 3494 neque
3391 3439 3516 3479 cum

1931 3514 2299 3568 antecedente
2330 3514 2658 3583 patriarcha,
2689 3529 2812 3569 cum
2843 3513 2896 3568 ei
2917 3517 3294 3570 tantummodo
3317 3515 3518 3586 imper-

1931 3601 2087 3669 tiret;
2116 3603 2350 3660 diversis
2379 3604 2556 3659 modis
2598 3604 2852 3659 exsilium
2884 3605 3269 3674 pertulerimus
3317 3625 3329 3660 :
3375 3621 3518 3677 pra:-

1929 3699 2180 3762 terquam
2229 3695 2372 3763 quod
2417 3694 2790 3749 venerandum
2842 3695 3019 3766 ipsum
3053 3712 3115 3751 os
3145 3711 3334 3752 eorum
3372 3714 3520 3769 saepe

1931 3781 2212 3849 discussit,
2245 3791 2302 3838 et
2351 3785 2616 3854 comperit
2649 3785 2765 3840 ιιωο
2803 3785 2877 3842 ita
2923 3801 2981 3842 se
3013 3787 3234 3842 habere.
3271 3787 3386 3842 Hoc
3433 3798 3518 3844 est

1933 3888 2262 3944 responsum
2305 3883 2554 3928 nostrum
2591 3893 2600 3926 :
2636 3873 2820 3945 idque,
2856 3884 2915 3929 ut
2961 3875 3166 3940 innuis,
3215 3875 3399 3944 perfer
3447 3877 3515 3930 ad

1933 3964 2178 4034 ipsorum
2202 3965 2552 4020 audientiam.

2266 4303 2453 4360 XXIV.
2477 4335 2546 4346 -—
2582 4305 2863 4361 Theoctialo
2899 4307 3178 4378 Magistro;

1104 4441 1202 4492 Cm-
1225 4455 1252 4492 a
1276 4440 1555 4505 patriarcha
1584 4456 1641 4493 se
1663 4443 1968 4506 abjunxerit.
1997 4448 2200 4511 (Baron.
2225 4462 2304 4499 an.
2327 4449 2438 4512 808,
2472 4463 2522 4499 n.
2550 4449 2654 4509 10.)

307 4553 442 4607 ’Ὅτι
471 4555 920 4626 περιπονουμένη
944 4555 1063 4608 ἐστὶ
1091 4554 1162 4608 τὰ
1195 4553 1319 4609 καθ’
1342 4558 1492 4627 ἡμᾶς
1517 4559 1550 4626 ἡ
1590 4558 1824 4628 μεγίστη

1999 4564 2156 4631 Quod
2186 4564 2254 4620 de
2288 4564 2446 4620 nobis
2477 4581 2576 4635 pro
2605 4565 2802 4620 eximia
2835 4580 2930 4620 sua
2956 4564 3161 4635 pietate
3191 4563 3421 4618 sollicita
3449 4564 3518 4616 sit

235 4665 336 4704 σου
378 4646 630 4721 ὑπεροχὴ
680 4646 739 4715 ἐξ
788 4646 1245 4720 ὑπερϐαλλούσης
1279 4648 1600 4719 φιλοθεϊας,
1653 4651 1824 4716 ἔδειξε

235 4740 341 4811 μὶν
393 4739 491 4794 καὶ
533 4739 605 4794 τὰ
632 4737 722 4794 διὰ
769 4739 867 4792 τοῦ
917 4739 1319 4794 εὐλαϐεστάτου
1368 4742 1677 4813 ἡγουμένου
1733 4745 1828 4816 ῥή-

235 4847 410 4902 ματα.
451 4831 802 4903 Ἐφανέρωσε
837 4830 895 4883 δὲ
938 4833 1034 4885 καὶ
1080 4831 1174 4886 νῦν
1221 4833 1290 4886 τὰ
1335 4833 1425 4888 διὰ
1456 4833 1548 4888 τοῦ
1593 4836 1825 4906 ἀδελφοῦ

229 4923 396 4993 ἡμῶν
438 4923 578 4994 πρὸς
615 4923 686 4976 τὰ
729 4922 996 4977 σταλέντα
1026 4923 1326 4994 δηλώματά
1359 4942 1419 4978 τε
1450 4928 1545 4979 καὶ
1589 4928 1825 4982 ἀνταπο-

231 5013 508 5083 κρίματα.
552 5013 666 5067 Καὶ
714 5013 814 5084 τῆς
865 5013 1008 5084 ὑπὲρ
1068 5015 1408 5088 τηλικαύτης
1463 5035 1555 5074 σου
1609 5019 1823 5090 ἀγαθῆς

1928 4653 2248 4709 excellentia
2278 4663 2390 4720 tua,
2426 4655 2704 4709 declarant
2725 4670 2856 4709 sane
2887 4669 3008 4723 qua:
3030 4669 3130 4723 per
3160 4651 3511 4706 reverendis-

1926 4746 2124 4802 simum
2165 4747 2516 4818 praepositum
2560 4746 2914 4818 signiﬁcasti;
2951 4753 3005 4800 at
3038 4760 3149 4799 non
3197 4745 3380 4798 minus
3425 4743 3515 4797 illa

1926 4853 2048 4908 qua:
2078 4854 2223 4893 nunc
2256 4853 2354 4908 per
2384 4837 2608 4892 fratrem
2652 4845 2927 4900 nostrum,
2962 4837 3108 4892 circa
3137 4835 3334 4890 missas
3371 4835 3514 4890 relat-

1928 4929 2106 4984 tiones
2153 4939 2208 4984 et
2250 4945 2532 4998 responsa.
2562 4927 2628 4984 Et
2657 4945 2756 5000 pro
2787 4929 2889 4984 hac
2919 4929 3138 5000 quidem
3191 4937 3338 4984 tanta
3385 4945 3516 5002 erga

1928 5020 2223 5075 utilitatem
2274 5035 2622 5076 communem
2680 5021 3050 5092 propensione
3083 5030 3173 5076 tua
3205 5021 3513 5077 mercedem

228 5102 532 5167 διαθέσεως
574 5103 711 5176 πρὸς
763 5102 826 5156 τὸ
867 5107 1025 5176 κοινῇ
1072 5107 1376 5179 συμφέρον,
1428 5109 1555 5172 τοὺς
1595 5110 1818 5180 μισθοὺς

1933 5112 2000 5167 illi
2035 5112 2283 5178 omnino,
2315 5113 2478 5170 etiam
2527 5112 2834 5170 tacentibus
2869 5112 3054 5177 nobis,
3087 5113 3375 5180 retribuet,
3417 5116 3512 5184 qui

1761 5310 1990 5371 NOTAE.

307 5443 429 5522 (Ωο)
464 5446 820 5522 acutiora).
857 5445 923 5522 __ls_
961 5443 1270 5522 Nicephoro
1325 5449 1391 5505 ad
1447 5451 1829 5522 occupandum

231 5515 531 5591 imperium
581 5515 810 5591 adiutor
851 5517 970 5583 fuit,
1019 5515 1196 5591 eoque
1250 5519 1304 5574 in
1355 5515 1704 5591 expeditione
1732 5525 1824 5578 ad-

230 5584 433 5663 versus
493 5584 762 5663 Bulga’ros
820 5599 1064 5655 mortuo,
1104 5584 1469 5663 'Stauraciur'n
1500 5593 1622 5663 ejus
1653 5595 1827 5650 lilium

231 5655 621 5732 preclamavjt’
657 5657 1092 5732 imperatorem.»
1134 5659 1257 5716 Mox
1301 5655 1569 5719 converso
1609 5667 1676 5720 ad
1730 5664 1827 5719 Mi-

232 5725 480 5803 chaelem
528 5725 891 5803 Curopalateu
951 5730 1152 5803 stqdio,
1221 5731 1374 5787 illiilli
1420 5732 1487 5786 ad
1531 5735 1822 5803 imperium

231 5797 486 5862 provexit
526 5818 537 5852 :
575 5813 637 5854 ac
670 5787 772 5855 sub
809 5799 927 5869 ipso
958 5787 1236 5871 publicam
1274 5818 1390 5858 rem
1429 5787 1822 5875 tanquam—stu:

1928 5467 2116 5522 prema
2163 5463 2428 5521 potestate
2475 5455 2899 5511 administravit.
2955 5456 3374 5522 (Tneommas.)
3415 5457 3512 5512 De-

1928 5539 2079 5578 mum
2107 5522 2401 5596 Michaelis
2426 5526 2587 5596 jussu
2618 5543 2648 5581 a
2682 5527 2853 5581 Barda
2883 5535 2938 5581 et
2966 5522 3300 5596 TheOphane
3333 5525 3511 5596 ΔΡιιιιι-

1927 5609 2070 5661 gano
2111 5595 2351 5650 occisus.
2386 5595 2496 5651 Leo
2539 5595 2947 5652 Grammaticus
2978 5597 3044 5650 ad
3093 5594 3297 5650 calcem
3329 5594 3512 5656 Theo-

1923 5665 2143 5732 phanis,
2182 5682 2300 5734 pag.
2333 5668 2460 5723 461.

1995 5735 2106 5802 (21)
2148 5738 2487 5810 εξζαγίστρῳ.
2544 5740 2635 5794 Sic
2680 5741 2858 5796 dictus
2893 5748 2974 5794 est
3016 5737 3134 5790 κατ’
3175 5738 3366 5810 ἐξοχὴν
3399 5757 3514 5797 nia-
3603 5805 3608 5810 ,

1922 5807 2090 5876 gistcr
2117 5805 2419 5862 ciliciorum
2453 5810 2503 5866 in
2540 5811 2738 5881 palatio
2784 5812 3197 5882 imperatorum.
