4044 6366
571 283 674 350 983

1757 280 1817 342 S.
1857 283 2251 344 THEODORI
2285 285 2633 346 STUDIT/E

3735 300 3857 372 984

569 396 753 460 omnia
775 394 829 448 in
861 391 1103 462 pondere
1138 399 1194 446 et
1218 407 1474 450 mensura
1495 391 1684 448 dividit
1704 391 1926 448 Deus“.
1963 395 2131 460 Quam

2260 397 2520 466 λογιεῖται
2565 401 2703 472 αὐτῇ
2754 401 2972 467 πάντως
3016 405 3114 459 καὶ
3158 406 3317 478 ἡμῶν
3363 411 3442 482 μὴ
3498 413 3773 481 λεγόντων
3821 425 3857 474 ό

567 503 692 551 nam
725 500 854 540 vero
881 483 1373 552 dispensationem,
1415 484 1658 549 domine,
1692 483 1808 538 ﬁeri
1857 501 1955 554 pro
1999 495 2153 556 parte

567 589 754 636 nostra
800 575 1078 640 convenit,
1124 575 1389 646 majorem
1424 590 1488 630 ea
1522 591 1628 644 qua
1658 576 1743 629 usi
1791 579 2022 632 sumus?
2058 580 2152 649 qui

565 670 926 730 subduximus
949 681 1052 722 nos
1094 667 1378 731 hactenus,
1421 665 1698 720 silentium
1722 677 2025 734 servantes,
2050 684 2152 739 ego

563 772 620 822 et
659 761 1138 830 archiepiscopus;
1169 758 1428 827 quoniam
1481 766 1701 827 tempus
1737 768 1821 816 est
1865 760 2146 830 loquendi,

562 864 619 910 et
675 863 888 922 tempus
945 848 1508 914 tacendi“;omnem
1553 865 1773 919 operam
1825 852 2150 910 adhibentes

565 958 636 998 ne
665 941 718 996 in
749 949 1000 1011 apertum
1033 952 1120 994 res
1163 937 1394 992 veniret.
1434 937 1540 992 Sed
1575 939 1828 1008 judicans
1867 942 2147 1012 judicavit,

564 1048 666 1088 nec
695 1031 954 1086 mentitus
986 1037 1071 1084 est
1101 1028 1196 1097 qui
1224 1028 1360 1082 dixit
1393 1046 1406 1082 :
1437 1028 1588 1083 Nihil
1621 1041 1697 1084 est
1717 1033 1980 1088 occultum
2011 1038 2150 1105 quod

561 1140 664 1179 non
714 1120 1126 1188 revelabitur”;
1169 1129 1228 1174 ut
1255 1121 1412 1175 nobis
1443 1122 1605 1176 etiam
1641 1124 1976 1192 nolentibus,
2023 1143 2146 1182 cum

558 1229 624 1268 eo
670 1223 814 1268 statu
867 1227 954 1266 res
1007 1219 1215 1278 essent,
1245 1228 1356 1266 non
1409 1213 1503 1268 diu
1559 1213 1705 1270 aliud
1743 1231 1905 1285 quam
1964 1228 2143 1292 erant,

556 1325 680 1374 esse
729 1309 1067 1374 viderentur.
1091 1308 1249 1364 Nunc
1277 1318 1457 1364 autem
1483 1311 1894 1382 dispensatione
1929 1332 2147 1388 quoque

476 1419 478 1421 ’
554 1409 794 1466 utentes,
825 1401 937 1471 duo
977 1400 1094 1470 haec
1125 1400 1375 1459 dicimus.
1413 1405 1522 1460 Aut
1564 1404 1833 1461 abstineat
1861 1407 2146 1478 depositus

553 1509 586 1552 a
634 1509 865 1549 munere
916 1492 1240 1558 sacerdotis,
1273 1503 1330 1548 et
1359 1494 1647 1550 confestim
1675 1500 2146 1557 communicamus

553 1597 680 1641 cum
713 1595 904 1641 sancto
928 1585 1021 1640 illo
1047 1585 1382 1656 patriarcha,
1408 1588 1554 1657 quod
1585 1571 1804 1659 quid'em
1841 1592 2062 1662 expedit
2086 1593 2142 1647 in

553 1694 843 1736 commune
870 1698 882 1734 :
908 1690 1005 1736 aut
1033 1681 1079 1736 si
1106 1681 1395 1738 ferendum
1420 1683 1474 1738 id
1506 1701 1617 1741 non
1647 1693 1750 1751 est,
1783 1703 2068 1744 manemus
2086 1699 2142 1745 et

551 1785 656 1830 nos
701 1770 758 1825 in
808 1772 1022 1846 eadem,
1059 1787 1166 1842 qua
1201 1773 1374 1843 prius,
1404 1775 1798 1843 subtractione,
1847 1779 2014 1849 hujus
2056 1783 2135 1836 rei

551 1863 848 1920 vindictam
873 1863 1102 1923 Domino
1125 1865 1515 1936 relinquentes.
1543 1866 1790 1938 Amplius
1817 1871 1903 1927 his
1930 1871 1976 1926 si
2001 1873 2135 1940 quid

549 1963 657 2021 est,
683 1955 796 2026 jam
826 1972 936 2012 non
961 1967 1065 2020 est,
1088 1957 1330 2032 ignosce,
1349 1958 1772 2033 dispensationis
1795 1962 2012 2029 modus,
2039 1964 2134 2034 sed

552 2049 878 2120 iniquitatis,
910 2058 966 2108 et
1006 2048 1314 2108 divinorum
1356 2066 1628 2105 canonum
1684 2053 2134 2124 transgressionis

550 2140 779 2196 crimen.
812 2140 1246 2210 Dispensationis
1281 2141 1428 2196 enim
1455 2143 1719 2198 terminus
1751 2152 1854 2213 est,
1879 2155 1938 2200 ut
1962 2147 2130 2213 nosti,

548 2245 728 2301 neque
786 2246 998 2301 eorum,
1030 2247 1152 2302 qua:
1196 2233 1492 2290 constituta
1544 2243 1690 2297 sunt,
1724 2217 1930 2298 violare
1974 2237 2132 2306 quid-

549 2338 742 2396 quam;
798 2341 997 2394 neque,
1043 2341 1168 2384 cum
1219 2341 1408 2396 parum
1440 2327 1643 2404 aliquid
1672 2329 1948 2386 remittere
1971 2331 2134 2388 liceat

550 2436 650 2492 pro
679 2430 926 2491 tempore
956 2436 1021 2476 ac
1059 2421 1291 2487 ratione,
1311 2431 1364 2478 ut
1397 2421 1522 2476 inde
1548 2422 1695 2500 quod
1736 2437 1794 2478 re
1825 2423 1943 2496 ipsa
1979 2440 2131 2494 quaa-

552 2516 713 2580 ritur,
746 2531 1084 2585 consequare
1108 2555 1123 2580 ,
1156 2515 1224 2572 ad
1252 2516 1473 2572 duriora
1507 2517 1757 2587 provehi,
1781 2528 1837 2575 et
1861 2519 2132 2588 iacturam

550 2603 730 2660 facere
757 2606 1054 2678 potiorum.
1088 2605 1266 2674 Atque
1292 2607 1399 2661 hoc
1428 2607 1606 2676 ipsum
1635 2607 1944 2674 didicimus,
1988 2610 2131 2663 inter

547 2698 826 2766 apostolos
854 2695 1096 2765 quidem,
1121 2711 1188 2748 ex
1226 2694 1391 2748 Paulo
1427 2697 1799 2758 sanctificante
1841 2713 1900 2752 se
1933 2708 1988 2752 et
2021 2699 2128 2765 cir-

549 2786 897 2858 cumcidente
931 2786 1370 2852 Timotheum”;
1403 2786 1546 2840 inter
1579 2786 1793 2854 Patres,
1815 2805 1882 2862 ex
1927 2805 2123 2861 magno

552 2877 750 2935 Basilio
792 2875 1038 2946 Valentis
1085 2892 1284 2932 munus
1312 2887 1650 2948 acceptante,
1683 2879 1888 2950 Deique
1917 2881 2120 2940 nudam

547 2985 741 3027 vocem
770 2969 838 3032 ad
883 2980 1098 3040 tempus
1144 2969 1410 3025 reticente
1455 2970 1513 3025 in
1565 2971 1844 3027 mentione
1891 2973 2128 3043 Spiritus

548 3063 746 3122 sancti.
781 3063 1046 3118 Caeterum
1096 3077 1199 3120 nec
1241 3061 1439 3117 Paulus
1491 3062 1832 3122 sanctiﬁcare
1870 3066 2125 3134 perstitit,

546 3171 653 3228 nec
681 3155 913 3212 Basilius
955 3153 1198 3211 Valentis
1221 3156 1360 3211 dona
1394 3171 1609 3227 capere,
1647 3157 1927 3227 Deumque
1956 3158 2131 3230 Spiri-

549 3257 666 3305 tum
716 3258 965 3314 sanctum
1010 3264 1122 3304 non
1157 3248 1470 3319 praadicare.
1526 3247 1669 3314 Quin
1719 3249 1883 3310 ambo
1937 3243 2127 3312 contra

547 3357 648 3413 pro
672 3342 918 3412 utrisque
943 3351 1175 3406 mortem
1199 3350 1528 3413 praeoptasse
1545 3341 1819 3396 videntur.

2264 488 2443 542 πάντα
2473 490 2658 561 μέτρῳ
2685 491 2780 546 καὶ
2808 493 3038 566 σταθμῷ
3065 496 3316 568 διορίζων
3340 501 3496 567 Θεός.
3531 505 3664 560 Τίνα
3682 508 3741 563 δὲ
3765 512 3858 568 Gel

2259 580 2575 672 οίκονομίαν
2603 583 2854 649 γενέσθαι
2880 625 2893 649 ,
2922 579 2967 639 ὧ
2999 587 3256 657 δέσποτα,
3283 593 3406 647 ὅσον
3441 596 3501 649 τό
3539 599 3664 652 καθ’
3695 603 3854 672 ἡμᾶς

2261 670 2422 724 πλέον
2451 667 2520 744 ἦς
2554 676 2971 747 πεποιήκαμεν;
3008 679 3089 733 ὅτι
3138 681 3243 747 ἕως
3275 685 3372 740 τοῦ
3417 689 3689 760 παρόντος
3715 667 3850 758 tim-,-

2259 763 2580 833 εστείλαμεν
2628 768 2854 832 ἑαυτοὺς
2895 772 3106 843 σιωπὴν
3148 773 3378 843 ἄγοντες
3413 781 3526 848 ἐγώ
3585 801 3647 838 τε
3685 789 3782 841 καὶ
3821 791 3852 842 ό

2259 853 2693 925 ἀρχιεπίσκοπος
2715 900 2731 926 ,
2766 861 2890 914 ἐπεὶ
2921 863 3014 916 καὶ
3041 867 3236 938 καιρὸς
3265 869 3361 923 τοῦ
3404 872 3587 928 λαλεῖν
3611 879 3710 931 καὶ
3745 881 3848 938 τοῦ

2260 949 2441 1041 σιγᾷιν,
2493 949 2672 1004 πάντα
2712 953 2917 1023 τρόπον
2967 956 3350 1026 μεθοδεύοντες
3393 965 3476 1029 είς
3520 968 3588 1020 τὸ
3629 969 3708 1041 μὴ
3760 973 3849 1036 είς

2258 1039 2535 1111 προῦπτον
2562 1045 2792 1118 ἐκϐῆναι
2831 1048 2934 1120 τὴν
2976 1052 3256 1110 ὑπόθεσιν.
3297 1057 3439 1112 Ἀλλ’
3469 1063 3498 1116 ὁ
3526 1039 3850 1135 ἀνακρίνων

2254 1135 2530 1208 ἀνέκρινε,
2557 1139 2654 1192 καὶ
2678 1141 2706 1193 6
2731 1141 2924 1202 εἰπὼν,
2960 1143 3038 1198 οὐ.
3063 1145 3394 1216 διέψευσται,
3425 1152 3509 1209 ὅτι
3551 1158 3678 1211 Οὐκ
3706 1159 3845 1216 ἐστι

2255 1229 2526 1324 κρυπτόν
2566 1230 2599 1284 ὃ
2637 1233 3233 1324 οὐηφανερωθήσεται
3260 1257 3274 1271 ο
3305 1243 3382 1305 ὡς
3418 1248 3513 1299 καὶ
3560 1250 3723 1320 ἡμῶν
3761 1253 3846 1324 μὴ

2253 1319 2634 1413 αἱρουμένων,
2683 1323 2827 1378 οὕτω
2875 1328 3094 1395 φύσεως
3125 1331 3360 1402 ἑχόντων
3404 1337 3513 1390 τῶν
3567 1319 3844 1413 πραγμιᾷἐ

2255 1429 2387 1482 των,
2421 1412 2496 1486 μὴ
2523 1415 2622 1468 ἐπὶ
2653 1417 2789 1471 πολὺ
2813 1419 2946 1491 παρ’
2965 1421 2994 1474 ὃ
3025 1424 3186 1490 εἰσιν,
3221 1426 3406 1496 ἕτερόν
3429 1447 3481 1484 τι
3515 1412 3840 1501 φαίνεσθαι.

2252 1502 2363 1596 iiut
2386 1502 2482 1596 νῦν
2510 1505 2567 1559 δὲ
2591 1507 2876 1582 οἰκονομίᾳ
2908 1510 3207 1582 χρώμενοι,
3235 1518 3330 1572 δύο
3359 1523 3534 1576 ταῦτα
3556 1523 3798 1596 λέγομεν
3820 1539 3837 1558 ·

2249 1593 2330 1646 ὅτι
2369 1595 2402 1666 ἢ
2434 1597 2637 1652 παύσει
2689 1600 2717 1652 ὁ
2763 1602 3151 1676 καθῃρημένος
3185 1609 3298 1680 ,τῆς
3341 1593 3705 1685 ἱερουργίας,
3737 1621 3840 1680 καὶ

2251 1688 2382 1782 παρ’
2427 1690 2577 1782 αὑτὰγ
2603 1694 3083 1766 συγκοινωνοῦμεν
3120 1698 3198 1770 τῷ
3240 1701 3383 1774 ἁγίῳ
3419 1706 3600 1778 τούτῳ
3629 1728 3838 1782 πατρι-

2176 1767 2216 1820 Β
2247 1777 2392 1874 ἀρχη
2411 1796 2425 1810 ·
2443 1779 2591 1874 δὲκαὶ
2614 1782 2892 1850 λυσιτελὲς
2915 1789 3058 1842 κατὰ
3086 1767 3266 1845 κοινοῦ
3291 1767 3304 1824 ξ
3325 1767 3366 1864 ἢ·
3388 1797 3438 1849 εἰ
3469 1797 3546 1870 μὴ
3568 1767 3834 1874 ανεκτθν,

2239 1871 2334 1924 καὶ
2359 1872 2528 1942 ἐσμὲν
2562 1874 2669 1928 ὑπὸ
2708 1876 2809 1947 τῆς
2841 1879 3014 1950 αὐτῆς
3048 1883 3315 1954 συστολῆς
3357 1889 3503 1941 κατὰ
3535 1890 3600 1944 τὸ
3629 1871 3836 1964 πρόιτε-λ

2238 1979 2354 2033 ρον,
2383 1963 2459 2036 τῷ
2485 1967 2677 2039 Κυρίῳ
2699 1970 2798 2041 τὴν
2826 1971 2969 2044 ὑπὲρ
2997 1974 3091 2028 τοῦ
3121 1977 3368 2034 τοιούτου
3397 1963 3706 2051 κεφαλαίου
3729 1988 3824 2042 ὲκο

2233 2055 2451 2164 όίκησιν
2499 2064 2982 2164 παραχωροῦντες.
3019 2069 3092 2120 Τὸ
3119 2069 3176 2124 δὲ
3211 2072 3400 2142 μεῖζον
3427 2075 3647 2142 τούτου,
3696 2081 3828 2136 οὒκ-

2231 2331 2428 2424 νομίας
2456 2335 2566 2404 γὰρ
2595 2337 2741 2406 ὅρος,
2773 2339 2849 2404 ὡς
2886 2338 3063 2406 οίσθα,
3119 2347 3259 2418 μήτε
3303 2366 3358 2404 τι
3403 2351 3514 2405 τῶν
3547 2356 3827 2424 κειμένων

2233 2422 2447 2518 ἀθετεῖν
2476 2427 2708 2482 καθόλου
2729 2470 2743 2494 ,
2777 2433 2918 2502 μήτε
2947 2435 3034 2506 ἐφ’
3062 2429 3108 2504 ᾧ
3144 2434 3256 2493 οἷόν
3277 2459 3336 2495 τε
3375 2446 3574 2514 μικρὸν
3603 2422 3824 2518 ὐᾴεῖναι

2232 2516 2376 2614 κατὰ
2409 2519 2600 2614 καιρόν
2634 2524 2731 2614 καί
2761 2523 2946 2593 λόγον’
2991 2528 3068 2593 ὡς
3097 2531 3350 2588 ἐντεῦθεν
3381 2537 3565 2609 εὑρεῖν
3611 2516 3676 2595 τὸ
3723 2543 3820 2614 ζηο

2229 2606 2492 2701 τούμενον
2525 2611 2766 2682 ἀτεχνῶς
2785 2631 2800 2647 ·
2831 2617 2970 2688 πρὸς
3009 2620 3070 2674 τὸ
3097 2606 3459 2698 σφοδρότερον
3507 2606 3823 2701 ὑπάγεσθαι

2229 2697 2321 2794 τῷῌ
2355 2702 2663 2794 πράγματι,
2698 2707 2795 2762 καὶ
2840 2708 3171 2780 ζημιοῦσθαι
3219 2716 3292 2771 τὰ
3324 2697 3660 2794 τελεώτερα.
3710 2729 3823 2784 Καὶ

2228 2790 2392 2889 τοῦτο
2418 2793 2808 2889 δεδιθάγμεθα,
2837 2803 2896 2856 ὲν
2921 2803 3022 2872 μὲν
3044 2808 3159 2870 τοῖς
3183 2809 3527 2880 ἀποστόλοις,
3547 2790 3704 2889 παρὰ
3721 2819 3818 2882 τοῦ

2228 2881 2464 2981 ξιαύλου,
2515 2887 2888 2981 ᾲγνισαμένου
2921 2895 3016 2949 καὶ
3062 2904 3454 2972 περιτεμόντος
3499 2908 3595 2961 τὸν
3630 2881 3819 2981 ’Τιμό-

2229 2977 2352 3070 θεον
2374 2993 2388 3006 ⁸
2419 2979 2479 3032 ἐν
2505 2980 2562 3035 δὲ
2588 2986 2702 3045 τοῖς
2725 2985 2994 3056 Πατράσι,
3038 2995 3190 3063 παρὰ
3216 2994 3311 3048 τοῦ
3360 3000 3603 3067 μεγάλου
3651 2977 3819 3070 Ba.ch

2234 3069 2401 3134 λείου,
2433 3076 2855 3144 προσηκαμένου
2879 3078 2941 3132 τὸ
2971 3079 3166 3152 λῆμμα
3207 3087 3301 3140 τοῦ
3333 3091 3643 3158 Οὐάλεντος
3663 3135 3680 3158 ,

2239 3158 2725 3256 ύπρσιωπήσαντρς
2773 3166 2910 3236 πρὸς
2939 3172 3131 3240 καιρὸν
3181 3175 3280 3243 τὴν
3309 3177 3446 3243 Θεὸς
3492 3185 3681 3256 φωνὴν
3721 3203 3819 3254 γυ-

2239 3250 2620 3346 μνὴν-ὲπὶ-τοῦ
2649 3253 2989 3326 Πνεύματος.
3035 3261 3173 3315 Ἀλλ’
3207 3264 3330 3318 οὔτε
3365 3268 3394 3320 ὁ
3426 3250 3647 3336 Παῦλος.
3668 3250 3820 3346 ἔρξεις

2236 3357 2325 3393 νεν
2373 3343 2728 3414 ἁγνιζόμενος
2753 3385 2768 3409 ,
2799 3347 2923 3402 οὔτε
2953 3349 3238 3418 Βασίλειος
3270 3343 3714 3434 προσηκάμενοςν
3733 3366 3815 3420 ἔτι

545 3439 609 3492 τδ
634 3436 731 3492 τοῦ
767 3437 1069 3502 Οὐάλεντος
1107 3437 1302 3509 δῶρον,
1333 3437 1428 3492 καὶ
1461 3437 1536 3508 μὴ
1567 3439 1861 3508 κηρύττων
1895 3436 2029 3490 Θεὸν
2071 3437 2132 3490 τὸ
2172 3436 2401 3516 Πνεῦμα
2427 3455 2440 3469 ·
2501 3441 2812 3498 τούναντίον
2877 3445 2978 3516 μὲν
3002 3443 3096 3502 οὖν
3124 3451 3426 3525 ἀμφότεροι
3453 3455 3594 3529 ὑπὲρ
3623 3460 3818 3515 ἑκατέη

549 3551 659 3614 ρων
691 3532 958 3595 θανάτους
989 3533 1349 3604 αἱρησάμενοι
1383 3533 1688 3600 φαίνονται.

616 3626 700 3682 Ad
729 3627 876 3682 hunc
905 3623 1127 3688 modum
1155 3623 1467 3694 quicunque
1498 3637 1736 3692 unquam
1759 3637 1890 3677 usus
1913 3629 1998 3678 est
2019 3622 2128 3688 dis-

545 3719 889 3791 pensatione,
943 3732 976 3774 a
1029 3725 1180 3772 recto
1219 3731 1330 3771 non
1373 3715 1650 3774 aberravit
1698 3734 1710 3769 :
1759 3716 1910 3786 quin,
1965 3717 2128 3772 citius

545 3821 832 3874 assecutus
859 3818 942 3866 est
962 3809 1108 3880 quod
1134 3825 1431 3880 parumper
1457 3807 1752 3863 intermisit
1779 3827 1791 3863 ε
1817 3809 1957 3864 sicut
1985 3811 2129 3866 acci-

546 3905 677 3960 dere
718 3903 858 3958 solet
885 3901 1260 3974 gubernatori,
1294 3902 1509 3966 clavum
1543 3901 1794 3956 nonnihil
1827 3902 2127 3957 remittenti

547 4003 768 4066 propter
805 3992 1090 4050 adversam
1121 3991 1268 4047 venti
1309 3999 1709 4061 tempestatem.
1741 3989 1845 4057 Qui
1873 4007 2004 4046 vero
2031 3991 2128 4044 ali-

545 4099 630 4146 ter
657 4099 979 4156 progressus
1012 4091 1113 4148 est,
1149 4083 1424 4141 aberravit
1446 4099 1476 4136 a
1507 4098 1696 4152 scopo,
1724 4082 2127 4152 praevaricatio-

543 4195 672 4242 nem
694 4179 959 4234 inducens
977 4191 1076 4247 pro
1093 4176 1526 4245 dispensatione.
1550 4175 1616 4229 Et
1639 4176 1886 4245 exempla
1904 4174 2129 4230 omnino

545 4273 714 4338 multa
745 4279 895 4336 sunt,
932 4285 1053 4340 qua:
1090 4269 1327 4324 scribere
1353 4283 1818 4337 supervacaneum
1867 4275 1972 4334 est,
2002 4283 2128 4336 pro-

2304 3622 2491 3718 Οῦτως
2518 3641 2603 3688 τις
2631 3627 2696 3680 ὲκ
2733 3627 2826 3682 τοῦ
2863 3631 3061 3696 αἰῶνος
3089 3635 3411 3708 οἰκονομῶν,
3445 3644 3508 3698 οὐ
3555 3644 3818 3718 διέσφαλ-

2231 3731 2334 3811 ται⁸
2372 3715 2468 3770 τοῦ
2517 3718 2722 3772 καλοῦ·
2764 3721 2959 3777 θᾶττον
2996 3725 3108 3797 γὰρ
3153 3728 3488 3801 ὲπεδράξατο
3534 3736 3564 3790 δ
3615 3715 3815 3811 μικρὸν

2229 3808 2498 3903 ἐνέλιπεν.
2543 3811 2630 3874 Ὧς
2661 3813 2754 3865 ἐπὶ
2786 3814 2882 3867 τοῦ
2913 3817 3334 3889 οἰακοστρόφου,
3370 3826 3674 3894 ὑπανέντος
3719 3808 3815 3903 μι-

2230 3899 2361 3968 κρδν
2383 3901 2443 3954 τὸ
2466 3903 2748 3972 πηδάλιον,
2778 3905 2870 3960 διὰ
2897 3907 2998 3977 τὴν
3026 3909 3464 3972 ἀντιπνεύσασαν
3494 3899 3809 3991 καταιγίξα.

2243 3991 2482 4065 Ἑτέρως
2509 3995 2564 4048 δὲ
2597 3995 2893 4067 διενεχθεὶς
2939 4000 3207 4074 διήμαρτε
3255 4006 3352 4060 τοῦ
3407 4011 3640 4066 σκοποῦ·
3683 4016 3812 4070 ἀντὶ

2225 4083 2540 4176 οἰκονομίας
2569 4087 2882 4157 παράϐασιν
2925 4093 3173 4159 τελέσας.
3228 4099 3337 4152 Καὶ
3384 4101 3456 4154 τὰ
3504 4106 3810 4176 παραδείγ-

2229 4189 2373 4243 ματα
2409 4175 2599 4242 πολλὰ,
2699 4181 2977 4250 παρέλκον
3007 4187 3126 4240 ἐστὶ
3157 4194 3391 4261 γράφειν
3435 4193 3530 4248 διὰ
3595 4197 3656 4250 τὸ
3700 4175 3812 4267 μα-

2227 4268 2520 4338 κρηγορές.
2555 4269 2628 4322 Τὸ
2656 4271 2714 4324 δὲ
2758 4273 2858 4344 τὴν
2901 4279 3200 4351 κυριότητά
3239 4301 3334 4336 σου
3367 4286 3542 4355 φῆσαι
3584 4290 3680 4342 ἐπὶ
3705 4291 3808 4344 τοῦ

543 4371 668 4438 pter
683 4361 908 4414 nimiam
939 4357 1322 4427 prolixitatem.
1346 4355 1501 4422 Quod
1540 4371 1668 4411 vero
1688 4370 1718 4409 a
1747 4356 2126 4416 Dominatione

2237 4359 2452 4454 κανόνος
2485 4361 2594 4414 τῶν
2621 4364 2967 4435 ἀποστόλων,
3015 4373 3278 4442 περὶτῶν
3307 4377 3364 4429 ὲν
3400 4380 3647 4450 χρήμασι
3683 4400 3806 4454 χει-

546 4436 640 4513 tua
667 4452 874 4507 dictum
909 4458 1014 4514 est,
1043 4449 1100 4502 in
1133 4462 1344 4504 canone
1374 4447 1804 4516 apostolorum“
1829 4447 1897 4500 de
1924 4447 2009 4500 his
2031 4447 2124 4516 qui

2237 4452 2590 4521 ροτονούντων
2627 4457 2724 4509 καὶ
2763 4463 3278 4532 χειροτονουμένων,
3322 4467 3514 4536 ὕφεσίν
3543 4490 3669 4528 τινα
3684 4436 3807 4528 “2:3-

546 4544 810 4616 pecunias
841 4542 1117 4607 ordinant,
1155 4549 1210 4594 et
1262 4541 1354 4609 qui
1411 4538 1755 4604 ordinantur,
1803 4539 2124 4594 remissrone

547 4637 780 4707 quadam
827 4649 988 4709 usum
1020 4631 1190 4688 videri
1221 4630 1669 4702 Chrysostomum
1699 4644 1829 4701 erga
1865 4646 1957 4684 sex
2007 4631 2116 4699 epi-

547 4743 741 4798 scopos
763 4743 902 4798 quos
922 4725 1204 4797 deposuit;
1232 4724 1369 4779 nihil
1405 4724 1455 4778 id
1485 4724 1774 4798 discrepat,
1800 4733 1855 4778 et
1875 4725 1918 4779 si
1943 4725 2124 4780 videa-

550 4830 636 4875 tur
666 4838 680 4874 :
713 4835 836 4875 cum
887 4807 1108 4891 privans
1144 4817 1265 4875 illos
1319 4817 1468 4872 omni
1520 4833 1744 4888 prorsus
1798 4818 2121 4881 sacerdotio,

548 4911 718 4966 solam
756 4910 861 4965 illis
895 4910 962 4964 ad
997 4910 1168 4966 altare
1211 4909 1680 4981 participationem
1728 4909 2037 4980 permiserit
2057 4911 2122 4965 ⁸³.

550 5003 751 5058 Demus
806 5013 990 5057 autem
1043 5002 1374 5072 discrepare,
1406 5011 1460 5056 et
1512 5001 1888 5060 remissionem
1919 5001 2119 5055 inesse.

551 5094 838 5149 Imitentur
890 5109 1023 5149 sane
1077 5094 1168 5163 qui
1219 5093 1427 5162 volent,
1460 5093 1644 5148 nullus
1674 5093 1985 5162 prohibebit
2014 5111 2027 5147 :
2060 5108 2121 5150 os

547 5187 694 5245 enim
745 5197 830 5242 est
869 5189 984 5256 ipse
1033 5187 1146 5250 Dei,
1177 5194 1231 5240 et
1261 5185 1628 5256 apostolorum
1657 5185 2064 5262 contubernalis
2098 5202 2114 5240 :

550 5280 708 5350 cujus
753 5279 922 5333 multa
966 5286 1339 5332 memorantur
1399 5278 1453 5330 in
1498 5277 1640 5332 hanc
1673 5277 1842 5341 diem,
1871 5285 1926 5331 et
1958 5291 2120 5330 nemo

548 5373 616 5430 de
646 5372 748 5425 hac
777 5386 836 5426 re
865 5368 1141 5426 dissensit.
1179 5369 1249 5424 At
1279 5368 1437 5439 longe
1468 5367 1652 5438 dispar
1684 5369 1773 5424 hic
1803 5368 1964 5426 ratio.
2012 5369 2119 5434 Qui

546 5452 694 5525 enim
725 5465 999 5519 moechum
1018 5462 1320 5526 coronavit,
1338 5461 1496 5534 quasi
1523 5462 1738 5518 absurdi
1763 5460 1898 5515 nihil
1924 5459 2113 5532 egerit,

548 5554 716 5625 pacris
761 5554 957 5610 iterum
998 5562 1276 5624 operatur,
1319 5570 1498 5625 neque
1548 5554 1602 5608 in
1653 5553 1836 5609 abdito
1860 5553 2116 5623 quopiam

2226 4544 2518 4636 ποιηκέναι
2580 4546 2672 4600 τὸν
2727 4550 3115 4623 Χρυσόστομον
3171 4558 3257 4625 ἐφ’
3313 4553 3388 4614 ὧν
3449 4564 3690 4636 καθῇρεν
3741 4567 3804 4632 ἒξ

2227 4635 2578 4690 ἐπισκόπωνο
2627 4638 2780 4692 οὐδὲν
2822 4642 2882 4694 τὸ
2931 4645 3343 4714 παραλλάττον,
3383 4653 3431 4703 εί
3475 4654 3570 4706 καὶ
3601 4635 3802 4721 Ῠδοκεῖ,

2227 4727 2392 4798 ἡνίκα
2451 4730 2741 4794 κάκείνους
2794 4734 2974 4804 πάσης
3052 4738 3349 4810 ἱερωσύνης
3408 4744 3804 4818 ἀλλοτριώσας,

2231 4819 2400 4889 μόνην
2449 4821 2550 4887 τὴν
2604 4824 2685 4886 είς
2727 4823 2786 4877 τὸ
2829 4824 3217 4900 θυσιαστήριον
3266 4835 3572 4908 μετάληψιν
3615 4843 3806 4910 αὐτοῖς

2229 4910 2617 4984 παρεχώρησε.
2674 4915 2866 4985 Δῶμεν
2921 4919 2979 4972 δὲ
3043 4922 3138 4974 καὶ
3201 4926 3640 5000 παραλλάττειν,
3705 4937 3806 4990 καὶ

2231 5003 2424 5071 ὕφεσιν
2474 5005 2640 5075 ἔχειν.
2687 5009 3084 5078 Μιμεῖσθωσαν
3111 5015 3161 5067 οί
3207 5015 3553 5090 βουλόμενοι,
3588 5027 3682 5080 καὶ
3705 5029 3803 5080 οὐ·

2225 5093 2337 5157 δεὶς
2367 5096 2394 5148 ὁ
2425 5095 2687 5150 κωλύσων
2707 5115 2720 5128 ο
2753 5099 2926 5170 στόμα
2956 5103 3065 5171 γὰρ
3091 5104 3225 5158 Θεοῦ
3256 5110 3349 5164 καὶ
3379 5108 3552 5181 οὗτος,
3573 5118 3802 5172 καὶτῶν

2225 5184 2543 5275 ἀποστόλων
2568 5187 2870 5257 όμόσκηνος
2892 5207 2903 5217 ·
2935 5188 2996 5245 οῦ
3022 5196 3112 5246 καὶ
3142 5197 3312 5252 πολλὰ
3341 5203 3650 5275 μέμνηνται
3689 5210 3798 5274 ἕως

2225 5274 2319 5328 τοῦ
2365 5278 2656 5345 παρόντος,
2710 5280 2804 5332 καὶ
2859 5282 3032 5346 οὐδεὶς
3080 5288 3207 5357 περὶ
3249 5289 3441 5346 τούτου
3494 5274 3796 5365 διήνεκται.

2239 5365 2378 5418 Ἀλλ’
2410 5367 2530 5436 οὐχὶ
2561 5359 2662 5420 ὧδε
2693 5367 2868 5434 οὕτως
2900 5372 3031 5442 εχει.
3071 5376 3130 5427 ὐ
3161 5377 3272 5450 γὰρ
3313 5381 3405 5434 τὸν
3447 5359 3635 5454 potia.»
3671 5405 3800 5441 στεο

2226 5456 2484 5526 φανὼσας
2509 5499 2523 5525 ,
2567 5458 2642 5524 ὡς
2680 5461 2848 5531 μηδὲν
2897 5469 3198 5536 πεπραχὼς
3230 5471 3451 5535 ἄτοπον,
3501 5477 3800 5549 ίερουργῶν

2226 5551 2391 5606 πάλιν
2419 5553 2538 5606 ἐστί
2557 5568 2572 5584 ο
2591 5552 2690 5607 καὶ
2713 5553 2836 5607 οὐδὲ
2856 5556 2914 5610 ἑν
2942 5557 3234 5631 ἀποϐύστῳ
3262 5579 3366 5618 που
3389 5566 3796 5638 εἰσερχόμενος,

618 5695 664 5737 ⁸⁸
691 5694 1025 5766 Sap.x1.9.l.
1102 5697 1144 5729 “
1168 5696 1343 5755 Eccle.
1367 5696 1521 5763 111,7.
1602 5695 2028 5761 "Matth.x,‘26.
2084 5693 2265 5751 “Act.
2289 5696 2467 5763 “1,5.
2533 5695 2838 5752 “Cau.9.8.
2904 5697 3164 5760 “Pallad.
3197 5701 3249 5756 in
3297 5702 3412 5759 Vita
3438 5705 3600 5777 Chrys
3640 5713 3792 5769 (:15.
