4044 6366
203 347 318 414 985

1436 351 1973 412 EPISTOLARUM
2012 353 2159 415 LIB.
2204 357 2233 416 Ι
2242 403 2256 418 .

3367 369 3474 442 986

199 459 327 518 ἀλλ’
357 460 450 514 ἐπ’
497 459 667 528 αὐτῆς
720 457 820 529 τῆς
868 457 1167 529 καθολικῆς
1202 457 1560 530 Ἐκκλησίαςο
1595 460 1670 526 ὼς
1705 461 1775 523 είς

1890 459 2030 525 loco,
2059 463 2157 517 sed
2185 462 2242 517 in
2273 463 2391 534 ipsa
2439 463 2683 522 Ecclesia
2717 471 3007 536 catholica,
3033 482 3290 543 tanquam
3313 492 3471 552 egre-

199 551 514 623 ὐπόδειγμα
540 551 706 604 καλὸν
735 553 851 615 τοῖς
885 550 1094 622 ἱερεῦσι
1121 551 1508 624 προκείμενος.

277 647 380 711 Τίς
439 645 496 702 δὲ
547 646 684 716 ἡμῖν
745 646 779 716 ὴ
832 643 928 699 τοῦ
995 644 1448 702 Ούαλεντινιανοῦ
1515 645 1786 716 δυογαμία

197 741 431 812 ἐθνική;
481 739 580 794 καὶ
624 737 710 803 τίς
735 737 897 794 αὐτὸν
943 737 1296 808 στεφανώσας
1325 739 1418 792 ἐπὶ
1445 739 1621 809 τούτῳ
1654 741 1785 794 ἀνα-

199 835 537 906 κηρύττεται
586 835 768 904 ἅγιος,
797 831 896 887 καὶ
937 831 1062 904 οὐχὶ
1105 833 1454 904 παράνομος,
1488 833 1650 904 εἴπερ
1687 832 1786 886 καὶ

197 929 586 998 ἐστεφάνωται
616 946 632 994 ;
667 926 778 982 Καὶ
826 926 911 990 τίς
958 924 1263 996 τηνικαῦτα
1314 925 1425 979 τῶν
1478 925 1785 980 Θεσπεσίων

197 1020 467 1088 Πατέρων
504 1021 692 1088 γραφῇ
723 1018 1066 1089 παρέδωκεν,
1096 1018 1170 1082 ὼς
1207 1017 1371 1080 ὁσίως
1405 1015 1782 1070 Οὑαλεντινια-

196 1111 294 1176 νὸς
328 1112 622 1182 πεποίηκε,
641 1110 737 1164 δύο
763 1113 1029 1179 γυναῖκας
1056 1110 1326 1181 ἀγόμενος
1349 1151 1364 1175 ,
1399 1110 1493 1164 καί
1518 1109 1694 1181 χρεὼν
1719 1112 1784 1164 ὲκ

152 1261 159 1274 ,
193 1203 299 1258 τοῦ
331 1204 492 1274 δεῦρο
521 1203 681 1257 τοῦτο
710 1201 1082 1271 πράττεσθαις
1115 1200 1310 1255 Πολλοὶ
1339 1201 1518 1254 τοίνυν
1553 1201 1648 1254 καὶ
1689 1200 1783 1255 ἄλ-

147 1279 158 1308 ⁵
195 1296 308 1359 λοι,
327 1295 514 1366 ἐπειδὴ
541 1296 602 1348 τὸ
629 1294 918 1365 βούλεσθαι
945 1294 1132 1358 αὐτοῖς
1159 1294 1322 1364 νόμος
1352 1294 1501 1347 ἐστὶν
1528 1293 1590 1346 οὐ
1613 1292 1778 1356 θεῖος,

189 1387 318 1454 ἀλλ’
344 1385 686 1458 ἀνθρώπινος
709 1385 804 1439 καὶ
829 1384 1326 1455 κατηγορούμενος,
1359 1382 1654 1453 δεδράκασι
1687 1381 1782 1436 καὶ

193 1481 462 1552 δράξουσι
499 1478 663 1549 τυχὸν
707 1478 812 1541 ἓως
855 1475 952 1534 τοῦ
1001 1475 1222 1538 αἰῶνος.
1263 1474 1402 1529 Ἀλλ’
1436 1476 1470 1546 η
1501 1474 1595 1528 τοῦ
1643 1473 1778 1528 Θεοῦ

207 1571 514 1643 Ἐκκλησία
577 1568 891 1641 μεμένηκεν
955 1567 1280 1638 ἀπήμαντος
1305 1605 1321 1629 ,
1392 1566 1496 1619 κᾶν
1563 1563 1779 1628 πὸλλοῖς

191 1667 404 1739 ἐϐλήθη
423 1663 860 1735 τοξεύμασιοκαὶ
881 1662 1047 1717 πύλαι
1076 1660 1203 1734 ᾅδου
1250 1657 1581 1730 κατισχῦσαι
1608 1658 1779 1728 αὐτῆς

1886 553 2033 624 gimn
2069 557 2382 627 exemplum
2415 562 2792 620 sacerdotibus
2821 567 3152 637 propositus.

1958 649 2216 713 Quaenam
2271 669 2400 708 vero
2445 656 2604 712 nobis
2637 655 3011 717 Valentiniani
3055 664 3276 719 ethnica
3314 664 3472 738 biga-

1886 740 2033 794 mia?
2065 751 2119 796 et
2146 743 2270 812 quis
2319 754 2607 817 propterea
2653 753 2799 821 quod
2831 752 2979 809 illum
3005 756 3302 822 caronarit,
3341 772 3469 813 sau—

1886 843 2007 888 ctus
2033 835 2380 904 praedicatur,
2397 848 2577 895 etnon
2605 841 2938 913 injustas?si
2965 855 3148 903 tamen
3175 860 3470 906 coronatus

1886 925 1975 981 ille
2003 925 2126 982 fuit.
2159 928 2226 984 Et
2254 932 2376 1000 quis
2405 948 2436 987 e
2466 935 2692 1002 sanctis,
2721 938 2814 1006 qui
2848 947 2979 995 tunc
3006 939 3266 996 vivebant
3291 941 3469 996 Patri-

1884 1018 2009 1084 hus,
2053 1029 2242 1076 sancte
2279 1023 2478 1079 fecisse
2527 1024 2970 1086 Valentinianum
3030 1032 3290 1102 prodidit,
3337 1048 3464 1089 cum

1883 1110 2021 1166 duas
2073 1128 2274 1169 uxores
2316 1115 2504 1181 duxit;
2552 1127 2717 1188 atque
2761 1120 2836 1175 ita
2864 1120 2980 1176 ﬁeri
3024 1122 3282 1194 deinceps
3304 1139 3468 1195 opor-

1884 1211 2001 1258 tere
2031 1204 2231 1259 ?Multi
2258 1221 2390 1277 ergo
2438 1217 2495 1263 et
2537 1210 2653 1275 alii,
2682 1213 3127 1282 quandoquidem
3158 1216 3298 1271 velle
3330 1215 3467 1288 ipsis

1882 1294 1969 1350 lex
1998 1305 2103 1362 est,
2137 1313 2248 1352 non
2277 1299 2484 1366 divina,
2513 1303 2611 1357 sed
2639 1303 2876 1360 humana
2907 1314 2964 1361 et
3005 1308 3462 1378 reprehendenda

1882 1385 1937 1440 id
1981 1387 2254 1452 fecerunt,
2287 1389 2598 1462 facientque
2631 1393 2886 1460 fortasse,
2918 1399 3164 1466 quandiu
3213 1417 3304 1457 res
3351 1412 3465 1458 sta-

1881 1479 2039 1534 bunt.
2074 1480 2181 1536 Sed
2212 1482 2309 1536 Dei
2361 1482 2607 1540 Ecclesia
2647 1485 2819 1547 illaesa
2875 1491 3202 1560 permansit,
3243 1495 3462 1552 tametsi

1882 1571 2069 1626 multis
2107 1571 2353 1642 impetita
2418 1575 2585 1630 telis:
2633 1586 2691 1632 et
2734 1587 2906 1647 portae
2951 1563 3113 1636 interi
3162 1585 3464 1653 praevalere

1879 1660 2144 1717 adversus
2175 1678 2296 1718 eam
2325 1679 2436 1720 non
2491 1676 2790 1736 potuerunt
2817 1687 2830 1724 :
2864 1685 2968 1726 nec
3000 1681 3201 1742 praeter
3227 1683 3464 1732 statutos

191 1761 258 1818 ού
290 1760 646 1828 δεδύνηνται·
681 1755 806 1809 οὐδὲ
839 1753 994 1825 παρὰ
1018 1754 1144 1816 τοὺς
1177 1751 1467 1822 κειμένους
1493 1750 1775 1854 όρουςὶκαξ

1883 1767 2126 1808 canones
2160 1769 2226 1810 ac
2273 1755 2423 1828 leges
2443 1773 2604 1828 agere
2637 1770 2730 1816 aut
2755 1761 2938 1818 dicere
2966 1764 3264 1835 quidquam
3289 1769 3462 1824 susti-

191 1853 403 1920 νόμους
438 1850 702 1922 πράττειν
731 1864 784 1900 τι
809 1845 905 1901 καὶ
938 1844 1118 1914 λέγειν
1145 1842 1430 1914 ἀνέχεται·
1463 1840 1565 1896 κᾶν
1596 1840 1775 1894 πολλοὶ

1893 1852 2004 1908 net,
2035 1845 2282 1915 quamvis
2320 1847 2476 1902 multi
2511 1864 2757 1920 persaepe
2799 1862 3046 1922 pastores
3092 1855 3458 1915 insanierint:

193 1942 488 2014 πολλαχῶς
533 1940 795 2018 ποιμένες
837 1935 1283 2009 ὴφρονεύσαντο·
1335 1935 1459 1987 ἐπεὶ
1503 1935 1598 1988 καὶ
1654 1949 1780 1987 συν-

187 2035 354 2099 όδους
401 2031 811 2104 συνεκρότησαν
843 2029 1087 2100 μεγάλας
1117 2027 1230 2098 (22)
1277 2027 1370 2082 καὶ
1404 2023 1774 2096 παμπληθεῖς,

187 2130 295 2192 καὶ
336 2125 662 2196 Ἐκκλησίαν
693 2122 829 2176 Θεοῦ
869 2121 1098 2184 ἑαυτοὺς
1125 2117 1479 2189 ὡνομὰκασι·
1507 2117 1601 2170 καὶ
1640 2116 1779 2186 ὑπὲρ

188 2225 443 2280 κανόνων
495 2219 823 2290 ἐφρόντισαν
865 2215 944 2285 τῷ
989 2215 1168 2268 δοκεῖν
1188 2253 1204 2280 ,
1248 2211 1390 2266 κατά
1430 2211 1672 2265 κανόνων
1718 2211 1779 2262 τὸ

189 2317 400 2389 ἀληθὲς
456 2311 789 2383 κινούμενοι.
834 2308 901 2362 Τί
947 2307 1013 2378 δὴ
1064 2305 1380 2376 θαυμαστὸν
1435 2305 1482 2382 εί
1529 2304 1625 2357 καὶ
1681 2301 1778 2355 νῦν

189 2407 364 2462 πέντε
401 2403 496 2457 καὶ
539 2402 672 2455 δέκα
711 2398 872 2468 τυχὸν
929 2396 1220 2450 ἐπίσκοποι
1268 2393 1626 2465 συναχθέντες
1685 2390 1777 2446 τὸν

188 2496 305 2552 ὑπὸ
343 2494 453 2548 τῶν
499 2492 740 2546 κανόνων
802 2485 1183 2560 καθῃρημένον
1228 2485 1374 2539 κατὰ
1420 2482 1513 2538 δύο
1560 2481 1774 2548 αἰτίας,

187 2587 484 2660 quam“,
526 2583 790 2644 λύσαντες
820 2579 913 2633 τοῦ
949 2578 1290 2650 ίερουργείν;
1320 2574 1547 2638 Σύνοδος
1572 2573 1772 2638 τοίνυν,

187 2684 454 2746 δέσποτα,
497 2678 558 2732 οὐ
596 2677 658 2730 τὸ
688 2671 1248 2740 ἁπλῶς’συνάγεσθαι
1285 2670 1546 2741 ίεράρχας
1583 2685 1640 2720 τε
1681 2669 1776 2722 καὶ

188 2770 397 2839 ἱερεῖς,
428 2765 532 2820 κᾶν
564 2763 750 2818 πολλοὶ
791 2756 914 2816 ὦσι.
960 2759 1249 2827 Κρείσσων
1296 2757 1440 2828 γὰρ,
1484 2757 1651 2828 φησὶ,
1694 2751 1774 2819 εἷς

190 2858 372 2915 ποιῶν
398 2859 458 2912 τὸ
487 2856 700 2928 θέλημα
725 2852 819 2908 τοῦ
847 2853 1078 2924 Κυρίου,
1104 2851 1139 2921 ἢ
1175 2849 1359 2922 μυρίοι
1402 2847 1775 2920 παραϐαίνον-

186 2965 319 3017 tes“
364 2948 502 3008 ἀλλὰ
529 2947 591 3002 τὸ
619 2949 677 3001 ὲν
702 2945 928 3017 ὀνόματι
973 2942 1204 3014 Κυρίου,
1238 2945 1297 2994 ἐν
1327 2943 1395 3012 τῇ
1444 2941 1636 3012 εἰρήνῃ
1676 2937 1775 2992 καὶ

185 3043 413 3116 φυλακῇ
461 3040 569 3096 τῶν
631 3039 904 3093 κανόνων·
972 3037 1070 3090 καὶ
1131 3036 1190 3090 τὸ
1224 3034 1447 3128 δεσμεῖν
1484 3034 1577 3086 καὶ
1625 3032 1773 3128 λύειν
1799 3069 1842 3128 c

187 3134 298 3206 οὐχ
341 3133 417 3197 ὡς
445 3131 659 3202 ἐτυχεν,
703 3127 820 3186 ἀλλ’
857 3126 933 3191 ὡς
964 3125 1112 3179 δοκεῖ
1158 3127 1224 3195 τῇ
1254 3122 1486 3194 ἀληθείᾳ
1513 3161 1527 3186 ,
1559 3122 1654 3176 καὶ
1694 3119 1774 3192 τῷ

186 3223 407 3289 κανόνι,
450 3222 544 3276 καὶ
572 3219 652 3290 τῷ
695 3216 938 3290 γνώμονι
969 3216 1071 3287 τῆς
1098 3215 1404 3288 ἀκριϐείας.
1431 3215 1502 3268 ’Ἡ
1527 3213 1774 3279 δείξωσιν

187 3319 244 3382 pi
282 3314 630 3376 συνελθόντες
670 3311 832 3365 τοῦτο
881 3309 1268 3382 πεποιηκότεςο
1317 3307 1412 3361 καὶ¹
1453 3307 1618 3378 ἡμεῖς
1675 3304 1774 3359 σὺν

185 3411 412 3474 αὐτοῖς’
447 3407 481 3480 ἢ
507 3407 569 3462 οὐ
598 3403 957 3468 δεικνύουσιν,
987 3400 1370 3456 ἐκϐαλὲτωσαν
1411 3400 1503 3452 τὸν
1530 3397 1770 3464 ἀνάξιον,

189 3505 286 3573 ἶνα
330 3503 408 3576 μὴ
453 3503 534 3564 είς
583 3499 946 3570 κατηγόρημα
973 3494 1158 3557 αὐτοῖς
1196 3493 1290 3547 καὶ
1313 3495 1434 3554 ταῖς
1475 3491 1772 3563 μετέπειτα

185 3597 412 3665 γενεαῖς
447 3590 919 3663 παραδοθήσεται*
967 3588 1029 3642 '0
1053 3588 1234 3657 λόγος
1267 3585 1378 3657 γὰρ
1411 3588 1443 3639 ό
1488 3583 1592 3638 τοῦ
1621 3583 1770 3637 Θεοῦ

185 3687 477 3755 δεδέσθαι
497 3685 687 3754 φύσιν
717 3684 829 3736 οὐκ
866 3682 993 3752 ἔχει
1015 3694 1031 3710 ο
1065 3681 1160 3734 καὶ
1200 3677 1420 3745 ἐξουσία
1446 3679 1559 3741 τοῖς
1588 3678 1772 3749 ίεράρο

183 3797 320 3853 χαις
346 3782 406 3833 ἐν
434 3779 608 3832 οὐδενὶ
631 3776 840 3832 δέδοται
869 3775 965 3828 ἐπὶ
991 3772 1140 3858 πάσῃ
1169 3771 1481 3844 παραϐάσει
1511 3771 1734 3834 κανόνος
1751 3787 1766 3804 ο

183 3875 218 3943 ἢ
277 3871 442 3942 μόνον
489 3870 724 3938 στοιχεῖν
761 3866 832 3934 τὰ
877 3864 1206 3935 δεδογμένα,
1253 3865 1348 3917 καὶ
1387 3863 1618 3916 ἕπεσθαι
1656 3864 1771 3926 τοῖς

183 3962 580 4038 προλαϐοῦσιν.

256 4057 380 4110 Οὐκ
403 4051 521 4108 οῖδα
562 4054 612 4108 εἰ
645 4052 721 4124 μή
750 4069 803 4106 τι
835 4048 1189 4105 ἀκανόνιστόν
1211 4049 1326 4102 ἐστι
1359 4049 1454 4102 καὶ
1480 4065 1768 4118 παρεωρα.

186 4145 378 4218 μένον.
414 4142 527 4197 Καὶ
560 4141 693 4212 πρὸς
725 4140 885 4194 τοῦτο
915 4137 1096 4192 κανὼν
1137 4137 1232 4192 τοῦ
1269 4137 1426 4208 ἁγίου
1459 4136 1766 4205 Βασιλείου,

184 4240 268 4314 εἰς
313 4235 464 4307 ἱερέα
493 4233 822 4306 ὀμωμοκότα
853 4231 937 4285 ἐπ’
962 4229 1192 4303 ἀληθεία
1223 4229 1318 4284 τοῦ
1343 4229 1632 4301 ἀρκεῖσθαι
1667 4231 1767 4301 μό-

185 4347 280 4384 νον
315 4331 384 4400 τῇ
426 4327 605 4398 οἰκείᾳ
643 4323 970 4396 Ἐκκλησία,
1002 4325 1099 4378 καὶ
1132 4323 1384 4396 μηδαμοῦ
1422 4323 1558 4396 ἄλλῃ
1597 4339 1768 4394 προσ-

1881 1936 2083 2008 quippe
2108 1939 2200 2008 qui
2220 1939 2387 1994 etiam
2407 1941 2644 2010 synodos
2664 1958 2889 2015 magnas
2907 1960 2971 2002 ac
2990 1946 3462 2018 frequentissimas

1880 2040 2208 2099 coegerunt,
2241 2040 2296 2084 et
2328 2030 2626 2088 Ecclesiam
2657 2033 2750 2090 Dei
2801 2034 3011 2105 seipsos
3048 2047 3458 2110 nuncuparunt,

1879 2129 1934 2174 et
1956 2136 2056 2190 pro
2084 2123 2390 2178 canonibus
2417 2125 2472 2179 in
2501 2126 2686 2196 specie
2744 2125 2962 2183 solliciti
3022 2128 3268 2198 fuerunt,
3331 2148 3458 2188 cum

1878 2212 2140 2268 adversus
2189 2229 2429 2271 canones
2481 2232 2673 2274 revera
2723 2220 2982 2276 concitati
3011 2221 3258 2278 fuerunt.
3311 2223 3458 2292 Quid

1877 2319 2007 2376 ergo
2037 2305 2238 2360 mirum
2284 2307 2331 2362 si
2385 2323 2533 2364 nunc
2584 2325 2803 2380 quoque
2860 2313 3173 2382 quindecim
3222 2316 3451 2373 forsitan

1877 2398 2142 2469 episcOpi,
2169 2401 2504 2471 congregati,
2539 2402 2816 2459 hominem
2849 2419 2948 2475 per
2971 2421 3212 2462 canones
3250 2408 3456 2480 duplici

1875 2506 1942 2546 ex
1966 2507 2131 2547 causa
2155 2493 2845 2563 depositum,innocentem
2868 2498 3236 2567 declararunt,
3270 2501 3458 2558 absol-

1875 2593 2202 2654 veruntquc,
2245 2594 2302 2640 ut
2347 2587 2655 2642 sacerdotio
2685 2588 2980 2662 fungatur?
3011 2591 3290 2664 Synodum
3325 2609 3458 2667 ergo

1875 2673 2028 2738 facit,
2055 2673 2306 2742 Domine,
2365 2692 2477 2731 non
2509 2677 2834 2750 simpliciter
2877 2683 3193 2754 congregari
3240 2686 3455 2754 episco-

1875 2782 1974 2836 pos
1999 2775 2054 2822 ct
2077 2768 2409 2835 sacerdotes,
2437 2771 2685 2839 quamvis
2714 2772 2869 2828 multi
2906 2774 3036 2832 sint.
3084 2774 3275 2832 Melior
3302 2778 3452 2834 enim

1875 2873 2038 2924 unus,
2068 2859 2167 2924 ait,
2205 2858 2412 2914 faciens
2451 2861 2788 2918 voluntatem
2837 2863 3072 2932 Domini,
3104 2883 3269 2937 quam
3301 2870 3454 2926 mille

1875 2947 2325 3016 praevaricatores
2345 2949 2390 2981 ⁸⁸
2419 2968 2432 3004 :
2466 2951 2562 3006 sed
2582 2951 2636 3006 in
2667 2952 2891 3009 nomine
2912 2954 3149 3023 Domini,
3183 2955 3239 3010 in
3262 2972 3456 3027 pacem

1875 3049 1931 3094 et
1959 3039 2398 3096 observationem
2429 3057 2724 3112 canonum,
2753 3054 2810 3101 et
2840 3046 2906 3102 ad
2939 3046 3213 3120 ligandum
3235 3051 3456 3107 solven-

1876 3132 2114 3204 dumque
2145 3150 2256 3189 non
2281 3135 2710 3205 quomodolibet,
2741 3139 2837 3194 sed
2869 3148 2930 3194 ut
2956 3141 3169 3196 veritati
3201 3146 3456 3216 congruit

1875 3233 1931 3280 et
1953 3227 2150 3281 canoni
2181 3228 2493 3299 regulaeque
2525 3241 2728 3285 exaclm
2761 3231 3139 3290 discussionis.
3183 3235 3294 3292 Aut
3321 3253 3454 3310 pro-

1872 3315 2084 3372 babunt
2128 3334 2187 3373 se
2227 3319 2331 3374 hoc
2374 3319 2594 3386 fecisse,
2637 3323 2729 3392 qui
2777 3335 3177 3394 convenerunt,
3233 3337 3290 3384 et
3349 3346 3455 3388 nos

1872 3421 1996 3461 cum
2029 3407 2110 3462 eis
2138 3409 2478 3466 adhazremus
2498 3453 2512 3478 ,
2544 3422 2639 3468 aut
2663 3414 2707 3469 si
2738 3429 2849 3469 non
2881 3405 3212 3486 probabunt,
3231 3420 3457 3491 ejiciant

1873 3499 2180 3571 indignum,
2240 3518 2309 3557 ne
2356 3503 2488 3558 vitio
2531 3505 2666 3574 ipsis
2728 3516 2988 3574 vertatur,
3047 3509 3456 3584 imputeturque

1872 3594 2036 3647 etiam
2071 3594 2213 3662 apud
2245 3605 2512 3664 posteros.
2556 3596 2779 3652 Verbum
2812 3599 2931 3665 Dei,
2977 3602 3172 3670 inquit,
3211 3603 3318 3660 tale
3351 3622 3456 3661 non

1873 3691 1948 3736 est
1978 3692 2034 3738 ut
2057 3683 2273 3754 alligari
2302 3695 2460 3754 queat
2493 3687 2536 3718 ⁸⁷
2563 3704 2575 3740 :
2603 3696 2657 3742 et
2689 3697 2932 3758 potestas
2970 3692 3244 3764 episcOpis
3271 3696 3452 3752 nulla-

1873 3783 2033 3829 tenus
2063 3774 2187 3829 data
2221 3784 2324 3838 est,
2349 3785 2409 3830 ut
2443 3792 2708 3834 canonem
2736 3781 2906 3836 ullum
2939 3787 3406 3856 transgrediantur
3437 3808 3450 3844 :

1871 3866 1968 3921 sed
2001 3873 2210 3922 tantum
2253 3877 2313 3924 ut
2345 3868 2565 3928 decreta
2619 3884 2940 3943 sequantur,
3001 3877 3351 3950 baereantque
3395 3881 3450 3936 in

1869 3959 2162 4031 prioribus.

1940 4049 2137 4106 Nescio
2169 4067 2238 4107 an
2263 4053 2462 4123 aliquid
2497 4054 2586 4117 sit,
2622 4054 2691 4110 de
2717 4071 2826 4125 quo
2845 4072 3022 4113 canon
3056 4060 3237 4116 nullus
3272 4062 3454 4120 editus

1871 4143 1963 4206 sit,
1995 4145 2250 4214 quodque
2285 4146 2592 4218 neglectum
2625 4147 2814 4203 fuerit.
2855 4150 3046 4206 Exstat
3068 4153 3240 4208 sancti
3265 4153 3448 4220 Basilii

1870 4251 2049 4291 canon
2077 4236 2122 4268 ⁸⁸
2155 4237 2222 4291 de
2253 4239 2592 4309 presbytero,
2625 4240 2717 4312 qui
2751 4241 2962 4312 jurarat
2992 4258 3052 4299 se
3095 4245 3312 4316 propria
3341 4248 3449 4304 Ec-,

1871 4326 2034 4385 clesia
2061 4336 2379 4384 contentum
2419 4329 2555 4396 fore,
2579 4349 2757 4403 neque
2793 4334 2848 4389 in
2881 4335 2984 4390 alia
3009 4352 3206 4391 munus
3234 4338 3450 4396 obl:itu-.

183 4421 382 4492 φέρειν
411 4417 608 4489 δῶρον.
639 4417 750 4471 Καὶ
785 4415 970 4484 πάλιν,
1021 4417 1121 4486 τῆς
1163 4414 1220 4470 ἐν
1273 4412 1602 4486 Καρθαγένῃ
1624 4454 1637 4477 ,
1678 4414 1772 4466 ἐπὶ

1876 4436 2018 4474 rum.
2069 4421 2136 4476 Et
2184 4437 2375 4478 rursus
2420 4425 2609 4495 synodi
2670 4427 3120 4500 Carthaginensis
3139 4432 3208 4493 ",
3268 4431 3336 4487 de
3380 4432 3449 4490 iis

182 4514 300 4570 τῶν
330 4511 784 4584 χειροτονούντων
821 4511 948 4573 τοὺς
974 4509 1040 4562 ὲκ
1072 4506 1182 4570 τῶν
1212 4509 1592 4579 μοναστηρίων
1630 4509 1769 4562 ἀπο-

184 4605 550 4669 πατοῦνταςε
597 4603 680 4668 τδ,
709 4605 836 4670 τοὺς
863 4601 1141 4666 τοιούτους
1180 4602 1254 4672 μὴ
1295 4601 1406 4655 δεῖν
1456 4603 1538 4665 είς
1573 4601 1769 4670 ἑτέραν

195 4697 532 4768 Ἐκκλησίαν
583 4697 715 4768 παρ’
765 4697 832 4767 ῆν
877 4694 1100 4766 κατέχει
1160 4693 1392 4758 ἕκαστος
1439 4693 1766 4766 ἐπισκοπὴν,

185 4791 542 4864 ῐερουργεῖνο
574 4791 703 4854 τοὺς
730 4789 789 4852 δὲ
823 4789 1304 4862 χειροτονηθέντας
1331 4783 1468 4854 εἶναι
1516 4789 1766 4864 καθῃρη.

183 4885 406 4956 μένους.
441 4885 504 4938 Εἰ
531 4883 714 4941 τοίνυν
743 4885 836 4940 ἐπὶ
881 4883 1088 4939 τούτων
1132 4882 1241 4936 τῶν
1285 4880 1482 4952 ψιλῶν,
1522 4880 1619 4936 καὶ
1655 4881 1769 4944 τοῖς

179 4977 408 5042 πολλοῖς
452 4977 573 5030 οὐδὲ
616 4975 923 5030 δοκούντων
981 4993 1034 5030 τι
1083 4970 1223 5038 εἶναι
1271 4973 1607 5044 ἐφάμαρτον,
1667 4971 1770 5026 οὐκ

182 5071 524 5142 ἁνεκδίκητα
546 5069 615 5138 τᾲ
639 5069 885 5144 κρίματα
909 5067 1091 5125 καὶτὰ
1115 5067 1210 5122 τοῦ
1239 5065 1373 5122 Θεοῦ
1389 5063 1766 5138 δικαιώματα”

181 5163 342 5232 πόσῳ
367 5179 436 5231 γε
467 5161 668 5235 μᾶλλον
699 5163 793 5216 ἐπὶ
827 5161 924 5218 τοῦ
972 5161 1238 5232 παρόντος
1281 5159 1433 5232 ςΟὐκ
1469 5159 1616 5212 ἔστιν
1652 5153 1768 5228 οὖν,

181 5258 288 5310 οὐκ
321 5255 493 5324 ἐστιν,
538 5251 585 5312 ὦ
611 5256 849 5311 δέσποτα
871 5294 887 5321 ,
917 5253 1040 5316 οὔτε
1071 5255 1169 5326 τὴν
1204 5253 1324 5308 καθ’
1351 5255 1501 5326 ἡμᾶς
1535 5251 1772 5322 Ἐκκλη-

183 5344 355 5415 σίανξ
367 5347 492 5402 οὔτε
522 5348 717 5420 ἑτέραν
737 5388 753 5415 ,
785 5348 936 5423 παρὰ
965 5347 1092 5411 τοὺς
1118 5346 1409 5417 κειμένους
1433 5344 1631 5416 νόμους
1669 5343 1764 5398 καὶ

1867 4512 1956 4582 qui
1990 4513 2245 4567 ordinant
2271 4528 2366 4568 eos
2393 4515 2486 4585 qui
2511 4516 2774 4574 deserunt
2803 4522 3136 4577 monasteria
3163 4541 3177 4577 :
3211 4540 3321 4580 non
3352 4526 3447 4582 de-

1866 4600 1999 4657 bere
2029 4602 2165 4657 tales
2196 4604 2504 4661 sacrificare
2534 4607 2591 4661 in
2627 4609 2731 4664 alia
2765 4609 3026 4675 Ecclesia,
3083 4622 3447 4686 praeterquam

1866 4697 1922 4750 in
1949 4711 2034 4762 ea,
2066 4695 2122 4753 in
2160 4713 2265 4767 qua
2300 4698 2502 4754 habent
2530 4701 2725 4774 singuli
2769 4703 3155 4772 praefecturam
3187 4724 3202 4761 :
3244 4706 3445 4778 deponi

1865 4795 2050 4851 autem
2078 4803 2174 4843 eos
2203 4789 2295 4859 qui
2324 4791 2557 4846 ordinati
2583 4800 2732 4848 sunt.
2770 4792 2826 4848 Si
2857 4811 2988 4866 ergo
3029 4797 3086 4851 in
3120 4797 3207 4852 his
3243 4798 3444 4868 parvis,

1865 4888 1921 4934 et
1945 4895 2068 4950 qua:
2094 4881 2256 4952 vulgo
2285 4881 2425 4938 nihil
2453 4883 2812 4950 aastimantur,
2860 4887 2951 4957 qui
2983 4895 3302 4958 peccarunt,
3333 4905 3447 4954 non

1866 4971 2027 5030 inulti
2065 4973 2290 5028 abibant
2314 4973 2500 5028 divino
2524 4974 2734 5045 judicio
2766 4993 2781 5032 :
2815 4987 3023 5047 quanto
3077 4979 3260 5035 minus
3295 4981 3350 5036 in
3388 4997 3450 5038 re

1867 5065 2160 5135 praesentit
2194 5065 2313 5121 Non
2361 5066 2489 5123 licet
2512 5067 2699 5138 igitur,
2733 5069 2974 5137 domine,
3023 5088 3135 5128 non
3186 5073 3314 5130 licet
3344 5091 3450 5132 nec

1867 5155 2127 5212 Ecclesia:
2157 5165 2380 5226 nostra},
2403 5176 2506 5216 nec
2552 5161 2707 5217 alteri
2741 5163 2857 5229 ulli,
2909 5164 3206 5236 quidquam
3249 5178 3450 5238 praeter

1867 5259 2100 5306 statutas
2128 5251 2274 5323 leges
2307 5261 2364 5308 et
2395 5269 2636 5311 canones
2687 5258 3065 5326 committere:
3090 5261 3370 5332 quoniam,
3401 5262 3448 5322 si

1873 5343 1978 5400 hoc
1997 5343 2176 5410 detur,
2196 5343 2358 5398 inane
2387 5353 2472 5402 est
2498 5346 2875 5419 Evangelium,
2893 5351 3166 5408 incassum
3187 5368 3445 5415 canones.

256 5469 306 5502 “
337 5468 507 5524 Eccli.
532 5470 724 5538 “1,3.
797 5470 841 5502 "
885 5468 926 5524 ll
956 5467 1102 5524 Tim.
1146 5485 1206 5533 ιι,
1233 5466 1286 5523 9.
1365 5465 1411 5498 ⁸⁸
1439 5464 1575 5536 (Jan.
1627 5466 1716 5524 10.

1874 5463 1999 5520 Bod.
2029 5461 2237 5520 Eccles.
2269 5463 2514 5521 African.
2542 5480 2666 5522 can.
2697 5464 2785 5521 75.

1717 5556 1953 5614 NOTAE.

257 5646 376 5720 (Ξῖ)
417 5647 1037 5720 Συνόδουςξμετάλας.
1071 5649 1386 5720 Trullanam
1442 5647 1531 5720 hic
1580 5648 1760 5703 notari

187 5717 459 5789 synodum
496 5729 682 5773 censet
718 5717 1004 5774 Bardnius.
1044 5719 1195 5774 llanc
1229 5731 1410 5773 tamen
1445 5717 1762 5773 Theodorus

111 5837 114 5839 Α
187 5787 245 5851 it!
269 5788 430 5866 epist.
476 5789 546 5847 ‘27
579 5789 766 5848 laudat
807 5801 862 5846 et
908 5800 1154 5848 sanctam
1195 5789 1448 5863 appellat.
1504 5789 1763 5851 Fortasse

1873 5631 2140 5726 synodum
2195 5647 2417 5726 Tyriam
2474 5651 2720 5724 aliasque
2778 5651 3043 5710 adversus
3085 5651 3447 5726 Athanasium

1872 5729 2090 5775 coactas
2122 5720 2388 5792 intelligit.
