4044 6366
565 349 677 415 987

1763 305 1823 413 si.
1857 349 2252 412 THEODORI
2295 351 2644 414 srumm

3721 353 3831 420 988

561 455 954 530 Unusquisque
985 459 1337 530 episcopatus
1376 459 1460 516 sui
1493 468 1756 531 tempore,
1791 463 2010 531 quando
2045 463 2146 532 ipsi

2254 463 2484 526 κανόνας
2524 463 2700 514 ποιεῖν
2733 478 2806 515 τι.
2847 460 3001 515 Ἐπεὶ
3047 461 3096 514 εί
3139 461 3531 534 τοῦτοδοθείη,
3575 464 3732 519 κενὸν
3767 466 3833 520 τδ

563 549 839 622 integrum
868 559 952 606 est
983 565 1106 606 cum
1134 551 1248 606 suis
1281 551 1562 622 quodlibet
1587 552 1786 620 facere,
1822 552 1998 610 nevus
2044 554 2148 610 erit

561 641 909 714 evangelista,
925 641 1064 698 alius
1074 643 1374 713 apostolus,
1389 644 1528 698 alius
1543 643 1820 715 legislator
1839 661 1852 697 :
1870 643 1965 698 sed
1983 643 2143 698 absit!

561 732 878 789 Mandatum
900 735 1049 790 enim
1065 735 1332 790 habemus
1351 736 1420 790 ab
1443 737 1562 806 ipso
1578 735 1922 806 Apostolo",
1948 743 2150 806 praeter

562 825 619 882 id
639 825 786 896 quod
804 826 1137 898 accepimus,
1167 836 1366 897 praeter
1388 828 1442 882 id
1459 827 1605 897 quod
1623 843 1864 884 canones
1891 829 2149 884 sanciunt

561 917 896 989 synodorum
935 918 1326 974 universalium
1368 928 1424 974 et
1443 919 1719 986 localium,
1749 935 1872 990 quae
1914 919 2148 976 diversis

564 1011 903 1080 temporibus
919 1009 1143 1076 fuerint,
1164 1013 1206 1067 si
1232 1013 1356 1082 quis
1378 1013 1724 1082 dogmatizet,
1742 1013 2027 1069 autfacere
2044 1014 2148 1068 ali-

563 1100 695 1170 quid
711 1100 1038 1171 nosjuheat,
1060 1101 1439 1172 recipiendum
1469 1117 1580 1156 non
1607 1117 1752 1167 esse,
1780 1118 1882 1158 nec
1910 1117 2146 1158 censen-

561 1190 694 1248 dum
718 1191 871 1247 illum
893 1192 948 1247 in
967 1200 1115 1249 sorte
1137 1203 1451 1248 sanctorum
1473 1213 1486 1250 :
1507 1195 1825 1249 utomittam
1846 1195 1988 1250 male
2007 1195 2146 1250 omi-

560 1298 762 1338 nosum
787 1284 943 1349 illud,
995 1286 1138 1355 quod
1171 1287 1464 1358 Apostolus
1515 1288 1865 1364 imprecatur.
1919 1289 2148 1344 Anohis

563 1375 731 1447 igitur
753 1375 846 1446 qui
885 1386 1038 1432 extra
1088 1380 1352 1434 mundum
1418 1394 1630 1443 sumus,
1666 1378 1814 1434 aliud
1869 1380 2010 1434 nihil
2048 1380 2147 1434 de-

562 1466 754 1534 betur;
776 1483 940 1538 quam
963 1484 1026 1524 ea
1050 1470 1379 1542 investigare
1411 1479 1467 1525 et
1497 1471 1698 1536 facere,
1723 1485 1786 1525 ex
1819 1471 2018 1541 quibus
2045 1487 2148 1527 nos

563 1558 732 1614 etiam
753 1560 917 1615 simul
952 1561 1296 1626 extollamur,
1327 1570 1380 1616 et
1425 1563 1492 1617 ad
1519 1563 1922 1618 aemulationem
1944 1580 2148 1634 provo—

561 1664 772 1706 cemur.
803 1650 870 1705 Et
901 1653 945 1707 si
974 1653 1197 1722 quidem
1225 1653 1280 1707 in
1315 1652 1402 1709 his
1428 1654 1539 1710 vita
1589 1653 1844 1720 ducetur,
1876 1665 2024 1710 recte
2051 1657 2149 1711 ha-

561 1741 756 1809 bebit;
786 1743 872 1798 sin
898 1745 1100 1810 minus,
1133 1746 1394 1816 expedire
1423 1747 1640 1802 exsules
1662 1755 1716 1801 et
1760 1757 2010 1805 extorres
2055 1756 2141 1804 to-

2251 554 2609 624 Εύαγγέλιον,
2647 555 2768 625 είκῇ
2796 554 2844 607 oi
2876 554 3100 620 κανόνες
3121 571 3136 587 ο
3166 555 3262 609 καὶ
3289 554 3521 620 ἕκαστος
3567 558 3710 612 κατά
3737 558 3836 613 τὸν

2249 647 2440 718 καιρὸν
2486 647 2588 717 τῆς
2635 647 2843 711 οἰκείας
2888 646 3336 720 ἀρχιερωσύνης,
3387 649 3579 720 ἐπειδὴ
3623 649 3835 715 ἔξεστιν

2248 738 2397 810 αὐτῷ
2429 739 2505 803 ὡς
2533 739 2684 792 δοκεῖ
2720 739 2860 810 μετὰ
2891 739 3002 792 τῶν
3031 740 3128 793 σὺν
3160 739 3308 812 αὐτῷ
3357 741 3628 813 πράσσειν
3647 782 3662 807 ,
3691 742 3835 796 ἔστω

2247 830 2369 896 νέος
2417 830 2834 904 εὐαγγελιστὴς,
2884 831 3046 896 ἀλλος
3079 832 3402 900 ἀπόστολος,
3455 835 3644 904 ἕτερος
3673 853 3836 907 νομο-

2249 922 2428 994 θέτης.
2466 924 2606 977 Ἀλλ’
2643 925 2917 996 οὐδαμῶς.
2970 926 3354 996 Παραγγελίαν
3389 927 3498 998 γάρ
3534 928 3738 998 ἔχομεν
3775 928 3836 992 ἐξ

2247 1012 2416 1067 αὐτοῦ
2448 1013 2544 1068 τοῦ
2585 1015 2889 1070 ἀποστόλου
2909 1055 2926 1081 ,
2954 1017 3085 1087 παρ’
3119 1015 3149 1069 ὃ
3182 1017 3596 1088 παρελάϐομεν,
3635 1023 3772 1091 παρ’
3805 1019 3837 1073 δ

2246 1107 2297 1160 οἱ
2322 1106 2545 1171 κανόνες
2569 1107 2680 1162 τῶν
2712 1108 2858 1163 κατὰ
2891 1109 3119 1181 καιροὺς
3161 1109 3396 1164 συνόδων
3425 1109 3740 1164 καθολικῶν
3775 1129 3836 1166 τε

2248 1199 2345 1253 καὶ
2372 1199 2644 1266 τοπικῶν,
2667 1202 2765 1256 ὲάν
2786 1218 2870 1264 τις
2899 1199 3221 1274 δογματίςη,
3250 1201 3294 1272 ἢ
3314 1203 3634 1276 προστάσσει
3659 1206 3836 1257 ποιεῖν

2248 1292 2420 1362 ἡμᾶς,
2471 1291 2854 1364 ἀπαράδεκτον
2887 1293 3051 1346 αὐτὸν
3101 1293 3266 1364 ἔχειν,
3327 1293 3463 1365 μηδὲ
3518 1295 3835 1361 λογίζεσθαι

2248 1382 2412 1436 αὑτὸν
2455 1385 2515 1438 ὲν
2557 1384 2745 1457 κλήρῳ
2785 1385 2958 1454 ἁγίων
2979 1402 2993 1414 ·
3029 1385 3123 1438 καὶ
3159 1387 3224 1440 τὸ
3252 1385 3539 1459 δύσφημον
3569 1388 3838 1459 παρῆμεν

2247 1473 2430 1542 λέγειν
2453 1474 2482 1528 δ
2514 1475 2675 1540 αὐτὸς
2711 1476 2954 1548 εἴρηκεν.
2995 1477 3158 1547 Ἡμῖν
3185 1473 3280 1532 οὖν
3308 1481 3424 1542 τοῖς
3465 1480 3572 1545 ἔξω
3601 1482 3831 1550 κόσμου,

2247 1565 2402 1620 οὐδὲν
2434 1566 2564 1620 ἄλλο
2604 1568 2900 1635 ὀφείλεται,
2949 1569 2982 1640 ἢ
3023 1569 3084 1622 τὸ
3123 1570 3194 1624 τά
3245 1571 3473 1625 τοιαῦτα
3515 1573 3702 1642 ζητεῖν
3737 1573 3835 1625 καὶ

2251 1660 2552 1732 πράσσειν,
2585 1661 2646 1727 ἐξ
2679 1655 2755 1715 ὧν
2787 1662 2882 1715 καὶ
2911 1664 3046 1732 ἡμῖν
3071 1661 3132 1714 τὸ
3163 1663 3590 1734 συνεπαίρεσθαι
3614 1665 3710 1716 καὶ
3733 1663 3835 1734 ζη-

2249 1752 2396 1808 λοῦν.
2421 1754 2532 1807 Καὶ
2562 1755 2610 1808 εί
2646 1753 2747 1823 μὲν
2781 1756 2840 1808 ὲν
2868 1755 3085 1818 τούτοις
3134 1755 3168 1826 ἡ
3213 1754 3350 1826 ζωὴ,
3398 1751 3461 1808 εὖ
3496 1755 3562 1809 ἂν
3598 1755 3730 1825 ἔχοι.
3773 1757 3836 1808 Εἰ

563 1842 681 1888 tum
716 1835 906 1890 orbem
945 1837 1237 1894 circumire
1265 1854 1391 1893 cum
1431 1840 1582 1894 omni
1633 1837 1930 1896 amictionc
1963 1851 2018 1897 et
2049 1858 2148 1896 an-

2254 1845 2306 1900 δὲ
2339 1844 2452 1916 μὴ,
2484 1822 2767 1917 συμφέρον
2825 1842 2964 1900 εἶναι
2998 1847 3092 1899 καὶ
3139 1822 3359 1910 ἀοίκους
3403 1848 3500 1900 καὶ
3528 1822 3834 1909 ἀνεστίους,

561 1926 764 1995 gustia.
793 1927 1030 1998 Adjuvet
1065 1945 1199 2002 ergo
1229 1947 1349 1996 nos,
1386 1932 1564 2002 quoad
1607 1941 1812 2002 potest,
1847 1934 1960 1991 Deo
1983 1935 2149 1990 chara

563 2016 748 2073 anima
782 2026 896 2089 tua,
931 2029 989 2077 et
1015 2021 1330 2080 divinorum
1355 2025 1684 2082 aemulatrix.

867 2349 1034 2408 XXV.
1066 2382 1136 2394 —
1159 2353 1214 2409 Ν
1217 2356 1458 2439 icepltoro
1483 2361 1826 2428 patriarcha.

2247 1939 2342 1992 καὶ¹
2371 1937 2471 2010 τὴν
2504 1939 2596 1992 ὑπ’
2631 1937 2858 2009 οὐρανὸν
2901 1937 3468 2010 περιέρχεσθαιμετά
3497 1939 3680 2009 πάσης
3719 1939 3836 1991 θλίο

2245 2031 2394 2101 ψεως
2425 2030 2520 2086 καὶ
2554 2029 2938 2101 στενοχωρίας.
2980 2029 3316 2100 Βοηθησάτω
3369 2030 3552 2082 τοίνυν
3589 2029 3657 2082 τά
3693 2033 3836 2082 κατὰ

2247 2126 2481 2196 δύναμιν
2516 2127 2550 2198 ἠ
2579 2124 2835 2196 θεοφιλής
2869 2141 2963 2177 σου
2989 2121 3160 2195 ψυχὴ,
3209 2123 3307 2177 καλ⁸
3349 2121 3732 2194 ζηλοτυποῦσα
3770 2123 3836 2175 τὰ

2250 2219 2390 2272 θεῖα.

2454 2357 2580 2409 ΚΕ⁹.
2615 2385 2685 2394 --
2729 2354 3043 2425 Νικηφόρῳ
3091 2353 3448 2425 πατριάρχῃ.
3493 2353 3656 2426 [μθ’.]

1394 2499 1577 2550 Probat
1598 2512 1655 2550 se
1677 2495 2043 2550 schismaticum
2067 2510 2165 2546 non
2191 2509 2323 2546 esse.
2359 2496 2562 2558 (Baron.
2589 2508 2668 2544 an.
2695 2493 2804 2556 808,
2834 2507 2886 2544 n.
2908 2494 3016 2558 22.)

667 2603 950 2676 Tanquam
979 2605 1102 2662 velo
1120 2608 1356 2677 quodam
1384 2616 1600 2664 utentes
1619 2609 1764 2664 tenui
1788 2608 2019 2679 epistola
2047 2625 2147 2665 no-

562 2705 674 2754 stra
700 2739 718 2765 ,
743 2697 921 2768 angeli
975 2690 1327 2754 beatitudinis
1357 2712 1464 2756 tuae
1513 2702 1815 2757 reverentia
1848 2743 1862 2768 ,
1913 2701 2148 2757 humiles

563 2789 814 2845 sistimus
859 2803 962 2844 nos
1001 2789 1151 2860 ipsos
1203 2793 1570 2851 sacratissimo
1596 2794 1715 2863 ejus
1766 2794 2014 2860 culmini,
2048 2810 2148 2850 ne-

563 2879 819 2935 cessitate
849 2887 1098 2952 cogente.
1129 2879 1248 2937 Jam
1275 2883 1421 2943 enim
1463 2885 1833 2938 renuntiatum
1875 2884 2035 2940 nobis
2063 2893 2148 2940 est

563 2985 597 3025 a
631 2969 841 3026 Joanne
871 2987 1139 3028 conservo
1173 2983 1229 3029 et
1251 2973 1518 3044 discipulo
1559 2985 1766 3039 nostro,
1794 2975 2149 3045 quemadmo—

565 3061 697 3118 dum
746 3063 814 3117 ad
877 3065 1248 3120 venerandam
1307 3066 1387 3120 tui
1442 3067 1814 3122 adorationem
1848 3066 2143 3134 admissus,

566 3156 744 3211 aliena
769 3157 1039 3227 quaedam,
1073 3159 1338 3228 nobisque
1365 3159 1748 3224 abominanda,
1773 3174 1842 3214 ex
1863 3175 1928 3216 ea
1953 3159 2146 3215 audie-

2324 2604 2802 2679 Παραπετάσματί
2845 2621 2955 2660 τινι
3015 2601 3292 2676 χρώμενοι
3319 2600 3400 2673 τῷ
3429 2599 3640 2653 εὐτελεῖ
3678 2598 3835 2670 ἡμῶν

2250 2698 2627 2770 γραμματίῳ,
2661 2696 2800 2751 αἰδοῖ
2848 2695 2942 2749 τοῦ
2994 2694 3230 2764 ἀγγέλου
3277 2693 3377 2764 τῆς
3434 2689 3835 2762 μακαριότητός

2252 2809 2370 2858 σου,
2414 2788 2783 2860 ὲμφανίξομεν
2835 2787 3061 2850 ἑαυτοὺς
3093 2787 3143 2839 οῖ
3175 2784 3420 2839 ταπεινοὶ
3454 2784 3520 2853 τῇ
3563 2781 3834 2852 ἱερωτάτη

2254 2880 2424 2950 αὐτῆς
2447 2882 2661 2950 κορυφῇ
2687 2877 2904 2932 κατὰτὸ
2934 2878 3249 2946 ἀναγκαῖον.
3279 2874 3417 2944 Ἤδη
3439 2873 3546 2944 γάρ
3573 2873 3635 2924 τὸ
3663 2869 3836 2941 παρὸν

2255 2971 2592 3044 ἀπήγγειλεν
2625 2973 2757 3041 ἡμῖν
2802 2969 3104 3041 Ἰωάννηςὸ
3129 2965 3414 3030 σύνδουλος
3449 2966 3547 3019 καὶ
3583 2962 3832 3034 μαθητὴς

2255 3063 2435 3135 ἡμῶν,
2464 3063 2539 3127 ὡς
2582 3060 2836 3128 ἀξιωθεὶς
2877 3063 2976 3131 τῆς
3020 3057 3226 3128 σεπτῆς
3269 3074 3362 3110 σου
3391 3054 3834 3126 προσκυνήσεως,

2255 3158 2460 3228 ἀκήκοε
2515 3155 2648 3227 παρ’
2678 3153 2847 3224 αὐτῆς
2876 3151 3001 3220 ξένα
3031 3149 3154 3204 τινὰ
3190 3149 3284 3202 καὶ
3311 3149 3640 3203 ἀπευκταῖα.
3679 3146 3838 3198 Ἀπο-

567 3247 658 3303 rit.
693 3249 1028 3319 Aposchista:
1071 3249 1474 3323 [schismatici],
1532 3250 1726 3320 inquit,
1758 3267 1854 3306 vos
1920 3251 2050 3308 estis
2087 3251 2157 3309 ab

2263 3248 2481 3322 σχισταὶ
2533 3249 2676 3316 γὰρ,
2722 3245 2910 3316 φησὶν,
2954 3242 3080 3297 ἐστὲ
3121 3241 3224 3312 τῆς
3272 3238 3619 3310 Ἐκκλησίας.
3665 3237 3837 3290 Πόσον

568 3341 836 3398 Ecclesia.
891 3343 992 3410 Qui
1051 3359 1182 3417 ergo
1234 3355 1469 3416 poterat,
1500 3346 1896 3415 obeatissime,
1957 3349 2154 3404 merito

567 3435 752 3490 anima
787 3437 996 3502 fnostra
1045 3437 1116 3492 ob
1179 3438 1319 3493 hanc
1353 3454 1574 3496 causam
1627 3443 1738 3496 nOn
1794 3443 2156 3500 contristari?

570 3527 847 3598 quomodo
878 3544 986 3582 non
1013 3530 1350 3600 respondere
1378 3534 1653 3588 sanctitati
1688 3543 1816 3602 tute,
1853 3551 1957 3591 nec
1987 3537 2157 3592 silen-

569 3619 648 3674 tio
673 3619 1077 3676 accusationem
1122 3623 1494 3679 conﬁrmare?
1526 3624 1638 3696 Ego
1684 3642 1816 3682 vero
1883 3635 2013 3682 ante
2066 3645 2157 3685 re-

570 3709 923 3783 sponsionem
975 3730 1099 3771 cum
1134 3718 1440 3773 reverentia
1489 3718 1595 3774 hoc
1637 3728 1968 3788 repraesento
1996 3736 2012 3780 :
2045 3735 2158 3776 non

571 3813 828 3874 oportere
859 3806 1088 3864 cuilibet
1117 3825 1279 3866 aures
1328 3820 1533 3866 temere
1582 3811 1735 3877 dare,
1800 3812 1894 3883 qui
1953 3813 2158 3884 aliquid

571 3897 705 3952 velit
732 3906 924 3955 contra
977 3902 1292 3972 quempiam
1335 3902 1503 3973 loqui.
1531 3902 1720 3974 Neque
1745 3919 1879 3959 sane
1923 3905 2043 3960 sine
2067 3905 2160 3976 ju-

571 3989 716 4046 dicio
741 4000 958 4064 oportet
991 3993 1428 4050 animadvertere
1461 3995 1516 4050 in
1539 4011 1663 4052 eum
1691 3997 1786 4068 qui
1841 4008 2154 4054 accusatur.

569 4080 691 4138 Non
719 4083 864 4139 enim
891 4084 977 4140 (ex
1000 4093 1197 4151 vestra,
1230 4086 1425 4157 inquit,
1450 4088 1662 4157 judicat
1739 4090 2021 4156 hominem,
2058 4091 2159 4146 nisi

573 4173 723 4241 prius
751 4177 981 4230 audierit
1019 4179 1085 4232 ab
1125 4179 1261 4249 ipso,
1296 4188 1346 4236 et
1401 4181 1695 4250 cognoverit
1743 4183 1868 4251 quid
1892 4181 2159 4248 faciet"?

574 4264 670 4320 Sic
687 4274 743 4321 et
762 4267 1041 4324 beatitudo
1074 4280 1166 4326 tua
1195 4288 1320 4327 cum
1372 4273 1527 4328 triste
1557 4272 1700 4328 istud
1734 4282 1790 4327 et
1811 4275 2064 4329 acerbum
2090 4275 2158 4329 de

574 4359 842 4429 parvitate
888 4373 1074 4418 nostra
1115 4365 1398 4421 audiisset.
1448 4364 1739 4431 Quodnam
1770 4365 1917 4421 enim
1953 4366 2156 4421 malum

577 4450 795 4521 gravius
820 4467 942 4508 esse
963 4465 1148 4525 queat.
1177 4473 1340 4528 quam
1371 4468 1432 4512 ut
1470 4460 1538 4514 ab
1593 4459 1836 4525 Ecclesia
1858 4461 2152 4533 separeris,

573 4553 628 4598 et
655 4543 1079 4614 archipastorem
1113 4549 1242 4606 ovis'
1275 4551 1507 4614 amittat,
1544 4551 1658 4606 sive
1711 4557 2160 4622 compastorem?

577 4630 676 4687 Est
721 4633 870 4688 enim
915 4635 1079 4694 etiam
1113 4637 1274 4694 nobis
1323 4638 1721 4709 peccatoribus,
1762 4640 2012 4710 quamvis
2046 4641 2152 4696 im-

576 4723 794 4793 merito,
825 4735 881 4781 et
924 4727 1110 4783 unctio
1158 4744 1189 4783 a
1220 4729 1330 4784 Deo
1354 4739 1410 4784 et
1437 4745 1639 4785 nomen
1679 4732 1936 4802 pastoris,
1971 4733 2156 4790 dicere

575 4817 776 4884 audeo,
825 4819 893 4874 ad
945 4819 1255 4888 ferendum,
1297 4822 1752 4889 discutiendum,‘
1788 4828 2152 4898 arguendum,

575 4923 684 4980 qua
705 4909 975 4980 privatim,
1002 4928 1110 4984 qua
1137 4914 1375 4984 publice,
1398 4915 1819 4986 juxtajtraditam
1844 4933 1874 4972 a
1897 4916 2152 4985 Domino,

576 4998 724 5056 inter
763 5010 817 5058 te
847 5010 903 5058 et
934 5002 1114 5074 ipsum
1156 5005 1352 5072 solum,
1383 5015 1480 5062 aut
1523 5007 1666 5062 inter
1700 5008 1861 5075 duos,
1911 5009 2156 5080 discipli-

578 5109 708 5149 nam
739 5097 1041 5166 :atque'ita
1070 5097 1116 5153 si
1143 5098 1484 5169 persisteret,
1517 5099 1662 5156 sicut
1689 5099 1808 5170 ipse
1832 5101 1930 5166 ait,
1958 5101 2031 5158 sit
2058 5101 2154 5158 tibi

580 5193 845 5256 tanquam
871 5189 1125 5246 ethnicus
1147 5200 1203 5246 et
1229 5191 1552 5262 publicanus
1579 5193 1647 5248 ".
1681 5189 1794 5248 Nos
1847 5207 1978 5248 vero
2027 5193 2160 5249 hac~

581 5285 763 5347 tenus,
797 5295 976 5352 neque
1015 5297 1114 5353 per
1152 5283 1572 5350 internuntium,
1615 5299 1795 5355 neque
1821 5299 2028 5352 coram,
2053 5287 2162 5342 tale

581 5369 879 5442 quidquam
915 5387 947 5427 a
997 5381 1183 5429 sancta
1213 5372 1393 5428 anima
1435 5383 1547 5440 tua,
1583 5375 1669 5430 vel
1713 5373 2042 5441 audivimus,
2071 5373 2159 5430 vel

581 5459 775 5518 moniti
835 5460 1059 5529 fuimus,
1136 5471 1194 5518 ut
1253 5462 1332 5519 sic
1408 5461 1705 5522 inferretur
1752 5461 2158 5518 condemnatio.

580 5549 907 5610 Consideret
947 5553 1210 5626 perfectio
1265 5564 1377 5621 tua,
1409 5571 1541 5612 num
1586 5555 1711 5628 jure
1755 5553 2043 5611 molestum
2107 5553 2161 5608 id

585 5640 711 5699 ﬁliis
738 5642 847 5700 tuis
889 5643 1188 5702 acciderit?

2256 3337 2350 3397 οὖν
2399 3342 2494 3395 ἐπὶ
2529 3340 2774 3403 τούτοις,
2822 3330 2866 3391 ὦ
2927 3333 3339 3408 μακαριώτατε,
3369 3332 3470 3385 οὐκ
3517 3330 3746 3392 εἰκότως
3772 3323 3838 3397 ἦν

2257 3434 2414 3506 ἡμῶν
2458 3431 2772 3502 διατεθῆναι
2813 3429 2915 3500 τὴν
2946 3427 3124 3499 ψυχὴν
3168 3423 3464 3498 λυπηρῶς;
3499 3419 3617 3485 πῶς
3646 3420 3707 3474 δὲ
3737 3420 3839 3472 οὐκ

2257 3524 2554 3596 ἐκλαλῆσαι
2601 3519 3017 3593 ἀπολογητικῶς
3059 3521 3126 3591 τῇ
3165 3517 3448 3590 ἁγιωσύνῃ
3475 3532 3595 3579 σου,
3627 3513 3726 3566 καὶ
3759 3512 3833 3582 μὴ

2256 3620 2324 3688 τῇ
2367 3617 2546 3687 σιωπῇ
2583 3613 2830 3687 κυρῶσαι
2875 3612 2975 3686 τὴν
3027 3608 3401 3681 κατηγορίανς
3456 3605 3600 3675 Ἐγὼ
3630 3605 3690 3658 δὲ
3731 3603 3835 3670 πρὸ

2256 3709 2357 3779 τῆς
2379 3707 2700 3776 ἀπολογίας,
2723 3707 2900 3761 ἐκεῖνο
2936 3705 3056 3777 μετ’
3084 3702 3267 3766 αἰδοῦς
3303 3700 3734 3770 προσαναφὲρω,
3757 3698 3836 3750 ὅτι

2257 3799 2358 3871 οὐχ
2384 3799 2456 3863 ὡς
2485 3799 2642 3870 ἔτυχε
2670 3799 2754 3852 δεῖ
2791 3797 2861 3853 τά
2903 3791 3018 3851 ὦτα
3049 3793 3286 3863 ἀνοίγειν
3330 3792 3496 3846 παντὶ
3547 3791 3626 3860 τῷ
3658 3788 3838 3858 βουλο-

2263 3892 2410 3964 μένῳ
2450 3892 2594 3946 κατά
2633 3891 2779 3954 τινός
2806 3907 2858 3943 τι
2886 3888 3066 3957 λέγειν
3088 3927 3104 3952 ,
3135 3886 3246 3941 οὐδ’
3277 3887 3338 3939 οὑ
3376 3884 3482 3954 μὴν
3514 3882 3839 3950 ἀποφαίνειν

2259 3985 2500 4056 ἀκρίτως
2526 3986 2604 4049 εἰς
2630 3984 2690 4038 τὸ
2713 3981 2998 4052 διαϐληθὲν
3020 3981 3332 4052 πρόσωπον.
3349 3977 3441 4047 Μὴ
3464 3974 3574 4046 γὰρ
3600 3975 3635 4027 ό
3657 3975 3840 4042 νόμος

2261 4077 2438 4148 ὑμῶν,
2468 4075 2623 4148 φησὶ,
2645 4077 2833 4145 κρίνει
2858 4073 2964 4128 τόν
2993 4073 3331 4140 ἄνθρωπον,
3353 4068 3462 4122 ἐὰν
3483 4065 3568 4137 μὴ
3599 4064 3836 4129 ἀκούσῃ

2261 4170 2398 4238 παρ’
2445 4167 2630 4224 αὐτοῦ
2688 4168 2998 4236 πρότερον,
3034 4165 3136 4219 καὶ
3189 4160 3312 4234 γνῷ
3344 4163 3402 4215 τί
3443 4157 3639 4222 ποιεῐ;
3673 4158 3836 4209 Ὥστε

2261 4261 2571 4332 ἀκουσάσης
2603 4259 2703 4332 τῆς
2731 4258 3130 4332 μακαριότητός
3163 4274 3258 4310 σου
3295 4253 3453 4310 τοῦτο
3476 4254 3538 4307 τὸ
3570 4250 3838 4322 δύσφορον

2261 4355 2357 4407 καὶ
2391 4351 2626 4406 ἐλεεινὸν
2670 4351 2800 4423 περὶ
2833 4351 2934 4422 τῆς
2967 4349 3242 4412 εὐτελείας
3272 4345 3452 4418 ἡμῶν.
3491 4343 3558 4398 Τί
3584 4343 3698 4413 γὰρ
3726 4341 3842 4412 μεῖ-

2262 4443 2355 4508 ζον
2376 4445 2546 4498 κακὸν
2575 4442 2670 4497 τοῦ
2694 4443 2797 4514 τῆς
2824 4440 3154 4513 Ἐκκλησίας
3178 4435 3484 4513 χωρισμοῢ,
3511 4435 3608 4489 καὶ
3634 4432 3730 4487 τοῦ
3749 4430 3839 4484 τὸν

2261 4535 2628 4610 ἀρχιποίμενα
2687 4533 2749 4587 τὸ
2799 4532 3072 4604 πρόϐατον
3130 4529 3424 4594 ἀπολέσαι,
3477 4519 3700 4580 είτόὗν
3747 4521 3836 4574 τὸν

2261 4629 2646 4703 συμποίμενα;
2683 4625 2799 4680 ἔστι
2829 4625 2938 4696 γάρ
2975 4626 3023 4678 εί
3053 4624 3147 4677 καὶ
3173 4620 3409 4687 ἀναξίως
3437 4621 3530 4673 καὶ
3561 4619 3698 4688 ἡμῖν
3727 4615 3838 4677 τοῖς

2256 4723 2602 4794 ἁμαρτωλοῖς
2632 4717 2840 4792 χρίσμα
2884 4717 2978 4772 καὶ
3002 4716 3172 4786 ὄνομα
3203 4713 3353 4784 παρὰ
3382 4711 3521 4765 Θεοῦ
3555 4708 3836 4778 ποιμένος,

2253 4815 2436 4888 τολμῶ
2449 4815 2651 4884 λέγειν,
2667 4812 2932 4881 ἐνεγκεῖν,
2957 4810 3263 4878 ἀνακρῖναι,
3283 4803 3720 4876 νουθετῆσαι,“πῆ
3743 4801 3837 4872 μὲν

2257 4908 2384 4980 ίδίᾳ,
2406 4909 2480 4976 πῆ
2499 4907 2553 4960 δὲ
2572 4903 2978 4978 δημοσίᾳ,κατά
3008 4902 3108 4973 τὴν
3134 4900 3238 4954 ὑπὸ
3270 4897 3366 4952 τοῦ
3393 4899 3604 4967 Κυρίου
3626 4897 3834 4961 ὑπαγο-

2257 4998 2556 5070 ρευομένην
2574 4996 2777 5070 μεταξὺ
2794 4995 2888 5050 σοῦ
2905 4996 3000 5050 καὶ
3015 4993 3178 5048 αὐτοῦ
3204 4993 3389 5064 μόνου,
3412 4991 3446 5061 ἢ
3463 4989 3602 5060 μετά
3624 4987 3835 5050 850,6:-

2255 5091 2574 5147 δασκαλίανο
2595 5089 2692 5145 καὶ
2715 5084 2815 5143 εἷθ’
2829 5088 3003 5152 οὕτως
3022 5091 3088 5158 τῇ
3107 5087 3364 5156 ἐπιμονῇ,
3380 5083 3456 5147 ὡς
3477 5081 3643 5144 αὐτός
3654 5095 3835 5150 (φησιν,

2257 5183 2398 5238 ἔστω
2429 5201 2510 5238 σοι
2531 5181 2606 5246 ὡς
2644 5185 2672 5236 ό
2715 5181 2928 5242 ἐθνικὸς
2963 5178 3057 5234 καὶ
3081 5175 3388 5247 ότελώνης.
3429 5175 3626 5246 Ἡμεῖς
3653 5172 3710 5225 δὲ
3743 5169 3837 5241 μὲο

2257 5292 2349 5346 χρι
2398 5273 2492 5327 τοῦ
2539 5273 2698 5345 δεῦρο
2725 5270 2850 5326 οὗτε
2889 5271 2958 5326 δι’
2992 5269 3327 5330 ἀποστόλου,
3357 5265 3482 5320 οὔτε
3517 5261 3746 5332 αύτοψεί
3783 5277 3834 5314 τι

2258 5366 2497 5421 τοιοῦτον
2525 5365 2663 5438 πρὸς
2691 5365 2793 5436 τῆς
2829 5364 2991 5432 ἁγίας
3021 5379 3115 5416 σου
3143 5361 3348 5432 ψυχῆς,
3380 5357 3498 5413 ἀλλ’
3527 5357 3655 5411 οὔτε
3698 5356 3834 5422 ἀπ’

2269 5458 2496 5528 κόαμεν,
2519 5456 2643 5512 οὔτε
2683 5453 3118 5529 νενουθετὴμεθα
3136 5471 3152 5486 ο
3177 5453 3272 5507 καὶ
3295 5451 3472 5514 οὓτως
3499 5451 3562 5506 τὺ
3597 5447 3837 5516 ἐνεγκεῖν

2269 5550 2562 5618 ἀπόφασιν.
2590 5547 2930 5619 Σκοπησάτω
2959 5547 2992 5616 ή
3024 5543 3299 5612 τελειότης
3329 5559 3446 5610 σου,
3474 5541 3522 5596 εί
3551 5540 3653 5596 οὐκ
3676 5538 3844 5606 ἀξίως

2268 5626 2510 5711 λυπηρὸν
2539 5637 2832 5708 γεγένηται
2857 5637 2967 5700 τοῖς
2998 5634 3204 5698 τέκνοις
3230 5649 3344 5687 σου.

653 5779 704 5862 "_'
729 5779 981 5856 Calabri,
1020 5785 1071 5843 8.
1163 5787 1199 5819 ⁷¹
1225 5786 1380 5844 loau.
1415 5800 1509 5853 vn,
1706 5787 1747 5817 ⁷²
1783 5780 1973 5839 Matth.
1997 5795 2150 5847 xvut,
2184 5779 2270 5836 l5.
