4044 6366
127 1015 135 1040 l

121 1266 146 1381 Ι

173 595 236 652 δι
265 599 356 652 ἐπ’
379 597 554 668 αὐτὴν
580 597 680 668 τὴν
696 597 905 670 ἀπολ.],
936 598 1056 670 Θεῷ
1089 615 1151 654 τε
1183 601 1262 672 τῷ
1285 607 1636 678 παντεφόρῳ,
1672 607 1766 660 καὶ

173 693 246 761 τῇ
267 687 651 761 ἀρχιερωσύνη
673 705 765 742 σου
789 689 1107 760 ποιούμενοι
1131 692 1226 746 τὸν
1255 693 1436 763 λόγον.
1462 698 1576 751 Οὐκ
1598 699 1767 762 ἐσμὲν

175 779 548 852 ἁποσχισταὶ,
575 773 622 835 ὦ
661 780 794 848 ἁγία
822 781 1055 853 κεφαλὴ,
1093 784 1195 855 τῆς
1227 784 1323 838 τοῦ
1357 786 1494 840 Θεοῦ
1536 789 1766 860 Ἐκκλη-

177 872 337 936 σίαςο
371 873 582 943 μήποτε
611 863 772 926 τοῦτο
797 873 1088 945 πάθοιμεν.
1132 875 1276 930 Ἀλλ’
1299 879 1348 931 εἰ
1378 880 1472 932 κα)⁸
1506 880 1682 944 ἄλλως
1707 884 1768 935 ἐν

176 962 400 1026 πολλοῖς
418 964 814 1048 ἁμαρτήμασιν
833 966 1179 1038 ύπάρχομεν,
1206 967 1347 1041 πλὴν
1375 970 1646 1042 ὀρθόδοξοι
1671 975 1767 1028 καὶ

175 1055 284 1126 τῆς
315 1054 609 1127 ωθολικῆς
655 1057 982 1128 Ἐκκλησίας
1009 1059 1302 1130 τρόφιμοι,
1343 1064 1526 1117 πᾶσαν
1555 1065 1767 1136 αἵρεσιν

177 1147 614 1218 ἀποσαλλόμενοι
636 1188 650 1211 ,
686 1149 785 1204 καὶ
837 1151 1021 1204 πᾶσαν
1072 1151 1366 1225 καθολικὴν
1403 1154 1496 1209 καὶ
1537 1155 1767 1226 τοπικὴν

177 1239 401 1294 σύνοδον
423 1241 828 1311 ἐγκεκριμένην
851 1241 1272 1314 ἀποδεχόμενοι·
1295 1245 1358 1298 οὐ
1387 1245 1493 1317 μὴν
1513 1245 1649 1299 ἀλλὰ
1671 1246 1767 1300 καὶ

177 1331 284 1396 τὰς
319 1331 451 1404 παρ’
497 1331 681 1386 αὐτῶν
734 1331 1139 1404 ἐκφωνηθείσας
1167 1335 1461 1400 κανονικὰς
1493 1336 1766 1390 διατυπὼ-

182 1439 322 1487 σεις.
350 1423 504 1495 Μηδὲ
532 1423 643 1495 γὰρ
669 1422 872 1476 τέλειον
899 1420 1040 1478 εἶναι
1066 1425 1368 1496 ὀρθόδοξον,
1393 1426 1509 1480 ἀλλ’
1540 1426 1601 1492 ἐξ
1637 1429 1768 1498 ήμι-

181 1515 364 1579 σείας,
387 1515 481 1570 τὸν
513 1514 616 1587 τὴν
659 1515 848 1569 πίστιν
878 1515 1046 1587 ὀρθὴν
1084 1516 1333 1587 οἰόμενον
1372 1517 1539 1588 ἐχειν,
1573 1519 1687 1581 τοῖς
1709 1517 1768 1572 δὲ

179 1608 350 1674 θείοις
379 1609 570 1664 κανόσι
607 1609 681 1681 μὴ
711 1609 1175 1679 ἁπευθυνόμενον.
1213 1611 1323 1664 Καὶ
1349 1611 1449 1682 τὴν
1501 1610 1767 1682 μακαριόα

177 1700 324 1770 τητά
355 1715 472 1766 σου,
504 1701 667 1772 ⁴ήνίκα
697 1699 1068 1772 προσεσλήθη,
1091 1700 1497 1773 ἀπεδεξάμεθα,
1525 1701 1668 1756 καθὰ
1689 1702 1768 1764 είς

179 1791 420 1864 ἐπήκοον
469 1792 644 1862 αὐτῆς
686 1791 1172 1863 ἁπελογησάμεθα.
1217 1792 1331 1846 Kal.
1373 1793 1440 1846 ἐκ
1497 1793 1618 1846 τότε
1671 1791 1788 1845 και

184 1853 350 1955 μέχρι
380 1882 476 1938 τοῦ
497 1853 659 1954 δεῦρο
689 1884 749 1936 ἐν
771 1885 840 1956 τῇ
871 1853 1234 1954 μυσταγωγία
1262 1883 1337 1947 ὡς
1373 1883 1606 1954 καθήκει
1636 1885 1768 1938 ἀνα-
1799 1853 1842 1914 Β

184 1977 468 2048 φέρομεν·
521 1976 618 2030 καὶ
668 1975 744 2040 ὡς
798 1977 1009 2047 μάρτυς
1045 1974 1280 2042 Θεὸς,ιεί
1316 1975 1440 2030 κατ’
1473 1977 1644 2046 αὐτὴν
1671 1975 1770 2047 τὴν

179 2067 399 2139 ἡμέραν
423 2065 659 2137 ἐζήτησε
693 2065 1028 2136 κοινωνῆσαι
1070 2067 1242 2135 ἡμᾶς,
1274 2065 1772 2137 συνεκοινωνοῦμεν

183 2157 254 2212 ἂν
286 2157 426 2228 αὐτῇ
458 2155 626 2228 μηδὲν
650 2155 1088 2227 διακρινόμενον
1123 2158 1245 2210 ἐπεὶ
1273 2157 1368 2210 καὶ
1401 2157 1612 2229 ποθητὴ
1639 2159 1771 2228 ἡμῖν

181 2247 246 2315 ἐξ
272 2248 468 2320 ἀρχῆς.
502 2240 578 2301 οὗ
611 2247 772 2318 χάριν
799 2248 856 2300 δέ
891 2247 954 2301 τὸ
987 2247 1414 2319 θρυλλούμενον,
1449 2248 1537 2302 διὰ
1567 2249 1659 2303 τὸν
1691 2251 1770 2302 οί-

185 2341 441 2410 κονόμον,
471 2339 532 2394 ὃν
561 2340 804 2411 καθῇρεν
827 2340 965 2412 αὐτὴ
1007 2343 1040 2412 ή
1081 2340 1332 2412 ἀλήθεια,
1367 2341 1584 2406 πολλοῖς
1614 2343 1773 2396 κανό-

186 2445 275 2483 σιν
297 2430 666 2485 ὑποπεσόντα·
696 2431 885 2503 ἐπειδὴ
928 2431 1024 2485 καὶ
1067 2431 1176 2504 πρὸ
1210 2432 1309 2503 τῆς
1343 2432 1618 2503 ἐμφανοῦς
1655 2450 1775 2504 μοι-

149 2550 165 2568 -
186 2522 368 2595 χείας,
401 2525 710 2596 μοιχεύοντι
760 2524 839 2597 τῷ
871 2524 1388 2593 προϐεϐασιλευκότι
1419 2527 1476 2578 ἐν
1498 2526 1774 2596 διαφόροις

188 2615 526 2687 προσώποις,
557 2619 620 2672 οὐ
657 2617 816 2689 μόνον
840 2613 910 2686 ἦν
938 2617 1293 2688 λειτουργῶν,
1318 2617 1415 2672 καλ⁸
1438 2617 1774 2688 μεταδιδοὺς,

186 2709 288 2762 καὶ
316 2708 762 2781 συνεστιώμενος,
790 2709 928 2764 ἀλλὰ
966 2710 1061 2764 καὶ
1095 2710 1196 2779 τὴν
1241 2709 1437 2780 μερίδα
1467 2711 1586 2779 μετ’
1609 2707 1774 2763 αὑτοῦ

187 2799 495 2871 τιθέμενος,
535 2801 595 2870 ἐξ
637 2794 700 2855 οῦ
736 2801 992 2872 καὶπρὸς
1023 2800 1124 2873 τὴν
1155 2801 1458 2870 ἀναφανδὸν
1485 2801 1776 2869 ἀσέλγειαν

189 2891 474 2964 πρόθυμος
497 2893 687 2962 γέγονε
703 2909 719 2926 ·
753 2893 1175 2964 καταφρονήσας
1194 2891 1328 2945 Θεοῦ
1365 2892 1459 2946 καὶ
1489 2891 1598 2944 τῶν
1617 2891 1778 2946 θείων

192 2984 504 3054 κριμάτων.
533 2984 646 3038 Καὶ
674 2985 763 3039 ἶνα
795 2983 1148 3056 ἐκδηλότερον
1169 2984 1254 3053 εἴη
1274 2983 1336 3036 τὸ
1363 2981 1656 3052 λεγόμενον
1676 2998 1690 3012 ·
1715 2984 1775 3038 ού

190 3075 332 3148 πρὸς
362 3075 600 3149 διδαχὴν,
627 3077 836 3146 ἄπαγε’
864 3075 980 3130 ἀλλ’
1016 3077 1050 3146 ἢ
1093 3075 1253 3147 μόνον
1278 3074 1417 3147 πρὸς
1445 3075 1775 3146 ὑπόμνησιν,

191 3168 391 3241 αὐτὴν,
429 3172 479 3224 εί
509 3169 743 3236 κελεύει,
773 3169 872 3241 τὴν
911 3168 1052 3223 κατὰ
1085 3168 1184 3238 τὴν
1231 3169 1564 3240 στεφανικὴν
1610 3169 1776 3224 συνά-

193 3277 378 3330 φειαν,
412 3261 565 3330 ίερὰν
597 3261 990 3330 μυσταγωγίαν
1029 3259 1388 3330 ἀναλήψεται,
1434 3261 1529 3314 καὶ
1569 3261 1775 3314 κατίδοι

192 3351 364 3407 πόσον
408 3354 554 3408 ἐστὶν
603 3354 836 3409 ἐνταῦθα
869 3352 1165 3407 ὑπολαϐεῖν
1187 3353 1280 3406 τὸν
1303 3351 1652 3424 παροξυσμὸν
1681 3351 1776 3406 τοῦ

195 3445 359 3514 ἁγίου
392 3446 710 3518 Πνεύματος
752 3448 810 3499 ἐν
854 3449 975 3510 ταῖς
1015 3447 1298 3510 τοιαύταις
1335 3445 1774 3514 ἐναντιολογίαις.

193 3539 422 3603 Πάντως
443 3539 554 3612 γὰρ
581 3541 681 3594 ὅσα
715 3541 746 3599 ό
789 3540 968 3610 ἱερεὺς
999 3539 1311 3607 ὑποφαίνει,
1331 3537 1504 3593 ταῦτα
1536 3539 1629 3592 καὶ
1647 3537 1779 3602 Θεὸς

195 3630 401 3703 κυροῦν
456 3630 886 3700 ἐπαγγέλλεται,
920 3630 1064 3684 κατὰ
1113 3630 1205 3684 τὸν
1266 3630 1439 3702 μέγαν
1483 3630 1776 3684 Διονύσιον.

207 3721 372 3777 Ἀλλὰ
410 3721 498 3775 διὰ
550 3722 707 3775 τοῦτο
737 3721 973 3792 δεόμεθά
1018 3739 1112 3775 σου
1154 3722 1255 3790 τῆς
1297 3721 1656 3790 τελειότητος,
1689 3720 1781 3774 τὸν

193 3813 304 3868 ὑπὸ
347 3812 460 3868 τῶν
514 3813 755 3867 κανόνων
802 3813 1204 3885 καθῃρημένον,
1237 3814 1331 3868 καὶ
1381 3813 1486 3868 ὑπὸ
1521 3812 1615 3866 τοῦ
1649 3829 1782 3884 προ-

190 3902 552 3976 ηγησαμένου
573 3903 671 3974 τὴν
696 3905 1007 3976 ἁγιωσύνην
1025 3923 1138 3972 σου,
1157 3905 1442 3978 εἱρχθέντα
1471 3904 1610 3968 ὅλοις
1629 3905 1783 3959 ἐννέα

193 3993 368 4059 ἔτεσι,
421 3995 629 4050 παῦσαι
688 3997 790 4069 τής
843 3995 1177 4069 ἱερουργίας,
1225 3996 1552 4068 παραλόγως
1607 3995 1782 4050 εἰσελ-

194 4085 386 4142 θόντα.

269 4179 437 4250 ’Δρτι
481 4179 588 4250 γὰρ
640 4179 700 4233 τὸ
740 4179 998 4234 ταπεινὸν
1048 4180 1224 4252 στόμα
1271 4180 1430 4251 ήμῶν
1471 4178 1783 4250 ήνοίξαμεν,

197 4267 366 4339 ήνίκα
418 4269 811 4340 ἐνεκλήθημεν.
853 4269 1120 4341 Ὀπηνίκα
1151 4269 1261 4341 γὰρ
1307 4270 1551 4338 ἐγεγόνει
1593 4271 1626 4341 ή
1664 4287 1788 4323 συνο

194 4359 412 4422 έλευσις
443 4359 627 4430 ἐκείνη
653 4362 687 4431 ἡ
720 4359 912 4432 μικρὰ,
937 4362 1034 4414 καὶ
1060 4360 1161 4414 οὐκ
1188 4357 1282 4413 οἶδ’
1310 4361 1468 4415 ὁποία
1488 4361 1660 4414 εἰπεῖν
1677 4376 1694 4392 ο
1723 4361 1787 4414 ἐκ

195 4453 302 4522 τῆς
329 4452 580 4520 φυλακῆς
619 4452 768 4523 ήμην
804 4453 925 4507 κατ’
957 4453 1088 4507 αὐτὸ
1118 4450 1477 4524 ἐξεληλυθὼς.
1508 4453 1619 4506 Καὶ
1662 4451 1786 4505 ἐπεὶ

1413 403 1956 467 EPISTOLARUM
1989 407 2138 468 LIB.
2178 407 2230 470 Ι.

253 505 451 578 Ἰημεν
491 503 551 560 δὲ
593 505 682 560 ἐπ’
734 506 906 576 αὐτῆς
952 507 1053 579 τῆς
1101 506 1397 580 ἀπολογίας
1436 514 1536 586 [αι.
1573 517 1771 588 Ἴωμεν
1800 522 1846 576 Α

3343 409 3452 472 990

1977 515 2137 572 Nunc
2158 525 2342 571 autem
2397 514 2676 587 pergimus
2719 515 2785 570 ad
2835 515 3217 587 purgationem
3265 532 3450 574 coram

1869 607 1981 664 Deo
2013 610 2106 680 qui
2143 608 2325 664 omnia
2355 607 2550 675 cernit,
2583 617 2637 663 et
2664 622 2849 662 coram
2881 607 3331 678 archiprmsulatu
3357 620 3451 667 tuo

1865 702 2033 756 verba
2071 702 2286 757 facturi.
2319 700 2438 756 Non
2471 717 2659 756 sumus
2717 701 3070 771 aposcbistae,
3125 717 3159 756 ο
3198 711 3448 756 sanctum

1866 802 2052 863 caput,
2077 794 2144 848 ab
2174 793 2418 867 Ecclesia
2440 793 2534 848 Dei
2569 809 2584 847 :
2622 792 2764 848 absit
2799 801 2858 846 ut
2913 791 2966 847 id
2999 808 3235 862 unquam
3289 792 3450 847 nobis

1865 885 2080 939 eveniat
2108 887 2120 940 ι
2165 883 2272 940 Sed
2303 869 2602 955 quamlibet
2647 884 2767 938 aliis
2797 883 3048 954 plurimis
3078 884 3316 954 peccatis
3349 885 3450 940 ob-

1867 978 2014 1032 noxii
2044 987 2346 1043 teneamur,
2380 992 2570 1032 sumus
2596 985 2835 1031 attamen
2880 976 3192 1039 orthodoxi,
3229 985 3284 1031 et
3347 975 3451 1032 Ec-

1867 1070 2046 1124 clesia:
2096 1069 2384 1125 catholica:
2433 1068 2660 1147 alumni,
2718 1068 2970 1123 haeresim
3009 1083 3228 1123 omnem
3286 1084 3450 1140 repu-

1867 1161 2098 1225 diantcs,
2131 1174 2458 1230 omnemque
2510 1161 2874 1232 universalem
2920 1168 2974 1214 et
3002 1159 3231 1214 localem
3280 1174 3447 1230 syno-

1867 1254 1998 1309 dum
2030 1252 2387 1323 approbatam
2445 1251 2776 1322 recipientes
2811 1268 2826 1318 ;
2876 1266 2980 1306 nec
3026 1267 3138 1306 non
3173 1251 3348 1306 editas
3379 1251 3450 1306 ab

1868 1344 1973 1399 illis
2005 1343 2296 1398 canonicas
2349 1341 2812 1398 constitutiones:
2845 1357 3025 1410 neque
3069 1341 3215 1396 enim
3267 1340 3451 1410 perfe—

1867 1443 2016 1490 ctum
2057 1447 2179 1488 esse
2224 1431 2612 1495 orthodoxum,
2643 1429 2737 1484 sed
2774 1428 3136 1494 dimidiatum,
3163 1429 3254 1498 qui
3287 1427 3450 1484 ﬁdem

1867 1525 2092 1596 quidem
2139 1530 2346 1578 rectam
2398 1522 2599 1576 habere
2649 1521 2922 1584 videatur,
2977 1521 3175 1576 divinis
3201 1537 3331 1576 vero
3361 1536 3452 1575 ca-

1867 1616 2109 1672 nonibus
2149 1629 2260 1670 non
2295 1623 2536 1684 regatur.
2569 1613 2969 1669 Beatitudinem
3034 1621 3204 1679 tuam,
3234 1613 3452 1683 quando

1867 1717 2118 1782 promota
2163 1708 2285 1774 fuit,
2309 1707 2672 1776 suscepimus,
2702 1705 3162 1776 quemadmodum
3191 1706 3370 1776 palam
3398 1705 3450 1760 ei

1869 1801 2050 1856 testati
2093 1815 2303 1855 sumus.
2357 1797 2424 1853 Et
2453 1813 2520 1852 ex
2581 1813 2647 1852 eo
2704 1805 2948 1866 tempore
3003 1795 3056 1850 in
3103 1796 3249 1850 hunc
3280 1811 3452 1865 usque

1872 1893 2039 1959 diem,
2077 1892 2134 1946 in
2185 1890 2510 1963 mystagogia
2565 1903 3074 1953 commemoramus,
3107 1896 3165 1942 ut
3187 1902 3282 1958 par
3332 1895 3450 1952 est,

1871 1993 1946 2051 et,
1980 1985 2120 2040 sicut
2150 1983 2303 2039 testis
2327 1993 2409 2038 est
2440 1983 2602 2048 Deus,
2637 1982 2681 2036 si
2733 1980 2830 2035 illo
2896 1980 2984 2036 die
3046 1979 3452 2034 communicare

1871 2093 1976 2134 nos
2004 2076 2286 2139 voluisset,
2329 2076 2892 2130 communicassemus
2953 2073 3115 2143 plane
3145 2087 3268 2127 cum
3312 2073 3449 2142 ipsa,

1872 2165 2011 2220 nihil
2057 2165 2467 2228 discernentes;
2526 2177 2652 2217 cum
2685 2159 3046 2216 desideranda
3073 2160 3233 2214 nobis
3290 2159 3454 2214 fuerit

1873 2257 1944 2311 ab
1976 2255 2153 2310 initio.
2224 2255 2302 2310 De
2347 2266 2635 2308 uaconomo
2665 2259 2870 2316 autem,
2909 2248 3067 2319 cujus
3131 2262 3296 2302 causa
3336 2246 3454 2301 haec

1870 2347 2166 2418 iactantur,
2223 2359 2387 2414 quem
2430 2342 2631 2398 veritas
2673 2342 2790 2412 ipsa
2823 2340 3098 2410 deposuit,
3133 2339 3318 2394 multis
3351 2354 3446 2394 ca-

1873 2436 2111 2492 nonibus
2147 2434 2462 2497 obnoxium,
2501 2448 2624 2487 cum
2657 2432 2742 2486 vel
2770 2440 2899 2485 ante
2954 2441 3206 2500 apertum
3241 2430 3454 2484 adulte-

1875 2529 2187 2594 rium,cum
2233 2526 2600 2581 moecharetur
2657 2525 2712 2577 in
2775 2523 2942 2579 variis
2974 2522 3222 2592 personis
3253 2529 3480 2593 praece-‘

1877 2623 2013 2678 dens
2071 2621 2394 2691 imperator,
2450 2634 2560 2672 non
2610 2617 2786 2671 solum
2841 2613 3154 2670 sacriﬁcarit
3214 2613 3348 2684 ipse,
3400 2622 3456 2668 et

1876 2712 2316 2769 communionem
2345 2708 2728 2779 impertiverit,
2765 2691 2819 2761 et
2845 2722 2951 2760 una
2975 2705 3222 2776 epulatus
3247 2705 3337 2772 sit,
3357 2704 3455 2760 sed

1877 2811 2087 2874 partem
2121 2801 2286 2856 etiam
2341 2815 2465 2854 cum
2517 2813 2582 2852 eo
2603 2796 2878 2867 posuerit;
2914 2796 3059 2850 unde
3089 2804 3144 2848 et
3171 2803 3456 2864 promptus

1878 2895 2087 2952 exstitit
2145 2895 2210 2949 ad
2249 2893 2520 2964 publicam
2566 2889 3034 2956 incontinentiam,
3105 2889 3272 2944 Deum
3328 2903 3458 2942 con-

1880 2999 2130 3044 temnens
2158 2996 2212 3040 et
2247 2986 2430 3041 divina
2489 2983 2712 3056 judicia.
2775 2982 2951 3051 Atque
3008 2990 3070 3036 ut
3119 2980 3458 3035 manifestius

1879 3078 1992 3142 ﬁat,
2032 3077 2175 3148 quod
2197 3075 2413 3138 dicitur,
2444 3089 2553 3130 non
2570 3072 2799 3130 docendi
2813 3071 3016 3134 studio,
3047 3069 3218 3124 absit!
3243 3067 3337 3122 sed
3370 3081 3460 3120 re-

1803 3201 1847 3259 c
1879 3169 2146 3226 novandae
2171 3167 2447 3223 memoriae
2493 3168 2684 3239 gratia,
2737 3168 2911 3238 ipsam
2957 3165 3003 3220 si
3055 3162 3266 3234 placet,
3289 3173 3408 3228 quae
3440 3199 3456 3223 ,

1880 3262 2009 3318 dum
2048 3270 2379 3317 coronantur
2425 3262 2629 3331 sponsi,
2679 3269 2990 3330 usurpatur,
3071 3252 3461 3326 mystagogiam

1879 3370 2089 3411 sacram
2113 3363 2376 3420 resumat,
2400 3355 2766 3424 etperspiciet
2808 3361 3071 3424 quantam
3113 3347 3245 3402 hinc
3285 3343 3462 3412 conji-

1878 3461 2002 3504 cere
2023 3447 2183 3502 liceat
2227 3445 2464 3516 Splritus
2500 3448 2672 3503 sancti
2724 3443 3153 3517 indignationem
3192 3439 3247 3493 in
3297 3436 3463 3493 tantis

1865 3536 2419 3595 contradictionibus.
2453 3537 2685 3591 Omnino
2718 3535 2862 3591 enim
2893 3543 3230 3604 quaecunque
3279 3542 3462 3582 sacer-

1878 3627 1976 3683 dos
2020 3631 2370 3700 pronuntiat,
2403 3645 2468 3684 ea
2513 3628 2864 3698 impleturum
2904 3642 2964 3680 se
2995 3621 3270 3695 promittit
3313 3624 3464 3678 Deus

1876 3727 2029 3797 juxta
2051 3741 2303 3797 magnum
2359 3722 2693 3794 Dionysium.
2718 3719 3011 3790 Propterea
3029 3736 3158 3791 ergo
3207 3735 3464 3792 rogamus

1883 3819 2276 3891 perfectionem
2313 3825 2483 3879 tuam,
2516 3821 2578 3869 ut
2624 3814 2932 3888 depositum
2969 3828 3000 3868 a
3039 3813 3362 3878 canonibus,
3407 3820 3464 3867 et

1884 3929 1914 3968 a
1944 3912 2347 3983 praedecessore
2412 3904 2718 3962 sanctitatis
2781 3914 2886 3960 tuae
2937 3904 3273 3974 prohibitum
3335 3903 3465 3958 totis

1884 4019 2081 4060 novem
2109 4001 2294 4066 annis,
2321 4008 2520 4069 praeter
2543 3997 2810 4052 rationem
2875 3997 3206 4069 ingressum,
3250 4010 3466 4051 cessare

1879 4096 2075 4168 iubeas
2104 4108 2135 4148 a
2179 4089 2501 4147 sacerdotio.

1953 4183 2112 4237 Nunc
2165 4179 2438 4249 siquidem
2473 4176 2678 4231 humile
2704 4188 2766 4229 os
2805 4182 3053 4228 nostrum
3109 4173 3421 4242 aperuimus
3443 4213 3460 4240 ,

1885 4270 2102 4342 quando
2130 4265 2304 4323 vocati
2341 4263 2564 4319 fuimus.
2618 4263 2754 4318 Cum
2801 4262 2946 4318 enim
3000 4261 3175 4316 factus
3203 4269 3286 4316 est
3333 4275 3466 4315 con-

1885 4372 2082 4421 ventus
2112 4363 2201 4418 ille
2221 4375 2441 4432 parvus,
2464 4366 2520 4413 et
2548 4360 2732 4412 nescio
2760 4372 2869 4426 quo
2907 4355 3128 4411 nomine
3155 4354 3420 4426 appellem
3445 4371 3462 4420 ;

1887 4471 1957 4512 ex
2011 4467 2230 4510 carcere
2281 4465 2378 4522 per
2425 4449 2568 4504 idem
2615 4456 2828 4518 tempus
2883 4447 3148 4502 redieram
3184 4464 3197 4500 :
3233 4461 3466 4515 cumque

198 4543 398 4614 ἐώρων
435 4543 658 4608 τούτους
697 4544 1189 4616 συνηθροισμένους
1219 4545 1347 4607 τοὺς
1380 4544 1473 4597 καὶ
1517 4543 1779 4613 πρότερον

1887 4547 2127 4602 viderem
2149 4558 2243 4599 eos
2276 4555 2398 4596 esse
2424 4549 2782 4610 congregatos
2803 4579 2818 4604 ,
2871 4540 2964 4608 qui
3005 4537 3332 4592 adulterium
3366 4552 3465 4590 an-

199 4633 305 4704 τὴν
337 4633 588 4703 μοιχείαν
617 4634 1106 4706 καταδεξαμένους,
1139 4635 1234 4689 καὶ
1261 4635 1352 4688 τὸν
1387 4634 1780 4704 μοιχοζεύκτην

199 4723 624 4794 ἀσπαζομένους
643 4739 658 4755 ⁶
677 4727 956 4797 ἐμνήσθην
977 4725 1070 4780 τοῦ
1087 4725 1427 4798 προφητικοῦ
1443 4726 1674 4792 ἐκείνου,
1699 4727 1781 4780 ὅτι

194 4813 272 4898 ςο
302 4815 535 4870 συνιὼν
573 4816 644 4870 ἐν
675 4815 756 4882 τῷ
801 4816 986 4886 καιρῷ
1025 4819 1238 4887 ἐκείνῳ
1269 4819 1661 4886 σιωπήσεται,
1694 4820 1784 4874 ὅτι

197 4907 415 4975 καιρὸς
425 4909 691 4976 πονηρός
702 4909 893 4964 ἐστιν.
911 4909 1048 4963 Ἀλλ’
1063 4911 1186 4964 ἐπεὶ
1198 4913 1226 4964 ὁ
1237 4911 1398 4974 αὐτὸς
1409 4911 1576 4980 λέγει·
1595 4911 1786 4964 Ἐσιὼο

196 5013 360 5068 πησα
377 5014 392 5029 ο
414 4997 490 5070 μὴ
503 4999 599 5053 καὶ
618 5000 704 5053 ἀεὶ
731 5001 1079 5070 σιωπήσομαι
1099 5019 1113 5065 ;
1135 5001 1224 5054 διὰ
1237 5000 1394 5056 τοῦτο
1415 5003 1474 5054 ἐν
1499 5001 1676 5073 καιρῷ
1696 5003 1788 5056 εύ-

199 5087 352 5160 θέτῳ
373 5089 804 5162 συκοφαντηθεὶς
824 5092 1100 5162 ἀνήνεγκα
1120 5093 1188 5145 τὰ
1213 5092 1595 5164 παριστάμενα
1617 5111 1631 5126 ’
1662 5093 1784 5147 ἐπεὶ

194 5180 268 5236 τὸ
303 5181 428 5234 ὅσον
476 5183 534 5234 ἐν
581 5181 726 5253 ἐμοὶ,
753 5184 918 5236 παντὶ
949 5184 1137 5255 τρόπῳ
1177 5184 1531 5254 ἐφυλαξάμην
1571 5188 1630 5238 ἐν
1669 5188 1783 5250 τοῖς

197 5269 364 5325 δυσὶν
405 5267 554 5327 ἔτεσι
593 5271 827 5338 τούτοις,
868 5271 944 5344 μή
988 5273 1068 5336 είς
1100 5273 1382 5342 προῦπτον
1425 5275 1654 5345 ἐκϐῆναι
1691 5274 1793 5344 τὴν

199 5361 473 5418 ὑπόθεσιν
497 5379 512 5394 ·
548 5364 726 5418 ἐκεῖνο
766 5365 826 5417 ἐν
863 5363 1086 5435 ἐμαυτῷ
1129 5365 1326 5434 λέγων,
1377 5368 1483 5435 ὅτι,
1525 5367 1652 5420 ἐπεὶ
1694 5367 1794 5420 οὒκ

200 5452 332 5524 εἰμὶ
382 5453 684 5508 ἐπισκόπου
721 5453 861 5524 ἔχων
899 5453 1115 5525 ἀξίωμα
1160 5455 1462 5526 δυνάμενος
1510 5455 1789 5525 ἐλέγχειν·

200 5543 447 5616 ἀρκετόν
495 5562 585 5614 μοι
617 5547 653 5616 ἡ
689 5545 865 5600 οίκεία
890 5545 1127 5618 φυλακή,
1158 5549 1253 5600 καὶ
1291 5549 1353 5601 τὸ
1388 5547 1465 5619 μή
1505 5548 1795 5618 μετασχεῖν

206 5650 284 5707 με
313 5633 415 5704 τῆς
439 5651 502 5688 τε
530 5635 740 5690 ἐκείνου
774 5636 1079 5701 κοινωνίας,
1110 5637 1331 5692 καὶτῶν
1356 5638 1548 5710 ἐκείνῳ
1572 5639 1630 5692 ἐν
1653 5636 1795 5708 γνὼ-

204 5741 296 5778 est
334 5724 912 5799 συλλειτουργούντων,
943 5728 1050 5794 ἕως
1076 5727 1143 5783 ἂν
1172 5731 1238 5784 ἐκ
1281 5729 1448 5799 μέσου
1480 5729 1706 5801 γένηται
1734 5728 1794 5782 τὸ

279 5842 513 5902 "Amos
551 5864 605 5910 v.
645 5847 728 5903 l5.
803 5848 848 5880 ⁷⁵
880 5848 981 5905 lsa.
1012 5863 1116 5904 xui
1183 5847 1263 5902 ll.

815 6100 823 6108 υ

1890 4647 1976 4694 tea
2014 4640 2386 4706 susceperant,
2438 4640 2494 4691 et
2524 4633 2758 4687 adulteri
2828 4631 3202 4702 c0pulatorem
3251 4628 3468 4682 fuerant

1887 4728 2186 4799 complexi;
2214 4729 2364 4784 venit
2403 4729 2534 4783 mihi
2573 4728 2624 4780 in
2671 4734 2912 4780 mentem
2952 4723 3096 4776 illius
3161 4720 3290 4776 dicti
3339 4734 3467 4790 pro-

1889 4819 2134 4891 phetici:
2190 4821 2416 4890 Sapiens
2465 4821 2518 4873 in
2538 4819 2630 4873 illo
2693 4828 2924 4886 tempore
2977 4814 3168 4878 silebit,
3218 4813 3466 4882 quoniam

1893 4921 2094 4981 tempus
2119 4912 2316 4967 malum
2345 4922 2420 4967 est
2451 4914 2517 4967 ⁷³.
2548 4911 2655 4966 Sed
2685 4925 2810 4966 cum
2842 4909 2987 4964 dicat
3017 4906 3159 4962 idem
3185 4923 3199 4960 :
3255 4903 3422 4960 Tacui
3449 4945 3464 4969 ,

1889 5004 2137 5074 nunquid
2155 5019 2372 5076 semper
2394 5005 2583 5060 tacebo
2603 5004 2651 5037 "
2676 5004 2702 5056 ?
2734 5009 3022 5073 propterea
3057 5007 3302 5069 tempore
3329 5011 3468 5051 con-

1889 5093 2129 5164 gruenti,
2176 5092 2446 5147 calumnia
2492 5105 2736 5162 pressus,
2790 5089 2907 5144 hzec
2937 5087 3172 5142 tamdem
3227 5084 3465 5156 protuli;

1884 5185 2032 5257 quia,
2054 5192 2315 5256 quantum
2335 5184 2390 5239 in
2421 5200 2508 5239 me
2532 5182 2653 5249 fuit,
2675 5182 2821 5238 omni
2851 5180 3056 5236 ratione
3078 5178 3193 5236 cavi
3223 5175 3305 5231 bis
3331 5176 3469 5257 duo-

1887 5276 1991 5332 bus
2024 5276 2204 5341 annis,
2257 5291 2327 5330 ne
2382 5290 2471 5330 res
2517 5275 2571 5328 in
2602 5283 2846 5344 apertum
2878 5271 3144 5343 prodiret.
3171 5268 3302 5324 illud
3352 5281 3469 5322 me-

1891 5380 2019 5420 cum
2079 5365 2351 5422 volvens:
2415 5363 2858 5434 quandoquidem
2921 5359 3162 5433 episcopi
3213 5355 3470 5428 dignitate

1887 5457 2150 5526 praeditus
2192 5472 2305 5512 non
2335 5471 2536 5524 essem,
2568 5466 2628 5512 ut
2671 5455 2938 5530 arguendi
2973 5453 3204 5510 habeam
3232 5454 3470 5521 potesta-

1893 5556 2004 5604 tem
2031 5589 2048 5616 ,
2072 5549 2322 5606 suﬁicere
2377 5548 2422 5605 si
2449 5565 2539 5606 me
2593 5548 2711 5620 ipse
2761 5547 3085 5613 custodiam,
3116 5553 3174 5600 et
3207 5557 3318 5598 non
3347 5555 3470 5610 par-

1899 5639 2122 5712 ticipem
2151 5641 2298 5698 illius
2327 5641 2724 5707 communioni,
2771 5655 3071 5710 eorumque
3096 5639 3187 5708 qui
3233 5634 3472 5692 scientes

1900 5747 2025 5788 cum
2047 5747 2113 5789 eo
2138 5748 2290 5789 sacra
2332 5733 2556 5800 faciunt,
2607 5734 2783 5806 quoad
2822 5731 3136 5790 scandalum
3178 5731 3245 5786 de
3292 5728 3470 5786 medio
