4044 6366
603 329 708 400 991

1805 340 1866 403 S.
1905 337 2300 401 THEODORI
2333 335 2679 398 STUDI’I‘IE

3769 337 3881 404 992

607 446 845 504 tollatur.
877 445 993 503 Hoc
1017 445 1184 520 igitur
1212 463 1435 506 oramus
1466 456 1523 504 et
1554 448 1913 516 obtestamur,
1955 459 2016 506 ut
2051 466 2176 521 per-

2299 447 2596 501 πκάνδαλον.
2626 441 2797 498 Τοῦτο
2826 441 3006 496 τοίνυν
3030 439 3461 512 παρακαλοῦμεν
3487 441 3585 496 καὶ
3612 442 3876 516 δεόμεθα,

606 539 821 596 suaderi
851 539 957 594 sibi
985 539 1128 596 sinat
1150 551 1340 596 sancta
1365 540 1547 595 anima
1570 549 1681 604 tua,
1725 541 1888 596 istum
1914 543 2188 598 hominem

607 630 887 696 coerceri,
926 646 996 687 ne
1028 632 1370 702 vituperetur
1408 631 1754 701 ineulpabilis
1782 634 2042 688 sanctitas
2065 643 2187 700 tua,

606 737 678 778 ne
707 722 979 793 polluatur
1024 723 1270 778 divinum
1312 725 1480 780 altare
1519 723 1752 793 depositi
1814 725 2054 780 hominis
2087 726 2190 780 mi-

607 813 858 878 nisterio,
917 829 988 869 ne
1026 815 1264 885 denique
1328 815 1576 869 oriantur
1623 814 1785 883 justas
1835 817 2187 872 schismatum

608 907 943 962 occasiones.
983 905 1124 961 Vere
1172 907 1316 962 enim
1351 917 1407 961 et
1455 907 1666 962 sincere
1698 907 1799 962 hoc
1835 909 1974 964 sciat
2017 910 2189 965 beati-

610 995 740 1048 tudo
769 1003 879 1058 tua,
910 994 1055 1064 quod
1117 995 1222 1050 nisi
1283 997 1399 1051 haec
1431 999 1502 1052 ita
1540 1000 1675 1057 (iant
1722 999 1893 1056 Deum
1951 1001 2189 1056 amantis

607 1086 802 1140 animae
829 1093 933 1140 tute
964 1094 1122 1154 nutu,
1148 1095 1204 1141 et
1239 1088 1606 1157 piissimorum
1637 1109 1700 1150 ac
1734 1094 2188 1164 triumphatorum

607 1175 999 1246 imperatorum
1027 1184 1337 1234 nostrorum
1364 1198 1379 1247 ;
1415 1185 1532 1239 zelo
1556 1185 1822 1256 siquidem
1852 1187 1996 1256 pleni
2017 1195 2146 1242 sunt
2171 1203 2187 1252 ;

609 1268 678 1324 de
703 1268 862 1324 nobis
902 1269 1124 1338 quidem
1176 1287 1275 1341 pro
1335 1276 1592 1332 mandato
1649 1279 2016 1349 pugnantibus
2059 1279 2189 1350 quid

608 1358 850 1416 futurum
878 1359 972 1430 sit,
997 1362 1141 1420 Deus
1166 1363 1357 1421 novit:
1386 1367 1622 1424 schisma
1668 1380 1872 1435 autem,
1907 1369 2018 1425 Deo
2052 1378 2190 1426 teste

611 1449 908 1525 electisque
937 1456 1144 1528 angelis
1173 1456 1316 1526 ejus,
1359 1473 1618 1530 magnum
1679 1459 1774 1516 [let
1817 1459 1874 1516 in
1947 1461 2188 1516 Ecclesia

611 1553 819 1601 nostra.
875 1545 980 1605 Sed
1025 1547 1304 1613 miserere,
1344 1558 1530 1620 pastor
1585 1551 1730 1607 bone
1763 1593 1780 1618 ,
1825 1553 1920 1608 sed
1968 1555 2186 1624 adjuva,

610 1634 789 1702 perite
837 1640 1071 1707 medice,
1101 1655 1320 1712 gregem
1359 1650 1511 1697 tuum
1535 1681 1550 1706 ,
1587 1658 1717 1699 oves
1743 1653 1882 1710 tuas,
1917 1645 2189 1702 Ecclesias

610 1730 754 1793 tuas,
789 1731 1073 1802 sapientiai
1100 1740 1207 1788 tua:
1248 1733 1426 1788 modis
1447 1774 1462 1798 ,
1494 1735 1798 1804 prudentiae
1857 1746 1964 1793 tuae
1984 1740 2184 1797 verbis.

2289 534 2679 607 δυσωπηθῆναί
2710 550 2805 587 σου
2835 532 2932 604 τὴν
2954 531 3115 600 ἁγίαν
3138 532 3316 603 ψυχὴν
3341 533 3758 604 παρασταλῆναι
3781 535 3879 590 τδν

2289 630 2478 701 ἄνδρα.
2511 627 2656 700 Πρὸς
2682 625 2744 680 τδ
2769 625 2843 697 μὴ
2879 623 3186 697 μωμείσθαί
3210 641 3303 676 σου
3331 625 3431 696 τὴν
3459 625 3702 697 ἄληπτον
3728 627 3880 682 60:6-

2288 738 2428 794 τητα
2449 738 2462 753 ο
2498 719 2636 792 μηδὲ
2678 718 2999 789 χραίνεσθαι
3041 716 3102 771 τὸ
3129 715 3273 770 θεῖον
3309 715 3700 789 θυσιαστήριον
3733 719 3876 773 καθ-

2289 813 2572 886 ῃρημένου
2625 810 2966 882 λειτουργίᾳ·
3015 809 3150 880 μηδὲ
3195 804 3335 864 εἶναι
3379 811 3558 876 αίτίας
3615 811 3880 882 εὐλόγους

2293 907 2629 977 σχισμόυτων.
2662 902 2983 957 Γινωσκέτω
3015 901 3127 972 γὰρ
3153 901 3399 970 ἁψευδῶς
3428 903 3523 956 καὶ
3550 903 3880 973 ἀκραιφνῶς

2291 1001 2324 1070 ἡ
2367 997 2705 1070 μακαριότης
2741 1013 2858 1058 σου,
2889 996 2995 1059 ὃτι,
3026 996 3075 1048 ιι
3107 994 3182 1066 μὴ
3213 995 3371 1048 τοῦτο
3412 995 3642 1066 γένηται
3692 994 3880 1050 νεύσει

2291 1089 2389 1142 καὶ
2416 1089 2514 1158 τῆς
2547 1086 2798 1156 φιλοθέου
2825 1083 3006 1156 ψυχῆς
3050 1085 3145 1138 καὶ
3185 1084 3296 1137 τῶν
3335 1083 3747 1140 εὐσεϐεστάτων
3781 1087 3881 1140 καὶ

2291 1180 2618 1235 καλλινίκων
2661 1177 2818 1249 ἡμῶν
2867 1176 3132 1246 βασιλέων
3174 1174 3441 1246 (ζηλωταὶ
3475 1175 3588 1248 γάρ
3631 1175 3786 1246 είσι),
3817 1177 3878 1231 τὸ

2294 1273 2392 1344 μὲν
2415 1271 2682 1342 ἡμέτερον
2703 1270 2852 1333 ὅπως
2870 1267 2936 1322 ἂν
2964 1267 3076 1332 ἕξει
3106 1266 3249 1338 ὑπὲρ
3278 1267 3376 1338 τῆς
3403 1267 3629 1338 ἐντολῆς
3655 1269 3880 1322 tutata.-

2294 1363 2493 1434 μένων,
2528 1359 2646 1432 Θεῷ
2675 1358 3018 1429 ἐγνωσμένον
3039 1373 3055 1390 ⁸
3092 1357 3298 1429 σχίσμα
3322 1358 3378 1411 δὲ
3411 1359 3577 1428 μέγα,
3602 1359 3709 1413 ὐπὸ
3733 1359 3880 1429 μάρ-

2287 1469 2412 1525 τυρι
2434 1450 2552 1522 Θεῷ
2578 1451 2672 1504 καὶ
2705 1447 2979 1504 ἐκλεκτῶν
3000 1447 3165 1502 αὐτοῦ
3199 1449 3472 1517 ἀγγέλων,
3499 1451 3796 1520 γενήσεται
3819 1452 3880 1503 ἓν

2289 1544 2356 1614 τῇ
2383 1541 2506 1596 καθ’
2549 1543 2702 1613 ἡμᾶς
2744 1539 3062 1612 Ἐκκλησία.
3103 1539 3242 1594 Ἀλλ’
3266 1541 3512 1611 ἐλέησον,
3534 1541 3563 1595 ό
3601 1543 3810 1612 ποιμὴν
3849 1544 3880 1596 ό

2291 1632 2478 1696 καλὸς,
2510 1633 2648 1687 ἀλλὰ
2671 1631 2958 1704 βοήθησον,
2987 1633 3016 1685 ό
3045 1631 3228 1703 ίατρδς
3247 1635 3275 1686 ό
3299 1634 3640 1704 ἐπιστήμων,
3665 1635 3734 1705 τῇ
3759 1634 3882 1689 ποι-

2295 1740 2403 1798 μνῃ
2431 1742 2548 1791 σου,
2576 1724 2645 1780 τὰ
2671 1725 2923 1797 πρόσατά
2955 1741 3071 1792 σου,
3105 1725 3204 1788 τὰς
3245 1725 3572 1795 Ἐκκλησίας
3603 1742 3720 1791 σου,
3749 1727 3882 1798 τρό-

610 1818 869 1876 remediis
898 1819 1031 1876 artis
1065 1830 1172 1876 tua:
1208 1839 1222 1876 :
1285 1835 1440 1878 ovem
1499 1840 1664 1881 unam
1704 1826 1937 1882 exclude
1991 1843 2022 1882 a
2070 1827 2186 1882 solo

2299 1791 2414 1880 ὲτοίξ
2459 1817 2652 1886 σοφίας
2695 1791 2814 1882 σου,
2857 1791 3061 1884 λόγοις
3086 1814 3354 1880 συνέσεώς
3395 1791 3513 1880 σου,
3559 1791 3880 1887 φαρμάκοις

611 1911 879 1968 sacriﬁcio
904 1953 921 1979 ,
939 1922 993 1968 et
1026 1915 1310 1970 universas
1353 1915 1589 1972 lucrare.
1627 1917 1693 1972 Et
1722 1934 1790 1973 ne
1820 1919 1984 1974 unius
2008 1920 2189 1975 scabie

2299 1909 2530 1980 ἰατρείας
2585 1923 2709 1962 σουο
2752 1907 2814 1962 τὸ
2857 1907 2916 1962 ἓν
2950 1908 3222 1980 πρόϐατον
3264 1907 3524 1980 ἀπεῖρξαι
3567 1909 3740 1980 μόνης
3775 1909 3880 1978 τῆς

612 2003 912 2060 Ecclesiam
935 2005 1113 2071 inlice,
1144 2022 1307 2076 quam
1332 2008 1622 2078 acquisivit
1655 2009 1922 2074 Dominus
1949 2020 2008 2067 et
2041 2010 2188 2068 Deus

2299 1999 2626 2071 ἱερουργίας,
2675 1999 2773 2053 καὶ
2817 1999 2885 2053 τὰ
2926 1999 3023 2053 ὅλα
3062 1999 3362 2070 κερδῆσαι·
3406 1999 3501 2052 καὶ
3541 1998 3619 2071 μὴ
3661 2001 3730 2071 τῇ
3776 1999 3878 2054 τοῦ

611 2104 802 2156 noster
830 2099 1095 2170 sanguine
1125 2112 1246 2154 suo.

967 2400 1236 2458 XXVl.-.-
1252 2400 1500 2472 Symeoni
1531 2405 1834 2475 praposito.

2285 2090 2404 2154 ένὺς
2437 2091 2612 2164 ξψώρᾳ
2657 2091 3000 2162 λυμανθῆναι
3052 2091 3150 2162 τὴν
3199 2091 3558 2160 Ἐκκλησίαν,
3599 2092 3668 2163 ἢν
3711 2109 3879 2163 περι-

2283 2183 2586 2253 εποιήσατο
2643 2184 2672 2236 ό
2735 2182 2944 2256 Κύριος
3001 2184 3096 2236 καὶ
3159 2181 3291 2248 Θεὸς
3350 2181 3510 2254 ἡμῶν
3567 2182 3644 2255 τῷ
3690 2183 3880 2254 οίκεξῳ

2294 2272 2514 2344 αἵματι.

2578 2413 2723 2484 κς.
2750 2447 2820 2458 —-
2839 2415 3085 2487 Συμεὼν
3105 2416 3435 2487 ἡγουμένῳ.
3473 2414 3633 2490 [μενοι

1158 2539 1235 2590 De
1253 2538 1527 2603 patriarcha
1551 2539 1832 2605 Nicephoro
1854 2548 1907 2594 et
1927 2543 2130 2596 Simone
2159 2550 2400 2601 monacho
2421 2552 2646 2615 querela.
2676 2554 2877 2617 (Barca.
2902 2567 2982 2603 an.
3006 2553 3117 2614 808,
3140 2566 3192 2602 n.
3214 2552 3317 2616 20.)

686 2644 913 2718 Dignam
939 2653 1128 2702 sancta
1161 2643 1384 2715 Deoque
1405 2645 1566 2715 plena
1586 2645 1770 2701 anima
1795 2656 1887 2702 tua
1909 2648 2196 2718 epistolam

607 2735 770 2792 nobis
790 2737 1032 2793 exaravit
1049 2737 1369 2792 honoranda
1389 2738 1692 2808 paternitas
1708 2746 1820 2802 tua,
1845 2738 2010 2794 simul
2030 2739 2199 2796 bene-

608 2826 794 2884 volum
848 2842 974 2898 erga
1024 2842 1125 2882 nos
1170 2837 1482 2898 peceatores
1521 2827 1780 2883 allectum
1826 2844 1986 2884 suum
2014 2831 2198 2886 decla-

613 2933 764 2982 rans,
798 2918 1071 2988 simulque
1101 2933 1289 2988 parem
1331 2919 1632 2974 ostendens
1663 2918 1914 2988 idemque
1947 2921 2197 2976 sentien-

2381 2656 2568 2722 ’Δξίαν
2604 2659 2703 2728 τῆς
2743 2657 3084 2729 ἡγιασμένης
3130 2655 3222 2711 καὶ
3263 2655 3525 2728 eampo"
3571 2673 3671 2710 σου
3701 2655 3880 2728 ψυχῆς

2296 2747 2564 2820 ἐχάραξεν
2597 2749 2729 2820 ἡμῖν
2758 2749 2856 2817 τὴν
2881 2748 3170 2819 ἐπιστολὴν
3198 2749 3231 2820 ἡ
3263 2747 3423 2818 τιμία
3454 2765 3549 2802 σου
3571 2750 3874 2820 πατρότης·

2295 2835 2431 2906 όμοῦ
2478 2836 2576 2906 μὲν
2620 2837 2992 2906 σημαίνουσαν
3023 2838 3120 2909 τὴν
3161 2838 3517 2910 ἀγαπητικὴν
3558 2838 3700 2909 πρὸς
3737 2841 3882 2910 ἡμᾶς

2295 2927 2422 2990 τοὺς
2471 2929 2829 2999 ἁμαρτωλοὺς
2864 2929 3142 2985 διάθεσιν·
3171 2929 3310 3000 ὁμοῦ
3355 2930 3414 2985 δὲ
3463 2929 3738 3001 δηλοῦσαν
3785 2931 3892 3002 τὴι

614 3015 724 3063 tem
774 3008 917 3064 circa
969 3009 1154 3066 divina
1198 3009 1454 3070 mandata
1509 3011 2194 3081 concordiam,quinetiam

2299 3019 2590 3092 ἰσόρροπον
2617 3021 2710 3074 καὶ
2732 3021 3118 3093 ταυτόγνωμον
3144 3023 3244 3094 τὴν
3270 3021 3527 3095 περὶτῶν
3548 3022 3714 3077 θείων
3739 3023 3884 3077 ὲντο-

612 3100 828 3170 potiora
859 3099 1120 3163 edocens,
1151 3109 1207 3156 et
1253 3099 1507 3156 adnitens
1535 3101 1739 3170 pariter
1767 3102 2033 3156 adversus
2064 3116 2196 3172 pro-

612 3190 791 3262 posita
833 3192 1133 3250 certamina
1182 3190 1454 3261 intrepide
1487 3191 1781 3255 obsistere.
1817 3201 1873 3248 et
1907 3193 1972 3248 ad
2007 3193 2199 3248 inanes

613 3283 1070 3340 beterodoxorum
1119 3283 1643 3354 vaniloquornmque
1693 3300 1853 3342 voces
1888 3286 2199 3340 nullatenus

617 3373 864 3430 concuti.
895 3375 973 3429 Ac
1002 3373 1178 3443 rcipsa
1212 3375 1368 3428 facta:
1400 3375 1562 3430 nobis
1591 3383 1720 3432 sunt
1749 3377 2076 3436 veneranda:
2109 3376 2199 3431 lit-

615 3473 744 3521 tene
764 3465 1232 3520 tuazincitamenta
1269 3465 1627 3530 fortitudinis,
1650 3476 1705 3522 et
1724 3467 1921 3524 vallum
1947 3468 2196 3524 virtutis:

617 3554 694 3610 ita
723 3564 779 3610 ut
806 3554 1032 3625 gloriam
1059 3555 1205 3610 bono
1250 3555 1484 3612 Domino
1534 3567 1724 3612 nostro
1778 3559 2198 3626 reddiderintus,

617 3648 710 3718 qui
745 3647 1008 3702 humilem
1052 3658 1266 3703 aetatem
1298 3657 1545 3706 nostram
1580 3665 1692 3708 non
1727 3651 1948 3720 penitus
1990 3651 2191 3706 dereli-

617 3738 758 3810 quit,
800 3739 896 3793 sed
948 3740 1140 3793 vitales
1173 3739 1438 3794 scintillas
1485 3740 1718 3812 praebuit
1746 3741 1812 3796 iis
1837 3743 1927 3814 qui
1956 3741 2023 3797 ad
2055 3741 2198 3798 bona

619 3831 837 3904 pietatis
861 3847 1025 3902 Opera
1058 3833 1287 3902 cupiunt
1313 3833 1658 3889 reviviscere.
1690 3836 1771 3890 Ad
1800 3836 1946 3891 hunc
1979 3838 2199 3892 modum

620 3925 740 3980 haec
765 3937 824 3978 se
869 3923 1090 3978 habent.
1130 3924 1382 3994 impense
1415 3940 1702 3995 precamur
1731 3940 1832 3979 nos
1861 3935 2198 3995 peccatores,

619 4024 680 4070 ut
733 4016 1040 4072 sanctitatis
1093 4025 1197 4071 tua:
1247 4015 1356 4071 vita
1408 4024 1742 4087 perseveret,
1781 4017 1846 4072 ad
1889 4018 2199 4088 exemplum

621 4110 832 4176 salutis,
865 4120 981 4165 tum
1010 4111 1190 4177 nobis,
1222 4121 1335 4166 tum
1361 4111 1487 4166 aliis
1519 4114 1936 4184 quibuscunque
1970 4114 2202 4170 volenti-

607 4191 744 4259 bus.
771 4200 1007 4258 Omnino
1031 4203 1176 4258 enim
1205 4203 1296 4274 qui
1328 4218 1568 4260 canones
1590 4214 1927 4275 pervertunt,
1959 4214 2016 4261 et
2043 4220 2202 4278 regu-

622 4294 708 4350 las
748 4295 1072 4364 depravant,
1119 4296 1506 4350 reetitudinem
1535 4296 1590 4350 in
1619 4297 1706 4363 iis,
1730 4297 1821 4368 qui
1854 4306 2001 4352 recte
2027 4298 2202 4367 expli-

2297 3107 2404 3162 λῶν
2433 3110 2770 3181 συμφωνίαν,
2807 3112 2899 3165 καὶ
2931 3111 3039 3182 μὴν
3069 3112 3492 3167 ὲκδιδάσκουσαν
3525 3111 3595 3166 τὰ
3637 3113 3883 3182 κρείττο-

2299 3218 2386 3263 να,
2413 3201 2508 3254 καὶ
2539 3202 3040 3273 συμπροθυμοῦσαν
3065 3205 3146 3268 είς
3166 3205 3293 3268 τούς
3315 3205 3714 3275 προκειμένους
3737 3204 3886 3273 ἀγῶ-

2298 3309 2396 3355 νας
2449 3292 2707 3363 ἀκλονητὶ
2758 3293 3096 3360 ἐνίστασθαι,
3151 3295 3248 3349 καὶ
3295 3295 3611 3365 μηδαμόθεν
3665 3299 3736 3367 τῇ
3774 3296 3883 3349 τῶν

2300 3383 2624 3455 ἑτεροδόξων
2673 3385 2767 3438 καὶ
2809 3385 3163 3454 είκαιολόγων
3188 3384 3592 3457 ἀνατρέπεσθαι
3635 3403 3883 3456 κενοφω-

2300 3473 2409 3546 νίᾳ.
2441 3475 2552 3528 Καὶ
2574 3475 2795 3545 γέγονεν
2818 3477 2950 3547 ἡμῖν
2980 3477 3042 3530 τὸ
3062 3478 3244 3548 τίμιόν
3272 3494 3366 3531 σου
3394 3479 3632 3550 γράμμα
3659 3479 3741 3544 ὡς
3761 3480 3886 3551 ἁληο

2301 3563 2410 3630 θῶς
2441 3566 2754 3638 ἐμψύχωμα
2784 3566 3056 3638 ἀνδρείας,
3088 3569 3184 3622 καὶ
3213 3569 3523 3639 χαράκωμα
3563 3568 3882 3638 δυνάμεως·

2301 3654 2376 3718 ὡς
2404 3654 2624 3721 δοξάσαι
2668 3656 2816 3728 ἡμᾶς
2859 3655 2954 3709 τὸν
2987 3655 3192 3724 ἀγαθὸν
3221 3656 3380 3727 ἡμῶν
3418 3657 3646 3726 Κύριον,
3683 3658 3778 3710 τὸν
3811 3659 3888 3728 μὴ

2301 3745 2521 3810 τελείως
2564 3747 2663 3818 τὴν
2700 3747 2962 3818 ταπεινὴν
3007 3745 3168 3817 ἡμῶν
3197 3746 3390 3815 γενεὰν
3421 3748 3892 3814 ἐγκαταλιπόντα,

2302 3837 2438 3892 ἀλλὰ
2468 3838 2627 3892 δόντα
2672 3836 2976 3909 σπινθῆρας
3003 3837 3268 3902 ζωτικοὺς
3300 3838 3411 3898 τοῖς
3445 3836 3719 3890 ἐθέλουσιν
3749 3837 3888 3891 ἁνα-

2303 3929 2676 4002 ζωπυρεῖσθαι
2719 3929 2857 4002 πρὸς
2892 3928 2990 4000 τὴν
3034 3930 3132 4000 τῆς
3163 3927 3446 3994 εὐσεϐείας
3491 3929 3886 3999 ἀγαθοεργίαν.

2308 4023 2463 4092 Ἔχει.
2523 4023 2621 4092 μὲν
2675 4019 2820 4074 οὕτω
2871 4020 3066 4080 ταῦτα.
3126 4021 3237 4078 Καὶ
3281 4021 3448 4091 εὐχὴν
3494 4021 3774 4092 εὐχόμεθα
3813 4022 3892 4084 ὡς

2303 4113 2642 4186 ἁμαρτωλοὶ,
2675 4112 2956 4184 ἐπιμένειν
2993 4127 3088 4165 σου
3124 4110 3224 4184 τὴν
3262 4113 3360 4184 τῆς
3391 4111 3695 4181 ἁγιωσύνης
3737 4113 3894 4180 Cuia

2305 4205 2385 4269 είς
2415 4203 2690 4276 σωτηρίας
2719 4204 3044 4274 ὑπόδειγμα,
3077 4203 3209 4273 ἡμῖν
3230 4218 3290 4256 τε
3321 4202 3418 4257 καὶ
3445 4196 3670 4257 οἷστισιν
3695 4200 3894 4263 ἄλλοις

2307 4294 2675 4367 βουλομένοις.
2715 4296 2789 4350 Οὐ
2823 4295 2932 4367 γὰρ
2963 4295 3181 4358 πάντως
3215 4295 3266 4348 οί
3296 4294 3424 4356 τοὺς
3456 4292 3677 4356 κανόνας
3721 4309 3904 4364 πρε-.

623 4396 754 4443 cant
802 4385 1106 4442 doctrinam
1154 4388 1416 4453 veritatis,
1468 4389 1694 4443 minime
1741 4389 1968 4443 vident:
2003 4391 2100 4446 sed
2151 4398 2197 4446 el

2307 4387 2582 4452 ϐλοῦντες,
2613 4389 2706 4443 καὶ
2739 4390 2864 4451 τοὺς
2897 4386 3186 4458 γνώμονας
3217 4383 3577 4452 σκελίζοντες,
3606 4381 3896 4454 εὐθύτητα

626 4478 799 4538 risum
826 4479 1016 4543 edunt.
1049 4488 1106 4535 et
1129 4480 1326 4550 probra
1358 4480 1632 4551 ingerunt.
1664 4478 1804 4546 Quid
1821 4491 2003 4536 autem
2033 4481 2201 4549 aliud,

626 4585 792 4641 quam
846 4571 988 4640 quod
1035 4571 1164 4626 hinc
1209 4571 1381 4642 magis
1429 4570 1842 4650 conﬁrmamur,
1889 4571 2202 4630 {utilitatem

626 4660 858 4719 istorum
892 4671 948 4717 et
973 4663 1383 4719 instabilitatem
1417 4679 1526 4719 non
1555 4663 1906 4735 ignorantes?
1934 4665 1978 4719 A
2007 4666 2206 4735 quibus

627 4753 775 4825 quod
819 4753 1032 4808 excelsa
1067 4769 1224 4810 mens
1271 4762 1365 4809 tua
1391 4768 1498 4808 non
1523 4756 1755 4824 capitur,
1788 4755 1946 4811 laude
1972 4756 2198 4826 dignum

629 4853 806 4904 estet
849 4844 1010 4901 nobis
1051 4845 1284 4902 multum
1326 4846 1587 4917 optabile.
1633 4845 1785 4902 Scire
1823 4857 2005 4904 autem
2053 4848 2203 4919 cupit

630 4936 765 5008 quid
794 4935 922 4991 novi
969 4937 1232 4992 acciderit
1260 4937 1315 4992 in
1363 4938 1616 5008 praesenti
1651 4939 1890 5010 negotio.
1935 4938 2047 4994 Nos
2074 4955 2204 4996 vero

631 5028 814 5091 dicere
839 5029 978 5084 nihil
1018 5045 1329 5100 possumus,
1361 5045 1426 5085 eo
1451 5030 1597 5100 quod
1646 5031 2004 5102 imperatores
2031 5031 2084 5085 in
2117 5047 2206 5088 ca-

629 5121 759 5180 Stris
779 5138 925 5176 nunc
942 5130 1249 5177 versantur.
1276 5123 1351 5178 De
1375 5123 1682 5194 patriarcha
1705 5125 1849 5179 enim
1868 5125 1996 5195 quid
2019 5125 2215 5180 attinet

633 5208 830 5278 loqui?
862 5209 956 5282 qui
1003 5225 1182 5280 neque
1226 5211 1322 5266 dat
1373 5226 1658 5282 responsa,
1706 5228 1886 5284 neque
1942 5215 2059 5268 vult
2080 5213 2216 5268 alios

633 5303 849 5368 audire,
878 5305 932 5358 in
964 5305 1218 5360 omnibus
1261 5305 1461 5360 Caesari
1491 5305 1817 5363 inserviens.
1847 5309 1914 5364 At
1947 5307 2209 5364 Dominus

632 5392 858 5458 Simeon
891 5393 1148 5467 bilinguis
1172 5402 1278 5462 est,
1301 5411 1450 5451 nunc
1494 5397 1714 5468 quidem
1765 5398 1864 5462 sic,
1886 5414 2034 5454 nunc
2057 5399 2216 5454 aliter

630 5486 894 5543 varians:
936 5485 1044 5542 nisi
1087 5487 1235 5558 quod
1279 5487 1477 5544 iterum
1531 5505 1838 5546 sermonem
1864 5493 2214 5555 contulimus,

631 5579 1028 5650 veritatemque
1058 5580 1286 5636 minime
1329 5579 1814 5640 dissimulavimus.
1849 5583 1927 5641 Ac
1972 5582 2207 5640 ﬂectitur

2308 4480 2599 4551 βλέπουσιν
2651 4482 2708 4534 ὲν
2755 4481 2866 4543 τοῖς
2907 4476 3268 4550 όρθοτομοῦσι,
3299 4476 3391 4531 τὸν
3431 4475 3585 4546 λόγον
3620 4475 3720 4544 τῆς
3753 4475 3896 4546 ἁληο

2307 4571 2457 4637 θείας
2481 4587 2496 4604 ο
2524 4570 2660 4625 ἀλλὰ
2685 4571 2782 4626 καὶ
2808 4569 3023 4639 γέλωτα
3041 4569 3368 4636 ἀνάπτουσι,
3409 4571 3505 4622 καὶ
3547 4567 3896 4637 ὀνειδισμοὺς

2307 4663 2712 4736 προσάπτουσι.
2765 4662 2875 4718 Καὶ
2921 4661 2974 4714 τί
3021 4661 3173 4728 ἄλλο,
3220 4660 3255 4733 ἢ
3300 4661 3363 4714 τδ
3397 4659 3641 4714 ἐντεῦθεν
3677 4659 3898 4729 μᾶλλον

2309 4756 2663 4831 στερεοῦσθαι
2689 4758 2858 4828 ἡμᾶς,
2899 4754 3273 4827 μανθάνοντας
3305 4754 3366 4810 τὸ
3404 4754 3603 4824 σαθρὸν
3634 4751 3732 4805 καὶ
3765 4753 3898 4805 ἑπι-

2311 4849 2511 4919 σφαλὲς
2544 4847 2673 4903 τῶν.
2700 4846 2999 4913 τοιούτων;
3039 4845 3161 4916 Ὑφ’
3195 4838 3271 4900 ὧν
3294 4847 3378 4900 ὅτι
3407 4846 3441 4915 ἠ
3471 4844 3537 4913 σὴ
3565 4841 3744 4913 ὑψηλὴ
3773 4843 3900 4897 διά-

2309 4957 2429 4994 νοια
2449 4941 2549 5010 οὐχ
2570 4938 2876 5003 ἁλίσκεται,
2906 4937 3234 5005 ἁξιάγαστον
3262 4937 3359 4992 καὶ
3381 4937 3513 5006 ἡμῖν
3535 4933 3897 4988 πολύευκτον.

2311 5035 2474 5103 Ζητεῖ
2503 5027 2560 5085 δὲ
2589 5030 2781 5102 μαθεῖν
2805 5030 2834 5083 ὅ
2857 5046 2912 5083 τι
2937 5029 3127 5098 γέγονε
3159 5027 3474 5098 καινότερον
3503 5026 3635 5097 πρὸς
3663 5026 3772 5094 τὴν
3808 5028 3900 5079 ἑν-

2313 5121 2610 5192 ισταμένην
2639 5119 2894 5174 ὑπόθεσιν
2915 5134 2930 5148 ·
2977 5119 3076 5172 καὶ
3108 5119 3210 5172 οὐκ
3253 5117 3451 5189 έχομεν
3488 5118 3664 5186 λέγειν
3690 5115 3793 5171 διὰ
3839 5119 3901 5170 τὸ

2309 5214 2438 5276 τούς
2467 5210 2807 5284 κρατοῦντας
2848 5211 2910 5265 τὸ
2935 5209 3030 5264 νῦν
3053 5210 3434 5281 φοσσατεύειν.
3471 5211 3611 5280 Πρὸς
3644 5207 3756 5276 γὰρ
3803 5209 3910 5264 τὸν.

2312 5305 2578 5377 ἀρχιερέα
2619 5304 2674 5358 τί
2712 5304 2794 5357 δεῖ
2831 5303 2929 5358 καὶ
2955 5303 3156 5371 λέγειν,
3189 5303 3331 5374 μήτε
3360 5302 3519 5370 λόγον
3548 5299 3900 5369 διαπέμψαι

2309 5413 2400 5463 τα,
2435 5398 2572 5467 μήτε
2598 5395 2847 5449 ἐθέλοντα
2869 5395 3039 5465 ἀκοὴν
3073 5393 3519 5465 παραδέξασθαι,
3554 5392 3901 5462 ταμιευόμεε

2308 5506 2398 5544 νον
2425 5489 2604 5543 πάντα
2632 5487 2897 5557 Καίσαρι;
2939 5485 3000 5538 '0
3033 5487 3141 5557 γὰρ
3175 5484 3363 5557 κύριος
3393 5484 3619 5556 Συμεὼν
3643 5484 3902 5551 ἀμφοτε-

2313 5579 2647 5654 ρόγλωσσος·
2674 5577 2754 5649 πῆ
2791 5576 2890 5648 μὲν
2921 5576 3115 5640 οὕτως,
3149 5577 3224 5646 πῆ
3247 5578 3303 5631 δὲ
3333 5576 3509 5639 ἄλλως
3541 5571 3902 5645 μεταϐαλλό-

635 5672 856 5744 quidem
887 5673 1279 5744 aliquantulum
1313 5674 1709 5730 :nihilominus
1740 5676 1881 5732 idem
1913 5685 2114 5741 manet,
2142 5693 2197 5731 ea

2315 5689 2475 5744 μενος
2498 5688 2510 5703 ’
2539 5669 2678 5742 πλὴν
2702 5671 2784 5724 ὅτι
2815 5667 2908 5723 καὶ
2935 5668 3095 5724 πάλιν
3122 5670 3434 5739 συνήραμεν
3461 5669 3639 5736 λόγον,
3661 5666 3762 5720 καὶ
3793 5669 3899 5736 οὐχ

637 5780 756 5836 qua:
777 5765 1114 5840 principibus
1132 5775 1278 5837 grata
1296 5776 1422 5825 sunt
1438 5783 1690 5841 quaerens
1707 5778 1761 5829 et
1786 5769 2048 5830 sentiens.
2065 5769 2197 5828 Cum

2313 5768 2602 5840 ὐφὴκαμεν
2633 5763 2732 5836 τῆς
2770 5761 3048 5834 ἀληθείας.
3097 5764 3201 5817 Καὶ
3241 5762 3437 5837 μικρὸν
3479 5762 3578 5833 μὲν
3609 5758 3900 5834 μαλάσσει
