4044 6366
178 374 284 440 993

1404 380 1949 452 EPISTOLARUM
1991 383 2138 452 LIB.
2186 382 2238 451 Ῐ.

3329 395 3437 462 994

174 503 298 544 ται·
335 488 489 562 μένει
518 487 575 544 δέ
603 487 632 543 6
658 487 840 557 αὐτὸς,
873 491 1056 547 ἐκεῖνα
1097 495 1309 565 φρονῶν
1355 499 1449 551 καὶ
1495 499 1696 570 ζητῶν,
1726 500 1742 555 ε

1863 514 2047 560 autem
2075 503 2515 576 proficisceretur
2543 503 2668 574 pius
2703 501 2968 560 Dominus
2992 510 3198 570 noster,
3234 503 3434 563 iterum

173 581 344 652 ἐφετά
375 583 595 644 πάντως
619 584 734 644 τοῖς
766 584 1080 652 κρατοῦσιν.
1124 587 1212 640 Ἐν
1234 587 1292 640 δὲ
1325 587 1404 659 τῷ
1439 590 1754 662 ἐξέρχεσθαι

172 672 264 726 τὸν
293 671 495 744 εὐσεϐῆ
523 671 682 743 ἡμῶν
703 673 973 746 δεσπότην
999 675 1162 730 πάλιν
1187 678 1568 750 γεγράφαμεν,
1596 682 1757 754 ἐκζη-

169 763 438 834 τήσαντος
471 764 636 818 αὐτοῦ
662 765 819 819 τοῦτο
842 781 856 797 ο
887 767 982 820 καὶ
1008 767 1158 839 ὅμως
1187 770 1287 823 οὐκ
1319 770 1588 843 ἠθέλησεν
1609 775 1756 844 ἡμᾶς

167 852 250 916 εις
270 852 397 922 δψιν
422 853 589 907 αὐτοῦ
619 853 814 910 ἐλθεῖν.
841 856 1092 928 Μένομεν
1126 859 1182 912 δὲ
1212 862 1375 930 ἡμεῖς
1412 864 1461 916 οί
1487 864 1752 934 ἀμαρτω-

167 939 272 1007 λοὶ,
299 941 461 1014 εἴπερ
482 945 750 1015 γρηγορεῖ
775 945 808 1016 ἠ
842 946 976 1017 εὐχὴ
1005 948 1185 1017 ἡμῶν,
1206 949 1488 1017 ὡσαύτως,
1523 953 1599 1024 μὴ
1630 952 1753 1024 βου-

167 1032 388 1105 λόμενοι
417 1035 708 1107 προδοῦναι
737 1037 836 1108 τὴν
861 1039 1142 1108 ἀλήθειαν,
1177 1041 1312 1112 μηδέ
1338 1047 1632 1115 μετασχεῖν
1652 1045 1754 1116 τῆς

168 1127 460 1191 κοινωνίας
500 1126 680 1181 αὐτῶν
701 1143 718 1159 ο
749 1128 852 1183 κᾶν
887 1128 1068 1200 ἐξορία
1097 1133 1407 1204 πρόκειται,
1456 1134 1562 1190 κᾶν
1600 1135 1752 1204 ξίφος

168 1215 500 1280 στιλϐοῦται,
527 1217 633 1271 κᾶν
661 1217 774 1290 πῦρ
813 1219 1142 1290 ἀνάπτηται.
1190 1222 1330 1276 Ἀλλ’
1353 1224 1454 1276 οὐκ
1497 1223 1564 1279 ἀν
1591 1225 1752 1279 τοῦτο

164 1304 552 1378 δυνηθείημεν,
584 1306 792 1373 ἀνάξιοι
829 1310 1189 1380 τυγχάνοντες
1219 1311 1314 1365 τοῦ
1359 1314 1452 1366 καὶ
1491 1315 1753 1384 ὀνομάζε-

167 1397 292 1451 σθαι
343 1399 506 1468 μόνον
562 1401 828 1471 μοναχοίο
871 1402 922 1454 εί
975 1403 1050 1473 μὴ
1093 1403 1348 1474 προσχὼν
1394 1405 1600 1476 Κύριος
1628 1409 1750 1470 ταῖς

165 1489 466 1561 ὑμετέραις
501 1491 673 1562 ἱεραῖς
705 1495 1035 1563 προσευχαῖς
1087 1493 1428 1564 δυναμώσειε
1480 1495 1542 1548 τὸ
1587 1497 1750 1568 ἡμῶν

163 1580 393 1644 ἀσθενὲς
417 1583 508 1634 καὶ
532 1583 752 1654 σαθρόν.
782 1584 872 1637 Διὸ
899 1588 1245 1656 γρηγορεῖτε,
1295 1586 1538 1658 Πατέρες
1577 1589 1747 1657 ἆγιοι,

162 1667 248 1730 είς
287 1668 420 1722 αὐτὸ
451 1669 632 1735 τοῦτο,
661 1669 928 1742 ὑμέτερον
978 1673 1292 1743 ἡγούμενοι,
1326 1675 1462 1747 ὅπερ
1490 1677 1584 1730 καὶ
1609 1677 1747 1742 ἔστι,

160 1759 226 1812 τὺ
246 1760 574 1830 κοιωφελές
602 1763 918 1834 πρόϐλημα.
940 1763 1076 1818 Θεοῦ
1098 1763 1156 1819 δέ
1184 1765 1432 1820 κελεύσει
1453 1767 1748 1839 ἐξερχόμε-

1859 594 2202 664 scripsimus,
2238 593 2355 664 ipso
2383 593 2463 648 sic
2501 595 2758 650 volente:
2799 609 2901 650 nos
2933 608 3067 650 vero
3094 593 3151 648 in
3202 609 3440 667 conspe-

1857 694 2005 739 ctum
2034 702 2190 740 suum
2214 688 2402 741 venire
2434 685 2629 741 noluit.
2656 686 2924 742 Caeterum
2966 701 3070 742 nos
3097 697 3434 756 peceatores,

1858 776 2050 831 eodem
2087 776 2142 830 in
2188 783 2356 844 statu,
2403 777 2672 848 siquidem
2717 779 2944 850 vigilant
2979 796 3171 849 preces
3213 793 3433 848 vestrae,

1857 867 2240 936 persistimus,
2273 869 2524 923 nolentes
2557 870 2785 939 prodere
2831 871 3138 939 veritatem,
3171 887 3272 928 nec
3308 889 3438 944 par-

1856 959 2050 1029 ticipes
2081 959 2296 1013 illorum
2321 960 2724 1017 communionis
2757 977 2920 1028 esse;
2963 963 3179 1018 etiamsi
3215 964 3436 1036 impen-

1856 1049 1983 1104 deat
2000 1049 2274 1115 exsilium,
2301 1050 2428 1105 licet
2451 1051 2653 1122 fulgeat
2671 1053 2904 1123 gladius.
2929 1053 3058 1110 licet
3077 1055 3217 1126 ignis
3239 1071 3438 1111 accen-

1855 1139 2035 1194 datur.
2061 1138 2168 1194 Sed
2196 1140 2300 1195 hoc
2331 1153 2592 1210 praestare
2625 1141 2770 1198 haud
2793 1159 3064 1214 quaquam
3121 1147 3392 1216 possimus
3416 1163 3432 1212 ;

1855 1245 1979 1285 cum
2008 1231 2094 1286 vel
2125 1231 2240 1286 solo
2269 1232 2521 1288 monachi
2555 1233 2775 1289 nomine
2821 1235 2995 1290 simus
3030 1237 3237 1307 indigni
3271 1253 3286 1304 ;
3327 1237 3436 1292 nisi

1852 1337 2034 1378 sacras
2063 1338 2254 1392 preces
2276 1332 2486 1378 vestras
2511 1325 2802 1380 attendens
2827 1325 3110 1388 Dominus.
3143 1329 3435 1384 imbecilli-

1854 1420 2018 1467 tatem
2035 1423 2280 1469 nostram
2301 1414 2760 1486 fragilitatemque
2801 1421 3140 1474 corroboret.
3165 1419 3435 1486 Quocirca

1853 1505 1906 1559 in
1949 1505 2056 1560 hoc
2116 1505 2293 1576 ipsum
2343 1507 2585 1578 vigilate,
2632 1507 2823 1564 Patres
2873 1511 3069 1576 sancti,
3126 1521 3434 1567 vestrarum

1851 1595 2088 1666 partium
2121 1611 2243 1651 esse
2269 1597 2557 1666 ducentes,
2590 1599 2734 1654 sicut
2757 1601 2934 1671 reipsa
2957 1611 3062 1667 est,
3081 1617 3432 1659 communem

1850 1687 2146 1743 utilitatem
2195 1703 2558 1762 propugnare.
2608 1692 2721 1747 Deo
2746 1702 2927 1748 autem
2976 1701 3254 1750 annuente
3299 1710 3433 1765 pro-
3515 1751 3517 1754 ι

1852 1778 2103 1835 ﬁciscens
2149 1782 2638 1838 reverendissimus
2671 1783 2840 1838 frater
2887 1796 3096 1851 noster,
3122 1794 3178 1840 et
3207 1800 3435 1841 oecono-

160 1846 255 1915 νος
305 1853 336 1904 6
373 1851 802 1922 αίδεσιμώτατος
848 1853 1075 1923 ἀδελφὸς
1110 1854 1289 1926 ἡμῶν,
1319 1856 1414 1910 καὶ
1457 1856 1742 1928 οἰκονόμος

1849 1887 1971 1927 mus
1994 1873 2168 1928 sancti
2189 1874 2506 1928 monasterii
2528 1879 2718 1940 vestri,
2735 1877 3028 1932 missarum
3053 1878 3119 1932 ad
3140 1887 3434 1948 utramque

161 1941 268 2011 τῆς
294 1942 457 2011 ἀγίας
480 1942 636 2012 ὑμῶν
670 1944 837 2014 μονῆς
859 1942 1043 2015 ἀγάγῃ
1068 1947 1133 2016 τῇ
1159 1944 1437 2018 ἁγιωσύνῃ
1469 1963 1561 2000 σου
1597 1947 1750 2001 ἀντία

163 2051 351 2106 γραφα
379 2037 491 2090 τῶν
518 2037 963 2108 διαπεμφθεισῶν
1001 2039 1302 2094 ἐπιστολῶν
1343 2042 1478 2112 πρὸς
1510 2041 1749 2115 ἑκάτερα

161 2128 434 2198 πρόσωπα
454 2144 474 2162 ο
498 2129 585 2182 ἵνα
618 2129 911 2183 κάντεῦθεν
959 2132 1355 2205 ἐναργέστερον
1399 2134 1748 2204 μανθάνουσα

155 2218 229 2272 τά
249 2219 374 2272 καθ’
393 2221 562 2290 ἡμᾶς.
583 2221 644 2275 τδ
667 2221 766 2292 μὲν
787 2221 954 2294 βοηθῇ
973 2224 1288 2296 γράμμασιν
1309 2225 1370 2279 τδ
1393 2225 1452 2280 δὲ
1476 2228 1740 2300 ἐπικουρῇ

159 2311 492 2382 ἱκετηρίαις.
522 2313 636 2368 Καὶ
663 2314 822 2369 ἀλλον
849 2315 908 2369 δέ
941 2333 1063 2370 τινα
1099 2317 1454 2389 παρεθέμεθα
1481 2318 1559 2390 τῷ
1588 2319 1744 2374 ἀδελ-

156 2401 248 2472 φῷ
275 2401 468 2472 λόγον’
500 2405 699 2460 καύτὸν
737 2407 955 2472 πάντως
998 2409 1292 2478 ἀναγγελεῖ
1325 2410 1418 2464 καὶ
1445 2411 1739 2478 ἀποδώσει,

154 2494 396 2566 ὁπηνίκα
449 2497 647 2568 φθάσει
701 2499 828 2554 ἰδεῖν
879 2500 971 2554 τδν
1021 2502 1202 2571 τίμιόν
1249 2521 1342 2556 σου
1391 2504 1740 2575 χαρακτῆρα.

157 2587 568 2661 Προσαγορεύει
600 2592 698 2644 σὺν
726 2593 860 2662 ἡμῖν
888 2594 983 2647 καὶ
1026 2593 1054 2646 6
1083 2595 1532 2664 άρχιεπίσκοπος,
1565 2596 1593 2649 6
1630 2596 1746 2648 Ka-

154 2677 411 2752 λόγηρος,
441 2684 536 2736 καὶ
566 2683 595 2734 6
621 2682 796 2746 άϐϐᾶς
829 2684 1104 2748 Λεόντιος,
1149 2686 1245 2740 καὶ
1297 2688 1330 2757 ἡ
1375 2685 1537 2758 λοιπὴ
1585 2685 1744 2756 ἡμῶν

152 2769 476 2842 ἀδελφότης.
523 2772 635 2844 Τὴν
685 2773 848 2842 ἁγίαν
895 2791 990 2830 σου
1035 2776 1282 2832 συνοδίαν
1323 2779 1643 2848 προσειπεῖν
1681 2776 1741 2844 ἐξ

151 2860 320 2932 ἡμῶν
356 2863 716 2931 καταξίωσον.

477 3046 604 3103 KZ'.
633 3046 954 3118 -Νικήτᾳ
983 3049 1289 3117 πατρικίῳ.
1312 3046 1485 3122 [μς-Ἄ]

1851 1976 2143 2032 personam
2165 1963 2520 2033 epistolarum
2555 1967 2882 2036 exemplaria
2922 1967 3131 2024 deferet
3155 1968 3432 2024 sanctitati

1851 2063 1957 2111 tua:
1986 2070 2001 2121 ;
2029 2064 2090 2109 ut
2120 2069 2185 2108 ex
2223 2055 2308 2110 his
2351 2071 2438 2110 res
2465 2065 2682 2112 nostras
2731 2057 3024 2114 dilucidius
3069 2075 3430 2131 cognoscens,

1846 2148 2045 2218 partim
2089 2147 2286 2204 litteris
2313 2149 2558 2220 adjuvet,
2605 2151 2799 2220 partim
2832 2152 3086 2222 precibus
3118 2161 3422 2208 succurrat.

1848 2237 1966 2290 Alia
1991 2237 2238 2307 quaedam
2266 2245 2528 2307 praeterea
2554 2238 2708 2293 fratri
2727 2239 3120 2306 commisimus,
3141 2255 3262 2310 quae
3286 2241 3431 2296 haud

1848 2329 2014 2384 dubie
2065 2330 2337 2385 nuntiahit
2390 2341 2446 2386 et
2497 2339 2760 2402 exponet,
2791 2349 2915 2386 cum
2963 2333 3014 2387 ei
3060 2333 3428 2388 venerandam

1848 2420 2046 2476 faciem
2092 2430 2241 2476 tuam
2288 2421 2475 2478 videre
2522 2425 2836 2494 contigerit.
2881 2424 3092 2480 Salutat
3138 2425 3426 2480 nobiscum

1847 2513 2012 2567 etiam
2030 2513 2494 2584 archiepiscopus,
2527 2514 2842 2587 Calogerus,
2865 2527 2920 2572 et
2947 2517 3113 2572 abbas
3141 2516 3428 2578 Leontius,

1846 2613 1904 2659 et
1932 2606 2116 2660 caeteri
2149 2605 2346 2662 fratres
2395 2608 2588 2663 nostri.
2623 2607 2838 2664 Sanctae
2881 2607 3290 2683 congregationi
3320 2617 3429 2664 tua

1843 2698 2072 2754 salutem
2107 2715 2136 2754 a
2162 2699 2322 2756 nobis
2347 2699 2533 2756 dicere
2563 2701 2828 2772 digneris.

2195 3048 2412 3107 XXVII.
2432 3080 2509 3094 —
2544 3051 2746 3108 Nicena
2787 3053 3034 3122 patricio.

1079 3217 1180 3269 Cur
1197 3229 1384 3268 comam
1407 3213 1515 3266 suis
1538 3209 1854 3278 pmciderit:
1891 3212 1940 3266 id
1963 3214 2101 3278 juxta
2125 3229 2342 3268 canones
2363 3217 2490 3268 ﬁerl.

223 3361 368 3426 Τούς
397 3361 496 3433 μὲν
525 3359 720 3427 ἄλλους
745 3361 911 3434 τυχδν
941 3363 1104 3436 χάρις
1133 3365 1451 3438 ἀνθρωπίνη
1476 3365 1736 3422 ἀναϐιϐά-

1906 3363 2054 3420 Alios
2075 3365 2293 3435 quidem
2310 3364 2542 3422 fortasse
2571 3367 2741 3439 gratia
2793 3365 3076 3422 hominum
3102 3379 3424 3436 promovere

149 3455 275 3522 ζειν
305 3457 549 3525 πέφυκεν
569 3455 664 3510 ἐπὶ
685 3455 908 3527 τδτιψος
930 3457 1038 3512 τῶν
1065 3457 1412 3530 ἀξιωμάτων.
1451 3460 1518 3514 Σὲ
1551 3460 1608 3513 δὲ
1642 3459 1736 3512 τὸν

151 3549 550 3605 εὐσεϐέστατον
573 3551 670 3605 καὶ
688 3553 1051 3625 παμπόθητον
1075 3553 1235 3626 ἡμῶν
1257 3554 1547 3626 δεσπότην,
1568 3553 1739 3627 ἀρετὴ

150 3641 231 3707 ὥς
267 3642 509 3714 ἀληθῶς,
538 3644 637 3698 καὶ
661 3643 722 3699 οὐ
749 3644 912 3716 χάρις
941 3663 1047 3714 τις,
1076 3647 1351 3716 ἀνήγαγεν
1381 3648 1438 3700 ἐν
1469 3644 1546 3717 τῷ
1577 3647 1741 3716 μεγέ-

154 3731 240 3786 Oet
262 3733 360 3786 τοῦ
389 3731 720 3805 ἀξιώματος,
752 3735 812 3788 οὐ
844 3734 943 3806 μὲν
970 3731 1062 3790 οὖν
1092 3735 1235 3790 κατά
1255 3753 1379 3790 τινα
1409 3737 1620 3807 χρόνον,
1645 3735 1740 3790 καὶ

152 3825 217 3879 ἐν
249 3825 352 3896 μιᾷ
397 3824 648 3899 ἐξουσίᾳ·
691 3826 828 3881 ἀλλὰ
868 3825 958 3881 διὰ
997 3827 1198 3891 παντὸς
1240 3828 1338 3882 καὶ
1379 3828 1439 3883 ὲν
1477 3828 1698 3892 πολλαῖς
1721 3843 1734 3857 ·

151 3914 349 3988 ὥσπερ
376 3916 500 3970 τινά
541 3917 743 3989 χρυσὸν
775 3919 1288 3991 μεταχειριζομένη,
1317 3921 1411 3974 καὶ
1445 3921 1527 3985 εἰς
1562 3920 1739 3974 πάντα

151 4007 401 4064 ὁντινοῦν
428 4009 634 4080 κόσμον
673 4012 742 4081 τῇ
773 4010 990 4064 εὐσεϐεῖ
1017 4009 1176 4082 ἡμῶν
1210 4010 1460 4083 βασιλείᾳ
1503 4010 1740 4082 προϐαλ-

151 4099 383 4172 λομένη.
417 4102 529 4156 Kal
559 4103 629 4156 τὰ
667 4103 972 4173 πράγματα
1011 4103 1166 4172 δῆλα,
1207 4103 1312 4158 κᾶν
1345 4105 1510 4175 ἡμεῖς
1549 4104 1626 4176 μὴ
1654 4101 1741 4156 λέ-

150 4207 368 4262 γωμεν.
405 4191 570 4251 Ὥστε
603 4193 698 4246 καὶ
727 4193 787 4246 τὸ
815 4192 911 4247 νῦν
941 4193 1235 4263 ἀξιολόγως
1267 4195 1316 4248 οἱ
1353 4193 1738 4266 Χριστομίμη-

149 4297 236 4334 τοι
277 4280 442 4352 ἡμῶν
472 4281 731 4352 βασιλεῖς,
763 4282 1183 4355 ἀντιπρόσωπον
1209 4283 1310 4353 τῆς
1339 4282 1550 4336 ἑαυτῶν
1576 4282 1741 4337 καλο-

149 4372 430 4442 καγαθίας
459 4372 652 4429 ἓθεσάν
675 4391 735 4430 σε
765 4376 823 4429 ἐν
851 4375 1078 4440 ταύταις
1097 4378 1218 4439 ταῖς
1244 4377 1482 4448 ἡμέραις
1513 4377 1642 4448 τῇδε
1670 4379 1738 4450 τῇ

151 4462 521 4538 βασιλευούσῃ
543 4465 716 4521 πόλει.
746 4465 896 4538 Αὕτη
923 4467 1070 4520 ἐστὶν
1094 4466 1236 4538 ὐπὲρ
1261 4466 1364 4537 τῆς
1393 4467 1738 4538 πεμφθείσης

149 4557 534 4629 προσηγορίας
569 4557 721 4630 παρά
747 4558 849 4628 τῆς
879 4557 1162 4622 εὐσεϐείας
1190 4576 1282 4612 σου
1321 4559 1381 4613 τὸ
1405 4557 1500 4613 νῦν
1525 4558 1612 4613 διὰ
1641 4558 1736 4612 τισῦ

1841 3455 1983 3510 solet
1997 3455 2064 3511 ad
2083 3457 2298 3512 culmen
2319 3457 2642 3529 dignitatum
2669 3478 2682 3514 :
2713 3470 2764 3516 te
2778 3475 2910 3516 vero
2925 3459 3230 3531 piissimum
3247 3476 3310 3517 ac
3325 3461 3423 3516 de-

1840 3551 2293 3607 sideratissimum
2323 3553 2614 3608 Dominum
2661 3564 2910 3610 nostrum
2941 3571 3050 3610 non
3089 3557 3262 3628 gratia
3290 3555 3420 3624 ulla,

1839 3643 1937 3699 sed
1983 3657 2173 3698 revera
2213 3642 2387 3698 virtus
2413 3643 2478 3699 ad
2533 3645 2900 3715 amplissimos
2934 3645 3172 3703 honores
3217 3647 3419 3712 evexit,

1839 3750 1950 3789 non
1981 3734 2169 3804 utique
2199 3733 2268 3789 ad
2301 3743 2519 3805 tempus
2546 3735 2790 3806 aliquod,
2826 3751 3004 3806 neque
3036 3736 3090 3790 in
3121 3752 3230 3791 una
3263 3745 3424 3806 pote-

1838 3833 2026 3891 state;
2064 3823 2161 3880 sed
2188 3834 2477 3896 perpetuo,
2519 3833 2578 3880 et
2629 3825 2684 3880 in
2731 3826 2937 3891 multis,
2999 3841 3220 3882 sumens
3283 3836 3335 3881 te
3363 3826 3420 3880 in

1839 3931 2032 3970 manus
2054 3915 2207 3986 quasi
2228 3930 2420 3969 aurum
2441 3915 2736 3986 quoddam,
2775 3924 2831 3969 et
2867 3915 2934 3970 ad
2974 3931 3191 3971 omnem
3233 3917 3422 3986 cujus-

1838 4007 2093 4077 quemodi
2147 4013 2400 4063 ornatum
2449 4007 2541 4076 pio
2575 4005 2804 4076 imperio
2840 4016 3033 4062 nostro
3071 4021 3411 4078 proponens.

1838 4097 2138 4152 Manifesta:
2179 4106 2309 4152 sunt
2353 4113 2443 4152 res
2483 4097 2636 4166 ipsae,
2678 4097 2842 4150 etiam
2875 4097 3184 4152 tacentibus
3235 4098 3419 4155 nobis.

1837 4189 2182 4260 Quapropter
2227 4188 2486 4259 praeclare
2518 4203 2666 4242 nunc
2704 4188 2866 4242 etiam
2913 4185 3193 4242 Christum
3221 4187 3418 4243 imitati

1837 4283 2196 4354 imperatores
2227 4280 2420 4344 nostri,
2451 4279 2666 4334 eximia:
2697 4295 2810 4334 sua:
2832 4279 3118 4350 probitatis
3157 4280 3416 4335 aemulum

1837 4381 2148 4430 statuerunt
2187 4379 2239 4427 te
2268 4371 2356 4426 his
2399 4370 2592 4425 diebus
2628 4369 2789 4442 regiae
2836 4370 2962 4426 huic
3002 4369 3231 4427 civitati.
3290 4370 3419 4430 Haec

1838 4480 1940 4538 pro
1971 4463 2292 4519 transmissa
2337 4478 2486 4518 nunc
2516 4479 2544 4516 a
2586 4462 2790 4532 pietate
2831 4472 2920 4517 tua
2951 4477 3048 4534 per
3072 4463 3416 4520 tabellarium

1839 4556 2164 4612 salutatione
2212 4553 2554 4610 resalutatio.
2589 4555 2656 4608 Et
2695 4553 2916 4624 quidem
2967 4555 3246 4610 custodiat
3277 4565 3328 4611 te
3355 4557 3413 4611 in

149 4649 639 4720 γραμματηφόρου
677 4648 1210 4722 άντίπροσφώνησις.
1238 4649 1349 4704 Καί
1375 4667 1438 4719 γε
1472 4649 1677 4722 Κύριος
1705 4652 1734 4705 6

1844 4658 2122 4722 posterum
2176 4646 2443 4703 Dominus
2487 4646 2632 4701 Deus
2676 4655 2864 4700 noster
2889 4646 3071 4700 anima
3103 4655 3158 4701 et
3185 4661 3416 4716 corpore

149 4739 290 4804 Θεὸς
316 4739 474 4811 ἡμῶν
501 4739 849 4810 διαφυλάξειέ
881 4758 941 4794 σε
974 4742 1235 4813 ἀπήμονα
1257 4741 1400 4813 ψυχῇ
1424 4759 1484 4795 τε
1509 4742 1602 4794 καὶ
1627 4740 1734 4794 σώ-

150 4848 291 4902 ματι
323 4831 461 4904 πρὸς
478 4831 542 4886 τὸ
562 4832 712 4904 ἑξῆς,
743 4834 803 4886 ἐν
835 4832 915 4904 τῷ
945 4833 1132 4905 ἄρχειν
1159 4851 1219 4888 τε
1251 4834 1344 4887 καὶ
1372 4833 1733 4900 ἐξουσιάζειν·

147 4923 232 4987 ὡς
265 4923 336 4978 ἂν
364 4923 471 4978 ὐπὸ
507 4923 644 4978 Θεοῦ
687 4941 770 4978 σοι
800 4924 869 4978 δι’
897 4925 1078 4980 αὐτῶν
1114 4932 1224 4979 τῶν
1262 4926 1606 4997 πραγμάτων
1639 4941 1738 4996 με·

149 5014 508 5087 μαρτύρηται
553 5016 590 5087 ἡ
639 5015 854 5081 ἐξουσία
895 5015 1160 5072 δεδόσθαι.
1205 5018 1422 5088 Ἐπειδὴ
1467 5018 1523 5070 δὲ
1569 5018 1744 5088 φειδοῖ

144 5110 255 5178 τῆς
285 5107 669 5172 ταπεινώσεως
697 5109 856 5179 ήμῶν
899 5107 1064 5179 (οὕτω
1094 5110 1201 5181 γὰρ
1252 5109 1602 5181 πιστεύομεν,
1641 5110 1736 5165 xal

145 5197 257 5252 οὐκ
285 5197 507 5269 ἄλλως),
531 5198 779 5271 διελέχθη
808 5217 900 5254 σου
916 5201 950 5271 ἡ
968 5199 1220 5254 εὐσέϐεια
1245 5199 1322 5272 τῷ
1343 5199 1578 5272 ἀδελφῷ,
1608 5200 1737 5273 περὶ

145 5287 257 5358 τῆς
287 5289 599 5354 ὑποθέσεως
643 5289 754 5344 τῶν
788 5288 990 5361 τριχῶν
1028 5289 1186 5344 τοῦτο
1223 5290 1319 5343 καὶ
1353 5291 1532 5344 ἐκεῖνο
1572 5308 1733 5363 ποιηο

149 5380 371 5435 σάντων
402 5380 593 5452 ὴμῶνο
623 5381 722 5436 καὶ
766 5381 843 5446 ὡς
875 5381 995 5437 δέον
1041 5385 1134 5436 καὶ
1169 5382 1362 5451 καιρὸν
1393 5382 1734 5448 σκοπεῖσθαι,

150 5472 252 5527 καὶ
297 5471 600 5537 κανονικῶς
628 5473 911 5545 πράττειν,
945 5474 1038 5528 καὶ
1079 5473 1138 5527 ὲν
1173 5476 1287 5538 τοῖς
1321 5474 1543 5538 οἰκείοις
1583 5475 1732 5546 ὅροις

149 5563 383 5634 μένεινο
443 5564 631 5637 ἐπειδὴ
695 5565 792 5620 xal
853 5565 1199 5638 πατριάρχης
1265 5564 1738 5637 προκαθεζόμενος

146 5649 302 5710 ὦδε·
353 5656 564 5728 τάληθῆ
621 5655 1059 5728 ἀπολογούμεθα.
1113 5657 1384 5729 Πρότερον
1433 5659 1736 5728 άπευχαρι-

149 5749 416 5812 στοῦντες
469 5749 646 5820 αὐτῇο
703 5750 784 5804 ὅτι
847 5749 1083 5804 πονοῦσά
1143 5750 1260 5803 ἐστι
1313 5749 1408 5802 καὶ
1463 5749 1736 5820 κηδομένη

147 5842 269 5898 τῶν
303 5842 427 5896 καθ’
456 5844 624 5911 ἡμᾶς.
659 5844 767 5897 Kal
807 5843 946 5897 δέον.
1004 5841 1224 5911 ἰδίωμα
1255 5843 1363 5912 γάρ
1397 5841 1528 5895 αὐτὸ
1557 5840 1734 5906 τοῦτο,

1837 4740 2166 4796 incolumem
2195 4737 2252 4792 in
2274 4735 2745 4791 administratione
2772 4734 2988 4805 imperii
3008 4743 3062 4790 et
3083 4735 3372 4804 potestatis
3397 4754 3412 4790 :

1835 4839 1897 4886 ut
1924 4844 2012 4885 res
2033 4831 2166 4898 ipsa;
2187 4823 2502 4882 testimonio
2525 4825 2665 4889 *sint,
2688 4831 3016 4893 potestatem
3035 4837 3068 4878 a
3093 4821 3206 4878 Deo
3230 4824 3412 4878 datam

1836 4924 2024 4981 fuisse.
2041 4921 2307 4988 Quoniam
2321 4927 2502 4974 autem
2522 4917 2576 4971 in
2601 4915 2922 4972 humilitatis
2943 4924 3142 4972 nostra:
3163 4917 3416 4986 gratiam,

1839 5015 1918 5071 sic
1957 5013 2104 5069 enim
2154 5010 2448 5074 credimus,
2487 5016 2543 5062 et
2573 5021 2684 5061 non
2730 5007 2908 5072 aliter,
2953 5007 3127 5077 pietas
3171 5013 3264 5061 tua
3289 5023 3416 5062 cum

1843 5102 2010 5157 fratre
2035 5109 2223 5155 nostro
2281 5099 2552 5152 collocuta
2595 5106 2699 5162 est,
2733 5111 2852 5159 nos,
2883 5096 2935 5150 in
2967 5111 3034 5151 eo
3053 5096 3200 5166 quod
3227 5097 3294 5152 ad
3335 5112 3419 5152 ca-

1842 5195 2001 5267 pillos
2029 5192 2244 5257 attinet,
2274 5191 2378 5245 hoc
2400 5199 2456 5244 et
2483 5189 2614 5244 illud
2637 5187 2814 5260 egisse
2845 5204 2860 5252 ;
2903 5197 2958 5243 et
2989 5189 3136 5259 quod
3167 5195 3420 5260 oporteat

1847 5297 2060 5358 tempus
2103 5283 2476 5348 considerare,
2501 5291 2556 5336 et
2600 5281 2902 5337 secundum
2935 5297 3178 5337 canones
3225 5297 3412 5352 agere,

1845 5388 2009 5448 atque
2047 5377 2187 5432 intra
2232 5374 2482 5445 proprios
2528 5373 2728 5429 limites
2772 5375 3096 5438 consistere,
3136 5388 3260 5429 cum
3295 5374 3422 5430 istic

1837 5470 2146 5542 patriarcha
2177 5468 2466 5538 praesideat
2496 5483 2512 5533 ;
2561 5480 2691 5522 vera
2729 5465 3126 5535 respondemus
3160 5483 3174 5518 :
3211 5465 3419 5536 gratias

1836 5565 1987 5636 prius
2003 5572 2225 5635 agentes
2244 5569 2349 5615 tuae
2370 5557 2580 5630 pietati,
2602 5557 2744 5628 quod
2763 5557 2929 5612 rebus
2950 5556 3156 5612 nostris
3175 5546 3418 5610 studium

1833 5666 1887 5712 ct
1918 5670 2103 5710 curam
2125 5654 2418 5725 impendat.
2453 5653 2519 5707 Et
2540 5651 2716 5706 decet.
2749 5648 2861 5704 Hoc
2880 5650 3025 5703 enim
3053 5649 3231 5718 ipsum
3264 5661 3416 5701 sum-

1835 5763 1936 5801 ma:
1965 5747 2108 5800 illius
2127 5761 2288 5816 quam
2317 5745 2677 5814 praedicamus
2713 5740 2971 5795 bonitatis
2996 5748 3102 5793 tuae
3130 5739 3412 5810 proprium

1833 5848 1936 5905 est,
1988 5837 2216 5909 ejusque
2275 5843 2674 5909 argumentum.
2744 5831 2822 5886 Ac
2891 5831 3124 5888 fortasse
3182 5841 3413 5906 propter
