4044 6366
622 343 731 410 995

1798 333 1859 393 S.
1886 323 2280 390 THEODORI
2319 325 2664 387 S'J‘UDIT/E

3789 324 3904 390 996

621 455 1082 531 propinquitatem
1137 450 1427 526 peculiaris
1472 447 1691 520 quidam
1729 461 1841 518 prae
1859 440 2081 519 caeteris
2109 437 2194 495 af-

2320 436 2394 490 :al.
2447 437 2724 510 μαρτυρία
2783 436 2881 531 τῆς
2908 429 3121 531 ,ἧσπερ
3169 412 3584 508 ἀναγγέλλομεν
3631 452 3730 492 σου
3793 455 3902 493 κα-

624 551 801 608 fcctus
833 565 954 606 esse
977 547 1162 606 debet.

695 731 867 803 Leges
905 743 1035 800 ergo
1063 724 1262 784 divina:
1287 731 1438 784 sunt,
1459 717 1701 786 domine,
1727 727 1784 772 et
1813 729 2055 772 canones
2075 712 2203 785 qui-

622 823 727 880 bus
771 821 990 878 ducitur
1046 815 1295 889 quisquis
1340 813 1601 884 pietatem
1652 805 1802 870 colit,
1850 805 2050 877 quibus
2100 817 2205 860 nec

623 915 748 972 addi
793 913 1088 984 quidquam
1119 910 1202 964 fas
1249 915 1354 972 est,
1391 919 1495 960 nec
1523 900 1757 958 detrahi.
1788 899 1854 954 Ili
1889 914 1991 953 nos
2015 893 2200 961 etiam,

623 1007 822 1064 millies
874 1004 1004 1059 licet
1041 1014 1310 1063 erremus,
1341 1005 1397 1051 et
1419 994 1539 1050 aliis
1580 993 1636 1048 in
1671 992 1855 1058 rebus,
1906 998 1962 1044 et
1995 987 2051 1042 in
2101 986 2205 1042 hac

624 1099 1000 1171 capillatorum
1048 1108 1234 1158 causa,
1304 1089 1574 1146 inhibent.
1623 1084 1694 1141 Et
1742 1081 2203 1155 quemadmodum

623 1191 867 1264 potentia
900 1197 991 1244 tua
1023 1188 1239 1258 piorum
1270 1183 1627 1239 Dominorum
1657 1187 1972 1234 nostrorum
2005 1182 2204 1230 statuta

625 1287 917 1340 observare
963 1280 1168 1339 studet.
1221 1292 1369 1332 nunc
1417 1272 1714 1329 incidentia
1748 1269 2018 1334 referens,
2054 1280 2205 1322 nunc

625 1377 890 1447 imperata
920 1385 1250 1442 exsequens,
1301 1367 1694 1436 includensque
1723 1371 1780 1418 et
1809 1360 2119 1426 eliminans,
2150 1367 2206 1414 et

624 1482 968 1540 quaecunque
992 1467 1094 1521 alia
1124 1463 1470 1533 contingunt,
1512 1458 1717 1513 nullius
1746 1453 1978 1512 reverita
2005 1467 2204 1524 perso-

624 1579 751 1618 nam
781 1575 962 1631 neque
1006 1572 1226 1629 parvam
1269 1569 1448 1625 neque
1490 1546 1748 1622 magnam
1797 1565 1812 1602 :
1861 1546 2008 1618 quod
2055 1544 2205 1600 enim

625 1653 797 1710 semel
825 1652 1052 1718 audivit,
1080 1660 1136 1707 et
1159 1651 1486 1720 imperatum
1535 1652 1642 1708 est,
1674 1641 1900 1712 implere
1931 1638 2155 1695 festinat
2186 1653 2203 1704 ;

626 1762 753 1804 cum
777 1743 1082 1817 perieulum
1112 1743 1186 1797 sit
1215 1755 1326 1795 non
1351 1739 1488 1805 leve,
1513 1735 1798 1808 paululum
1817 1729 2044 1788 differre
2075 1747 2089 1784 :
2125 1729 2206 1783 sic

627 1855 780 1911 ergo,
808 1853 875 1894 ac
908 1837 1080 1892 multo
1113 1834 1306 1905 magis,
1354 1831 1514 1886 nobis
1557 1828 1650 1900 qui
1689 1823 1995 1882 sacerdotio
2029 1821 2209 1892 fungi-

629 1947 773 1997 mur,
805 1930 981 2001 majus
1010 1936 1067 1984 et
1094 1923 1412 1983 damnosius
1436 1931 1522 1978 est
1543 1919 1870 1992 periculum,
1900 1931 2010 1970 non
2028 1912 2213 1970 omnia

629 2023 873 2094 explere,
924 2035 1049 2091 quae
1077 2034 1108 2074 a
1139 2033 1268 2090 rege
1319 2016 1704 2070 universorum
1743 2009 1856 2066 Deo
1901 2023 2000 2078 per
2027 2019 2214 2062 sacros

630 2129 872 2172 canones
905 2122 962 2169 et
1002 2111 1221 2168 divinos
1261 2094 1688 2164 Patres-sancite!
1717 2109 1866 2158 sunt.
1898 2098 2054 2166 Quod
2080 2111 2213 2152 vero

633 2217 966 2281 praeceptum
1021 2205 1094 2261 sit
1140 2204 1410 2263 divinum,
1463 2199 1643 2270 primo
1699 2194 1922 2265 quidem
1972 2189 2214 2281 declarat

527 2364 532 2367 Ἴ
632 2280 930 2371 Apostolus
954 2298 999 2331 ⁷⁸
1028 2313 1044 2364 ;
1076 2295 1275 2351 deinde
1308 2289 1747 2349 Conslitutiones
1772 2287 1816 2319 ⁷⁸
1841 2305 1854 2340 :
1897 2292 2011 2338 tum
2041 2280 2215 2352 Chry-

634 2399 911 2448 sostomus
935 2388 1003 2453 ",
1054 2395 1310 2442 astruens
1346 2390 1635 2454 peccatum
1679 2377 1738 2432 in
1781 2374 2040 2432 confesso
2067 2385 2213 2434 esse,

635 2482 681 2538 si
730 2481 814 2536 vir
844 2495 1058 2536 comam
1094 2478 1202 2534 alat
1243 2495 1256 2532 :
1292 2476 1512 2531 demum
1548 2479 1752 2528 sanctae
1795 2465 2000 2540 Synodi
2045 2472 2216 2520 sexta:

635 2586 816 2628 canon
841 2571 909 2637 ⁷⁸,
956 2565 1584 2626 excommunicationem
1639 2562 1709 2616 iis
1738 2559 1832 2630 qui
1863 2573 1973 2612 non
1997 2555 2216 2612 obtem-

637 2673 836 2736 perant
868 2663 1117 2720 indicens
1147 2679 1162 2717 :
1195 2675 1356 2732 quem
1384 2673 1494 2713 una
1539 2653 1788 2711 misimus
1818 2659 1880 2708 ut
1902 2652 2007 2706 hoc
2030 2646 2216 2703 audito

637 2765 932 2829 cognoscat
951 2770 1050 2811 nos
1081 2761 1398 2824 peccatores
1424 2756 1579 2804 extra
1601 2758 1843 2802 canones
1868 2740 2006 2797 nihil
2032 2752 2214 2811 agere.

639 2850 828 2920 Neque
879 2863 979 2903 nos
1009 2844 1236 2902 canonis
1273 2842 1438 2912 hujus
1476 2847 1756 2920 compotes
1792 2849 1938 2890 nunc
1975 2832 2216 2903 primum

639 2914 772 2998 facti
823 2955 1032 3002 sumus,
1059 2937 1154 2993 sed
1207 2935 1412 2992 dudum
1457 2952 1471 2989 :
1525 2914 1691 3002 idque
1723 2933 2072 3000 perspectum
2113 2922 2218 2978 fuit

635 3033 970 3107 praecedenti
1029 3031 1196 3086 etiam
1236 3025 1574 3098 patriarchae.
1604 3021 1741 3077 Nam
1770 3029 1825 3076 et
1853 3027 2218 3089 congruenter

2303 531 2637 600 λοκαγαθίας
2677 547 2692 561 ·
2731 530 2873 600 τάχα
2901 529 2958 584 δὲ
2990 532 3086 584 καὶ
3121 528 3213 583 διὰ
3261 529 3364 600 τὴν
3390 530 3714 600 ἀγχιστείαν
3743 531 3908 601 ὀφεί-

2303 624 2384 678 λει
2417 641 2502 688 τις
2535 617 2675 678 εῖναι
2709 621 2996 694 ίδικωτέρα
3033 621 3185 694 παρὰ
3218 623 3347 685 τοὺς
3397 621 3593 688 ἄλλους
3628 623 3902 689 διάθεσις.

2372 717 2549 788 Νόμοι
2583 715 2897 788 τοιγαροῦν,
2931 711 2977 770 ὦ
3021 716 3293 784 δέσποτα,
3318 715 3489 782 θεῖοι,
3521 717 3621 771 καὶ
3661 717 3902 782 κανόνες

2303 809 2442 865 εἰσὶν
2463 811 2511 862 οἱ
2537 809 2763 877 ἄγοντες
2787 808 2966 864 πάντα
2986 808 3079 862 τὸν
3108 807 3446 864 εὐσεϐοῦντα
3465 823 3480 838 ⁸
3523 810 3661 880 παρ’
3684 801 3771 874 οἷς
3797 811 3904 864 οὐκ

2305 903 2452 958 ἔστιν
2493 900 2616 956 οὔτε
2663 901 2979 972 πρόσθεσιν,
3004 900 3129 954 οὔτε
3164 898 3360 970 ὕφεσιν
3394 900 3702 956 ποιεῖσθαι.
3730 900 3903 955 Αὐτοὶ

2304 996 2402 1050 καὶ
2439 995 2586 1066 ἡμᾶς
2618 993 2748 1056 τοὺς
2774 992 3093 1057 ταπεινοὺς,
3124 992 3174 1046 εί
3208 991 3304 1046 καὶ
3349 991 3621 1063 μυριάκις
3655 991 3901 1061 σφαλλό-

2308 1089 2468 1161 μεθα,
2509 1088 2648 1160 πρὸς
2674 1086 2798 1150 ταῖς
2829 1084 3020 1149 ἀλλαις
3049 1084 3369 1150 ὑποθέσεσι,
3401 1084 3496 1137 καὶ
3530 1083 3616 1146 είς
3647 1082 3755 1154 τὴν
3785 1083 3900 1136 τῶν

2305 1185 2623 1253 κομώντων,
2661 1181 2894 1251 ίσχουσι.
2927 1180 3056 1232 Καὶ
3099 1176 3289 1248 ὥσπερ
3323 1177 3357 1248 ὴ
3401 1175 3628 1241 ἐξουσία
3667 1193 3768 1230 σου
3831 1176 3901 1230 τά

2304 1274 2706 1346 διατεταγμένα
2756 1271 3057 1351 πρὸςτῶν
3115 1270 3366 1324 εὐσεϐῶν
3423 1271 3584 1340 ἡμῶν
3619 1269 3900 1324 δεσποτῶν

2305 1368 2596 1441 φυλάττειν
2642 1363 3064 1435 διαγωνίζεται·
3091 1361 3171 1432 πῆ
3228 1362 3326 1433 μὲν
3354 1361 3770 1429 ἀναγγέλλουσι
3829 1360 3904 1416 τά

2307 1459 2716 1531 συμϐαίνοντα,
2776 1456 2853 1526 πῆ
2917 1455 2978 1509 δὲ
3057 1452 3413 1524 ἐκπληροῦσα
3471 1451 3542 1506 τά
3617 1468 3900 1525 προστασ-

2307 1554 2509 1624 σόμενα
2539 1567 2555 1582 °
2597 1549 2862 1622 εῐργουσά
2913 1564 2973 1602 τε
3037 1547 3132 1601 καὶ
3199 1545 3564 1617 ἀφορίζουσα,
3635 1544 3738 1598 καὶ⁵
3794 1545 3900 1598 ὅσα

2305 1643 2441 1699 ἄλλα
2521 1639 2908 1713 ὲπισυμδαίνει
2935 1655 2950 1670 ⁸
3013 1638 3076 1692 οὑ
3139 1630 3542 1706 δυσωπουμένη
3623 1634 3902 1707 πρόσωπά

2311 1755 2431 1791 τινα
2461 1735 2590 1808 [ms.
2630 1735 2765 1807 Beg.
2800 1732 3082 1806 προσώπῳ
3122 1730 3300 1804 cum],
3349 1729 3474 1806 οὔτε
3529 1729 3727 1802 μικρά,
3771 1728 3900 1784 οὔτε

2316 1827 2563 1899 μεγάλα⁸
2613 1824 2760 1892 ἅπαξ
2822 1823 2931 1894 γάρ
2986 1821 3016 1876 6
3062 1822 3268 1893 ἢκουσε
3309 1819 3403 1874 καὶ
3463 1819 3755 1890 ὲνετάλθη,
3801 1819 3900 1872 ὲκ·

2311 1917 2556 1990 πληροῦν
2577 1915 3018 1972 κατασπεύδεται
3040 1929 3056 1944 ·
3091 1913 3337 1976 κίνδυνος
3366 1913 3476 1984 γάρ
3519 1912 3619 1982 οὐχ
3650 1914 3678 1966 6
3715 1909 3899 1981 τυχὼν

2311 2012 2416 2067 κᾶν
2471 2011 2608 2083 προς
2651 2007 2848 2082 μικρὸν
2891 2003 3297 2062 ἀναϐάλλεσθαι
3319 2021 3334 2036 ο
3373 2003 3518 2058 οὕτω
3565 2002 3752 2057 τοίνυν
3800 2003 3902 2056 καὶ

2311 2104 2492 2176 πολλῷ
2541 2103 2743 2175 μᾶλλον
2769 2102 2854 2171 ἐφ’
2887 2101 3020 2172 ἡμῖν
3060 2100 3180 2164 τοῖς
3218 2096 3446 2169 λαχοῦσι
3474 2096 3537 2150 τὸ
3566 2094 3898 2167 ἱερατεύειν,

2315 2193 2522 2264 μείζων
2549 2192 2646 2244 καὶ
2672 2189 2793 2243 ὀλεθ
2803 2188 3064 2260 ριὼτερος
3081 2188 3112 2240 6
3133 2187 3408 2252 κίνδυνος,
3445 2186 3522 2256 μὴ
3545 2181 3900 2256 ἀπο-περαιώ-

2314 2300 2430 2336 σειν
2473 2281 2656 2337 πάντα
2677 2280 2748 2334 τὰ
2785 2279 2874 2334 διά
2907 2279 3016 2333 τῶν
3051 2279 3217 2334 θείων
3253 2277 3520 2342 κανόνων,
3557 2276 3655 2330 καὶ
3683 2274 3899 2338 ⁴θεσπε·

2315 2374 2446 2426 σίων
2482 2371 2746 2442 Πατέρων
2767 2410 2784 2436 ,
2822 2370 2974 2442 παρὰ
3007 2370 3105 2424 τοῦ
3142 2368 3410 2441 βασιλέως
3453 2366 3562 2421 τῶν
3590 2365 3729 2421 ὅλων
3757 2365 3897 2420 Θεοῦ

2313 2462 2793 2535 προστασσόμενα.
2821 2460 2945 2514 Ὀτι
2977 2459 3036 2514 δὲ
3077 2460 3411 2533 πρόσταγμα
3452 2457 3621 2523 θεῖον,
3677 2455 3900 2528 πρῶτον

2317 2555 2418 2626 μὲν
2447 2556 2675 2626 φανεροί
2699 2556 2728 2608 6
2757 2552 3080 2616 ’Δπόστολος
3097 2568 3112 2582 ·
3136 2551 3330 2605 ἔπειτα
3358 2551 3414 2604 αί
3441 2546 3716 2614 διατάξεις
3742 2564 3760 2580 ο
3783 2542 3901 2601 εἶτα

2311 2650 2342 2703 6
2368 2649 2753 2720 Χρυσόστομος
2770 2663 2785 2678 ο
2808 2643 3240 2708 κατασκευάζων
3273 2643 3579 2714 ἁμάρτημα
3600 2641 3898 2713 ὁμολογούο

2318 2758 2480 2812 μενον
2497 2735 2639 2796 εἶναι
2661 2739 2726 2794 τδ
2748 2738 2929 2811 κομᾷν
2949 2738 3076 2801 τοὺς
3095 2736 3300 2809 ἄνδρας
3321 2752 3336 2774 ο
3357 2734 3668 2788 τελευταῖον
3685 2733 3719 2786 6
3742 2732 3897 2805 παρά

2313 2834 2380 2903 τῇ
2425 2831 2562 2903 ἕκτῃ
2604 2831 2739 2902 ἁγίᾳ
2783 2830 2988 2900 συνόδῳ
3035 2825 3242 2893 κανὼν,
3271 2825 3630 2900 προστάσσων
3657 2825 3761 2879 καὶ
3797 2825 3900 2894 ἀφ-
3977 2861 3984 2865 -

2315 2923 2544 2996 ορισμὸν
2575 2925 2688 2988 τοῖς
2715 2923 2790 2994 μὴ
2817 2921 3162 2992 πειθομένοις
3191 2934 3205 2949 ο
3227 2919 3287 2972 ὃν
3319 2919 3415 2973 καὶ
3442 2917 3736 2972 ἀπέστειλα
3765 2931 3782 2945 ⁸
3813 2915 3902 2970 ἵνα

2319 3015 2587 3086 αὐτήκοοι,
2609 3014 2906 3086 γενομένη,
2939 3013 3097 3084 γνοίη
3124 3012 3292 3084 μηδὲν
3318 3013 3468 3082 ἡμᾶς
3484 3012 3609 3074 τοὺς
3630 3010 3902 3081 ἀμαρτω-

641 3099 803 3180 nobis
832 3123 1046 3176 locutus
1067 3129 1171 3186 est,
1206 3134 1316 3173 non
1352 3117 1644 3185 increpans
1669 3111 1796 3182 ;qui
1821 3109 1967 3166 enim
2000 3113 2216 3178 poterat

2320 3106 2446 3171 λοὺς
2477 3106 2847 3170 ἀκανονίστως
2886 3107 3078 3160 ποιεῖν.
3114 3103 3309 3175 Ἡμεῖς
3340 3103 3399 3156 δὲ
3437 3101 3629 3156 τούτου
3668 3099 3770 3154 τοῦ
3807 3117 3903 3153 κιο

643 3223 895 3276 exstante
922 3227 1132 3270 canone
1157 3211 1181 3264 ?
1213 3211 1308 3267 sed
1349 3207 1679 3279 approbans,
1712 3211 1769 3259 et
1793 3200 2022 3258 canonis
2049 3198 2214 3254 etiam

643 3309 981 3366 mentionem
1025 3321 1056 3360 a
1099 3319 1186 3358 me
1213 3303 1408 3357 factam
1447 3313 1570 3354 esse
1619 3295 1809 3351 dicens
1843 3312 1857 3348 :
1906 3306 2216 3364 quanquam

643 3400 816 3468 auditi
845 3413 956 3454 non
994 3410 1204 3452 sumus.
1233 3393 1433 3448 Verum
1461 3389 1529 3446 de
1557 3385 1970 3459 dispensatione
1996 3382 2218 3454 quidem

647 3493 794 3550 haud
837 3490 970 3546 satis
1009 3495 1198 3544 exacte
1227 3484 1369 3556 apud
1405 3483 1585 3554 ipsum
1631 3477 2054 3536 disserebamus.
2107 3473 2220 3530 Nos

643 3601 776 3643 vero
815 3585 1086 3640 hactenus
1125 3579 1181 3634 in
1222 3579 1369 3633 hunc
1413 3574 1634 3630 modum
1668 3569 2055 3641 transegimus,
2107 3583 2219 3623 non

643 3679 860 3753 publice
887 3674 1055 3732 verba
1083 3671 1351 3728 facientes
1387 3666 1554 3738 ;quia
1583 3661 1824 3735 episcopi
1845 3676 1955 3716 non
1988 3673 2218 3716 sumus:

644 3752 741 3830 sed
766 3771 822 3825 in
851 3766 1068 3840 propria
1097 3761 1339 3820 Ecclesia
1380 3759 1735 3822 excubantes,
1758 3754 1887 3825 quia
1918 3752 2220 3809 sacerdotio

643 3836 1044 3933 fungimbriac
1079 3852 1234 3908 nefas
1259 3859 1342 3907 est
1362 3863 1562 3919 corpus
1582 3853 1639 3903 et
1661 3845 1981 3917 sanguinem
2003 3836 2229 3900 Domini'

642 3950 819 4010 nostri
843 3948 972 4006 Jesu
995 3945 1199 4003 Christi
1229 3943 1460 4014 prodere
1482 3940 1552 3996 iis
1579 3939 1672 4010 qui
1695 3935 1982 3992 manifeste
2016 3935 2220 3991 obstri-

643 4044 716 4100 cti
774 4049 902 4098 sunt
957 4043 1304 4112 peccatozet
1332 4032 1580 4104 quisquis
1630 4030 1722 4087 ille
1768 4030 1856 4092 sit,
1903 4043 2012 4081 non
2069 4027 2216 4093 novi,

642 4130 1231 4190 nisi'emendationem
1279 4122 1584 4196 promittat.
1630 4118 1921 4174 Enimvero
1951 4115 2136 4170 multis
2165 4123 2221 4170 et

645 4224 978 4281 indulsimus
1008 4230 1064 4276 et
1109 4215 1455 4289 indulgemus
1492 4211 1561 4266 ad
1590 4225 1756 4264 unam
1799 4222 1972 4278 usque
2004 4215 2062 4260 et
2088 4205 2223 4261 alte-

644 4331 762 4370 ram
787 4309 1272 4368 commonitionem
1297 4304 1381 4361 vel
1405 4303 1570 4358 etiam
1598 4300 1840 4356 tertiam:
1863 4297 2010 4369 quod
2036 4304 2219 4352 autem

644 4409 901 4480 amplius,
949 4402 1299 4476 negligentia,
1336 4409 1391 4456 et
1418 4411 1693 4454 canonum
1732 4394 2072 4465 contemptio
2111 4401 2218 4457 est,

2325 3200 2475 3263 νόνος
2517 3200 2619 3252 οὑκ
2655 3199 2977 3269 ὲπικρατεῖς
3000 3196 3094 3250 νῦν
3128 3195 3457 3266 γεγόναμεν,
3493 3191 3629 3246 ἀλλά
3676 3190 3856 3245 πάλαι
3884 3200 3900 3220 ⁶

2325 3293 2418 3348 καὶ
2454 3292 2694 3362 γνωστὸν
2722 3292 2916 3362 γέγονε
2937 3291 3030 3345 καὶ
3057 3289 3136 3362 τῷ
3159 3287 3604 3360 προηγησαμένῳ
3633 3283 3904 3356 πατριάρ-

2326 3403 2428 3458 χῃο
2460 3385 2588 3438 ἐπεὶ
2617 3384 2714 3439 καὶ
2764 3382 3015 3453 διελέχθη
3049 3381 3210 3453 ἡμῶν
3245 3381 3314 3436 τά
3344 3379 3532 3433 εἰκότα
3556 3392 3570 3406 ⁶
3599 3377 3697 3431 οὑκ
3723 3377 3902 3445 ἐγκα-

2325 3479 2454 3544 λῶν,
2495 3477 2611 3532 ἀλλ’
2649 3475 3046 3546 ἀποδεχόμενος
3075 3488 3090 3504 ⁸
3129 3473 3250 3535 πῶς
3277 3473 3386 3542 γάρ
3416 3471 3483 3525 ἀν
3519 3468 3615 3523 καὶ
3644 3467 3903 3538 ἠδύνατο,

2326 3568 2550 3632 κανόνος
2590 3566 2848 3638 κειμένου
2885 3582 2902 3632 ;
2932 3564 3109 3632 λέγων
3135 3580 3197 3617 τε
3243 3563 3328 3617 ὅτι
3353 3561 3545 3631 γέγονε
3570 3559 3741 3630 κάμοὶ
3773 3559 3905 3612 61:6-

2331 3679 2530 3735 μνησις
2554 3659 2685 3733 περὶ
2708 3660 2898 3714 τούτου
2917 3673 2932 3688 °
2956 3658 3061 3712 κᾶν
3092 3657 3197 3712 οὐκ
3219 3654 3560 3728 ἠκοὺσμεθα.
3589 3652 3731 3707 Ἀλλ’
3767 3651 3906 3706 ὲκεί-

2327 3772 2403 3826 νῳ
2445 3753 2542 3824 μὲν
2565 3750 2664 3823 τὴν
2691 3747 3004 3820 οἰκονομίαν
3036 3747 3137 3801 οὑκ
3159 3740 3668 3819 ὴκριδολογούμεθα
3689 3755 3704 3770 °
3740 3741 3906 3812 ἡμεῖς

2327 3849 2386 3903 δὲ
2424 3848 2530 3911 ἓως
2571 3844 2669 3899 τοῦ
2707 3842 2804 3898 νῦν
2835 3843 2980 3897 οὕτω
3021 3839 3337 3912 διήλθομεν,
3369 3837 3431 3892 οὑ
3466 3834 3743 3908 δημοσίως
3787 3833 3905 3887 δια-

2327 3936 2648 4010 γορεύοντες
2677 3950 2690 3964 ·
2721 3933 2845 3988 ἐπεὶ
2905 3931 3039 4004 μηδὲ
3090 3927 3506 3996 ἐπισκοποῦμεν
3533 3939 3548 3954 ·
3613 3925 3674 3978 ὲν
3725 3922 3796 3976 δὲ
3843 3921 3902 3992 τῇ

2327 4029 2504 4100 οἰκείᾳ
2546 4027 2847 4098 Ἐκκλησία
2876 4023 3291 4095 φυλαττόμενοι,
3322 4019 3459 4073 διότι
3507 4012 3867 4086 ίερατεὺομεν
3887 4027 3902 4040 ·

2328 4124 2422 4178 καὶ
2441 4121 2705 4192 προέσθαι
2723 4120 2784 4174 τὸ
2809 4117 2970 4189 σῶμα
2994 4116 3088 4170 καὶ
3111 4109 3251 4185 αἷμα
3266 4110 3362 4166 τοῦ
3385 4109 3595 4182 Κυρίου
3611 4109 3646 4178 ἡ
3655 4106 3779 4179 μῶν
3808 4107 3906 4175 Ἰη-

2331 4214 2424 4269 σοῦ
2438 4211 2678 4286 Χριστοῦ
2696 4213 2754 4265 ὲν
2774 4212 2890 4273 τοῖς
2910 4205 3360 4280 ὁμολογουμένως
3384 4202 3789 4274 κρατουμένοις
3819 4195 3905 4265 ὑφ’

2329 4307 2549 4379 ἀμαρτή
2558 4305 2848 4378 ματος,οὐχ
2864 4297 2976 4356 οἷόν
2991 4303 3052 4355 τέ
3062 4303 3198 4355 ἐστι.
3218 4295 3625 4353 Κάνόστιστοῦν
3639 4294 3904 4365 τυγχάνῃ,

2326 4399 2427 4453 οὐκ
2454 4393 2590 4452 οἶδα·
2617 4396 2667 4449 εί
2693 4395 2768 4466 μὴ
2789 4391 3186 4462 ἐπαγγέλλεται
3213 4387 3313 4460 τὴν
3333 4384 3776 4459 διόρθωσιν.“Καὶ
3788 4383 3905 4451 ’γὰρ

643 4463 866 4558 vel‘Dei
899 4463 1141 4569 potius;
1170 4463 1296 4566 quo-
1309 4491 1512 4548 conditi
1540 4498 1688 4546 sunt.
1712 4488 1841 4558 Haec
1865 4463 2217 4544 est'defensio

2331 4490 2544 4552 πολλοῖς
2569 4488 2666 4542 καὶ
2692 4463 3156 4556 συνεχωρήσαμεν
3169 4480 3266 4534 καὶ
3284 4475 3725 4550 παραχωροῦμεν
3747 4474 3904 4544 μέχρι

644 4600 854 4658 nostra,
891 4587 1141 4651 Domine,
1161 4585 1303 4655 apud
1339 4583 1606 4637 illustrem
1633 4579 2010 4637 excellentiam
2031 4588 2179 4636 tuam
2207 4594 2224 4646 ;

645 4701 809 4758 quam
872 4695 1181 4755 precamur,
1230 4685 1292 4731 ut
1314 4689 1643 4747 quocunque
1705 4673 1848 4728 fama
1897 4671 2224 4743 pervaserit,

648 4788 904 4849 tanquam
935 4776 993 4831 in
1016 4773 1188 4830 oculis
1203 4770 1320 4836 Dei,
1355 4784 1386 4824 a
1407 4783 1514 4840 quo
1529 4766 1822 4840 judicanda
1838 4774 1894 4822 et
1918 4765 2228 4822 mercedem

649 4883 936 4943 receptura
989 4879 1098 4933 est,
1139 4863 1524 4924 convenientia
1564 4870 1840 4934 suggerat.
1892 4859 2050 4927 Quod
2079 4858 2227 4915 enim

651 4981 817 5021 manu
845 4972 1032 5018 nostra
1053 4960 1348 5032 quidquam
1377 4957 1467 5013 hic
1486 4955 1649 5012 alicui
1681 4953 1998 5021 fecerimus,
2039 4952 2236 5009 ridicu-

651 5058 766 5112 lum
813 5063 899 5110 est
926 5054 1014 5110 vel
1061 5051 1213 5108 credi
1247 5050 1317 5106 ab
1366 5049 1476 5104 ullo
1503 5047 1596 5118 qui
1626 5045 1821 5117 sapiat.
1856 5044 2018 5100 Nullo
2047 5045 2232 5100 modo.

651 5147 759 5204 Sed
787 5145 1152 5218 quodcunque
1179 5142 1410 5216 egimus,
1435 5139 1492 5195 id
1520 5153 1646 5194 cum
1679 5137 1830 5192 omni
1864 5135 2235 5192 obtestatione

653 5237 913 5307 omnique
967 5232 1348 5306 recipientium
1409 5227 1803 5301 approbatione
1855 5235 2068 5298 gestum
2126 5233 2230 5290 est,

655 5341 771 5384 tum
821 5334 878 5382 et
909 5325 1142 5382 crinium
1173 5321 1476 5393 amputatio
1507 5320 1563 5374 in
1603 5319 1669 5373 iis
1702 5317 1797 5388 qui
1829 5315 2230 5388 propemodum

655 5419 875 5491 cingulo
905 5425 1065 5472 tenus
1114 5415 1314 5472 comati
1344 5422 1524 5475 erant,
1554 5421 1809 5480 tanquam
1852 5410 2115 5466 socordia:
2133 5409 2232 5465 de-

655 5513 789 5579 diti;
815 5525 885 5566 ne
911 5508 1192 5565 videamur
1223 5507 1308 5562 vel
1339 5505 1610 5562 tantillum
1639 5518 1669 5558 a
1689 5518 1902 5558 canone
1926 5503 2184 5558 recedere
2216 5519 2233 5570 ;

657 5613 831 5675 utque
863 5601 992 5657 hinc
1026 5600 1259 5658 fortasse
1288 5599 1468 5669 aliqua
1494 5595 1590 5650 fiat
1613 5594 1679 5650 ad
1710 5595 1936 5650 meliora
1969 5592 2234 5648 instaura-

2337 4583 2465 4653 μιᾶς
2490 4579 2588 4633 καὶ
2617 4577 2880 4647 δευτέρας
2909 4573 3294 4644 ὑπομνήσεως,
3327 4570 3362 4640 ἢ
3390 4570 3486 4624 καὶ
3507 4567 3704 4640 τρίτης
3734 4581 3748 4594 ·
3773 4563 3904 4618 τδδὲ

2332 4671 2517 4735 πλέον,
2545 4669 2838 4741 ἀδιαφορία
2857 4706 2872 4732 ,
2897 4667 2993 4720 καὶ
3019 4664 3130 4718 τῶν
3176 4662 3420 4718 κανόνων
3459 4658 3871 4730 καταφρόνησις
3887 4693 3902 4717 ,

2339 4761 2543 4835 μᾶλλον
2585 4759 2643 4814 δὲ
2678 4755 2814 4812 Θεοῦ
2836 4798 2852 4824 ,
2886 4756 3011 4827 παρ’
3043 4746 3106 4808 οὗ
3157 4752 3440 4824 ἐδόθησαν.
3472 4749 3627 4820 Δῦτη
3682 4747 3840 4820 ἡμῶν
3873 4747 3903 4814 ἡ

2334 4851 2622 4920 ἀπολογία,
2652 4849 2910 4914 δέσποτα,
2945 4847 3083 4918 πρὸς
3113 4845 3214 4915 τὴν
3276 4842 3534 4915 ὑπερφυῆ
3571 4858 3668 4895 σου
3715 4840 3906 4912 ὑπερο-

2332 4945 2454 5017 χήν.
2487 4942 2597 4997 Καὶ
2624 4941 2862 5012 δεόμεθα
2892 4939 3062 5010 αὐτῆς
3091 4938 3340 5006 ὅπουπερ
3360 4934 3426 4988 ἀν
3454 4935 3698 5005 ἐπιρρυῇ
3722 4931 3905 4999 λόγος,

2331 5037 2400 5092 τά
2427 5036 2620 5092 δέοντα
2647 5033 2724 5099 ὡς
2751 5033 2858 5088 ὑπδ
2885 5031 3022 5087 Θεοῦ
3052 5027 3456 5101 ἀνακρινομένη
3503 5027 3600 5079 καὶ
3641 5023 3907 5095 μισθαπο-

2331 5129 2634 5202 δοτουμένη
2667 5127 2986 5183 ὑποόαλεῖν.
3007 5125 3149 5195 Περὶ
3177 5123 3286 5194 γάρ
3320 5121 3416 5176 τοῦ
3445 5123 3529 5176 ὅτι
3558 5119 3706 5190 χειρὶ
3730 5115 3911 5184 ἐποιή-

2335 5242 2508 5296 σαμεν
2539 5225 2703 5294 ἡμεῖς
2751 5220 2988 5276 ἐνταῦθά
3013 5237 3142 5284 τινι,
3173 5215 3382 5286 γελοῖόν
3411 5216 3530 5268 ἐστι
3561 5213 3623 5267 τδ
3653 5211 3906 5266 πιστεῦεο

2337 5318 2462 5372 σθαι
2495 5319 2631 5388 πρός
2650 5333 2798 5380 τινος
2826 5313 2936 5368 τῶν
2969 5310 3402 5384 εὐφρονούντων.
3447 5300 3912 5377 Οὑδαμῶς.Ἃλλά

2331 5411 2394 5464 τὸ
2451 5408 2582 5480 παρ’
2613 5406 2774 5480 ἡμῶν
2803 5405 2941 5477 μετά
2994 5405 3176 5474 πάσης
3210 5399 3635 5474 παρακλήσεως,
3667 5394 3767 5449 καὶ
3809 5390 3911 5446 τῶν

2333 5501 2787 5571 καταδεχομένων
2822 5497 2958 5570 μετά
2983 5497 3167 5568 πάσης
3199 5490 3660 5562 συγκαταθέσεως
3687 5485 3879 5556 γέγονε
3896 5497 3911 5512 ⁸

2333 5593 2430 5647 καὶ
2455 5593 2576 5654 τότε
2601 5589 3066 5664 ἀκρωτηριασμὸς
3111 5587 3219 5642 τῶν
3252 5582 3698 5657 ὑπερκομώντων
3733 5574 3914 5650 σχεόδν

734 5801 782 5835 τ’
811 5799 834 5856 ι
870 5799 994 5857 τοῖ’.
1025 5817 1100 5866 τι,
1141 5800 1226 5854 η.
1303 5799 1349 5832 ⁷⁸
1380 5796 1568 5854 Const.
1609 5803 1784 5865 apost.
1821 5790 1914 5850 lib.
1946 5808 1986 5864 ι,
2015 5806 2135 5862 cap.
2165 5791 2217 5847 3.

2320 5791 2339 5824 '
2375 5791 2433 5848 S.
2464 5789 2744 5864 Chrysost.
2779 5791 2831 5846 in
2865 5789 2891 5845 1
2920 5787 3044 5846 Cor.
3121 5788 3164 5821 ’⁷⁸
3193 5785 3324 5860 Syn.
3369 5783 3542 5842 Trull.
3570 5799 3689 5841 can.
3721 5783 3816 5837 96.
