4044 6366
225 345 338 412 997

1432 358 1974 423 EPISTOLARUM
2008 364 2156 438 LIB.
2196 367 2248 429 Ι.

3372 380 3478 450 998

229 457 400 528 μέχρι
454 455 698 525 ζώσεως,
729 458 826 514 καὶ
865 461 1434 536 καταϐλακευομένων
1467 485 1481 498 ο
1525 468 1614 522 ἵνα
1633 467 1805 533 δόξω-

1913 474 2007 530 tio.
2037 475 2146 531 Ora
2171 490 2322 548 ergo,
2356 477 2598 545 domine,
2624 489 2684 536 ut
2722 481 2874 552 juste
2905 494 2964 541 et
2986 496 3178 558 pacate
3207 502 3310 546 nos
3335 493 3491 550 viva-

228 564 339 618 μεν
365 550 562 620 μικρόν
587 567 641 602 τι
669 549 766 603 τοῦ
793 552 1018 616 κανόνος
1042 552 1118 625 μὴ
1137 555 1474 612 ἀποπίπτειν
1502 574 1515 588 ·
1553 559 1648 612 καὶ
1675 557 1807 622 ἴσως

225 639 298 690 ἐκ
327 637 522 693 τούτου
550 641 775 711 γένηταί
808 662 893 709 τις
921 645 1059 716 πρὸς
1084 645 1146 699 τὸ
1173 645 1384 715 βέλτιον
1421 648 1803 718 ὲπαναδρομή.

226 729 422 802 Εὗχου·
461 731 662 798 τοίνυν,
691 726 738 786 ὦ
792 735 1062 803 δέσποτα,
1096 737 1338 808 ὲννόμως
1375 739 1471 792 καί
1510 737 1806 810 εἰρηνικῶς

224 823 383 892 ἡμᾶς
436 822 536 896 ζῇν
557 842 573 858 ο
612 827 940 898 συμϐάλλων
973 829 1069 880 καὶ
1110 828 1181 882 τά
1211 835 1346 899 παρ’
1373 830 1571 885 ἑαυτοῦ
1596 832 1656 886 ἐν
1687 831 1804 894 τοῖς

225 914 551 988 συμμεθέξῃ
582 918 616 988 ὴ
648 918 807 990 τιμία
835 935 930 971 σου
957 919 1104 990 ψυχὴ
1131 919 1226 974 τοῦ
1253 921 1471 992 καλοῦἠ.

443 1051 580 1108 κη’.
606 1083 676 1094 —-
704 1056 998 1120 Βασιλειῳ
1047 1055 1371 1126 μονάζοντι
1423 1057 1586 1130 [μζζ]

1916 583 2058 632 mus,
2083 567 2246 624 etiam
2267 584 2386 639 quae
2415 579 2503 624 tua
2532 581 2662 627 sunt
2701 573 2992 644 conferens
3017 577 3072 631 in
3099 580 3303 636 nostris
3324 581 3490 641 rebus

1913 659 2093 730 quoad
2141 670 2296 730 potes
2327 679 2342 716 :
2374 669 2435 716 ut
2460 661 2505 716 si
2533 663 2666 732 quid
2705 664 2809 719 erit
2840 666 2998 733 recti,
3030 670 3408 742 particeps.sit
3432 682 3490 731 et

1912 751 2092 804 anima
2131 761 2223 806 tua
2263 753 2582 808 reverenda.

1911 843 2036 898 καθ’
2091 845 2240 916 ἡμᾶς
2287 846 2430 900 κατά
2486 846 2548 901 τὸ
2592 846 2848 903 δυνατόν’
2882 849 2971 905 ἵνα
3018 851 3114 908 ἐάν
3162 870 3216 908 τι
3247 852 3478 923 ἀγαθὸν,

2265 1048 2504 1105 XXVIII.
2537 1071 2604 1090 -ι-
2630 1049 2832 1107 Basilio
2861 1055 3131 1111 monacho.

1219 1174 1406 1237 Purgat
1424 1188 1479 1222 se
1502 1177 1564 1226 de
1587 1177 1870 1226 schismate.
1905 1173 2102 1238 (Baron.
2123 1182 2204 1218 an.
2229 1167 2340 1228 808,
2360 1182 2412 1217 η.
2433 1164 2532 1229 26.)

315 1278 650 1350 Ἐδεξάμεθά
680 1296 775 1332 σου
801 1280 871 1335 τὰ
891 1281 1197 1352 γράμματα
1224 1283 1323 1354 τῆς
1347 1284 1642 1354 ἀδελφικῆς
1674 1285 1812 1353 ἀγά-

229 1389 365 1442 πης,
401 1373 494 1425 καὶ
549 1372 944 1443 ἐθαυμάσαμεν
972 1373 1068 1426 ὲπὶ
1104 1375 1170 1444 τῇ
1199 1374 1375 1446 ἀθρόα
1401 1377 1676 1447 μεταϐολῇ
1714 1378 1807 1430 αὐ-

231 1466 357 1534 τῆς.
389 1463 470 1518 Td
497 1463 596 1534 μὲν
620 1464 863 1534 πρότερα
889 1463 1000 1533 (ἵνα
1027 1464 1096 1518 τά
1117 1463 1252 1518 ἀλλα
1283 1466 1430 1520 ἐάσω
1452 1467 1677 1537 λέγειν),
1709 1466 1810 1519 οὐκ

227 1555 515 1622 ἀναγκαῖα
553 1553 681 1606 ὄντα
735 1554 878 1607 κατὰ
921 1554 982 1607 τὸ
1009 1555 1440 1626 παριστάμενον
1485 1558 1685 1628 Ἰωσὴφ
1711 1557 1806 1611 τοῦ

227 1641 516 1712 οἰκονόμου
545 1641 882 1712 κατηγορίαν
919 1636 1085 1712 εἴχον,
1112 1643 1187 1706 ώς
1233 1643 1424 1706 κακῶς
1473 1644 1808 1709 εἰσελθόντος

226 1735 398 1790 αὑτοῦ
427 1735 507 1797 εἰς
535 1734 632 1804 τὴν
673 1733 1022 1806 Ἐκκλησίαν.
1059 1733 1140 1787 ra
1158 1733 1215 1787 δὲ
1243 1734 1474 1805 δεύτερα
1493 1736 1809 1791 τούναντίον

232 1825 487 1880 ἀθώωσιν
538 1825 876 1895 ἐμφαίνοντα
923 1825 1264 1880 παντάπασι.
1296 1826 1406 1880 Καὶ
1451 1827 1480 1880 ό
1509 1825 1599 1880 τὸν
1647 1827 1808 1881 αὑτὸν

233 1916 378 1970 κτιτά
412 1916 475 1970 τὸ
515 1917 646 1972 αὐτὸ
681 1917 938 1987 πρᾶγμα,
967 1917 1098 1971 ποτὲ
1152 1917 1255 1986 μὲν
1285 1916 1547 1983 ἐπαινῶν,
1578 1918 1710 1971 ποτε
1748 1917 1807 1972 δὲ

226 2009 418 2076 ψέγων
447 2022 462 2036 ⁸
502 2006 531 2060 ὅ
576 2023 631 2059 τι
681 2006 830 2076 λέγει
865 2023 950 2070 τις
982 2005 1091 2060 τῶν
1119 2006 1312 2075 ἁγίων,
1335 2005 1625 2075 γινώσκειν
1653 2006 1806 2076 ὀφεί-

229 2099 314 2152 λει
337 2099 372 2170 ἡ
405 2098 684 2153 θεοσέϐειά
711 2115 826 2153 σου.
867 2097 1014 2152 Ἀλλ’
1039 2096 1180 2151 ἔστω
1209 2097 1368 2151 τοῦτο
1384 2099 1463 2161 εἰς
1485 2097 1656 2163 οὐδὲν,
1687 2096 1808 2152 καί-

225 2207 340 2261 περ
363 2189 768 2258 ἐναντιολογίας
794 2187 856 2242 ὃν
872 2188 1115 2259 ὄφλημα.
1149 2187 1215 2241 Τί
1251 2188 1308 2242 δὲ
1333 2189 1416 2244 ὄτι
1441 2187 1614 2254 οὕτως
1643 2189 1808 2262 ἀκρί-

225 2298 340 2346 τως
377 2280 685 2352 προήχθης,
719 2281 852 2350 πρὶν
902 2276 1259 2352 ἐξεταστικῆς
1290 2281 1386 2334 καὶ
1417 2281 1808 2353 μαθηματικῆς

227 2373 433 2443 πείρας
468 2371 857 2443 ἀποφήνασθαι
892 2370 1036 2426 κατά
1067 2372 1170 2443 τῆς
1215 2370 1603 2436 ταπεινώσεως
1645 2372 1806 2444 ἡμῶν

223 2464 660 2533 ἀποσχοινισμδν
715 2466 814 2534 τῆς
853 2462 978 2516 καθ’
1007 2465 1158 2535 ἡμᾶς
1191 2464 1548 2536 Ἐκκλησίας,
1582 2466 1676 2520 καὶ
1718 2465 1807 2520 διά

221 2554 388 2608 τοῦτο
443 2554 895 2624 ἀναθεματισμόν
925 2570 941 2619 ;
973 2556 1245 2630 Hpocrexe
1284 2554 1545 2621 σεαυτῷ,
1579 2556 1750 2625 φησὶν
1776 2555 1806 2608 ό

221 2645 405 2716 λόγος’
431 2647 549 2712 καὶ,
581 2647 731 2714 Πρὶν
768 2645 1100 2714 ἐξετάσεις,
1125 2646 1212 2716 μὴ
1233 2646 1469 2717 μέμψῃ·
1496 2647 1612 2712 καὶ,
1639 2645 1804 2715 Πρῶο

223 2753 339 2792 τον
403 2739 652 2804 νόησον,
683 2736 785 2790 καί
847 2740 982 2791 τότε
1021 2737 1284 2807 ἐπιτίμα.
1322 2737 1471 2809 Αὐτὴ
1528 2737 1584 2790 δὲ
1643 2724 1806 2808 μηδὲν

221 2830 438 2882 τούτων
486 2829 929 2899 παρατηρήσασα
951 2868 968 2895 ,
1029 2829 1167 2899 μηδὲ
1230 2829 1667 2900 ὐπολογισαμένη
1722 2831 1804 2884 ὅτι

223 2918 493 2988 πρόσεστι
525 2919 618 2972 καὶ
647 2920 779 2988 ἡμῖν
805 2921 1022 2984 πάντως
1045 2919 1110 2972 τὸ
1137 2921 1284 2974 κατὰ
1313 2921 1470 2989 λόγον
1498 2921 1678 2990 λέγειν
1709 2921 1806 2974 καὶ

225 3009 496 3080 πράττειν
519 3025 533 3039 ·
553 3008 726 3074 οὕτως
747 3009 824 3074 ὠς
847 3009 1194 3074 ἀπαιδεύτοις
1218 3012 1314 3066 καὶ
1340 3013 1555 3082 ἀλόγοις
1579 3013 1673 3067 καὶ
1705 3014 1806 3084 ἀρ-

1913 3012 2114 3067 tirones
2161 3027 2225 3068 ac
2276 3011 2530 3073 novitios,
2580 3010 2873 3080 increpasti
2925 3029 2939 3065 ε

221 3099 537 3168 τιγεύστοις
564 3101 664 3170 τῆς
689 3102 983 3172 μοναδικῆς
1005 3101 1301 3166 πολιτείας,
1324 3103 1419 3158 καὶ
1432 3105 1489 3157 ὲν
1513 3105 1813 3177 μαθητευο-

228 3191 417 3261 μένοις
432 3192 677 3246 τελοῦσιν
708 3193 1076 3264 ὲπετίμησάςο
1101 3196 1195 3249 καὶ
1213 3197 1273 3248 οὐ
1295 3195 1455 3265 μόνον
1470 3195 1814 3263 τοῦτο,ίάλλά

224 3284 328 3337 καὶ
357 3283 700 3354 ἐπέπληξας.
724 3284 835 3338 Καὶ
882 3284 1001 3338 είθε
1027 3286 1188 3341 τοῦτο
1213 3305 1224 3316 ·
1248 3287 1386 3341 ἀλλά
1413 3291 1510 3343 καὶ
1531 3289 1812 3358 ἀναθεμα-

224 3374 411 3446 τισμῷ
433 3374 820 3446 παρέπεμψας.
845 3375 957 3430 Καὶ
973 3375 1075 3446 φεῦ
1102 3377 1172 3431 τά
1199 3378 1309 3431 τῶν
1333 3377 1658 3448 ἀνθρώπωνί
1691 3377 1813 3442 Πῶς

225 3464 334 3516 οὐκ
361 3465 455 3517 ἐπὶ
486 3463 925 3532 πολὺδιασώζεις
961 3465 1089 3529 τοὺς
1115 3469 1217 3535 τῆς
1237 3465 1420 3536 φιλίας
1443 3468 1816 3537 ὄρουςάμετα-

229 3556 529 3626 κινήτους;
561 3557 611 3609 εἰ
662 3555 770 3626 γάρ
811 3557 973 3610 τοῦτο
1019 3557 1236 3628 ὑπῆρχε
1281 3561 1346 3630 τῇ
1400 3558 1676 3630 τιμιότητί
1719 3575 1813 3612 σου

228 3646 561 3716 ἀκραιφνὲς,
593 3647 696 3700 οὐκ
725 3645 791 3700 ἂν
820 3647 997 3711 οὕτως
1047 3649 1380 3719 ἀπροόπτως
1413 3649 1512 3720 τὴν
1533 3649 1816 3704 εὐτέλειαν

226 3738 262 3806 ἡ
273 3736 392 3806 μῶν
422 3739 837 3808 κατεκερτόμει.
867 3739 1015 3808 Πλὴν
1042 3738 1184 3804 ἄξιοι
1233 3739 1344 3793 τῶν
1390 3740 1656 3794 τοιούτων
1677 3758 1692 3772 ο
1720 3741 1816 3794 καὶ

225 3827 292 3878 οὐ
331 3825 648 3896 θαυμαστὸν
706 3829 756 3880 εἰ
801 3828 897 3883 καὶ
969 3828 1074 3881 ὑπὸ
1144 3829 1245 3898 τῆς
1309 3829 1490 3899 φιλίας
1547 3848 1640 3884 σου
1680 3848 1817 3903 προ-

227 3915 680 3988 πηλακιζόμεθα.
725 3917 920 3989 Ἡμεῖς
963 3919 1022 3972 δὲ
1051 3923 1080 3972 ὅ
1110 3921 1282 3990 ἐσμεν
1307 3960 1322 3987 ,
1355 3921 1473 3992 Θεῷ
1503 3922 1604 3992 μὲν
1635 3940 1817 3992 πεφα-

226 4008 561 4080 νερώμεθαο
595 4009 804 4064 δίκαιον
855 4010 913 4064 δὲ
976 4011 1075 4066 καί
1127 4014 1197 4083 τῇ
1249 4012 1468 4067 συνέσει
1528 4031 1644 4076 σου,
1679 4015 1818 4069 ἐπὰν

225 4101 552 4174 προσκόπτῃ
566 4102 658 4155 καὶ
674 4102 1120 4173 σκανδαλίζηται,
1137 4105 1496 4175 ὲπιδηλῶσαι.
1517 4107 1632 4161 Οὐκ
1650 4107 1818 4178 ἐσμὲν

227 4195 582 4264 ἀποσχισταὶ,
611 4188 658 4248 ὦ
697 4193 988 4264 θαυμάσιε,
1015 4197 1116 4266 τῆς
1147 4196 1241 4250 τοῦ
1271 4196 1408 4250 Θεοῦ
1455 4197 1778 4270 Ἐκκλησίας
1798 4213 1814 4230 ·

232 4287 447 4358 μήποτε
468 4287 624 4340 τοῦτο
653 4287 948 4360 πάθοιμενο
981 4289 1096 4344 ἀλλ’
1127 4290 1176 4343 εί
1199 4291 1293 4344 καὶ
1316 4289 1490 4354 ἄλλως
1515 4293 1572 4345 ὲν
1606 4291 1819 4355 πολλοῖς

239 4379 609 4449 ἁμαρτήμασι
637 4379 1014 4449 τυγχάνομεν.
1070 4380 1267 4451 Ὅμως
1311 4381 1597 4455 ὀμόσωμοι
1643 4382 1812 4452 αὐτῆς

231 4467 330 4521 καὶ
349 4468 606 4536 τρόφιμοι
625 4469 762 4537 μετὰ
777 4469 884 4523 τῶν
900 4469 1058 4524 θείων
1072 4471 1377 4542 δογμάτων
1403 4474 1638 4538 καὶτοὺς
1653 4475 1817 4528 δανό-

233 4574 334 4620 νας
358 4557 528 4628 αὐτῆς
551 4558 648 4613 καὶ
676 4558 1038 4624 διατυπώσεις
1058 4561 1360 4634 γλιχόμεθα
1387 4563 1780 4633 φυλάττεσθαι.

304 4647 380 4701 Τὸ
409 4647 468 4700 δὲ
509 4649 796 4720 ταράττειν
828 4651 924 4706 καὶ
970 4652 1291 4724 ἀποσχίζειν
1335 4656 1430 4710 ἀπ’
1478 4657 1677 4728 αὐτῆς,
1712 4657 1814 4730 τὴν

236 4737 514 4809 μηδεμίαν
540 4740 775 4812 ἐχούσης
801 4741 1018 4813 ἀληθῶς
1065 4743 1315 4816 κηλῖδαῆ
1363 4748 1550 4818 ῥυτίδα
1580 4749 1724 4804 κατά
1755 4766 1816 4803 τε

232 4829 332 4882 τὸν
365 4829 465 4898 τῆς
499 4829 738 4894 πίστεως
781 4831 960 4900 λόγον,
992 4834 1089 4887 καὶ
1134 4835 1226 4889 τὸν
1254 4835 1365 4889 τῶν
1394 4838 1638 4893 κανόνων
1665 4840 1813 4910 ὅρον,

234 4919 338 4974 ἀπ’
369 4920 542 4991 ἀρχῆς
594 4921 789 4986 αἰῶνος
839 4925 936 4977 καὶ
987 4924 1151 4996 μέχρι
1181 4926 1296 4992 ῖτοῦ
1351 4927 1535 5002 δεῦρο,
1589 4931 1816 4986 ἐκείνων

233 5011 408 5076 ἐστὶν,
437 5005 512 5066 ὧν
544 5013 578 5084 ἡ
611 5012 795 5077 πίστις
825 5014 884 5068 τὸ
917 5015 1306 5088 ὲνδιάστροφον
1332 5017 1468 5090 ἔχει,
1500 5021 1592 5074 καὶ
1628 5023 1658 5076 ό
1702 5021 1816 5091 βίος

231 5103 297 5157 τὸ
327 5103 680 5158 ἀκανόνιστον
701 5103 798 5158 καὶ
828 5104 1068 5176 ἄθεσμον
1097 5123 1111 5137 ·
1146 5101 1223 5162 ὧν
1253 5103 1337 5172 εἷς
1371 5111 1490 5164 ἐστι
1516 5111 1611 5165 καὶ
1635 5113 1664 5166 ό
1700 5111 1816 5166 Ἰω-

233 5195 402 5265 σὴφὸ
454 5195 546 5249 τὸν
599 5195 786 5267 μοιχὸν
843 5197 1242 5267 στεφανώσας·
1295 5201 1350 5255 οἵ
1397 5219 1459 5255 τε
1505 5202 1683 5270 τούτῳ
1737 5202 1816 5267 ώς

231 5284 518 5356 ἀμέμπτῳ
565 5285 885 5357 ἀνεχόμενοι
931 5287 1394 5361 συλλειτουργεϊν,
1428 5296 1525 5345 καὶ
1573 5292 1682 5363 μὴν
1720 5292 1816 5346 καὶ

233 5381 287 5434 οἰ
323 5378 684 5444 συνιστῶντες
710 5379 874 5434 αὑτὸν
911 5379 986 5445 ώς
1022 5381 1216 5448 ἀθώως
1247 5381 1658 5455 ἰερουργοῦντα.
1692 5384 1816 5449 Πῶς

232 5473 349 5545 γὰρ
406 5473 708 5538 κανονικῶς
747 5474 881 5545 ημῖν
932 5473 1224 5545 γράφουσα
1250 5476 1565 5548 ήεὺλάὸειά
1609 5495 1728 5548 σου,
1753 5478 1813 5532 οὐ

241 5564 368 5627 τοὺς
397 5562 577 5630 θείους
600 5565 835 5630 κανόνας
862 5565 1181 5632 ἐπίσταται,
1209 5568 1294 5622 ὅτι
1322 5570 1443 5622 κατ’
1472 5570 1670 5634 αὐτοὺς
1717 5587 1817 5624 κα-

237 5655 552 5731 θῃρημένος
600 5655 802 5710 ὲστὶνό
853 5657 1037 5730 mp;
1074 5657 1124 5712 εἰ
1170 5659 1280 5730 γὰρ
1330 5661 1410 5725 εἰς
1457 5660 1815 5732 διγαμοῦντος

313 5770 361 5803 ”
388 5767 411 5824 1
450 5769 594 5826 Tim.
623 5784 698 5834 tv,
732 5771 818 5826 I6.
894 5773 938 5806 ⁸⁸
969 5771 1141 5827 Eccli.
1170 5787 1246 5837 ιι,
1276 5771 1333 5826 7.

1842 4351 1896 4410 D

1987 1279 2310 1349 Accepimus
2331 1276 2539 1331 litteras
2575 1274 2828 1331 fraternae
2859 1286 2964 1332 tuae
2992 1276 3292 1344 charitatis,
3315 1278 3486 1343 mira"

1916 1371 2065 1439 tique
2085 1383 2279 1424 sumus
2302 1365 2642 1436 repentinam
2665 1366 2783 1434 ejus
2804 1366 3182 1420 mutationem.
3208 1365 3487 1442 Prioribus

1912 1461 2184 1531 siquidem
2216 1458 2418 1521 verbis,
2460 1467 2520 1513 ut
2545 1467 2740 1512 caetera
2769 1457 2954 1510 sileam
2989 1473 3109 1526 quae
3136 1457 3202 1510 ad
3229 1473 3342 1512 rem
3381 1459 3486 1513 mi-

1911 1569 2020 1608 nus
2045 1550 2374 1614 necessaria,
2395 1549 2691 1618 Josepbum
2716 1563 3057 1603 oeconomum
3079 1551 3396 1616 accusabas,
3423 1561 3487 1606 ut

1910 1643 2002 1714 qui
2022 1657 2305 1714 perperam
2327 1641 2397 1696 sit
2419 1641 2698 1711 ingressus
2726 1639 2779 1693 in
2803 1639 3122 1694 Ecclesiam.
3154 1641 3486 1697 Posteriori-

1910 1736 2012 1790 bus
2045 1734 2204 1804 plane
2241 1734 2589 1787 innocentem
2619 1731 2965 1800 ostendehas.
3004 1731 3073 1785 Et
3099 1732 3192 1801 qui
3232 1733 3485 1790 eumdem

1909 1825 1965 1880 in
1994 1825 2182 1880 eadem
2203 1838 2262 1878 re
2293 1837 2440 1876 nunc
2461 1821 2672 1886 laudas,
2711 1836 2858 1876 nunc
2903 1821 3180 1890 vituperas
3215 1838 3231 1888 ;
3271 1825 3418 1894 quod
3452 1841 3486 1880 a

1907 1917 2144 1986 quodam
2189 1924 2502 1970 sanctorum
2545 1913 2752 1968 dictum
2802 1920 2906 1975 est,
2940 1913 3080 1967 scire
3119 1913 3282 1969 debet
3311 1915 3488 1984 pietas

1909 2017 2024 2062 tua.
2075 2005 2186 2062 Sed
2233 2020 2334 2075 pro
2361 2002 2535 2058 nihilo
2566 2003 2620 2057 id
2659 2001 2944 2066 habeatur,
2997 2003 3245 2072 quamvis
3299 2013 3486 2076 aperta

1907 2099 1980 2154 sit
2019 2095 2401 2153 contradictio.
2456 2093 2628 2161 Quale
2672 2107 2804 2149 vero
2833 2093 2964 2148 illud
3003 2102 3107 2159 est,
3159 2093 3304 2164 quod
3348 2093 3490 2150 adeo

1907 2188 2307 2245 inconsiderate
2332 2193 2622 2257 provectus
2649 2199 2730 2251 es,
2753 2193 2832 2250 ut,
2860 2184 3175 2255 priusquam
3206 2185 3488 2240 examina-

1905 2295 1995 2335 res
2041 2288 2098 2334 et
2151 2285 2339 2333 exacte
2387 2291 2766 2347 cognosceres,
2816 2277 3079 2332 adversus
3124 2277 3486 2333 humilitatem

1906 2380 2151 2428 nostram
2203 2364 2643 2440 pronuntiaveris
2695 2367 3087 2424 discessionem
3127 2370 3195 2424 ab
3244 2368 3486 2426 Ecclesia

1905 2468 2112 2526 nostra,
2145 2475 2209 2514 ac
2237 2459 2466 2530 proinde
2509 2459 3022 2513 anathematismum
3052 2457 3076 2512 ’ί
3125 2460 3346 2514 Attende
3395 2458 3492 2515 tibi

1907 2553 2012 2622 ipsi
2043 2553 2112 2620 "',
2147 2552 2223 2606 ait
2251 2550 2530 2621 Scriptura
2555 2566 2570 2617 ;
2601 2557 2658 2605 et
2683 2567 2697 2604 :
2736 2547 3060 2619 Priusquam
3089 2552 3398 2622 interroges,
3425 2568 3491 2606 ne

1904 2645 2206 2714 uituperes:
2245 2650 2304 2699 et
2339 2642 2579 2696 Primum
2629 2658 2893 2712 cognosce,
2939 2651 3048 2696 tum
3093 2644 3297 2712 corripe
3313 2645 3380 2697 ⁸⁸.
3405 2641 3488 2698 Tu

1905 2751 2038 2792 vero
2070 2735 2209 2790 nihil
2245 2735 2445 2790 borum
2484 2734 2803 2799 observans,
2849 2749 2953 2789 nec
2973 2734 3217 2804 cogitans
3247 2751 3406 2806 posse
3433 2744 3490 2792 et

1904 2843 2008 2882 nos
2039 2841 2103 2882 ex
2134 2827 2345 2880 ratione
2371 2840 2531 2896 agere
2557 2841 2620 2880 ac
2642 2825 2790 2896 loqui
2825 2826 2946 2891 ;sic
2973 2835 3229 2896 tanquam
3261 2827 3490 2898 imperi-

1909 2926 2015 2984 tos,
2050 2933 2114 2973 ac
2158 2917 2391 2973 rationis
2424 2927 2697 2988 expertes,
2731 2926 2986 2988 tanquam
3017 2919 3144 2974 vitae
3177 2920 3490 2976 monasticae

2993 3028 3095 3067 nec
3149 3012 3253 3069 hoc
3289 3013 3488 3081 solum,

1914 3102 2011 3157 sed
2057 3102 2250 3158 durius
2299 3101 2618 3174 objurgasti.
2677 3103 2855 3173 Atque
2898 3104 3105 3159 utinam
3163 3104 3267 3160 hoc
3314 3105 3491 3162 solum

1913 3193 2161 3264 egissesl
2207 3193 2516 3260 Quinetiam
2559 3193 2894 3250 anathemati
2963 3195 3251 3252 devovisti.
3307 3194 3352 3252 Ο
3402 3211 3492 3253 res

1915 3286 2185 3340 humanas
2219 3287 2233 3340 ἰ
2272 3295 2327 3341 et
2356 3287 2630 3356 quomodo
2673 3287 2846 3358 major
2893 3287 2988 3342 tibi
3040 3304 3170 3344 cura
3219 3305 3330 3344 non
3390 3289 3494 3347 fuit

1914 3377 2166 3432 amicitia:
2189 3376 2310 3448 jura
2338 3378 2738 3433 conservandi?
2767 3377 2894 3434 Haec
2931 3380 3077 3434 enim
3105 3380 3148 3434 si
3178 3390 3364 3436 sancte
3395 3395 3492 3437 co-

1914 3468 2051 3524 leret
2077 3469 2381 3524 reverentia
2415 3477 2526 3535 tua,
2557 3485 2832 3539 nunquam
2863 3471 2942 3526 sic
2965 3487 3031 3526 ex
3055 3472 3284 3541 abrupto
3309 3471 3494 3528 tenui-

1916 3568 2084 3616 tatem
2133 3568 2378 3616 nostram
2421 3560 2793 3630 proscidisset.
2831 3561 3032 3616 Verum
3072 3562 3159 3618 his
3215 3577 3316 3619 nos
3341 3563 3494 3635 digni

1916 3667 2106 3708 sumus
2130 3669 2143 3706 :
2163 3667 2264 3707 nec
2283 3652 2590 3706 mirandum
2612 3653 2657 3706 si
2675 3653 2744 3707 ab
2772 3653 3007 3708 amicitia
3030 3653 3196 3709 etiam
3215 3662 3306 3709 tua
3323 3655 3497 3711 laces-

1917 3745 2106 3799 simur.
2126 3744 2393 3800 Caeterum
2416 3743 2508 3814 qui
2528 3744 2717 3809 simus,
2738 3743 2850 3800 Deo
2871 3745 3091 3814 quidem
3115 3746 3491 3803 innotuimus:

1916 3851 2134 3906 aequum
2156 3845 2338 3891 autem
2367 3847 2422 3890 et
2450 3836 2755 3906 prudentiae
2783 3846 2908 3904 tuae,
2945 3839 3383 3908 quandoquidem
3411 3838 3498 3894 of-

1919 3924 2160 3980 fenditur
2188 3933 2244 3980 et
2271 3925 2688 3988 scandalizatur,
2718 3926 2951 3995 aperire.
2976 3926 3095 3982 Non
3135 3943 3325 3982 sumus
3355 3942 3494 3998 apo-

1920 4015 2158 4077 schistaz,
2182 4015 2268 4070 vir
2297 4014 2518 4082 eximie,
2547 4015 2615 4069 ab
2643 4014 2881 4071 Ecclesia
2913 4015 3007 4072 Dei
3039 4033 3055 4083 ;
3086 4017 3229 4072 absit
3250 4027 3309 4072 ut
3333 4018 3497 4076 nobis

1920 4105 2026 4160 hoc
2068 4104 2318 4160 eveniat!
2352 4105 2460 4160 Sed
2511 4106 2760 4175 quamvis
2801 4107 2922 4162 aliis
2971 4107 3209 4178 peccatis
3247 4109 3496 4178 plurimis

1919 4195 2165 4252 obstricti
2223 4195 2416 4264 simus,
2475 4206 2716 4253 attamen
2767 4198 2928 4254 unius
2959 4214 3082 4253 cum
3123 4199 3210 4254 illa
3251 4201 3496 4271 corporis

1922 4304 2132 4355 sumus,
2170 4290 2398 4362 ejusque
2445 4292 2649 4347 alumni
2694 4302 2748 4348 et
2791 4293 3098 4349 divinorum
3138 4281 3497 4350 documento-

1923 4396 2043 4436 rum
2073 4399 2089 4448 ;
2123 4391 2179 4437 et
2206 4397 2446 4439 canones
2474 4383 2596 4455 ejus
2623 4391 2678 4440 et
2701 4385 3124 4442 constitutiones
3145 4401 3363 4443 servare
3395 4403 3496 4444 cu-

1917 4488 2119 4543 pimus.

1987 4653 2234 4710 Turbare
2272 4663 2455 4709 autem
2485 4662 2541 4710 et
2566 4654 2636 4710 ab
2665 4653 2756 4710 illa
2786 4653 2998 4727 sejungi
3025 4693 3041 4720 ,
3069 4670 3192 4726 quae
3227 4655 3496 4711 maculam

1917 4759 2108 4800 revera
2150 4744 2357 4800 nullam
2378 4744 2562 4809 habet,
2589 4759 2770 4814 neque
2793 4759 3004 4816 rugam,
3024 4753 3140 4801 tum
3165 4745 3222 4800 in
3263 4745 3386 4801 fidei
3409 4761 3498 4802 ra—

1918 4835 2086 4904 tione,
2111 4843 2226 4889 tum
2254 4834 2310 4888 in
2331 4849 2601 4890 canonum
2628 4835 2928 4900 sanctione,
2959 4835 3029 4891 ab
3065 4835 3215 4892 omni
3250 4851 3366 4892 aevo
3400 4851 3499 4892 us-

1915 4943 2021 4998 que
2049 4927 2117 4982 ad
2139 4936 2380 4983 nostram
2406 4927 2746 4994 memoriam,
2766 4943 2956 4983 eorum
2981 4936 3066 4983 est
3085 4943 3316 4998 quorum
3360 4927 3498 4986 ﬁdes

1917 5029 2285 5076 transversum
2333 5020 2534 5091 agitur,
2565 5029 2619 5075 et
2648 5019 2758 5075 vita
2810 5021 2965 5076 exlex
2996 5029 3052 5076 et
3103 5021 3222 5078 sine
3265 5023 3491 5095 regula:

1916 5126 2150 5182 quorum
2184 5126 2250 5166 ex
2282 5125 2514 5166 numero
2540 5109 2740 5181 Josepb
2786 5111 2878 5167 ille
2915 5111 3009 5182 qui
3059 5112 3366 5170 adulterum
3404 5130 3498 5172 eo-

1917 5201 2131 5258 ronavit
2155 5221 2170 5258 :
2193 5211 2249 5258 et
2271 5201 2364 5273 qui
2393 5216 2516 5257 cum
2545 5216 2613 5257 eo
2632 5210 2887 5273 tanquam
2909 5203 3135 5261 innoxio.
3157 5203 3356 5261 offerre
3384 5220 3496 5261 non

1917 5293 2182 5361 dubitant,
2209 5294 2411 5364 quique
2438 5293 2575 5348 adeo
2596 5293 2746 5348 illum
2780 5293 3082 5351 defendunt
3107 5305 3168 5351 ut
3189 5297 3308 5352 sine
3335 5297 3495 5368 culpa

1916 5386 2333 5444 sacriﬁcantem.
2391 5385 2676 5452 Quomodo
2717 5386 2888 5450 enim,
2942 5386 2987 5444 si
3005 5387 3271 5444 canonice
3300 5387 3368 5443 ad
3391 5403 3496 5444 nos

1917 5479 2105 5536 scribit
2125 5478 2297 5550 pietas
2331 5486 2442 5545 tua,
2467 5477 2681 5534 divinos
2715 5492 2954 5533 canones
2987 5478 3222 5549 ignorat,
3255 5487 3310 5535 et
3349 5480 3496 5549 quod

1914 5572 2064 5644 juxta
2096 5572 2216 5628 illos
2241 5570 2522 5642 depositus
2571 5569 2656 5624 vir
2688 5569 2854 5626 fuerit
2879 5571 2903 5625 ἲ
2925 5569 3061 5625 Nam
3118 5571 3162 5626 si
3206 5571 3263 5625 in
3294 5571 3496 5640 digami

1916 5663 2126 5734 nuptiis
2192 5662 2402 5734 epulari
2457 5661 2834 5734 presbyterum
2866 5671 3054 5718 vetant
3082 5680 3098 5718 :
3126 5661 3256 5732 quid
3284 5663 3342 5720 in
3371 5676 3497 5718 eum
