4044 6366
592 306 700 372 995

1767 305 1828 365 S.
1856 298 2250 362 THEODORI
2289 301 2633 366 STUDIT/E

3754 312 3870 379 996

590 419 1050 493 propinquitatem
1105 418 1395 493 peculiaris
1441 416 1659 489 quidam
1698 432 1810 488 prae
1838 413 2049 472 caeteris
2078 412 2162 469 af-

2269 412 2362 466 καὶ
2416 415 2691 487 μαρτυρία
2751 416 2849 488 τῆς
2907 410 3089 489 ἧσπερ
3137 417 3552 493 ἀναγγέλλομέν
3598 439 3696 479 σου
3757 443 3865 482 κα-

592 513 769 570 fectus
800 529 922 570 esse
945 513 1128 571 debet.

661 694 833 765 Leges
871 707 1001 764 ergo
1030 690 1227 748 divina:
1253 699 1404 752 sunt,
1426 687 1667 755 domine,
1694 698 1750 743 et
1780 702 2021 743 canones
2042 686 2169 759 qui-

588 785 693 842 bus
736 785 955 840 ducitur
1011 782 1260 853 quisquis
1306 781 1566 852 pietatem
1618 776 1768 841 colit,
1816 778 2015 849 quibus
2066 792 2170 833 nec

587 878 712 934 addi
758 877 1052 948 quidquam
1084 876 1167 930 fas
1214 883 1318 940 est,
1356 888 1460 928 nec
1488 872 1721 927 detrahi.
1753 870 1818 925 Ili
1855 886 1955 925 nos
1980 868 2165 935 etiam,

588 970 786 1026 millies
838 968 967 1023 licet
1006 982 1273 1030 erremus,
1305 974 1361 1019 et
1383 964 1503 1019 aliis
1545 963 1599 1018 in
1635 963 1819 1029 rebus,
1870 971 1926 1016 et
1959 960 2014 1015 in
2064 959 2169 1016 hac

587 1062 965 1133 eapillatorum
1012 1075 1198 1125 causa,
1268 1058 1537 1113 inhibent.
1586 1055 1656 1112 Et
1705 1055 2166 1127 quemadmodum

587 1154 829 1225 potentia
863 1161 954 1208 tua
987 1154 1202 1223 piorum
1233 1151 1590 1206 Dominorum
1620 1159 1934 1205 nostrorum
1966 1155 2167 1204 statuta

587 1249 879 1302 observare
925 1245 1130 1305 studet,
1182 1260 1331 1299 nunc
1381 1243 1676 1298 incidentia
1710 1241 1979 1307 referens,
2016 1254 2167 1295 nunc

587 1340 852 1409 imperata
881 1352 1211 1408 exsequens,
1262 1336 1655 1405 includensque
1684 1342 1740 1389 et
1771 1333 2080 1399 eliminans,
2111 1342 2167 1388 et

586 1447 927 1501 quaecunque
952 1431 1054 1486 alia
1085 1430 1431 1501 contingunt,
1473 1428 1677 1483 nullius
1706 1426 1938 1483 reverita
1965 1441 2164 1496 perso-

585 1541 711 1580 nam
742 1539 922 1595 neque
966 1539 1186 1594 parvam
1228 1538 1408 1592 neque
1450 1516 1707 1592 magnam
1756 1536 1771 1573 :
1820 1519 1967 1590 quod
2015 1518 2165 1573 enim

584 1617 756 1673 semel
784 1617 1011 1682 audivit,
1039 1626 1095 1672 et
1118 1617 1445 1687 imperatum
1494 1621 1600 1679 est,
1633 1612 1859 1682 implere
1890 1611 2114 1667 festinat
2145 1628 2162 1679 ;

2270 506 2604 576 λοκαγαθίας
2645 526 2658 539 ·
2698 509 2840 579 τάχα
2868 510 2925 564 δὲ
2958 514 3053 565 καὶ
3089 511 3180 565 διὰ
3229 513 3331 584 τὴν
3357 515 3680 585 ἀγχιστείαν
3708 519 3866 590 ὀφεί-

2270 600 2351 654 λει
2384 618 2469 665 τις
2501 596 2641 656 εἶναι
2676 602 2962 674 ίδικωτέρα
2999 603 3152 676 παρά
3185 606 3314 669 τοὺς
3364 606 3560 673 ἄλλους
3594 609 3861 678 διάθεσις.

2339 694 2514 764 Νόμοι
2550 695 2863 766 τοιγαροῦν,
2897 691 2943 750 ὧ
2987 697 3259 767 δέσποτα,
3284 698 3455 766 θεῖοι,
3488 702 3586 757 καῖ⁷
3627 704 3860 771 κανόνες

2269 784 2406 840 είσὶν
2428 787 2476 839 οἱ
2502 787 2728 855 ἄγοντες
2752 788 2932 844 πάντα
2951 790 3043 843 τὸν
3073 791 3411 848 εὐσεϐοῦντα
3432 808 3446 822 ⁸
3489 797 3626 866 παρ’
3648 788 3733 861 οἷς
3756 799 3862 854 οὐκ

2270 878 2416 934 ἔστιν
2457 877 2580 932 οὔτε
2628 881 2943 951 πρόσθεσιν,
2968 882 3093 936 οὔτε
3128 881 3325 952 ὕφεσιν
3360 886 3663 942 ποιεῖσθαι.
3692 888 3861 943 Αὐτοὶ

2269 972 2365 1025 καὶ
2404 972 2550 1042 ἡμᾶς
2582 972 2712 1035 τοὺς
2738 974 3056 1039 ταπεινοὺς,
3088 975 3137 1028 εί
3171 974 3268 1028 καὶ
3314 976 3584 1047 μυριάκις
3618 979 3859 1048 σφαλλό-

2271 1066 2431 1136 μεθα,
2472 1066 2610 1137 πρὸς
2638 1066 2761 1129 ταῖς
2791 1064 2983 1129 ἄλλαις
3012 1066 3332 1133 ὑποθέσεσι,
3364 1069 3459 1121 καὶ
3494 1069 3579 1132 είς
3610 1069 3714 1141 τὴν
3745 1070 3857 1125 τῶν

2268 1162 2585 1229 κομώντων,
2624 1160 2855 1229 ῖσχουσι.
2890 1160 3000 1213 Καὶ
3060 1158 3251 1230 ῶσπερ
3286 1161 3319 1231 ή
3363 1159 3590 1226 ἐξουσία
3629 1180 3726 1217 σου
3786 1164 3858 1219 τά

2266 1252 2667 1323 διατεταγμένα
2718 1252 2881 1329 πρὸς.
2910 1252 3018 1306 τῶν
3077 1253 3327 1306 εὐσεϐῶν
3384 1255 3545 1325 ἡμῶν
3580 1256 3858 1312 δεσποτῶν

2266 1344 2557 1416 φυλάττειν
2603 1342 2984 1413 διαγωνίζεται
3010 1360 3024 1375 ⁸
3052 1343 3131 1413 πῆ
3189 1345 3287 1415 μὲν
3315 1347 3728 1414 ἀναγγέλλουσι
3784 1348 3860 1405 τὰ

2268 1436 2675 1507 συμϐαίνοντα,
2736 1436 2813 1505 πῆ
2877 1434 2938 1489 δὲ
3017 1435 3372 1507 ἐκπληροῦσα
3431 1437 3502 1491 τά
3576 1455 3857 1511 προστασ.

2266 1530 2468 1599 σόμενα
2499 1544 2514 1559 ⁸
2556 1529 2821 1599 εῐργουσά
2873 1545 2932 1582 τε
2996 1530 3091 1582 καὶ
3158 1529 3523 1600 ἀφορίζουσα,
3594 1532 3694 1584 καὶ
3751 1533 3857 1587 ὅσα

2264 1619 2399 1673 ἄλλα
2480 1619 2909 1691 ὲπισυμϐαίνει⁸
2972 1620 3035 1673 οὐ
3097 1619 3500 1691 δυσωπουμένη
3581 1621 3858 1693 πρόσωπά

584 1724 711 1765 cum
735 1708 1040 1780 periculum
1070 1709 1143 1762 sit
1174 1723 1283 1761 non
1309 1707 1447 1772 leve,
1471 1705 1754 1776 paululum
1776 1701 2002 1759 differre
2034 1720 2047 1757 :
2083 1702 2164 1757 sic

2269 1730 2389 1766 τινα
2419 1711 2547 1784 [ms.
2588 1714 2723 1785 Reg.
2758 1712 3039 1786 προσώπῳ
3080 1713 3257 1786 cum],
3308 1714 3431 1791 οὔτε
3486 1716 3683 1787 μικρά,
3728 1716 3857 1771 οὔτε

584 1817 737 1874 ergo,
766 1817 832 1857 ac
866 1802 1037 1856 multo
1070 1801 1263 1871 magis,
1311 1799 1471 1854 nobis
1514 1797 1608 1868 qui
1646 1795 1952 1852 sacerdotio
1986 1794 2166 1865 fungi-

586 1910 729 1959 mur,
761 1894 937 1965 majus
966 1902 1023 1947 et
1049 1891 1369 1947 damnosius
1392 1900 1478 1946 est
1500 1890 1826 1961 perieulum,
1858 1904 1966 1942 non
1984 1886 2169 1943 omnia

585 1986 828 2057 explere,
880 2000 1004 2055 quas
1032 2000 1063 2039 a
1094 1999 1223 2055 rege
1275 1984 1659 2038 universorum
1698 1980 1811 2036 Deo
1857 1995 1956 2049 per
1983 1993 2170 2035 sacros

585 2092 826 2133 canones
860 2086 917 2132 et
957 2076 1175 2132 divinos
1216 2062 1418 2130 Patres
1433 2074 1643 2129 sancita
1672 2080 1820 2127 sunt.
1853 2070 2009 2137 Quod
2036 2085 2168 2125 vero

588 2180 920 2242 prmeeptum
976 2170 1048 2225 sit
1094 2170 1364 2230 divinum,
1417 2167 1597 2237 primo
1653 2164 1876 2235 quidem
1927 2163 2169 2219 declarat

585 2262 882 2332 Apostolus
908 2263 952 2294 ⁷⁸
981 2278 997 2328 ;
1028 2259 1228 2315 deinde
1262 2258 1700 2315 Constitutiones
1726 2257 1770 2288 ⁷⁸
1795 2276 1807 2311 :
1851 2263 1964 2310 tum
1994 2253 2168 2325 Chry-

586 2361 863 2408 sostomus
887 2352 954 2417 ",
1006 2359 1263 2407 astruens
1300 2357 1587 2420 peccatum
1631 2347 1690 2402 in
1734 2344 1992 2402 confesso
2020 2358 2165 2406 esse,

587 2444 633 2498 si
682 2443 765 2498 vir
796 2458 1008 2499 comam
1045 2442 1153 2498 alat
1194 2460 1208 2497 :
1243 2442 1465 2497 demum
1500 2449 1703 2495 sanctae
1747 2436 1951 2510 Synodi
1997 2444 2167 2491 sextae

587 2548 767 2590 canon
792 2535 859 2599 ⁷⁸,
906 2532 1536 2590 excommunicationem
1590 2531 1660 2585 iis
1689 2529 1783 2600 qui
1814 2544 1924 2583 non
1948 2527 2166 2583 obtem-

587 2635 785 2698 perant
818 2626 1066 2683 indicens
1097 2644 1112 2681 :
1144 2642 1306 2696 quem
1335 2641 1444 2680 una
1490 2623 1739 2679 misimus
1769 2629 1830 2677 ut
1852 2622 1957 2677 hoc
1980 2619 2166 2675 audito

587 2727 880 2790 cognoscat
899 2734 1000 2774 nos
1031 2727 1347 2788 peccatores
1374 2723 1528 2771 extra
1550 2728 1792 2771 canones
1818 2712 1955 2767 nihil
1982 2724 2163 2783 agere.

587 2810 775 2880 Neque
828 2825 927 2865 nos
957 2809 1185 2866 canonis
1222 2808 1387 2877 hujus
1425 2816 1705 2878 compotes
1741 2819 1886 2860 nunc
1924 2804 2164 2874 primum

588 2901 719 2957 facti
771 2917 980 2964 sumus,
1007 2902 1102 2956 sed
1156 2901 1361 2956 dudum
1405 2919 1419 2955 :
1473 2882 1639 2969 idque
1671 2905 2021 2969 perspectum
2061 2894 2166 2950 fuit

582 2996 916 3066 praecedenti
975 2995 1142 3049 etiam
1184 2992 1522 3063 patriarchae.
1552 2989 1687 3045 Nam
1717 2999 1771 3045 et
1799 3000 2166 3060 congruenter

2272 1802 2520 1874 μεγάλα⁸
2570 1802 2717 1870 ἀπαξ
2780 1802 2888 1873 γὰρ
2943 1802 2973 1856 ὃ
3020 1803 3225 1874 ἤκουσε
3267 1803 3359 1857 καὶ
3419 1805 3710 1877 ὲνετάλθη,
3758 1807 3857 1859 ex.

2267 1894 2513 1966 πληροῦν
2534 1894 2974 1950 κατασπεύδεται
2997 1910 3012 1925 ⁸
3047 1895 3293 1959 κίνδυνος
3323 1897 3432 1968 γάρ
3475 1897 3574 1968 οὐχ
3606 1900 3636 1952 6
3671 1897 3858 1968 τυχὼν

2267 1988 2371 2042 κᾶν
2427 1988 2563 2059 πρὸς
2606 1986 2804 2060 μικρὸν
2847 1985 3289 2041 ἀναϐάλλεσθαι·
3329 1987 3473 2041 οὕτω
3520 1988 3706 2043 τοίνυν
3756 1990 3858 2045 καὶ

2266 2080 2447 2151 πολλῷ
2496 2081 2698 2151 μᾶλλον
2725 2080 2809 2150 ἐφ’
2842 2080 2975 2151 ἡμῖν
3016 2081 3134 2144 τοῖς
3172 2079 3401 2151 λαχοῦσι
3429 2080 3491 2134 τὸ
3521 2081 3854 2152 ἱερατεύειν,

2269 2167 2476 2239 μείζων
2503 2169 2600 2220 καὶ
2627 2166 3017 2239 ὁλεθριώτερος
3036 2169 3066 2221 6
3087 2168 3362 2234 κίνδυνος,
3399 2170 3476 2240 μὴ
3499 2169 3859 2243 ἀποπεραιὼ-

2268 2274 2383 2311 σειν
2426 2257 2701 2314 πάντατὰ
2739 2258 2828 2313 διὰ
2860 2259 2969 2312 τῶν
3005 2260 3170 2314 θείων
3206 2260 3474 2326 κανόνων,
3511 2262 3609 2315 καὶ
3639 2260 3858 2323 ,θεσπε-

2267 2349 2399 2402 σίων
2436 2348 2698 2419 Πατέρων
2720 2388 2736 2414 ,
2775 2350 2927 2422 παρὰ
2960 2351 3057 2405 τοῦ
3095 2350 3362 2422 βασιλέως
3406 2351 3515 2405 τῶν
3544 2350 3683 2407 ὅλων
3710 2352 3854 2408 θεοῦ

2265 2438 2745 2509 προστασσόμενα.
2773 2439 2897 2493 Ὀτι
2929 2439 2987 2493 δὲ
3029 2442 3363 2513 πρόσταγμα
3405 2441 3574 2509 θεῖον,
3632 2442 3859 2514 πρῶτον

2268 2530 2369 2601 μὲν
2398 2534 2626 2603 φανεροί
2650 2534 2679 2585 6
2709 2532 3031 2596 ’Δπόστολος
3048 2549 3064 2563 ⁸
3087 2533 3280 2587 ἔπειτα
3309 2534 3366 2587 αῖ
3394 2532 3669 2600 διατάξεις
3693 2551 3709 2567 ⁸
3732 2530 3858 2589 εἶτα

2262 2625 2293 2677 6
2319 2625 2703 2694 Χρυσόστομος
2721 2641 2735 2655 ⁸
2759 2624 3190 2689 κατασκευάζων
3223 2626 3531 2697 ἁμάρτημα
3553 2627 3853 2698 όμολογούο

2268 2733 2430 2786 μενον
2447 2711 2589 2773 εἶναι
2612 2717 2676 2771 τὸ
2698 2718 2878 2789 κομᾷν
2900 2719 3025 2781 τοὺς
3044 2717 3249 2791 ἄνδρας
3271 2735 3285 2757 ι
3307 2719 3621 2774 τελευταῖον
3642 2720 3671 2773 6
3693 2720 3851 2792 παρά

2264 2808 2330 2877 τῇ
2376 2806 2510 2878 ἕκτῃ
2553 2808 2687 2879 άγίᾳ
2732 2809 2937 2879 συνόδῳ
2984 2807 3190 2874 κανὼν,
3220 2810 3582 2882 προστάσσων
3612 2812 3710 2865 καὶ
3743 2812 3854 2882 ἀφ·-
3954 2850 3961 2856 -

2264 2899 2492 2970 ορισμὸν
2523 2901 2636 2965 τοῖς
2663 2901 2738 2972 μὴ
2766 2902 3111 2971 πειθομένοις
3140 2917 3153 2930 ⁸
3175 2902 3235 2955 ὃν
3268 2902 3363 2956 καὶ
3391 2902 3687 2956 ἀπέστειλα
3714 2919 3729 2933 ⁸
3761 2904 3855 2959 ἵνα

2266 2990 2534 3061 αὐτήκοος
2556 2993 2853 3064 γενομένη,
2887 2994 3044 3065 γνοίη
3072 2994 3239 3066 μηδὲν
3266 2996 3416 3066 ἡμᾶς
3432 2998 3560 3060 τοὺς
3582 2997 3855 3068 ἀμαρτω-

588 3085 749 3140 nobis
777 3085 992 3138 locutus
1014 3093 1117 3150 est,
1154 3098 1264 3138 non
1299 3084 1591 3152 increpans
1616 3081 1741 3152 ;qui
1767 3081 1913 3136 enim
1946 3087 2163 3150 poterat

2269 3081 2393 3146 λοὺς
2424 3083 2794 3149 ἀκανονίστως
2833 3088 3024 3141 ποιεῖν.
3062 3085 3255 3157 Ἡμεῖς
3288 3086 3346 3141 δὲ
3385 3087 3580 3141 τούτου
3621 3088 3716 3142 τοῦ
3752 3106 3856 3142 κα·-

588 3185 840 3236 exstante
868 3191 1077 3233 canone
1103 3175 1127 3229 ?
1159 3176 1253 3231 sed
1296 3174 1625 3245 approbans,
1658 3182 1714 3229 et
1739 3172 1966 3230 canonis
1995 3171 2161 3227 etiam

588 3270 925 3326 mentionem
970 3285 1001 3323 a
1043 3284 1131 3323 me
1159 3268 1355 3322 factam
1392 3281 1515 3321 esse
1565 3265 1753 3321 dicens
1788 3283 1801 3319 :
1850 3280 2162 3336 quanquam

587 3362 760 3418 auditi
790 3376 899 3415 non
938 3375 1147 3416 sumus.
1177 3359 1378 3414 Verum
1406 3357 1473 3413 de
1502 3356 1912 3427 dispensatione
1940 3356 2161 3427 quidem

590 3455 737 3511 haud
780 3453 913 3509 satis
953 3461 1141 3508 exacte
1171 3451 1312 3521 apud
1350 3450 1528 3521 ipsum
1576 3448 1997 3504 disserebamus.
2050 3448 2163 3505 Nos

585 3562 718 3604 vero
758 3547 1028 3602 hactenus
1068 3544 1124 3599 in
1165 3544 1312 3599 hunc
1357 3542 1577 3596 modum
1612 3540 1997 3611 transegimus,
2049 3557 2160 3597 non

584 3641 802 3714 publice
829 3638 997 3695 verba
1026 3637 1293 3692 facientes
1330 3651 1344 3701 ;
1369 3633 1495 3704 quia
1525 3632 1767 3703 episcopi
1788 3647 1898 3686 non
1931 3647 2159 3687 sumus:

585 3736 681 3791 sed
707 3734 761 3787 in
793 3730 1008 3804 propria
1038 3728 1279 3784 Ecclesia
1321 3726 1676 3792 excubantes,
1700 3724 1829 3795 quia
1860 3725 2162 3780 sacerdotio

583 3822 884 3895 fungimur,
919 3835 983 3875 ac
1020 3818 1175 3873 nefas
1199 3826 1282 3872 est
1303 3831 1503 3887 corpus
1523 3822 1580 3871 et
1603 3815 1921 3887 sanguinem
1945 3809 2169 3871 Domini'

583 3912 758 3970 nostri
783 3911 912 3969 Jesu
935 3910 1138 3967 Christi
1169 3909 1400 3980 prodere
1421 3908 1492 3964 iis
1520 3907 1612 3977 qui
1636 3907 1921 3962 manifeste
1956 3908 2161 3963 obstri-

581 4005 654 4060 cti
713 4011 842 4059 sunt
897 4009 1242 4075 peccatozet
1270 4000 1519 4071 quisquis
1569 3998 1662 4056 ille
1708 4000 1795 4063 sit,
1843 4015 1951 4053 non
2009 4000 2157 4066 novi,

2271 3175 2421 3239 νόνος
2463 3176 2565 3229 οὐκ
2602 3178 2922 3247 ὲπικρατεῖς
2948 3178 3041 3232 νῦν
3075 3178 3404 3250 γεγόναμεν,
3441 3178 3580 3233 ἀλλά
3629 3178 3801 3233 πάλαι
3833 3189 3852 3210 ⁸

2270 3269 2363 3323 καὶ
2400 3270 2639 3337 γνωστὸν
2667 3271 2860 3340 γέγονε
2882 3273 2975 3325 καὶ
3002 3272 3081 3344 τῷ
3106 3272 3553 3343 προηγησαμένῳ
3582 3271 3856 3342 πατριάρο

2271 3379 2373 3433 χῃο
2405 3362 2531 3415 ἐπεὶ
2562 3362 2659 3416 καὶ
2709 3362 2961 3434 διελέχθη
2994 3364 3155 3434 ἡμῶν
3189 3365 3258 3418 τὰ
3288 3363 3478 3416 είκότα
3503 3377 3517 3391 ⁸
3547 3362 3649 3417 οῦκ
3673 3363 3851 3431 ἐγκα-

2269 3454 2398 3520 λῶν,
2439 3453 2555 3508 ἀλλ’
2594 3454 2991 3525 ἀποδεχόμενος
3020 3470 3034 3484 ⁸
3074 3455 3193 3517 πῶς
3220 3454 3330 3524 γὰρ
3360 3454 3427 3508 ἂν
3464 3453 3562 3507 καὶ
3592 3454 3854 3523 ἠδύνατο,

2268 3544 2494 3609 κανόνος
2534 3545 2792 3615 κειμένου
2830 3562 2846 3612 ;
2876 3545 3052 3613 λέγων
3077 3561 3139 3597 τε
3186 3545 3270 3598 ὅτι
3296 3544 3488 3614 γέγονε
3515 3545 3687 3615 κάμοὶ
3715 3545 3856 3599 ὑπό-

2272 3656 2472 3711 μνησις
2497 3638 2628 3711 περὶ
2650 3640 2841 3693 τούτου
2860 3653 2875 3668 ⁸
2899 3638 3004 3693 κᾶν
3034 3638 3139 3693 οὐκ
3161 3638 3503 3710 ἡκούσμεθα.
3534 3638 3677 3692 Ἀλλ’
3708 3639 3857 3693 ὲκεί-

2268 3748 2344 3801 νῳ
2386 3730 2484 3800 μὲν
2507 3728 2605 3801 τὴν
2633 3727 2945 3799 οἰκονομίαν
2978 3728 3078 3782 οὐκ
3100 3726 3613 3801 ὴκριϐολογοῦμεθα
3636 3742 3651 3757 ⁸
3685 3728 3856 3799 ἡμεῖς

2269 3824 2326 3877 δὲ
2365 3824 2470 3887 ἓως
2512 3822 2609 3877 τοῦ
2648 3822 2744 3876 νῦν
2777 3822 2921 3876 οὕτω
2962 3821 3277 3893 διήλθομεν,
3310 3822 3372 3875 οὐ
3408 3820 3687 3892 δημοσίως
3723 3819 3854 3873 δια-

2268 3912 2588 3986 γορεύοντες
2617 3928 2631 3943 ⁸
2661 3912 2784 3966 ἐπεὶ
2845 3912 2979 3983 μηδὲ
3030 3911 3446 3979 ἐπισκοποῦμεν
3474 3924 3489 3939 ⁸
3556 3911 3616 3963 ὲν
3670 3908 3729 3963 δὲ
3780 3910 3851 3980 τῇ

2266 4005 2444 4075 οίκείᾳ
2486 4005 2786 4076 Ἐκκλησία
2815 4003 3231 4074 φυλαττόμενοι,
3261 4003 3399 4056 διότι
3447 3998 3808 4071 ίερατεῦομεν
3832 4015 3850 4029 ⁸

581 4094 1169 4150 nisi'emendationem
1217 4089 1523 4161 promittat.
1569 4088 1859 4143 Enimvero
1890 4088 2075 4143 multis
2104 4097 2160 4144 et

583 4185 915 4241 indulsimus
946 4192 1002 4239 et
1048 4180 1392 4253 indulgemus
1430 4178 1497 4234 ad
1528 4194 1693 4233 unam
1738 4193 1910 4248 usque
1942 4188 2000 4232 et
2026 4179 2161 4234 alte-

2267 4099 2361 4153 καὶ⁸
2380 4097 2643 4167 προέσθαι
2662 4098 2723 4151 τὸ
2747 4096 2907 4168 σῶμα
2933 4097 3025 4149 καὶ
3049 4089 3189 4166 αἷμα
3205 4093 3300 4149 τοῦ
3324 4093 3535 4166 Κυρίου
3552 4094 3587 4163 ἡ
3596 4093 3713 4164 μῶν
3741 4094 3855 4163 Ἱηο

2269 4189 2363 4244 σοῦ
2377 4188 2615 4261 Χριστοῦ
2635 4190 2692 4242 ἐν
2712 4191 2827 4252 τοῖς
2848 4187 3297 4259 ὁμολογουμένως
3322 4187 3720 4258 κρατουμένοις
3755 4183 3854 4253 ὑφ’

582 4291 699 4331 ram
724 4273 1207 4331 commonitionem
1232 4271 1317 4327 vel
1341 4270 1506 4326 etiam
1535 4269 1777 4325 tertiam:
1800 4268 1947 4339 quod
1974 4276 2157 4323 autem

2269 4282 2485 4354 ἀμαρτή
2494 4283 2785 4354 ματος,οὐχ
2801 4276 2913 4335 οἷόν
2928 4283 2988 4335 τέ
2999 4284 3135 4335 ἐστι.
3156 4280 3564 4335 Κάνόστιστοῦν
3577 4279 3854 4351 τυγχάνῃ,

580 4371 837 4441 amplius,
885 4368 1235 4440 negligentia,
1271 4376 1327 4422 et
1354 4381 1629 4421 canonum
1669 4366 2009 4436 contemptio
2047 4373 2154 4430 est,

2269 4374 2363 4427 οὐκ
2390 4369 2526 4426 οἶδα·
2554 4373 2603 4425 εί
2629 4372 2704 4443 μὴ
2725 4370 3121 4441 ἐπαγγέλλεται
3150 4369 3249 4441 τὴν
3269 4369 3856 4442 διόρθωσινίΚαὶστάρ

579 4436 691 4519 vel—
706 4462 802 4518 Dei
834 4436 1019 4531 potius
1038 4436 1076 4515 ο
1105 4475 1214 4530 quo
1244 4460 1447 4515 conditi
1475 4469 1623 4515 sunt.
1648 4458 1776 4527 Haec
1801 4468 1884 4515 est
1912 4458 2159 4516 defensio

2269 4464 2480 4528 πολλοῖς
2505 4465 2600 4518 καὶ
2627 4436 2909 4534 συνεχωρη
2919 4479 3091 4533 σαμεν
3105 4436 3660 4533 καὶ-παραχωροῦμεν
3681 4436 3855 4530 μέχρι

578 4562 789 4619 nostra,
825 4551 1075 4617 Domine,
1095 4550 1237 4621 apud
1274 4550 1539 4605 illustrem
1568 4550 1945 4606 excellentiam
1966 4560 2113 4608 tuam
2142 4567 2158 4619 ;

2272 4558 2401 4627 μιᾶς
2426 4554 2523 4609 καὶ
2551 4554 2814 4625 δευτέρας
2843 4553 3229 4625 ὑπομνήσεως,
3262 4552 3295 4624 ἢ
3325 4554 3420 4607 καὶ
3442 4551 3635 4623 τρίτης
3666 4566 3680 4580 ⁸
3703 4549 3772 4603 τὸ
3793 4550 3856 4605 δι

578 4663 742 4719 quam
806 4660 1113 4717 precamur,
1163 4651 1224 4697 ιιι
1247 4658 1577 4714 quocunque
1639 4642 1782 4698 fama
1831 4645 2157 4714 pervaserit,

2269 4647 2451 4710 πλέον,
2480 4646 2771 4718 ἀδιαφορία
2791 4685 2806 4710 ,
2831 4647 2927 4699 καὶ
2954 4644 3064 4699 τῶν
3110 4645 3353 4699 κανόνων
3393 4642 3814 4715 καταφρόνησις
3834 4682 3854 4707 ,

580 4748 836 4811 tanquam
868 4739 926 4795 in
949 4739 1120 4795 oculis
1136 4736 1251 4803 Dei,
1288 4752 1319 4791 a
1340 4751 1447 4807 quo
1462 4735 1754 4807 judicanda
1771 4744 1826 4791 et
1851 4737 2160 4793 mercedem

2272 4737 2476 4810 μᾶλλον
2519 4735 2576 4790 δὲ
2612 4733 2747 4789 Θεοῦ
2769 4776 2785 4802 ,
2820 4735 2944 4806 παρ’
2977 4727 3039 4789 οῦ
3090 4734 3373 4806 ἐδόθησαν.
3405 4734 3557 4806 Δῦτη
3612 4732 3775 4805 ἡμῶν
3817 4736 3855 4804 ἠ

582 4845 868 4906 receptura
921 4843 1029 4897 est,
1070 4831 1455 4890 convenientia
1496 4840 1771 4903 suggerat.
1824 4830 1981 4898 Quod
2010 4832 2159 4887 enim

2269 4826 2555 4896 ἀπολογία,
2584 4826 2841 4892 δέσποτα,
2878 4826 3016 4898 πρὸς
3046 4826 3147 4896 τὴν
3210 4827 3466 4898 ὑπερφυῆ
3502 4843 3597 4879 σου
3643 4826 3858 4899 ὑπερο-

582 4943 748 4983 manu
776 4937 962 4982 nostra
984 4925 1279 4996 quidquam
1308 4925 1397 4980 hic
1418 4924 1581 4981 alicui
1613 4924 1928 4991 fecerimus,
1970 4925 2164 4981 ridicu-

2269 4920 2385 4991 χήν.
2419 4919 2529 4973 Καὶ
2556 4919 2793 4990 δεόμεθα
2823 4918 2994 4990 αὐτῆς
3023 4918 3272 4989 ὅπουπερ
3293 4917 3358 4972 ἂν
3387 4919 3625 4990 ἒπιρῤυῇ
3650 4918 3820 4985 λόγος
3838 4960 3858 4983 ,

582 5019 696 5072 lum
744 5027 829 5073 est
856 5018 944 5072 vel
992 5017 1143 5072 credi
1177 5017 1248 5072 ab
1296 5017 1407 5071 ullo
1434 5015 1527 5086 qui
1558 5016 1751 5085 sapiat.
1787 5014 1948 5071 Nullo
1978 5018 2162 5073 modo.

2269 5012 2331 5067 τὰ
2358 5013 2550 5068 δέοντα
2578 5011 2655 5076 ὡς
2683 5012 2789 5067 ὑπὸ
2816 5012 2953 5065 Θεοῦ
2983 5011 3386 5083 ἀνακρινομένη
3433 5012 3528 5064 καὶ
3570 5008 3859 5081 μισθαπο-

582 5107 689 5164 Sed
716 5108 1082 5179 quodcunque
1109 5108 1340 5181 egimus,
1366 5107 1422 5162 id
1450 5122 1576 5162 cum
1609 5106 1759 5161 omni
1794 5106 2164 5164 obtestatione

2269 5107 2563 5178 Βοτουμένη
2598 5106 2915 5162 ὑποϐαλεῖν.
2938 5106 3079 5176 Περὶ
3109 5105 3219 5177 γὰρ
3252 5105 3347 5159 τοῦ
3376 5107 3458 5160 ὅτι
3488 5105 3632 5176 χειρὶ
3657 5104 3864 5175 ἐποιή-

582 5197 842 5268 omnique
896 5197 1278 5268 recipientium
1339 5196 1732 5268 approbatione
1784 5205 1997 5268 gestum
2055 5207 2159 5263 est,

2269 5218 2438 5271 σαμεν
2469 5202 2631 5271 ἡμεῖς
2680 5200 2917 5255 ἐνταῦθά
2942 5218 3073 5266 τινι,
3103 5199 3312 5268 γελοῖόν
3341 5199 3459 5252 ὲστι
3491 5198 3550 5252 τὸ
3581 5197 3856 5251 πιστεύε-

583 5301 700 5345 tnnt
749 5295 807 5343 et
837 5287 1071 5344 crinium
1102 5287 1404 5358 amputatio
1436 5287 1491 5340 in
1531 5286 1597 5341 iis
1630 5286 1725 5356 qui
1756 5288 2158 5357 prapemodum

2269 5293 2390 5347 σθαι
2424 5296 2560 5364 πρός
2579 5312 2726 5358 τινος
2755 5293 2865 5347 τῶν
2898 5293 3331 5365 εὐφρονούντων.
3376 5289 3864 5362 Οὑδαμῶς.⁹Ᾱλλά

582 5380 803 5453 cingulo
833 5388 994 5435 tenus
1042 5380 1243 5436 comati
1273 5388 1451 5441 erant,
1482 5388 1736 5449 tanquam
1779 5381 2043 5435 socordia:
2062 5381 2159 5437 de-

2269 5385 2322 5437 τὸ
2379 5385 2509 5456 παρ’
2542 5384 2701 5457 ἡμῶν
2731 5385 2869 5455 μετά
2922 5386 3106 5455 πάσης
3140 5383 3562 5457 παρακλήσεως,
3595 5380 3692 5434 καὶ
3733 5380 3862 5434 τῶν

583 5474 717 5541 diti;
743 5487 812 5528 ne
839 5471 1120 5528 videamur
1152 5472 1235 5527 vel
1268 5471 1537 5527 tantillum
1565 5486 1596 5527 a
1616 5487 1828 5527 canone
1852 5474 2111 5529 recedere
2144 5492 2160 5543 ;

2269 5477 2714 5548 καταδεχομένων
2748 5477 2885 5549 μετὰ
2910 5477 3096 5549 πάσης
3128 5474 3586 5546 συγκαταθέσεως
3613 5471 3822 5542 γέγονε
3842 5489 3861 5505 ⁸

586 5574 757 5637 utque
790 5564 918 5620 hinc
952 5564 1185 5622 fortasse
1214 5564 1394 5635 aliqua
1421 5562 1515 5619 fiat
1539 5563 1605 5618 ad
1636 5565 1862 5620 meliora
1896 5563 2161 5621 instaura-

2269 5569 2356 5622 καὶ
2382 5568 2503 5633 τότε
2527 5569 2993 5642 ἀκρωτηριασμὸς
3039 5569 3147 5624 τῶν
3180 5566 3625 5641 ὑπερκομώντων
3660 5565 3865 5637 σχεδὸν

659 5764 707 5797 τι
736 5761 757 5818 ι
796 5763 918 5820 τον,
949 5782 1024 5831 ιι,
1066 5766 1149 5821 14,
1227 5767 1273 5799 ⁷⁸
1305 5764 1492 5821 Const.
1534 5773 1708 5835 apost.
1745 5762 1838 5822 lib.
1871 5781 1909 5837 ι,
1939 5781 2059 5836 cap.
2090 5765 2144 5821 ὅ.

2300 5767 2357 5823 S.
2389 5765 2669 5840 Chrysost.
2704 5771 2756 5824 in
2789 5770 2815 5825 1
2845 5768 2969 5828 Cor.
3047 5770 3090 5803 ’⁷⁸
3118 5768 3250 5842 Syn.
3294 5766 3463 5824 Trull.
3493 5782 3617 5823 can.
3651 5768 3740 5823 96.
