4044 6366
242 349 345 416 997

1439 363 1982 428 EPISTOLARUM
2015 368 2164 444 LIB.
2203 371 2256 434 Ι.

3380 384 3486 455 998

245 461 409 532 μέχρι
462 459 706 529 ζώσεως,
737 463 833 518 καὶ
872 465 1441 541 καταδλακευομένων
1475 488 1488 502 ·
1532 472 1621 526 ίνα
1641 472 1814 537 δόξω-

1920 478 2015 535 tio.
2046 479 2154 536 Ora
2180 495 2330 552 ergo,
2364 481 2606 550 domine,
2632 493 2691 540 ut
2731 486 2883 556 juste
2913 498 2972 546 et
2993 501 3186 562 pacate
3215 507 3317 551 nos
3343 497 3499 554 viva-

244 568 346 622 μεν
373 553 570 624 μικρόν
595 570 649 606 τι
677 553 774 607 τοῦ
801 556 1025 620 κανόνος
1049 557 1126 630 μὴ
1144 559 1481 615 ἀποπίπτειν
1510 577 1523 592 ο
1561 563 1656 616 καὶ
1683 561 1815 627 ἴσως

241 643 308 694 ὲκ
333 641 529 696 τούτου
558 644 783 715 γένηταί
817 666 900 713 τις
928 648 1066 720 πρὸς
1091 649 1153 702 τὸ
1181 649 1392 720 βέλτιον
1429 652 1811 723 ὲπαναδρομή.

242 732 428 805 Εὗχου·
469 735 670 802 τοίνυν,
699 729 746 790 ὦ
800 739 1070 807 δέσποτα,
1104 741 1345 812 ὲννόμως
1382 743 1479 796 καὶ
1517 742 1814 814 εἰρηνικῶς

240 827 390 895 ἡμᾶς
444 825 544 899 ζῇν
565 845 581 862 ο
620 830 948 902 συμϐάλλων
981 833 1077 885 καὶ
1118 832 1188 886 τά
1219 838 1354 902 παρ’
1381 834 1579 889 ἑαυτοῦ
1604 836 1664 890 ὲν
1695 836 1811 898 τοῖς

241 917 559 992 συμμεθέξῃ
590 921 624 992 ἠ
656 921 815 992 τιμία
843 938 937 975 σου
965 923 1112 993 ψυχὴ
1139 923 1234 978 τοῦ
1261 925 1478 995 καλοῦὴ·

450 1055 588 1111 κη’.
613 1087 685 1098 -
711 1059 1006 1124 Βασιλειῳ
1055 1059 1380 1130 portitor-tt
1431 1060 1594 1134 [με]

1923 587 2066 637 mus,
2091 572 2254 628 etiam
2274 588 2395 644 quae
2422 583 2511 629 tua
2541 585 2670 632 sunt
2709 578 3000 648 conferens
3025 581 3080 635 in
3106 585 3310 640 nostris
3331 586 3498 645 rebus

1922 664 2101 734 quoad
2148 674 2305 734 potes
2335 683 2350 720 :
2382 674 2443 720 ut
2469 665 2514 720 si
2541 667 2674 736 quid
2713 668 2817 723 erit
2848 670 3005 738 recti,
3038 674 3416 747 particeps.sit
3440 686 3498 736 et

1920 755 2101 809 anima
2139 765 2231 811 tua
2271 757 2589 812 reverenda.

1919 848 2044 902 καθ’
2099 849 2248 920 ἡμᾶς
2295 851 2438 904 κατά
2494 850 2556 905 τὸ
2600 850 2856 908 δυνατόν’
2890 853 2978 910 τνα
3026 855 3122 911 ἐάν
3170 875 3225 913 τι
3255 857 3486 928 ἀγαθὸν,

2273 1053 2512 1109 XXVIII.
2545 1075 2612 1094 -ι-
2637 1053 2840 1111 Basilio
2869 1059 3139 1115 monacho.

1227 1177 1415 1241 Purgat
1432 1191 1487 1227 se
1511 1181 1573 1230 de
1596 1181 1878 1230 schismate.
1913 1177 2110 1242 (Baron.
2131 1187 2212 1222 an.
2236 1171 2348 1232 808,
2369 1186 2420 1221 n.
2440 1168 2541 1233 26.)

324 1282 659 1354 Ἐδεξάμεθά
687 1300 782 1337 σου
808 1284 878 1339 τὰ
899 1286 1205 1356 γράμματα
1232 1287 1331 1357 τῆς
1355 1287 1650 1358 ἀδελφικῆς
1683 1288 1820 1357 ἀγά-

241 1393 374 1446 πης,
409 1377 501 1429 καὶ
557 1376 952 1447 ἐθαυμάσαμεν
981 1377 1076 1430 ἐπὶ
1112 1380 1178 1448 τῇ
1206 1378 1384 1450 ἀθρόα
1409 1381 1684 1451 μεταϐολῇ
1723 1381 1816 1433 αὑ-

243 1470 365 1538 τῆς.
397 1467 477 1522 Τά
505 1467 604 1538 μὲν
628 1467 870 1538 πρότερα
897 1467 1008 1536 (ἵνα
1035 1468 1104 1522 τὰ
1125 1467 1261 1522 ἀλλα
1291 1470 1439 1524 ἐάσω
1460 1470 1685 1540 λέγειν),
1717 1470 1819 1523 οὐκ

239 1559 522 1626 ἀναγκαῖα
560 1557 689 1611 δντα
743 1558 886 1611 κατὰ
929 1558 990 1611 τὸ
1017 1559 1448 1630 παριστάμενον·
1493 1561 1694 1632 Ἰωσὴφ
1719 1561 1815 1615 τοῦ

238 1645 524 1716 οἰκονόμου
553 1644 889 1716 κατηγορίαν
927 1641 1093 1716 εἶχον,
1120 1647 1195 1710 ὡς
1241 1647 1432 1710 κακῶς
1481 1648 1816 1713 εἰσελθόντος

237 1739 406 1794 αὑτοῦ
435 1739 515 1801 εἰς
542 1738 640 1808 τὴν
681 1737 1030 1810 Ἐκκλησίαν.
1067 1738 1147 1792 Τὰ
1166 1737 1223 1792 δὲ
1251 1738 1482 1809 δεύτερα
1502 1739 1817 1795 τούναντίον

241 1829 495 1884 ἀθὼωσιν
545 1829 884 1899 ἐμφαίνοντα
931 1829 1272 1884 παντάπασι.
1303 1830 1415 1884 Καὶ
1459 1831 1488 1884 ό
1517 1829 1608 1884 τὸν
1655 1831 1817 1884 αὑτὸν

242 1920 386 1974 κατὰ
420 1920 483 1974 τὸ
523 1920 654 1974 αὐτὸ
689 1921 946 1992 πρᾶγμα,
975 1920 1106 1974 ποτὲ
1160 1921 1262 1990 μὲν
1292 1920 1555 1986 ἐπαινῶν,
1586 1922 1718 1975 ποτὲ
1757 1921 1816 1976 δὲ

235 2013 426 2080 ψέγων
455 2026 470 2041 ⁸
510 2011 539 2064 ὂ
584 2027 639 2064 τι
689 2010 837 2080 λέγει
874 2027 958 2074 τις
990 2009 1098 2063 τῶν
1127 2010 1320 2080 ἁγίων,
1343 2009 1634 2079 γινώσκειν
1662 2009 1814 2079 ὀφεί-

237 2103 323 2156 λει
346 2103 380 2174 ἠ
414 2102 692 2158 θεοσέϐειά
719 2119 834 2158 σου.
875 2101 1022 2156 Ἀλλ’
1047 2101 1188 2155 ἔστω
1217 2101 1375 2155 τοῦτο
1391 2103 1471 2165 εἰς
1493 2101 1664 2167 οὐδὲν,
1695 2100 1817 2156 καί-

234 2211 349 2266 περ
372 2193 777 2262 ἔναντιολογίας
802 2191 863 2246 ὃν
879 2192 1124 2264 ὄφλημα.
1157 2191 1223 2245 Τί
1259 2192 1315 2246 δὲ
1341 2193 1424 2248 ὅτι
1448 2191 1622 2258 οὕτως
1651 2193 1817 2266 ἀκρί-

234 2303 348 2350 τως
385 2285 693 2357 προήχθης,
727 2285 860 2354 πρὶν
910 2281 1267 2356 ἐξεταστικῆς
1298 2285 1393 2338 καὶ
1425 2286 1816 2357 μαθηματικῆς

235 2377 441 2447 πείρας
475 2375 865 2447 ἀποφήνασθαι
900 2374 1044 2430 κατά
1075 2376 1178 2448 τῆς
1223 2374 1610 2440 ταπεινώσεως
1652 2376 1814 2448 ἡμῶν

233 2468 668 2538 ἀποσχοινισμὸν
722 2470 822 2538 τῆς
861 2466 986 2521 καθ’
1014 2469 1165 2538 ἡμᾶς
1198 2469 1555 2540 Ἐκκλησίας,
1589 2471 1684 2524 καὶ
1725 2469 1815 2524 διὰ

230 2558 396 2613 τοῦτο
451 2558 903 2628 ἀναθεματισμόν
933 2573 949 2622 ;
981 2560 1252 2634 Πριόσεχε
1291 2558 1552 2625 σεαυτῷ,
1587 2560 1757 2630 φησὶν
1784 2559 1814 2612 ό

230 2649 412 2720 λόγος’
439 2651 557 2716 καὶ,
588 2651 739 2718 Πρίν
776 2649 1108 2718 ἐξετάσεις,
1133 2650 1220 2720 μὴ
1241 2651 1476 2721 μέμψῃ·
1503 2651 1620 2716 καὶ,
1647 2649 1812 2719 Πρῶ⁴

231 2757 346 2796 tor
409 2743 660 2808 νόησον,
691 2740 792 2794 καί
854 2743 990 2795 τότε
1029 2741 1292 2811 ἐπιτίμα.
1330 2741 1478 2813 Αὐτὴ
1535 2741 1590 2794 δὲ
1650 2741 1814 2812 μηδὲν

230 2834 444 2886 τούτων
493 2833 937 2902 παρατηρήσασα
959 2872 975 2899 ,
1038 2832 1175 2902 μηδὲ
1237 2833 1675 2904 ὑπολογισαμένη
1729 2835 1812 2888 ὅτι

232 2922 499 2992 πρόσεστι
531 2923 626 2976 καὶ
655 2924 786 2992 ἡμῖν
813 2925 1030 2987 πάντως
1053 2923 1117 2976 τὸ
1145 2925 1292 2979 κατά
1321 2925 1478 2994 λόγον
1505 2925 1686 2994 λέγειν
1717 2925 1814 2978 καὶ

233 3014 502 3085 πράττειν
526 3028 540 3043 ⁸
559 3011 734 3078 οὕτως
754 3014 832 3078 ὡς
855 3013 1202 3078 ἀπαιδεύτοις
1225 3015 1321 3071 καὶ
1348 3017 1562 3086 ἀλόγοις
1587 3017 1681 3072 καὶ
1713 3018 1813 3087 ἀρ-

1920 3017 2122 3071 tirones
2169 3031 2234 3072 ac
2283 3015 2538 3076 novitios.
2587 3014 2881 3085 increpasti
2933 3033 2946 3069 :

229 3103 544 3171 τιγεύστοις
571 3105 671 3174 τῆς
696 3106 991 3176 μοναδικῆς
1012 3105 1308 3170 πολιτείας,
1331 3107 1426 3162 καὶ
1439 3110 1496 3161 ὲν
1519 3109 1821 3181 μαθητευο-

237 3195 424 3264 μένοις
440 3195 684 3250 τελοῦσιν
715 3197 1083 3268 ἐπετίμησαςο
1107 3199 1202 3253 καὶ
1221 3201 1280 3252 οὐ
1303 3199 1462 3269 μόνον
1478 3200 1670 3267 τοῦτο,
1684 3201 1822 3256 ἀλλά

232 3288 334 3341 καὶ
363 3287 707 3357 ἐπέπληξας.
731 3289 842 3342 Καὶ
889 3288 1008 3342 εἴθε
1035 3290 1196 3345 τοῦτο
1220 3308 1232 3320 ·
1255 3291 1394 3345 ἀλλὰ
1421 3294 1517 3347 καὶ⁵
1538 3293 1702 3347 ἀναθε
1713 3310 1820 3362 μα-

231 3377 418 3450 τισμῷ
440 3378 827 3452 παρέπεμψας.
852 3379 964 3434 Καὶ
981 3379 1082 3451 φεῦ
1109 3381 1180 3435 τὰ
1207 3381 1316 3435 τῶν
1341 3381 1665 3452 ἀνθρώπωνι
1699 3381 1821 3446 Πῶς

233 3467 339 3520 οὐκ
368 3469 462 3520 ἐπὶ
493 3467 932 3534 πολὺδιασώζεις
969 3469 1096 3533 τοὺς
1122 3473 1224 3539 τῆς
1245 3469 1428 3539 φιλίας
1450 3472 1824 3542 ὅρουςάμετα-

236 3560 536 3630 κινήτουςς
568 3561 618 3613 εἰ
669 3559 777 3630 γὰρ
818 3560 980 3614 τοῦτο
1026 3561 1244 3632 ὑπῆρχε
1287 3565 1354 3634 τῇ
1407 3563 1684 3633 τιμιότητί
1727 3579 1821 3616 σου

235 3650 568 3720 ἀκραιφνὲς,
600 3651 703 3704 οὐκ
732 3649 799 3704 ἂν
827 3651 1004 3715 οὕτως
1055 3653 1387 3723 ἀπροόπτως
1420 3653 1519 3724 τὴν
1541 3653 1823 3708 εὐτέλειαν

233 3739 398 3810 ἡμῶν
429 3743 845 3811 κατεκερτόμει.
874 3743 1022 3812 Πλὴν
1050 3742 1192 3807 ἄξιοι
1241 3742 1352 3796 τῶν
1397 3744 1664 3798 τοιούτων
1685 3761 1700 3776 ’
1728 3745 1823 3798 καὶ

232 3830 295 3882 οὐ
336 3829 655 3900 θαυμαστὸν
713 3833 762 3884 εἰ
808 3831 904 3886 καὶ
976 3832 1081 3885 ὑπὸ
1151 3833 1253 3902 τῆς
1315 3833 1498 3903 φιλίας
1555 3852 1647 3888 σου
1688 3852 1824 3906 προ-

234 3919 687 3992 τιηλακιζόμεθα.
731 3921 927 3993 Ἡμεῖς
970 3923 1030 3976 δὲ
1059 3926 1087 3976 ὅ
1117 3925 1289 3994 ἐσμεν
1314 3964 1330 3990 ,
1362 3925 1480 3996 Θεῷ
1511 3925 1612 3996 μὲν
1643 3943 1824 3996 πεφα-

233 4011 568 4084 νερώμεθαο
601 4013 811 4068 δίκαιον
861 4014 920 4068 δὲ
983 4015 1082 4070 καὶ
1135 4017 1204 4086 τῇ
1256 4015 1476 4070 συνέσει
1535 4033 1652 4080 σου,
1687 4019 1825 4074 ἐπὰν

231 4105 559 4178 προσκόπτῃ
573 4106 664 4159 καὶ
681 4106 1127 4176 σκανδαλίζηται,
1145 4108 1503 4179 ἑπιδηλῶσαι.
1524 4110 1639 4164 οὐκ
1659 4110 1826 4182 ἐσμὲν

233 4199 588 4268 ἀποσχισταὶ,
619 4192 664 4252 ὧ
703 4197 995 4268 θαυμάσιε,
1021 4200 1124 4269 τῆς
1155 4199 1248 4254 τοῦ
1278 4200 1414 4254 Θεοῦ
1462 4201 1786 4274 Ἐκκλησίας
1805 4217 1822 4234 ο

238 4291 454 4362 μήποτε
475 4290 631 4344 τοῦτο
660 4291 954 4362 πάθοιμενο
988 4292 1103 4347 ἀλλ’
1134 4294 1184 4347 εἰ
1206 4293 1300 4347 καὶ
1323 4292 1498 4358 ἄλλως
1521 4297 1580 4349 ὲν
1613 4295 1826 4359 πολλοῖς

244 4382 616 4452 ἁμαρτήμασι
643 4382 1021 4453 τυγχάνομεν.
1078 4383 1274 4454 Ὅμως
1319 4385 1604 4458 όμόσωμοι
1651 4385 1820 4456 αὐτῆς

237 4471 334 4524 καὶ
355 4471 613 4540 τρόφιμοι
632 4472 768 4540 μετά
783 4471 891 4527 τῶν
906 4473 1065 4528 θείων
1079 4474 1384 4546 δογμάτωνο
1411 4478 1646 4542 καὶτοὺς
1660 4479 1825 4532 me-

239 4577 338 4624 νας
363 4561 535 4632 αὐτῆς
559 4561 654 4616 καὶ
683 4561 1046 4627 διατυπώσεις
1066 4564 1368 4637 γλιχόμεθα
1395 4567 1787 4636 φυλάττεσθαι.

306 4651 387 4705 Τδ
415 4651 475 4704 δὲ
516 4653 804 4723 ταράττειν
835 4655 930 4709 καὶ
977 4655 1298 4728 ἀποσχίζειν
1343 4660 1438 4714 ἀπ’
1485 4660 1684 4732 αὐτῆς,
1719 4660 1821 4734 τὴν

241 4741 520 4812 μηδεμίαν
547 4743 782 4815 ἐχούσης
808 4745 1026 4816 ἀληθῶς
1071 4747 1322 4820 κηλῖδαῆ
1370 4751 1558 4822 ῥυτίδα
1587 4753 1731 4807 κατά
1762 4769 1823 4806 τε

237 4832 334 4885 τὸν
370 4832 471 4902 τῆς
506 4833 746 4897 πίστεως
788 4835 968 4904 λόγον,
999 4838 1096 4891 καλ⁵
1141 4839 1234 4893 τὸν
1261 4839 1372 4893 τῶν
1401 4842 1644 4897 κανόνων
1671 4843 1820 4914 ὅρον,

238 4924 340 4977 ἀπ’
373 4924 550 4995 ἀρχῆς
601 4924 797 4990 αἰῶνος
847 4929 943 4981 καὶ
995 4929 1158 5000 μέχρι
1188 4930 1302 4996 ἷτοῦ
1357 4931 1542 5005 δεῦρο,
1597 4934 1823 4989 ἐκείνων

236 5015 415 5079 ἐστὶν,
443 5009 518 5069 ὧν
551 5017 584 5087 ἠ
617 5015 803 5080 πίστις
832 5017 892 5071 τὸ
924 5019 1313 5092 ὲνδιάστροφον
1339 5021 1476 5094 ἔχει,
1507 5024 1599 5078 καὶ
1635 5027 1664 5079 ό
1708 5025 1823 5094 βίος

235 5107 299 5160 τὸ
328 5107 686 5162 ἀκανόνιστον
709 5107 805 5161 καὶ
836 5108 1076 5180 ἄθεσμον
1103 5126 1118 5141 °
1153 5104 1230 5167 ὧν
1259 5107 1344 5177 εἷς
1377 5115 1496 5167 ἐστι
1523 5114 1618 5168 καὶ
1641 5117 1671 5169 ό
1707 5114 1823 5170 Ἰω-

237 5199 352 5269 σὴφ
378 5198 409 5250 ό
461 5198 552 5252 τὸν
605 5198 794 5269 μοιχὸν
850 5201 1249 5270 στεφανώσας’
1301 5205 1356 5259 οἴ
1403 5222 1465 5259 τε
1511 5205 1690 5274 τούτῳ
1743 5205 1822 5271 ῶς

237 5288 525 5359 ἀμέμπτῳ
573 5288 893 5360 ἀνεχόμενοι
938 5290 1401 5364 συλλειτουργείν,
1435 5299 1532 5349 καὶ
1580 5295 1688 5366 μὴν
1726 5295 1822 5350 καὶ

239 5384 291 5437 oi.
326 5381 690 5446 συνιστῶντες
718 5382 881 5438 αὐτὸν
918 5383 994 5448 ὡς
1030 5383 1223 5451 ἀθώως
1253 5385 1664 5460 ἱερουργοῦντα.
1698 5387 1822 5452 Πῶς

237 5476 353 5548 γὰρ
413 5475 716 5540 κανονικῶς
755 5477 888 5548 ἡμῖν
939 5477 1231 5549 γράφουσα
1257 5480 1572 5552 ήεύλάόειά
1615 5498 1734 5550 σου,
1759 5481 1820 5535 οὐ

247 5567 374 5630 τοὺς
405 5565 584 5632 θείους
607 5567 842 5632 κανόνας
870 5568 1188 5636 ἐπίσταται,
1215 5571 1301 5625 ὅτι
1329 5573 1449 5625 κατ’
1479 5573 1676 5636 αὐτοὺς
1724 5590 1824 5627 κα-

244 5657 559 5733 θῃρημένος
607 5658 810 5714 intch
861 5661 1044 5733 ἀνήρ;
1081 5661 1130 5715 εί
1176 5662 1287 5734 γὰρ
1337 5665 1416 5728 εἰς
1462 5663 1822 5735 διγαμοῦντος

319 5773 368 5806 τ’
396 5770 418 5826 1
457 5771 602 5828 Tim.
631 5787 706 5836 ιν,
740 5774 825 5828 16.
902 5775 946 5808 ⁸ο
976 5774 1147 5830 Eccli.
1177 5790 1252 5840 ιι,
1282 5774 1339 5828 7.

1849 4354 1904 4414 D

1995 1283 2319 1353 Accepimus
2339 1280 2546 1335 litteras
2582 1278 2836 1334 fraternm
2867 1289 2972 1335 tuae
3000 1280 3300 1347 charitatis,
3324 1281 3494 1347 mira"

1924 1375 2073 1443 tique
2093 1387 2287 1428 sumus
2310 1369 2650 1440 repentinam
2672 1369 2791 1438 ejus
2812 1370 3190 1424 mutationem.
3216 1369 3495 1426 Prioribus

1920 1465 2191 1535 siquidem
2223 1462 2426 1525 verbis,
2467 1471 2528 1516 ut
2553 1470 2747 1516 caetera
2777 1461 2963 1514 sileam
2997 1477 3117 1530 quae
3144 1461 3210 1515 ad
3236 1477 3350 1517 rem
3389 1463 3494 1517 mi-

1920 1572 2028 1612 nus
2054 1554 2382 1618 necessaria,
2402 1553 2699 1622 Josepbum
2724 1567 3065 1607 meonomum
3087 1555 3404 1620 accusabas,
3431 1565 3495 1611 ut

1917 1647 2010 1719 qui
2030 1661 2313 1718 perperam
2335 1645 2405 1700 sit
2427 1645 2706 1715 ingressus
2734 1643 2787 1697 in
2811 1643 3130 1698 Ecclesiam.
3162 1646 3494 1701 Posteriori-

1918 1741 2020 1794 bus
2053 1738 2212 1808 plane
2249 1737 2597 1791 innocentem
2627 1735 2973 1804 ostendebas.
3012 1735 3081 1789 Et
3107 1737 3199 1806 qui
3240 1737 3492 1794 eumdem

1917 1829 1973 1884 in
2002 1829 2190 1883 eadem
2211 1842 2270 1882 re
2301 1840 2448 1880 nunc
2469 1825 2681 1890 laudas,
2720 1840 2866 1880 nunc
2911 1825 3188 1895 vituperas
3222 1843 3238 1892 ;
3279 1828 3426 1898 quod
3459 1844 3494 1884 a

1915 1921 2153 1991 quodam
2196 1928 2511 1974 sanctorum
2554 1917 2760 1972 dictum
2810 1925 2914 1979 est,
2947 1918 3088 1972 scire
3127 1917 3290 1973 debet
3318 1919 3496 1988 pietas

1917 2020 2032 2066 tua.
2083 2009 2193 2066 Sed
2241 2024 2342 2080 pro
2369 2006 2543 2062 nihilo
2574 2006 2627 2061 id
2668 2005 2952 2070 habeatur,
3005 2007 3253 2076 quamvis
3307 2017 3494 2080 aperta

1915 2103 1988 2158 sit
2027 2099 2409 2156 contradictio.
2464 2097 2636 2164 Quale
2680 2111 2812 2153 vero
2840 2097 2972 2152 illud
3010 2106 3115 2162 est,
3167 2097 3312 2168 quod
3356 2098 3497 2154 adeo

1916 2192 2315 2248 inconsiderate
2339 2197 2630 2262 provectus
2657 2203 2738 2255 es,
2761 2197 2840 2254 ut,
2867 2188 3182 2259 priusquam
3213 2190 3495 2244 examina-

1913 2299 2003 2338 res
2049 2292 2106 2338 et
2159 2290 2347 2337 exacte
2394 2295 2774 2352 cognosceres,
2824 2281 3086 2336 adversus
3131 2281 3493 2337 humilitatem

1914 2384 2159 2432 nostram
2211 2368 2651 2443 pronuntiaveris
2703 2372 3094 2428 discessionem
3134 2374 3203 2428 ab
3251 2372 3494 2430 Ecclesia

1914 2471 2120 2530 nostra,
2153 2479 2217 2518 ac
2245 2463 2474 2533 proinde
2517 2463 3030 2517 anathematismum
3060 2461 3084 2516 τ
3133 2464 3353 2518 Attende
3402 2462 3500 2520 tibi

1915 2557 2020 2626 ipsi
2051 2557 2120 2624 ⁷⁸,
2155 2555 2231 2610 ait
2259 2553 2536 2625 Scriptura
2562 2570 2577 2621 ;
2609 2561 2665 2610 et
2691 2571 2704 2608 :
2745 2551 3067 2624 Priusquam
3097 2556 3405 2626 interroges,
3432 2572 3498 2611 ne

1912 2649 2214 2718 vituperet;
2254 2654 2312 2702 et
2347 2646 2586 2700 Primum
2637 2662 2901 2717 cognosce,
2946 2655 3055 2700 tum
3101 2649 3304 2716 corripe
3321 2649 3387 2701 ⁸⁸.
3412 2646 3495 2702 Tu

1913 2755 2046 2796 vero
2077 2739 2216 2794 nihil
2253 2739 2452 2793 horum
2491 2738 2810 2804 observans,
2857 2753 2960 2793 nec
2981 2738 3224 2809 cogitans
3254 2755 3414 2810 posse
3440 2749 3498 2796 et

1913 2847 2016 2886 nos
2047 2845 2111 2886 ex
2142 2830 2353 2884 ratione
2379 2844 2538 2900 agere
2565 2845 2628 2884 ac
2649 2829 2798 2900 loqui
2833 2847 2848 2896 ;
2873 2830 2954 2886 sic
2980 2839 3236 2900 tanquam
3268 2832 3496 2902 imperi-

1917 2930 2023 2988 tos,
2057 2937 2122 2978 ac
2166 2921 2399 2977 rationis
2431 2931 2704 2992 expertes,
2739 2929 2994 2992 tanquam
3025 2923 3152 2978 vitae
3183 2925 3498 2981 monasticae

3001 3032 3103 3072 nec
3155 3017 3260 3073 hoc
3295 3018 3495 3085 solum,

1922 3106 2019 3161 sed
2065 3106 2258 3161 durius
2307 3105 2625 3178 objurgasti.
2685 3107 2862 3176 Atque
2906 3108 3112 3163 utinam
3171 3107 3274 3164 hoc
3321 3109 3498 3166 solum

1921 3197 2169 3268 egissesl
2215 3196 2524 3263 Quinetiam
2567 3197 2902 3253 anathemati
2969 3199 3258 3256 devovisti.
3314 3198 3360 3256 Ο
3410 3215 3500 3257 res

1922 3289 2193 3344 humanas
2227 3291 2240 3344 ι
2279 3299 2335 3345 et
2363 3291 2638 3360 quomodo
2681 3291 2854 3362 major
2900 3291 2996 3346 tibi
3048 3308 3178 3348 cura
3226 3309 3337 3349 non
3398 3293 3501 3351 fuit

1922 3381 2173 3436 amicitiae
2195 3381 2317 3451 jura
2345 3382 2746 3437 conservandi?
2774 3381 2901 3438 Haec
2938 3384 3084 3438 enim
3112 3384 3155 3438 si
3185 3394 3372 3440 sancte
3403 3400 3500 3441 co-

1922 3472 2058 3528 leret
2084 3473 2388 3538 reverentia
2423 3480 2533 3539 tua,
2564 3489 2840 3543 nunquam
2871 3475 2950 3530 sic
2973 3491 3038 3530 ex
3063 3476 3292 3546 abrupto
3317 3476 3502 3532 tenui-

1923 3572 2091 3620 tatem
2140 3572 2385 3620 nostram
2428 3565 2800 3634 proscidisset.
2838 3565 3040 3621 Verum
3080 3567 3166 3622 bis
3223 3582 3324 3624 nos
3348 3567 3500 3640 digni

1923 3671 2113 3712 sumus
2138 3673 2151 3710 :
2171 3671 2272 3712 nec
2291 3655 2598 3710 mirandum
2619 3657 2664 3711 si
2683 3657 2752 3711 ab
2779 3657 3014 3712 amicitia
3037 3658 3203 3714 etiam
3222 3667 3313 3714 tua
3330 3659 3504 3715 laces-

1924 3748 2114 3803 simur.
2133 3748 2400 3803 Caeterum
2423 3747 2516 3818 qui
2535 3749 2724 3813 simus,
2746 3747 2858 3804 Deo
2878 3749 3098 3819 quidem
3122 3750 3498 3808 innotuimus:

1924 3855 2141 3910 aequum
2164 3849 2345 3895 autem
2375 3851 2429 3894 et
2457 3840 2762 3909 prudentiae
2791 3850 2915 3909 tum,
2952 3843 3389 3912 quandoquidem
3419 3843 3504 3899 oi-

1926 3928 2168 3984 fenditur
2196 3937 2252 3983 et
2279 3929 2695 3992 scandalizatur,
2725 3930 2958 3999 aperire.
2983 3930 3102 3985 Non
3143 3946 3332 3986 sumus
3361 3946 3500 4002 apo-

1927 4019 2165 4081 schistae,
2189 4019 2275 4073 vir
2303 4019 2525 4086 eximie,
2553 4019 2622 4073 ab
2649 4017 2888 4074 Ecclesia
2919 4019 3014 4075 Dei
3046 4036 3062 4086 ;
3093 4021 3236 4076 absit
3257 4031 3316 4075 ut
3340 4021 3504 4079 nobis

1927 4108 2033 4163 hoc
2076 4107 2325 4163 eveniat!
2359 4108 2466 4164 Sed
2519 4110 2767 4179 quamvis
2808 4109 2929 4166 aliis
2977 4111 3216 4181 peccatis
3254 4112 3503 4182 plurimis

1926 4199 2172 4256 obstricti
2231 4199 2422 4268 simus,
2482 4209 2723 4256 attamen
2773 4201 2936 4257 unius
2965 4217 3090 4257 cum
3130 4203 3217 4258 illa
3258 4204 3503 4275 corporis

1929 4309 2140 4359 sumus,
2177 4294 2405 4366 ejusque
2453 4295 2656 4350 alumni
2701 4306 2755 4352 et
2797 4297 3104 4353 divinorum
3145 4285 3504 4354 documento—

1931 4400 2050 4440 rum
2079 4402 2096 4452 ;
2130 4396 2186 4442 et
2213 4400 2453 4442 canones
2480 4387 2603 4458 ejus
2629 4395 2684 4444 et
2707 4389 3130 4446 constitutiones
3152 4405 3370 4448 servare
3401 4407 3504 4448 cu-

1923 4491 2126 4546 pimus.

1994 4657 2240 4713 Turbare
2279 4667 2462 4713 autem
2491 4667 2548 4714 et
2573 4657 2643 4714 ab
2671 4657 2762 4713 illa
2793 4657 3005 4731 sejungi
3031 4698 3048 4724 ,
3075 4674 3198 4730 quae
3233 4658 3504 4715 maculam

1924 4762 2115 4803 revera
2157 4747 2364 4803 nullam
2385 4748 2568 4813 habet,
2596 4763 2776 4818 neque
2799 4763 3010 4821 rugam,
3030 4758 3147 4804 tum
3171 4749 3228 4804 in
3269 4749 3392 4804 ﬁdei
3415 4765 3505 4806 ra—

1924 4838 2093 4907 tione,
2118 4847 2233 4893 tum
2261 4838 2318 4892 in
2338 4853 2608 4893 canonum
2635 4839 2935 4904 sanctione,
2966 4840 3035 4895 ab
3071 4839 3221 4895 omni
3256 4855 3372 4896 ιενο
3406 4855 3506 4896 us-

1922 4946 2028 5002 que
2055 4931 2124 4986 ad
2146 4940 2386 4987 nostram
2413 4931 2752 4998 memoriam,
2772 4946 2962 4986 eorum
2987 4940 3072 4987 est
3091 4947 3322 5002 quorum
3367 4931 3505 4990 ﬂdes

1923 5033 2292 5079 transversum
2340 5024 2540 5095 agitur,
2571 5032 2626 5078 et
2654 5022 2765 5078 vita
2816 5025 2972 5080 exlex
3002 5032 3058 5080 et
3109 5025 3227 5082 sine
3271 5027 3498 5099 regula:

1923 5130 2158 5186 quorum
2191 5130 2258 5170 ex
2289 5129 2520 5170 numero
2546 5113 2746 5185 Joseph
2792 5114 2884 5170 ille
2921 5115 3015 5186 qui
3065 5116 3372 5174 adulterum
3410 5135 3505 5176 co-

1923 5205 2138 5263 ronavit
2163 5225 2176 5262 :
2201 5215 2256 5261 et
2278 5205 2371 5277 qui
2399 5220 2522 5261 cum
2551 5220 2619 5262 eo
2639 5214 2894 5277 tanquam
2915 5206 3141 5264 innoxio
3163 5207 3362 5265 oll'erre
3389 5225 3502 5265 non

1923 5297 2188 5364 dubitant,
2215 5298 2417 5368 quique
2444 5297 2581 5352 adeo
2601 5297 2751 5352 illum
2786 5297 3089 5354 defendunt
3113 5308 3174 5355 ut
3195 5301 3314 5356 sine
3341 5301 3502 5372 culpa

1923 5389 2340 5447 sacriﬁcantem.
2397 5389 2682 5456 Quomodo
2723 5389 2894 5454 enim,
2949 5390 2994 5448 si
3011 5391 3277 5448 canonice
3306 5391 3373 5447 ad
3398 5407 3502 5448 nos

1923 5482 2111 5538 scribit
2131 5482 2303 5553 pietas
2337 5490 2448 5549 tua,
2473 5480 2687 5538 divinos
2719 5496 2962 5536 canones
2993 5482 3228 5552 ignorat,
3261 5491 3317 5539 et
3355 5484 3502 5553 quod

1921 5575 2071 5647 juxta
2103 5575 2223 5631 illos
2248 5574 2528 5646 depositus
2577 5573 2661 5628 vir
2693 5573 2860 5630 fuerit
2885 5575 2909 5629 ?
2931 5573 3068 5630 Nam
3124 5575 3169 5630 si
3213 5575 3269 5629 in
3301 5575 3502 5644 digami

1923 5667 2132 5737 nuptiis
2198 5665 2408 5737 epulari
2463 5665 2839 5738 presbyterum
2872 5675 3060 5723 vetant
3089 5685 3104 5722 :
3132 5666 3262 5738 quid
3291 5667 3349 5724 in
3378 5681 3504 5723 eum
