4044 6366
511 358 620 423 999

1704 360 1766 420 s.
1804 357 2203 421 THEODORI
2247 345 2597 422 sTUDIT/s

3670 369 3809 434 1000

511 443 605 540 qui
637 467 915 541 digamum
933 469 1258 526 coronavit?
1287 468 1453 538 Quid,
1482 471 1535 525 in
1563 469 1886 527 adulterinis
1908 471 2116 543 nuptiis

2247 475 2399 545 ’άμον
2450 476 2551 528 οὐκ
2598 473 2730 527 ἐῶσι
2791 473 2881 528 τὸν
2931 473 3307 549 πρεσϐύτερον
3358 477 3719 549 έστιαθῆναιο
3755 485 3808 533 τί

513 562 734 634 triginta
763 571 906 618 totos
921 562 1040 618 dies
1069 563 1386 634 οοηνίισετὶῖί
1404 563 1555 633 quid,
1585 563 1729 634 quod
1759 565 2122 634 perniciosius

514 665 640 722 est,
694 655 859 710 etiam
917 670 1184 712 coronare
1237 673 1362 712 eum
1401 657 1492 726 qui
1523 672 1590 712 ex
1635 657 1850 713 Domini
1900 667 2125 713 senten-

517 746 594 802 tia
624 745 696 802 sit
745 745 960 801 adulter
987 747 1010 800 ?
1043 762 1228 802 sacras
1270 747 1326 802 in
1357 747 1612 818 conjugio
1667 761 1858 818 preces
1887 747 2122 803 recitare

519 837 777 894 adulterii
803 838 1198 908 copulatorem,
1229 848 1282 893 et
1301 838 1541 893 divinam
1567 840 1794 910 gratiam
1829 839 1995 910 impie
2021 855 2124 910 pro

520 928 701 1000 impiis
769 929 1084 985 invocare?
1143 929 1546 996 Exsccrandus,
1616 930 1864 1001 profecto
1900 972 1915 995 ,
1967 930 2124 1001 juxta

522 1037 783 1092 magnum
851 1021 1164 1095 Dionysium
1199 1063 1216 1088 ,
1260 1022 1371 1078 Deo
1450 1032 1536 1078 est
1588 1021 1962 1093 profanusque
2028 1016 2123 1091 qui

524 1114 646 1171 haec
705 1113 854 1172 facit.
928 1115 1411 1186 Supervacaneum
1490 1113 1658 1170 fuerit
1708 1115 1844 1170 alios
1891 1114 1947 1168 in
1997 1129 2123 1169 eum

523 1224 770 1264 canones
835 1209 1103 1280 proferre.
1167 1209 1323 1276 Quod
1392 1225 1524 1265 vero
1585 1223 1652 1264 ex
1725 1226 1835 1280 quo
1904 1209 2124 1279 deposi-

525 1309 616 1356 tus
680 1317 711 1357 a
771 1301 1122 1373 praecedente
1191 1303 1503 1372 patriarcha
1552 1301 1712 1367 fuit,
1774 1317 1973 1358 novem
2025 1317 2126 1356 an—

524 1405 721 1447 norum
775 1393 1013 1463 spatium
1061 1393 1416 1464 exegeritzet
1474 1409 1674 1458 canon,
1715 1393 1818 1448 nisi
1851 1393 1992 1447 intra
2024 1407 2126 1446 an-

528 1491 662 1534 num
697 1479 1030 1547 absolvatur,
1090 1481 1299 1536 absolvi
1354 1490 1542 1552 postea
1577 1498 1906 1552 quemquam
1953 1490 2123 1549 vetet,

525 1587 638 1642 quo
675 1569 797 1628 loco
845 1575 1222 1643 reponemus?
1249 1573 1320 1629 At
1349 1574 1608 1644 objicitur
1640 1591 1865 1646 prorsus
1897 1575 2121 1630 absolu-

526 1673 644 1719 tum
682 1663 874 1719 fuisse.
905 1662 1128 1730 Verum,
1151 1665 1195 1720 si
1224 1665 1437 1721 solutus
1461 1665 1663 1730 fuerat,
1689 1682 1788 1721 cur
1811 1682 1922 1720 non
1947 1666 2125 1720 sacri—

528 1753 768 1812 ﬁcabat?
799 1757 886 1822 Et,
919 1755 967 1812 si
1023 1757 1235 1812 solutus
1275 1767 1418 1824 erat,
1463 1773 1564 1813 cur
1610 1758 1819 1813 absolvi
1849 1773 1878 1812 a
1915 1758 2126 1830 synodo

528 1845 983 1916 petiit?Planum
1029 1847 1178 1903 enim
1229 1859 1332 1916 est,
1382 1850 1720 1905 solutionem
1779 1848 1848 1904 ab
1895 1825 1962 1904 eo
2013 1847 2123 1918 peti
2161 1825 2200 1879 Β

531 1937 624 2008 qui
656 1937 874 1992 vinctus
915 1937 1010 2002 sit,
1061 1953 1170 1994 non
1207 1939 1304 2009 qui
1336 1940 1570 1995 solutus.
1624 1939 1827 2006 Quare,
1866 1939 2033 1993 etiam
2068 1938 2122 1992 in

536 2031 782 2101 seipsum
837 2030 1100 2102 impegit,
1152 2041 1342 2087 contra
1397 2035 1684 2088 veritatem
1733 2032 1868 2103 erigi
1910 2032 2122 2087 volens.

534 2121 834 2178 Sacrorum
870 2124 1036 2196 igitur
1062 2123 1371 2194 profanatio
1401 2135 1504 2192 est,
1539 2124 1729 2189 frater,
1758 2124 1923 2178 istum
1955 2125 2128 2179 sacris

535 2214 751 2286 Operari
782 2233 798 2272 :
834 2230 1218 2286 canonumque
1251 2231 1447 2286 magna
1499 2214 1837 2286 perturbatio
1860 2214 1987 2268 talia
2028 2228 2119 2268 ne-

535 2308 764 2379 gligere.
796 2305 936 2374 Quid
964 2307 1111 2362 enim
1137 2315 1222 2362 est
1249 2307 1391 2377 quod
1421 2308 1497 2362 ait
1537 2306 2000 2379 Chrysostomus?
2035 2321 2132 2377 pe-

533 2401 711 2456 riculo
738 2415 849 2456 non
882 2415 1098 2463 vacare,
1132 2401 1175 2454 si
1200 2400 1256 2454 in
1275 2399 1613 2455 sacerdotem
1641 2415 1751 2453 non
1777 2399 2088 2469 inquiratur
2117 2416 2130 2451 :

532 2509 646 2550 non
682 2491 753 2550 de
774 2491 880 2547 ﬁde
921 2491 1025 2546 hoc
1054 2490 1263 2557 dicens,
1287 2499 1348 2545 ut
1377 2491 1516 2545 male
1542 2505 1756 2555 censes,
1788 2489 1884 2546 sed
1910 2489 1979 2545 de
2011 2489 2135 2545 vita:

535 2585 871 2658 integritate.
910 2583 1246 2656 interrogare
1277 2581 1494 2654 quidem
1533 2591 1586 2638 et
1623 2592 1882 2638 excutere
1937 2599 2136 2637 unum-

535 2693 848 2750 quemque,
906 2675 1185 2748 quomodo
1253 2690 1314 2730 se
1368 2675 1607 2742 habeat,
1647 2674 1787 2728 nihil
1820 2683 1904 2729 est
1949 2689 2135 2744 opus:

537 2769 708 2841 gratia
747 2769 893 2824 enim
929 2769 1092 2824 etiam
1127 2781 1293 2838 super
1319 2767 1604 2839 indignum
1643 2774 1870 2837 propter
1898 2782 2013 2830 eos,
2045 2765 2138 2837 qui

539 2862 832 2929 accedunt,
863 2861 1168 2917 descendit.
1199 2859 1260 2915 In
1299 2860 1368 2916 iis
1400 2869 1582 2914 autem
1607 2860 1698 2930 qui
1731 2857 2028 2914 manifesto
2060 2859 2138 2913 rei

541 2963 692 3021 olunt,
723 2954 902 3025 qualis
931 2963 1017 3009 est
1045 2952 1276 3024 Ioseph,
1307 2961 1364 3007 et
1402 2951 1624 3022 quidem
1663 2951 1845 3023 magni
1891 2951 2136 3013 sceleris,

541 3047 690 3120 quod
729 3048 785 3102 in
817 3047 992 3102 oculis
1013 3045 1257 3101 omnium
1295 3045 1587 3112 commisit,
1620 3044 1820 3100 vetitas
1844 3060 1874 3099 a
1910 3043 2144 3100 Domino

2226 569 2365 639 πρὸς
2409 567 2470 622 τὺ
2514 567 2611 622 τὸν
2633 568 2865 640 δίγαμον
2905 567 3253 639 στεφανῶσαι
3275 589 3289 638 ;
3315 572 3368 624 τί
3402 569 3460 624 δὲ
3490 572 3551 626 τὸ
3577 575 3660 637 εἰς
3691 592 3813 645 μοιο

2225 662 2381 731 χικὸν
2403 660 2585 731 γάμον
2619 659 2938 732 έστιαθῆναι
2969 661 3122 725 ὅλαις
3169 663 3472 734 τριάκοντα
3527 665 3769 737 ἡμέραις
3795 683 3811 732 ;

2224 753 2378 819 τίδὲ,
2423 754 2485 807 τὸ
2538 752 2949 826 όλεοριὼτερον,
2992 755 3053 808 τὸ
3092 756 3187 809 καὶ
3232 757 3582 826 στεφανῶσαι
3625 760 3814 830 μοιχὸν

2227 848 2369 901 κατὰ
2411 847 2504 901 τὸν
2554 847 2714 916 λόγον
2759 845 2855 900 τοῦ
2895 846 3128 919 Κυρίου,
3171 848 3272 919 τὴν
3302 847 3398 901 ἐπὶ
3445 852 3515 921 τῇ
3547 850 3816 924 συναφεία

2230 940 2380 1011 ίεράν
2439 939 2752 1010 προσευχὴν
2804 939 3035 1008 λέγοντα
3101 940 3194 993 τὸν
3255 940 3680 1013 μοιχοζεύκτην,
3720 944 3816 997 καὶ

2228 1029 2716 1101 προσκαλούμενον
2776 1029 2876 1094 τὴν
2918 1031 3072 1086 Θείαν
3120 1031 3283 1104 χάριν
3339 1033 3520 1098 ἀθέως
3569 1035 3664 1088 ἐπὶ
3689 1035 3818 1097 τοὺς

2229 1123 2537 1194 βεδήλουςς
2575 1122 2950 1188 ’Λπόπτυστός
2998 1125 3117 1177 ἐστι
3170 1124 3329 1197 παρά
3361 1125 3504 1197 Θεῷ,
3534 1126 3682 1180 κατά
3724 1125 3817 1180 τὸν

2229 1217 2373 1270 θεῖον
2421 1215 2724 1282 Διονύσιον,
2756 1217 2849 1270 καὶ
2897 1215 3116 1288 ἀνίερος
3147 1219 3177 1271 6
3225 1218 3492 1282 τοιοῦτος.
3531 1219 3817 1290 Παρέλκεν

2229 1311 2337 1382 γάρ
2366 1310 2485 1362 ἐστι
2532 1310 2661 1374 τοὺς
2697 1310 2787 1364 ἐπ’
2821 1310 2971 1380 αύτῷ
3005 1310 3198 1374 ἄλλους
3246 1314 3537 1381 κειμένους
3587 1314 3819 1377 κανόνας

2229 1393 2331 1458 ὧδε
2391 1405 2647 1474 γράφειν.
2674 1404 2795 1456 Ὅτι
2826 1403 2882 1458 δὲ
2916 1407 3009 1458 καὶ
3045 1405 3151 1458 ὑπὸ
3189 1405 3285 1459 τοῦ
3352 1407 3817 1478 προηγησαμένου

2228 1497 2572 1568 πατριάρχου
2603 1497 2992 1568 ἀφωρισμένος
3021 1498 3248 1568 ένναετῆ
3274 1499 3465 1570 χρόνον
3488 1499 3649 1570 ἔτυχε
3672 1516 3688 1531 ο
3725 1501 3820 1554 καὶ⁵

2229 1588 2257 1642 6
2286 1588 2470 1642 κανὼν
2495 1591 2544 1642 εί
2574 1588 2649 1661 μὴ
2671 1589 2824 1653 ἐντὸς
2851 1588 3102 1644 ἐνιαυτοῦ
3132 1590 3266 1661 λυθῇ
3289 1634 3303 1654 ,
3329 1593 3432 1646 ούκ
3456 1593 3720 1662 ἀνέχεται
3738 1592 3820 1646 ἔτι

2229 1682 2327 1750 τὴν
2377 1681 2553 1747 λύσιν,
2591 1680 2694 1736 ποῦ
2728 1680 2968 1753 θήσομεν
2997 1699 3012 1749 ;
3047 1682 3270 1746 Πάντως
3296 1683 3354 1736 δὲ
3401 1685 3435 1754 ἡ
3487 1686 3820 1757 ἀπάντησις,

2230 1775 2314 1829 ὃτι
2369 1775 2607 1829 ἐλέλυτο.
2645 1776 2754 1829 Καὶ
2804 1775 2853 1830 εί
2905 1775 3142 1839 ἐλέλυτο,
3180 1777 3297 1842 πῶς
3347 1777 3446 1848 οὐχ
3494 1778 3818 1850 ίερουργεῖ;

2229 1870 2322 1922 καὶ
2357 1870 2405 1922 εί
2443 1868 2686 1934 ἐλέλυτο,
2718 1868 2836 1931 πῶς
2877 1868 3005 1940 άρτι
3050 1869 3283 1942 ἑξῄτησε
3337 1867 3492 1924 λύσιν
3536 1871 3644 1926 ὑπὸ
3698 1886 3824 1925 cnv-

2228 1963 2388 2030 όδου;
2445 1961 2702 2033 Δηλονότι
2753 1963 2782 2016 6
2835 1962 3121 2034 δεδεμένος
3169 1964 3327 2034 ζητεῖ
3372 1963 3622 2033 λυθῆναι,
3655 1965 3752 2035 οὐχ
3793 1967 3824 2018 ό

2228 2053 2417 2116 ἄδετος
2441 2068 2455 2083 ⁸
2503 2051 2645 2106 ὥστε
2693 2051 2978 2107 κάνταῦθα
3023 2053 3346 2125 περιπίπτει
3386 2053 3616 2125 έαυτῴό
3650 2042 3824 2110 θέλων

2231 2145 2375 2200 κατά
2422 2143 2524 2215 τῆς
2586 2145 2850 2216 ἀληθείας
2895 2145 3190 2201 κινεῖσθαι.
3221 2146 3539 2216 Βεϐήλωσις
3583 2141 3677 2200 οῦν
3710 2147 3821 2201 τῶν

2231 2239 2406 2307 ἁγίων
2433 2238 2604 2300 ἐστὶν,
2640 2231 2685 2290 ὦ
2709 2237 2929 2306 ἀδελφέ,
2955 2237 3145 2292 τοῦτον
3174 2239 3479 2309 ἱερουργεῖν
3513 2255 3528 2270 ⁸
3562 2239 3659 2292 καὶ
3684 2237 3820 2308 σύγ-

2232 2350 2390 2404 χυσις
2412 2331 2684 2404 παντελὴς
2710 2331 2822 2385 τῶν
2851 2332 3092 2385 κανόνων
3121 2330 3182 2384 τὸ
3211 2331 3287 2402 μὴ
3328 2331 3398 2385 τὰ
3457 2331 3686 2387 τοιαῦτα
3715 2351 3820 2402 φυ-

2234 2423 2552 2479 λάττεσθαι.
2575 2423 2642 2476 Τί
2675 2423 2784 2496 7&9
2801 2423 2948 2492 λέγει
2973 2423 3112 2477 καὶό
3141 2423 3535 2494 Χρυσόστομος
3563 2442 3579 2490 ;
3607 2425 3691 2477 ὅτι
3721 2425 3824 2478 οὐκ

2235 2517 2522 2572 ἀκίνδυνόν
2557 2518 2676 2570 ἐστι
2731 2517 2794 2571 τὸ
2836 2516 3196 2582 ἀνεξέταστον
3240 2517 3335 2571 ἐπὶ
3365 2515 3461 2570 τοῦ
3507 2515 3722 2589 ἱερέως.
3746 2517 3823 2571 οὐ

2238 2609 2370 2682 περὶ
2401 2609 2660 2674 πίστεως,
2697 2610 2772 2673 ὼς
2800 2608 2923 2674 οἴει,
2953 2609 3115 2664 τοῦτο
3146 2608 3342 2676 λέγων,
3373 2609 3513 2663 ἀλλά
3554 2610 3688 2682 περὶ
3725 2610 3827 2680 τῆς

2239 2703 2384 2758 κατά
2407 2702 2501 2757 τὸν
2527 2701 2643 2773 βίον
2701 2701 3010 2772 ἀκριϐείας.
3049 2701 3336 2772 Ἐκζητεῖν
3374 2701 3556 2756 τοίνυν
3598 2702 3693 2756 καὶ
3731 2703 3826 2756 ἀν⁶

2239 2796 2470 2866 ερευνᾷν
2496 2794 2732 2848 ἕκαστον
2786 2795 2936 2857 ὅπως
2979 2793 3094 2865 ἔχει
3127 2794 3188 2848 ού
3221 2794 3341 2848 δέον
3367 2808 3381 2822 ·
3421 2794 3456 2864 ὴ
3497 2794 3665 2865 χάρις
3721 2794 3828 2864 γάρ

2242 2888 2336 2943 καὶ
2361 2887 2454 2942 ἐπὶ
2489 2887 2615 2950 τοὺς
2639 2885 2893 2950 ἀναξίους
2925 2885 3013 2940 διά
3046 2887 3174 2949 τοὺς
3202 2885 3532 2956 προσιόντας
3559 2886 3826 2940 κάτεισιν.

2243 2979 2338 3043 Εἰς
2374 2980 2433 3034 δὲ
2472 2980 2601 3043 τοὺς
2647 2977 2932 3048 προδήλως
2963 2977 3455 3046 κατεγνωσμένους
3485 3017 3500 3041 ,
3545 2969 3624 3030 ὧν
3681 2977 3828 3030 ἐστιν

2244 3067 2326 3136 εἷς
2359 3071 2450 3126 καὶ
2475 3073 2505 3125 6
2553 3070 2773 3142 Ἰωσὴφ,
2807 3069 2954 3142 μάλα
3002 3060 3236 3140 ἀνομίαν
3281 3065 3529 3140 μεγάλην
3564 3069 3829 3140 συνάψας,

542 3139 765 3212 nuptias
786 3139 1068 3210 copulans,
1085 3138 1315 3210 ipsoque
1335 3137 1585 3193 adultero
1607 3137 1950 3193 manifestior
1970 3179 1985 3205 ,
2010 3137 2138 3192 dum

2247 3163 2552 3234 ἀναφανδὸν
2608 3137 3202 3234 τῆς-οἰκουμένηςην
3242 3137 3512 3233 ὁ-Κύριος
3557 3137 3830 3234 ἀπέφηνε,

544 3247 672 3287 eum
747 3231 1075 3302 conjunxit,
1125 3229 1565 3300 quandoquidem
1618 3229 1737 3284 haec
1775 3245 1884 3285 non
1931 3230 2142 3286 discre-

545 3333 699 3396 pant,
731 3324 882 3394 juxta
906 3322 1240 3394 Theologum
1271 3339 1287 3389 ;
1327 3321 1692 3386 dissimulare,
1731 3322 2021 3394 perspicua
2060 3330 2146 3378 est

547 3417 784 3488 proditio
813 3415 1081 3482 veritatis,
1110 3423 1168 3471 et
1193 3428 1468 3470 canonum
1503 3415 1842 3484 corruptela.

623 3639 708 3693 An
738 3635 917 3694 nescit
941 3634 1330 3692 benevolentia
1361 3645 1482 3699 tua,
1520 3632 1692 3688 Deum
1735 3632 1915 3702 ipsum
1970 3629 2174 3708 vindig

553 3748 674 3788 cem
704 3731 878 3786 fuisse
908 3771 927 3798 ,
979 3729 1200 3800 quando
1231 3742 1344 3782 non
1378 3725 1689 3782 insurrexit
1720 3726 1813 3796 qui
1853 3724 2150 3780 Ecclesiam

554 3839 672 3884 tum
697 3824 1080 3899 gubernabat;
1122 3831 1182 3878 ut
1211 3821 1453 3877 Samueli
1491 3819 1773 3890 quondam
1812 3818 2012 3874 accidit
2049 3817 2148 3874 ad-

554 3930 750 3975 versus
808 3913 1064 3968 insanum
1125 3910 1345 3966 Saulem
1377 3927 1392 3964 :
1423 3918 1479 3965 et
1509 3908 1674 3979 hujus
1718 3907 1870 3975 novi,
1905 3907 2053 3978 quod
2083 3906 2152 3962 ad

555 4009 779 4066 modum
799 4003 1048 4062 adulterii
1071 4012 1300 4076 spectat,
1325 4001 1556 4057 Herodis
1585 4016 1811 4073 regnum
1852 3999 2154 4057 evertisse?

557 4103 709 4159 Idem
747 4102 896 4157 enim
942 4098 1176 4156 Herodis
1218 4097 1366 4152 illius
1397 4094 1663 4167 flagitium
1704 4092 1823 4160 fuit,
1853 4093 1949 4164 qui
1990 4108 2022 4148 a
2052 4107 2153 4164 po-

557 4195 688 4268 pulo
715 4209 816 4250 suo
844 4193 1036 4266 pulsus
1059 4191 1164 4248 fuit
1210 4200 1268 4246 et
1306 4189 1524 4246 occisus
1561 4205 1578 4256 ;
1607 4187 1810 4258 quippe
1841 4186 1936 4258 qui
1975 4185 2156 4242 Arctze

559 4288 708 4361 regis
733 4287 898 4342 ﬁliam
926 4325 944 4352 ,
995 4284 1294 4356 legitimam
1339 4282 1630 4352 coniugem
1686 4279 1915 4343 dimisit,
1952 4277 2156 4348 injuste

561 4379 666 4434 sibi
723 4376 990 4448 copulans
1047 4373 1281 4445 Philippi
1354 4371 1543 4426 fratris
1582 4368 1964 4425 Herodiadem.
1998 4367 2155 4434 Quod

564 4470 610 4525 si
644 4469 764 4524 hate
816 4467 1099 4523 vindicare
1135 4479 1246 4519 non
1288 4462 1552 4518 convenit
1583 4477 1597 4515 :
1638 4461 1842 4516 erravit
1871 4459 2156 4516 charitatis

2246 3256 2342 3311 καὶ
2393 3253 2795 3326 ἐναργέστερος
2847 3252 2944 3307 τοῦ
3002 3251 3395 3324 μοιχεύσαντος
3423 3253 3774 3324 χρηματίσας
3805 3253 3835 3304 6

2243 3346 2439 3402 τοῦτον
2495 3343 2761 3411 συξεύξας
2789 3361 2804 3375 °
2832 3343 2914 3416 τῷ
2967 3344 3042 3416 μὴ
3100 3343 3513 3398 διαστέλλεσθαι
3548 3341 3698 3397 κατὰ
3742 3342 3833 3394 τὸν

2248 3437 2511 3508 Θεολόγον
2547 3478 2564 3505 ,
2599 3437 2864 3510 προδοσία
2901 3437 3004 3508 τῆς
3048 3436 3309 3508 ἀληθείας
3365 3435 3564 3507 σαφὴς,
3601 3435 3701 3489 καὶ
3729 3432 3838 3488 τῶν

2252 3531 2492 3587 κανόνων
2523 3530 2852 3600 παράλυσις.

2323 3624 2394 3676 Ἢ
2419 3622 2521 3677 οὐκ
2538 3619 2649 3677 οἶδέ
2685 3639 2780 3676 σου
2819 3623 2852 3693 ὴ
2886 3620 3062 3690 φιλία,
3092 3621 3175 3674 ὅτι
3202 3619 3336 3674 αὐτὸ
3368 3617 3428 3672 τὸ
3469 3616 3614 3670 θεῖον
3644 3616 3841 3671 αὐτεκο

2251 3713 2472 3784 δίκητον
2523 3713 2770 3782 γέγονεν,
2803 3711 2968 3782 ἡνίκα
3018 3711 3078 3764 ού
3121 3710 3380 3779 διανέστη
3428 3710 3459 3762 6
3496 3706 3696 3761 ἰθύνων
3745 3705 3841 3775 τὴν

2267 3803 2601 3876 Ἐκκλησίαν
2633 3803 2695 3856 τὸ
2719 3801 2977 3873 τηνικάδε
3000 3818 3016 3834 ο
3051 3801 3128 3866 ὼς
3157 3799 3416 3872 Σαμουὴλ
3437 3798 3608 3852 πάλαι
3642 3797 3741 3850 ἐπὶ
3765 3796 3844 3867 τῷ

2252 3898 2450 3968 ἄφρονι
2516 3897 2721 3950 Σαούλ·
2773 3895 3068 3969 διαρρῆξαι
3117 3894 3216 3965 τὴν
3277 3893 3372 3946 τοῦ
3429 3892 3551 3946 νέου
3599 3889 3843 3960 Ἡρώδου

2255 3990 2397 4045 κατά
2420 3989 2513 4042 τὸν
2541 3988 2644 4060 τῆς
2685 3988 2933 4060 μοιχείας
2962 3988 3164 4060 τρόπον
3189 3985 3490 4057 βασιλείαν.
3515 3981 3708 4036 Ταῦτα
3732 3980 3844 4052 γάρ

2257 4083 2498 4139 πέπονθε
2526 4084 2620 4138 καὶ
2665 4081 2912 4154 Ἡρώδης
2950 4081 3182 4146 ἐκεῖνος,
3213 4078 3321 4134 ὑπὸ
3348 4078 3443 4132 τοῦ
3471 4078 3679 4132 οἰκείου
3711 4071 3846 4129 λαοῦ

2256 4179 2648 4242 ἀνασοὸευθεὶς
2676 4177 2774 4232 καὶ
2798 4173 3162 4237 ἀποκτανθείς
3191 4190 3205 4204 ο
3237 4171 3377 4226 ὲπάν
3419 4170 3574 4224 ιίασι
3611 4168 3714 4240 τὴν
3749 4166 3846 4221 τοῦ

2270 4273 2470 4346 Ἀρέτα
2517 4271 2782 4344 βασιλέως
2827 4267 3107 4339 θυγατέρα
3172 4265 3407 4337 νόμιμον
3457 4260 3628 4316 αὑτοῦ
3674 4257 3849 4315 οὖσαν

2258 4370 2496 4437 γυναῖκα
2523 4382 2538 4396 ο
2565 4364 2913 4435 ἀγαγόμενος
2947 4358 3282 4432 παρανόμως
3327 4357 3426 4428 τὴν
3474 4356 3569 4411 τοῦ
3609 4353 3848 4425 ἀδελφοῦ

2257 4457 2526 4515 Φιιππου
2560 4457 2886 4531 Ἡρωδιάδα.
2917 4456 2980 4509 Ei
3031 4454 3088 4508 δὲ
3143 4452 3318 4507 ταῦτα
3344 4452 3406 4506 οὐ
3453 4450 3574 4505 δέον
3610 4449 3851 4503 ὲκδικεῖο

564 4568 674 4615 ιυω
702 4556 911 4629 judicio
956 4569 1264 4626 praecursor
1310 4551 1577 4618 Joannes,
1609 4551 1756 4622 quod
1807 4550 2143 4606 temerariun

2272 4551 2419 4618 σθαι,
2451 4548 2790 4622 ἡμαρτηκὼς
2819 4547 3051 4601 ἐνώπιον
3084 4547 3183 4612 τῆς
3225 4543 3452 4613 ἀγάπης
3474 4559 3572 4596 σου
3597 4541 3846 4610 γέγονεν,

563 4660 651 4706 est
679 4647 971 4714 afﬁrmare,
1003 4662 1129 4701 cum
1163 4643 1439 4700 Herodem
1474 4642 1854 4714 reprehendit,
1889 4650 2156 4696 mortem-

544 4730 674 4814 'que
713 4740 945 4812 oppetiit
975 4739 1048 4795 ob
1087 4737 1601 4809 reprehensionem.
1640 4734 1856 4790 Erravit
1907 4733 2160 4789 similiter

569 4845 626 4892 et
655 4834 1080 4905 Chrysostomus
1106 4832 1177 4898 ⁸⁸,
1208 4845 1332 4886 cum
1377 4845 1478 4900 pro
1505 4829 1684 4885 viduae
1736 4841 1866 4900 agro
1915 4827 2155 4883 validum

569 4930 847 4980 certamen
891 4922 1148 4978 instituit.
1192 4919 1300 4974 Pro
1354 4920 1485 4974 bono
1526 4920 1666 4974 enim
1693 4957 1709 4983 ,
1740 4917 1941 4988 inquit,
1997 4919 2160 4971 audet

572 5017 838 5088 quispiam
869 5015 1002 5070 mori
1025 5015 1092 5069 “.
1121 5013 1194 5070 Ut
1217 5027 1324 5068 non
1348 5026 1771 5068 commemorem
1798 5010 2007 5066 similes
2026 5009 2162 5064 alias

575 5117 886 5166 sanctorum
907 5122 1006 5179 pro
1026 5105 1296 5162 similibus
1321 5105 1726 5161 contentiones.
1750 5105 1829 5160 An
1855 5118 2049 5158 rursus
2087 5103 2162 5174 ig-

575 5210 736 5258 norat
773 5202 1082 5256 reverentla
1109 5208 1222 5264 tua,
1257 5213 1382 5255 cum
1410 5197 1626 5252 duabus
1655 5212 1724 5252 ex
1753 5197 1920 5252 rebus
1944 5203 2159 5250 constet

581 5291 1061 5358 Christianismus,
1082 5291 1188 5347 ﬁde
1228 5298 1286 5346 et
1326 5289 1625 5360 operibus;
1653 5289 1700 5343 si
1738 5288 1969 5344 alterum
1997 5286 2156 5349 desit,

579 5387 810 5462 alterum
834 5399 942 5441 non
981 5382 1290 5455 prodesse?
1319 5380 1851 5451 Emuleturitaque,
1883 5393 2158 5451 rogamus,

580 5478 784 5543 divina,
811 5477 1047 5550 primum
1081 5477 1301 5547 quidem
1333 5483 1393 5530 ut
1426 5473 1740 5530 communis
1775 5473 1944 5542 patris
1995 5472 2160 5536 ﬁlius,

581 5571 848 5628 excitetur
871 5572 1074 5643 pariter
1091 5569 1158 5625 ad
1180 5570 1443 5624 honesta:
1469 5567 1695 5638 perinde
1718 5577 1825 5620 uta
1840 5566 2000 5620 beato
2023 5565 2164 5621 Saba

581 5664 848 5728 eruditus,
875 5671 1184 5719 accuratam
1207 5676 1312 5716 non
1341 5661 1515 5716 solum
1539 5660 1686 5724 ﬁdei,
1704 5659 1801 5715 sed
1822 5659 1984 5714 etiam
2011 5673 2178 5713 cano«

585 5770 715 5812 num
756 5757 1018 5813 rationem
1053 5755 1412 5826 amplectatur
1440 5772 1451 5804 :
1479 5753 1714 5824 denique
1739 5768 2028 5825 germanus
2049 5766 2172 5808 cum

655 5870 700 5904 ⁸³
731 5868 790 5926 1η
819 5871 938 5943 ejus
979 5871 1118 5940 Vita,
1158 5888 1214 5926 n.
1242 5870 1328 5928 ΒΞ.
1388 5872 1434 5903 ⁸’
1471 5869 1628 5923 Rom.
1664 5881 1716 5928 γ,
1745 5867 1796 5922 7.

2259 4646 2309 4699 ei
2343 4645 2436 4700 καὶ
2459 4642 2731 4715 τολμηρὸν
2761 4643 2956 4703 εἰπεῖν,
2981 4640 3010 4692 6
3030 4638 3345 4710 Πρόδρομος
3389 4633 3667 4703 Ἰωάννης,
3689 4631 3850 4698 έλέγο

2261 4737 2360 4804 ξας
2403 4735 2495 4790 τὸν
2539 4733 2807 4805 Ἡρώδην,
2862 4732 2956 4784 καί⁸
3005 4728 3182 4784 θανὼν
3231 4727 3372 4794 ὑπὲρ
3429 4724 3525 4778 τοῦ
3582 4722 3848 4792 ἐλεγμοῦ.

2272 4829 2552 4892 Ὠσαύτως
2589 4828 2684 4882 καὶ
2715 4829 2744 4881 6
2777 4824 3187 4896 Χρυσόστομος,
3219 4822 3360 4891 ὑπὲρ
3389 4818 3486 4873 τοῦ
3528 4813 3702 4888 ἀγροῦ
3747 4815 3853 4887 τῆς

2266 4925 2444 4994 χήρας
2468 4921 2721 4975 ἔνστασιν
2753 4918 3058 4989 ἀθλητικὴν
3087 4914 3521 4985 ἐπιδειξάμενος.
3540 4912 3724 4980 ’Υπὲρ
3741 4911 3852 4966 τοῦ

2264 5015 2492 5086 ἀγαθοῦ
2519 5014 2672 5083 τάχα
2694 5013 2823 5083 γὰρ,
2856 5013 3016 5083 φησὶ,
3057 5012 3153 5065 καὶ
3212 5007 3406 5078 τολμᾷ
3469 5025 3562 5075 τις
3621 5009 3854 5063 ἀποθα-

2266 5109 2416 5164 νεῖν.
2440 5108 2558 5162 Ἵνα
2591 5107 2666 5178 μὴ
2687 5107 2834 5174 λέγω
2855 5106 2953 5169 τὰς
2978 5105 3087 5158 τῶν
3109 5103 3286 5159 ἄλλων
3309 5103 3485 5172 άγίων
3504 5103 3856 5173 ὁμοτρόπους

2267 5202 2408 5271 ὑπὲρ
2451 5201 2562 5256 τῶν
2606 5199 2864 5254 τοιούτων
2907 5197 3211 5260 ἐνστάσεις.
3257 5195 3329 5249 Ἦ
3379 5195 3543 5249 πάλιν
3602 5195 3856 5265 ἀγνοεῖή

2265 5293 2514 5366 τιμιότης
2547 5308 2665 5358 σου,
2695 5293 2776 5345 ὅτι.
2803 5292 2866 5344 ἐκ
2904 5288 2998 5344 δύο
3027 5287 3422 5358 συνισταμένου
3447 5284 3542 5341 τοῦ
3583 5287 3857 5356 Χριστια-

2268 5386 2486 5459 νισμοῦ,
2519 5387 2666 5455 λέγω
2717 5386 2782 5456 δὴ
2815 5386 3054 5446 πίστεως
3109 5381 3206 5435 καὶ
3258 5380 3477 5452 ἔργων,
3521 5378 3573 5432 εἰ
3622 5377 3860 5447 θάτερον

2268 5482 2464 5547 λείπει,
2497 5480 2619 5535 οὐδὲ
2663 5479 2724 5533 τὸ
2770 5481 2956 5550 ἕτερον
2996 5475 3204 5546 ὀνίνησι
3234 5474 3324 5528 τὸν
3351 5473 3568 5544 ἔχοντας
3598 5469 3864 5540 Ζηλούτω

2271 5575 2476 5640 τοίνυν,
2507 5571 2960 5646 παρακαλοῦμεν,
2991 5571 3060 5624 τά
3102 5569 3243 5635 θεῖα,
3267 5568 3359 5621 καὶ
3399 5564 3620 5637 πρῶτον
3653 5563 3756 5634 μὲν
3781 5562 3863 5626 ὡς

2268 5669 2364 5724 τοῦ
2398 5667 2579 5723 κοινοῦ
2627 5667 2832 5739 πατρὸς
2882 5666 3070 5718 τέκνον
3106 5659 3562 5734 χρηματίζουσα,
3596 5672 3862 5710 συνεπαι-

2279 5763 2454 5835 ρέσοω
2491 5763 2629 5832 πρὸς
2667 5761 2737 5815 τά
2787 5759 2972 5812 δέοντα
3015 5773 3027 5789 ο
3071 5753 3321 5825 δεύτερον
3351 5753 3408 5807 δὲ
3438 5747 3626 5820 ὼςτῷ
3661 5764 3856 5819 μακα-
