4044 6366
312 356 444 424 1061

1534 355 2075 421 EPISTOLARUM
2108 356 2259 418 LIB.
2290 357 2337 415 Ι.

3424 350 3566 415 ιοοε

306 474 429 546 ρίτῃ
465 468 615 541 Σάὄᾳ
649 464 1110 540 μαθητευσαμένη
1131 484 1144 499 ·
1178 468 1469 542 ἀκρίϐειαν
1497 471 1560 524 οῦ
1590 471 1754 542 μόνον
1780 489 1885 526 κα-

2003 471 2078 530 sit.
2120 470 2439 532 fraternam,
2488 464 2847 536 eamdemque
2905 464 3191 521 nobiscum
3237 464 3566 523 sententiain

299 563 372 617 τὰ
410 561 511 634 τὴν
543 559 750 623 πίστιν,
776 558 914 613 ἀλλὰ
954 559 1049 613 καὶ
1072 559 1213 614 κατὰ
1225 559 1354 624 τοὺς
1382 560 1617 625 κανόνας
1636 561 1885 627 ἀσπαζό-

304 654 419 709 σθω
440 670 456 685 ·
475 653 680 724 τρίτον,
700 651 768 705 τὰ
784 650 988 720 ἀδελφὰ
1005 650 1160 722 ήμῶν
1179 651 1466 723 φρονείτω,
1487 652 1562 717 ὠς
1580 653 1885 724 ὁμάδελφος

303 742 461 800 οῦσω
480 744 597 808 καὶ,
612 743 1126 814 ὑπομιμνήσκομεν,
1139 742 1198 795 τδ
1213 743 1411 797 οἰκεῖον
1430 742 1676 814 κάθισμα
1698 745 1887 814 iam“.

308 836 497 908 ρείτω*
523 836 724 906 μήπως
753 833 1003 888 ἐντεῦθεν
1035 834 1325 906 σκάζωμεν
1356 834 1569 906 περὶτὰ
1601 835 1882 891 κάλλιστα.

378 921 661 991 Σύγγνωθι
715 921 1023 991 ἀδελφικῶς
1081 923 1633 995 ὑπομιμνήσκουσιν,
1699 924 1889 997 ὥσπερ

308 1014 404 1068 καὶ
447 1012 597 1083 αὐτῷ
626 1015 792 1084 ἡμεῖς
821 1029 835 1044 ·
878 1015 973 1068 καὶ
999 1014 1063 1068 οὐ
1115 1015 1292 1086 χρεὼν
1350 1017 1495 1087 ἡμᾶς
1552 1016 1889 1086 ἀγανακτεῖν

308 1104 781 1175 ῦπομνησθέντας.
822 1105 975 1175 Μηδὲ
1006 1107 1038 1175 ἡ
1075 1106 1142 1176 σὴ
1174 1106 1429 1177 τιμιότης
1458 1107 1846 1179 δριμυσσέσθω
1871 1124 1884 1140 ·

310 1195 424 1248 ἀλλ’
453 1194 779 1261 ἀναπτέσθω
811 1196 1013 1265 μᾶλλον
1040 1197 1120 1259 είς
1160 1197 1402 1266 ἀγάπην.
1436 1198 1546 1251 Καὶ
1575 1199 1889 1252 ἐπιστελλέ-

309 1302 409 1351 τω,
431 1285 619 1350 ὁσάκις
644 1285 711 1340 ἂν
743 1286 838 1342 καὶ
867 1285 1147 1357 βούληται,
1177 1286 1248 1340 τὰ
1277 1287 1527 1343 τοιαῦτα.
1561 1289 1733 1343 Οὐδὲν
1780 1290 1890 1361 γὰρ

313 1380 462 1450 παρὰ
493 1382 687 1432 τούτου
724 1378 1135 1449 βλαϐησόμεθα,
1169 1379 1202 1446 ἢ
1250 1381 1312 1433 τὸ
1362 1378 1511 1449 βιοῦν
1560 1380 1894 1450 ἀσφαλέστε-

318 1485 429 1542 ρον.
460 1471 597 1539 Περὶ
624 1470 679 1524 δὲ
713 1469 807 1523 τοῦ
835 1469 1014 1535 πάπα,
1045 1469 1130 1533 τίς
1160 1452 1292 1542 ἡμῖν
1330 1470 1486 1540 λόγος
1512 1470 1687 1536 οὕτως
1715 1472 1894 1543 πράσ-

315 1579 501 1625 σοντος
533 1562 565 1632 ἢ
616 1562 841 1625 ἐκείνως
868 1579 887 1628 ¹;
920 1560 980 1624 ὃς
1042 1564 1155 1624 τοῖς
1203 1561 1428 1626 οἰκείοις
1452 1604 1471 1628 ,
1508 1563 1890 1634 συγχώρησον,

312 1653 457 1709 ἑάλω
488 1658 729 1725 πτεροῖς,
765 1653 904 1707 κατὰ
931 1654 992 1707 τὸ
1020 1654 1223 1722 λόγιον.
1251 1653 1432 1724 Μηδὲν
1467 1655 1577 1723 γὰρ
1608 1655 1738 1726 περὶ
1785 1656 1894 1710 τῶν

315 1747 558 1817 ὲκδήλων
587 1745 999 1818 ἁμαρτημάτων
1021 1745 1118 1798 τοῦ
1154 1745 1345 1815 ἱερέως
1381 1746 1686 1816 φροντίζειν
1716 1746 1896 1816 φάμε-

313 1855 428 1903 νος,
455 1838 515 1891 οῦ
546 1838 636 1889 τόν
672 1855 792 1891 τινα
829 1838 980 1909 ἱερέα
1004 1877 1019 1902 ,
1049 1836 1187 1891 ἀλλὰ
1217 1838 1314 1909 τὴν
1344 1838 1594 1909 κεφαλὴν
1630 1842 1731 1910 τῆς
1769 1840 1895 1893 Ἐκ-

314 1930 546 2001 κλησίας
583 1930 1022 2001 κατεκωμῲδησε
1060 1930 1298 1983 τοσαῦτα
1325 1931 1421 1985 καὶ
1459 1931 1853 2001 ἅπεμυσάξατο
1877 1946 1893 1963 ⁸

314 2020 394 2085 ὡς
442 2022 591 2091 ἡμᾶς
650 2020 964 2090 αἰδεσθῆναι
1016 2021 1113 2074 καί¹
1175 2019 1430 2076 ἀκοῦσαι.
1466 2022 1532 2076 El
1576 2022 1635 2076 δὲ
1681 2023 1897 2095 ἀληθῶς

314 2110 492 2174 οὕτως
518 2111 656 2175 ἐστὶ,
692 2108 795 2179 φεῦ
825 2111 924 2182 τῆς
968 2111 1286 2182 ἱεραρχίαςί
1323 2111 1468 2184 Πλὴν
1497 2112 1766 2185 νουνεχῶς
1804 2132 1893 2168 κι-

314 2203 501 2274 νῶμεν
542 2201 639 2273 τὴν
684 2201 954 2270 γλῶτταν,
988 2201 1437 2273 παρακαλοῦμεν,
1466 2204 1559 2257 ἐπὶ
1592 2205 1693 2267 τὰς
1719 2222 1898 2273 κεφα-

314 2297 417 2361 λάς
444 2315 459 2331 ο
490 2297 587 2351 καὶ
642 2296 718 2367 μὴ
754 2296 899 2350 οῦτω
952 2295 1201 2367 σφοδρῶς
1250 2297 1714 2368 ἀποφαινώμεθα.
1750 2298 1814 2353 Εί
1840 2301 1899 2355 δὲ

316 2389 401 2444 δτι
434 2389 483 2442 οί
509 2389 788 2461 ἄνθρωποι
817 2387 1102 2458 μέλλουσιν
1130 2388 1370 2457 ἀνοίγειν
1400 2391 1468 2443 τὰ
1500 2391 1748 2461 στόματα
1773 2432 1788 2456 ,
1822 2392 1898 2458 ὼς

316 2482 624 2551 γέγραφας,
649 2480 742 2534 ἐπὶ
770 2479 830 2533 τὸ
856 2480 1059 2549 λέγειν,
1085 2481 1167 2533 ὅτι
1191 2481 1519 2547 ἐκπεσόντες
1539 2484 1637 2554 τῆς
1666 2483 1900 2539 ἐνταῦθα

319 2572 709 2643 πατριαρχίας,
746 2571 827 2635 είς
857 2570 1052 2641 ἑτέραν
1079 2570 1337 2625 ὑπόθεσιν
1363 2572 1748 2647 μετεπέσαμεν
1773 2592 1787 2607 ·
1824 2576 1900 2647 μὴ

320 2658 657 2729 φροπιζέτω
712 2675 806 2712 σου
848 2661 881 2731 ή
916 2660 1169 2732 τιμιότης
1199 2678 1212 2691 ·
1245 2657 1385 2716 οῖδεν
1411 2664 1440 2717 ό
1469 2663 1601 2728 Θεὸς
1652 2665 1747 2720 καὶ
1802 2666 1903 2738 τὴν

321 2749 550 2823 πρώτην
586 2751 803 2824 κίνησιν
860 2751 955 2807 καὶ
1017 2751 1115 2825 τὴν
1164 2752 1457 2826 δευτέραν’
1492 2754 1631 2810 ἀλλὰ
1666 2756 1774 2827 μὴν
1808 2758 1904 2811 καὶ

319 2842 421 2915 τὴν
467 2843 660 2916 τρίτην
692 2844 857 2909 αὐτὸς
884 2844 1171 2917 δοκιμάσει
1203 2860 1217 2875 ⁸
1256 2846 1419 2911 αὐτὸς
1447 2847 1767 2918 διελέγξεισ·
1801 2850 1904 2904 αὖ.

321 2933 415 2997 τὸς
466 2936 814 3006 παραστήσει
859 2936 955 2990 ὲπὶ
996 2936 1092 2991 τοῦ
1142 2938 1377 3011 φοϐεροῦ
1413 2939 1662 3011 βήματος
1693 2956 1706 2970 ⁸
1740 2941 1906 3005 αὐτὸς

323 3024 614 3089 ἀποδιδοὺς
668 3026 861 3092 καθὼς
921 3027 1214 3100 διεθέμεθα
1265 3030 1358 3084 καὶ
1406 3031 1798 3103 πεπράχαμεν.
1831 3033 1905 3087 Τὸ

1987 570 2171 617 teneat
2202 562 2629 629 :hortamurqne
2672 558 2946 628 propriam
3000 558 3189 612 sedem
3242 566 3466 623 servet;
3499 572 3569 613 ne

1986 668 2096 724 quo
2127 661 2287 724 pacto
2323 652 2452 717 inde
2479 651 2850 707 claudicamus
2882 650 3027 705 circa
3057 651 3333 719 praecipua

2058 743 2284 816 ignosce
2317 744 2559 800 fraterne
2592 743 2964 809 monentibus,
3017 742 3159 797 sicut
3188 751 3244 797 et
3268 756 3371 796 nos
3421 742 3516 796 tibi
3554 759 3569 798 :

1985 851 2166 905 neque
2189 844 2401 906 oportet
2421 849 2524 890 nos
2550 834 2785 888 monitos
2820 833 3108 904 indignari.
3132 832 3217 886 ‘Ne
3248 832 3414 902 igitur
3438 846 3569 885 suc-

1986 935 2211 982 censeat
2267 926 2575 981 reverentia
2609 934 2723 989 tua,
2754 926 2848 980 sed
2885 925 2950 979 ad
2997 924 3321 979 cbaritatem
3382 924 3566 992 potius

1990 1018 2338 1080 accendatur,
2370 1025 2426 1072 et
2467 1018 2593 1072 talia
2648 1017 2853 1071 scribat
2910 1016 3350 1087 quotiescunque
3402 1013 3568 1069 volet.

1990 1105 2208 1160 Nullum
2266 1107 2413 1160 enim
2468 1106 2727 1160 damnum
2786 1105 2930 1159 aliud
2985 1106 3285 1176 capiemus,
3314 1121 3475 1175 quam
3511 1114 3573 1159 ut

1992 1193 2238 1248 securius
2268 1194 2537 1247 vivamus.
2568 1193 2644 1247 De
2680 1209 2817 1263 papa
2842 1203 3047 1259 autem,
3076 1194 3204 1263 quid
3228 1194 3292 1247 ad
3318 1209 3439 1251 nns.
3469 1193 3574 1247 hoc

1991 1294 2135 1356 agat,
2168 1300 2237 1338 an
2295 1284 2586 1353 illud?qui
2645 1284 2901 1354 pmpriis,
2949 1284 3209 1355 ignosce,
3239 1292 3431 1351 captus
3482 1291 3573 1338 est

1990 1378 2112 1444 alis,
2145 1387 2205 1432 ut
2225 1377 2444 1433 dicitur.
2470 1376 2608 1431 Cum
2640 1378 2785 1431 enim
2814 1377 2882 1432 de
2916 1376 3226 1431 manifestis
3269 1374 3575 1429 sacerdotis

1993 1472 2205 1527 delictis
2235 1471 2371 1526 nihil
2396 1486 2588 1526 curare
2612 1469 2896 1532 dixit,non
2932 1468 3367 1538 qualemcunque
3394 1481 3576 1520 sacer-

1993 1564 2198 1629 dotem,
2240 1562 2335 1618 sed
2360 1572 2522 1632 caput
2557 1562 2809 1616 Ecclesia:
2838 1560 2912 1615 ita
2939 1559 3135 1615 derisit
3164 1568 3220 1614 ct
3247 1566 3575 1627 aspernatus

1993 1666 2079 1712 est
2110 1676 2124 1713 :
2154 1666 2215 1712 ut
2253 1656 2336 1710 vel
2369 1655 2560 1709 audire
2586 1670 2685 1709 nos
2742 1654 2960 1723 pudeat.
3008 1650 3164 1716 Quod
3214 1652 3258 1705 si
3292 1651 3346 1706 id
3385 1665 3577 1707 verum

1996 1756 2101 1814 est,
2129 1748 2238 1802 heu
2265 1745 2665 1801 hierarchiaml
2698 1746 2967 1798 Caeterum
3008 1741 3325 1811 prudenter,
3362 1757 3575 1809 qua'so,

1998 1853 2312 1893 moveamus
2366 1837 2603 1906 linguam
2649 1835 2914 1888 adversus
2961 1834 3185 1901 capita,
3233 1841 3287 1885 et
3332 1846 3402 1885 ne
3442 1831 3579 1885 adeo

1998 1930 2197 1984 acriter
2254 1926 2693 1999 pronuntiemus.
2727 1923 2786 1977 Si
2820 1938 2952 1978 vero
2973 1922 3170 1976 dicturi
3210 1930 3339 1976 sunt
3395 1920 3580 1974 homi-

1998 2038 2118 2084 nes,
2151 2030 2212 2076 ut
2240 2019 2455 2080 scribis,
2488 2033 2589 2073 nos
2611 2032 2737 2072 cum
2772 2017 2840 2070 ab
2876 2016 2978 2070 hoc
3017 2013 3390 2085 patriarchatu
3430 2011 3583 2066 exci-

1998 2115 2289 2176 dissemus,
2322 2112 2389 2166 ad
2420 2110 2567 2165 aliud
2603 2115 2985 2181 argumentum
3024 2120 3212 2161 versos
3251 2104 3466 2168 fuisse;
3509 2117 3580 2158 ne

2000 2214 2157 2261 curet
2206 2202 2517 2258 reverentia
2578 2210 2710 2256 tua:
2743 2199 2896 2254 novit
2952 2198 3097 2252 Deus
3145 2197 3440 2252 motionem
3468 2193 3585 2264 pri-

1999 2312 2144 2353 mam
2183 2304 2238 2350 et
2274 2292 2604 2358 secundam;
2652 2289 2748 2346 sed
2783 2296 2839 2344 et
2886 2287 3101 2343 tertiam
3132 2286 3249 2357 ipse
3307 2284 3582 2356 probabit,

2000 2389 2117 2460 ipse
2160 2387 2470 2455 redarguet,
2501 2384 2616 2454 ipse
2648 2379 3063 2453 reprmsentabit
3091 2377 3436 2433 lormidando
3477 2376 3581 2430 tri—

2000 2479 2185 2537 bunali
2220 2496 2234 2533 :
2266 2476 2500 2532 reddens
2529 2477 2665 2547 ipse,
2696 2483 2858 2544 prout
2886 2469 3305 2527 tractaverimus
3327 2478 3383 2524 et
3402 2467 3585 2538 egeri-

2003 2587 2146 2628 mus.
2191 2568 2329 2625 Illud
2388 2569 2534 2624 enim
2569 2586 2582 2622 :
2623 2565 2680 2621 Si
2713 2565 3007 2620 hominibus
3030 2563 3328 2633 placerem,
3390 2557 3587 2615 Christi

2000 2681 2178 2719 servus
2205 2679 2309 2718 non
2333 2678 2495 2716 essem
2514 2657 2583 2728 ¹⁸;
2612 2673 2722 2725 non
2744 2674 2774 2713 a
2797 2656 2957 2712 nobis
2980 2653 3359 2726 peccatoribus
3378 2652 3587 2708 dictum

2003 2756 2237 2815 est.Nos
2264 2770 2392 2828 ergo
2418 2762 2476 2809 et
2505 2751 2834 2808 sanctissimi
2867 2747 3200 2821 patriarchae
3251 2746 3586 2802 mentionem

2007 2847 2257 2910 facimus,
2292 2853 2353 2900 ut
2393 2842 2669 2908 convenit,
2697 2843 2751 2897 in
2800 2840 3152 2913 mystagogia,
3181 2838 3326 2894 sicut
3386 2846 3442 2893 et
3469 2837 3593 2908 pio-

2007 2954 2128 2995 rum
2160 2938 2551 3008 imperatorum
2579 2942 2892 2991 nostrorum
2926 2951 2941 2989 :
2976 2942 3033 2988 et
3057 2947 3184 2988 cum
3218 2931 3367 2986 omni
3408 2946 3587 2989 sacer-

2008 3033 2137 3089 dote
2164 3031 2441 3101 inculpato
2470 3027 2874 3083 communicare
2891 3041 3001 3081 non
3023 3026 3414 3080 detrectamus.
3441 3022 3593 3077 Scri-

322 3114 458 3187 γὰρ,
486 3118 553 3170 El
573 3116 907 3186 ἀνθρώποις
934 3118 1229 3188 ἤρεσκον,
1250 3122 1509 3190 Χριστοῦ
1548 3120 1773 3190 δοῦλος
1794 3125 1903 3179 οὐκ

2008 3124 2218 3197 psimus
2247 3131 2303 3179 et
2328 3121 2396 3178 ad
2430 3122 2606 3191 ipsum
2643 3120 3029 3191 patriarcham,
3088 3134 3208 3184 nos,
3236 3116 3385 3188 quod
3420 3124 3475 3171 et
3506 3114 3583 3186 pii

325 3205 408 3261 ἂν
441 3205 608 3276 ἥμην
630 3222 646 3239 ο
681 3208 741 3260 οὐ
775 3208 913 3280 πρὸς
944 3209 1102 3281 ήμῶν
1137 3211 1247 3265 τῶν
1285 3212 1635 3284 ἁμαρτωλῶν
1671 3215 1909 3285 φθέγγε-

331 3300 480 3357 σθαι.
526 3301 718 3372 Ἡμεῖς
741 3303 922 3357 τοίνυν
960 3306 1054 3359 καὶ
1087 3305 1181 3359 τοῦ
1213 3307 1524 3376 ἁγιωτάτου
1568 3311 1909 3382 πατριάρχου

332 3393 782 3464 μνημονεύομεν,
817 3395 894 3459 ὡς
947 3398 1203 3468 καθήκει,
1265 3401 1323 3452 ὲν
1375 3403 1441 3472 τῇ
1508 3402 1907 3474 μυσταγωγίᾳθ

329 3483 522 3557 ὥσπερ
579 3487 673 3539 καὶ
717 3487 826 3540 τῶν
880 3488 1122 3543 εὐσεϐῶν
1167 3490 1323 3562 ἡμῶν
1361 3490 1628 3563 βασιλέων
1660 3509 1674 3522 ’
1711 3493 1806 3548 καὶ
1837 3495 1902 3548 ὲκ

331 3576 536 3640 παντὸς
568 3577 893 3649 ἀδιασλήτου
918 3583 1194 3635 κοινωνεῖν
1226 3582 1286 3635 οῦ
1317 3582 1754 3655 παραιτούμεθα.
1801 3584 1906 3637 Γε-

330 3669 630 3741 γρὰφαμέν
661 3686 720 3723 τε
767 3670 918 3741 αῦτῷ
956 3671 1034 3743 τῷ
1065 3675 1347 3745 ἀρχιερεῖ·
1381 3675 1504 3728 ἐπεὶ
1534 3675 1630 3729 καὶ
1664 3677 1778 3738 τοῖς
1820 3676 1912 3729 εῦο

334 3758 554 3812 σεϐἐσιν
610 3760 770 3830 ήμῶν
823 3759 1101 3830 βασιλεῦσι
1150 3763 1393 3831 γνωστὸν
1431 3764 1679 3833 γέγονεν,
1737 3765 1818 3818 δτι
1852 3767 1911 3819 ὲν

2011 3218 2369 3289 imperatores
2415 3216 2586 3270 nostri
2630 3214 2840 3277 sciunt,
2890 3213 2944 3267 in
2976 3212 3127 3267 nulla
3158 3227 3218 3268 re
3255 3211 3595 3281 discrepare,

2011 3319 2371 3380 praeterquam
2400 3308 2468 3363 de
2500 3306 2740 3377 Josepho
2773 3314 2863 3361 :et
2892 3305 3054 3360 simul
3077 3319 3139 3359 ac
3176 3303 3437 3375 depulsus
3474 3300 3595 3357 fue-

2013 3399 2083 3454 rit
2120 3398 2447 3464 sacerdotio,
2502 3413 2627 3453 cum
2677 3400 2797 3468 ipso
2843 3396 3029 3452 statim
3067 3395 3592 3451 communicaturus.

2013 3493 2230 3549 Etenim
2270 3491 2683 3547 desiderabilem
2724 3490 2883 3546 nobis
2907 3488 3084 3545 virum
3111 3504 3251 3555 esse,
3279 3504 3388 3544 non
3418 3487 3598 3544 solum

2015 3583 2157 3655 quod
2195 3590 2361 3653 caput
2388 3582 2460 3638 sit
2487 3582 2746 3638 Ecclesiae
2782 3590 3019 3648 nostrae;
3045 3582 3141 3637 sed
3171 3581 3296 3652 quia
3324 3581 3436 3652 jam
3464 3580 3596 3635 olim

2018 3672 2356 3729 reverendus
2388 3673 2548 3729 nobis
2572 3683 2690 3729 erat
2719 3690 2732 3728 :
2766 3683 2819 3729 ct
2850 3673 3059 3747 singula
3087 3672 3259 3745 ipsius
3278 3672 3406 3729 vita:
3452 3671 3597 3727 bona

2022 3765 2244 3820 laudare
2269 3780 2381 3820 non
2412 3779 2706 3822 cessamus.

330 3851 511 3906 οὐδενὶ
536 3851 929 3924 διαφερόμεθα,
958 3852 992 3923 ἢ
1036 3854 1196 3925 μόνον
1224 3855 1313 3909 διὰ
1339 3854 1432 3909 τόν
1467 3854 1664 3926 Ἰωσήφ
1693 3873 1708 3886 '
1743 3858 1836 3911 καὶ
1857 3859 2019 3930 ἡνίκα
2039 3851 2192 3921 οὗτος
2231 3857 2507 3929 ὑποσταλῇ
2536 3859 2637 3931 τῆς
2669 3860 3000 3932 ἱερουργίας,
3038 3857 3200 3922 εὐθὺς
3228 3855 3599 3926 κοινωνοῦμεν

332 3942 505 4014 αὐτῷ.
540 3944 650 3999 Καὶ
678 3944 912 4017 ποθητδς
937 3947 1113 4018 ἡμίνό
1132 3947 1289 4018 ἀνὴρ,
1320 3948 1382 4000 οὐ
1417 3947 1576 4018 μόνον
1605 3950 1684 4002 ὅτι
1714 3952 1927 4025 κορυφὴ
1946 3955 2046 4025 τῆς
2067 3951 2188 4005 καθ’
2216 3951 2364 4021 ἡμᾶς
2408 3951 2735 4022 Ἐκκλησίας
2762 3952 2988 4022 γέγονεν
3012 3992 3028 4018 ,
3066 3948 3182 4007 ἀλλ’
3217 3952 3299 4004 ὅτι
3321 3950 3414 4004 καὶ
3434 3949 3598 4002 σεσα-

335 4041 461 4104 στδς
494 4043 628 4110 ἡμῖν
670 4041 931 4098 ικπαλαι.
985 4044 1097 4098 Kal.
1137 4045 1236 4098 ὅσα
1273 4044 1369 4098 τοῦ
1436 4043 1553 4115 βίου
1620 4046 1787 4100 αὑτοῦ
1831 4048 1992 4118 καλὰ,
2028 4047 2427 4119 ἀποσεμνύνειν
2453 4046 2514 4100 οὐ
2554 4046 2861 4117 παυόμεθα.

410 4135 472 4189 El
495 4134 552 4188 δὲ
577 4134 775 4204 φθάσει
804 4135 888 4189 ὅτι
917 4138 1013 4190 καὶ
1071 4137 1235 4201 αὐτὸς
1274 4136 1595 4208 ἀποδέχεται
1627 4139 1719 4192 τὸν
1758 4139 1918 4211 ζῆλον

335 4225 438 4298 (ἐῶ
483 4225 596 4297 γὰρ
637 4226 819 4296 λέγειν
874 4228 1211 4292 ἐπισκόπους
1248 4230 1457 4297 ἁγίους,
1484 4233 1831 4302 ἡγουμένους
1859 4252 1917 4288 τε

336 4318 437 4373 καὶ
470 4318 825 4389 μονάζοντας,
875 4323 971 4375 καὶ
1002 4320 1205 4391 πλῆθος
1232 4320 1487 4393 γλαῖκῶν),
1527 4324 1580 4376 τί
1614 4325 1750 4394 φαίη
1779 4327 1812 4396 ὴ
1850 4325 1918 4397 σὴ

336 4410 604 4481 φιλότης;
632 4412 726 4465 Διὸ
755 4412 864 4466 ίσθι
897 4412 971 4485 μὴ
1000 4410 1141 4468 εἶναι
1175 4415 1381 4485 σχίσμα
1414 4416 1513 4484 τῆς
1551 4416 1879 4489 Ἑκκλησίας
1898 4434 1914 4455 ν

2087 4141 2143 4197 Si
2195 4156 2325 4195 vero
2358 4140 2657 4212 contingat,
2682 4149 2736 4193 et
2757 4139 2870 4208 ipse
2918 4154 3135 4210 quoque
3157 4138 3329 4193 zelum
3369 4140 3601 4213 accipiat

2018 4232 2199 4301 (mitto
2237 4231 2385 4286 enim
2415 4229 2483 4285 de
2546 4229 2750 4284 sanctis
2784 4229 3059 4299 episcopis
3119 4229 3326 4295 dicere,
3356 4231 3423 4285 de
3458 4248 3600 4302 prae-

2015 4324 2208 4395 positis
2246 4331 2298 4378 et
2324 4321 2626 4388 monachis,
2663 4321 2838 4391 deque
2891 4322 3154 4376 laicorum
3189 4322 3597 4395 multitudine),

2016 4416 2145 4487 quid
2171 4424 2288 4471 tum
2325 4413 2473 4470 dicet
2525 4414 2761 4470 Charitas
2795 4413 2928 4468 tua?
2954 4413 3139 4480 Quare
3172 4414 3309 4470 scito
3345 4414 3601 4472 Ecclesia:

322 4503 456 4590 νᾲλλ’
484 4503 742 4575 ἀληθείας
763 4506 1155 4577 ἐπικράτησιν,
1181 4507 1276 4561 καὶ
1297 4506 1407 4559 τῶν
1438 4506 1598 4561 θείων
1622 4509 1801 4579 νόμων
1823 4512 1903 4564 ὲκ-

2020 4508 2255 4564 schisma
2279 4508 2487 4562 nullum
2514 4521 2653 4573 esse,
2686 4506 2781 4562 sed
2806 4506 3052 4563 veritatis
3083 4507 3480 4574 defensionem,
3516 4511 3601 4564 di-
3674 4552 3677 4553 ν

334 4589 591 4660 δίκησιν·
610 4590 807 4662 -ἓτερον
835 4592 914 4659 δὲ,
944 4592 1021 4653 ὡς
1053 4594 1191 4666 ἔφθη
1222 4595 1500 4667 είποῦσαή
1521 4597 1772 4669 τιμιότης
1799 4617 1915 4665 σου,

335 4680 443 4751 τῆς
471 4680 729 4751 ἀληθείας
758 4682 936 4753 ῥῆξις,
973 4685 1068 4738 καὶ
1095 4685 1204 4739 τῶν
1229 4687 1472 4741 κανόνων
1507 4689 1542 4758 ή
1575 4689 1881 4757 παράλυσις
1903 4707 1919 4725 ο

338 4774 437 4833 καὶ
476 4775 653 4829 ἐκεῖνο
679 4774 793 4846 ἔχει
830 4793 912 4830 σοι
946 4776 1129 4841 καλῶς
1152 4778 1449 4847 ηλέγεσθαιο
1489 4781 1557 4834 Ol
1583 4781 1759 4850 ἱερεῖς
1780 4782 1922 4851 ἠθέ-

337 4882 490 4921 τουν
512 4868 702 4937 νόμον
716 4886 860 4938 μου,
884 4869 983 4924 καί
1010 4869 1350 4939 ἐϐεϐήλουν
1370 4872 1442 4927 τὰ
1469 4872 1606 4943 ἅγιά
1627 4891 1748 4943 μου
1768 4890 1783 4906 ’
1812 4876 1921 4940 βε-

324 4959 554 5027 ϐήλοις
580 4960 681 5016 καὶ
708 4962 904 5029 ὁσίοις
928 4965 1002 5018 οὐ
1034 4962 1409 5031 διέστελλον,
1439 4967 1577 5020 ἀλλ’
1609 4964 1689 5037 ἦν
1715 4968 1922 5035 αὐτοῖς

337 5052 583 5109 ἅπαντα
623 5054 816 5110 κοινά.
852 5055 927 5109 Τὸ
968 5056 1079 5129 γὰρ
1123 5060 1196 5129 μὴ
1230 5057 1376 5128 ἔχειν
1407 5059 1595 5114 σπῖλον
1639 5061 1671 5117 ἢ
1710 5062 1918 5133 ῥυτίδα,

2019 4600 2380 4671 vinorumque
2411 4614 2680 4655 canonum
2716 4599 3137 4656 vindicationem
3168 4617 3180 4653 :
3215 4601 3447 4656 alterum
3473 4618 3603 4657 vero

2018 4693 2174 4760 illud,
2199 4693 2344 4763 quod
2370 4693 2607 4748 asseruit
2659 4692 2968 4748 reverentia
3002 4703 3113 4758 tua,
3136 4693 3383 4748 veritatis
3431 4693 3603 4749 infra-

2018 4787 2254 4842 ctionem
2286 4795 2341 4842 et
2366 4801 2637 4841 canonum
2672 4786 3013 4841 eversionem
3046 4800 3168 4841 esse
3204 4802 3219 4850 ;
3252 4800 3315 4839 ac
3347 4785 3444 4840 tibi
3472 4787 3604 4842 illud

2019 4873 2121 4929 dici
2147 4882 2290 4930 recte
2313 4889 2474 4944 posse
2501 4891 2515 4929 :
2540 4872 2849 4928 Sacerdotes
2875 4873 3038 4945 legem
3067 4890 3236 4927 meam
3266 4875 3601 4945 spernebant,

2020 4976 2068 5022 el
2089 4968 2442 5037 profanabant
2462 4968 2771 5021 sanctuaria
2804 4983 2954 5021 mea:
2977 4969 3200 5038 profana
3223 4977 3272 5022 et
3296 4978 3481 5022 sancta
3504 4985 3606 5022 non

2019 5060 2431 5131 distinguebant,
2478 5060 2569 5114 sed
2622 5071 2774 5114 erant
2817 5060 2924 5113 illis
2981 5061 3278 5113 communia
3329 5062 3507 5115 omnia
3532 5061 3603 5113 “.

338 5145 432 5203 ἵνα
462 5145 552 5199 καὶ
586 5145 751 5199 πάλιν
777 5146 1041 5215 εἴπωμεν,
1079 5146 1222 5201 οὕτω
1248 5148 1467 5205 νοείτω*
1502 5150 1567 5203 τδ
1600 5151 1674 5222 μὴ
1695 5167 1903 5223 ιιιςροσιε⁴

2026 5149 2239 5206 Nullam
2261 5151 2404 5206 enim
2433 5152 2699 5207 maculam
2722 5151 2924 5206 habere
2948 5159 3040 5204 aut
3063 5166 3274 5222 rugam,
3308 5162 3368 5207 ut
3404 5153 3603 5207 iterum

328 5237 514 5307 -μένην
556 5233 627 5292 τά
664 5255 721 5290 τε
758 5238 929 5310 ἀσεδῆ
956 5239 1203 5310 δόγματα
1237 5242 1330 5293 καὶ
1361 5239 1428 5293 τὰ
1460 5243 1783 5299 ἀκανόνιστα
1824 5245 1903 5313 ὲγ.

2027 5241 2224 5307 dicam,
2275 5241 2355 5296 sic
2393 5241 2830 5313 intelligendum,
2860 5241 3004 5309 quod
3036 5257 3144 5297 non
3176 5243 3401 5313 recipiat
3440 5243 3603 5313 impia

330 5329 675 5401 χειρήματα.
711 5330 787 5384 Οὐ
824 5330 931 5401 μὴν
956 5332 1092 5385 ἀλλὰ
1117 5334 1213 5386 καὶ
1239 5333 1306 5386 τὰ
1335 5335 1393 5386 ὲν
1415 5336 1529 5397 τοῖς
1557 5335 1903 5407 αὐτουργοῦσι

2023 5335 2293 5407 dogmata,
2314 5349 2417 5390 nec
2442 5350 2607 5390 ausus
2633 5334 2846 5389 illicitos
2868 5342 2923 5389 et
2946 5335 3248 5390 canonibus
3267 5336 3600 5389 contrarios:

332 5423 409 5476 τὰ
439 5423 869 5495 ἀπηγορευμένα
916 5426 1379 5496 συμφρονήματα,
1415 5426 1491 5490 ὦς
1532 5427 1635 5481 πού
1685 5445 1853 5499 φησιν
1893 5434 1903 5479 ι

2026 5442 2205 5497 neque
2240 5427 2378 5483 adeo
2394 5426 2781 5483 consentiatiis
2799 5426 2890 5497 qui
2919 5428 3084 5483 vetita
3109 5425 3208 5496 ipsi
3236 5425 3603 5491 committunt,

338 5517 487 5578 θεῖος
520 5515 798 5583 Βασίλειος
819 5534 832 5549 ·
865 5518 1002 5589 πρὸς
1028 5517 1066 5572 ἃ
1100 5517 1310 5581 Παῦλος
1337 5521 1365 5572 ὁ
1401 5519 1597 5590 μέγας,
1638 5521 1759 5574 οὐδὲ
1793 5539 1903 5574 συν·

2031 5531 2089 5577 ut
2115 5523 2346 5592 quodam
2402 5523 2521 5577 loco
2572 5521 2648 5575 ait
2688 5519 2910 5575 divinus
2939 5519 3167 5574 Basilius
3192 5518 3294 5585 ;de
3318 5517 3514 5587 quibus
3551 5527 3608 5574 et

338 5610 628 5665 εστιᾶσθαι
662 5613 774 5675 τοῖς
806 5610 1069 5675 τοιούτοις
1102 5614 1445 5684 παραχωρεῖ.
1487 5612 1641 5665 Ἐπεὶ
1674 5612 1782 5666 ἀπὸ
1811 5611 1903 5667 τῶι

2028 5630 2255 5688 magnus
2282 5615 2480 5670 Paulus
2507 5613 2569 5678 ⁸⁸,
2586 5626 2686 5668 nee
2706 5611 2869 5667 edere
2895 5625 3017 5665 cum
3047 5609 3241 5663 talibus
3259 5609 3603 5679 permittens.

428 5818 439 5839 ‘
499 5811 676 5867 Galat.
704 5828 741 5879 ι,
770 5812 854 5868 l0.
935 5809 984 5843 ⁸⁸
1013 5812 1212 5869 Ezech.
1236 5830 1373 5875 xm.
1394 5812 1486 5869 26.
1560 5813 1606 5848 "
1639 5814 1657 5867 1
1682 5814 1808 5871 Cor.
1836 5829 1891 5881 ν,
1917 5829 1978 5869 ιι.

672 5908 947 5971 Ρλπιοι..
993 5910 1111 5970 Gn.
1161 5910 1381 5973 XCIX.

3197 5901 3276 5965 32
