4044 6366
487 383 628 448 1003

1685 385 1743 444 8.
1773 381 2171 448 THEODORI
2211 373 2562 449 STUDI'I‘E

3621 383 3763 452 1005

483 493 700 552 Etenim
723 490 794 548 ab
831 488 1108 562 Apostolis
1128 497 1185 546 et
1217 487 1480 560 deinceps
1508 488 1694 546 multae
1739 504 1985 561 persaepe
2012 490 2068 545 in

2191 490 2491 546 ιποοτόλων
2523 489 2618 544 καὶ
2657 489 2910 558 κατόπιν,
2948 487 3235 561 πολλαχῶς
3280 490 3477 546 πολλαὶ
3525 494 3769 566 αἱρέσεις

483 600 602 641 eam
636 583 874 638 haereses
931 580 1210 637 irruerunt
1243 597 1256 634 :
1289 588 1345 635 et
1374 577 1576 651 ﬂagitia
1607 578 1814 646 illicita,
1845 579 2076 635 canoni-

485 676 588 732 bus
617 673 871 737 adversa,
906 670 1151 738 fuerunt,
1183 671 1330 727 sicut
1358 685 1508 726 nunc
1530 679 1663 726 sunt
1697 688 1712 725 :
1745 671 1836 726 illa
1866 681 2074 736 tamen,

484 760 950 836 quemadmodum
980 759 1186 815 dictum
1240 767 1344 825 est,
1375 758 1494 814 sine
1539 757 1836 815 schismate
1863 768 1920 814 et
1961 774 2078 814 ma-

485 855 606 913 cula
629 854 850 920 mansit,
876 861 932 908 et
977 861 1260 922 permanet
1299 850 1355 905 in
1377 859 1669 915 aeternum,
1695 849 1993 905 subtractis
2021 839 2096 906 et-

486 945 677 1019 ejectis
704 945 774 1001 ab
797 959 863 1000 ea
893 943 1037 998 male
1063 941 1430 998 sentientibus
1461 941 1710 1012 maleque
1740 942 2074 1012 agentibus;

489 1047 750 1108 tanquam
797 1035 1052 1094 ﬂuctibus
1077 1033 1148 1091 ab
1185 1033 1514 1091 inconcusso
1542 1041 1598 1090 et
1622 1033 1897 1090 maritimo
1946 1047 2080 1090 saxo

491 1131 747 1203 repulsis.

559 1327 640 1382 Ad
671 1340 776 1381 nos
803 1324 968 1396 igitur
982 1337 1287 1386 redeamus.
1312 1321 1502 1387 frater,
1532 1327 1588 1378 et
1613 1319 1861 1376 veritatis
1903 1319 2079 1375 lucem

489 1434 882 1490 sacrorumque
911 1433 1187 1474 canonum
1231 1415 1583 1486 aspiciamus,
1618 1412 2080 1484 quemadmodum

491 1515 740 1586 dogmata
771 1523 959 1586 tenere
986 1512 1238 1566 videmur
1273 1527 1285 1564 :
1326 1524 1426 1564 nos
1456 1507 1806 1578 potissimum
1831 1505 1925 1578 qui
1959 1521 2083 1561 mo-

492 1605 651 1661 nachi
683 1619 894 1669 sumus,
930 1611 985 1658 et
1023 1600 1228 1670 aliquid
1250 1615 1373 1656 esse
1403 1598 1802 1656 existimamur.
1859 1595 1920 1652 Si
1943 1597 2081 1650 enim

491 1698 670 1752 lumen
726 1695 866 1767 quod
930 1696 986 1748 in
1032 1695 1183 1748 nobis
1246 1700 1323 1748 est
1381 1693 1604 1746 tenebrae
1658 1699 1779 1746 sunt
1810 1706 1830 1745 :
1858 1688 2084 1743 tenebrw

491 1799 706 1862 quanta:
759 1796 913 1844 erunt
939 1787 988 1820 ⁸⁸
1012 1788 1036 1842 ‘l
1067 1796 1114 1841 et
1143 1787 1190 1842 si
1215 1786 1299 1841 sal
1331 1785 1632 1851 evanuerit,
1665 1784 1722 1838 in
1751 1799 1852 1854 quo
1881 1782 2080 1836 salien-

2176 582 2650 655 προσεῤῥάγησαν
2695 581 2867 655 αὐτῇο
2912 581 3009 637 καὶ
3055 583 3394 656 ῥυπάσματα
3423 583 3645 658 ἄθεσμα
3673 588 3771 642 καὶ

2175 671 2511 727 ἀκανόνιστα
2563 670 2934 741 ἐπεπόλασαν,
2988 671 3179 746 ὥσπερ
3220 674 3340 744 καὶ,
3362 667 3446 730 τδ’
3470 675 3601 730 νῦν·
3634 677 3775 732 ἀλλά

2179 763 2290 838 μὴν
2341 763 2484 836 αὐτὴ
2538 763 2622 836 τῷ
2671 765 3060 838 προειρημένῳ
3115 765 3306 838 τρόπῳ
3365 768 3626 848 ἀσχιστος
3677 771 3774 824 καὶ

2177 855 2485 928 ἀμώμητος
2512 855 2910 930 διαμεμένηκε,
2945 857 3041 912 καὶ
3066 856 3322 929 διαμενεῖ
3363 858 3472 924 ῑως
3503 857 3600 913 τοῦ
3633 862 3773 914 αίῶ-

2178 964 2290 1014 νος,
2315 947 2800 1021 ὐπεξαιρουμένων
2839 950 2934 1004 καὶ
2958 951 3449 1023 ἀποπεμπομένων
3471 951 3569 1007 ἀπ’
3600 953 3775 1024 αὐτῆς

2177 1039 2289 1098 τῶν
2350 1040 2540 1106 κακῶς
2594 1041 2991 1114 φρονησάντων
3047 1043 3082 1114 ἢ
3144 1043 3515 1116 πραξάντων·
3580 1043 3776 1117 ὥσπερ

2180 1136 2239 1203 ἐξ
2269 1134 2524 1190 ἀσείστου
2565 1135 2662 1190 καὶ
2705 1135 2978 1208 παραλίου
3019 1137 3233 1211 πέτρας
3261 1136 3333 1192 τά
3356 1139 3777 1212 προσρήσσοντα

2181 1227 2428 1300 κύματα.

2253 1323 2348 1387 El;
2380 1324 2613 1389 ἐαυτούς
2651 1317 2747 1380 οὖν
2786 1322 3098 1396 γενώμεθα,
3123 1317 3170 1380 ὦ
3199 1325 3418 1398 ἀδελφει,
3445 1327 3542 1383 καὶ
3561 1325 3776 1386 ἀπίδωο

2185 1431 2284 1487 μεν
2314 1416 2455 1487 πρὸς
2480 1416 2542 1471 τδ
2569 1415 2686 1488 φῶς
2713 1417 2814 1488 τῆς
2840 1417 3127 1489 ἀληθείας,
3158 1420 3255 1474 καὶ
3280 1419 3390 1475 τῶν
3420 1420 3583 1493 ίερῶν
3607 1424 3773 1477 κανό-

2183 1525 2314 1571 νων,
2342 1507 2532 1582 ὥσπερ
2552 1509 2649 1564 καλ⁵
2670 1511 2779 1563 τῶν
2797 1509 3087 1582 δογμάτων
3105 1513 3399 1583 ἐγκρατεῖς
3419 1515 3772 1584 φαινοίμεθα·

2186 1597 2425 1670 μάλιστα
2451 1600 2616 1671 ἡμεῖς
2645 1600 2699 1654 οί
2733 1601 3063 1672 μονάζοντες
3082 1617 3101 1633 ·
3132 1603 3370 1673 μάλιστα
3403 1605 3567 1676 ἡμεῖς
3603 1606 3654 1658 oi
3680 1603 3776 1660 δο-

2181 1690 2407 1756 κοῦντες
2458 1687 2599 1746 εἷναί
2640 1709 2721 1748 τι.
2756 1695 2827 1748 Εί
2853 1693 2965 1764 γὰρ
2995 1693 3066 1749 τὸ
3093 1694 3326 1765 ἐνήμῖν
3355 1694 3483 1766 φῶς
3505 1699 3734 1765 σκότος
3753 1711 3769 1727 ⁸

2182 1781 2251 1836 τὸ
2274 1783 2498 1851 σκότος
2524 1784 2765 1852 «door;
2787 1785 2906 1854 καὶ,
2930 1788 3000 1842 El
3016 1787 3082 1842 τὸ
3105 1787 3264 1856 ἅλας
3291 1790 3775 1860 μωρανθήσεται,

493 1893 581 1938 tur
609 1882 657 1915 ⁸⁷
688 1882 850 1937 laici?
879 1881 1225 1937 Arbitramur
1251 1887 1328 1946 te,
1354 1880 1517 1949 idque
1543 1893 1856 1950 precamur,
1884 1891 2076 1931 eorum

2191 1873 2250 1927 ἐν
2287 1875 2409 1932 τίνι
2456 1875 2901 1944 ἀλισθήσονται
2949 1878 3000 1932 οί
3045 1878 3225 1933 λαῖκοί
3247 1898 3264 1947 ;
3309 1877 3502 1952 Ἡμεῖς
3546 1882 3776 1953 οἰόμεθά

491 1993 613 2047 qua:
645 1976 720 2031 ibi
747 1983 897 2039 sunt,
923 1982 1257 2031 servatorem
1279 1970 1415 2036 fore,
1437 1971 1694 2026 etlumen
1718 1979 1772 2025 et
1800 1969 2080 2025 lucernam

493 2068 846 2139 perfectionis
870 2082 933 2122 ac
963 2066 1182 2138 pietatis
1209 2085 1222 2120 :
1253 2081 1361 2120 non
1396 2064 1580 2120 omnia
1611 2073 1664 2118 te
1697 2061 1951 2117 omnibus
1985 2077 2084 2116 ex-

495 2161 754 2226 hibendo,
774 2161 867 2216 sed
893 2159 1110 2214 virtutis
1135 2157 1479 2223 excellentia,
1507 2163 1564 2211 et
1590 2156 1697 2211 vita
1721 2169 1788 2210 ex
1810 2170 2082 2210 canonum

493 2255 613 2326 lege
637 2261 779 2318 aeta,
807 2260 1109 2322 sanctaque
1133 2249 1555 2306 conversatione
1587 2265 1602 2303 :
1636 2258 1692 2305 et
1716 2265 1874 2320 aequo
1899 2250 2084 2306 animo

495 2347 579 2402 fer
594 2345 779 2401 fratris
807 2345 883 2400 tui
911 2344 1341 2400 admonitionem
1377 2358 1442 2398 ex
1471 2341 1736 2397 cbaritate
1758 2341 2082 2412 profectam,

496 2438 790 2508 studioque
839 2437 1104 2499 veritatis,
1133 2445 1188 2491 ct
1217 2435 1405 2492 divino
1425 2435 1664 2506 judicio.
1701 2433 1866 2489 Plura
1899 2435 2086 2491 dicere

495 2531 714 2585 animus
744 2529 1108 2596 desiderabat,
1144 2528 1240 2584 sed
1285 2527 1530 2598 epistolae
1580 2526 1867 2598 prolixitas
1920 2527 2084 2583 linem

496 2624 676 2680 facere
705 2623 904 2695 coegit.
931 2621 1094 2678 Grata
1118 2621 1280 2676 nobis
1308 2620 1410 2675 fuit
1438 2620 1650 2692 eulogia
1682 2630 1774 2675 tua
1796 2619 2082 2690 praedives,

496 2725 552 2773 et
578 2733 708 2772 cura
734 2731 897 2786 quam
944 2715 1089 2786 geris
1129 2714 1196 2768 de
1231 2712 1422 2768 humili
1471 2711 1804 2767 monasterio
1833 2719 1927 2765 tuo
1958 2729 1972 2766 :
2000 2725 2088 2765 ar-

497 2811 817 2876 gumentum
847 2803 993 2875 quod
1037 2817 1228 2873 parcas
1259 2811 1314 2856 et
1347 2816 1446 2872 pro
1476 2817 1542 2856 eo
1595 2801 1831 2855 labores.
1862 2798 2088 2870 Magnus

499 2898 653 2953 labor
687 2906 812 2952 tuus
841 2915 854 2951 :
879 2895 975 2952 sed
1006 2895 1267 2951 Dominus
1289 2894 1385 2950 tibi
1413 2893 1680 2948 retribuet
1709 2908 1829 2963 qua:
1867 2891 2087 2948 deside-

499 3005 624 3046 ras:
649 2991 913 3046 virtutum
929 2991 1350 3058 incrementum,
1373 2997 1427 3045 et
1448 2987 1775 3059 perennium
1800 2987 1974 3058 ipsius
1988 2986 2087 3042 bo-

501 3099 700 3139 norum
728 3083 1066 3139 fruitionem.

789 3397 1053 3454 XXIX.-—
1088 3394 1252 3450 Leoni
1304 3392 1748 3462 orphanotroplio.

2187 1979 2271 2031 σε,
2298 1965 2395 2019 καὶ
2417 1965 2713 2037 εὐχόμεθα,
2739 1967 2852 2021 τῶν
2885 1967 3074 2023 αὐτόθι
3105 1968 3328 2042 σωτῆρα
3357 1965 3496 2024 εἶναι
3526 1973 3624 2026 καὶ
3657 1991 3776 2043 φω-

2187 2056 2384 2129 στῆρα,
2413 2060 2510 2112 xal
2539 2057 2734 2131 λύχνον
2761 2060 3056 2133 ἀκριϐείας
3097 2062 3192 2116 καὶ
3222 2062 3542 2129 εὐσεϐείας·
3579 2066 3682 2121 οὐκ
3709 2068 3777 2122 ἐκ
3847 2109 3850 2112 .

2185 2147 2282 2202 τοῦ
2325 2151 2463 2204 πᾶσι
2495 2150 2564 2206 τὰ
2597 2153 2777 2207 πάντα
2805 2153 3074 2222 γίνεσθαι,
3103 2154 3221 2210 ἀλλ’
3254 2157 3320 2210 ἐκ
3360 2156 3458 2212 τοῦ
3511 2157 3612 2230 τῆς
3641 2161 3776 2231 ἀρε-

2186 2241 2287 2313 τῆς
2323 2242 2516 2314 ὕψους,
2553 2245 2652 2300 καὶ
2680 2247 2748 2300 ἐκ
2781 2245 2878 2300 τοῦ
2904 2249 3366 2321 κεκανονισμένου
3397 2251 3517 2323 βίου
3536 2293 3552 2319 ,
3586 2255 3684 2308 καὶ
3711 2257 3779 2309 ἐκ

2187 2333 2282 2388 τοῦ
2343 2336 2711 2408 ίεροπρεποῦς
2760 2338 3180 2411 πολιτεύματος.
3224 2341 3336 2397 Καὶ
3370 2343 3504 2414 φέρε
3543 2344 3779 2416 ἀδελφοῦ

2190 2443 2286 2481 σου
2308 2427 2617 2501 ὐπόμνησιι
2643 2430 2998 2506 ἀγαπητικὴν
3019 2427 3208 2500 οὖσαν,
3239 2434 3335 2488 καὶ
3359 2433 3654 2509 φιλαλήθη,
3683 2439 3778 2493 καὶ

2188 2520 2490 2593 θεόκριτον.
2517 2523 2627 2577 Kal
2655 2523 2723 2578 τὰ
2757 2523 2927 2578 πλείω
2957 2523 3136 2593 λέγειν
3161 2525 3196 2596 η
3219 2523 3482 2597 ἐπιθυμία
3515 2545 3584 2599 με
3608 2529 3781 2584 ιξλκει⁹

2185 2615 2220 2686 ἡ
2268 2614 2504 2685 ἀμετρία
2556 2611 2617 2669 δέ
2657 2613 2752 2668 τοῦ
2787 2615 3117 2686 γράμματος
3165 2615 3499 2672 συνέλκουσα
3545 2621 3781 2676 ἐνταῦθα

2189 2703 2338 2774 ἡμᾶς
2369 2703 2701 2760 καταπαύει.
2734 2703 3148 2776 Ἀπεδεξάμεθά
3172 2721 3268 2759 σου
3291 2707 3474 2763 τοίνυν
3499 2709 3604 2781 τὴν
3633 2711 3782 2766 εὐλο-

2190 2793 2318 2863 γίαν
2351 2794 2452 2866 τὴν
2481 2793 2766 2849 πλουσίαν.
2800 2795 2912 2850 Kal
2939 2797 3022 2850 ὃτι
3056 2796 3382 2868 ἐφρόντισας
3405 2800 3666 2873 περὶτῆς
3688 2820 3784 2857 τα·

2168 2882 2505 2948 πεινώσεως
2555 2885 2652 2939 τοῦ
2683 2887 3056 2958 μοναστηρίου
3109 2904 3237 2940 σου’
3289 2887 3489 2960 δεῖγμα
3537 2891 3640 2961 μὲν
3687 2891 3783 2947 τοῦ

2191 2975 2472 3045 φείδεσθαι
2503 2975 2600 3030 καὶ
2628 2979 2812 3032 πονεῖν
2841 2977 2982 3050 ὐπέρ
3003 2977 3193 3046 αὐτοῦ,
3224 2977 3392 3044 κόπος
3433 2979 3491 3034 δέ
3529 2999 3626 3036 σου
3658 2985 3781 3040 ίκα-

2189 3069 2301 3130 νός.
2343 3068 2485 3123 Ἀλλ’
2507 3069 2536 3122 ό
2565 3072 2772 3143 Κύριος
2797 3070 3193 3144 ἀνταμείψεταί
3223 3087 3282 3124 σε
3302 3063 3383 3136 οἷς
3412 3072 3664 3145 χρῄζεις,
3687 3075 3786 3148 τὴν

2193 3160 2302 3214 τῶν
2329 3161 2544 3232 ἀρετῶν
2565 3162 2932 3236 ἐπανάληψιν,
2951 3163 3049 3218 καὶ
3074 3161 3175 3234 τὴν
3200 3159 3313 3218 τῶν
3340 3164 3580 3222 αἰωνίων
3610 3167 3783 3223 αὐτοῦ

2117 3231 2162 3290 c
2199 3231 2425 3324 ἀγαθῶν
2458 3256 2786 3314 ἀπόλαυσιν.

2409 3393 2542 3450 ΚΘ’.
2572 3425 2644 3436 -
2669 3395 2885 3452 Λέοντι
2920 3397 3366 3472 ὀρφανοτρόφῳ.
3405 3399 3574 3476 [μη’.]

1916 3549 1976 3600 in
1999 3555 2212 3605 mortem
2237 3551 2348 3606 ﬁlii.

573 3665 946 3738 Cupiebamus
987 3661 1208 3735 ipsimct
1235 3661 1424 3719 venire
1450 3675 1909 3733 communemque
1932 3661 2096 3718 nobis

502 3761 682 3817 facere
711 3771 1016 3814 aerumnam
1050 3763 1286 3811 vestram
1326 3753 1471 3810 circa
1514 3753 1737 3810 beatum
1791 3752 1961 3808 [ilium
1992 3769 2093 3810 ve-

504 3863 707 3919 strum,
739 3850 962 3907 domine
1001 3849 1073 3904 mi
1103 3845 1591 3912 desideratissime,
1619 3861 1731 3901 non
1765 3861 1865 3917 per
1884 3845 2094 3902 litteras

504 3945 882 4004 tantummodo
920 3958 1107 3999 casum
1136 3941 1341 4014 lugere,
1367 3939 1711 4010 tristititeque
1738 3948 1936 3995 vestrae
1963 3954 2093 4010 par-

503 4041 697 4111 ticipes
725 4038 1007 4094 vobiscum
1039 4035 1180 4090 ﬁeri.
1216 4032 1322 4100 Qui
1356 4033 1504 4090 enim
1527 4033 1704 4104 possit
1729 4047 1841 4088 non
1864 4033 2096 4089 misera-

501 4133 637 4198 bile,
669 4131 761 4203 qui
796 4129 968 4202 possit
991 4143 1105 4184 non
1145 4127 1479 4199 stupendum
1512 4125 1724 4192 videri,
1759 4124 1855 4180 ﬁlii
1879 4133 2002 4197 post
2029 4124 2096 4180 ii-

501 4226 636 4281 lium
663 4225 1028 4296 privationem
1060 4219 1191 4293 pati,
1221 4229 1276 4276 et
1304 4219 1490 4276 vivum
1531 4218 1935 4289 quodammodo
1967 4218 2092 4274 the-

501 4333 730 4376 saurum
752 4316 1028 4380 amittere,
1055 4313 1273 4371 divitias
1299 4311 1554 4386 genitivaa
1579 4311 1968 4377 successionis,
1995 4326 2094 4367 ex-

501 4418 749 4482 optatum
803 4408 1042 4463 fructum
1071 4405 1288 4478 papillae
1325 4414 1610 4470 maternae,
1659 4403 1880 4459 oculum
1929 4401 2093 4458 fami-

499 4507 588 4562 lia:
609 4503 1062 4577 pulcherrimum,
1093 4499 1228 4555 aviae
1252 4497 1517 4563 latinam,
1551 4496 1722 4552 totius
1752 4494 2092 4568 cognationis

501 4601 672 4657 decus
700 4607 756 4654 ct
811 4591 1235 4652 ornamentum?
1262 4588 1482 4644 Primus
1519 4596 1672 4644 ortus
1717 4598 1802 4644 est
1833 4590 2045 4643 fructus
2075 4604 2091 4642 :

500 4705 558 4752 et
587 4694 913 4749 immaturus
943 4684 1251 4759 genitorum
1281 4697 1313 4738 e
1340 4680 1595 4736 manibus
1627 4688 1816 4750 raptus
1845 4688 1949 4735 est.
1980 4679 2093 4733 Na-

502 4797 592 4843 tus
607 4793 691 4841 est
709 4781 1002 4844 secundus,
1025 4786 1081 4833 et
1104 4777 1250 4832 hunc
1274 4788 1492 4845 quoque
1511 4788 1659 4828 mors
1689 4772 1882 4828 acerba
1901 4787 2095 4828 corru-

500 4881 603 4952 pit.
636 4876 818 4931 ’l‘crtia
876 4872 1044 4942 stirps
1096 4867 1319 4941 prodiit,
1374 4865 1805 4938 praecedentium
1836 4864 2092 4921 consola-

2281 3661 2654 3735 Ἐὃουλόμεθα
2700 3663 2866 3734 ἡμεῖς
2903 3661 3058 3718 αὐτοὶ
3087 3665 3365 3738 παρεῖναι,
3399 3665 3496 3721 καὶ
3525 3669 3789 3741 κοινωνῆο

2199 3774 2292 3811 σαι
2333 3757 2434 3828 τῆς
2479 3756 2708 3828 ἐνούσης
2741 3756 2871 3828 ὑμῖν
2905 3759 3218 3829 συμφορᾶς,
3255 3758 3382 3832 περὶ
3411 3759 3474 3813 τὸ
3513 3764 3786 3834 μακάριον

2198 3847 2352 3920 ὐμῶν
2395 3848 2606 3913 τέκνον,
2651 3847 2810 3920 κύριέ
2862 3865 2967 3920 μου
3016 3848 3392 3915 ποθεινότατε,
3421 3851 3520 3923 οὐχ
3561 3853 3650 3906 ὅτι
3697 3853 3787 3909 διά

2196 3940 2526 4012 γράμματος
2556 3939 2902 4012 θρηνφδῆσαι
2930 3939 2994 3995 τὸ
3031 3940 3210 4006 πάθος
3246 3942 3344 3997 καὶ
3375 3947 3791 4016 συμμετασχεῖν

2197 4032 2326 4104 ὑμῖν
2349 4031 2446 4086 τοῦ
2471 4032 2742 4105 λυπηροῦ.
2767 4033 2892 4098 Πῶς
2915 4032 3027 4106 γὰρ
3049 4034 3152 4088 οὐκ
3178 4034 3437 4101 ἐλεεινὸν,
3460 4037 3581 4101 πῶς
3605 4037 3666 4091 δὲ
3689 4038 3788 4091 οὐκ

2195 4125 2538 4194 ἐκστατικὸν,
2586 4125 2777 4192 παιδὸς
2814 4126 2909 4181 ἐπὶ
2952 4127 3107 4182 παιδὶ
3140 4128 3401 4199 στέρησιν
3432 4128 3650 4194 παθεῖν,
3693 4131 3789 4184 καὶ

2195 4213 2310 4274 οἷον
2361 4218 2628 4274 ἀπολέσαι
2677 4219 2770 4274 τὸν
2805 4218 3052 4292 ἔμψυχον
3096 4219 3392 4293 θησαυρὸν,
3430 4222 3527 4277 τὸν
3554 4221 3788 4277 πλοῦτον

2195 4312 2295 4384 τῆς
2343 4312 2569 4382 γονικῆς
2609 4312 2881 4385 διαδοχῆς,
2924 4313 3018 4368 τὸν
3049 4313 3387 4368 πολύευκτον
3417 4315 3636 4388 καρπὸν
3685 4318 3788 4386 τῆς

2199 4403 2460 4476 μητρῴας
2491 4404 2683 4477 θηλῆς,
2705 4405 2798 4459 τὸν
2825 4405 3126 4479 περικαλλῆ
3153 4406 3436 4478 ὀφθαλμὸν
3459 4409 3561 4479 τῆς
3585 4407 3786 4472 οίκίας,

2194 4497 2298 4569 τῆς
2330 4497 2680 4571 προμήτορος
2708 4496 2768 4550 τὸ
2793 4496 3132 4569 άγαλλίαμα,
3155 4498 3260 4569 τῆς
3300 4498 3430 4570 ὅλης
3461 4497 3789 4569 συγγενείας

2194 4589 2257 4644 τό
2292 4588 2707 4660 σεμνολόγημα;
2741 4581 2918 4643 Ἧκεν
2943 4592 2973 4644 ό
3003 4590 3222 4661 πρῶτος
3257 4590 3470 4662 καρπός
3490 4607 3507 4623 ο
3543 4591 3642 4644 καὶ
3677 4592 3787 4646 ἀω-

2199 4699 2290 4753 ρος
2313 4683 2377 4736 ἐκ
2413 4681 2522 4735 τῶν
2547 4680 2784 4748 γονικῶν
2812 4681 3012 4754 χειρῶν
3041 4682 3392 4755 ἀνηρπάσθη.
3434 4683 3576 4752 Ἕφυ
3609 4685 3640 4737 ό
3661 4683 3786 4737 δεύ-

2196 4792 2356 4848 τερος
2377 4791 2391 4806 ·
2421 4774 2518 4829 καὶ
2546 4773 2740 4829 τοῦτον
2768 4774 3076 4847 ἐλυμήνατο
3100 4779 3128 4830 ό
3164 4775 3364 4846 πικρὸς
3401 4775 3661 4840 θάνατος.
3694 4777 3794 4830 Ti-

2200 4868 2331 4940 θηλε
2359 4866 2420 4922 τδ
2440 4867 2627 4940 τρίτον
2656 4867 2966 4939 βλάστημα,
2993 4867 3326 4938 παραμυθία
3348 4868 3462 4922 τῶν
3483 4869 3793 4941 προτέρων,

502 4946 598 5038 tio,
635 4969 943 5033 ﬂorulenta,
965 4964 1312 5036 perpulchra,
1334 4961 1505 5017 vitam
1531 4959 1599 5014 ad
1633 4959 1852 5014 tertium
1880 4974 2087 5014 annum

2199 4960 2445 5026 εὐανθές,
2486 4961 2838 5031 περικαλλὲς,
2888 4960 3020 5028 ἀγον
3065 4959 3127 5014 τὸ
3177 4958 3444 5032 βιώσιμον
3486 4960 3569 5025 είς
3606 4960 3793 5033 τριετῆ

501 5067 732 5127 ducens,
763 5062 817 5116 in
844 5074 952 5130 qua
972 5069 1252 5128 suspensa:
1282 5061 1570 5124 parentum
1597 5051 1794 5106 animae
1821 5050 2090 5107 teneban-

502 5170 594 5216 tur
627 5176 640 5213 :
677 5165 751 5221 ct,
795 5169 828 5209 ο
862 5149 1263 5208 calamitatem!
1296 5162 1422 5202 nam
1471 5159 1662 5202 vocem
1705 5157 1922 5214 quoque
1972 5158 2094 5214 pro-

501 5250 704 5310 scindit
737 5247 892 5304 dolor
923 5262 937 5300 :
971 5241 1205 5299 excessit
1249 5239 1338 5294 hic
1371 5237 1536 5294 etiam
1566 5251 1636 5292 ex
1668 5236 1842 5292 oculis
1874 5235 2091 5303 vestris,

499 5348 755 5420 quodque
801 5341 1168 5399 miserrimum
1199 5344 1306 5400 cst,
1335 5344 1490 5406 patre
1523 5349 1632 5388 non
1694 5341 1986 5404 prasente.
2028 5330 2096 5386 Et

498 5443 630 5515 quid
656 5453 797 5511 opus
829 5446 914 5492 est
954 5431 1318 5489 calamitatem
1346 5426 1720 5515 exaggerare?
1747 5424 2095 5482 Conscissum

500 5514 584 5584 est
616 5544 711 5582 cor
761 5536 1030 5588 vestrum,
1062 5519 1254 5591 patris,
1297 5516 1510 5580 matris,
1539 5514 1774 5570 dominae
1815 5515 2093 5586 patriciae;

500 5627 557 5671 et
590 5631 686 5687 per
747 5625 1035 5684 utramque
1093 5607 1302 5680 gladius
1347 5604 1701 5678 pertransivit
1743 5623 1758 5672 ;
1810 5605 2096 5676 dolorique

504 5709 832 5773 nn-debitur,
864 5722 978 5761 non
1027 5721 1230 5775 sermo,
1266 5719 1380 5761 non
1428 5698 1732 5758 consolatio
1760 5699 1843 5757 vel
1895 5700 1964 5758 ab
1996 5699 2100 5756 ho-

585 5884 629 5915 “
662 5884 961 5957 Matth._\'l,
999 5883 1092 5938 25.
1169 5884 1213 5916 ⁸⁷
1235 5881 1431 5938 Matth.
1461 5900 1512 5952 v,
1543 5883 1631 5938 15.

2199 5052 2391 5125 χρόνον
2411 5068 2426 5084 ·
2466 5055 2526 5108 ἐν
2551 5046 2599 5123 ᾧ
2624 5054 2680 5108 at
2713 5052 2883 5124 ψυχαὶ
2917 5053 3310 5125 ἀπεκρέμαντο
3349 5052 3459 5107 τῶν
3482 5052 3760 5107 τεκόντων
3778 5067 3791 5081 ⁸

2200 5146 2298 5201 καὶ
2331 5146 2434 5216 φεῦ
2472 5147 2574 5218 τῆς
2607 5145 2922 5218 συμφορᾶςί
2965 5146 3229 5215 ὲγκόπτει
3253 5146 3364 5217 γάρ
3401 5146 3466 5200 τὸ
3493 5145 3671 5210 πάθος
3705 5145 3795 5199 καὶ

2201 5239 2264 5294 τὸ
2291 5238 2661 5310 φθέγγεσθαι·
2699 5238 2870 5310 ᾦχετο
2895 5239 2992 5292 καὶ
3016 5238 3175 5293 τοῦτο
3206 5239 3264 5306 ἐξ
3293 5238 3594 5311 ὀφθαλμῶν
3619 5238 3793 5309 ὑμῶν·

2205 5330 2302 5387 καὶ
2332 5332 2460 5402 τόγε
2490 5332 2872 5404 ἐλεεινότερον,
2908 5332 3044 5403 μηδὲ
3069 5331 3160 5385 ἐπ’
3189 5331 3367 5402 ὅψεως
3391 5333 3491 5402 τῆς
3518 5329 3795 5404 πατρικῆς

2204 5427 2534 5498 παρουσίας.
2562 5426 2673 5480 Kal
2715 5425 2770 5480 τί
2807 5425 2888 5479 δεῖ
2916 5425 3285 5497 ἐκτραγῳδεῖν
3323 5424 3425 5496 τὴν
3465 5425 3793 5496 συμφοράνς

2203 5515 2486 5588 Τέτμηται
2519 5515 2677 5587 ὐμῶν
2710 5515 2990 5588 ήκαρδία,
3019 5514 3115 5570 τοῦ
3153 5516 3384 5588 πατρὸς,
3429 5513 3534 5587 τῆς
3567 5516 3792 5588 μητρὸς,

2201 5606 2305 5678 τῆς
2343 5607 2564 5679 κυρίας,
2595 5607 2695 5680 τῆς
2721 5605 3049 5680 πατρικίαςο
3080 5605 3176 5661 καὶ
3208 5607 3459 5678 ῥομφαία
3502 5608 3596 5662 διά
3630 5609 3793 5680 μέσου

2203 5700 2540 5776 ἀμφοτέρων
2587 5700 2852 5774 ἐλήλυθε*
2891 5701 2989 5758 καὶ
3027 5701 3088 5756 τὸ
3123 5700 3318 5758 ἀλογον
3346 5698 3702 5773 θεραπεύσει,
3731 5697 3789 5751 οὐ
