4044 6366
248 358 393 430 1005

1503 345 2041 420 EPISTOLARUM
2067 351 2213 412 LIB;
2262 351 2304 412 l.

3394 351 3530 415 1006

237 480 419 548 λόγος.
459 473 522 530 ού
551 466 922 547 παραμύθιον,
946 470 1047 529 οὐκ
1078 467 1137 540 ἐξ
1168 469 1491 541 ἀνθρώπου,
1525 470 1626 535 οὐκ
1662 467 1831 537 ἀγγέ-

1934 464 2082 520 mine
2111 462 2196 518 vel
2226 461 2295 517 ab
2332 454 2524 533 angelo
2559 500 2573 525 ,
2602 459 2697 516 sed
2730 476 2761 515 ι
2798 459 2915 516 solo
2943 458 3076 526 Deo,
3126 460 3218 532 qui
3266 461 3387 516 vitae
3427 479 3524 518 ιιοι

236 570 356 635 λου,
394 567 510 622 ἀλλ’
540 568 607 621 ἐκ
644 564 809 637 μόνου
840 563 936 619 τοῦ
967 562 1128 629 Θεοῦ,
1161 562 1259 617 τοῦ
1294 562 1469 627 οὕτως
1504 559 1830 633 διαθεμένου

235 663 368 727 τοὺς
417 659 521 729 τῆς
566 658 715 730 ζωῆς
763 656 920 729 ἡμῶν
969 657 1149 729 ὄρους.
1196 655 1371 720 Αὐτὸς
1414 654 1528 727 γάρ
1569 655 1710 720 ἔστι,
1748 651 1835 707 δι-

239 754 419 810 σποτά
473 769 600 824 μου,
649 753 679 806 ό
721 750 783 805 τὺ
839 749 1166 822 τριπόθητον
1208 747 1364 820 ὑμῶν
1411 745 1606 801 τέκνον
1660 750 1832 816 προσ-

236 848 545 919 λαϐόμενος
566 860 583 877 ’
618 844 813 916 ὥσπερ
859 843 955 897 καὶ
999 843 1069 899 τά
1110 839 1458 914 προλαϐόντα
1505 835 1833 910 προσληψά-

239 956 430 1013 μενος-

309 1030 572 1102 Δυπηρὸν
604 1028 725 1102 μὲν,
749 1027 846 1082 καὶ
879 1026 1026 1093 λίαν,
1046 1026 1110 1081 τδ
1143 1024 1268 1081 καθ’
1295 1023 1442 1096 ὑμᾶς
1464 1041 1479 1055 ⁸
1511 1025 1575 1080 οὐ
1611 1018 1835 1084 πάντως

237 1116 297 1177 δὲ
327 1122 422 1177 καὶ
439 1123 553 1186 τοῖς
578 1117 1006 1193 προσληφθεῖσιν
1026 1133 1040 1149 ο
1070 1116 1260 1188 ἐπειδὴ
1280 1115 1542 1189 ἀχραντοι
1569 1114 1668 1170 καὶ
1696 1114 1837 1187 ἀκη-

238 1212 459 1268 λίδωτοι
494 1210 554 1278 ἐξ
588 1208 875 1283 ἁμαρτιῶν
914 1207 1004 1263 διά
1038 1208 1141 1279 τῆς
1173 1206 1543 1280 ἀρτιγενείας,
1584 1205 1835 1277 ἐγχωρή-

241 1322 443 1369 σαντες
495 1303 607 1358 τῶν
657 1301 870 1357 ἐνθένδε
916 1299 1054 1371 πρὸς
1080 1299 1173 1354 τὸν
1205 1299 1478 1371 μακάριον
1516 1298 1610 1352 καὶ
1644 1296 1834 1369 ἀπαθῆ

242 1395 385 1468 βίον⁹
412 1396 471 1449 ἑν
503 1394 728 1458 κόλποις
759 1392 1010 1465 ’Δϐραάμ
1033 1381 1343 1465 χορεύουσι,
1371 1389 1514 1463 μετά
1538 1389 1713 1459 ἁγίων
1736 1407 1835 1461 νη-

242 1487 391 1541 πίων
423 1484 856 1553 συναυλίζονται,
891 1484 1032 1555 μετά
1056 1482 1266 1537 παίδων
1299 1480 1679 1554 χριστοφόρων
1702 1481 1835 1536 ἀνα-

243 1580 575 1653 μέλπουσιν.
604 1572 772 1633 Ὥστε
803 1577 906 1631 οὐκ
945 1575 1194 1630 ἀπόλωλε
1241 1574 1310 1628 τὰ
1340 1573 1603 1629 κάλλιστα
1643 1571 1832 1640 τέκνα,

238 1673 384 1728 ἀλλά
413 1672 685 1727 σέσωσται
712 1669 842 1738 ύμῖν
878 1668 975 1722 καὶ
996 1666 1264 1737 διαμένει.
1293 1654 1407 1718 Καὶ
1432 1656 1703 1732 ὲπόψεσθε
1731 1656 1835 1720 αὖ·

237 1763 312 1817 τὰ
343 1760 543 1833 μικρὸν
573 1759 823 1831 ὕστερον,
848 1756 1012 1829 ἡνίκα
1035 1751 1103 1811 ἀν
1128 1746 1284 1819 τέλος
1306 1753 1581 1827 δέξηταιή
1605 1754 1832 1827 χρονικὴ

238 1851 361 1924 ζωὴ
392 1848 557 1922 αὕτη,
580 1848 840 1921 χαίροντα
862 1848 958 1902 καὶ
991 1834 1362 1917 ἀγαλλόμενα,
1381 1845 1490 1904 οὐκ
1512 1846 1571 1900 ὲν
1595 1836 1830 1924 βραχείᾳ

237 1922 457 2014 ἡλικίᾳ,
485 1938 602 1994 ἀλλ’
634 1940 696 1994 ὲν
721 1936 1022 2007 τελειότητι
1053 1933 1147 1989 τοῦ
1178 1930 1547 2006 πληρώματος
1574 1932 1668 1988 τοῦ
1688 1922 1829 2006 Χρι-

240 2032 402 2097 στοῦ,
460 2029 645 2096 καθὼς
686 2029 1020 2101 γέγραπται.
1092 2027 1183 2080 Διδ
1236 2025 1666 2097 παρακαλοῦμεν
1733 2025 1832 2079 καὶ

237 2121 656 2196 ἀντιϐολοῦμεν,
716 2121 829 2185 τοῖς
889 2119 1177 2191 λογισμοῖς
1233 2117 1448 2181 τούτοις
1502 2105 1831 2188 κατεπάδειν

238 2213 461 2283 ιαυτοῖς
509 2215 654 2271 κατά
689 2212 751 2267 τὸ
793 2211 1015 2284 ἀληθὲς,
1050 2211 1147 2266 καὶ
1189 2209 1445 2266 ἐντεῦθεν
1487 2209 1729 2281 ἐξαίρειν
1769 2206 1832 2264 τδ

237 2313 483 2383 ἄμετρον
521 2305 767 2379 λυπηρὸν
813 2304 917 2377 τῆς
966 2302 1169 2376 ψυχῆς.
1223 2303 1418 2376 Μίτρα
1465 2301 1575 2374 γὰρ
1630 2300 1833 2357 ἔδωκεν

236 2404 378 2475 ἡμῖν
404 2403 434 2455 ὁ
464 2397 670 2472 Κύριος
692 2414 709 2430 ο
753 2396 843 2452 ἵνα
870 2397 966 2451 καὶ
993 2395 1063 2449 τὰ
1091 2392 1299 2465 φυσικά
1339 2391 1628 2464 σπλάγχνα
1656 2392 1832 2447 ινδει⁴

236 2491 516 2565 κνύμεθα,
543 2491 640 2547 καὶ
674 2489 805 2553 τοὺς
846 2488 947 2560 τῆς
983 2482 1321 2559 αὐταρκείας
1349 2486 1510 2557 ὅρους
1547 2484 1623 2556 μὴ
1658 2481 1833 2557 ὑπερ-

236 2582 547 2656 ϐαίνωμεν.
581 2581 657 2636 To
690 2579 793 2653 μὲν
812 2579 921 2651 γάρ
942 2579 1024 2644 είς
1047 2570 1196 2632 ἔλεον
1226 2571 1372 2632 κινεῖ
1390 2576 1451 2632 τὸ
1472 2575 1627 2630 Θεῖον
1652 2584 1671 2608 ⁸
1699 2577 1761 2630 τδ
1777 2574 1835 2630 δὲ

235 2674 656 2749 ἀντιφέρεσθαι,
688 2672 837 2729 ποιεῖ
883 2673 997 2734 τοῖς
1042 2669 1145 2742 τῆς
1186 2662 1455 2741 Προνοίας
1478 2666 1831 2739 διατάγμασι.

236 2770 357 2826 Καὶ
379 2769 441 2824 τὸ
470 2768 570 2840 μὲν
597 2765 887 2838 εὐφραίνει
911 2764 1040 2829 τοὺς
1066 2761 1435 2827 ἀπελθόνταςο
1466 2758 1527 2815 τδ
1559 2760 1619 2817 δὲ
1642 2761 1836 2817 λυπεῖν

236 2860 439 2916 εἴωθεν
468 2859 672 2922 αὐτοὺς
695 2856 825 2920 τοὺς
854 2852 1229 2918 ἀναπαύσεως
1258 2851 1546 2924 τυχόντας.
1576 2852 1694 2915 Πᾶς
1724 2850 1836 2922 γάρ

235 2968 327 3017 τις
364 2951 616 3023 βούλεται
660 2950 871 3021 χαίρειν
904 2946 998 3001 ἐπὶ
1027 2948 1094 3018 τῇ
1135 2944 1317 3016 οἰκεία
1357 2944 1525 3017 χαρᾷ,
1574 2942 1690 2999 ἀλλ’
1714 2943 1837 3015 οὐχὶ

233 3040 537 3101 λυπεῖσθαι
568 3046 697 3108 τοὺς
727 3042 906 3114 φιλεῖν
953 3036 1379 3111 ὁμολογοῦντας.
1426 3036 1623 3109 Ἡμεῖς
1647 3034 1707 3090 δὲ
1736 3052 1833 3089 πι-

1934 563 2062 610 strue
2086 554 2351 610 terminos
2370 552 2446 608 ita
2473 551 2761 622 disposuit.
2793 550 2911 624 Ipse
2954 552 3102 607 enim
3148 561 3251 619 est,
3286 553 3519 610 Domine

1934 643 2030 710 mi,
2073 644 2166 716 qui
2217 640 2634 699 dilectissimum
2682 641 2853 697 filium
2897 651 3143 700 vestrum
3202 644 3522 716 assumpsit,

1934 736 2079 794 sicut
2111 746 2167 794 et
2202 735 2575 808 praecedentes
2603 742 2991 808 assumpserat.

2006 1011 2187 1078 Triste
2213 1022 2429 1093 quidem
2442 1010 2743 1078 admodum
2763 1022 2907 1093 quod
2936 1010 3003 1078 ad
3026 1028 3122 1078 vos
3137 1024 3385 1093 spectat;
3417 1018 3518 1080 sed

1934 1130 2044 1171 non
2074 1114 2140 1171 iis
2166 1130 2395 1186 prorsus
2418 1115 2511 1186 qui
2536 1116 2801 1186 assumpti
2841 1123 3007 1170 sunt:
3036 1115 3239 1185 quippe
3267 1115 3358 1184 qui
3386 1114 3525 1170 labis

1935 1216 2191 1277 expertes
2218 1205 2289 1262 ob
2316 1214 2594 1262 recentem
2641 1215 2845 1270 ortum,
2894 1213 2949 1260 et
2983 1203 3317 1260 immaculati
3344 1220 3375 1258 a
3403 1219 3526 1274 peo-

1935 1298 2094 1365 catis,
2120 1298 2189 1355 ad
2210 1299 2427 1354 beatam
2448 1298 2616 1354 vitam
2635 1297 2766 1353 hinc
2792 1296 3044 1367 profecti,
3069 1296 3122 1350 in
3151 1294 3274 1350 sinu
3291 1294 3526 1352 Abrahae

1936 1391 2141 1447 choros
2185 1391 2413 1454 ducunt,
2440 1405 2566 1445 cum
2618 1388 2824 1445 sanctis
2872 1387 3177 1444 infantibus
3229 1389 3524 1445 stationem

1935 1482 2165 1547 habent,
2197 1491 2409 1539 etcum
2456 1481 2647 1553 pueris
2689 1480 2969 1536 Christum
3026 1478 3383 1550 sequentibus
3422 1478 3525 1550 hys

1935 1589 2095 1631 mnos
2136 1583 2363 1631 canunt.
2418 1572 2605 1645 Itaque
2658 1588 2767 1628 non
2820 1572 3149 1627 interierunt
3175 1571 3376 1643 egregii
3403 1570 3523 1637 filii.

1935 1668 2033 1724 sed
2078 1655 2385 1724 incolumes
2428 1666 2585 1722 vobis
2638 1674 2884 1730 manent,
2925 1678 3127 1733 eosque
3177 1664 3523 1735 postmodum

1936 1759 2305 1831 conspicietis,
2353 1772 2479 1814 cum
2533 1756 2602 1812 ad
2645 1756 2852 1812 exitum
2883 1754 3200 1826 temporalis
3251 1756 3368 1811 bare
3419 1755 3522 1811 vita

1934 1852 2269 1924 pervenerit,
2293 1850 2592 1923 gaudentes
2609 1857 2665 1904 et
2681 1848 3020 1905 exsultantes
3039 1846 3225 1902 nonin
3246 1847 3399 1903 brevi
3422 1848 3526 1904 hac

1930 1953 2113 2011 actate,
2158 1943 2254 2000 sed
2319 1943 2374 1999 in
2413 1941 2750 2014 perfectione
2801 1938 3155 2012 plenitudinis
3203 1930 3433 2007 Christi,
3465 1950 3528 1996 ut

1930 2037 2195 2109 scriptum
2225 2044 2312 2093 est
2334 2024 2405 2091 “.
2459 2034 2828 2102 Quamobrem
2883 2031 3167 2087 hortamur
3188 2041 3246 2088 et
3266 2033 3523 2088 obsecra-

1931 2148 2075 2197 mus,
2096 2139 2156 2187 ut
2184 2129 2271 2186 his
2294 2145 2394 2187 vos
2418 2127 2523 2199 ipsi
2545 2126 2965 2199 cogitationibus
2984 2142 3176 2183 revera
3204 2126 3518 2191 mulceatis,

1932 2233 1989 2281 et
2020 2222 2374 2279 immodicum
2404 2220 2537 2277 hinc
2557 2219 2756 2275 animae
2776 2206 3021 2274 dolorem
3037 2207 3344 2288 depellatis.
3370 2217 3525 2273 Men-

1931 2330 2089 2372 suras
2134 2313 2284 2370 enim
2312 2312 2504 2369 statuit
2534 2310 2695 2367 nobis
2743 2309 3009 2366 Dominus
3042 2329 3056 2366 ι
3090 2318 3148 2365 ιιι
3171 2316 3226 2365 et
3254 2309 3523 2366 naturalia

1931 2406 2146 2463 viscera
2176 2404 2549 2469 ostendamus,
2575 2410 2632 2458 et
2650 2400 2921 2473 legitimos
2947 2399 3165 2481 limites
3206 2415 3315 2481 non
3340 2410 3525 2478 trans-

1934 2487 2267 2568 grediam'ur.
2317 2481 2564 2547 Alterum
2617 2488 2764 2545 enim
2791 2487 2859 2543 ad
2886 2485 3319 2544 misericordium
3349 2484 3522 2541 Deum

1934 2592 2160 2642 movet:
2191 2583 2422 2639 alterum
2450 2580 2810 2653 providentiae
2864 2578 3101 2635 decretis
3155 2583 3523 2651 repugnantes

1933 2674 2084 2732 facit.
2135 2674 2204 2731 Et
2232 2674 2468 2729 alterum
2513 2686 2705 2727 rursus
2748 2684 2844 2727 eos
2875 2668 3143 2731 exhilarat
3184 2668 3279 2739 qui
3331 2682 3523 2724 essese

1935 2773 2151 2832 serunt,
2180 2764 2413 2820 alterum
2443 2762 2773 2819 contristare
2801 2760 2922 2817 illos
2963 2760 3121 2827 solet,
3149 2760 3243 2831 qui
3277 2759 3523 2831 requiem

1934 2854 2117 2927 adepti
2135 2863 2284 2910 sunt.
2300 2852 2430 2909 Vult
2446 2852 2595 2908 enim
2612 2849 2988 2923 unusquisque
3003 2850 3059 2906 in
3085 2850 3307 2923 propria
3336 2849 3524 2905 latitia

1935 2949 2130 3017 laetari,
2154 2965 2220 3006 ac
2238 2964 2350 3005 non
2380 2948 2587 3014 dolere,
2615 2962 2711 3003 eos
2735 2946 2827 3019 qui
2855 2962 3041 3003 amare
3078 2962 3139 3003 se
3170 2946 3382 3004 dicunt.
3409 2944 3523 3002 Nos

1936 3059 2068 3100 vero
2094 3052 2152 3099 et
2183 3042 2465 3098 Dominam
2492 3039 2915 3107 Chartulariam,
2934 3047 3164 3098 uterum
3214 3040 3398 3096 denuo
3425 3052 3522 3110 ge-

237 3138 535 3209 στεύομεν,
557 3137 653 3192 καὶ
680 3132 843 3190 πάλιν
868 3133 927 3187 ἐν
958 3131 1155 3203 γαστρὶ
1193 3129 1338 3199 ἕξειν
1370 3127 1471 3201 τὴν
1503 3127 1701 3200 κυρίαν
1726 3125 1827 3199 τὴν

1933 3145 2193 3193 staturam
2222 3134 2517 3200 credimus,
2552 3142 2607 3189 et
2634 3132 2806 3188 filium
2822 3133 3257 3200 enixuram,non
3280 3141 3387 3188 tam
3412 3134 3524 3190 cito

235 3222 685 3301 Χαρτουλαρίαν,
712 3226 806 3281 καὶ
842 3221 1094 3291 τέξεσθαι
1118 3221 1233 3276 υίδν
1268 3219 1451 3277 οὐκέτι
1490 3218 1827 3292 ταχύμορον,

233 3314 381 3375 ἀλλά
400 3308 1041 3392 προμακροημερεύοντα
1073 3315 1155 3379 είς
1182 3310 1432 3384 διαδοχὴν
1464 3310 1657 3381 γένους
1679 3326 1694 3342 ο
1725 3310 1829 3383 μό-

1933 3228 2290 3292 moriturum,
2318 3225 2415 3281 sed
2461 3225 2736 3280 diuturna:
2765 3224 2889 3281 vitae
2930 3223 3173 3279 futurum
3214 3223 3282 3279 ad
3308 3225 3524 3296 generis

1932 3319 2377 3394 propagationem
2409 3333 2424 3373 :
2455 3316 2752 3373 dummodo
2780 3315 3020 3371 dolorem
3071 3314 3436 3380 moderemur,
3468 3325 3525 3373 et
3548 3358 3571 3393 ε

235 3430 334 3468 νον
379 3411 478 3468 ἐὰν
524 3412 909 3485 μετριάσωμεν
952 3411 1019 3465 τὸ
1059 3407 1254 3474 πάθος,
1288 3405 1387 3462 καὶ
1431 3405 1532 3472 τὰς
1565 3405 1707 3479 ὑπὲρ
1732 3401 1831 3460 τοῦ

1933 3430 2035 3487 pro
2061 3414 2173 3470 tilio
2200 3412 2499 3487 gratiarum
2517 3410 2823 3467 oblationes
2853 3408 3080 3467 Domino
3105 3407 3325 3465 Christo
3364 3410 3523 3467 factis

235 3503 436 3568 παιδὸς
461 3502 750 3574 ἀποδῶμεν
784 3501 933 3574 ἔργῳ
956 3501 1054 3557 και)⁸
1084 3498 1230 3573 λόγῳ
1253 3497 1576 3572 προσφορὰς
1606 3494 1832 3571 εύχαρί·

237 3606 409 3658 στους
428 3584 512 3665 τῷ
541 3589 796 3666 Δεσπότῃ
819 3582 1067 3665 Χριστῷ.

524 3726 607 3784 κ.
642 3755 715 3768 --
744 3725 1068 3796 Νικηφόρφ
1096 3722 1460 3797 πατριάρχῃ.
1501 3723 1659 3799 [vat]

1933 3506 2230 3578 verbisque
2265 3504 2578 3562 reddamus.

2257 3721 2515 3789 ΧΧΧμ-
2552 3726 2845 3802 Nicephoro
2868 3728 3205 3803 patriarcha.

999 3862 1216 3927 Exponit
1238 3876 1327 3915 cur
1357 3878 1468 3915 cum
1492 3877 1602 3929 ipso
1623 3878 1719 3920 non
1740 3867 2092 3921 communicet.
2124 3868 2328 3934 (Baron.
2354 3884 2436 3922 an.
2456 3871 2568 3934 806,
2590 3886 2643 3923 n.
2671 3872 2770 3936 15.)

312 3977 432 4032 Οὐκ
451 3976 748 4048 ἀναγκαῖον
767 3977 858 4033 διὰ
882 3977 1212 4049 γράμματος
1235 3979 1484 4049 σημᾶναι
1511 3980 1591 4051 τῷ
1613 3981 1833 4054 ἀγγέλῳ

234 4069 342 4141 τῆς
370 4067 776 4141 μακαριότητός
807 4085 923 4134 σου,
947 4067 984 4124 ἃ
1012 4067 1103 4122 διὰ
1132 4067 1405 4138 στόματος
1432 4072 1793 4144 παρηγγέλθη
1812 4090 1828 4105 ο

1998 3983 2234 4041 Necesse
2265 4000 2372 4041 non
2420 3993 2539 4041 erat
2565 3985 2764 4042 litteris
2789 3985 3031 4043 indicare
3069 3984 3264 4059 angelo
3291 3985 3524 4041 beatitu-

1929 4077 2077 4134 dinis
2138 4087 2267 4145 tuae,
2322 4092 2446 4150 quae
2500 4093 2598 4134 ore
2657 4078 2778 4150 ipso
2811 4079 2925 4151 jam
2980 4078 3282 4151 signiﬁcata
3342 4088 3518 4134 sunt:

234 4161 290 4215 εί
332 4160 431 4214 καὶ
464 4159 541 4232 μὴ
573 4160 641 4214 δι’
662 4157 992 4230 ἀμφοτέρων
1019 4158 1180 4230 ἡμῶν
1210 4158 1321 4212 τῶν
1350 4162 1646 4215 ταπεινῶν.
1686 4161 1831 4218 Ἀλλ’

1933 4168 2180 4239 quamvis
2206 4184 2307 4240 per
2332 4169 2569 4226 humiles
2598 4185 2703 4226 nos
2759 4170 2953 4226 ambos
3000 4182 3111 4225 nou
3132 4169 3385 4227 fuissent.
3421 4170 3520 4226 Δία

234 4255 333 4309 ῖνα
357 4253 456 4325 μὴ,
488 4252 523 4324 η
544 4251 677 4329 χθὲς,
699 4250 844 4306 κατά
860 4250 959 4322 τὴν
983 4250 1232 4305 κέλευσίν
1255 4268 1348 4305 σου
1377 4251 1696 4317 συνέλευσις
1721 4252 1831 4307 τῶν

1933 4265 2112 4312 tamen
2136 4270 2224 4323 ne,
2262 4256 2356 4328 qui
2386 4256 2648 4313 hesterno
2666 4256 2755 4313 die
2776 4256 2935 4328 jussu
2954 4264 3051 4313 tuo
3077 4266 3389 4313 conventus
3404 4257 3520 4313 ’ἣν

232 4342 775 4415 ιπισκόπων,ἒτερόν
806 4359 860 4396 τι
891 4341 1151 4408 διδάξασα
1182 4343 1339 4414 παρὰ
1369 4343 1438 4397 τὰ
1475 4342 1536 4397 ὲν
1560 4342 1701 4416 αὐτῇ
1737 4342 1828 4414 ὑφ’

1933 4349 2077 4405 bitus
2103 4357 2188 4406 est
2211 4350 2615 4422 episcoporum,
2669 4350 2945 4407 diversum
2976 4348 3178 4421 aliquid
3215 4350 3422 4406 docens
3445 4351 3516 4405 ab

231 4439 271 4509 ἡ
279 4436 405 4509 μῶν
436 4434 691 4508 ρηθέντα,
721 4433 1029 4507 ὲπιθολώσῃ
1055 4432 1157 4498 τὰς
1186 4434 1338 4507 ίεράς
1362 4450 1458 4488 σου
1487 4436 1661 4499 ἀκοάς
1678 4452 1692 4466 ·
1718 4436 1823 4508 ἀρ·

1933 4441 1994 4498 iis
2017 4458 2139 4513 qua:
2166 4442 2223 4498 in
2244 4442 2338 4498 illo
2365 4443 2512 4500 dicta
2540 4458 2571 4499 a
2600 4442 2763 4499 nobis
2787 4450 2936 4509 sunt,
2962 4456 3147 4498 sacras
3179 4456 3341 4499 aures
3388 4451 3511 4497 tuas

236 4525 413 4599 μόζον
442 4523 773 4597 ἡγησάμεθα
802 4524 1117 4593 ἀνενεγκεῖν
1139 4524 1198 4578 ὲν
1241 4524 1527 4598 κεφαλαίῳ
1554 4524 1656 4598 τὴν
1695 4525 1826 4597 ὅλην

230 4619 345 4692 τῆς
368 4617 665 4689 ἀπολογίας
695 4616 853 4689 ημῶν
886 4614 1170 4672 σύστασιν.
1204 4615 1396 4688 Ἡμεῖς
1419 4617 1622 4687 τοίνυν,
1650 4610 1697 4674 ὧ
1725 4635 1829 4690 μα-

230 4709 576 4782 καριώτατε,
626 4707 899 4781 όρθόδοξοί
957 4709 1127 4780 ἐσμεν
1183 4708 1329 4762 κατά
1378 4709 1588 4764 πάντασ
1645 4710 1829 4765 πᾶσαν

227 4801 457 4873 αἰρεσιν
488 4798 956 4871 ἀποϐαλλόμενοι,
985 4799 1081 4855 καὶ
1109 4800 1289 4854 πᾶσαν
1318 4797 1535 4855 σύνοδον
1569 4800 1827 4875 οίκουμε-

227 4893 401 4963 νικήν
421 4902 482 4946 τε
506 4890 602 4945 καὶ
627 4890 861 4963 τοπικὴν
886 4890 1291 4964 ὲγκεκριμένην
1310 4892 1734 4964 ἀποδεχόμενον
1764 4895 1828 4951 οὐ

228 4980 354 5058 μὴν
398 4983 539 5039 ἀλλά
578 4983 677 5039 καὶ
711 4982 813 5048 τὰς
844 4983 974 5055 παρ’
1009 4983 1192 5037 αὐτῶν
1231 4982 1644 5057 ὲκφωνηθείσας
1674 4986 1831 5060 ίεράς

225 5078 339 5132 καὶ
398 5075 693 5141 κανονικάς
752 5073 1116 5138 διατυπώσεις
1178 5073 1437 5145 ἀσφαλῶς
1499 5076 1827 5148 κατέχομεν.

221 5160 396 5235 Μηδὲ
449 5161 561 5235 γάρ
602 5158 922 5235 όρθοτομεῖν
972 5154 1090 5217 ἔστι
1136 5162 1360 5228 τελείως
1398 5162 1489 5218 τδν
1534 5160 1694 5235 λόγον
1729 5166 1830 5237 τῆς

222 5253 525 5326 ἀληθείας,
562 5253 656 5307 τὸν
685 5253 785 5326 τὴν
826 5253 1012 5308 πίστιν
1039 5246 1210 5327 ὀρθὴν
1235 5253 1484 5322 οίόμενον
1512 5254 1680 5328 ἐχειν,
1716 5259 1830 5323 τοῖς

220 5343 292 5404 δὲ
319 5347 493 5413 θείοις
520 5346 711 5401 κανόσι
738 5345 817 5420 μὴ
844 5346 1307 5419 ἀπευθυνόμενον.
1340 5348 1451 5403 Καὶ
1481 5348 1589 5422 μὴν
1615 5350 1830 5417 καὶτὰς

221 5438 540 5513 ἱνθέσμους
584 5440 692 5495 ὑπὸ
733 5440 846 5496 τῶν
890 5441 1065 5511 ἁγίων
1104 5438 1248 5495 κατὰ
1285 5441 1476 5515 καιρὸν
1517 5443 1830 5516 οίκονομίας

220 5532 581 5606 προσιέμεθα
600 5549 614 5565 ·
638 5533 762 5589 ἐπεὶ
790 5534 886 5589 καὶ
909 5533 1067 5607 ἡμῶν
1094 5535 1204 5590 τῶν
1224 5535 1497 5590 ταπεινῶν
1527 5535 1623 5592 νῦν
1646 5536 1708 5591 τὸ
1730 5536 1830 5610 τὴν

219 5622 553 5698 ἁγιωσύνην
585 5638 677 5681 σου
708 5624 797 5681 διὰ
823 5626 925 5700 τὴν
948 5625 1179 5701 ἐκϐολὴν
1210 5627 1306 5683 τοῦ
1332 5629 1618 5700 οἰκονόμου
1648 5630 1829 5686 ἀσπά-

222 5715 455 5785 ζεσθαι,
510 5716 572 5775 ού
621 5715 732 5776 τῶν
792 5718 1237 5797 ἀκριϐευομένων
1274 5722 1414 5791 ἐστὶ,
1450 5723 1559 5782 τῶν
1603 5724 1663 5780 δὲ
1707 5724 1828 5780 λίαν

312 5816 359 5847 ⁸⁸
401 5814 600 5888 Ephes.
638 5831 716 5883 iv,
747 5811 834 5874 l3.

1929 4536 2220 4592 conturbet
2240 4553 2255 4604 ;
2274 4545 2702 4592 consentaneum
2718 4534 2975 4592 duximus
2990 4534 3304 4590 summatim
3338 4543 3507 4589 totam

1929 4622 2135 4679 referre
2185 4622 2450 4695 apologize
2499 4633 2704 4679 nostra:
2755 4622 3042 4678 rationem.
3104 4619 3217 4676 Nos
3268 4620 3452 4694 igitur,
3483 4637 3520 4677 ο

1928 4712 2262 4781 beatissime,
2290 4715 2578 4771 orthodoxi
2633 4729 2827 4771 sumus
2859 4714 2916 4769 in
2964 4711 3245 4780 omnibus,
3295 4728 3516 4769 omnem

1930 4803 2178 4861 hmresim
2209 4804 2543 4876 rejicientes,
2567 4818 2901 4875 omnemque
2920 4802 3318 4859 mcumenicam
3351 4812 3410 4859 et
3431 4803 3515 4858 lo-

1929 4896 2103 4953 celem
2136 4897 2405 4970 synodum
2464 4897 2820 4969 approbatam
2851 4894 3180 4967 recipientes
3213 4906 3230 4964 ς
3265 4911 3370 4952 nec
3401 4912 3512 4953 non

1928 4993 2104 5050 editas
2156 4993 2225 5048 ab
2264 4993 2345 5050 eis
2416 5008 2602 5050 sacras
2644 5001 2702 5048 et
2742 4991 3036 5048 canonicas
3095 4991 3517 5049 constitutiones

1928 5094 2081 5144 arcte
2108 5086 2542 5159 complectimur.
2574 5084 2762 5157 Neque
2787 5084 2936 5141 enim
2966 5084 3255 5141 veritatem
3284 5100 3515 5157 prorsus

1929 5177 2182 5244 tenetis,
2216 5177 2309 5248 qui
2343 5185 2549 5233 rectam
2607 5176 2772 5232 fidem
2832 5176 3038 5233 habere
3078 5192 3141 5233 se
3189 5177 3515 5234 existimans

1929 5269 2129 5327 divinis
2160 5269 2464 5327 canonibus
2525 5285 2637 5325 non
2671 5277 2910 5342 regatur.
2949 5268 3032 5325 Ad
3063 5269 3183 5327 haec
3236 5256 3543 5343 lcgitimas'

1929 5375 1962 5417 a
1991 5361 2197 5417 sanctis
2230 5377 2332 5434 pro
2358 5370 2605 5433 tempore
2632 5370 2922 5433 usurpatas
2960 5360 3398 5433 dispensationes
3416 5358 3516 5415 ad-

1931 5452 2197 5510 mittimus
2226 5472 2242 5510 :
2268 5455 2488 5526 quando
2512 5462 2570 5511 et
2598 5468 2702 5511 nos
2725 5453 2961 5509 humiles
2982 5452 3329 5509 sanctitatem
3360 5460 3510 5507 tuam

1929 5560 2076 5601 nunc
2115 5561 2215 5617 per
2263 5546 2534 5603 aeconomi
2578 5546 2904 5618 eiectionem
2934 5545 3209 5617 amplecti,
3231 5560 3343 5600 non
3381 5560 3480 5601 csa

1929 5640 2079 5691 ctum
2100 5634 2192 5706 jus
2228 5634 2553 5692 sectantium
2597 5644 2703 5701 est,
2733 5635 2828 5691 sed
2857 5632 3147 5691 admodum
3196 5633 3514 5706 dispensan-

1931 5725 2088 5798 tium,
2125 5736 2182 5785 et
2209 5728 2681 5801 conspirantium:
2718 5736 2773 5782 et
2804 5726 3256 5791 ormdeccssorem
3306 5727 3510 5784 sancti‘
