  <div class='ocr_page' id='page_1' title='image "/cluster/home/n/w/nwhite01/storage/ocr_20150623/99/hvd.32044024464356/511.png"; bbox 0 0 4044 6366; ppageno 0'>
   <div class='ocr_carea' id='block_1_1' title="bbox 564 433 700 498">
    <p class='ocr_par' dir='ltr' id='par_1_1' title="bbox 564 433 700 498">
     <span class='ocr_line' id='line_1_1' title="bbox 564 433 700 498; baseline -0.007 0"><span class='ocrx_word' id='word_1_1' title='bbox 564 433 700 498; x_wconf 79' lang='grc'><strong>1007</strong></span> 
     </span>
    </p>
   </div>
   <div class='ocr_carea' id='block_1_2' title="bbox 1757 425 2640 493">
    <p class='ocr_par' dir='ltr' id='par_1_2' title="bbox 1757 425 2640 493">
     <span class='ocr_line' id='line_1_2' title="bbox 1757 425 2640 493; baseline -0.005 -2"><span class='ocrx_word' id='word_1_2' title='bbox 1757 432 1822 492; x_wconf 94' lang='lat' dir='ltr'><strong>S.</strong></span> <span class='ocrx_word' id='word_1_3' title='bbox 1856 426 2253 493; x_wconf 81' lang='lat' dir='ltr'><strong>THEODORI</strong></span> <span class='ocrx_word' id='word_1_4' title='bbox 2291 425 2640 488; x_wconf 63' lang='lat' dir='ltr'><strong>STUDITJE</strong></span> 
     </span>
    </p>
   </div>
   <div class='ocr_carea' id='block_1_3' title="bbox 3714 428 3849 494">
    <p class='ocr_par' dir='ltr' id='par_1_3' title="bbox 3714 428 3849 494">
     <span class='ocr_line' id='line_1_3' title="bbox 3714 428 3849 494; baseline 0 0"><span class='ocrx_word' id='word_1_5' title='bbox 3714 428 3849 494; x_wconf 69' lang='lat'><strong>1008</strong></span> 
     </span>
    </p>
   </div>
   <div class='ocr_carea' id='block_1_4' title="bbox 561 533 2164 612">
    <p class='ocr_par' dir='ltr' id='par_1_4' title="bbox 561 537 2147 612">
     <span class='ocr_line' id='line_1_4' title="bbox 561 537 2147 612; baseline -0.003 -14"><span class='ocrx_word' id='word_1_6' title='bbox 561 545 690 600; x_wconf 84' lang='lat' dir='ltr'><strong>tatis</strong></span> <span class='ocrx_word' id='word_1_7' title='bbox 749 551 854 598; x_wconf 66' lang='lat' dir='ltr'><strong>tum</strong></span> <span class='ocrx_word' id='word_1_8' title='bbox 906 538 1315 598; x_wconf 71' lang='lat' dir='ltr'><strong>sanctissimum</strong></span> <span class='ocrx_word' id='word_1_9' title='bbox 1381 537 1752 612; x_wconf 86' lang='lat' dir='ltr'><strong>patriarcham</strong></span> <span class='ocrx_word' id='word_1_10' title='bbox 1803 538 1997 595; x_wconf 87' lang='lat' dir='ltr'><strong>eadem</strong></span> <span class='ocrx_word' id='word_1_11' title='bbox 2055 553 2147 594; x_wconf 91' lang='lat' dir='ltr'><strong>ra-</strong></span> 
     </span>
    </p>
   </div>
   <div class='ocr_carea' id='block_1_5' title="bbox 2265 533 3849 612">
    <p class='ocr_par' dir='ltr' id='par_1_5' title="bbox 2265 533 3849 610">
     <span class='ocr_line' id='line_1_5' title="bbox 2265 533 3849 610; baseline 0.002 -20"><span class='ocrx_word' id='word_1_12' title='bbox 2265 535 2686 607; x_wconf 68' lang='lat' dir='ltr'><strong>tlxovopodvrwv</strong></span> <span class='ocrx_word' id='word_1_13' title='bbox 2707 533 2802 588; x_wconf 77' lang='grc' dir='ltr'>καὶ</span> <span class='ocrx_word' id='word_1_14' title='bbox 2823 535 3260 607; x_wconf 67' lang='grc' dir='ltr'><strong>συνερχομένων.</strong></span> <span class='ocrx_word' id='word_1_15' title='bbox 3280 535 3394 590; x_wconf 76' lang='grc' dir='ltr'><strong>Καὶ</strong></span> <span class='ocrx_word' id='word_1_16' title='bbox 3409 535 3505 592; x_wconf 70' lang='grc' dir='ltr'><strong>τὸν</strong></span> <span class='ocrx_word' id='word_1_17' title='bbox 3527 537 3849 610; x_wconf 82' lang='grc' dir='ltr'>προηγησά-</span> 
     </span>
    </p>
   </div>
   <div class='ocr_carea' id='block_1_6' title="bbox 562 630 2155 704">
    <p class='ocr_par' dir='ltr' id='par_1_6' title="bbox 562 630 2155 704">
     <span class='ocr_line' id='line_1_6' title="bbox 562 630 2155 704; baseline -0.005 -12"><span class='ocrx_word' id='word_1_18' title='bbox 562 637 709 693; x_wconf 87' lang='lat' dir='ltr'><strong>tione</strong></span> <span class='ocrx_word' id='word_1_19' title='bbox 739 633 1106 704; x_wconf 78' lang='lat' dir='ltr'><strong>suscepimus,</strong></span> <span class='ocrx_word' id='word_1_20' title='bbox 1138 631 1193 688; x_wconf 92' lang='lat' dir='ltr'><strong>in</strong></span> <span class='ocrx_word' id='word_1_21' title='bbox 1225 632 1330 688; x_wconf 92' lang='lat' dir='ltr'><strong>hoc</strong></span> <span class='ocrx_word' id='word_1_22' title='bbox 1359 631 1481 703; x_wconf 91' lang='lat' dir='ltr'><strong>ipso</strong></span> <span class='ocrx_word' id='word_1_23' title='bbox 1508 630 1732 704; x_wconf 87' lang='lat' dir='ltr'><strong>negotio</strong></span> <span class='ocrx_word' id='word_1_24' title='bbox 1765 648 1779 686; x_wconf 92' lang='lat'>:</span> <span class='ocrx_word' id='word_1_25' title='bbox 1810 630 2033 702; x_wconf 84' lang='lat' dir='ltr'><strong>quando</strong></span> <span class='ocrx_word' id='word_1_26' title='bbox 2065 644 2155 685; x_wconf 87' lang='lat' dir='ltr'><strong>re-</strong></span> 
     </span>
    </p>
   </div>
   <div class='ocr_carea' id='block_1_7' title="bbox 557 722 2154 795">
    <p class='ocr_par' dir='ltr' id='par_1_7' title="bbox 557 722 2154 795">
     <span class='ocr_line' id='line_1_7' title="bbox 557 722 2154 795; baseline -0.006 -11"><span class='ocrx_word' id='word_1_27' title='bbox 557 727 702 784; x_wconf 97' lang='lat' dir='ltr'><strong>versi</strong></span> <span class='ocrx_word' id='word_1_28' title='bbox 733 727 802 782; x_wconf 87' lang='lat' dir='ltr'><strong>ab</strong></span> <span class='ocrx_word' id='word_1_29' title='bbox 841 725 1030 782; x_wconf 80' lang='lat' dir='ltr'><strong>exsilio</strong></span> <span class='ocrx_word' id='word_1_30' title='bbox 1084 739 1294 791; x_wconf 91' lang='lat' dir='ltr'><strong>sumus,</strong></span> <span class='ocrx_word' id='word_1_31' title='bbox 1342 723 1591 795; x_wconf 90' lang='lat' dir='ltr'><strong>disrupto</strong></span> <span class='ocrx_word' id='word_1_32' title='bbox 1625 723 1931 779; x_wconf 88' lang='lat' dir='ltr'><strong>adulterino</strong></span> <span class='ocrx_word' id='word_1_33' title='bbox 1960 722 2154 792; x_wconf 83' lang='lat' dir='ltr'><strong>conju-</strong></span> 
     </span>
    </p>
   </div>
   <div class='ocr_carea' id='block_1_8' title="bbox 563 813 2150 893">
    <p class='ocr_par' dir='ltr' id='par_1_8' title="bbox 563 813 2150 893">
     <span class='ocr_line' id='line_1_8' title="bbox 563 813 2150 893; baseline -0.004 -18"><span class='ocrx_word' id='word_1_34' title='bbox 563 820 671 893; x_wconf 84' lang='lat' dir='ltr'><strong>gio,</strong></span> <span class='ocrx_word' id='word_1_35' title='bbox 691 828 748 874; x_wconf 91' lang='lat' dir='ltr'><strong>et</strong></span> <span class='ocrx_word' id='word_1_36' title='bbox 766 833 1053 875; x_wconf 83' lang='lat' dir='ltr'><strong>oeconomo</strong></span> <span class='ocrx_word' id='word_1_37' title='bbox 1080 815 1368 872; x_wconf 73' lang='lat' dir='ltr'><strong>sacerdotii</strong></span> <span class='ocrx_word' id='word_1_38' title='bbox 1395 829 1623 872; x_wconf 90' lang='lat' dir='ltr'><strong>munere</strong></span> <span class='ocrx_word' id='word_1_39' title='bbox 1645 815 1880 888; x_wconf 86' lang='lat' dir='ltr'><strong>dejecto.</strong></span> <span class='ocrx_word' id='word_1_40' title='bbox 1909 813 2033 871; x_wconf 80' lang='lat' dir='ltr'><strong>Non</strong></span> <span class='ocrx_word' id='word_1_41' title='bbox 2055 813 2150 879; x_wconf 87' lang='lat' dir='ltr'><strong>sit,</strong></span> 
     </span>
    </p>
   </div>
   <div class='ocr_carea' id='block_1_9' title="bbox 560 905 2154 980">
    <p class='ocr_par' dir='ltr' id='par_1_9' title="bbox 560 905 2154 980">
     <span class='ocr_line' id='line_1_9' title="bbox 560 905 2154 980; baseline -0.006 -11"><span class='ocrx_word' id='word_1_42' title='bbox 560 911 868 976; x_wconf 78' lang='lat' dir='ltr'><strong>aiebamus,</strong></span> <span class='ocrx_word' id='word_1_43' title='bbox 899 909 1055 965; x_wconf 88' lang='lat' dir='ltr'><strong>nobis</strong></span> <span class='ocrx_word' id='word_1_44' title='bbox 1085 924 1214 980; x_wconf 88' lang='lat' dir='ltr'><strong>pars</strong></span> <span class='ocrx_word' id='word_1_45' title='bbox 1245 917 1452 974; x_wconf 90' lang='lat' dir='ltr'><strong>tecum,</strong></span> <span class='ocrx_word' id='word_1_46' title='bbox 1501 922 1682 978; x_wconf 90' lang='lat' dir='ltr'><strong>neque</strong></span> <span class='ocrx_word' id='word_1_47' title='bbox 1728 907 1840 972; x_wconf 89' lang='lat' dir='ltr'><strong>hic,</strong></span> <span class='ocrx_word' id='word_1_48' title='bbox 1887 921 2068 977; x_wconf 89' lang='lat' dir='ltr'><strong>neque</strong></span> <span class='ocrx_word' id='word_1_49' title='bbox 2097 905 2154 961; x_wconf 90' lang='lat' dir='ltr'><strong>in</strong></span> 
     </span>
    </p>
   </div>
   <div class='ocr_carea' id='block_1_10' title="bbox 561 998 2156 1078">
    <p class='ocr_par' dir='ltr' id='par_1_10' title="bbox 561 998 2156 1078">
     <span class='ocr_line' id='line_1_10' title="bbox 561 998 2156 1078; baseline -0.002 -21"><span class='ocrx_word' id='word_1_50' title='bbox 561 1001 748 1058; x_wconf 90' lang='lat' dir='ltr'><strong>futuro</strong></span> <span class='ocrx_word' id='word_1_51' title='bbox 804 1000 1026 1066; x_wconf 62' lang='lat' dir='ltr'><strong>saeculo,</strong></span> <span class='ocrx_word' id='word_1_52' title='bbox 1076 1008 1370 1070; x_wconf 83' lang='lat' dir='ltr'><strong>propterea</strong></span> <span class='ocrx_word' id='word_1_53' title='bbox 1406 998 1551 1070; x_wconf 94' lang='lat' dir='ltr'><strong>quod</strong></span> <span class='ocrx_word' id='word_1_54' title='bbox 1587 999 1800 1078; x_wconf 84' lang='lat' dir='ltr'><strong>adulter</strong></span> <span class='ocrx_word' id='word_1_55' title='bbox 1845 998 2156 1070; x_wconf 87' lang='lat' dir='ltr'><strong>promiscue</strong></span> 
     </span>
    </p>
   </div>
   <div class='ocr_carea' id='block_1_11' title="bbox 560 1089 2157 1162">
    <p class='ocr_par' dir='ltr' id='par_1_11' title="bbox 560 1089 2157 1162">
     <span class='ocr_line' id='line_1_11' title="bbox 560 1089 2157 1162; baseline -0.004 -12"><span class='ocrx_word' id='word_1_56' title='bbox 560 1108 593 1150; x_wconf 84' lang='lat' dir='ltr'><strong>a</strong></span> <span class='ocrx_word' id='word_1_57' title='bbox 617 1093 904 1149; x_wconf 75' lang='lat' dir='ltr'><strong>sanctitate</strong></span> <span class='ocrx_word' id='word_1_58' title='bbox 941 1101 1032 1147; x_wconf 86' lang='lat' dir='ltr'><strong>tua</strong></span> <span class='ocrx_word' id='word_1_59' title='bbox 1073 1090 1429 1162; x_wconf 85' lang='lat' dir='ltr'><strong>participarit.</strong></span> <span class='ocrx_word' id='word_1_60' title='bbox 1463 1092 1662 1147; x_wconf 86' lang='lat' dir='ltr'><strong>Contra</strong></span> <span class='ocrx_word' id='word_1_61' title='bbox 1695 1100 1882 1146; x_wconf 88' lang='lat' dir='ltr'><strong>autem</strong></span> <span class='ocrx_word' id='word_1_62' title='bbox 1927 1091 2022 1147; x_wconf 91' lang='lat' dir='ltr'><strong>illo</strong></span> <span class='ocrx_word' id='word_1_63' title='bbox 2073 1089 2157 1146; x_wconf 85' lang='lat' dir='ltr'><strong>di-</strong></span> 
     </span>
    </p>
   </div>
   <div class='ocr_carea' id='block_1_12' title="bbox 561 1181 2156 1256">
    <p class='ocr_par' dir='ltr' id='par_1_12' title="bbox 561 1181 2156 1256">
     <span class='ocr_line' id='line_1_12' title="bbox 561 1181 2156 1256; baseline -0.003 -14"><span class='ocrx_word' id='word_1_64' title='bbox 561 1195 722 1243; x_wconf 86' lang='lat' dir='ltr'><strong>cente</strong></span> <span class='ocrx_word' id='word_1_65' title='bbox 773 1203 787 1240; x_wconf 90' lang='lat'><strong>:</strong></span> <span class='ocrx_word' id='word_1_66' title='bbox 834 1183 1251 1256; x_wconf 87' lang='lat' dir='ltr'><strong>Dispensatione</strong></span> <span class='ocrx_word' id='word_1_67' title='bbox 1300 1198 1435 1239; x_wconf 90' lang='lat' dir='ltr'><strong>usus</strong></span> <span class='ocrx_word' id='word_1_68' title='bbox 1489 1198 1646 1251; x_wconf 90' lang='lat' dir='ltr'><strong>sum,</strong></span> <span class='ocrx_word' id='word_1_69' title='bbox 1701 1192 1763 1238; x_wconf 90' lang='lat' dir='ltr'><strong>ut</strong></span> <span class='ocrx_word' id='word_1_70' title='bbox 1834 1182 1999 1238; x_wconf 90' lang='lat' dir='ltr'><strong>etiam</strong></span> <span class='ocrx_word' id='word_1_71' title='bbox 2047 1181 2156 1237; x_wconf 82' lang='lat' dir='ltr'><strong>im-</strong></span> 
     </span>
    </p>
   </div>
   <div class='ocr_carea' id='block_1_13' title="bbox 561 1274 2152 1351">
    <p class='ocr_par' dir='ltr' id='par_1_13' title="bbox 561 1274 2152 1351">
     <span class='ocr_line' id='line_1_13' title="bbox 561 1274 2152 1351; baseline -0.001 -18"><span class='ocrx_word' id='word_1_72' title='bbox 561 1278 818 1351; x_wconf 84' lang='lat' dir='ltr'><strong>pertirem</strong></span> <span class='ocrx_word' id='word_1_73' title='bbox 891 1277 959 1333; x_wconf 90' lang='lat' dir='ltr'><strong>ad</strong></span> <span class='ocrx_word' id='word_1_74' title='bbox 1035 1286 1300 1348; x_wconf 87' lang='lat' dir='ltr'><strong>tempus:</strong></span> <span class='ocrx_word' id='word_1_75' title='bbox 1344 1276 1540 1332; x_wconf 90' lang='lat' dir='ltr'><strong>deinde</strong></span> <span class='ocrx_word' id='word_1_76' title='bbox 1606 1277 1724 1332; x_wconf 70' lang='lat' dir='ltr'><strong>haec</strong></span> <span class='ocrx_word' id='word_1_77' title='bbox 1770 1274 2096 1347; x_wconf 87' lang='lat' dir='ltr'><strong>subjiciente</strong></span> <span class='ocrx_word' id='word_1_78' title='bbox 2136 1292 2152 1332; x_wconf 92' lang='lat'><strong>:</strong></span> 
     </span>
    </p>
   </div>
   <div class='ocr_carea' id='block_1_14' title="bbox 563 1367 2157 1432">
    <p class='ocr_par' dir='ltr' id='par_1_14' title="bbox 563 1367 2157 1432">
     <span class='ocr_line' id='line_1_14' title="bbox 563 1367 2157 1432; baseline -0.003 -5"><span class='ocrx_word' id='word_1_79' title='bbox 563 1371 786 1428; x_wconf 84' lang='lat' dir='ltr'><strong>Utinam</strong></span> <span class='ocrx_word' id='word_1_80' title='bbox 861 1383 1059 1424; x_wconf 89' lang='lat' dir='ltr'><strong>manus</strong></span> <span class='ocrx_word' id='word_1_81' title='bbox 1130 1369 1262 1424; x_wconf 92' lang='lat' dir='ltr'><strong>mihi</strong></span> <span class='ocrx_word' id='word_1_82' title='bbox 1296 1368 1558 1424; x_wconf 71' lang='lat' dir='ltr'><strong>abscissae</strong></span> <span class='ocrx_word' id='word_1_83' title='bbox 1603 1367 1855 1432; x_wconf 77' lang='lat' dir='ltr'><strong>fuissent,</strong></span> <span class='ocrx_word' id='word_1_84' title='bbox 1895 1382 1967 1422; x_wconf 90' lang='lat' dir='ltr'><strong>ne</strong></span> <span class='ocrx_word' id='word_1_85' title='bbox 1998 1367 2157 1423; x_wconf 90' lang='lat' dir='ltr'><strong>adul-</strong></span> 
     </span>
    </p>
   </div>
   <div class='ocr_carea' id='block_1_15' title="bbox 561 1459 2157 1532">
    <p class='ocr_par' dir='ltr' id='par_1_15' title="bbox 561 1459 2157 1532">
     <span class='ocr_line' id='line_1_15' title="bbox 561 1459 2157 1532; baseline -0.003 -14"><span class='ocrx_word' id='word_1_86' title='bbox 561 1471 712 1518; x_wconf 89' lang='lat' dir='ltr'><strong>teros</strong></span> <span class='ocrx_word' id='word_1_87' title='bbox 773 1462 1130 1517; x_wconf 80' lang='lat' dir='ltr'><strong>coronaremi</strong></span> <span class='ocrx_word' id='word_1_88' title='bbox 1166 1459 1421 1532; x_wconf 80' lang='lat' dir='ltr'><strong>Nunquid</strong></span> <span class='ocrx_word' id='word_1_89' title='bbox 1466 1475 1566 1532; x_wconf 89' lang='lat' dir='ltr'><strong>ego</strong></span> <span class='ocrx_word' id='word_1_90' title='bbox 1603 1474 1830 1532; x_wconf 84' lang='lat' dir='ltr'><strong>prorsus</strong></span> <span class='ocrx_word' id='word_1_91' title='bbox 1855 1459 2157 1516; x_wconf 88' lang='lat' dir='ltr'><strong>coronavi?</strong></span> 
     </span>
    </p>
   </div>
   <div class='ocr_carea' id='block_1_16' title="bbox 561 1552 2156 1629">
    <p class='ocr_par' dir='ltr' id='par_1_16' title="bbox 561 1552 2156 1629">
     <span class='ocr_line' id='line_1_16' title="bbox 561 1552 2156 1629; baseline -0.002 -17"><span class='ocrx_word' id='word_1_92' title='bbox 561 1565 851 1629; x_wconf 81' lang='lat' dir='ltr'><strong>propterea</strong></span> <span class='ocrx_word' id='word_1_93' title='bbox 904 1569 1031 1611; x_wconf 90' lang='lat' dir='ltr'><strong>cum</strong></span> <span class='ocrx_word' id='word_1_94' title='bbox 1056 1568 1124 1612; x_wconf 92' lang='lat' dir='ltr'><strong>eo</strong></span> <span class='ocrx_word' id='word_1_95' title='bbox 1157 1554 1686 1610; x_wconf 87' lang='lat' dir='ltr'><strong>communicavimus</strong></span> <span class='ocrx_word' id='word_1_96' title='bbox 1731 1567 1906 1624; x_wconf 90' lang='lat' dir='ltr'><strong>usque</strong></span> <span class='ocrx_word' id='word_1_97' title='bbox 1935 1553 2002 1608; x_wconf 92' lang='lat' dir='ltr'><strong>ad</strong></span> <span class='ocrx_word' id='word_1_98' title='bbox 2033 1552 2156 1609; x_wconf 90' lang='lat' dir='ltr'><strong>obi-</strong></span> 
     </span>
    </p>
   </div>
   <div class='ocr_carea' id='block_1_17' title="bbox 554 1645 2160 1720">
    <p class='ocr_par' dir='ltr' id='par_1_17' title="bbox 554 1645 2160 1720">
     <span class='ocr_line' id='line_1_17' title="bbox 554 1645 2160 1720; baseline -0.002 -16"><span class='ocrx_word' id='word_1_99' title='bbox 554 1659 680 1704; x_wconf 74' lang='lat' dir='ltr'><strong>tum</strong></span> <span class='ocrx_word' id='word_1_100' title='bbox 708 1648 884 1720; x_wconf 88' lang='lat' dir='ltr'><strong>ipsius</strong></span> <span class='ocrx_word' id='word_1_101' title='bbox 911 1664 924 1701; x_wconf 89' lang='lat'>:</span> <span class='ocrx_word' id='word_1_102' title='bbox 949 1655 1008 1702; x_wconf 86' lang='lat' dir='ltr'><strong>et</strong></span> <span class='ocrx_word' id='word_1_103' title='bbox 1026 1646 1370 1702; x_wconf 87' lang='lat' dir='ltr'><strong>sanctitatem</strong></span> <span class='ocrx_word' id='word_1_104' title='bbox 1400 1653 1550 1701; x_wconf 89' lang='lat' dir='ltr'><strong>tuam</strong></span> <span class='ocrx_word' id='word_1_105' title='bbox 1575 1661 1796 1701; x_wconf 80' lang='lat' dir='ltr'><strong>rursum</strong></span> <span class='ocrx_word' id='word_1_106' title='bbox 1821 1645 2160 1716; x_wconf 85' lang='lat' dir='ltr'><strong>suscepimus</strong></span> 
     </span>
    </p>
   </div>
   <div class='ocr_carea' id='block_1_18' title="bbox 559 1737 2158 1812">
    <p class='ocr_par' dir='ltr' id='par_1_18' title="bbox 559 1737 2158 1812">
     <span class='ocr_line' id='line_1_18' title="bbox 559 1737 2158 1812; baseline -0.003 -16"><span class='ocrx_word' id='word_1_107' title='bbox 559 1741 630 1796; x_wconf 90' lang='lat' dir='ltr'><strong>ad</strong></span> <span class='ocrx_word' id='word_1_108' title='bbox 696 1739 1019 1812; x_wconf 84' lang='lat' dir='ltr'><strong>dignitatem</strong></span> <span class='ocrx_word' id='word_1_109' title='bbox 1091 1737 1598 1809; x_wconf 85' lang='lat' dir='ltr'><strong>archiepiscopatus</strong></span> <span class='ocrx_word' id='word_1_110' title='bbox 1641 1757 1656 1794; x_wconf 85' lang='lat'><strong>:</strong></span> <span class='ocrx_word' id='word_1_111' title='bbox 1697 1737 2158 1810; x_wconf 85' lang='lat' dir='ltr'><strong>quemadmodum</strong></span> 
     </span>
    </p>
   </div>
   <div class='ocr_carea' id='block_1_19' title="bbox 559 1829 2160 1903">
    <p class='ocr_par' dir='ltr' id='par_1_19' title="bbox 559 1829 2160 1903">
     <span class='ocr_line' id='line_1_19' title="bbox 559 1829 2160 1903; baseline -0.001 -15"><span class='ocrx_word' id='word_1_112' title='bbox 559 1833 901 1889; x_wconf 82' lang='lat' dir='ltr'><strong>mentionem</strong></span> <span class='ocrx_word' id='word_1_113' title='bbox 925 1831 1047 1903; x_wconf 83' lang='lat' dir='ltr'><strong>ejus</strong></span> <span class='ocrx_word' id='word_1_114' title='bbox 1079 1831 1324 1903; x_wconf 85' lang='lat' dir='ltr'><strong>quotidie</strong></span> <span class='ocrx_word' id='word_1_115' title='bbox 1353 1829 1589 1887; x_wconf 80' lang='lat' dir='ltr'><strong>facimus</strong></span> <span class='ocrx_word' id='word_1_116' title='bbox 1616 1831 1672 1885; x_wconf 87' lang='lat' dir='ltr'><strong>in</strong></span> <span class='ocrx_word' id='word_1_117' title='bbox 1705 1831 1976 1888; x_wconf 84' lang='lat' dir='ltr'><strong>sacrificio</strong></span> <span class='ocrx_word' id='word_1_118' title='bbox 2007 1847 2022 1898; x_wconf 93' lang='lat'>;</span> <span class='ocrx_word' id='word_1_119' title='bbox 2054 1845 2160 1887; x_wconf 88' lang='lat' dir='ltr'><strong>nec</strong></span> 
     </span>
    </p>
   </div>
   <div class='ocr_carea' id='block_1_20' title="bbox 560 1902 2232 1998">
    <p class='ocr_par' dir='ltr' id='par_1_20' title="bbox 560 1902 2232 1998">
     <span class='ocr_line' id='line_1_20' title="bbox 560 1902 2232 1998; baseline -0.002 -16"><span class='ocrx_word' id='word_1_120' title='bbox 560 1927 670 1982; x_wconf 85' lang='lat' dir='ltr'><strong>alia</strong></span> <span class='ocrx_word' id='word_1_121' title='bbox 711 1941 772 1982; x_wconf 89' lang='lat' dir='ltr'><strong>re</strong></span> <span class='ocrx_word' id='word_1_122' title='bbox 802 1925 1204 1998; x_wconf 87' lang='lat' dir='ltr'><strong>discrepamus,</strong></span> <span class='ocrx_word' id='word_1_123' title='bbox 1230 1935 1395 1996; x_wconf 86' lang='lat' dir='ltr'><strong>quam</strong></span> <span class='ocrx_word' id='word_1_124' title='bbox 1421 1936 1649 1996; x_wconf 87' lang='lat' dir='ltr'><strong>propter</strong></span> <span class='ocrx_word' id='word_1_125' title='bbox 1680 1939 2029 1981; x_wconf 74' lang='lat' dir='ltr'><strong>teconomum</strong></span> <span class='ocrx_word' id='word_1_126' title='bbox 2058 1939 2157 1995; x_wconf 89' lang='lat' dir='ltr'><strong>per</strong></span> <span class='ocrx_word' id='word_1_127' title='bbox 2189 1902 2232 1958; x_wconf 73' lang='grc' dir='ltr'><strong><em>Β</em></strong></span> 
     </span>
    </p>
   </div>
   <div class='ocr_carea' id='block_1_21' title="bbox 559 2017 2158 2090">
    <p class='ocr_par' dir='ltr' id='par_1_21' title="bbox 559 2017 2158 2090">
     <span class='ocr_line' id='line_1_21' title="bbox 559 2017 2158 2090; baseline -0.004 -11"><span class='ocrx_word' id='word_1_128' title='bbox 559 2037 751 2079; x_wconf 89' lang='lat' dir='ltr'><strong>sacros</strong></span> <span class='ocrx_word' id='word_1_129' title='bbox 775 2035 1018 2078; x_wconf 87' lang='lat' dir='ltr'><strong>canones</strong></span> <span class='ocrx_word' id='word_1_130' title='bbox 1047 2017 1358 2090; x_wconf 89' lang='lat' dir='ltr'><strong>depositum</strong></span> <span class='ocrx_word' id='word_1_131' title='bbox 1389 2018 1577 2074; x_wconf 90' lang='lat' dir='ltr'><strong>multis</strong></span> <span class='ocrx_word' id='word_1_132' title='bbox 1617 2017 1794 2074; x_wconf 90' lang='lat' dir='ltr'><strong>modis</strong></span> <span class='ocrx_word' id='word_1_133' title='bbox 1825 2034 1842 2085; x_wconf 91' lang='lat'><strong>;</strong></span> <span class='ocrx_word' id='word_1_134' title='bbox 1875 2033 1939 2074; x_wconf 88' lang='lat' dir='ltr'><strong>ac</strong></span> <span class='ocrx_word' id='word_1_135' title='bbox 1967 2017 2158 2088; x_wconf 68' lang='lat' dir='ltr'><strong>praeci-</strong></span> 
     </span>
    </p>
   </div>
   <div class='ocr_carea' id='block_1_22' title="bbox 565 2109 2162 2187">
    <p class='ocr_par' dir='ltr' id='par_1_22' title="bbox 565 2109 2162 2187">
     <span class='ocr_line' id='line_1_22' title="bbox 565 2109 2162 2187; baseline -0.005 -15"><span class='ocrx_word' id='word_1_136' title='bbox 565 2129 676 2187; x_wconf 87' lang='lat' dir='ltr'><strong>pue</strong></span> <span class='ocrx_word' id='word_1_137' title='bbox 701 2114 848 2186; x_wconf 92' lang='lat' dir='ltr'><strong>quod</strong></span> <span class='ocrx_word' id='word_1_138' title='bbox 897 2120 1023 2184; x_wconf 90' lang='lat' dir='ltr'><strong>post</strong></span> <span class='ocrx_word' id='word_1_139' title='bbox 1056 2125 1255 2168; x_wconf 86' lang='lat' dir='ltr'><strong>novem</strong></span> <span class='ocrx_word' id='word_1_140' title='bbox 1310 2124 1583 2183; x_wconf 76' lang='lat' dir='ltr'><strong>annorum</strong></span> <span class='ocrx_word' id='word_1_141' title='bbox 1636 2109 2162 2166; x_wconf 81' lang='lat' dir='ltr'><strong>excommunicatio-</strong></span> 
     </span>
    </p>
   </div>
   <div class='ocr_carea' id='block_1_23' title="bbox 562 2201 2158 2274">
    <p class='ocr_par' dir='ltr' id='par_1_23' title="bbox 562 2201 2158 2274">
     <span class='ocr_line' id='line_1_23' title="bbox 562 2201 2158 2274; baseline -0.004 -10"><span class='ocrx_word' id='word_1_142' title='bbox 562 2222 691 2264; x_wconf 80' lang='lat' dir='ltr'><strong>nem</strong></span> <span class='ocrx_word' id='word_1_143' title='bbox 717 2207 918 2262; x_wconf 85' lang='lat' dir='ltr'><strong>iterum</strong></span> <span class='ocrx_word' id='word_1_144' title='bbox 971 2203 1147 2260; x_wconf 89' lang='lat' dir='ltr'><strong>sacris</strong></span> <span class='ocrx_word' id='word_1_145' title='bbox 1197 2210 1510 2274; x_wconf 88' lang='lat' dir='ltr'><strong>operetur;</strong></span> <span class='ocrx_word' id='word_1_146' title='bbox 1544 2216 1723 2274; x_wconf 86' lang='lat' dir='ltr'><strong>neque</strong></span> <span class='ocrx_word' id='word_1_147' title='bbox 1759 2201 1814 2258; x_wconf 92' lang='lat' dir='ltr'><strong>id</strong></span> <span class='ocrx_word' id='word_1_148' title='bbox 1859 2202 1912 2256; x_wconf 87' lang='lat' dir='ltr'><strong>in</strong></span> <span class='ocrx_word' id='word_1_149' title='bbox 1937 2201 2158 2269; x_wconf 88' lang='lat' dir='ltr'><strong>abdito;</strong></span> 
     </span>
    </p>
   </div>
   <div class='ocr_carea' id='block_1_24' title="bbox 561 2291 2160 2363">
    <p class='ocr_par' dir='ltr' id='par_1_24' title="bbox 561 2291 2160 2363">
     <span class='ocr_line' id='line_1_24' title="bbox 561 2291 2160 2363; baseline -0.005 -9"><span class='ocrx_word' id='word_1_150' title='bbox 561 2296 856 2354; x_wconf 81' lang='lat' dir='ltr'><strong>ferendum</strong></span> <span class='ocrx_word' id='word_1_151' title='bbox 881 2293 1031 2350; x_wconf 89' lang='lat' dir='ltr'><strong>enim</strong></span> <span class='ocrx_word' id='word_1_152' title='bbox 1075 2302 1243 2359; x_wconf 85' lang='lat' dir='ltr'><strong>esset,</strong></span> <span class='ocrx_word' id='word_1_153' title='bbox 1275 2291 1436 2348; x_wconf 86' lang='lat' dir='ltr'><strong>nobis</strong></span> <span class='ocrx_word' id='word_1_154' title='bbox 1463 2293 1583 2363; x_wconf 78' lang='lat' dir='ltr'><strong>ejus</strong></span> <span class='ocrx_word' id='word_1_155' title='bbox 1626 2292 1707 2348; x_wconf 88' lang='lat' dir='ltr'><strong>rei</strong></span> <span class='ocrx_word' id='word_1_156' title='bbox 1741 2292 1968 2348; x_wconf 86' lang='lat' dir='ltr'><strong>minime</strong></span> <span class='ocrx_word' id='word_1_157' title='bbox 2022 2307 2160 2348; x_wconf 84' lang='lat' dir='ltr'><strong>con-</strong></span> 
     </span>
    </p>
   </div>
   <div class='ocr_carea' id='block_1_25' title="bbox 560 2383 2164 2457">
    <p class='ocr_par' dir='ltr' id='par_1_25' title="bbox 560 2383 2164 2457">
     <span class='ocr_line' id='line_1_25' title="bbox 560 2383 2164 2457; baseline -0.002 -13"><span class='ocrx_word' id='word_1_158' title='bbox 560 2389 740 2454; x_wconf 75' lang='lat' dir='ltr'><strong>&#39;seiis;</strong></span> <span class='ocrx_word' id='word_1_159' title='bbox 774 2386 872 2443; x_wconf 90' lang='lat' dir='ltr'><strong>sed</strong></span> <span class='ocrx_word' id='word_1_160' title='bbox 912 2385 969 2442; x_wconf 90' lang='lat' dir='ltr'><strong>in</strong></span> <span class='ocrx_word' id='word_1_161' title='bbox 997 2387 1117 2457; x_wconf 90' lang='lat' dir='ltr'><strong>ipso</strong></span> <span class='ocrx_word' id='word_1_162' title='bbox 1175 2383 1326 2440; x_wconf 86' lang='lat' dir='ltr'><strong>fonte</strong></span> <span class='ocrx_word' id='word_1_163' title='bbox 1359 2383 1656 2441; x_wconf 87' lang='lat' dir='ltr'><strong>sacerdotii</strong></span> <span class='ocrx_word' id='word_1_164' title='bbox 1705 2384 1903 2450; x_wconf 81' lang='lat' dir='ltr'><strong>nostri,</strong></span> <span class='ocrx_word' id='word_1_165' title='bbox 1943 2384 2052 2440; x_wconf 89' lang='lat' dir='ltr'><strong>hoc</strong></span> <span class='ocrx_word' id='word_1_166' title='bbox 2077 2393 2164 2440; x_wconf 88' lang='lat' dir='ltr'><strong>est</strong></span> 
     </span>
    </p>
   </div>
   <div class='ocr_carea' id='block_1_26' title="bbox 566 2478 2162 2553">
    <p class='ocr_par' dir='ltr' id='par_1_26' title="bbox 566 2478 2162 2553">
     <span class='ocr_line' id='line_1_26' title="bbox 566 2478 2162 2553; baseline -0.003 -14"><span class='ocrx_word' id='word_1_167' title='bbox 566 2497 692 2539; x_wconf 81' lang='lat' dir='ltr'><strong>eum</strong></span> <span class='ocrx_word' id='word_1_168' title='bbox 721 2481 935 2538; x_wconf 88' lang='lat' dir='ltr'><strong>sincera</strong></span> <span class='ocrx_word' id='word_1_169' title='bbox 965 2478 1386 2536; x_wconf 85' lang='lat' dir='ltr'><strong>conversatione</strong></span> <span class='ocrx_word' id='word_1_170' title='bbox 1412 2487 1530 2547; x_wconf 90' lang='lat' dir='ltr'><strong>tua,</strong></span> <span class='ocrx_word' id='word_1_171' title='bbox 1561 2478 1781 2536; x_wconf 88' lang='lat' dir='ltr'><strong>assidue</strong></span> <span class='ocrx_word' id='word_1_172' title='bbox 1834 2493 2071 2553; x_wconf 78' lang='lat' dir='ltr'><strong>pergens</strong></span> <span class='ocrx_word' id='word_1_173' title='bbox 2093 2479 2162 2536; x_wconf 91' lang='lat' dir='ltr'><strong>ad</strong></span> 
     </span>
    </p>
   </div>
   <div class='ocr_carea' id='block_1_27' title="bbox 568 2573 1021 2630">
    <p class='ocr_par' dir='ltr' id='par_1_27' title="bbox 568 2573 1021 2630">
     <span class='ocr_line' id='line_1_27' title="bbox 568 2573 1021 2630; baseline -0.007 0"><span class='ocrx_word' id='word_1_174' title='bbox 568 2573 1021 2630; x_wconf 79' lang='lat' dir='ltr'><strong>sacriﬁcandum.</strong></span> 
     </span>
    </p>
   </div>
   <div class='ocr_carea' id='block_1_28' title="bbox 639 2836 2166 2910">
    <p class='ocr_par' dir='ltr' id='par_1_28' title="bbox 639 2836 2166 2910">
     <span class='ocr_line' id='line_1_28' title="bbox 639 2836 2166 2910; baseline 0.001 -17"><span class='ocrx_word' id='word_1_175' title='bbox 639 2836 814 2908; x_wconf 71' lang='lat' dir='ltr'><strong>Igitur</strong></span> <span class='ocrx_word' id='word_1_176' title='bbox 832 2837 1043 2908; x_wconf 80' lang='lat' dir='ltr'><strong>justum</strong></span> <span class='ocrx_word' id='word_1_177' title='bbox 1073 2844 1130 2892; x_wconf 91' lang='lat' dir='ltr'><strong>et</strong></span> <span class='ocrx_word' id='word_1_178' title='bbox 1159 2845 1408 2892; x_wconf 85' lang='lat' dir='ltr'><strong>sanctum</strong></span> <span class='ocrx_word' id='word_1_179' title='bbox 1449 2851 1516 2893; x_wconf 92' lang='lat' dir='ltr'><strong>ac</strong></span> <span class='ocrx_word' id='word_1_180' title='bbox 1543 2837 1662 2894; x_wconf 88' lang='lat' dir='ltr'><strong>sine</strong></span> <span class='ocrx_word' id='word_1_181' title='bbox 1689 2837 1944 2894; x_wconf 83' lang='lat' dir='ltr'><strong>seandalo</strong></span> <span class='ocrx_word' id='word_1_182' title='bbox 1962 2837 2166 2910; x_wconf 90' lang='lat' dir='ltr'><strong>populo</strong></span> 
     </span>
    </p>
   </div>
   <div class='ocr_carea' id='block_1_29' title="bbox 567 2927 2168 3002">
    <p class='ocr_par' dir='ltr' id='par_1_29' title="bbox 567 2927 2168 3002">
     <span class='ocr_line' id='line_1_29' title="bbox 567 2927 2168 3002; baseline -0.002 -15"><span class='ocrx_word' id='word_1_183' title='bbox 567 2931 669 2987; x_wconf 85' lang='lat' dir='ltr'><strong>Dei</strong></span> <span class='ocrx_word' id='word_1_184' title='bbox 697 2931 897 2998; x_wconf 81' lang='lat' dir='ltr'><strong>fuerat,</strong></span> <span class='ocrx_word' id='word_1_185' title='bbox 925 2929 1305 3002; x_wconf 84' lang='lat' dir='ltr'><strong>imprimisque</strong></span> <span class='ocrx_word' id='word_1_186' title='bbox 1356 2928 1536 2986; x_wconf 88' lang='lat' dir='ltr'><strong>ordini</strong></span> <span class='ocrx_word' id='word_1_187' title='bbox 1562 2939 1773 2997; x_wconf 90' lang='lat' dir='ltr'><strong>nostro,</strong></span> <span class='ocrx_word' id='word_1_188' title='bbox 1809 2927 1935 3001; x_wconf 85' lang='lat' dir='ltr'><strong>ejici</strong></span> <span class='ocrx_word' id='word_1_189' title='bbox 1964 2935 2022 2985; x_wconf 86' lang='lat' dir='ltr'><strong>et</strong></span> <span class='ocrx_word' id='word_1_190' title='bbox 2054 2928 2168 3000; x_wconf 87' lang='lat' dir='ltr'><strong>pri-</strong></span> 
     </span>
    </p>
   </div>
   <div class='ocr_carea' id='block_1_30' title="bbox 569 3018 2167 3094">
    <p class='ocr_par' dir='ltr' id='par_1_30' title="bbox 569 3018 2167 3094">
     <span class='ocr_line' id='line_1_30' title="bbox 569 3018 2167 3094; baseline -0.002 -17"><span class='ocrx_word' id='word_1_191' title='bbox 569 3022 689 3079; x_wconf 83' lang='lat' dir='ltr'><strong>vari</strong></span> <span class='ocrx_word' id='word_1_192' title='bbox 709 3022 1048 3089; x_wconf 84' lang='lat' dir='ltr'><strong>sacerdotio,</strong></span> <span class='ocrx_word' id='word_1_193' title='bbox 1071 3021 1164 3093; x_wconf 90' lang='lat' dir='ltr'><strong>qui</strong></span> <span class='ocrx_word' id='word_1_194' title='bbox 1198 3021 1420 3094; x_wconf 86' lang='lat' dir='ltr'><strong>indigne</strong></span> <span class='ocrx_word' id='word_1_195' title='bbox 1455 3020 1708 3092; x_wconf 88' lang='lat' dir='ltr'><strong>prosiliit,</strong></span> <span class='ocrx_word' id='word_1_196' title='bbox 1726 3020 1887 3077; x_wconf 88' lang='lat' dir='ltr'><strong>nobis</strong></span> <span class='ocrx_word' id='word_1_197' title='bbox 1959 3018 2167 3075; x_wconf 85' lang='lat' dir='ltr'><strong>sancti-</strong></span> 
     </span>
    </p>
   </div>
   <div class='ocr_carea' id='block_1_31' title="bbox 565 3112 2170 3184">
    <p class='ocr_par' dir='ltr' id='par_1_31' title="bbox 565 3112 2170 3184">
     <span class='ocr_line' id='line_1_31' title="bbox 565 3112 2170 3184; baseline -0.001 -14"><span class='ocrx_word' id='word_1_198' title='bbox 565 3113 704 3171; x_wconf 80' lang='lat' dir='ltr'><strong>tatis</strong></span> <span class='ocrx_word' id='word_1_199' title='bbox 723 3122 830 3170; x_wconf 75' lang='lat' dir='ltr'><strong>tute</strong></span> <span class='ocrx_word' id='word_1_200' title='bbox 855 3113 1174 3170; x_wconf 85' lang='lat' dir='ltr'><strong>memoriam</strong></span> <span class='ocrx_word' id='word_1_201' title='bbox 1199 3113 1568 3180; x_wconf 85' lang='lat' dir='ltr'><strong>servantibus,</strong></span> <span class='ocrx_word' id='word_1_202' title='bbox 1590 3121 1647 3170; x_wconf 91' lang='lat' dir='ltr'><strong>ct</strong></span> <span class='ocrx_word' id='word_1_203' title='bbox 1665 3113 1734 3169; x_wconf 88' lang='lat' dir='ltr'><strong>ab</strong></span> <span class='ocrx_word' id='word_1_204' title='bbox 1745 3113 1895 3168; x_wconf 90' lang='lat' dir='ltr'><strong>omni</strong></span> <span class='ocrx_word' id='word_1_205' title='bbox 1912 3112 2170 3184; x_wconf 87' lang='lat' dir='ltr'><strong>episcopo</strong></span> 
     </span>
    </p>
   </div>
   <div class='ocr_carea' id='block_1_32' title="bbox 2259 625 3849 704">
    <p class='ocr_par' dir='ltr' id='par_1_32' title="bbox 2259 625 3849 704">
     <span class='ocr_line' id='line_1_32' title="bbox 2259 625 3849 704; baseline 0.003 -22"><span class='ocrx_word' id='word_1_206' title='bbox 2259 643 2421 700; x_wconf 89' lang='grc' dir='ltr'>μενον</span> <span class='ocrx_word' id='word_1_207' title='bbox 2438 626 2536 700; x_wconf 80' lang='grc' dir='ltr'>τὴν</span> <span class='ocrx_word' id='word_1_208' title='bbox 2559 626 2870 699; x_wconf 80' lang='grc' dir='ltr'><strong>ἁγιωσύνην</strong></span> <span class='ocrx_word' id='word_1_209' title='bbox 2897 625 3058 700; x_wconf 65' lang='lat' dir='ltr'><strong>[Reg</strong></span> <span class='ocrx_word' id='word_1_210' title='bbox 3079 629 3182 700; x_wconf 81' lang='grc' dir='ltr'>τῆς</span> <span class='ocrx_word' id='word_1_211' title='bbox 3203 626 3541 704; x_wconf 62' lang='grc' dir='ltr'>ἀγιωσύνηςξ</span> <span class='ocrx_word' id='word_1_212' title='bbox 3563 647 3658 685; x_wconf 83' lang='grc' dir='ltr'><strong>σου</strong></span> <span class='ocrx_word' id='word_1_213' title='bbox 3686 630 3849 686; x_wconf 70' lang='grc' dir='ltr'>ἀνιώ-</span> 
     </span>
    </p>
   </div>
   <div class='ocr_carea' id='block_1_33' title="bbox 2254 719 3847 796">
    <p class='ocr_par' dir='ltr' id='par_1_33' title="bbox 2254 719 3847 796">
     <span class='ocr_line' id='line_1_33' title="bbox 2254 719 3847 796; baseline 0.002 -22"><span class='ocrx_word' id='word_1_214' title='bbox 2254 736 2417 774; x_wconf 90' lang='grc' dir='ltr'>τατον</span> <span class='ocrx_word' id='word_1_215' title='bbox 2437 719 2786 792; x_wconf 80' lang='grc' dir='ltr'>πατριάρχην</span> <span class='ocrx_word' id='word_1_216' title='bbox 2817 719 2899 791; x_wconf 85' lang='grc' dir='ltr'><strong>τῷ</strong></span> <span class='ocrx_word' id='word_1_217' title='bbox 2927 719 3074 791; x_wconf 83' lang='grc' dir='ltr'>λόγῳ</span> <span class='ocrx_word' id='word_1_218' title='bbox 3101 719 3282 791; x_wconf 80' lang='grc' dir='ltr'>τούτῳ</span> <span class='ocrx_word' id='word_1_219' title='bbox 3303 720 3610 792; x_wconf 77' lang='grc' dir='ltr'><strong>ἐδεξάμεθα</strong></span> <span class='ocrx_word' id='word_1_220' title='bbox 3639 724 3720 787; x_wconf 84' lang='grc' dir='ltr'><strong>είς</strong></span> <span class='ocrx_word' id='word_1_221' title='bbox 3747 723 3847 796; x_wconf 76' lang='grc' dir='ltr'><strong>τήν</strong></span> 
     </span>
    </p>
   </div>
   <div class='ocr_carea' id='block_1_34' title="bbox 2257 811 3847 887">
    <p class='ocr_par' dir='ltr' id='par_1_34' title="bbox 2257 811 3847 887">
     <span class='ocr_line' id='line_1_34' title="bbox 2257 811 3847 887; baseline 0.002 -21"><span class='ocrx_word' id='word_1_222' title='bbox 2257 811 2634 885; x_wconf 73' lang='grc' dir='ltr'><strong>προκειμένην</strong></span> <span class='ocrx_word' id='word_1_223' title='bbox 2679 812 2974 867; x_wconf 84' lang='grc' dir='ltr'>ὑπόθεσιν·</span> <span class='ocrx_word' id='word_1_224' title='bbox 3012 813 3179 886; x_wconf 87' lang='grc' dir='ltr'>ήνίκα</span> <span class='ocrx_word' id='word_1_225' title='bbox 3209 814 3589 887; x_wconf 73' lang='grc' dir='ltr'><strong>ἐπανήλθομεν</strong></span> <span class='ocrx_word' id='word_1_226' title='bbox 3618 815 3719 887; x_wconf 82' lang='grc' dir='ltr'>τῆς</span> <span class='ocrx_word' id='word_1_227' title='bbox 3759 816 3847 882; x_wconf 72' lang='grc' dir='ltr'>ἱε-</span> 
     </span>
    </p>
   </div>
   <div class='ocr_carea' id='block_1_35' title="bbox 2255 907 3844 981">
    <p class='ocr_par' dir='ltr' id='par_1_35' title="bbox 2255 907 3844 981">
     <span class='ocr_line' id='line_1_35' title="bbox 2255 907 3844 981; baseline 0.001 -19"><span class='ocrx_word' id='word_1_228' title='bbox 2255 907 2448 980; x_wconf 80' lang='grc' dir='ltr'>ορίας’</span> <span class='ocrx_word' id='word_1_229' title='bbox 2488 907 2886 980; x_wconf 79' lang='grc' dir='ltr'>διαῤῥαγεὶσης</span> <span class='ocrx_word' id='word_1_230' title='bbox 2938 908 3037 979; x_wconf 78' lang='grc' dir='ltr'>μὲν</span> <span class='ocrx_word' id='word_1_231' title='bbox 3079 908 3182 980; x_wconf 86' lang='grc' dir='ltr'><strong>τῆς</strong></span> <span class='ocrx_word' id='word_1_232' title='bbox 3233 909 3488 981; x_wconf 85' lang='grc' dir='ltr'>μοιχικῆς</span> <span class='ocrx_word' id='word_1_233' title='bbox 3531 909 3844 980; x_wconf 77' lang='grc' dir='ltr'><strong>συναφείας,</strong></span> 
     </span>
    </p>
   </div>
   <div class='ocr_carea' id='block_1_36' title="bbox 2257 997 3847 1074">
    <p class='ocr_par' dir='ltr' id='par_1_36' title="bbox 2257 997 3847 1074">
     <span class='ocr_line' id='line_1_36' title="bbox 2257 997 3847 1074; baseline 0.003 -23"><span class='ocrx_word' id='word_1_234' title='bbox 2257 997 2571 1070; x_wconf 82' lang='grc' dir='ltr'>εἱρχθέντος</span> <span class='ocrx_word' id='word_1_235' title='bbox 2598 997 2657 1052; x_wconf 82' lang='grc' dir='ltr'>δὲ</span> <span class='ocrx_word' id='word_1_236' title='bbox 2683 997 2779 1052; x_wconf 86' lang='grc' dir='ltr'><strong>τοῦ</strong></span> <span class='ocrx_word' id='word_1_237' title='bbox 2809 998 3100 1070; x_wconf 88' lang='grc' dir='ltr'>οίκονόμου</span> <span class='ocrx_word' id='word_1_238' title='bbox 3126 999 3227 1070; x_wconf 84' lang='grc' dir='ltr'>τῆς</span> <span class='ocrx_word' id='word_1_239' title='bbox 3259 999 3595 1071; x_wconf 86' lang='grc' dir='ltr'>ἱερουργίας.</span> <span class='ocrx_word' id='word_1_240' title='bbox 3625 1001 3749 1055; x_wconf 86' lang='grc' dir='ltr'><strong>Ὀτι</strong></span> <span class='ocrx_word' id='word_1_241' title='bbox 3773 1002 3847 1074; x_wconf 78' lang='grc' dir='ltr'>μὴ</span> 
     </span>
    </p>
   </div>
   <div class='ocr_carea' id='block_1_37' title="bbox 2257 1089 3849 1165">
    <p class='ocr_par' dir='ltr' id='par_1_37' title="bbox 2257 1089 3849 1165">
     <span class='ocr_line' id='line_1_37' title="bbox 2257 1089 3849 1165; baseline 0.003 -21"><span class='ocrx_word' id='word_1_242' title='bbox 2257 1089 2403 1145; x_wconf 73' lang='grc' dir='ltr'>ἔστω</span> <span class='ocrx_word' id='word_1_243' title='bbox 2446 1093 2582 1163; x_wconf 80' lang='grc' dir='ltr'>ἡμῖν</span> <span class='ocrx_word' id='word_1_244' title='bbox 2630 1090 2798 1164; x_wconf 77' lang='grc' dir='ltr'>μέρος</span> <span class='ocrx_word' id='word_1_245' title='bbox 2823 1107 2839 1122; x_wconf 84' lang='lat'><strong><em>°</em></strong></span> <span class='ocrx_word' id='word_1_246' title='bbox 2873 1091 3062 1146; x_wconf 67' lang='grc' dir='ltr'>ἕνεκεν</span> <span class='ocrx_word' id='word_1_247' title='bbox 3111 1090 3211 1146; x_wconf 91' lang='grc' dir='ltr'><strong>τοῦ</strong></span> <span class='ocrx_word' id='word_1_248' title='bbox 3262 1092 3573 1164; x_wconf 80' lang='grc' dir='ltr'><strong>ἀδιαφόρως</strong></span> <span class='ocrx_word' id='word_1_249' title='bbox 3610 1093 3717 1148; x_wconf 82' lang='grc' dir='ltr'><strong>ύπδ</strong></span> <span class='ocrx_word' id='word_1_250' title='bbox 3751 1094 3849 1165; x_wconf 80' lang='grc' dir='ltr'>τῆς</span> 
     </span>
    </p>
   </div>
   <div class='ocr_carea' id='block_1_38' title="bbox 2257 1183 3848 1256">
    <p class='ocr_par' dir='ltr' id='par_1_38' title="bbox 2257 1183 3848 1256">
     <span class='ocr_line' id='line_1_38' title="bbox 2257 1183 3848 1256; baseline 0.001 -18"><span class='ocrx_word' id='word_1_251' title='bbox 2257 1183 2550 1255; x_wconf 87' lang='grc' dir='ltr'>ἀγιότητός</span> <span class='ocrx_word' id='word_1_252' title='bbox 2574 1201 2672 1239; x_wconf 92' lang='grc' dir='ltr'><strong>σου</strong></span> <span class='ocrx_word' id='word_1_253' title='bbox 2699 1183 3144 1256; x_wconf 88' lang='grc' dir='ltr'>μεταλαμϐάνειν</span> <span class='ocrx_word' id='word_1_254' title='bbox 3164 1183 3259 1238; x_wconf 78' lang='grc' dir='ltr'><strong>τὸν</strong></span> <span class='ocrx_word' id='word_1_255' title='bbox 3292 1184 3657 1255; x_wconf 78' lang='grc' dir='ltr'>μοιχεύσαντα</span> <span class='ocrx_word' id='word_1_256' title='bbox 3673 1203 3688 1216; x_wconf 89' lang='grc'><strong>·</strong></span> <span class='ocrx_word' id='word_1_257' title='bbox 3714 1187 3848 1256; x_wconf 81' lang='grc' dir='ltr'>μήτε</span> 
     </span>
    </p>
   </div>
   <div class='ocr_carea' id='block_1_39' title="bbox 2257 1275 3848 1350">
    <p class='ocr_par' dir='ltr' id='par_1_39' title="bbox 2257 1275 3848 1350">
     <span class='ocr_line' id='line_1_39' title="bbox 2257 1275 3848 1350; baseline 0.001 -19"><span class='ocrx_word' id='word_1_258' title='bbox 2257 1277 2318 1332; x_wconf 75' lang='grc' dir='ltr'>ἒν</span> <span class='ocrx_word' id='word_1_259' title='bbox 2344 1275 2426 1348; x_wconf 84' lang='grc' dir='ltr'>τῷ</span> <span class='ocrx_word' id='word_1_260' title='bbox 2458 1275 2556 1331; x_wconf 91' lang='grc' dir='ltr'><strong>νῦν</strong></span> <span class='ocrx_word' id='word_1_261' title='bbox 2583 1276 2766 1343; x_wconf 86' lang='grc' dir='ltr'>αἱῶνι,</span> <span class='ocrx_word' id='word_1_262' title='bbox 2800 1277 2940 1350; x_wconf 86' lang='grc' dir='ltr'>μήτε</span> <span class='ocrx_word' id='word_1_263' title='bbox 2981 1279 3040 1332; x_wconf 83' lang='grc' dir='ltr'>ὲν</span> <span class='ocrx_word' id='word_1_264' title='bbox 3070 1277 3150 1349; x_wconf 88' lang='grc' dir='ltr'>τῷ</span> <span class='ocrx_word' id='word_1_265' title='bbox 3190 1277 3463 1348; x_wconf 83' lang='grc' dir='ltr'>μέλλοντι.</span> <span class='ocrx_word' id='word_1_266' title='bbox 3498 1278 3642 1350; x_wconf 81' lang='grc' dir='ltr'><strong>Ἤδη</strong></span> <span class='ocrx_word' id='word_1_267' title='bbox 3670 1278 3848 1332; x_wconf 84' lang='grc' dir='ltr'>εἱπόν-</span> 
     </span>
    </p>
   </div>
   <div class='ocr_carea' id='block_1_40' title="bbox 2259 1368 3849 1441">
    <p class='ocr_par' dir='ltr' id='par_1_40' title="bbox 2259 1368 3849 1441">
     <span class='ocr_line' id='line_1_40' title="bbox 2259 1368 3849 1441; baseline -0.002 -19"><span class='ocrx_word' id='word_1_268' title='bbox 2259 1385 2349 1432; x_wconf 84' lang='grc' dir='ltr'><strong>τος</strong></span> <span class='ocrx_word' id='word_1_269' title='bbox 2393 1368 2584 1432; x_wconf 85' lang='grc' dir='ltr'>αὐτοῦ,</span> <span class='ocrx_word' id='word_1_270' title='bbox 2621 1368 2704 1422; x_wconf 83' lang='grc' dir='ltr'>ὃτι</span> <span class='ocrx_word' id='word_1_271' title='bbox 2757 1369 3044 1441; x_wconf 78' lang='grc' dir='ltr'>οἰκονομία</span> <span class='ocrx_word' id='word_1_272' title='bbox 3093 1368 3379 1440; x_wconf 76' lang='grc' dir='ltr'>ἐχρώμην,</span> <span class='ocrx_word' id='word_1_273' title='bbox 3429 1371 3528 1424; x_wconf 74' lang='grc' dir='ltr'>καὶ</span> <span class='ocrx_word' id='word_1_274' title='bbox 3581 1368 3731 1440; x_wconf 84' lang='grc' dir='ltr'><strong>αὑτῷ</strong></span> <span class='ocrx_word' id='word_1_275' title='bbox 3769 1369 3849 1441; x_wconf 80' lang='grc' dir='ltr'><strong>τῷ</strong></span> 
     </span>
    </p>
   </div>
   <div class='ocr_carea' id='block_1_41' title="bbox 2262 1456 3846 1533">
    <p class='ocr_par' dir='ltr' id='par_1_41' title="bbox 2262 1456 3846 1533">
     <span class='ocr_line' id='line_1_41' title="bbox 2262 1456 3846 1533; baseline 0.001 -19"><span class='ocrx_word' id='word_1_276' title='bbox 2262 1460 2602 1532; x_wconf 82' lang='grc' dir='ltr'>μεταδιδόναι</span> <span class='ocrx_word' id='word_1_277' title='bbox 2632 1460 2738 1523; x_wconf 72' lang='grc' dir='ltr'>ἕως</span> <span class='ocrx_word' id='word_1_278' title='bbox 2763 1461 2957 1533; x_wconf 82' lang='grc' dir='ltr'>καιροῦ</span> <span class='ocrx_word' id='word_1_279' title='bbox 2977 1477 2991 1492; x_wconf 86' lang='grc'><strong>·</strong></span> <span class='ocrx_word' id='word_1_280' title='bbox 3022 1456 3144 1516; x_wconf 78' lang='grc' dir='ltr'>εἶτα</span> <span class='ocrx_word' id='word_1_281' title='bbox 3177 1461 3274 1516; x_wconf 78' lang='grc' dir='ltr'>καὶ</span> <span class='ocrx_word' id='word_1_282' title='bbox 3298 1461 3444 1516; x_wconf 82' lang='grc' dir='ltr'>οὓτω</span> <span class='ocrx_word' id='word_1_283' title='bbox 3485 1461 3846 1532; x_wconf 79' lang='grc' dir='ltr'>δηλώσαντος,</span> 
     </span>
    </p>
   </div>
   <div class='ocr_carea' id='block_1_42' title="bbox 2257 1553 3850 1626">
    <p class='ocr_par' dir='ltr' id='par_1_42' title="bbox 2257 1553 3850 1626">
     <span class='ocr_line' id='line_1_42' title="bbox 2257 1553 3850 1626; baseline 0.001 -19"><span class='ocrx_word' id='word_1_284' title='bbox 2257 1553 2342 1607; x_wconf 82' lang='grc' dir='ltr'>ὅτι</span> <span class='ocrx_word' id='word_1_285' title='bbox 2366 1553 2424 1607; x_wconf 88' lang='grc' dir='ltr'><strong>αἱ</strong></span> <span class='ocrx_word' id='word_1_286' title='bbox 2453 1553 2645 1626; x_wconf 80' lang='grc' dir='ltr'>χεῖρές</span> <span class='ocrx_word' id='word_1_287' title='bbox 2673 1571 2776 1624; x_wconf 88' lang='grc' dir='ltr'><strong>μου</strong></span> <span class='ocrx_word' id='word_1_288' title='bbox 2802 1554 3144 1624; x_wconf 82' lang='grc' dir='ltr'>κεκομμέναι</span> <span class='ocrx_word' id='word_1_289' title='bbox 3170 1553 3236 1608; x_wconf 77' lang='grc' dir='ltr'>ἂν</span> <span class='ocrx_word' id='word_1_290' title='bbox 3263 1553 3506 1626; x_wconf 81' lang='grc' dir='ltr'>ὑπῆρχον</span> <span class='ocrx_word' id='word_1_291' title='bbox 3535 1556 3618 1618; x_wconf 87' lang='grc' dir='ltr'><strong>εἱς</strong></span> <span class='ocrx_word' id='word_1_292' title='bbox 3643 1554 3703 1607; x_wconf 82' lang='grc' dir='ltr'><strong>τὺ</strong></span> <span class='ocrx_word' id='word_1_293' title='bbox 3736 1571 3850 1626; x_wconf 81' lang='grc' dir='ltr'>μοι·</span> 
     </span>
    </p>
   </div>
   <div class='ocr_carea' id='block_1_43' title="bbox 2259 1641 3852 1716">
    <p class='ocr_par' dir='ltr' id='par_1_43' title="bbox 2259 1641 3852 1716">
     <span class='ocr_line' id='line_1_43' title="bbox 2259 1641 3852 1716; baseline 0.001 -18"><span class='ocrx_word' id='word_1_294' title='bbox 2259 1644 2415 1716; x_wconf 83' lang='grc' dir='ltr'>χικδν</span> <span class='ocrx_word' id='word_1_295' title='bbox 2444 1646 2778 1716; x_wconf 82' lang='grc' dir='ltr'>στεφάνωμα</span> <span class='ocrx_word' id='word_1_296' title='bbox 2797 1660 2814 1675; x_wconf 70' lang='grc'><strong>⁸</strong></span> <span class='ocrx_word' id='word_1_297' title='bbox 2845 1641 2882 1716; x_wconf 81' lang='grc' dir='ltr'>ἦ</span> <span class='ocrx_word' id='word_1_298' title='bbox 2913 1645 3024 1714; x_wconf 77' lang='grc' dir='ltr'><strong>ἐγὼ</strong></span> <span class='ocrx_word' id='word_1_299' title='bbox 3046 1644 3184 1709; x_wconf 84' lang='grc' dir='ltr'>ὅλως</span> <span class='ocrx_word' id='word_1_300' title='bbox 3207 1645 3540 1716; x_wconf 72' lang='grc' dir='ltr'>ἐστεφάνουν</span> <span class='ocrx_word' id='word_1_301' title='bbox 3564 1661 3579 1712; x_wconf 87' lang='grc'><strong>;</strong></span> <span class='ocrx_word' id='word_1_302' title='bbox 3613 1645 3705 1700; x_wconf 81' lang='grc' dir='ltr'>ἑπὶ</span> <span class='ocrx_word' id='word_1_303' title='bbox 3731 1645 3852 1700; x_wconf 85' lang='grc' dir='ltr'>τούο</span> 
     </span>
    </p>
   </div>
   <div class='ocr_carea' id='block_1_44' title="bbox 2257 1737 3852 1809">
    <p class='ocr_par' dir='ltr' id='par_1_44' title="bbox 2257 1737 3852 1809">
     <span class='ocr_line' id='line_1_44' title="bbox 2257 1737 3852 1809; baseline -0.002 -17"><span class='ocrx_word' id='word_1_304' title='bbox 2257 1754 2372 1802; x_wconf 80' lang='grc' dir='ltr'>τοις</span> <span class='ocrx_word' id='word_1_305' title='bbox 2413 1737 2597 1791; x_wconf 78' lang='grc' dir='ltr'>τοίνυν</span> <span class='ocrx_word' id='word_1_306' title='bbox 2627 1737 3114 1808; x_wconf 81' lang='grc' dir='ltr'>κεκοινωνήκαμεν</span> <span class='ocrx_word' id='word_1_307' title='bbox 3149 1737 3301 1807; x_wconf 83' lang='grc' dir='ltr'>αὐτῷ</span> <span class='ocrx_word' id='word_1_308' title='bbox 3344 1737 3506 1809; x_wconf 87' lang='grc' dir='ltr'>μέχρι</span> <span class='ocrx_word' id='word_1_309' title='bbox 3544 1739 3852 1808; x_wconf 76' lang='grc' dir='ltr'>κοιμήσεως</span> 
     </span>
    </p>
   </div>
   <div class='ocr_carea' id='block_1_45' title="bbox 2260 1829 3852 1904">
    <p class='ocr_par' dir='ltr' id='par_1_45' title="bbox 2260 1829 3852 1904">
     <span class='ocr_line' id='line_1_45' title="bbox 2260 1829 3852 1904; baseline -0.001 -19"><span class='ocrx_word' id='word_1_310' title='bbox 2260 1830 2462 1899; x_wconf 82' lang='grc' dir='ltr'>αὑτοῦ,</span> <span class='ocrx_word' id='word_1_311' title='bbox 2493 1833 2588 1886; x_wconf 77' lang='grc' dir='ltr'>καὶ</span> <span class='ocrx_word' id='word_1_312' title='bbox 2623 1830 2724 1904; x_wconf 81' lang='grc' dir='ltr'>τὴν</span> <span class='ocrx_word' id='word_1_313' title='bbox 2759 1829 3072 1902; x_wconf 82' lang='grc' dir='ltr'>ἁγιωσύνην</span> <span class='ocrx_word' id='word_1_314' title='bbox 3111 1846 3207 1884; x_wconf 86' lang='grc' dir='ltr'><strong>σου</strong></span> <span class='ocrx_word' id='word_1_315' title='bbox 3263 1829 3426 1884; x_wconf 88' lang='grc' dir='ltr'>πάλιν</span> <span class='ocrx_word' id='word_1_316' title='bbox 3471 1829 3852 1901; x_wconf 80' lang='grc' dir='ltr'>ἀπεδεξάμεθα</span> 
     </span>
    </p>
   </div>
   <div class='ocr_carea' id='block_1_46' title="bbox 2259 1920 3854 1995">
    <p class='ocr_par' dir='ltr' id='par_1_46' title="bbox 2259 1920 3854 1995">
     <span class='ocr_line' id='line_1_46' title="bbox 2259 1920 3854 1995; baseline -0.002 -17"><span class='ocrx_word' id='word_1_317' title='bbox 2259 1923 2341 1988; x_wconf 87' lang='grc' dir='ltr'><strong>εἱς</strong></span> <span class='ocrx_word' id='word_1_318' title='bbox 2363 1924 2426 1978; x_wconf 81' lang='grc' dir='ltr'>τὸ</span> <span class='ocrx_word' id='word_1_319' title='bbox 2452 1924 2554 1995; x_wconf 80' lang='grc' dir='ltr'>τῆς</span> <span class='ocrx_word' id='word_1_320' title='bbox 2579 1921 2995 1995; x_wconf 83' lang='grc' dir='ltr'>ἀρχιερωσύνης</span> <span class='ocrx_word' id='word_1_321' title='bbox 3023 1921 3276 1993; x_wconf 80' lang='grc' dir='ltr'>ἀξίωμα·</span> <span class='ocrx_word' id='word_1_322' title='bbox 3309 1920 3495 1986; x_wconf 88' lang='grc' dir='ltr'>καθὼς</span> <span class='ocrx_word' id='word_1_323' title='bbox 3523 1923 3620 1976; x_wconf 77' lang='grc' dir='ltr'>καὶ</span> <span class='ocrx_word' id='word_1_324' title='bbox 3647 1939 3854 1995; x_wconf 81' lang='grc' dir='ltr'>μνημο-</span> 
     </span>
    </p>
   </div>
   <div class='ocr_carea' id='block_1_47' title="bbox 2259 2012 3854 2088">
    <p class='ocr_par' dir='ltr' id='par_1_47' title="bbox 2259 2012 3854 2088">
     <span class='ocr_line' id='line_1_47' title="bbox 2259 2012 3854 2088; baseline 0.001 -20"><span class='ocrx_word' id='word_1_325' title='bbox 2259 2016 2496 2087; x_wconf 89' lang='grc' dir='ltr'>νεύομεν</span> <span class='ocrx_word' id='word_1_326' title='bbox 2535 2016 2710 2088; x_wconf 82' lang='grc' dir='ltr'>αὐτῆς</span> <span class='ocrx_word' id='word_1_327' title='bbox 2741 2016 2800 2070; x_wconf 75' lang='grc' dir='ltr'>ἐν</span> <span class='ocrx_word' id='word_1_328' title='bbox 2833 2017 2898 2087; x_wconf 79' lang='grc' dir='ltr'>τῇ</span> <span class='ocrx_word' id='word_1_329' title='bbox 2931 2013 3215 2086; x_wconf 80' lang='grc' dir='ltr'>ἱερουργίᾳ</span> <span class='ocrx_word' id='word_1_330' title='bbox 3243 2012 3592 2086; x_wconf 86' lang='grc' dir='ltr'>καθεκάστην</span> <span class='ocrx_word' id='word_1_331' title='bbox 3619 2031 3634 2046; x_wconf 74' lang='grc' dir='ltr'><strong>ο</strong></span> <span class='ocrx_word' id='word_1_332' title='bbox 3671 2015 3768 2069; x_wconf 81' lang='grc' dir='ltr'>καὶ</span> <span class='ocrx_word' id='word_1_333' title='bbox 3794 2016 3854 2070; x_wconf 69' lang='grc' dir='ltr'>ἑν</span> 
     </span>
    </p>
   </div>
   <div class='ocr_carea' id='block_1_48' title="bbox 2259 2105 3852 2182">
    <p class='ocr_par' dir='ltr' id='par_1_48' title="bbox 2259 2105 3852 2182">
     <span class='ocr_line' id='line_1_48' title="bbox 2259 2105 3852 2182; baseline -0.001 -20"><span class='ocrx_word' id='word_1_334' title='bbox 2259 2108 2442 2162; x_wconf 84' lang='grc' dir='ltr'>οὐδενὶ</span> <span class='ocrx_word' id='word_1_335' title='bbox 2472 2107 2534 2162; x_wconf 71' lang='grc' dir='ltr'><strong>τὺ</strong></span> <span class='ocrx_word' id='word_1_336' title='bbox 2567 2106 2912 2179; x_wconf 83' lang='grc' dir='ltr'>ἀμφιϐάλλον</span> <span class='ocrx_word' id='word_1_337' title='bbox 2945 2105 2977 2178; x_wconf 69' lang='grc' dir='ltr'>ἢ</span> <span class='ocrx_word' id='word_1_338' title='bbox 3011 2105 3099 2161; x_wconf 81' lang='grc' dir='ltr'>διὰ</span> <span class='ocrx_word' id='word_1_339' title='bbox 3137 2105 3231 2160; x_wconf 72' lang='grc' dir='ltr'>τὸν</span> <span class='ocrx_word' id='word_1_340' title='bbox 3274 2105 3560 2178; x_wconf 87' lang='grc' dir='ltr'>οἰκονόμον</span> <span class='ocrx_word' id='word_1_341' title='bbox 3606 2108 3852 2182; x_wconf 79' lang='grc' dir='ltr'>καθῃρη-</span> 
     </span>
    </p>
   </div>
   <div class='ocr_carea' id='block_1_49' title="bbox 2264 2196 3858 2270">
    <p class='ocr_par' dir='ltr' id='par_1_49' title="bbox 2264 2196 3858 2270">
     <span class='ocr_line' id='line_1_49' title="bbox 2264 2196 3858 2270; baseline 0.001 -18"><span class='ocrx_word' id='word_1_342' title='bbox 2264 2198 2427 2270; x_wconf 80' lang='grc' dir='ltr'>μένον</span> <span class='ocrx_word' id='word_1_343' title='bbox 2457 2197 2586 2252; x_wconf 73' lang='grc' dir='ltr'>ὂντα</span> <span class='ocrx_word' id='word_1_344' title='bbox 2617 2197 2722 2252; x_wconf 80' lang='grc' dir='ltr'><strong>ὑπὸ</strong></span> <span class='ocrx_word' id='word_1_345' title='bbox 2741 2197 2854 2252; x_wconf 86' lang='grc' dir='ltr'><strong>τῶν</strong></span> <span class='ocrx_word' id='word_1_346' title='bbox 2883 2196 3048 2270; x_wconf 88' lang='grc' dir='ltr'>ἱερῶν</span> <span class='ocrx_word' id='word_1_347' title='bbox 3072 2197 3318 2252; x_wconf 84' lang='grc' dir='ltr'>κανόνων</span> <span class='ocrx_word' id='word_1_348' title='bbox 3341 2197 3730 2270; x_wconf 76' lang='grc' dir='ltr'>πολυτρόπωςο</span> <span class='ocrx_word' id='word_1_349' title='bbox 3762 2199 3858 2254; x_wconf 81' lang='grc' dir='ltr'>καὶ</span> 
     </span>
    </p>
   </div>
   <div class='ocr_carea' id='block_1_50' title="bbox 2265 2288 3856 2362">
    <p class='ocr_par' dir='ltr' id='par_1_50' title="bbox 2265 2288 3856 2362">
     <span class='ocr_line' id='line_1_50' title="bbox 2265 2288 3856 2362; baseline 0.003 -18"><span class='ocrx_word' id='word_1_350' title='bbox 2265 2289 2505 2360; x_wconf 84' lang='grc' dir='ltr'>μάλιστα</span> <span class='ocrx_word' id='word_1_351' title='bbox 2557 2290 2698 2362; x_wconf 86' lang='grc' dir='ltr'><strong>μετά</strong></span> <span class='ocrx_word' id='word_1_352' title='bbox 2737 2289 2831 2344; x_wconf 78' lang='grc' dir='ltr'>τὸν</span> <span class='ocrx_word' id='word_1_353' title='bbox 2876 2288 3184 2362; x_wconf 80' lang='grc' dir='ltr'>ἀφορισμδν</span> <span class='ocrx_word' id='word_1_354' title='bbox 3224 2290 3326 2360; x_wconf 84' lang='grc' dir='ltr'>τῆς</span> <span class='ocrx_word' id='word_1_355' title='bbox 3367 2292 3650 2354; x_wconf 83' lang='grc' dir='ltr'>ἑνναετὶας</span> <span class='ocrx_word' id='word_1_356' title='bbox 3693 2292 3856 2348; x_wconf 85' lang='grc' dir='ltr'>πάλιν</span> 
     </span>
    </p>
   </div>
   <div class='ocr_carea' id='block_1_51' title="bbox 2263 2379 3859 2456">
    <p class='ocr_par' dir='ltr' id='par_1_51' title="bbox 2263 2379 3859 2456">
     <span class='ocr_line' id='line_1_51' title="bbox 2263 2379 3859 2456; baseline 0.001 -19"><span class='ocrx_word' id='word_1_357' title='bbox 2263 2383 2592 2454; x_wconf 83' lang='grc' dir='ltr'>ἱερουργεῖν,</span> <span class='ocrx_word' id='word_1_358' title='bbox 2623 2383 2719 2436; x_wconf 76' lang='grc' dir='ltr'>καὶ</span> <span class='ocrx_word' id='word_1_359' title='bbox 2757 2383 2861 2436; x_wconf 83' lang='grc' dir='ltr'>οὐκ</span> <span class='ocrx_word' id='word_1_360' title='bbox 2909 2383 2970 2435; x_wconf 74' lang='lat' dir='ltr'><strong>tv</strong></span> <span class='ocrx_word' id='word_1_361' title='bbox 2999 2381 3298 2453; x_wconf 86' lang='grc' dir='ltr'>ἀποϐύστῳ</span> <span class='ocrx_word' id='word_1_362' title='bbox 3345 2399 3448 2436; x_wconf 88' lang='grc' dir='ltr'><strong>που</strong></span> <span class='ocrx_word' id='word_1_363' title='bbox 3471 2400 3485 2415; x_wconf 90' lang='grc'><strong>·</strong></span> <span class='ocrx_word' id='word_1_364' title='bbox 3525 2379 3596 2456; x_wconf 77' lang='grc' dir='ltr'>ἦν</span> <span class='ocrx_word' id='word_1_365' title='bbox 3641 2384 3752 2456; x_wconf 88' lang='grc' dir='ltr'><strong>γάρ</strong></span> <span class='ocrx_word' id='word_1_366' title='bbox 3789 2384 3859 2441; x_wconf 79' lang='grc' dir='ltr'><strong>ἀν</strong></span> 
     </span>
    </p>
   </div>
   <div class='ocr_carea' id='block_1_52' title="bbox 2264 2473 3855 2548">
    <p class='ocr_par' dir='ltr' id='par_1_52' title="bbox 2264 2473 3855 2548">
     <span class='ocr_line' id='line_1_52' title="bbox 2264 2473 3855 2548; baseline 0.003 -20"><span class='ocrx_word' id='word_1_367' title='bbox 2264 2474 2524 2548; x_wconf 79' lang='grc' dir='ltr'>φορητὸν,</span> <span class='ocrx_word' id='word_1_368' title='bbox 2557 2474 2636 2546; x_wconf 78' lang='grc' dir='ltr'>μὴ</span> <span class='ocrx_word' id='word_1_369' title='bbox 2665 2473 3070 2530; x_wconf 85' lang='grc' dir='ltr'>κοινωνούντων</span> <span class='ocrx_word' id='word_1_370' title='bbox 3097 2474 3254 2546; x_wconf 87' lang='grc' dir='ltr'>ήμῶν</span> <span class='ocrx_word' id='word_1_371' title='bbox 3277 2473 3356 2547; x_wconf 83' lang='grc' dir='ltr'><strong>τῷ</strong></span> <span class='ocrx_word' id='word_1_372' title='bbox 3385 2475 3678 2548; x_wconf 74' lang='grc' dir='ltr'>πράγματι</span> <span class='ocrx_word' id='word_1_373' title='bbox 3699 2494 3716 2508; x_wconf 91' lang='grc'><strong>·</strong></span> <span class='ocrx_word' id='word_1_374' title='bbox 3741 2478 3855 2533; x_wconf 78' lang='grc' dir='ltr'>ἀλλ’</span> 
     </span>
    </p>
   </div>
   <div class='ocr_carea' id='block_1_53' title="bbox 2263 2564 3861 2641">
    <p class='ocr_par' dir='ltr' id='par_1_53' title="bbox 2263 2564 3861 2641">
     <span class='ocr_line' id='line_1_53' title="bbox 2263 2564 3861 2641; baseline 0.003 -22"><span class='ocrx_word' id='word_1_375' title='bbox 2263 2565 2346 2619; x_wconf 77' lang='grc' dir='ltr'>ὅτι</span> <span class='ocrx_word' id='word_1_376' title='bbox 2383 2566 2442 2620; x_wconf 77' lang='grc' dir='ltr'>ὲν</span> <span class='ocrx_word' id='word_1_377' title='bbox 2487 2565 2627 2638; x_wconf 75' lang='grc' dir='ltr'>αὐτῇ</span> <span class='ocrx_word' id='word_1_378' title='bbox 2668 2567 2736 2638; x_wconf 73' lang='grc' dir='ltr'>τῇ</span> <span class='ocrx_word' id='word_1_379' title='bbox 2769 2567 2921 2637; x_wconf 85' lang='grc' dir='ltr'>πηγῇ</span> <span class='ocrx_word' id='word_1_380' title='bbox 2957 2566 3060 2637; x_wconf 84' lang='grc' dir='ltr'>τῆς</span> <span class='ocrx_word' id='word_1_381' title='bbox 3101 2564 3226 2620; x_wconf 78' lang='grc' dir='ltr'>καθ’</span> <span class='ocrx_word' id='word_1_382' title='bbox 3249 2567 3398 2637; x_wconf 79' lang='grc' dir='ltr'>ἡμᾶς</span> <span class='ocrx_word' id='word_1_383' title='bbox 3434 2567 3755 2641; x_wconf 84' lang='grc' dir='ltr'>ἱερωσύνης.</span> <span class='ocrx_word' id='word_1_384' title='bbox 3794 2570 3861 2624; x_wconf 77' lang='grc' dir='ltr'>τὸ</span> 
     </span>
    </p>
   </div>
   <div class='ocr_carea' id='block_1_54' title="bbox 2265 2653 3860 2728">
    <p class='ocr_par' dir='ltr' id='par_1_54' title="bbox 2265 2653 3860 2728">
     <span class='ocr_line' id='line_1_54' title="bbox 2265 2653 3860 2728; baseline 0.006 -20"><span class='ocrx_word' id='word_1_385' title='bbox 2265 2654 2332 2727; x_wconf 83' lang='grc' dir='ltr'>δὴ</span> <span class='ocrx_word' id='word_1_386' title='bbox 2377 2653 2697 2726; x_wconf 81' lang='grc' dir='ltr'>λεγόμενον,</span> <span class='ocrx_word' id='word_1_387' title='bbox 2741 2655 2886 2728; x_wconf 88' lang='grc' dir='ltr'><strong>μετά</strong></span> <span class='ocrx_word' id='word_1_388' title='bbox 2929 2656 3030 2725; x_wconf 77' lang='grc' dir='ltr'>τῆς</span> <span class='ocrx_word' id='word_1_389' title='bbox 3065 2655 3397 2728; x_wconf 84' lang='grc' dir='ltr'>εἱλικρινοῦς</span> <span class='ocrx_word' id='word_1_390' title='bbox 3434 2675 3528 2713; x_wconf 87' lang='grc' dir='ltr'><strong>σου</strong></span> <span class='ocrx_word' id='word_1_391' title='bbox 3557 2660 3860 2727; x_wconf 77' lang='grc' dir='ltr'>πολιτείας,</span> 
     </span>
    </p>
   </div>
   <div class='ocr_carea' id='block_1_55' title="bbox 2267 2747 3546 2822">
    <p class='ocr_par' dir='ltr' id='par_1_55' title="bbox 2267 2747 3546 2822">
     <span class='ocr_line' id='line_1_55' title="bbox 2267 2747 3546 2822; baseline 0.007 -22"><span class='ocrx_word' id='word_1_392' title='bbox 2267 2747 2599 2802; x_wconf 86' lang='grc' dir='ltr'>συνεισιέναι</span> <span class='ocrx_word' id='word_1_393' title='bbox 2632 2747 2730 2802; x_wconf 78' lang='grc' dir='ltr'>καὶ</span> <span class='ocrx_word' id='word_1_394' title='bbox 2767 2747 3207 2822; x_wconf 84' lang='grc' dir='ltr'>συλλειτουργεῖν</span> <span class='ocrx_word' id='word_1_395' title='bbox 3230 2751 3314 2814; x_wconf 87' lang='grc' dir='ltr'><strong>εἱς</strong></span> <span class='ocrx_word' id='word_1_396' title='bbox 3344 2749 3408 2804; x_wconf 86' lang='grc' dir='ltr'><strong>τδ</strong></span> <span class='ocrx_word' id='word_1_397' title='bbox 3436 2751 3546 2809; x_wconf 81' lang='grc' dir='ltr'>ἀεί.</span> 
     </span>
    </p>
   </div>
   <div class='ocr_carea' id='block_1_56' title="bbox 2337 2837 3864 2912">
    <p class='ocr_par' dir='ltr' id='par_1_56' title="bbox 2337 2837 3864 2912">
     <span class='ocr_line' id='line_1_56' title="bbox 2337 2837 3864 2912; baseline 0.005 -18"><span class='ocrx_word' id='word_1_398' title='bbox 2337 2840 2412 2894; x_wconf 79' lang='grc' dir='ltr'><strong>Τὸ</strong></span> <span class='ocrx_word' id='word_1_399' title='bbox 2443 2840 2544 2912; x_wconf 76' lang='grc' dir='ltr'>μὲν</span> <span class='ocrx_word' id='word_1_400' title='bbox 2574 2837 2670 2895; x_wconf 77' lang='grc' dir='ltr'><strong>οῦν</strong></span> <span class='ocrx_word' id='word_1_401' title='bbox 2719 2839 2932 2895; x_wconf 89' lang='grc' dir='ltr'>δίκαιον</span> <span class='ocrx_word' id='word_1_402' title='bbox 2965 2842 3060 2894; x_wconf 77' lang='grc' dir='ltr'>καὶ</span> <span class='ocrx_word' id='word_1_403' title='bbox 3108 2842 3258 2897; x_wconf 80' lang='grc' dir='ltr'>ὅσιον</span> <span class='ocrx_word' id='word_1_404' title='bbox 3301 2845 3398 2898; x_wconf 77' lang='grc' dir='ltr'>καὶ</span> <span class='ocrx_word' id='word_1_405' title='bbox 3433 2844 3864 2902; x_wconf 79' lang='grc' dir='ltr'>ἀσκανδάλιστον</span> 
     </span>
    </p>
   </div>
   <div class='ocr_carea' id='block_1_57' title="bbox 2265 2930 3866 3009">
    <p class='ocr_par' dir='ltr' id='par_1_57' title="bbox 2265 2930 3866 3009">
     <span class='ocr_line' id='line_1_57' title="bbox 2265 2930 3866 3009; baseline 0.004 -21"><span class='ocrx_word' id='word_1_406' title='bbox 2265 2933 2376 2998; x_wconf 86' lang='grc' dir='ltr'><strong>τοὶς</strong></span> <span class='ocrx_word' id='word_1_407' title='bbox 2407 2931 2560 2997; x_wconf 83' lang='grc' dir='ltr'>λαοῖς</span> <span class='ocrx_word' id='word_1_408' title='bbox 2598 2930 2695 2986; x_wconf 87' lang='grc' dir='ltr'><strong>τοῦ</strong></span> <span class='ocrx_word' id='word_1_409' title='bbox 2724 2931 2883 3001; x_wconf 92' lang='grc' dir='ltr'>Θεοῦ,</span> <span class='ocrx_word' id='word_1_410' title='bbox 2916 2933 3012 2988; x_wconf 80' lang='grc' dir='ltr'>καὶ</span> <span class='ocrx_word' id='word_1_411' title='bbox 3039 2932 3276 3004; x_wconf 88' lang='grc' dir='ltr'>μάλιστα</span> <span class='ocrx_word' id='word_1_412' title='bbox 3309 2933 3390 3004; x_wconf 81' lang='grc' dir='ltr'>τῷ</span> <span class='ocrx_word' id='word_1_413' title='bbox 3421 2935 3548 2990; x_wconf 84' lang='grc' dir='ltr'>καθ’</span> <span class='ocrx_word' id='word_1_414' title='bbox 3575 2938 3729 3009; x_wconf 79' lang='grc' dir='ltr'>ήμᾶς</span> <span class='ocrx_word' id='word_1_415' title='bbox 3769 2938 3866 2994; x_wconf 85' lang='grc' dir='ltr'>τά-</span> 
     </span>
    </p>
   </div>
   <div class='ocr_carea' id='block_1_58' title="bbox 2267 3022 3863 3100">
    <p class='ocr_par' dir='ltr' id='par_1_58' title="bbox 2267 3022 3863 3100">
     <span class='ocr_line' id='line_1_58' title="bbox 2267 3022 3863 3100; baseline 0.005 -23"><span class='ocrx_word' id='word_1_416' title='bbox 2267 3040 2468 3095; x_wconf 87' lang='grc' dir='ltr'>γματι,</span> <span class='ocrx_word' id='word_1_417' title='bbox 2503 3022 2842 3097; x_wconf 72' lang='grc' dir='ltr'>ἐκϐληθῆναι</span> <span class='ocrx_word' id='word_1_418' title='bbox 2867 3024 2968 3095; x_wconf 83' lang='grc' dir='ltr'><strong>τῆς</strong></span> <span class='ocrx_word' id='word_1_419' title='bbox 2997 3025 3316 3100; x_wconf 71' lang='grc' dir='ltr'>ἱερουργίας</span> <span class='ocrx_word' id='word_1_420' title='bbox 3357 3027 3451 3081; x_wconf 82' lang='grc' dir='ltr'>τὸν</span> <span class='ocrx_word' id='word_1_421' title='bbox 3475 3027 3717 3094; x_wconf 76' lang='grc' dir='ltr'>ἀναξίως</span> <span class='ocrx_word' id='word_1_422' title='bbox 3748 3031 3863 3085; x_wconf 69' lang='grc' dir='ltr'>εἱσι-</span> 
     </span>
    </p>
   </div>
   <div class='ocr_carea' id='block_1_59' title="bbox 2270 3117 3863 3195">
    <p class='ocr_par' dir='ltr' id='par_1_59' title="bbox 2270 3117 3863 3195">
     <span class='ocr_line' id='line_1_59' title="bbox 2270 3117 3863 3195; baseline 0.005 -25"><span class='ocrx_word' id='word_1_423' title='bbox 2270 3117 2515 3184; x_wconf 87' lang='grc' dir='ltr'>ελθόντα,</span> <span class='ocrx_word' id='word_1_424' title='bbox 2548 3117 2708 3188; x_wconf 80' lang='grc' dir='ltr'>ήμῶν</span> <span class='ocrx_word' id='word_1_425' title='bbox 2754 3117 3211 3189; x_wconf 87' lang='grc' dir='ltr'>μνημονευόντων</span> <span class='ocrx_word' id='word_1_426' title='bbox 3249 3118 3353 3190; x_wconf 85' lang='grc' dir='ltr'>τῆς</span> <span class='ocrx_word' id='word_1_427' title='bbox 3379 3119 3698 3195; x_wconf 79' lang='grc' dir='ltr'>ἁγιωσύνης</span> <span class='ocrx_word' id='word_1_428' title='bbox 3728 3137 3823 3178; x_wconf 86' lang='grc' dir='ltr'><strong>σου</strong></span> <span class='ocrx_word' id='word_1_429' title='bbox 3845 3165 3863 3192; x_wconf 93' lang='grc'><strong>,</strong></span> 
     </span>
    </p>
   </div>
   <div class='ocr_carea' id='block_1_60' title="bbox 571 3205 2164 3301">
    <p class='ocr_par' dir='ltr' id='par_1_60' title="bbox 571 3205 2164 3278">
     <span class='ocr_line' id='line_1_60' title="bbox 571 3205 2164 3278; baseline -0.002 -15"><span class='ocrx_word' id='word_1_430' title='bbox 571 3216 632 3263; x_wconf 85' lang='lat' dir='ltr'><strong>et</strong></span> <span class='ocrx_word' id='word_1_431' title='bbox 661 3206 966 3274; x_wconf 83' lang='lat' dir='ltr'><strong>sacerdote,</strong></span> <span class='ocrx_word' id='word_1_432' title='bbox 1011 3207 1106 3278; x_wconf 87' lang='lat' dir='ltr'><strong>qui</strong></span> <span class='ocrx_word' id='word_1_433' title='bbox 1133 3205 1426 3263; x_wconf 83' lang='lat' dir='ltr'><strong>manifesto</strong></span> <span class='ocrx_word' id='word_1_434' title='bbox 1469 3206 1737 3278; x_wconf 86' lang='lat' dir='ltr'><strong>reprobus</strong></span> <span class='ocrx_word' id='word_1_435' title='bbox 1763 3221 1877 3261; x_wconf 92' lang='lat' dir='ltr'><strong>non</strong></span> <span class='ocrx_word' id='word_1_436' title='bbox 1905 3206 1996 3270; x_wconf 88' lang='lat' dir='ltr'><strong>sit,</strong></span> <span class='ocrx_word' id='word_1_437' title='bbox 2024 3220 2164 3260; x_wconf 89' lang='lat' dir='ltr'><strong>com-</strong></span> 
     </span>
    </p>
   </div>
   <div class='ocr_carea' id='block_1_61' title="bbox 2265 3205 3865 3301">
    <p class='ocr_par' dir='ltr' id='par_1_61' title="bbox 2270 3208 3865 3283">
     <span class='ocr_line' id='line_1_61' title="bbox 2270 3208 3865 3283; baseline 0.005 -20"><span class='ocrx_word' id='word_1_438' title='bbox 2270 3210 2367 3265; x_wconf 79' lang='grc' dir='ltr'><strong>καὶ</strong></span> <span class='ocrx_word' id='word_1_439' title='bbox 2418 3210 2486 3264; x_wconf 78' lang='grc' dir='ltr'>ὲκ</span> <span class='ocrx_word' id='word_1_440' title='bbox 2521 3208 2726 3274; x_wconf 73' lang='grc' dir='ltr'>παντὸς</span> <span class='ocrx_word' id='word_1_441' title='bbox 2753 3208 3019 3282; x_wconf 85' lang='grc' dir='ltr'>ἱεράρχου</span> <span class='ocrx_word' id='word_1_442' title='bbox 3063 3210 3161 3265; x_wconf 79' lang='grc' dir='ltr'>καὶ</span> <span class='ocrx_word' id='word_1_443' title='bbox 3200 3211 3394 3280; x_wconf 80' lang='grc' dir='ltr'>ἱερέων</span> <span class='ocrx_word' id='word_1_444' title='bbox 3432 3216 3865 3283; x_wconf 85' lang='grc' dir='ltr'>κοινωνούντων,</span> 
     </span>
    </p>
   </div>
   <div class='ocr_carea' id='block_1_62' title="bbox 571 3297 2164 3374">
    <p class='ocr_par' dir='ltr' id='par_1_62' title="bbox 571 3297 2164 3370">
     <span class='ocr_line' id='line_1_62' title="bbox 571 3297 2164 3370; baseline -0.001 -16"><span class='ocrx_word' id='word_1_445' title='bbox 571 3297 1006 3366; x_wconf 84' lang='lat' dir='ltr'><strong>municantihus,</strong></span> <span class='ocrx_word' id='word_1_446' title='bbox 1031 3299 1188 3370; x_wconf 81' lang='lat' dir='ltr'><strong>juxta</strong></span> <span class='ocrx_word' id='word_1_447' title='bbox 1237 3297 1602 3369; x_wconf 85' lang='lat' dir='ltr'><strong>Theologum.</strong></span> <span class='ocrx_word' id='word_1_448' title='bbox 1669 3298 1829 3365; x_wconf 80' lang='lat' dir='ltr'><strong>Quod</strong></span> <span class='ocrx_word' id='word_1_449' title='bbox 1863 3297 1906 3354; x_wconf 86' lang='lat' dir='ltr'><strong>si</strong></span> <span class='ocrx_word' id='word_1_450' title='bbox 1944 3307 2164 3368; x_wconf 89' lang='lat' dir='ltr'><strong>propter</strong></span> 
     </span>
    </p>
   </div>
   <div class='ocr_carea' id='block_1_63' title="bbox 2265 3297 3867 3374">
    <p class='ocr_par' dir='ltr' id='par_1_63' title="bbox 2273 3299 3867 3374">
     <span class='ocr_line' id='line_1_63' title="bbox 2273 3299 3867 3374; baseline 0.006 -20"><span class='ocrx_word' id='word_1_451' title='bbox 2273 3302 2348 3374; x_wconf 78' lang='grc' dir='ltr'>μὴ</span> <span class='ocrx_word' id='word_1_452' title='bbox 2383 3299 2666 3372; x_wconf 82' lang='grc' dir='ltr'>προδήλως</span> <span class='ocrx_word' id='word_1_453' title='bbox 2688 3300 2858 3354; x_wconf 75' lang='grc' dir='ltr'>ὄντων</span> <span class='ocrx_word' id='word_1_454' title='bbox 2887 3301 3357 3372; x_wconf 75' lang='grc' dir='ltr'>ἀπεγνωσμένων,</span> <span class='ocrx_word' id='word_1_455' title='bbox 3380 3306 3527 3360; x_wconf 85' lang='grc' dir='ltr'><strong>κατά</strong></span> <span class='ocrx_word' id='word_1_456' title='bbox 3549 3307 3646 3361; x_wconf 81' lang='grc' dir='ltr'>τὸν</span> <span class='ocrx_word' id='word_1_457' title='bbox 3677 3308 3867 3363; x_wconf 75' lang='grc' dir='ltr'>Θεολόο</span> 
     </span>
    </p>
   </div>
   <div class='ocr_carea' id='block_1_64' title="bbox 572 3389 2166 3463">
    <p class='ocr_par' dir='ltr' id='par_1_64' title="bbox 572 3389 2166 3463">
     <span class='ocr_line' id='line_1_64' title="bbox 572 3389 2166 3463; baseline -0.002 -16"><span class='ocrx_word' id='word_1_458' title='bbox 572 3400 799 3463; x_wconf 79' lang='lat' dir='ltr'><strong>peccata</strong></span> <span class='ocrx_word' id='word_1_459' title='bbox 828 3399 1017 3447; x_wconf 88' lang='lat' dir='ltr'><strong>nostra</strong></span> <span class='ocrx_word' id='word_1_460' title='bbox 1067 3391 1123 3447; x_wconf 91' lang='lat' dir='ltr'><strong>id</strong></span> <span class='ocrx_word' id='word_1_461' title='bbox 1171 3389 1378 3446; x_wconf 82' lang='lat' dir='ltr'><strong>factum</strong></span> <span class='ocrx_word' id='word_1_462' title='bbox 1419 3406 1532 3446; x_wconf 90' lang='lat' dir='ltr'><strong>non</strong></span> <span class='ocrx_word' id='word_1_463' title='bbox 1558 3399 1684 3446; x_wconf 89' lang='lat' dir='ltr'><strong>est:</strong></span> <span class='ocrx_word' id='word_1_464' title='bbox 1712 3390 1920 3445; x_wconf 91' lang='lat' dir='ltr'><strong>utinam</strong></span> <span class='ocrx_word' id='word_1_465' title='bbox 1969 3389 2107 3444; x_wconf 84' lang='lat' dir='ltr'><strong>nihil</strong></span> <span class='ocrx_word' id='word_1_466' title='bbox 2134 3405 2166 3445; x_wconf 88' lang='lat' dir='ltr'><strong>a</strong></span> 
     </span>
    </p>
   </div>
   <div class='ocr_carea' id='block_1_65' title="bbox 569 3481 2168 3552">
    <p class='ocr_par' dir='ltr' id='par_1_65' title="bbox 569 3481 2168 3552">
     <span class='ocr_line' id='line_1_65' title="bbox 569 3481 2168 3552; baseline -0.001 -13"><span class='ocrx_word' id='word_1_467' title='bbox 569 3484 868 3539; x_wconf 81' lang='lat' dir='ltr'><strong>sanctitate</strong></span> <span class='ocrx_word' id='word_1_468' title='bbox 911 3491 1002 3538; x_wconf 89' lang='lat' dir='ltr'><strong>tua</strong></span> <span class='ocrx_word' id='word_1_469' title='bbox 1033 3483 1166 3549; x_wconf 76' lang='lat' dir='ltr'><strong>(non</strong></span> <span class='ocrx_word' id='word_1_470' title='bbox 1203 3497 1272 3539; x_wconf 85' lang='lat' dir='ltr'><strong>ex</strong></span> <span class='ocrx_word' id='word_1_471' title='bbox 1328 3492 1501 3549; x_wconf 90' lang='lat' dir='ltr'><strong>metu,</strong></span> <span class='ocrx_word' id='word_1_472' title='bbox 1540 3481 1634 3537; x_wconf 90' lang='lat' dir='ltr'><strong>scd</strong></span> <span class='ocrx_word' id='word_1_473' title='bbox 1683 3496 1750 3536; x_wconf 80' lang='lat' dir='ltr'><strong>ex</strong></span> <span class='ocrx_word' id='word_1_474' title='bbox 1805 3481 1883 3537; x_wconf 89' lang='lat' dir='ltr'><strong>rei</strong></span> <span class='ocrx_word' id='word_1_475' title='bbox 1937 3481 2168 3552; x_wconf 69' lang='lat' dir='ltr'><strong>publicae</strong></span> 
     </span>
    </p>
   </div>
   <div class='ocr_carea' id='block_1_66' title="bbox 575 3574 2168 3646">
    <p class='ocr_par' dir='ltr' id='par_1_66' title="bbox 575 3574 2168 3646">
     <span class='ocr_line' id='line_1_66' title="bbox 575 3574 2168 3646; baseline -0.001 -15"><span class='ocrx_word' id='word_1_476' title='bbox 575 3575 1052 3632; x_wconf 80' lang='lat' dir='ltr'><strong>commiseratione</strong></span> <span class='ocrx_word' id='word_1_477' title='bbox 1081 3575 1227 3632; x_wconf 89' lang='lat' dir='ltr'><strong>istud</strong></span> <span class='ocrx_word' id='word_1_478' title='bbox 1256 3591 1360 3632; x_wconf 90' lang='lat' dir='ltr'><strong>nos</strong></span> <span class='ocrx_word' id='word_1_479' title='bbox 1413 3584 1896 3646; x_wconf 90' lang='lat' dir='ltr'><strong>quantumcunque</strong></span> <span class='ocrx_word' id='word_1_480' title='bbox 1933 3574 2168 3630; x_wconf 78' lang='lat' dir='ltr'><strong>humiles</strong></span> 
     </span>
    </p>
   </div>
   <div class='ocr_carea' id='block_1_67' title="bbox 575 3667 2168 3738">
    <p class='ocr_par' dir='ltr' id='par_1_67' title="bbox 575 3667 2168 3738">
     <span class='ocr_line' id='line_1_67' title="bbox 575 3667 2168 3738; baseline -0.003 -14"><span class='ocrx_word' id='word_1_481' title='bbox 575 3667 830 3738; x_wconf 88' lang='lat' dir='ltr'><strong>dicimus)</strong></span> <span class='ocrx_word' id='word_1_482' title='bbox 863 3676 1061 3738; x_wconf 75' lang='lat' dir='ltr'><strong>praeter</strong></span> <span class='ocrx_word' id='word_1_483' title='bbox 1089 3667 1170 3724; x_wconf 89' lang='lat' dir='ltr'><strong>fas</strong></span> <span class='ocrx_word' id='word_1_484' title='bbox 1191 3677 1248 3724; x_wconf 91' lang='lat' dir='ltr'><strong>et</strong></span> <span class='ocrx_word' id='word_1_485' title='bbox 1266 3676 1455 3723; x_wconf 89' lang='lat' dir='ltr'><strong>contra</strong></span> <span class='ocrx_word' id='word_1_486' title='bbox 1482 3668 1748 3724; x_wconf 89' lang='lat' dir='ltr'><strong>rationem</strong></span> <span class='ocrx_word' id='word_1_487' title='bbox 1781 3667 1906 3722; x_wconf 84' lang='lat' dir='ltr'><strong>fiat!</strong></span> <span class='ocrx_word' id='word_1_488' title='bbox 1936 3667 2168 3722; x_wconf 82' lang='lat' dir='ltr'><strong>Verum-</strong></span> 
     </span>
    </p>
   </div>
   <div class='ocr_carea' id='block_1_68' title="bbox 575 3757 2167 3830">
    <p class='ocr_par' dir='ltr' id='par_1_68' title="bbox 575 3757 2167 3830">
     <span class='ocr_line' id='line_1_68' title="bbox 575 3757 2167 3830; baseline 0.001 -17"><span class='ocrx_word' id='word_1_489' title='bbox 575 3758 857 3814; x_wconf 88' lang='lat' dir='ltr'><strong>enimvero</strong></span> <span class='ocrx_word' id='word_1_490' title='bbox 906 3773 1009 3814; x_wconf 87' lang='lat' dir='ltr'><strong>uos</strong></span> <span class='ocrx_word' id='word_1_491' title='bbox 1055 3758 1398 3830; x_wconf 88' lang='lat' dir='ltr'><strong>perferemus</strong></span> <span class='ocrx_word' id='word_1_492' title='bbox 1425 3758 1645 3830; x_wconf 84' lang='lat' dir='ltr'><strong>quidem</strong></span> <span class='ocrx_word' id='word_1_493' title='bbox 1696 3758 1791 3814; x_wconf 89' lang='lat' dir='ltr'><strong>Dei</strong></span> <span class='ocrx_word' id='word_1_494' title='bbox 1821 3757 2167 3815; x_wconf 79' lang='lat' dir='ltr'><strong>virtutezat-</strong></span> 
     </span>
    </p>
   </div>
   <div class='ocr_carea' id='block_1_69' title="bbox 575 3849 2166 3923">
    <p class='ocr_par' dir='ltr' id='par_1_69' title="bbox 575 3849 2166 3923">
     <span class='ocr_line' id='line_1_69' title="bbox 575 3849 2166 3923; baseline 0.001 -18"><span class='ocrx_word' id='word_1_495' title='bbox 575 3865 682 3920; x_wconf 83' lang='lat' dir='ltr'><strong>que</strong></span> <span class='ocrx_word' id='word_1_496' title='bbox 713 3850 923 3905; x_wconf 86' lang='lat' dir='ltr'><strong>utinam</strong></span> <span class='ocrx_word' id='word_1_497' title='bbox 950 3850 1003 3907; x_wconf 94' lang='lat' dir='ltr'><strong>id</strong></span> <span class='ocrx_word' id='word_1_498' title='bbox 1016 3850 1176 3907; x_wconf 89' lang='lat' dir='ltr'><strong>nobis</strong></span> <span class='ocrx_word' id='word_1_499' title='bbox 1203 3851 1482 3923; x_wconf 74' lang='lat' dir='ltr'><strong>contingat</strong></span> <span class='ocrx_word' id='word_1_500' title='bbox 1506 3850 1626 3920; x_wconf 83' lang='lat' dir='ltr'><strong>ejus</strong></span> <span class='ocrx_word' id='word_1_501' title='bbox 1647 3851 1938 3906; x_wconf 84' lang='lat' dir='ltr'><strong>concessu!</strong></span> <span class='ocrx_word' id='word_1_502' title='bbox 1962 3849 2166 3906; x_wconf 83' lang='lat' dir='ltr'><strong>Verum</strong></span> 
     </span>
    </p>
   </div>
   <div class='ocr_carea' id='block_1_70' title="bbox 575 3943 2168 4011">
    <p class='ocr_par' dir='ltr' id='par_1_70' title="bbox 575 3943 2168 4011">
     <span class='ocr_line' id='line_1_70' title="bbox 575 3943 2168 4011; baseline 0.001 -13"><span class='ocrx_word' id='word_1_503' title='bbox 575 3950 840 3998; x_wconf 83' lang='lat' dir='ltr'><strong>testamur</strong></span> <span class='ocrx_word' id='word_1_504' title='bbox 858 3944 1132 3999; x_wconf 88' lang='lat' dir='ltr'><strong>sanctitati</strong></span> <span class='ocrx_word' id='word_1_505' title='bbox 1153 3953 1260 4000; x_wconf 68' lang='lat' dir='ltr'><strong>tuae</strong></span> <span class='ocrx_word' id='word_1_506' title='bbox 1279 3959 1462 4000; x_wconf 90' lang='lat' dir='ltr'><strong>coram</strong></span> <span class='ocrx_word' id='word_1_507' title='bbox 1491 3943 1737 4011; x_wconf 85' lang='lat' dir='ltr'><strong>Christo,</strong></span> <span class='ocrx_word' id='word_1_508' title='bbox 1768 3953 1824 3999; x_wconf 92' lang='lat' dir='ltr'><strong>et</strong></span> <span class='ocrx_word' id='word_1_509' title='bbox 1843 3943 2046 3999; x_wconf 88' lang='lat' dir='ltr'><strong>sanctis</strong></span> <span class='ocrx_word' id='word_1_510' title='bbox 2067 3960 2168 3999; x_wconf 87' lang='lat' dir='ltr'><strong>an-</strong></span> 
     </span>
    </p>
   </div>
   <div class='ocr_carea' id='block_1_71' title="bbox 575 4034 2168 4108">
    <p class='ocr_par' dir='ltr' id='par_1_71' title="bbox 575 4034 2168 4108">
     <span class='ocr_line' id='line_1_71' title="bbox 575 4034 2168 4108; baseline -0.001 -16"><span class='ocrx_word' id='word_1_511' title='bbox 575 4034 712 4108; x_wconf 73' lang='lat' dir='ltr'><strong>gelis</strong></span> <span class='ocrx_word' id='word_1_512' title='bbox 734 4035 1106 4102; x_wconf 68' lang='lat' dir='ltr'><strong>audientibus,</strong></span> <span class='ocrx_word' id='word_1_513' title='bbox 1145 4049 1404 4108; x_wconf 83' lang='lat' dir='ltr'><strong>maguum</strong></span> <span class='ocrx_word' id='word_1_514' title='bbox 1441 4051 1473 4092; x_wconf 88' lang='lat' dir='ltr'><strong>a</strong></span> <span class='ocrx_word' id='word_1_515' title='bbox 1493 4045 1548 4093; x_wconf 89' lang='lat' dir='ltr'><strong>te</strong></span> <span class='ocrx_word' id='word_1_516' title='bbox 1577 4036 1818 4092; x_wconf 87' lang='lat' dir='ltr'><strong>schisma</strong></span> <span class='ocrx_word' id='word_1_517' title='bbox 1869 4035 2090 4092; x_wconf 84' lang='lat' dir='ltr'><strong>conﬂari</strong></span> <span class='ocrx_word' id='word_1_518' title='bbox 2113 4036 2168 4091; x_wconf 90' lang='lat' dir='ltr'><strong>in</strong></span> 
     </span>
    </p>
   </div>
   <div class='ocr_carea' id='block_1_72' title="bbox 576 4124 2170 4199">
    <p class='ocr_par' dir='ltr' id='par_1_72' title="bbox 576 4124 2170 4199">
     <span class='ocr_line' id='line_1_72' title="bbox 576 4124 2170 4199; baseline 0 -17"><span class='ocrx_word' id='word_1_519' title='bbox 576 4124 822 4184; x_wconf 77' lang='lat' dir='ltr'><strong>Ecclesia</strong></span> <span class='ocrx_word' id='word_1_520' title='bbox 871 4138 1080 4184; x_wconf 80' lang='lat' dir='ltr'><strong>nostra.</strong></span> <span class='ocrx_word' id='word_1_521' title='bbox 1133 4125 1290 4194; x_wconf 84' lang='lat' dir='ltr'><strong>Quod</strong></span> <span class='ocrx_word' id='word_1_522' title='bbox 1333 4129 1380 4183; x_wconf 90' lang='lat' dir='ltr'><strong>si</strong></span> <span class='ocrx_word' id='word_1_523' title='bbox 1422 4128 1681 4198; x_wconf 86' lang='lat' dir='ltr'><strong>potestati</strong></span> <span class='ocrx_word' id='word_1_524' title='bbox 1732 4127 2060 4199; x_wconf 84' lang='lat' dir='ltr'><strong>subjicimur</strong></span> <span class='ocrx_word' id='word_1_525' title='bbox 2109 4135 2170 4182; x_wconf 93' lang='lat' dir='ltr'><strong>ut</strong></span> 
     </span>
    </p>
   </div>
   <div class='ocr_carea' id='block_1_73' title="bbox 577 4218 2168 4291">
    <p class='ocr_par' dir='ltr' id='par_1_73' title="bbox 577 4218 2168 4291">
     <span class='ocr_line' id='line_1_73' title="bbox 577 4218 2168 4291; baseline -0.001 -15"><span class='ocrx_word' id='word_1_526' title='bbox 577 4218 828 4276; x_wconf 83' lang='lat' dir='ltr'><strong>homines</strong></span> <span class='ocrx_word' id='word_1_527' title='bbox 856 4236 870 4275; x_wconf 91' lang='lat'><strong>:</strong></span> <span class='ocrx_word' id='word_1_528' title='bbox 896 4219 1048 4291; x_wconf 86' lang='lat' dir='ltr'><strong>atqui</strong></span> <span class='ocrx_word' id='word_1_529' title='bbox 1090 4220 1195 4276; x_wconf 84' lang='lat' dir='ltr'><strong>sub</strong></span> <span class='ocrx_word' id='word_1_530' title='bbox 1223 4235 1506 4277; x_wconf 87' lang='lat' dir='ltr'><strong>sacrorum</strong></span> <span class='ocrx_word' id='word_1_531' title='bbox 1557 4229 1614 4276; x_wconf 87' lang='lat' dir='ltr'><strong>et</strong></span> <span class='ocrx_word' id='word_1_532' title='bbox 1641 4220 1955 4277; x_wconf 85' lang='lat' dir='ltr'><strong>divinorum</strong></span> <span class='ocrx_word' id='word_1_533' title='bbox 2001 4235 2168 4275; x_wconf 82' lang='lat' dir='ltr'><strong>cano-</strong></span> 
     </span>
    </p>
   </div>
   <div class='ocr_carea' id='block_1_74' title="bbox 575 4309 2167 4382">
    <p class='ocr_par' dir='ltr' id='par_1_74' title="bbox 575 4309 2167 4382">
     <span class='ocr_line' id='line_1_74' title="bbox 575 4309 2167 4382; baseline 0.003 -18"><span class='ocrx_word' id='word_1_534' title='bbox 575 4323 714 4368; x_wconf 82' lang='lat' dir='ltr'><strong>num</strong></span> <span class='ocrx_word' id='word_1_535' title='bbox 738 4315 1027 4379; x_wconf 79' lang='lat' dir='ltr'><strong>potestate,</strong></span> <span class='ocrx_word' id='word_1_536' title='bbox 1070 4309 1322 4376; x_wconf 79' lang='lat' dir='ltr'><strong>velimus,</strong></span> <span class='ocrx_word' id='word_1_537' title='bbox 1365 4310 1604 4366; x_wconf 80' lang='lat' dir='ltr'><strong>nolimus</strong></span> <span class='ocrx_word' id='word_1_538' title='bbox 1622 4318 1680 4365; x_wconf 89' lang='lat' dir='ltr'><strong>et</strong></span> <span class='ocrx_word' id='word_1_539' title='bbox 1705 4309 1964 4382; x_wconf 83' lang='lat' dir='ltr'><strong>regimur,</strong></span> <span class='ocrx_word' id='word_1_540' title='bbox 1987 4319 2044 4366; x_wconf 89' lang='lat' dir='ltr'><strong>et</strong></span> <span class='ocrx_word' id='word_1_541' title='bbox 2067 4311 2167 4368; x_wconf 85' lang='lat' dir='ltr'><strong>ob-</strong></span> 
     </span>
    </p>
   </div>
   <div class='ocr_carea' id='block_1_75' title="bbox 577 4399 2170 4471">
    <p class='ocr_par' dir='ltr' id='par_1_75' title="bbox 577 4399 2170 4471">
     <span class='ocr_line' id='line_1_75' title="bbox 577 4399 2170 4471; baseline 0.001 -15"><span class='ocrx_word' id='word_1_542' title='bbox 577 4414 890 4471; x_wconf 79' lang='lat' dir='ltr'><strong>sequemur.</strong></span> <span class='ocrx_word' id='word_1_543' title='bbox 915 4401 1186 4458; x_wconf 63' lang='lat' dir='ltr'><strong>Ceterum</strong></span> <span class='ocrx_word' id='word_1_544' title='bbox 1202 4417 1423 4458; x_wconf 77' lang='lat' dir='ltr'><strong>oramus</strong></span> <span class='ocrx_word' id='word_1_545' title='bbox 1441 4403 1785 4458; x_wconf 88' lang='lat' dir='ltr'><strong>sanctitatem</strong></span> <span class='ocrx_word' id='word_1_546' title='bbox 1815 4411 1982 4470; x_wconf 83' lang='lat' dir='ltr'><strong>tuam,</strong></span> <span class='ocrx_word' id='word_1_547' title='bbox 2011 4399 2170 4457; x_wconf 83' lang='lat' dir='ltr'><strong>flecte</strong></span> 
     </span>
    </p>
   </div>
   <div class='ocr_carea' id='block_1_76' title="bbox 578 4493 2169 4566">
    <p class='ocr_par' dir='ltr' id='par_1_76' title="bbox 578 4493 2169 4566">
     <span class='ocr_line' id='line_1_76' title="bbox 578 4493 2169 4566; baseline 0 -18"><span class='ocrx_word' id='word_1_548' title='bbox 578 4507 772 4548; x_wconf 83' lang='lat' dir='ltr'><strong>aurem</strong></span> <span class='ocrx_word' id='word_1_549' title='bbox 829 4501 1002 4559; x_wconf 87' lang='lat' dir='ltr'><strong>tuam,</strong></span> <span class='ocrx_word' id='word_1_550' title='bbox 1037 4503 1097 4549; x_wconf 92' lang='lat' dir='ltr'><strong>et</strong></span> <span class='ocrx_word' id='word_1_551' title='bbox 1142 4493 1269 4554; x_wconf 83' lang='lat' dir='ltr'><strong>audi</strong></span> <span class='ocrx_word' id='word_1_552' title='bbox 1313 4507 1506 4550; x_wconf 84' lang='lat' dir='ltr'><strong>vocem</strong></span> <span class='ocrx_word' id='word_1_553' title='bbox 1552 4503 1794 4549; x_wconf 86' lang='lat' dir='ltr'><strong>nostram</strong></span> <span class='ocrx_word' id='word_1_554' title='bbox 1826 4511 1839 4549; x_wconf 87' lang='lat'><strong>:</strong></span> <span class='ocrx_word' id='word_1_555' title='bbox 1868 4502 1929 4549; x_wconf 90' lang='lat' dir='ltr'><strong>ut</strong></span> <span class='ocrx_word' id='word_1_556' title='bbox 1959 4493 2169 4566; x_wconf 87' lang='lat' dir='ltr'><strong>peritus</strong></span> 
     </span>
    </p>
   </div>
   <div class='ocr_carea' id='block_1_77' title="bbox 2268 3394 3864 3474">
    <p class='ocr_par' dir='ltr' id='par_1_77' title="bbox 2268 3394 3864 3474">
     <span class='ocr_line' id='line_1_77' title="bbox 2268 3394 3864 3474; baseline -0.001 -23"><span class='ocrx_word' id='word_1_557' title='bbox 2268 3412 2386 3466; x_wconf 85' lang='grc' dir='ltr'>γον.</span> <span class='ocrx_word' id='word_1_558' title='bbox 2421 3396 2483 3449; x_wconf 76' lang='lat' dir='ltr'><strong>El</strong></span> <span class='ocrx_word' id='word_1_559' title='bbox 2526 3394 2584 3449; x_wconf 80' lang='grc' dir='ltr'>δὲ</span> <span class='ocrx_word' id='word_1_560' title='bbox 2621 3394 2782 3449; x_wconf 87' lang='grc' dir='ltr'>τοῦτο</span> <span class='ocrx_word' id='word_1_561' title='bbox 2811 3395 3068 3467; x_wconf 76' lang='grc' dir='ltr'>οὐδαμῶς</span> <span class='ocrx_word' id='word_1_562' title='bbox 3093 3395 3186 3452; x_wconf 81' lang='grc' dir='ltr'><strong>διὰ</strong></span> <span class='ocrx_word' id='word_1_563' title='bbox 3219 3397 3320 3462; x_wconf 88' lang='grc' dir='ltr'><strong>τάς</strong></span> <span class='ocrx_word' id='word_1_564' title='bbox 3355 3399 3640 3470; x_wconf 78' lang='grc' dir='ltr'>ἁμαρτίας</span> <span class='ocrx_word' id='word_1_565' title='bbox 3670 3403 3864 3474; x_wconf 79' lang='grc' dir='ltr'>ήμῶν·</span> 
     </span>
    </p>
   </div>
   <div class='ocr_carea' id='block_1_78' title="bbox 2273 3491 3866 3567">
    <p class='ocr_par' dir='ltr' id='par_1_78' title="bbox 2273 3491 3866 3567">
     <span class='ocr_line' id='line_1_78' title="bbox 2273 3491 3866 3567; baseline 0.008 -24"><span class='ocrx_word' id='word_1_566' title='bbox 2273 3491 2348 3562; x_wconf 81' lang='grc' dir='ltr'>μὴ</span> <span class='ocrx_word' id='word_1_567' title='bbox 2393 3491 2483 3546; x_wconf 77' lang='grc' dir='ltr'>ἵνα</span> <span class='ocrx_word' id='word_1_568' title='bbox 2515 3507 2570 3544; x_wconf 87' lang='grc' dir='ltr'><strong>τι</strong></span> <span class='ocrx_word' id='word_1_569' title='bbox 2599 3491 2863 3562; x_wconf 82' lang='grc' dir='ltr'>γένηταιο</span> <span class='ocrx_word' id='word_1_570' title='bbox 2905 3492 3007 3546; x_wconf 83' lang='grc' dir='ltr'>οὐκ</span> <span class='ocrx_word' id='word_1_571' title='bbox 3061 3493 3128 3546; x_wconf 66' lang='grc' dir='ltr'>ἐκ</span> <span class='ocrx_word' id='word_1_572' title='bbox 3172 3493 3339 3563; x_wconf 88' lang='grc' dir='ltr'>φόϐου</span> <span class='ocrx_word' id='word_1_573' title='bbox 3382 3497 3412 3549; x_wconf 87' lang='grc' dir='ltr'><strong>ό</strong></span> <span class='ocrx_word' id='word_1_574' title='bbox 3451 3494 3635 3566; x_wconf 81' lang='grc' dir='ltr'>λόγος,</span> <span class='ocrx_word' id='word_1_575' title='bbox 3667 3498 3866 3567; x_wconf 74' lang='grc' dir='ltr'>ἀλλ’ἑξ</span> 
     </span>
    </p>
   </div>
   <div class='ocr_carea' id='block_1_79' title="bbox 2268 3581 3864 3662">
    <p class='ocr_par' dir='ltr' id='par_1_79' title="bbox 2268 3581 3864 3662">
     <span class='ocr_line' id='line_1_79' title="bbox 2268 3581 3864 3662; baseline 0.004 -24"><span class='ocrx_word' id='word_1_576' title='bbox 2268 3585 2454 3638; x_wconf 82' lang='grc' dir='ltr'>οῐκτου</span> <span class='ocrx_word' id='word_1_577' title='bbox 2481 3581 2575 3638; x_wconf 90' lang='grc' dir='ltr'><strong>τοῦ</strong></span> <span class='ocrx_word' id='word_1_578' title='bbox 2610 3582 2754 3638; x_wconf 81' lang='grc' dir='ltr'><strong>κατά</strong></span> <span class='ocrx_word' id='word_1_579' title='bbox 2777 3582 2873 3638; x_wconf 90' lang='grc' dir='ltr'><strong>τοῦ</strong></span> <span class='ocrx_word' id='word_1_580' title='bbox 2899 3583 3087 3639; x_wconf 89' lang='grc' dir='ltr'>κοινοῦ</span> <span class='ocrx_word' id='word_1_581' title='bbox 3111 3600 3126 3617; x_wconf 79' lang='grc' dir='ltr'><strong><em>ο</em></strong></span> <span class='ocrx_word' id='word_1_582' title='bbox 3153 3585 3212 3640; x_wconf 73' lang='grc' dir='ltr'>ἑν</span> <span class='ocrx_word' id='word_1_583' title='bbox 3245 3589 3313 3660; x_wconf 79' lang='grc' dir='ltr'>τῇ</span> <span class='ocrx_word' id='word_1_584' title='bbox 3336 3588 3672 3643; x_wconf 82' lang='grc' dir='ltr'>ταπεινώσει</span> <span class='ocrx_word' id='word_1_585' title='bbox 3709 3591 3864 3662; x_wconf 79' lang='grc' dir='ltr'>ήμῶν</span> 
     </span>
    </p>
   </div>
   <div class='ocr_carea' id='block_1_80' title="bbox 2268 3678 3862 3756">
    <p class='ocr_par' dir='ltr' id='par_1_80' title="bbox 2268 3678 3862 3756">
     <span class='ocr_line' id='line_1_80' title="bbox 2268 3678 3862 3756; baseline 0.006 -25"><span class='ocrx_word' id='word_1_586' title='bbox 2268 3678 2423 3750; x_wconf 84' lang='grc' dir='ltr'>παρὰ</span> <span class='ocrx_word' id='word_1_587' title='bbox 2461 3681 2564 3749; x_wconf 80' lang='grc' dir='ltr'>τῆς</span> <span class='ocrx_word' id='word_1_588' title='bbox 2609 3678 2890 3749; x_wconf 87' lang='grc' dir='ltr'>όσιότητός</span> <span class='ocrx_word' id='word_1_589' title='bbox 2936 3681 3032 3734; x_wconf 86' lang='grc' dir='ltr'><strong>σου</strong></span> <span class='ocrx_word' id='word_1_590' title='bbox 3069 3679 3424 3736; x_wconf 83' lang='grc' dir='ltr'>ἀκανόνιστον</span> <span class='ocrx_word' id='word_1_591' title='bbox 3463 3684 3559 3737; x_wconf 84' lang='grc' dir='ltr'>καὶ</span> <span class='ocrx_word' id='word_1_592' title='bbox 3587 3683 3862 3756; x_wconf 78' lang='grc' dir='ltr'>ἀθεσμονο</span> 
     </span>
    </p>
   </div>
   <div class='ocr_carea' id='block_1_81' title="bbox 2269 3771 3864 3849">
    <p class='ocr_par' dir='ltr' id='par_1_81' title="bbox 2269 3771 3864 3849">
     <span class='ocr_line' id='line_1_81' title="bbox 2269 3771 3864 3849; baseline 0.004 -23"><span class='ocrx_word' id='word_1_593' title='bbox 2269 3772 2392 3826; x_wconf 80' lang='grc' dir='ltr'>ὲπεὶ</span> <span class='ocrx_word' id='word_1_594' title='bbox 2422 3772 2589 3842; x_wconf 84' lang='grc' dir='ltr'><strong>ήμεὶς</strong></span> <span class='ocrx_word' id='word_1_595' title='bbox 2625 3771 2725 3840; x_wconf 75' lang='grc' dir='ltr'>μὲν</span> <span class='ocrx_word' id='word_1_596' title='bbox 2774 3772 3204 3844; x_wconf 84' lang='grc' dir='ltr'>ύποστησόμεθα</span> <span class='ocrx_word' id='word_1_597' title='bbox 3235 3775 3467 3846; x_wconf 78' lang='grc' dir='ltr'>δυνάμει</span> <span class='ocrx_word' id='word_1_598' title='bbox 3505 3775 3686 3830; x_wconf 86' lang='grc' dir='ltr'>Θεοῦ·</span> <span class='ocrx_word' id='word_1_599' title='bbox 3729 3779 3864 3849; x_wconf 79' lang='grc' dir='ltr'>ὅπερ</span> 
     </span>
    </p>
   </div>
   <div class='ocr_carea' id='block_1_82' title="bbox 2270 3857 3866 3938">
    <p class='ocr_par' dir='ltr' id='par_1_82' title="bbox 2270 3857 3866 3938">
     <span class='ocr_line' id='line_1_82' title="bbox 2270 3857 3866 3938; baseline 0.006 -26"><span class='ocrx_word' id='word_1_600' title='bbox 2270 3859 2338 3912; x_wconf 83' lang='grc' dir='ltr'>ἂν</span> <span class='ocrx_word' id='word_1_601' title='bbox 2375 3857 2473 3912; x_wconf 77' lang='grc' dir='ltr'>καὶ</span> <span class='ocrx_word' id='word_1_602' title='bbox 2503 3857 2750 3930; x_wconf 87' lang='grc' dir='ltr'>συμϐαίη</span> <span class='ocrx_word' id='word_1_603' title='bbox 2779 3861 3180 3932; x_wconf 88' lang='grc' dir='ltr'>παραχωρήσει</span> <span class='ocrx_word' id='word_1_604' title='bbox 3218 3863 3410 3919; x_wconf 84' lang='grc' dir='ltr'>αὐτοῦ.</span> <span class='ocrx_word' id='word_1_605' title='bbox 3450 3865 3866 3938; x_wconf 74' lang='grc' dir='ltr'>Μαρτυρόμεθα</span> 
     </span>
    </p>
   </div>
   <div class='ocr_carea' id='block_1_83' title="bbox 2268 3943 3866 4028">
    <p class='ocr_par' dir='ltr' id='par_1_83' title="bbox 2268 3943 3866 4028">
     <span class='ocr_line' id='line_1_83' title="bbox 2268 3943 3866 4028; baseline 0.008 -30"><span class='ocrx_word' id='word_1_606' title='bbox 2268 3943 2325 3998; x_wconf 79' lang='grc' dir='ltr'>δὲ</span> <span class='ocrx_word' id='word_1_607' title='bbox 2349 3947 2415 4014; x_wconf 76' lang='grc' dir='ltr'>τῇ</span> <span class='ocrx_word' id='word_1_608' title='bbox 2443 3943 2725 4018; x_wconf 80' lang='grc' dir='ltr'>ἁγιωσύνῃ</span> <span class='ocrx_word' id='word_1_609' title='bbox 2750 3963 2846 4001; x_wconf 92' lang='grc' dir='ltr'><strong>σου</strong></span> <span class='ocrx_word' id='word_1_610' title='bbox 2871 3947 3212 4004; x_wconf 85' lang='grc' dir='ltr'>κατενώπιον</span> <span class='ocrx_word' id='word_1_611' title='bbox 3240 3953 3479 4024; x_wconf 86' lang='grc' dir='ltr'>Χριστοῦ</span> <span class='ocrx_word' id='word_1_612' title='bbox 3505 3956 3567 4008; x_wconf 78' lang='grc' dir='ltr'>ἐν</span> <span class='ocrx_word' id='word_1_613' title='bbox 3599 3956 3866 4028; x_wconf 77' lang='grc' dir='ltr'>ἀκροάσει</span> 
     </span>
    </p>
   </div>
   <div class='ocr_carea' id='block_1_84' title="bbox 2265 4033 3863 4120">
    <p class='ocr_par' dir='ltr' id='par_1_84' title="bbox 2265 4033 3863 4120">
     <span class='ocr_line' id='line_1_84' title="bbox 2265 4033 3863 4120; baseline 0.009 -31"><span class='ocrx_word' id='word_1_614' title='bbox 2265 4033 2378 4089; x_wconf 83' lang='grc' dir='ltr'><strong>τῶν</strong></span> <span class='ocrx_word' id='word_1_615' title='bbox 2405 4035 2582 4104; x_wconf 87' lang='grc' dir='ltr'>ἀγίων</span> <span class='ocrx_word' id='word_1_616' title='bbox 2613 4036 2889 4105; x_wconf 80' lang='grc' dir='ltr'>ἀγγέλων,</span> <span class='ocrx_word' id='word_1_617' title='bbox 2915 4039 3002 4094; x_wconf 82' lang='grc' dir='ltr'>ὅτι</span> <span class='ocrx_word' id='word_1_618' title='bbox 3031 4040 3176 4112; x_wconf 76' lang='grc' dir='ltr'>μέγα</span> <span class='ocrx_word' id='word_1_619' title='bbox 3222 4042 3431 4114; x_wconf 86' lang='grc' dir='ltr'>σχίσμα</span> <span class='ocrx_word' id='word_1_620' title='bbox 3461 4045 3674 4119; x_wconf 68' lang='grc' dir='ltr'>ἐργάζῃ</span> <span class='ocrx_word' id='word_1_621' title='bbox 3711 4050 3772 4102; x_wconf 68' lang='grc' dir='ltr'>ἑν</span> <span class='ocrx_word' id='word_1_622' title='bbox 3798 4051 3863 4120; x_wconf 71' lang='grc' dir='ltr'>τῇ</span> 
     </span>
    </p>
   </div>
   <div class='ocr_carea' id='block_1_85' title="bbox 2266 4125 3867 4211">
    <p class='ocr_par' dir='ltr' id='par_1_85' title="bbox 2266 4125 3867 4211">
     <span class='ocr_line' id='line_1_85' title="bbox 2266 4125 3867 4211; baseline 0.009 -30"><span class='ocrx_word' id='word_1_623' title='bbox 2266 4125 2394 4182; x_wconf 83' lang='grc' dir='ltr'>καθ’</span> <span class='ocrx_word' id='word_1_624' title='bbox 2449 4127 2602 4200; x_wconf 78' lang='grc' dir='ltr'>ἡμᾶς</span> <span class='ocrx_word' id='word_1_625' title='bbox 2665 4128 2989 4204; x_wconf 73' lang='grc' dir='ltr'>Ἐκκλησία.</span> <span class='ocrx_word' id='word_1_626' title='bbox 3049 4133 3163 4187; x_wconf 75' lang='grc' dir='ltr'><strong>Καὶ</strong></span> <span class='ocrx_word' id='word_1_627' title='bbox 3222 4136 3271 4188; x_wconf 88' lang='grc' dir='ltr'><strong>εἱ</strong></span> <span class='ocrx_word' id='word_1_628' title='bbox 3325 4134 3546 4209; x_wconf 73' lang='grc' dir='ltr'>ἐξουσίᾳ</span> <span class='ocrx_word' id='word_1_629' title='bbox 3597 4139 3867 4211; x_wconf 76' lang='grc' dir='ltr'>χρώμεθα</span> 
     </span>
    </p>
   </div>
   <div class='ocr_carea' id='block_1_86' title="bbox 2262 4220 3867 4308">
    <p class='ocr_par' dir='ltr' id='par_1_86' title="bbox 2262 4220 3867 4308">
     <span class='ocr_line' id='line_1_86' title="bbox 2262 4220 3867 4308; baseline 0.008 -32"><span class='ocrx_word' id='word_1_630' title='bbox 2262 4220 2548 4294; x_wconf 71' lang='grc' dir='ltr'>’ἄνθρωποι</span> <span class='ocrx_word' id='word_1_631' title='bbox 2589 4221 2774 4287; x_wconf 73' lang='grc' dir='ltr'>ὅντες·</span> <span class='ocrx_word' id='word_1_632' title='bbox 2802 4223 2920 4278; x_wconf 87' lang='grc' dir='ltr'>ἀλλ’</span> <span class='ocrx_word' id='word_1_633' title='bbox 2952 4224 3058 4280; x_wconf 78' lang='grc' dir='ltr'><strong>ὑπὸ</strong></span> <span class='ocrx_word' id='word_1_634' title='bbox 3105 4227 3208 4298; x_wconf 82' lang='grc' dir='ltr'>τῆς</span> <span class='ocrx_word' id='word_1_635' title='bbox 3243 4227 3493 4295; x_wconf 72' lang='grc' dir='ltr'>ἐξουσίας</span> <span class='ocrx_word' id='word_1_636' title='bbox 3536 4231 3652 4286; x_wconf 85' lang='grc' dir='ltr'><strong>τῶν</strong></span> <span class='ocrx_word' id='word_1_637' title='bbox 3703 4234 3867 4308; x_wconf 87' lang='grc' dir='ltr'>ἱερῶν</span> 
     </span>
    </p>
   </div>
   <div class='ocr_carea' id='block_1_87' title="bbox 2262 4313 3868 4396">
    <p class='ocr_par' dir='ltr' id='par_1_87' title="bbox 2262 4313 3868 4396">
     <span class='ocr_line' id='line_1_87' title="bbox 2262 4313 3868 4396; baseline 0.009 -28"><span class='ocrx_word' id='word_1_638' title='bbox 2262 4314 2366 4368; x_wconf 76' lang='grc' dir='ltr'>’καὶ</span> <span class='ocrx_word' id='word_1_639' title='bbox 2407 4313 2572 4379; x_wconf 72' lang='grc' dir='ltr'>θείων</span> <span class='ocrx_word' id='word_1_640' title='bbox 2613 4315 2878 4384; x_wconf 84' lang='grc' dir='ltr'>κανόνων,</span> <span class='ocrx_word' id='word_1_641' title='bbox 2920 4318 3130 4388; x_wconf 85' lang='grc' dir='ltr'>νοητῶς</span> <span class='ocrx_word' id='word_1_642' title='bbox 3163 4321 3260 4374; x_wconf 73' lang='grc' dir='ltr'>καὶ</span> <span class='ocrx_word' id='word_1_643' title='bbox 3292 4321 3368 4395; x_wconf 83' lang='grc' dir='ltr'>μὴ</span> <span class='ocrx_word' id='word_1_644' title='bbox 3399 4321 3746 4396; x_wconf 84' lang='grc' dir='ltr'>βουλόμενοι,</span> <span class='ocrx_word' id='word_1_645' title='bbox 3778 4328 3868 4382; x_wconf 76' lang='grc' dir='ltr'>καὶ</span> 
     </span>
    </p>
   </div>
   <div class='ocr_carea' id='block_1_88' title="bbox 2269 4404 3868 4492">
    <p class='ocr_par' dir='ltr' id='par_1_88' title="bbox 2269 4404 3868 4492">
     <span class='ocr_line' id='line_1_88' title="bbox 2269 4404 3868 4492; baseline 0.01 -33"><span class='ocrx_word' id='word_1_646' title='bbox 2269 4404 2554 4480; x_wconf 83' lang='grc' dir='ltr'>ἀρχόμεθα</span> <span class='ocrx_word' id='word_1_647' title='bbox 2600 4407 2696 4462; x_wconf 86' lang='grc' dir='ltr'><strong>καὶ</strong></span> <span class='ocrx_word' id='word_1_648' title='bbox 2739 4408 3063 4482; x_wconf 87' lang='grc' dir='ltr'>πεισόμεθα.</span> <span class='ocrx_word' id='word_1_649' title='bbox 3116 4411 3279 4467; x_wconf 82' lang='grc' dir='ltr'><strong>Ἀλλά</strong></span> <span class='ocrx_word' id='word_1_650' title='bbox 3324 4413 3568 4486; x_wconf 84' lang='grc' dir='ltr'>’δεόμεθά</span> <span class='ocrx_word' id='word_1_651' title='bbox 3617 4433 3721 4473; x_wconf 73' lang='grc' dir='ltr'>’σου</span> <span class='ocrx_word' id='word_1_652' title='bbox 3769 4420 3868 4492; x_wconf 78' lang='grc' dir='ltr'><strong>τῆς</strong></span> 
     </span>
    </p>
   </div>
   <div class='ocr_carea' id='block_1_89' title="bbox 2269 4495 3869 4583">
    <p class='ocr_par' dir='ltr' id='par_1_89' title="bbox 2269 4495 3869 4583">
     <span class='ocr_line' id='line_1_89' title="bbox 2269 4495 3869 4583; baseline 0.011 -33"><span class='ocrx_word' id='word_1_653' title='bbox 2269 4497 2555 4568; x_wconf 83' lang='grc' dir='ltr'>ὁσιότητος</span> <span class='ocrx_word' id='word_1_654' title='bbox 2573 4513 2588 4531; x_wconf 84' lang='grc'>⁶</span> <span class='ocrx_word' id='word_1_655' title='bbox 2617 4498 2799 4554; x_wconf 83' lang='grc' dir='ltr'>κλῖνον</span> <span class='ocrx_word' id='word_1_656' title='bbox 2821 4499 2883 4553; x_wconf 88' lang='grc' dir='ltr'><strong>τδ</strong></span> <span class='ocrx_word' id='word_1_657' title='bbox 2903 4495 2997 4564; x_wconf 77' lang='grc' dir='ltr'><strong>οῦς</strong></span> <span class='ocrx_word' id='word_1_658' title='bbox 3024 4518 3144 4567; x_wconf 88' lang='grc' dir='ltr'>σου,</span> <span class='ocrx_word' id='word_1_659' title='bbox 3174 4504 3270 4558; x_wconf 80' lang='grc' dir='ltr'>καὶ</span> <span class='ocrx_word' id='word_1_660' title='bbox 3292 4505 3602 4563; x_wconf 74' lang='grc' dir='ltr'>ἐπάκουσον</span> <span class='ocrx_word' id='word_1_661' title='bbox 3627 4512 3732 4583; x_wconf 82' lang='grc' dir='ltr'>τῆς</span> <span class='ocrx_word' id='word_1_662' title='bbox 3755 4529 3869 4583; x_wconf 78' lang='grc' dir='ltr'>φω-</span> 
     </span>
    </p>
   </div>
   <div class='ocr_carea' id='block_1_90' title="bbox 578 4586 2164 4673">
    <p class='ocr_par' dir='ltr' id='par_1_90' title="bbox 578 4586 2164 4658">
     <span class='ocr_line' id='line_1_90' title="bbox 578 4586 2164 4658; baseline -0.001 -14"><span class='ocrx_word' id='word_1_663' title='bbox 578 4586 847 4654; x_wconf 82' lang='lat' dir='ltr'><strong>medicus,</strong></span> <span class='ocrx_word' id='word_1_664' title='bbox 875 4596 938 4643; x_wconf 85' lang='grc' dir='ltr'><strong>ιιι</strong></span> <span class='ocrx_word' id='word_1_665' title='bbox 965 4595 1151 4658; x_wconf 83' lang='lat' dir='ltr'><strong>pastor</strong></span> <span class='ocrx_word' id='word_1_666' title='bbox 1171 4587 1352 4642; x_wconf 80' lang='lat' dir='ltr'><strong>bonus</strong></span> <span class='ocrx_word' id='word_1_667' title='bbox 1369 4601 1531 4643; x_wconf 78' lang='lat' dir='ltr'><strong>ovem</strong></span> <span class='ocrx_word' id='word_1_668' title='bbox 1569 4601 1738 4642; x_wconf 84' lang='lat' dir='ltr'><strong>unam</strong></span> <span class='ocrx_word' id='word_1_669' title='bbox 1762 4587 1993 4658; x_wconf 84' lang='lat' dir='ltr'><strong>prohibe</strong></span> <span class='ocrx_word' id='word_1_670' title='bbox 2017 4601 2050 4641; x_wconf 89' lang='lat' dir='ltr'><strong>a</strong></span> <span class='ocrx_word' id='word_1_671' title='bbox 2071 4600 2164 4642; x_wconf 88' lang='lat' dir='ltr'><strong>sa-</strong></span> 
     </span>
    </p>
   </div>
   <div class='ocr_carea' id='block_1_91' title="bbox 2265 4586 3864 4673">
    <p class='ocr_par' dir='ltr' id='par_1_91' title="bbox 2268 4587 3864 4673">
     <span class='ocr_line' id='line_1_91' title="bbox 2268 4587 3864 4673; baseline 0.009 -29"><span class='ocrx_word' id='word_1_672' title='bbox 2268 4587 2371 4659; x_wconf 83' lang='grc' dir='ltr'>νῆς</span> <span class='ocrx_word' id='word_1_673' title='bbox 2393 4589 2574 4660; x_wconf 85' lang='grc' dir='ltr'>ήμῶν.</span> <span class='ocrx_word' id='word_1_674' title='bbox 2610 4589 2699 4655; x_wconf 82' lang='grc' dir='ltr'>Ὠς</span> <span class='ocrx_word' id='word_1_675' title='bbox 2729 4591 2915 4664; x_wconf 71' lang='grc' dir='ltr'>ἱατρός</span> <span class='ocrx_word' id='word_1_676' title='bbox 2937 4592 3282 4666; x_wconf 66' lang='grc' dir='ltr'>ἐπιστήμων,</span> <span class='ocrx_word' id='word_1_677' title='bbox 3303 4595 3381 4662; x_wconf 84' lang='grc' dir='ltr'>ὡς</span> <span class='ocrx_word' id='word_1_678' title='bbox 3399 4599 3610 4673; x_wconf 78' lang='grc' dir='ltr'>ποιμὴν</span> <span class='ocrx_word' id='word_1_679' title='bbox 3633 4603 3864 4673; x_wconf 69' lang='grc' dir='ltr'>ἀγαθός,</span> 
     </span>
    </p>
   </div>
   <div class='ocr_carea' id='block_1_92' title="bbox 576 4675 2170 4746">
    <p class='ocr_par' dir='ltr' id='par_1_92' title="bbox 576 4675 2170 4746">
     <span class='ocr_line' id='line_1_92' title="bbox 576 4675 2170 4746; baseline -0.001 -12"><span class='ocrx_word' id='word_1_680' title='bbox 576 4677 805 4746; x_wconf 64' lang='lat' dir='ltr'><strong>oriﬁcio,</strong></span> <span class='ocrx_word' id='word_1_681' title='bbox 834 4686 890 4733; x_wconf 91' lang='lat' dir='ltr'><strong>et</strong></span> <span class='ocrx_word' id='word_1_682' title='bbox 909 4691 1107 4733; x_wconf 87' lang='lat' dir='ltr'><strong>omnes</strong></span> <span class='ocrx_word' id='word_1_683' title='bbox 1133 4693 1166 4733; x_wconf 87' lang='lat' dir='ltr'><strong>a</strong></span> <span class='ocrx_word' id='word_1_684' title='bbox 1193 4675 1450 4732; x_wconf 80' lang='lat' dir='ltr'><strong>seandalo</strong></span> <span class='ocrx_word' id='word_1_685' title='bbox 1475 4677 1684 4734; x_wconf 88' lang='lat' dir='ltr'><strong>redime</strong></span> <span class='ocrx_word' id='word_1_686' title='bbox 1711 4694 1727 4744; x_wconf 85' lang='lat'><strong>;</strong></span> <span class='ocrx_word' id='word_1_687' title='bbox 1755 4693 1827 4733; x_wconf 85' lang='lat' dir='ltr'><strong>ne</strong></span> <span class='ocrx_word' id='word_1_688' title='bbox 1856 4677 2021 4734; x_wconf 87' lang='lat' dir='ltr'><strong>unius</strong></span> <span class='ocrx_word' id='word_1_689' title='bbox 2051 4691 2170 4733; x_wconf 84' lang='lat' dir='ltr'><strong>sca-</strong></span> 
     </span>
    </p>
   </div>
   <div class='ocr_carea' id='block_1_93' title="bbox 579 4764 2170 4839">
    <p class='ocr_par' dir='ltr' id='par_1_93' title="bbox 579 4764 2170 4839">
     <span class='ocr_line' id='line_1_93' title="bbox 579 4764 2170 4839; baseline 0 -17"><span class='ocrx_word' id='word_1_690' title='bbox 579 4764 668 4822; x_wconf 84' lang='lat' dir='ltr'><strong>bie</strong></span> <span class='ocrx_word' id='word_1_691' title='bbox 693 4773 804 4820; x_wconf 81' lang='lat' dir='ltr'><strong>tota</strong></span> <span class='ocrx_word' id='word_1_692' title='bbox 837 4765 1084 4822; x_wconf 88' lang='lat' dir='ltr'><strong>Ecclesia</strong></span> <span class='ocrx_word' id='word_1_693' title='bbox 1117 4775 1306 4822; x_wconf 86' lang='lat' dir='ltr'><strong>nostra</strong></span> <span class='ocrx_word' id='word_1_694' title='bbox 1339 4766 1631 4834; x_wconf 83' lang='lat' dir='ltr'><strong>iuﬁciatur,</strong></span> <span class='ocrx_word' id='word_1_695' title='bbox 1657 4783 1822 4839; x_wconf 88' lang='lat' dir='ltr'><strong>quam</strong></span> <span class='ocrx_word' id='word_1_696' title='bbox 1877 4767 2170 4839; x_wconf 86' lang='lat' dir='ltr'><strong>acquisivit</strong></span> 
     </span>
    </p>
   </div>
   <div class='ocr_carea' id='block_1_94' title="bbox 579 4857 2172 4934">
    <p class='ocr_par' dir='ltr' id='par_1_94' title="bbox 579 4857 2172 4934">
     <span class='ocr_line' id='line_1_94' title="bbox 579 4857 2172 4934; baseline 0.003 -20"><span class='ocrx_word' id='word_1_697' title='bbox 579 4857 846 4914; x_wconf 75' lang='lat' dir='ltr'><strong>Dominus</strong></span> <span class='ocrx_word' id='word_1_698' title='bbox 891 4867 949 4917; x_wconf 87' lang='lat' dir='ltr'><strong>et</strong></span> <span class='ocrx_word' id='word_1_699' title='bbox 994 4860 1144 4917; x_wconf 75' lang='lat' dir='ltr'><strong>Deus</strong></span> <span class='ocrx_word' id='word_1_700' title='bbox 1192 4869 1382 4917; x_wconf 87' lang='lat' dir='ltr'><strong>noster</strong></span> <span class='ocrx_word' id='word_1_701' title='bbox 1436 4861 1706 4934; x_wconf 74' lang='lat' dir='ltr'><strong>sanguine</strong></span> <span class='ocrx_word' id='word_1_702' title='bbox 1734 4877 1856 4918; x_wconf 93' lang='lat' dir='ltr'><strong>suo.</strong></span> <span class='ocrx_word' id='word_1_703' title='bbox 1900 4861 1979 4918; x_wconf 88' lang='lat' dir='ltr'><strong>De</strong></span> <span class='ocrx_word' id='word_1_704' title='bbox 2008 4861 2172 4934; x_wconf 86' lang='lat' dir='ltr'><strong>nugis</strong></span> 
     </span>
    </p>
   </div>
   <div class='ocr_carea' id='block_1_95' title="bbox 576 4951 2171 5029">
    <p class='ocr_par' dir='ltr' id='par_1_95' title="bbox 576 4951 2171 5029">
     <span class='ocr_line' id='line_1_95' title="bbox 576 4951 2171 5029; baseline 0.004 -23"><span class='ocrx_word' id='word_1_705' title='bbox 576 4951 728 5008; x_wconf 88' lang='lat' dir='ltr'><strong>enim</strong></span> <span class='ocrx_word' id='word_1_706' title='bbox 745 4962 1028 5024; x_wconf 68' lang='lat' dir='ltr'><strong>augentur</strong></span> <span class='ocrx_word' id='word_1_707' title='bbox 1051 4954 1146 5026; x_wconf 90' lang='lat' dir='ltr'><strong>qui</strong></span> <span class='ocrx_word' id='word_1_708' title='bbox 1169 4955 1468 5021; x_wconf 72' lang='lat' dir='ltr'><strong>voluerint,</strong></span> <span class='ocrx_word' id='word_1_709' title='bbox 1502 4966 1559 5014; x_wconf 85' lang='lat' dir='ltr'><strong>et</strong></span> <span class='ocrx_word' id='word_1_710' title='bbox 1586 4955 1994 5013; x_wconf 80' lang='lat' dir='ltr'><strong>calumnientur</strong></span> <span class='ocrx_word' id='word_1_711' title='bbox 2017 4971 2171 5029; x_wconf 82' lang='lat' dir='ltr'><strong>syco-</strong></span> 
     </span>
    </p>
   </div>
   <div class='ocr_carea' id='block_1_96' title="bbox 579 5046 2170 5117">
    <p class='ocr_par' dir='ltr' id='par_1_96' title="bbox 579 5046 2170 5117">
     <span class='ocr_line' id='line_1_96' title="bbox 579 5046 2170 5117; baseline 0.003 -16"><span class='ocrx_word' id='word_1_712' title='bbox 579 5046 821 5117; x_wconf 63' lang='lat' dir='ltr'><strong>phanta.</strong></span> <span class='ocrx_word' id='word_1_713' title='bbox 853 5047 1034 5104; x_wconf 76' lang='lat' dir='ltr'><strong>Parati</strong></span> <span class='ocrx_word' id='word_1_714' title='bbox 1063 5065 1258 5106; x_wconf 79' lang='lat' dir='ltr'><strong>sumus</strong></span> <span class='ocrx_word' id='word_1_715' title='bbox 1277 5051 1348 5106; x_wconf 86' lang='lat' dir='ltr'><strong>ad</strong></span> <span class='ocrx_word' id='word_1_716' title='bbox 1375 5066 1597 5108; x_wconf 89' lang='lat' dir='ltr'><strong>omnem</strong></span> <span class='ocrx_word' id='word_1_717' title='bbox 1621 5050 2018 5114; x_wconf 85' lang='lat' dir='ltr'><strong>defensionem,</strong></span> <span class='ocrx_word' id='word_1_718' title='bbox 2045 5065 2170 5106; x_wconf 66' lang='lat' dir='ltr'><strong>omo</strong></span> 
     </span>
    </p>
   </div>
   <div class='ocr_carea' id='block_1_97' title="bbox 580 5143 2168 5217">
    <p class='ocr_par' dir='ltr' id='par_1_97' title="bbox 580 5143 2168 5217">
     <span class='ocr_line' id='line_1_97' title="bbox 580 5143 2168 5217; baseline 0.004 -21"><span class='ocrx_word' id='word_1_719' title='bbox 580 5155 818 5212; x_wconf 84' lang='lat' dir='ltr'><strong>nemque</strong></span> <span class='ocrx_word' id='word_1_720' title='bbox 839 5143 1225 5200; x_wconf 82' lang='lat' dir='ltr'><strong>refutationem</strong></span> <span class='ocrx_word' id='word_1_721' title='bbox 1245 5146 1603 5203; x_wconf 65' lang='lat' dir='ltr'><strong>accusatoria</strong></span> <span class='ocrx_word' id='word_1_722' title='bbox 1620 5145 1971 5217; x_wconf 87' lang='lat' dir='ltr'><strong>objectionis.</strong></span> <span class='ocrx_word' id='word_1_723' title='bbox 1991 5146 2168 5202; x_wconf 85' lang='lat' dir='ltr'><strong>Amici</strong></span> 
     </span>
    </p>
   </div>
   <div class='ocr_carea' id='block_1_98' title="bbox 579 5234 2169 5310">
    <p class='ocr_par' dir='ltr' id='par_1_98' title="bbox 579 5234 2169 5310">
     <span class='ocr_line' id='line_1_98' title="bbox 579 5234 2169 5310; baseline 0.001 -18"><span class='ocrx_word' id='word_1_724' title='bbox 579 5243 638 5292; x_wconf 85' lang='lat' dir='ltr'><strong>et</strong></span> <span class='ocrx_word' id='word_1_725' title='bbox 673 5234 990 5292; x_wconf 74' lang='lat' dir='ltr'><strong>laudatores</strong></span> <span class='ocrx_word' id='word_1_726' title='bbox 1040 5238 1118 5293; x_wconf 85' lang='lat' dir='ltr'><strong>tui</strong></span> <span class='ocrx_word' id='word_1_727' title='bbox 1165 5251 1358 5294; x_wconf 83' lang='lat' dir='ltr'><strong>sumus</strong></span> <span class='ocrx_word' id='word_1_728' title='bbox 1389 5255 1404 5288; x_wconf 73' lang='grc' dir='ltr'><strong><em>τ</em></strong></span> <span class='ocrx_word' id='word_1_729' title='bbox 1441 5238 1495 5294; x_wconf 90' lang='lat' dir='ltr'><strong>in</strong></span> <span class='ocrx_word' id='word_1_730' title='bbox 1529 5240 1834 5310; x_wconf 79' lang='lat' dir='ltr'><strong>primisque</strong></span> <span class='ocrx_word' id='word_1_731' title='bbox 1892 5238 2169 5310; x_wconf 54' lang='lat' dir='ltr'><strong>piissimo.</strong></span> 
     </span>
    </p>
   </div>
   <div class='ocr_carea' id='block_1_99' title="bbox 577 5330 2167 5401">
    <p class='ocr_par' dir='ltr' id='par_1_99' title="bbox 577 5330 2167 5401">
     <span class='ocr_line' id='line_1_99' title="bbox 577 5330 2167 5401; baseline 0.001 -17"><span class='ocrx_word' id='word_1_732' title='bbox 577 5344 702 5384; x_wconf 80' lang='lat' dir='ltr'><strong>rum</strong></span> <span class='ocrx_word' id='word_1_733' title='bbox 754 5338 813 5386; x_wconf 91' lang='lat' dir='ltr'><strong>et</strong></span> <span class='ocrx_word' id='word_1_734' title='bbox 883 5330 1344 5401; x_wconf 76' lang='lat' dir='ltr'><strong>trioniphatorum</strong></span> <span class='ocrx_word' id='word_1_735' title='bbox 1413 5333 1765 5389; x_wconf 79' lang='lat' dir='ltr'><strong>dominorum</strong></span> <span class='ocrx_word' id='word_1_736' title='bbox 1832 5342 2167 5388; x_wconf 85' lang='lat' dir='ltr'><strong>nostrorum.</strong></span> 
     </span>
    </p>
   </div>
   <div class='ocr_carea' id='block_1_100' title="bbox 577 5419 2164 5496">
    <p class='ocr_par' dir='ltr' id='par_1_100' title="bbox 577 5419 2164 5496">
     <span class='ocr_line' id='line_1_100' title="bbox 577 5419 2164 5496; baseline 0.004 -21"><span class='ocrx_word' id='word_1_737' title='bbox 577 5419 828 5493; x_wconf 73' lang='lat' dir='ltr'><strong>Cumque</strong></span> <span class='ocrx_word' id='word_1_738' title='bbox 858 5423 998 5478; x_wconf 72' lang='lat' dir='ltr'><strong>tates</strong></span> <span class='ocrx_word' id='word_1_739' title='bbox 1021 5423 1219 5488; x_wconf 76' lang='lat' dir='ltr'><strong>simus,</strong></span> <span class='ocrx_word' id='word_1_740' title='bbox 1248 5425 1604 5495; x_wconf 81' lang='lat' dir='ltr'><strong>quamobrem</strong></span> <span class='ocrx_word' id='word_1_741' title='bbox 1637 5426 1876 5482; x_wconf 85' lang='lat' dir='ltr'><strong>turbatio</strong></span> <span class='ocrx_word' id='word_1_742' title='bbox 1904 5426 1928 5480; x_wconf 77' lang='lat'><strong>?</strong></span> <span class='ocrx_word' id='word_1_743' title='bbox 1957 5441 2064 5496; x_wconf 88' lang='lat' dir='ltr'><strong>qua</strong></span> <span class='ocrx_word' id='word_1_744' title='bbox 2094 5425 2164 5482; x_wconf 85' lang='lat' dir='ltr'><strong>de</strong></span> 
     </span>
    </p>
   </div>
   <div class='ocr_carea' id='block_1_101' title="bbox 578 5516 2162 5590">
    <p class='ocr_par' dir='ltr' id='par_1_101' title="bbox 578 5516 2162 5590">
     <span class='ocr_line' id='line_1_101' title="bbox 578 5516 2162 5590; baseline 0.001 -20"><span class='ocrx_word' id='word_1_745' title='bbox 578 5528 743 5571; x_wconf 71' lang='lat' dir='ltr'><strong>eam</strong></span> <span class='ocrx_word' id='word_1_746' title='bbox 771 5516 1032 5572; x_wconf 75' lang='lat' dir='ltr'><strong>evenient</strong></span> <span class='ocrx_word' id='word_1_747' title='bbox 1057 5531 1181 5588; x_wconf 71' lang='lat' dir='ltr'><strong>qua:</strong></span> <span class='ocrx_word' id='word_1_748' title='bbox 1213 5526 1478 5573; x_wconf 82' lang='lat' dir='ltr'><strong>eventura</strong></span> <span class='ocrx_word' id='word_1_749' title='bbox 1509 5529 1658 5585; x_wconf 87' lang='lat' dir='ltr'><strong>sunt,</strong></span> <span class='ocrx_word' id='word_1_750' title='bbox 1689 5519 1734 5574; x_wconf 87' lang='lat' dir='ltr'><strong>si</strong></span> <span class='ocrx_word' id='word_1_751' title='bbox 1773 5519 1994 5590; x_wconf 85' lang='lat' dir='ltr'><strong>quidem</strong></span> <span class='ocrx_word' id='word_1_752' title='bbox 2024 5534 2162 5574; x_wconf 85' lang='lat' dir='ltr'><strong>con-</strong></span> 
     </span>
    </p>
   </div>
   <div class='ocr_carea' id='block_1_102' title="bbox 580 5605 2161 5683">
    <p class='ocr_par' dir='ltr' id='par_1_102' title="bbox 580 5605 2161 5683">
     <span class='ocr_line' id='line_1_102' title="bbox 580 5605 2161 5683; baseline 0.005 -23"><span class='ocrx_word' id='word_1_753' title='bbox 580 5605 745 5662; x_wconf 79' lang='lat' dir='ltr'><strong>traria</strong></span> <span class='ocrx_word' id='word_1_754' title='bbox 798 5607 896 5662; x_wconf 87' lang='lat' dir='ltr'><strong>Dei</strong></span> <span class='ocrx_word' id='word_1_755' title='bbox 954 5608 1290 5680; x_wconf 71' lang='lat' dir='ltr'><strong>pmptis?</strong></span> <span class='ocrx_word' id='word_1_756' title='bbox 1321 5608 1526 5667; x_wconf 78' lang='lat' dir='ltr'><strong>Tribus</strong></span> <span class='ocrx_word' id='word_1_757' title='bbox 1555 5611 1714 5666; x_wconf 78' lang='lat' dir='ltr'><strong>nobis</strong></span> <span class='ocrx_word' id='word_1_758' title='bbox 1743 5626 1928 5668; x_wconf 83' lang='lat' dir='ltr'><strong>sacras</strong></span> <span class='ocrx_word' id='word_1_759' title='bbox 1967 5626 2161 5683; x_wconf 84' lang='lat' dir='ltr'><strong>preces</strong></span> 
     </span>
    </p>
   </div>
   <div class='ocr_carea' id='block_1_103' title="bbox 579 5702 722 5752">
    <p class='ocr_par' dir='ltr' id='par_1_103' title="bbox 579 5702 722 5752">
     <span class='ocr_line' id='line_1_103' title="bbox 579 5702 722 5752; baseline 0.021 -3"><span class='ocrx_word' id='word_1_760' title='bbox 579 5702 722 5752; x_wconf 81' lang='lat' dir='ltr'><strong>tuas.</strong></span> 
     </span>
    </p>
   </div>
   <div class='ocr_carea' id='block_1_104' title="bbox 2265 4677 3865 4758">
    <p class='ocr_par' dir='ltr' id='par_1_104' title="bbox 2265 4677 3865 4758">
     <span class='ocr_line' id='line_1_104' title="bbox 2265 4677 3865 4758; baseline 0.009 -24"><span class='ocrx_word' id='word_1_761' title='bbox 2265 4679 2330 4734; x_wconf 71' lang='grc' dir='ltr'><strong>τὸ</strong></span> <span class='ocrx_word' id='word_1_762' title='bbox 2376 4678 2437 4734; x_wconf 76' lang='grc' dir='ltr'>ἓν</span> <span class='ocrx_word' id='word_1_763' title='bbox 2469 4677 2745 4751; x_wconf 78' lang='grc' dir='ltr'>πρόϐατον</span> <span class='ocrx_word' id='word_1_764' title='bbox 2788 4678 2968 4754; x_wconf 74' lang='grc' dir='ltr'>εἷρξαι</span> <span class='ocrx_word' id='word_1_765' title='bbox 3007 4683 3112 4756; x_wconf 79' lang='grc' dir='ltr'>τῆς</span> <span class='ocrx_word' id='word_1_766' title='bbox 3159 4685 3494 4758; x_wconf 77' lang='grc' dir='ltr'>ἱερουργίας,</span> <span class='ocrx_word' id='word_1_767' title='bbox 3527 4690 3624 4744; x_wconf 77' lang='grc' dir='ltr'>καὶ</span> <span class='ocrx_word' id='word_1_768' title='bbox 3665 4693 3737 4748; x_wconf 70' lang='grc' dir='ltr'><strong>τὰ</strong></span> <span class='ocrx_word' id='word_1_769' title='bbox 3770 4694 3865 4748; x_wconf 79' lang='grc' dir='ltr'>ὅλα</span> 
     </span>
    </p>
   </div>
   <div class='ocr_carea' id='block_1_105' title="bbox 2268 4773 3862 4862">
    <p class='ocr_par' dir='ltr' id='par_1_105' title="bbox 2268 4773 3862 4862">
     <span class='ocr_line' id='line_1_105' title="bbox 2268 4773 3862 4862; baseline 0.008 -34"><span class='ocrx_word' id='word_1_770' title='bbox 2268 4773 2677 4830; x_wconf 86' lang='grc' dir='ltr'>ἀσκανδάλιστα</span> <span class='ocrx_word' id='word_1_771' title='bbox 2716 4776 3013 4849; x_wconf 77' lang='grc' dir='ltr'>κερδῆσαιο</span> <span class='ocrx_word' id='word_1_772' title='bbox 3045 4779 3142 4834; x_wconf 70' lang='grc' dir='ltr'>καὶ</span> <span class='ocrx_word' id='word_1_773' title='bbox 3172 4780 3249 4853; x_wconf 80' lang='grc' dir='ltr'><strong>μή</strong></span> <span class='ocrx_word' id='word_1_774' title='bbox 3293 4786 3360 4855; x_wconf 77' lang='grc' dir='ltr'>τῇ</span> <span class='ocrx_word' id='word_1_775' title='bbox 3404 4785 3502 4840; x_wconf 81' lang='grc' dir='ltr'><strong>τοῦ</strong></span> <span class='ocrx_word' id='word_1_776' title='bbox 3544 4787 3671 4854; x_wconf 72' lang='grc' dir='ltr'>ἑνὸς</span> <span class='ocrx_word' id='word_1_777' title='bbox 3705 4789 3862 4862; x_wconf 69' lang='grc' dir='ltr'><strong>ψώρᾳ</strong></span> 
     </span>
    </p>
   </div>
   <div class='ocr_carea' id='block_1_106' title="bbox 2267 4872 3859 4958">
    <p class='ocr_par' dir='ltr' id='par_1_106' title="bbox 2267 4872 3859 4958">
     <span class='ocr_line' id='line_1_106' title="bbox 2267 4872 3859 4958; baseline 0.008 -31"><span class='ocrx_word' id='word_1_778' title='bbox 2267 4872 2610 4946; x_wconf 84' lang='grc' dir='ltr'>λυμανθῆναι</span> <span class='ocrx_word' id='word_1_779' title='bbox 2667 4875 2768 4946; x_wconf 82' lang='grc' dir='ltr'>τὴν</span> <span class='ocrx_word' id='word_1_780' title='bbox 2821 4877 2947 4932; x_wconf 84' lang='grc' dir='ltr'>καθ’</span> <span class='ocrx_word' id='word_1_781' title='bbox 2985 4879 3135 4949; x_wconf 76' lang='grc' dir='ltr'><strong>ήμάς</strong></span> <span class='ocrx_word' id='word_1_782' title='bbox 3180 4878 3544 4952; x_wconf 82' lang='grc' dir='ltr'>Ἐκκλησίαν,</span> <span class='ocrx_word' id='word_1_783' title='bbox 3593 4885 3665 4958; x_wconf 74' lang='grc' dir='ltr'>ῆν</span> <span class='ocrx_word' id='word_1_784' title='bbox 3709 4903 3859 4957; x_wconf 84' lang='grc' dir='ltr'>περι-</span> 
     </span>
    </p>
   </div>
   <div class='ocr_carea' id='block_1_107' title="bbox 2269 4963 3854 5044">
    <p class='ocr_par' dir='ltr' id='par_1_107' title="bbox 2269 4963 3854 5044">
     <span class='ocr_line' id='line_1_107' title="bbox 2269 4963 3854 5044; baseline 0.008 -27"><span class='ocrx_word' id='word_1_785' title='bbox 2269 4963 2571 5032; x_wconf 83' lang='grc' dir='ltr'>εποιήσατο</span> <span class='ocrx_word' id='word_1_786' title='bbox 2587 4965 2616 5018; x_wconf 86' lang='grc' dir='ltr'><strong>ό</strong></span> <span class='ocrx_word' id='word_1_787' title='bbox 2636 4963 2843 5036; x_wconf 83' lang='grc' dir='ltr'>Κύριος</span> <span class='ocrx_word' id='word_1_788' title='bbox 2871 4967 2968 5022; x_wconf 76' lang='grc' dir='ltr'>καὶ</span> <span class='ocrx_word' id='word_1_789' title='bbox 2992 4967 3125 5032; x_wconf 80' lang='grc' dir='ltr'>Θεὸς</span> <span class='ocrx_word' id='word_1_790' title='bbox 3148 4967 3307 5039; x_wconf 87' lang='grc' dir='ltr'>ήμῶν</span> <span class='ocrx_word' id='word_1_791' title='bbox 3331 4969 3412 5041; x_wconf 83' lang='grc' dir='ltr'>τῷ</span> <span class='ocrx_word' id='word_1_792' title='bbox 3433 4971 3624 5044; x_wconf 84' lang='grc' dir='ltr'>οἱκείῳ</span> <span class='ocrx_word' id='word_1_793' title='bbox 3645 4973 3854 5044; x_wconf 76' lang='grc' dir='ltr'>αἱματι,</span> 
     </span>
    </p>
   </div>
   <div class='ocr_carea' id='block_1_108' title="bbox 2269 5055 3854 5138">
    <p class='ocr_par' dir='ltr' id='par_1_108' title="bbox 2269 5055 3854 5138">
     <span class='ocr_line' id='line_1_108' title="bbox 2269 5055 3854 5138; baseline 0.006 -28"><span class='ocrx_word' id='word_1_794' title='bbox 2269 5057 2409 5128; x_wconf 78' lang='grc' dir='ltr'>Περὶ</span> <span class='ocrx_word' id='word_1_795' title='bbox 2465 5055 2576 5130; x_wconf 82' lang='grc' dir='ltr'>γὰρ</span> <span class='ocrx_word' id='word_1_796' title='bbox 2635 5057 2918 5130; x_wconf 79' lang='grc' dir='ltr'>φλυαριῶν</span> <span class='ocrx_word' id='word_1_797' title='bbox 2970 5059 3385 5134; x_wconf 86' lang='grc' dir='ltr'>φλυαρειτωσαν</span> <span class='ocrx_word' id='word_1_798' title='bbox 3430 5064 3480 5118; x_wconf 88' lang='grc' dir='ltr'><strong>οἱ</strong></span> <span class='ocrx_word' id='word_1_799' title='bbox 3519 5063 3854 5138; x_wconf 80' lang='grc' dir='ltr'>βουλόμενοι’</span> 
     </span>
    </p>
   </div>
   <div class='ocr_carea' id='block_1_109' title="bbox 2268 5149 3859 5231">
    <p class='ocr_par' dir='ltr' id='par_1_109' title="bbox 2268 5149 3859 5231">
     <span class='ocr_line' id='line_1_109' title="bbox 2268 5149 3859 5231; baseline 0.008 -29"><span class='ocrx_word' id='word_1_800' title='bbox 2268 5149 2365 5204; x_wconf 75' lang='grc' dir='ltr'>καὶ</span> <span class='ocrx_word' id='word_1_801' title='bbox 2393 5151 2908 5221; x_wconf 85' lang='grc' dir='ltr'>συκοφαντείτωσαν</span> <span class='ocrx_word' id='word_1_802' title='bbox 2943 5154 2994 5207; x_wconf 91' lang='grc' dir='ltr'><strong>οἱ</strong></span> <span class='ocrx_word' id='word_1_803' title='bbox 3024 5155 3382 5224; x_wconf 83' lang='grc' dir='ltr'>συκοφάνται.</span> <span class='ocrx_word' id='word_1_804' title='bbox 3412 5157 3668 5230; x_wconf 85' lang='grc' dir='ltr'>Ἔτοιμοί</span> <span class='ocrx_word' id='word_1_805' title='bbox 3695 5163 3859 5231; x_wconf 67' lang='grc' dir='ltr'>ἐσμεν</span> 
     </span>
    </p>
   </div>
   <div class='ocr_carea' id='block_1_110' title="bbox 2269 5241 3860 5324">
    <p class='ocr_par' dir='ltr' id='par_1_110' title="bbox 2269 5241 3860 5324">
     <span class='ocr_line' id='line_1_110' title="bbox 2269 5241 3860 5324; baseline 0.008 -30"><span class='ocrx_word' id='word_1_806' title='bbox 2269 5241 2407 5314; x_wconf 67' lang='grc' dir='ltr'>πρὸς</span> <span class='ocrx_word' id='word_1_807' title='bbox 2443 5243 2628 5297; x_wconf 82' lang='grc' dir='ltr'>πᾶσαν</span> <span class='ocrx_word' id='word_1_808' title='bbox 2658 5243 2980 5314; x_wconf 86' lang='grc' dir='ltr'>ἀπολογίαν,</span> <span class='ocrx_word' id='word_1_809' title='bbox 3019 5246 3160 5318; x_wconf 75' lang='grc' dir='ltr'>πρὸς</span> <span class='ocrx_word' id='word_1_810' title='bbox 3187 5250 3370 5303; x_wconf 80' lang='grc' dir='ltr'>πᾶσαν</span> <span class='ocrx_word' id='word_1_811' title='bbox 3389 5249 3638 5306; x_wconf 83' lang='grc' dir='ltr'>διάλυσιν</span> <span class='ocrx_word' id='word_1_812' title='bbox 3661 5249 3860 5324; x_wconf 78' lang='grc' dir='ltr'>προτά-</span> 
     </span>
    </p>
   </div>
   <div class='ocr_carea' id='block_1_111' title="bbox 2270 5338 3859 5416">
    <p class='ocr_par' dir='ltr' id='par_1_111' title="bbox 2270 5338 3859 5416">
     <span class='ocr_line' id='line_1_111' title="bbox 2270 5338 3859 5416; baseline -0.001 -15"><span class='ocrx_word' id='word_1_813' title='bbox 2270 5350 2409 5400; x_wconf 86' lang='grc' dir='ltr'>σεως</span> <span class='ocrx_word' id='word_1_814' title='bbox 2441 5338 2908 5410; x_wconf 76' lang='grc' dir='ltr'>κατηγορητικῆς.</span> <span class='ocrx_word' id='word_1_815' title='bbox 2925 5339 3080 5394; x_wconf 76' lang='grc' dir='ltr'>Φίλοι</span> <span class='ocrx_word' id='word_1_816' title='bbox 3106 5340 3199 5395; x_wconf 86' lang='grc' dir='ltr'>καὶ</span> <span class='ocrx_word' id='word_1_817' title='bbox 3227 5342 3470 5414; x_wconf 85' lang='grc' dir='ltr'>ύμνηταί</span> <span class='ocrx_word' id='word_1_818' title='bbox 3498 5361 3594 5398; x_wconf 90' lang='grc' dir='ltr'><strong>σου</strong></span> <span class='ocrx_word' id='word_1_819' title='bbox 3622 5346 3859 5416; x_wconf 77' lang='grc' dir='ltr'>ὑπάρχο-</span> 
     </span>
    </p>
   </div>
   <div class='ocr_carea' id='block_1_112' title="bbox 2271 5427 3859 5500">
    <p class='ocr_par' dir='ltr' id='par_1_112' title="bbox 2271 5427 3859 5500">
     <span class='ocr_line' id='line_1_112' title="bbox 2271 5427 3859 5500; baseline 0.004 -19"><span class='ocrx_word' id='word_1_820' title='bbox 2271 5445 2374 5497; x_wconf 88' lang='grc' dir='ltr'><strong>μεν</strong></span> <span class='ocrx_word' id='word_1_821' title='bbox 2395 5441 2414 5459; x_wconf 82' lang='lat'><strong><em>°</em></strong></span> <span class='ocrx_word' id='word_1_822' title='bbox 2445 5427 2542 5482; x_wconf 66' lang='grc' dir='ltr'>καὶ</span> <span class='ocrx_word' id='word_1_823' title='bbox 2569 5427 2714 5500; x_wconf 87' lang='grc' dir='ltr'>μάλα</span> <span class='ocrx_word' id='word_1_824' title='bbox 2743 5443 2808 5499; x_wconf 90' lang='grc' dir='ltr'><strong>γε</strong></span> <span class='ocrx_word' id='word_1_825' title='bbox 2839 5431 2949 5485; x_wconf 84' lang='grc' dir='ltr'><strong>τῶν</strong></span> <span class='ocrx_word' id='word_1_826' title='bbox 2971 5431 3385 5488; x_wconf 78' lang='grc' dir='ltr'>εὐσεϐεστάτων</span> <span class='ocrx_word' id='word_1_827' title='bbox 3414 5435 3510 5490; x_wconf 81' lang='grc' dir='ltr'><strong>καὶ</strong></span> <span class='ocrx_word' id='word_1_828' title='bbox 3531 5436 3859 5491; x_wconf 83' lang='grc' dir='ltr'>καλλινίκων</span> 
     </span>
    </p>
   </div>
   <div class='ocr_carea' id='block_1_113' title="bbox 2266 5519 3858 5598">
    <p class='ocr_par' dir='ltr' id='par_1_113' title="bbox 2266 5519 3858 5598">
     <span class='ocr_line' id='line_1_113' title="bbox 2266 5519 3858 5598; baseline 0.004 -26"><span class='ocrx_word' id='word_1_829' title='bbox 2266 5519 2426 5591; x_wconf 79' lang='grc' dir='ltr'>ἡμῶν</span> <span class='ocrx_word' id='word_1_830' title='bbox 2457 5519 2757 5580; x_wconf 77' lang='grc' dir='ltr'>δεσποτῶν.</span> <span class='ocrx_word' id='word_1_831' title='bbox 2791 5523 2904 5577; x_wconf 77' lang='grc' dir='ltr'><strong>Καὶ</strong></span> <span class='ocrx_word' id='word_1_832' title='bbox 2929 5523 3100 5579; x_wconf 76' lang='grc' dir='ltr'>όντων</span> <span class='ocrx_word' id='word_1_833' title='bbox 3133 5525 3292 5598; x_wconf 85' lang='grc' dir='ltr'>ήμῶν</span> <span class='ocrx_word' id='word_1_834' title='bbox 3323 5525 3519 5594; x_wconf 80' lang='grc' dir='ltr'>οὕτως,</span> <span class='ocrx_word' id='word_1_835' title='bbox 3556 5527 3698 5593; x_wconf 84' lang='grc' dir='ltr'>τίνος</span> <span class='ocrx_word' id='word_1_836' title='bbox 3737 5527 3858 5581; x_wconf 74' lang='grc' dir='ltr'>ἔνε-</span> 
     </span>
    </p>
   </div>
   <div class='ocr_carea' id='block_1_114' title="bbox 2265 5605 3858 5693">
    <p class='ocr_par' dir='ltr' id='par_1_114' title="bbox 2265 5605 3858 5693">
     <span class='ocr_line' id='line_1_114' title="bbox 2265 5605 3858 5693; baseline 0.004 -27"><span class='ocrx_word' id='word_1_837' title='bbox 2265 5627 2362 5666; x_wconf 90' lang='grc' dir='ltr'><strong>κεν</strong></span> <span class='ocrx_word' id='word_1_838' title='bbox 2393 5611 2427 5684; x_wconf 89' lang='grc' dir='ltr'><strong>ή</strong></span> <span class='ocrx_word' id='word_1_839' title='bbox 2457 5615 2671 5687; x_wconf 88' lang='grc' dir='ltr'>ταραχή</span> <span class='ocrx_word' id='word_1_840' title='bbox 2701 5631 2717 5682; x_wconf 88' lang='lat'><strong>;</strong></span> <span class='ocrx_word' id='word_1_841' title='bbox 2752 5605 2964 5682; x_wconf 67' lang='grc' dir='ltr'>οὗτινος</span> <span class='ocrx_word' id='word_1_842' title='bbox 3001 5616 3167 5688; x_wconf 83' lang='grc' dir='ltr'>χάριν</span> <span class='ocrx_word' id='word_1_843' title='bbox 3199 5620 3544 5693; x_wconf 87' lang='grc' dir='ltr'>συμϐήσεται</span> <span class='ocrx_word' id='word_1_844' title='bbox 3583 5620 3618 5676; x_wconf 80' lang='grc' dir='ltr'><strong>ἀ</strong></span> <span class='ocrx_word' id='word_1_845' title='bbox 3648 5617 3858 5692; x_wconf 84' lang='grc' dir='ltr'>συμϐή-</span> 
     </span>
    </p>
   </div>
   <div class='ocr_carea' id='block_1_115' title="bbox 2268 5705 3852 5787">
    <p class='ocr_par' dir='ltr' id='par_1_115' title="bbox 2268 5705 3852 5787">
     <span class='ocr_line' id='line_1_115' title="bbox 2268 5705 3852 5787; baseline 0.009 -33"><span class='ocrx_word' id='word_1_846' title='bbox 2268 5716 2451 5769; x_wconf 83' lang='grc' dir='ltr'>σεται,</span> <span class='ocrx_word' id='word_1_847' title='bbox 2501 5705 2661 5779; x_wconf 71' lang='grc' dir='ltr'>εἴπερ</span> <span class='ocrx_word' id='word_1_848' title='bbox 2690 5707 2914 5763; x_wconf 71' lang='grc' dir='ltr'>ἱναντία</span> <span class='ocrx_word' id='word_1_849' title='bbox 2938 5709 3048 5764; x_wconf 82' lang='grc' dir='ltr'><strong>τῶν</strong></span> <span class='ocrx_word' id='word_1_850' title='bbox 3079 5711 3175 5767; x_wconf 85' lang='grc' dir='ltr'><strong>τοῦ</strong></span> <span class='ocrx_word' id='word_1_851' title='bbox 3209 5711 3345 5767; x_wconf 91' lang='grc' dir='ltr'>Θεοῦ</span> <span class='ocrx_word' id='word_1_852' title='bbox 3379 5713 3852 5787; x_wconf 76' lang='grc' dir='ltr'>προσταγμάτωνς</span> 
     </span>
    </p>
   </div>
   <div class='ocr_carea' id='block_1_116' title="bbox 2267 5793 3468 5879">
    <p class='ocr_par' dir='ltr' id='par_1_116' title="bbox 2267 5793 3468 5879">
     <span class='ocr_line' id='line_1_116' title="bbox 2267 5793 3468 5879; baseline 0.013 -33"><span class='ocrx_word' id='word_1_853' title='bbox 2267 5793 2505 5865; x_wconf 78' lang='grc' dir='ltr'>Χάρισαι</span> <span class='ocrx_word' id='word_1_854' title='bbox 2539 5797 2674 5867; x_wconf 81' lang='grc' dir='ltr'><strong>ήμὶν</strong></span> <span class='ocrx_word' id='word_1_855' title='bbox 2697 5797 2808 5870; x_wconf 78' lang='grc' dir='ltr'><strong>τήν</strong></span> <span class='ocrx_word' id='word_1_856' title='bbox 2827 5799 2983 5872; x_wconf 86' lang='grc' dir='ltr'>ἱεράν</span> <span class='ocrx_word' id='word_1_857' title='bbox 3006 5818 3100 5857; x_wconf 88' lang='grc' dir='ltr'><strong>σου</strong></span> <span class='ocrx_word' id='word_1_858' title='bbox 3131 5806 3468 5879; x_wconf 85' lang='grc' dir='ltr'>προσευχήν.</span> 
     </span>
    </p>
   </div>
  </div>
