4044 6366
201 322 343 389 1009

249 439 378 492 AA’.
397 465 466 478 -—-
499 434 627 502 Τοῖς
652 432 725 489 ἐν
755 433 835 500 τῷ
850 433 1257 490 Σακκουδίωνι
1287 433 1593 505 ἀδελφοῖς.
1637 432 1791 507 [vni]

1427 315 1970 383 EPISTOLARUM
1993 315 2142 379 LIB.
2178 317 2230 376 I-

3350 318 3486 386 1010

2007 431 2206 488 XXXI.
2235 462 2300 471 -—
2334 430 2607 486 Fratribus
2628 431 2715 501 qui
2745 440 2865 486 sunt
2897 434 2950 487 iu
2975 431 3323 490 Saccadioue.

603 549 847 599 Hortatur
871 548 933 599 ad
951 551 1281 599 constantiam
1309 550 1548 602 adversus
1566 562 1816 602 sacrarum
1837 546 2008 613 legum
2032 548 2455 611 praevaricatores.
2483 547 2687 611 (Baron.
2709 560 2789 597 an.
2811 547 2921 609 808,
2942 562 2994 611 ιι.
3023 549 3096 610 2.)

268 656 419 721 Ἕως
463 655 566 725 μὲν
612 650 682 727 ἦν
713 655 909 727 καιρὸς
936 654 1031 711 τοῦ
1061 657 1370 727 οἰκονομεῖν
1403 657 1498 710 καὶ
1524 655 1792 728 κρύπτειν

1964 653 2221 720 Quandiu
2273 662 2489 723 tempus
2536 652 2637 709 fuit
2662 652 3064 719 dissimulandi,
3093 664 3149 709 et
3171 659 3481 714 occultandi

193 749 297 822 τὴν
318 748 579 802 ὑπόθεσιν
599 747 702 818 τῆς
725 747 1123 819 άκοινωνησίας
1149 748 1350 821 Ἰωσὴφ
1368 748 1463 802 τοῦ
1482 747 1789 819 οἰκονόμου,

200 840 499 911 ἐποιοῦμεν
548 838 734 904 τοῦτο,
766 839 936 893 τέκνα
964 838 1062 892 καὶ
1091 838 1331 908 ἀδελφοὶ,
1361 839 1461 892 οὐκ
1514 840 1579 893 ἐκ
1624 837 1791 908 φόϐου

195 930 586 1005 κρατούμενοι,
628 929 734 984 κᾶν
777 930 1103 1002 ἁμαρτωλοὶ
1146 934 1527 1002 τυγχάνωμεν,
1586 930 1701 986 ἀλλ’
1732 930 1793 999 ἐξ

194 1020 554 1093 οἰκονομικῆς
578 1019 1078 1089 συγκαταϐάσεωςο
1102 1020 1503 1093 ἐκμιμούμενοι
1525 1038 1645 1085 πως
1665 1020 1793 1085 τοὺς

195 1113 390 1182 ἁγίους
422 1110 675 1184 Πατέρας
704 1111 864 1182 ἡμῶν
883 1126 899 1142 ⁸
931 1111 1076 1166 καθὰ
1119 1113 1369 1167 κάκεϊνοι
1410 1114 1469 1166 ἐν
1500 1112 1681 1184 καιρῷ
1712 1111 1792 1183 τῷ

194 1204 372 1259 δέοντι
424 1203 722 1275 χρώμενοι,
763 1201 939 1275 ταύτῃ
997 1202 1349 1275 ὑπεξήγαγον
1397 1205 1626 1268 ἑαυτοὺς
1679 1205 1791 1259 τῶν

194 1293 566 1366 πειρασμῶνο
609 1293 673 1346 τὸ
713 1293 814 1364 μὲν
852 1293 1182 1365 φειδόμενοι
1225 1293 1336 1347 τῶν
1383 1294 1792 1367 ἀσθενεστέρων

196 1388 297 1442 καὶ
328 1385 641 1441 κακούντων
664 1403 679 1418 ο
706 1385 769 1439 τὸ
795 1386 854 1440 δὲ
884 1386 1082 1459 μικρὸν
1115 1386 1492 1451 ύπενδιδόντες
1516 1386 1789 1459 κυϐερνη-

194 1480 372 1544 τικῶς
387 1498 402 1512 ’
434 1481 521 1534 ’ίνα
543 1479 606 1532 τὸ
629 1479 965 1550 ζητούμενον
990 1481 1187 1552 μικρὸν
1207 1479 1434 1552 ὕστερον
1459 1478 1789 1536 ἀντιλάϐωσι

196 1572 556 1644 κατόρθωμα.
601 1573 772 1625 Ἐπὰν
819 1572 880 1625 δέ
921 1572 1017 1627 νῦν
1068 1572 1368 1642 εὐδόκησεν
1397 1571 1602 1642 ἀγαθὸς
1629 1572 1790 1643 ἡμῶν

192 1662 331 1726 Θεὸς
370 1664 452 1725 εἰς
500 1661 780 1734 προῦπτον
826 1661 1058 1732 ἐκϐῆναι
1090 1663 1192 1732 τὴν
1222 1663 1482 1717 ὑπόθεσιν
1512 1661 1788 1734 φανερῶς,

194 1754 327 1824 ἄρτι
355 1754 452 1810 καὶ
482 1752 793 1824 γράφομεν.
825 1754 952 1817 Πῶς
984 1753 1075 1821 δέ;
1102 1753 1192 1808 διά
1234 1753 1335 1824 τῆς
1367 1752 1464 1807 τοῦ
1501 1752 1787 1823 λογοθέτου

194 1845 295 1901 τοῦ
326 1845 543 1917 Δρόμου
572 1844 686 1916 (25)
717 1846 1136 1917 ἐπερωτήσεως,
1178 1847 1274 1903 καὶ
1319 1846 1421 1918 τῆς
1450 1846 1590 1919 πρὸς
1624 1845 1790 1901 αὐτὸν

192 1939 293 1993 τοῦ
319 1939 756 2011 ἀρχιεπισκόπου
780 1939 1146 2010 ἀποκρίσεως.

1895 744 2183 801 consilium
2238 759 2351 800 non
2401 745 2841 801 commnnicandi
2883 760 3009 801 cum
3060 746 3302 819 Josepho
3331 766 3483 806 oeco-

1893 850 2080 899 nomo,
2139 836 2370 891 iecimus
2424 836 2498 901 id,
2536 835 2631 891 ﬁlii
2662 850 2729 891 ac
2755 836 2972 902 fratres,
3008 852 3117 892 non
3157 847 3306 894 metu
3356 856 3482 895 cor-

1895 923 2035 992 repti
2060 924 2309 992 quamvis
2349 932 2665 992 peccatores
2706 923 2919 979 simus:
2955 926 3050 981 sed
3084 925 3482 997 dispensatorie

1894 1015 2441 1078 condescendentes,
2473 1014 2861 1084 imitantesque
2902 1016 3306 1085 quodammodo
3351 1033 3482 1072 sans

1894 1115 2014 1162 ctos
2041 1108 2233 1163 Patres
2252 1117 2492 1171 nostros,
2516 1116 2789 1177 quatenus
2815 1108 2971 1162 etilli
3002 1118 3314 1178 opportuno
3341 1120 3481 1165 tem-

1892 1215 2026 1270 pore
2059 1200 2202 1255 idem
2258 1201 2636 1265 observantes,
2691 1199 3077 1255 subduxerunt
3105 1203 3316 1272 seipsos
3362 1212 3481 1257 ten-

1892 1290 2220 1356 tationibus;
2265 1291 2466 1362 partim
2499 1290 2743 1361 quidem,
2771 1300 2829 1346 ut
2851 1290 3243 1346 inﬁrmioribus
3281 1300 3337 1346 et
3384 1307 3479 1347 ve—

1892 1382 2148 1437 xantibus
2174 1391 2486 1452 parcerent,
2512 1381 2713 1452 partim
2742 1390 2802 1437 ut
2828 1381 3226 1451 aliquantulum
3287 1384 3481 1437 remit-

1893 1482 2097 1540 tentes,
2148 1474 2576 1544 gubernatorum
2626 1490 2800 1541 mere,
2854 1489 3083 1545 scopum
3130 1474 3477 1544 postmodum

1890 1567 2243 1636 attingerent.
2302 1564 2458 1622 Nunc
2509 1581 2642 1622 vero
2688 1575 2976 1637 postquam
3028 1567 3237 1638 optimo
3292 1577 3482 1622 nostro

1891 1658 2005 1714 Deo
2026 1659 2107 1714 sic
2135 1659 2313 1714 visum
2339 1668 2443 1725 est,
2465 1668 2527 1714 ut
2560 1660 2615 1713 in
2658 1668 2910 1729 apertum
2934 1675 3024 1715 res
3065 1660 3329 1729 prodiret,
3353 1660 3485 1715 serio

1889 1751 2073 1807 bimus
2120 1760 2178 1806 et
2237 1750 2362 1821 ipsi.
2425 1748 2712 1816 Quomodo
2757 1749 2994 1804 autem!
3030 1748 3136 1805 Per
3189 1750 3483 1821 logotheta

1890 1843 2075 1899 Dromi
2121 1843 2607 1915 interrogationem
2657 1852 2714 1898 et
2759 1842 3169 1913 archiepiscopi
3242 1857 3478 1914 respon-

1890 1937 2123 1993 sionem.

264 2004 569 2101 οηᾶῐγάρ,
602 2033 702 2086 Διὰ
725 2032 781 2086 τί
809 2004 1038 2096 ἓως-τοῦ
1067 2030 1340 2104 παρόντος
1369 2031 1432 2086 οὐ
1458 2032 1787 2088 συνεκοινώ-

1962 2024 2055 2082 Sic
2075 2025 2223 2081 enim
2257 2024 2349 2080 ille
2380 2042 2395 2080 :
2455 2024 2569 2081 Cur
2604 2024 2896 2090 hactenus,
2957 2025 3155 2096 inquit,
3190 2024 3479 2081 nobiscum

193 2140 375 2194 νησας
422 2125 592 2194 ⁴ἡμῖν,
648 2126 746 2177 καὶ
792 2124 871 2195 τῷ
906 2123 1245 2196 πατριάρχῃ,
1280 2122 1554 2178 τοσούτων
1582 2124 1787 2213 ἐορτρν

192 2214 566 2280 διελθουσῶν;
623 2217 719 2269 καὶ
760 2216 844 2269 ὅτι
883 2216 1004 2270 είπέ
1035 2217 1325 2290 παρρησίᾳ
1355 2217 1416 2271 τὸ
1444 2219 1638 2273 αῐτιον.
1676 2216 1788 2271 Καὶ

193 2304 554 2373 ὡμολόγησεν
603 2306 632 2358 ό
678 2304 1151 2376 άρχιεπίσκοπος,
1203 2308 1301 2361 καὶ
1350 2307 1451 2363 οὐκ
1485 2309 1784 2379 ἠρνήσατο,

193 2395 296 2450 καὶ
322 2395 681 2468 ὡμολόγησεν
698 2412 712 2426 ·
763 2398 847 2452 ὅτι
876 2396 1003 2452 οὔτε
1034 2398 1173 2470 πρὸς
1198 2400 1330 2464 τοὺς
1355 2400 1603 2465 εὐσεϐεῖς
1627 2403 1660 2471 ή
1670 2399 1788 2471 μῶν

200 2485 453 2554 βασιλεῖς
482 2486 593 2557 ἔχω
620 2503 696 2553 τι,
725 2487 837 2541 οὐδ’
860 2484 929 2543 αὖ
963 2488 1102 2558 πρὸς
1127 2489 1217 2543 τὸν
1245 2492 1617 2561 πατριάρχην·
1650 2489 1789 2545 ἀλλὰ

193 2574 341 2646 πρὸς
370 2575 462 2628 τὸν
488 2577 778 2646 οἰκονόμον
797 2614 813 2641 ,
865 2576 957 2631 τὸν
992 2581 1421 2646 στεφανώσαντα
1452 2578 1545 2634 τὸν
1575 2580 1785 2650 μοιχὸν,

193 2665 301 2718 καὶ
351 2664 444 2720 διὰ
483 2665 647 2720 τοῦτο
690 2666 1082 2739 καθῃρημένον
1118 2669 1273 2741 παρὰ
1299 2668 1409 2723 τῶν
1437 2671 1599 2741 ίερῶν
1625 2672 1788 2726 κανό-

189 2774 328 2813 νων.
371 2758 516 2830 Πρές
566 2754 651 2825 οἷς
678 2759 975 2831 ἀπόκρισις
1004 2760 1100 2814 τοῦ
1128 2759 1421 2831 λογοθέτου
1442 2778 1458 2794 ο
1495 2764 1579 2818 ὃτι
1611 2766 1662 2818 οί
1694 2764 1789 2818 εὐι-

200 2850 389 2913 σεϐεῖς
416 2850 576 2921 ἡμῶν
604 2850 846 2922 βασιλεῖς
881 2852 1074 2923 χρείαν
1104 2869 1202 2906 σου
1230 2852 1333 2908 οὐκ
1360 2852 1577 2926 ἔχουσιν
1595 2872 1613 2890 ο
1663 2855 1809 2911 οὔτε·

192 2943 257 2995 ις)
284 2942 688 3015 Θεσσαλονικῖμ
723 2942 846 2997 οὔτε
874 2943 1036 3016 άλλη.
1546 2986 1551 2989 -

272 3035 422 3099 Ἕως
445 3035 639 3090 τούτου
672 3036 812 3107 μήτε
835 3019 1001 3100 εὐθὺς
1042 3037 1495 3111 άνταποκρίσεως
1517 3039 1788 3113 δοθείσης,

197 3127 347 3199 μήτε
375 3127 571 3197 ἐτέρας
594 3128 922 3201 ἐρωτήσεως
949 3128 1321 3202 προταθείσης
1347 3130 1454 3196 ἕως
1475 3132 1569 3186 τοῦ
1592 3132 1793 3204 παρόν-

192 3235 294 3281 τος
343 3217 680 3274 διελθουσῶν.
717 3218 943 3291 ἡμερῶν
985 3220 1329 3294 δεκατριῶν’
1382 3224 1418 3295 ἢ
1470 3223 1660 3295 μόνον,
1706 3225 1791 3281 ὅτι

1888 2133 1999 2174 non
2037 2118 2437 2187 communicas,
2462 2131 2564 2172 nec
2605 2132 2728 2173 cum
2787 2117 3094 2187 patriarcha
3141 2137 3155 2173 :
3214 2132 3339 2173 cum
3399 2125 3479 2173 tot

1888 2211 2010 2267 dies
2046 2210 2171 2266 festi
2203 2209 2608 2282 praeterierint?
2648 2210 2745 2265 Dic
2774 2226 2999 2267 causam
3030 2211 3389 2276 conﬁdenter,
3420 2221 3479 2266 et
3552 2230 3553 2233 η

1889 2302 2176 2360 confessus
2224 2310 2310 2358 est
2353 2301 2821 2373 archiepiscopus,
2866 2310 2921 2357 et
2968 2317 3079 2357 non
3146 2304 3380 2375 negavit,
3423 2312 3481 2359 et

1890 2395 2179 2453 confessus
2208 2404 2338 2451 est:
2377 2394 2563 2466 Neque
2613 2395 2880 2451 adversus
2931 2396 3051 2466 pios
3118 2397 3481 2467 imperatores

1891 2498 2114 2545 nostros
2146 2488 2448 2560 quidquam
2499 2488 2696 2556 habeo,
2751 2504 2929 2559 neque
2983 2504 3176 2544 rursus
3212 2490 3478 2546 adversus

1898 2579 2271 2650 patriarcham
2305 2597 2319 2633 :
2371 2579 2463 2635 sed
2495 2580 2756 2635 adversus
2778 2595 3148 2644 meonomum,
3182 2583 3276 2651 qui
3320 2582 3481 2637 adul-

1893 2678 2069 2725 terum
2093 2669 2397 2735 coronavit,
2450 2667 2685 2737 ideoque
2733 2669 3016 2740 depositus
3065 2681 3150 2727 est
3175 2672 3349 2728 sacris
3387 2687 3481 2728 ca-

1892 2764 2154 2821 nouibus.
2186 2764 2269 2820 Ad
2298 2779 2420 2835 quae
2447 2763 2722 2835 logotheta
2755 2781 2769 2819 :
2802 2762 2883 2818 Pii
2918 2764 3276 2834 imperatores
3308 2766 3481 2822 nostri

1895 2865 1948 2913 te
1970 2871 2111 2928 opus
2134 2871 2244 2912 non
2269 2855 2491 2922 habent,
2517 2871 2619 2912 nec
2645 2854 3069 2923 Thessalonicae,
3105 2872 3205 2912 nec
3237 2857 3394 2913 alibi.

1965 3031 2097 3088 Post
2144 3032 2261 3087 haec
2304 3046 2484 3102 neque
2532 3046 2856 3102 responsum
2892 3034 3132 3104 amplius
3158 3034 3344 3089 datum
3378 3049 3484 3101 est,

1896 3142 2001 3183 nec
2060 3127 2421 3197 interrogatio
2455 3126 2564 3181 alia
2609 3128 2934 3197 proposita:
2998 3143 3124 3184 cum
3192 3143 3368 3200 usque
3416 3130 3484 3185 ad

1899 3219 2047 3277 hunc
2088 3220 2235 3277 diem
2264 3219 2436 3291 elapsi
2464 3220 2577 3276 sint.
2629 3220 2748 3275 dies
2807 3220 3069 3284 tredecim
3104 3238 3120 3277 :
3163 3222 3268 3277 nisi
3339 3222 3486 3293 quod

194 3309 578 3415 πεπόμφαμεν
628 3310 935 3382 γράμματα
1001 3313 1140 3384 πρὸς
1188 3312 1280 3367 τὸν
1331 3313 1491 3385 κῢριν
1528 3316 1790 3387 Συμεών·

1899 3313 2112 3368 litteras
2184 3311 2440 3368 misimus
2485 3312 2554 3367 ad
2591 3311 2877 3367 dominum
2945 3311 3281 3379 Simeonem,
3349 3329 3488 3384 quas

195 3400 237 3457 ἃ
263 3398 416 3454 ἔνδον
437 3399 550 3453 τῶν
573 3402 922 3472 γραμμάτων
946 3402 1297 3474 ἐστείλαμενυ
1326 3404 1466 3476 πρὸς
1487 3405 1548 3458 τδ
1568 3405 1795 3475 διαγνῶ-

195 3507 298 3548 ναι
327 3491 477 3562 ὑμᾶς
504 3493 606 3563 τὴν
632 3492 763 3564 ὅλην
786 3492 1019 3565 δύναμιν
1050 3494 1149 3548 τοῦ
1176 3495 1531 3566 πράγματος.
1565 3497 1796 3570 Ἐξηχή-

199 3582 275 3653 θη
306 3583 366 3638 δὲ
395 3585 430 3654 ἡ
461 3582 723 3647 ὑπόθεσις
753 3584 848 3638 ἐπί
877 3601 938 3641 τε
969 3584 1066 3638 τοῦ
1096 3587 1465 3659 πατριάρχου,
1490 3589 1585 3643 καὶ
1612 3589 1795 3662 πάσης

196 3678 305 3748 τῆς
336 3677 549 3741 πόλεως
582 3677 768 3747 σχεδόν
792 3694 806 3708 ·
865 3679 963 3732 καί
1006 3679 1114 3732 εἰσὶ
1151 3680 1250 3749 μὲν
1292 3680 1480 3734 πολλοὶ
1511 3682 1795 3737 συνθλιϐό⁸

200 3784 363 3840 μενοι
414 3768 510 3822 καὶ
559 3768 1043 3839 συμφθεγγόμενοι
1088 3772 1256 3841 ἡμῖν’
1305 3771 1445 3827 ἀλλὰ
1486 3774 1795 3846 νυκτερινοὶ

199 3858 503 3924 θεοσεϐεῖς,
534 3862 632 3913 καὶ
664 3862 739 3931 μὴ
765 3859 1062 3930 δυνάμενοι
1086 3862 1144 3915 ἐν
1187 3862 1330 3931 φωτὶ
1382 3865 1796 3938 παρρησιασθῆ-

197 3970 315 4006 ναι.
362 3951 557 4022 Ἡμεῖς
582 3951 663 4019 δὲ,
694 3953 868 4007 τέκνα
902 3953 999 4006 καὶ⁸
1027 3953 1280 4024 ἀδελφοὶ,
1316 3957 1385 4027 τῇ
1420 3959 1499 4022 εἰς
1524 3957 1661 4012 Θεὸν
1691 3975 1794 4012 πε-

198 4045 496 4117 ποιθήσει,
554 4048 653 4100 καὶ
700 4049 768 4118 τῇ
798 4050 900 4118 τῆς
926 4046 1188 4120 ἀληθείας
1219 4048 1533 4119 ἑδραιώσει,
1566 4051 1704 4124 αὐτῇ
1732 4066 1794 4107 τε

196 4141 269 4210 τῇ
318 4139 817 4209 προσγεγενημένη
870 4140 968 4194 καὶ
1017 4140 1402 4213 ἀποφανθείσῃ
1442 4142 1667 4197 ἐκϐάσει
1701 4142 1795 4198 τοῦ

194 4230 417 4284 δικαίου
466 4232 610 4283 κατὰ
656 4233 724 4284 τὰ
770 4230 1162 4302 ὑποδειχθέντα
1195 4234 1254 4286 ἐν
1282 4233 1362 4304 τῷ
1384 4233 1596 4305 κόσμῳ,
1631 4235 1712 4294 είς
1735 4251 1796 4289 τε

194 4323 295 4375 τὸν
322 4321 717 4392 μοιχεύσαντα,
756 4325 851 4375 καὶ
880 4324 1012 4387 τοὺς
1044 4325 1521 4396 συνεργήσαντας·
1556 4325 1798 4392 ὰκλινεϊς

194 4414 375 4483 ἐσμεν
418 4413 518 4484 τῆς
546 4412 769 4483 ἐντολῆς
803 4414 899 4467 καὶ
929 4414 1036 4468 τῶν
1064 4416 1348 4487 πατρικῶν
1376 4416 1615 4472 κανόνων
1634 4432 1650 4449 ⁸
1701 4419 1798 4473 καὶ

195 4506 306 4559 οὐκ
352 4503 703 4575 ἐνδώσομεν,
768 4505 894 4560 ούδέ
942 4505 1299 4578 προδώσομεν
1343 4511 1443 4580 τὴν
1477 4508 1791 4564 εὐσέϐειαν·

195 4598 325 4653 οὐδ’
370 4597 435 4649 οὐ
490 4596 599 4667 μὴν
648 4596 1036 4670 καταλύσομεν
1091 4599 1129 4653 ὃ.
1171 4599 1354 4664 καλῶς
1400 4602 1794 4674 προῳκοδομή-

1900 3404 2022 3460 istis
2042 3402 2398 3469 inseruimus,
2440 3413 2502 3458 ut
2524 3404 2694 3458 totius
2726 3403 2804 3459 rei
2834 3410 3088 3458 naturam
3116 3406 3484 3474 cognoscatis.

1899 3494 2154 3552 Pervenit
2181 3503 2366 3552 autem
2410 3510 2496 3551 res
2526 3496 2593 3551 ad
2641 3496 2970 3567 patriarchae
3009 3512 3197 3563 aures,
3224 3509 3282 3553 et
3320 3498 3488 3554 totius

1900 3589 2074 3647 ferme
2094 3588 2357 3646 civitatis.
2396 3588 2461 3644 Et
2505 3597 2636 3645 sunt
2683 3604 2819 3647 sane
2850 3589 3005 3645 multi
3042 3590 3135 3661 qui
3196 3590 3487 3645 nobiscum

1885 3682 2212 3753 .aﬁligantur
2257 3690 2314 3739 et
2345 3683 2712 3748 consentiant,
2741 3681 2837 3739 sed
2869 3683 3129 3738 nocturni
3163 3680 3260 3738 Dei
3306 3681 3487 3739 culto-

1903 3791 2014 3842 res,
2045 3775 2141 3846 qui
2175 3775 2230 3830 in
2258 3774 2374 3830 sole
2396 3774 2703 3831 libertatem
2751 3774 3043 3831 ostendere
3098 3789 3206 3829 non
3248 3773 3483 3844 possint.

1900 3869 2015 3925 Nos
2045 3883 2198 3937 vero,
2244 3868 2343 3923 ﬁlii
2373 3876 2429 3924 et
2479 3866 2696 3935 fratres,
2732 3868 2930 3923 ﬁducia
2964 3867 3019 3922 in
3074 3866 3246 3923 Deum
3273 3868 3405 3933 nixi,
3432 3873 3487 3923 et

1902 3962 2150 4017 veritatis
2176 3959 2550 4023 fundamento,
2591 3958 2825 4029 ipsoque
2865 3957 3165 4028 praeterito,
3212 3965 3267 4013 et
3301 3958 3483 4028 palam

1902 4055 2089 4126 agnito
2146 4054 2373 4125 iustitiae
2433 4062 2655 4119 eventu,
2689 4053 2745 4107 in
2794 4051 2864 4106 iis
2892 4067 3017 4123 qua
3063 4050 3302 4107 mundus
3353 4050 3488 4107 vidit

1905 4149 2049 4204 circa
2096 4148 2402 4202 adulterum
2458 4145 2688 4216 ejusque
2721 4144 3001 4214 adjutores
3033 4161 3049 4199 :
3082 4143 3392 4198 immobiles
3430 4143 3486 4197 in

1903 4239 2163 4295 mandato
2209 4237 2566 4308 paternisque
2592 4235 2897 4291 canonibus
2943 4235 3269 4291 insistamus
3316 4252 3331 4289 :
3388 4248 3489 4288 nec

1903 4334 2168 4390 dedamus
2198 4347 2323 4396 nos,
2364 4347 2465 4387 nec
2490 4330 2787 4401 prodamus
2813 4330 3073 4399 pietatem
3100 4345 3113 4381 :
3146 4342 3322 4396 neque
3349 4324 3488 4380 adeo

1902 4426 2253 4481 destruamus
2283 4439 2405 4495 quae
2438 4438 2535 4493 per
2554 4422 2733 4478 exsilii
2766 4421 3131 4477 constantiam
3173 4427 3320 4475 recte
3351 4418 3489 4474 aedi-

1903 4498 2233 4581 ﬁcavimus;
2266 4530 2336 4570 ne
2380 4513 2517 4585 legis
2547 4513 2998 4584 praevaricatores
3036 4511 3322 4577 videamur
3352 4528 3366 4565 :
3399 4511 3487 4564 di-

1878 4609 2033 4671 ,vina
2056 4615 2238 4663 autem
2268 4606 2386 4678 lege
2418 4607 2595 4662 innixi
2631 4607 2936 4673 vincamus,
2976 4614 3037 4660 ut
3065 4614 3192 4661 ante
3231 4605 3486 4666 vicimus,

196 4706 385 4759 σαμεν
405 4728 422 4752 ,
475 4689 565 4743 διὰ
610 4691 711 4760 τῆς
752 4691 899 4744 κατὰ
926 4691 1028 4761 τὴν
1060 4690 1277 4761 ἐξορίαν
1309 4694 1622 4757 ἐνστάσεως
1644 4710 1657 4726 ·
1709 4694 1792 4748 ἴνα

1905 4702 2087 4758 omnia
2135 4711 2407 4770 optantes,
2461 4700 2647 4756 omnia
2696 4701 3052 4762 sustinentes,
3091 4700 3139 4753 si
3174 4697 3488 4768 permiserit

195 4781 280 4853 μὴ
318 4779 738 4851 ἁποδειχθῶμεν
779 4782 1101 4850 παραϐάται
1134 4784 1301 4854 νόμου
1324 4800 1338 4814 ⁸
1390 4784 1543 4857 νόμῳ
1572 4786 1631 4840 δέ
1665 4786 1792 4857 θείῳ

1902 4794 2069 4859 Deus,
2108 4793 2455 4863 potiusquam
2487 4800 2547 4845 ut
2600 4791 2746 4846 illius
2801 4804 3103 4859 eorumque
3131 4788 3224 4859 qui
3262 4802 3385 4843 cum
3420 4801 3487 4842 eo

156 4871 572 4965 .xpatotipsvm
603 4889 942 4943 κρατουμεν,
975 4872 1051 4937 ὡς
1076 4877 1633 4949 προκεκρατήκαμεν,
1658 4879 1792 4933 πάν-

1897 4886 2229 4951 sacriﬁcant,
2266 4883 2712 4939 communionem
2768 4882 3119 4952 attingamus,
3167 4879 3345 4950 quoad
3374 4879 3489 4947 pri-

185 4978 267 5016 τα
295 4960 647 5031 στέργοντες,
678 4966 862 5017 πάντα
888 4964 1280 5036 ὑπομένοντες,
1310 4967 1472 5038 εἴπερ
1496 4968 1592 5023 καὶ
1614 4986 1792 5041 παρα-

1896 4991 2054 5036 vetur
2086 4978 2368 5049 depositus
2405 4975 2731 5031 ministerio.
2755 4973 2925 5029 Multa
2952 4974 3116 5044 igitur
3140 4972 3489 5027 hlaterabunt

186 5055 448 5126 χωρήσει
478 5052 644 5118 Θεός·
694 5056 728 5128 ἢ
764 5056 865 5127 τῆς
893 5057 1109 5112 ἐκείνου
1142 5059 1238 5114 καὶ
1262 5060 1371 5117 τῶν
1396 5060 1548 5133 αύτῷ
1578 5062 1789 5117 συλλει-

1899 5071 2150 5127 homines
2171 5110 2185 5136 ,
2215 5070 2552 5139 illudentque
2596 5076 2651 5123 et
2680 5066 2986 5123 irridebunt
3015 5083 3029 5120 :
3078 5063 3334 5136 quodque
3361 5078 3489 5132 gra-

184 5145 585 5218 τουργούντων
610 5148 937 5219 μετέχοντες
960 5152 1267 5221 κοινωνίας,
1294 5154 1401 5218 ἐως
1423 5154 1489 5208 ἂν
1512 5156 1790 5228 παύσηται

1896 5164 2019 5220 vius
2035 5172 2139 5231 est,
2160 5178 2227 5220 ex
2247 5163 2315 5219 iis
2341 5164 2433 5233 qui
2451 5161 2693 5230 ejusdem
2718 5169 2848 5216 sunt
2876 5158 3119 5225 habitus,
3138 5166 3193 5213 ct
3208 5155 3302 5226 qui
3325 5153 3488 5208 amici

182 5242 217 5293 ὁ
269 5238 670 5311 καθῃρημένος
717 5242 820 5315 τῆς
868 5246 1204 5319 ἱερουργίας.
1260 5250 1438 5304 Πολλά
1470 5250 1567 5305 οὖν
1602 5251 1792 5322 βαττο-

1900 5272 2022 5312 esse
2036 5256 2311 5321 videntur,
2334 5272 2440 5310 non
2464 5256 2646 5324 pauci.
2667 5254 2771 5309 Sed
2800 5268 2999 5307 novum
3030 5251 3160 5304 nihil
3185 5264 3199 5302 :
3223 5248 3487 5315 scriptum

181 5331 531 5403 λογήσουσιν
583 5335 635 5389 οἱ
683 5336 999 5408 ἄνθρωποι*
1052 5341 1384 5412 ἐμπαίζουσί
1425 5360 1485 5396 τε
1535 5346 1630 5399 καὶ
1672 5347 1792 5400 ἐπιρ-

1900 5358 2026 5406 est:
2067 5348 2137 5405 Et
2169 5349 2377 5404 inimici
2412 5348 2642 5403 hominis
2688 5346 2966 5401 domestici
2996 5344 3108 5414 ejus
3125 5344 3193 5396 '°.
3229 5341 3297 5396 Et
3326 5339 3379 5393 hi
3406 5338 3489 5390 le-

182 5424 571 5494 γελάσονταν
622 5428 720 5483 καί
761 5445 827 5499 γε
879 5430 944 5486 τὺ
986 5432 1372 5509 ἐλεεινότερον,
1416 5435 1527 5492 τῶν
1555 5438 1792 5511 ὀμοσχή-

1902 5442 2143 5500 nocinati
2172 5451 2301 5500 sunt
2337 5441 2861 5512 subscrvieruntque
2899 5436 3218 5494 adulterinis
3256 5430 3486 5501 nuptiis,

261 5542 320 5575 ”
344 5541 537 5598 Matth.
568 5557 623 5608 x,
658 5540 747 5598 36.

1742 5634 1977 5697 NOTAE.

185 5725 395 5853 auges;
428 5727 764 5796 Λογοθέτου
812 5728 921 5784 τοῦ
964 5728 1216 5801 Δρόμου.
1258 5727 1336 5787 Dc
1363 5743 1559 5786 cursus
1618 5729 1792 5802 publit

1896 5735 2138 5801 ogotbeta
2205 5753 2300 5795 seu
2336 5740 2615 5813 praefecto,
2656 5738 3041 5811 Theophanes,
3093 5735 3399 5797 Ccdrenos,
3434 5742 3486 5789 et
