4044 6366
604 348 735 417 1011

1799 342 1862 404 8-
1902 337 2303 409 THEODORI
2353 338 2706 405 STUDITB

3732 337 3864 406 1012

597 480 705 524 una
729 462 980 527 ederunt,
1014 474 1123 516 una
1147 457 1423 525 biberunt,
1458 464 1513 513 et
1571 453 1845 517 calamum
1890 455 2174 513 tinxerunt

2281 474 2428 530 μων,
2480 455 2579 512 zeal
2620 450 2938 527 ὁμοταγῶν,
2989 452 3085 509 καὶ
3121 452 3427 510 δοκούντων
3474 450 3620 512 εἶναι
3661 459 3861 529 φίλων,

595 556 651 611 in
684 554 934 610 exsilium
967 561 1237 607 nostrum.
1282 549 1389 606 Sed
1430 548 1695 603 Dominus
1724 546 1820 619 qui
1848 556 1962 603 tum
1985 563 2177 605 exsur-

594 646 737 701 rexit
775 644 840 700 ad
878 642 1144 698 ultionem
1179 641 1314 711 legis
1341 653 1477 705 suae.
1537 636 1772 694 adulteri
1823 636 2044 708 quidem
2089 652 2176 692 re-

592 752 760 807 gnum
791 735 1034 792 ca'citate
1085 731 1365 803 perfregit,
1407 729 1588 786 socios
1632 735 1815 784 autem
1877 728 2174 800 ignominia

492 858 497 861 -
591 828 854 901 perfundit,
877 827 1018 882 sicut
1036 823 1348 881 sacerdotes
1368 821 1497 876 Baal
1522 838 1537 888 ;
1561 836 1662 876 nos
1686 819 1922 890 denique
1938 819 2176 875 humiles

592 929 788 992 prater
827 932 975 989 spem
1031 915 1101 971 ad
1160 912 1553 970 monasterium
1600 919 1850 966 nostrum
1918 910 2173 965 reduxit:

593 1013 711 1083 ipse
742 1012 883 1066 idem
909 1022 1052 1064 nunc
1071 1006 1226 1063 adest
1256 1022 1271 1065 t
1309 1004 1443 1075 ipse,
1476 1005 1727 1074 quamvis
1755 1002 1823 1057 ad
1862 1001 2028 1057 breve
2052 1016 2175 1072 spa-

592 1105 729 1160 tium
770 1099 1080 1172 permiserit
1137 1098 1336 1152 iterum
1367 1095 1635 1151 nefariam
1688 1094 2172 1164 coniunctionem;

591 1201 830 1248 attamen
859 1206 1054 1246 rursus
1104 1188 1414 1259 improbare
1480 1186 1739 1257 dignatus
1787 1194 1874 1242 est
1930 1185 2173 1240 laetitiam

592 1281 965 1352 capulautium
1013 1278 1313 1343 adulteros,
1340 1279 1675 1346 eosdemque
1731 1275 2033 1333 amantium
2069 1275 2174 1331 Nn-

594 1388 919 1437 zaraorum,
960 1386 1058 1441 per
1103 1369 1481 1441 aequissimum
1507 1368 1774 1438 judicium
1807 1368 2026 1438 piorum
2067 1368 2175 1423 im-

589 1474 902 1536 peratorum
931 1471 1244 1519 nostrorum
1272 1478 1287 1516 :
1310 1461 1403 1531 qui
1430 1460 1785 1517 reddiderunt
1802 1468 1923 1530 post
1946 1468 2174 1520 mortem

590 1555 900 1611 adulterum
933 1554 1192 1624 legitima:
1239 1552 1461 1623 coniugi
1499 1566 1633 1615 suae,
1690 1551 1993 1608 adulteram
2030 1551 2178 1621 spei.-

589 1648 770 1709 lantes
806 1662 928 1701 eam
958 1661 1081 1718 quae
1141 1644 1415 1703 mtechata
1467 1643 1669 1708 fuerat,
1695 1650 1751 1699 et
1792 1643 1995 1714 prolem
2053 1643 2176 1712 ejus

590 1738 956 1793 adulterinum
1026 1735 1372 1791 exlzaeredem
1440 1734 1830 1803 relinquentes,
1915 1742 2174 1803 tanquam

2283 549 2387 604 οὐκ
2431 547 2627 619 ὀλίγοι.
2692 546 2851 602 Ἀλλ’
2892 546 3051 603 οὐδὲν
3100 545 3272 612 ξένον.
3312 546 3632 619 Γέγραπται
3654 566 3670 583 ο
3711 571 3731 603 ε
3759 553 3859 608 Καὶ

2289 641 2478 715 δχθροὶ
2518 639 2617 695 τοῦ
2658 639 2973 711 ἀνθρώπου,
2997 640 3047 694 οί
3077 640 3345 694 οίκειακοὶ
3372 640 3560 696 αὐτοῦ.
3589 661 3610 696 ι
3648 643 3756 698 Kal
3780 645 3860 699 δτι

2291 732 2449 787 αὐτοὶ⁵
2482 732 2937 804 ὲμαστρόπησαν,
2971 730 3069 785 καὶ
3096 731 3474 802 συνήργησαν,
3504 731 3602 787 zeal
3633 734 3860 803 συνέφα-

2288 840 2416 893 γον,
2455 822 2551 878 zeal
2586 823 2841 878 συνέπιον
2872 820 2954 893 τῷ
2984 822 3217 895 μοιχικῷ
3243 825 3443 894 γάμῳ,
3492 824 3589 877 zeal
3635 823 3728 877 τὸν
3759 826 3860 880 κᾶν

2288 917 2464 987 λαμον
2494 915 2702 987 ἔϐαψαν
2726 915 2821 970 ἐπὶ
2841 918 2907 987 τῇ
2932 914 3120 989 ἑξορίᾳ
3140 914 3323 987 ἡμῶν.
3341 914 3482 970 Ἀλλ’
3506 916 3536 969 ό
3558 915 3863 989 ἐξεγερθεὶς

2290 1007 2499 1081 Κύριος
2514 1008 2637 1062 τότε
2668 1007 2749 1071 είς
2778 1007 3065 1077 ἐκδίκησιν
3090 1006 3186 1061 τοῦ
3211 1006 3381 1078 νόμου
3410 1006 3610 1062 αὐτοῦ·
3647 1010 3742 1069 καὶ
3769 1011 3865 1082 βῆς

2283 1100 2381 1168 ξας
2407 1098 2510 1171 μιν
2535 1099 2636 1171 τὴν
2658 1097 2756 1153 τοῦ
2784 1098 3177 1169 μοιχεύσαντος
3204 1097 3480 1169 βασιλείαν
3505 1102 3571 1173 τῇ
3588 1100 3862 1171 ἐκτυφλὼ-

2284 1207 2370 1243 σει
2393 1228 2409 1255 ,
2464 1189 2835 1261 καταισχύνας
2881 1189 2942 1244 δὲ
2987 1188 3117 1255 τοὺς
3164 1189 3583 1261 συλλήπτορας,
3633 1192 3712 1257 ὡς
3740 1194 3860 1259 τοὺς

2268 1278 2378 1340 ῦτοῦ
2439 1282 2590 1337 Βάαλ
2655 1283 2824 1355 ἱερεῖς
2847 1297 2864 1316 ⁸
2928 1282 3280 1352 ιπισυνάγων
3327 1282 3385 1337 δὲ
3435 1282 3539 1356 τὴν
3588 1285 3862 1357 ἡμετέραν

2282 1373 2619 1430 ταπείνωσιν
2670 1374 2753 1438 είς
2793 1373 2857 1427 τὸ
2891 1372 3023 1429 ῐδιον
3054 1374 3422 1447 μοναστήριον
3451 1375 3583 1449 παρ’
3611 1376 3858 1443 ιλπίδας·

2284 1467 2448 1531 αὐτὸς
2480 1466 2575 1521 zeal
2606 1465 2705 1521 νῦν
2732 1465 3001 1539 πάρεστιν
3019 1507 3036 1534 ,
3083 1465 3269 1534 αὐτὸς,
3302 1468 3352 1521 εί
3381 1468 3479 1522 zeal
3505 1468 3649 1541 πρὸς
3673 1470 3862 1541 μικρὸν

2282 1556 2653 1630 παρεχώρησε
2689 1558 2854 1615 πάλιν
2892 1558 2991 1630 τὴν
3026 1558 3288 1629 ἀθέμιτον
3330 1559 3661 1634 συμπλοκήν
3680 1577 3698 1594 ο
3749 1561 3864 1617 ἀλλ’

2283 1646 2444 1715 αὖθις
2486 1651 2782 1723 εὐδόκησεν
2822 1649 3337 1723 ἀποδοκιμασθῆναι
3364 1650 3466 1723 τὴν
3491 1653 3863 1725 ὲπιχαρμονὴν

2283 1743 2396 1797 τῶν
2432 1742 2835 1815 μοιχοζευκτῶν
2868 1742 2964 1796 zeal
2999 1741 3331 1814 μοιχοφίλων
3368 1740 3718 1813 Ναξιραίων,
3773 1743 3862 1798 διὰ

591 1830 932 1900 illegitimam
981 1838 1038 1883 et
1072 1826 1372 1897 injustam;
1403 1833 1466 1880 ut
1496 1824 1733 1895 ipsimet,
1765 1839 1853 1880 me
1895 1825 2173 1887 audiente.

2281 1836 2382 1906 τῆς
2408 1834 2520 1890 τῶν
2545 1834 2788 1891 εὐσεϐῶν
2809 1833 2967 1905 ἡμῶν
2993 1832 3262 1904 βασιλέων
3285 1832 3709 1905 δικαιοκρισίαςθ
3734 1836 3863 1889 ἀπο

590 1920 934 1975 aiiirmarunt
964 1936 979 1985 ',
1013 1918 1170 1989 iusta
1215 1917 1369 1987 leges
1422 1916 1720 1971 Romanas.
1750 1915 1816 1968 Et
1865 1924 2047 1970 tamen
2080 1916 2174 1985 qui

591 2013 773 2069 scelus
803 2020 1092 2082 patrarunt
1126 2025 1233 2065 non
1267 2023 1328 2063 se
1356 2008 1566 2063 abdunt
1596 2028 1608 2062 :
1641 2021 1742 2062 nec
1761 2006 1999 2063 latebras
2023 2022 2172 2078 qum-

591 2104 687 2169 rit,
724 2104 817 2174 qui
853 2103 906 2157 in
938 2102 1114 2158 sacris
1159 2099 1434 2171 precibus,
1473 2098 1529 2153 in
1596 2098 1893 2169 coniugum
1943 2114 2177 2155 corona-

592 2198 744 2252 tione
769 2195 1007 2260 usitatis,
1038 2193 1303 2250 adversus
1332 2200 1583 2249 sanctum
1623 2191 1888 2261 Spiritum
1923 2192 2177 2262 blasphe-

592 2289 799 2350 mavit:
830 2289 923 2345 sed
974 2287 1188 2352 insiliit,
1234 2285 1358 2342 telis
1388 2285 1583 2350 instar,
1609 2284 1666 2339 in
1695 2282 1995 2340 Ecclesiam
2029 2286 2123 2340 Dei
2150 2304 2166 2342 :

594 2397 791 2444 rursus
827 2379 1085 2446 exsultat,
1130 2393 1326 2435 rursus
1360 2377 1555 2447 incipit
1596 2391 1753 2432 sacra
1787 2377 2033 2447 polluere
2069 2392 2174 2434 suo

592 2472 888 2539 sacriﬁcio,
928 2479 984 2533 et
1010 2470 1357 2541 iniquitatem
1376 2469 1650 2540 justitiam
1674 2484 1795 2524 esse
1825 2470 2059 2540 probare
2093 2470 2178 2524 ni-

592 2566 749 2631 titur,
784 2574 858 2626 et.
880 2564 1026 2635 quod
1064 2562 1174 2619 dici
1211 2560 1371 2629 solet,
1407 2577 1469 2617 se
1505 2563 1687 2632 ipsum
1713 2562 2003 2617 ostendere
2024 2562 2176 2620 Prae-

593 2672 819 2716 cursore
870 2672 937 2713 ac
966 2655 1209 2726 Baptista
1253 2656 1611 2709 sanctiorem.
1645 2651 1786 2715 Cum
1809 2653 1955 2709 enim
1990 2668 2177 2724 repre-

595 2748 847 2812 henderit
906 2748 999 2805 ille
1033 2746 1261 2803 Herodis
1298 2745 1651 2812 adulterium,
1708 2754 1762 2800 et
1792 2759 1892 2816 pro
1949 2744 2179 2801 veritate

595 2850 827 2903 mortem
861 2836 1290 2909 oppetierigibie
1345 2836 1647 2896 secundum
1692 2832 1964 2895 Herodem
2025 2834 2179 2889 adul-

593 2930 735 2987 terio
763 2929 1092 3001 patefactum
1149 2937 1204 2983 et
1257 2927 1562 2990 coronavit,
1604 2935 1658 2980 et
1714 2925 2038 2994 complexus
2088 2932 2178 2980 est

595 3038 776 3094 usque
813 3022 880 3080 ad
909 3031 1167 3084 mortem.
1202 3035 1312 3076 non
1368 3020 1589 3091 quidem
1627 3017 1829 3085 verbis,
1884 3017 1977 3073 sed
2018 3017 2179 3074 factis

592 3116 729 3186 ipsis
772 3114 1076 3187 praedicans
1125 3126 1343 3171 errasse
1396 3112 1664 3169 Joannem
1724 3108 2173 3171 Przecursorem:

2276 1926 2588 1993 δωσάντων,
2628 1924 2767 1996 μετά
2795 1925 2888 1979 τὸν
2916 1924 3167 1988 θάνατον,
3196 1924 3292 1979 σὺν
3324 1924 3517 1996 μοιχὸν
3550 1927 3619 1995 τῇ
3648 1925 3862 1998 νομίμῳ

2278 2017 2445 2073 αὐτοῦ
2489 2019 2742 2089 γαμετῇ·
2800 2015 3266 2071 ἀπκαλεσάντων
3309 2016 3369 2070 δὲ
3409 2016 3511 2088 τὴν
3542 2015 3857 2088 μαχλῶσαν,

2280 2110 2570 2183 μοιχαλίδα
2589 2126 2605 2141 ·
2658 2109 2756 2164 zeal
2798 2110 2862 2163 τὸ
2903 2108 3327 2181 μοιχογέννητον
3359 2107 3554 2163 τέκνον
3585 2109 3862 2163 ιασάντων

2277 2205 2418 2275 mn
2426 2223 2541 2279 ρον,
2567 2204 2644 2269 ὡς
2667 2204 2930 2275 ἀθέμιτον
2953 2204 3049 2259 zeal
3070 2201 3442 2275 ἀνομώτατονο
3462 2202 3542 2268 ὡς
3562 2204 3623 2257 ὲν
3641 2203 3861 2275 ἐπηκόῳ

2282 2316 2375 2371 μοι
2418 2300 2480 2353 τδ
2523 2299 2707 2370 τίμιον
2754 2297 2934 2353 αὐτῶν
2981 2298 3159 2370 στόμα
3203 2296 3505 2369 λελάληκε,
3560 2297 3705 2351 κατά
3734 2297 3861 2361 τοὺς

2289 2391 2633 2463 Ῥωμαῖκοὺς
2689 2390 2909 2462 νόμους.
2970 2388 3127 2444 Ἀλλ’
3178 2391 3330 2462 ὅμως
3381 2390 3433 2443 oi
3480 2389 3861 2460 ἀνομήσαντες

2277 2484 2379 2539 οὐκ
2420 2482 2890 2553 ἑγκαλύπτονται·
2929 2482 3053 2537 ούδὶ
3086 2481 3125 2553 ξό
3151 2479 3297 2537 κατὰ
3339 2480 3438 2537 τοῦ
3486 2480 3646 2551 ἀγίου
3687 2482 3860 2536 Πνεύο

2283 2593 2454 2647 ματος
2482 2576 2849 2648 δυσφημήεας
2881 2575 2941 2629 ἐν
2971 2578 3039 2648 τῇ
3070 2580 3211 2629 κατὰ
3238 2574 3340 2645 τὴν
3368 2573 3707 2645 στεφανικὴν
3736 2590 3861 2628 συνο

2279 2667 2476 2737 ἀφειαν
2502 2668 2627 2739 ἱερᾷ
2650 2669 2952 2739 προσευχῇ,
2982 2663 3313 2721 καταδύεται
3331 2681 3347 2697 ο
3374 2664 3495 2720 ἀλλ’
3517 2665 3860 2737 είσπηδήσας

2278 2756 2354 2822 ὥς
2399 2757 2620 2830 ελουρος
2665 2754 2998 2831 [αἴλουρος]
3046 2758 3106 2811 ἐν
3137 2759 3205 2829 τῇ
3242 2755 3543 2828 Ἐκκλησία
3573 2754 3671 2810 τοῦ
3698 2753 3856 2823 Θεοῦ,

2280 2849 2444 2903 πάλιν
2477 2849 2734 2914 ἅλλεται,
2778 2850 2874 2902 καὶ
2909 2848 3073 2901 πάλιν
3102 2848 3334 2919 ἄρχεται
3368 2846 3609 2919 μιαίνειν
3638 2847 3707 2902 τὰ
3732 2845 3860 2916 am

2278 2935 2367 2990 διὰ
2391 2936 2490 3007 τῆς
2514 2936 2858 3009 ἱερουργίας·
2892 2937 2987 2991 καὶ
3015 2936 3312 3005 φιλονεικεῖ
3360 2936 3462 3008 τὴν
3498 2937 3734 3008 ἀνομίαν
3783 2938 3861 2991 διο

2280 3024 2580 3096 καιοσύνην
2605 3025 2897 3097 γνωρίσαι·
2922 3024 3017 3080 zeal
3041 3026 3104 3081 τὺ
3133 3026 3197 3096 δὴ
3225 3025 3544 3098 λεγόμενον,
3578 3025 3861 3092 ἀποδεῖξαι

2282 3116 2475 3171 ἑαυτὸν
2518 3117 2613 3171 τοῦ
2666 3117 2985 3190 Προδρόμου
3039 3117 3134 3171 zeal
3183 3116 3491 3172 Βαπτιστοῦ
3539 3115 3858 3189 όσιιῖιτερον.

591 3178 690 3276 qui
721 3178 929 3275 iniuste
955 3212 1012 3260 et
1040 3203 1221 3275 inepte
1242 3201 1505 3274 arguerit,
1535 3209 1891 3271 mortuusque
1922 3201 2014 3257 sit.
2036 3198 2176 3268 Quid

2294 3207 2539 3265 Ἐκείνου
2568 3209 2679 3280 γὰρ
2710 3178 3028 3279 ἐλέγχοντος
3058 3208 3159 3280 τὴν
3184 3208 3282 3263 τοῦ
3314 3206 3561 3280 Ἡρώδου
3592 3178 3859 3280 μοιχείαν,

591 3307 776 3360 autem
814 3294 1081 3360 Joannem
1132 3295 1260 3349 dico
1302 3294 1601 3349 maximum
1648 3294 1895 3348 omnium
1952 3302 2176 3349 sancto-

593 3404 720 3447 rum
751 3388 777 3442 ?
811 3387 1034 3445 Christo
1083 3386 1188 3457 ipsi
1254 3385 1424 3455 (quod
1461 3387 1812 3442 temerarium
1869 3394 1955 3442 est
2004 3386 2177 3458 dictu)

593 3477 928 3542 contradixit
980 3476 1413 3548 repugnavitque
1441 3475 1611 3547 impio
1631 3490 1727 3532 ore
1747 3492 1871 3532 suo.
1905 3475 2038 3533 Nam
2052 3491 2177 3533 cum

593 3568 901 3633 adulterum
931 3578 1088 3625 vocet
1112 3567 1372 3624 Christus
1409 3582 1535 3624 eum
1566 3568 1662 3640 qui
1710 3567 2010 3641 legitimam
2041 3583 2179 3624 uxo-

592 3676 712 3725 rem
763 3661 1031 3728 dimittit;
1065 3661 1509 3733 adulteriumque
1553 3662 1627 3718 sit
1671 3676 1838 3734 grave
1869 3671 2176 3734 peccatum,

594 3754 889 3820 homicidae
914 3770 1037 3825 par,
1060 3755 1546 3827 masculorumque
1574 3763 1629 3813 et
1658 3756 1946 3812 brutorum
1970 3770 2180 3813 concu-

595 3847 782 3912 hitori.
816 3848 1064 3911 veneﬁco.
1084 3858 1138 3905 et
1167 3847 1490 3921 idlololatree,
1516 3858 1576 3909 ut
1603 3849 1765 3906 docet
1789 3865 1964 3906 canon
1997 3848 2179 3906 sancti

593 3938 784 4001 Basilii
809 3940 861 3985 ια
895 3958 910 4007 ;
943 3940 1031 3996 hic
1054 3940 1208 3997 illum
1240 3939 1306 3996 ad
1329 3940 1500 3998 altare
1528 3940 1755 4005 ducens.
1792 3941 1847 3999 in
1874 3940 2044 3997 totius
2080 3956 2180 4012 po-

594 4030 710 4102 puli
739 4046 942 4093 corona
978 4031 1175 4103 impias
1210 4032 1330 4088 illas
1375 4042 1568 4088 contra
1621 4030 1888 4103 Spiritum
1921 4041 2176 4090 sanctum

591 4136 755 4180 rores
790 4122 953 4187 edere
990 4137 1160 4181 ausus
1209 4131 1332 4189 est;
1378 4122 1721 4179 considerate
1744 4138 1911 4194 quam
1944 4122 2178 4178 horreu-

591 4214 710 4279 das,
743 4229 906 4284 quam
946 4215 1215 4277 absurdas
1244 4233 1258 4271 :
1294 4234 1313 4268 ι
1352 4215 1457 4281 Τυ,
1486 4215 1739 4283 Domine,
1768 4215 1923 4272 mitte
1952 4231 2177 4277 manum

594 4315 743 4369 tuam
777 4322 840 4361 ex
873 4318 1062 4365 sancto
1090 4307 1400 4363 habitacula
1431 4316 1541 4367 tuo,
1576 4315 1623 4362 et
1661 4307 1936 4378 coniunge
1970 4307 2179 4364 famulo

596 4407 690 4461 tuo
720 4398 988 4461 famulam
1015 4409 1189 4465 tuam,
1228 4409 1497 4455 connecte
1522 4400 1644 4456 illos
1682 4401 1738 4455 in
1770 4409 2016 4455 mutuam
2042 4415 2176 4455 con-

2278 3301 2376 3354 zeal
2418 3301 2559 3374 ύπὲρ
2594 3301 2857 3374 ἀληθείας
2885 3302 3216 3373 θνήσκοντος
3234 3317 3251 3332 ο
3308 3297 3466 3362 οὗτος
3491 3300 3587 3355 τδν
3608 3301 3863 3372 δεύτερον

2291 3390 2544 3464 Ἡρώδην
2577 3393 2645 3464 τῇ
2683 3392 2902 3465 μοιχεία
2932 3391 3313 3463 δεδειγμένον,
3364 3392 3462 3455 καὶ
3488 3392 3861 3462 ἐστεφάνωσε.

2279 3484 2376 3538 zeal
2425 3484 2820 3557 κατησπάσατο
2873 3483 3035 3556 μέχρι
3081 3483 3314 3548 θανάτου
3333 3500 3351 3525 ε
3409 3483 3595 3553 λόγοις
3627 3485 3730 3557 μὶν
3769 3483 3862 3553 ού,

2279 3573 2466 3646 ῑργοις
2491 3574 2550 3629 δὲ
2577 3574 2765 3637 αὐτοῖς
2788 3564 3185 3647 φθεγγόμενος,
3215 3575 3294 3641 ὡς
3317 3574 3672 3648 πεπλάνηται
3687 3575 3866 3632 ’ῑωάνο

2280 3684 2382 3739 νης
2430 3668 2461 3721 δ
2504 3666 2854 3740 Πρόδρομος,
2910 3668 3132 3739 ἀνόμως
3163 3668 3262 3723 zeal
3290 3668 3543 3741 ἀκαίρως
3581 3668 3864 3737 διελέγξας

2279 3760 2379 3814 zeal
2412 3759 2724 3817 ἀποθανών.
2762 3761 2875 3816 Kal
2903 3760 2959 3815 τί
2987 3759 3054 3832 δὴ
3083 3760 3229 3830 λέγω
3271 3761 3531 3833 Ἰωάννην
3562 3760 3660 3815 τὸν
3693 3761 3864 3833 μείζω

2280 3851 2504 3906 πάντων
2531 3850 2741 3920 ἀγίων;
2794 3850 2946 3923 αὐτῷ
2972 3851 3053 3921 τῷ
3076 3850 3335 3924 Χριστῷ,
3381 3852 3431 3904 εί
3460 3850 3560 3905 καὶ
3591 3851 3865 3921 τολμηρὸν

2280 3943 2491 4008 εἰπεῖν,
2525 3941 2934 4010 ἀπεφθέγξατο
2965 3942 3061 3995 zeal
3089 3941 3496 4014 ἀπεμαχήσατο
3525 3941 3617 3995 διὰ
3651 3940 3753 3995 τοῦ
3775 3941 3862 3994 ιν-

2280 4033 2453 4103 αγοῦς
2501 4032 2670 4089 αὐτοῦ
2721 4032 3014 4104 στόματος.
3068 4032 3180 4087 Τοῦ
3225 4032 3338 4105 γὰρ
3379 4030 3627 4105 Χριστοῦ
3676 4032 3864 4104 μοιχὸν

2279 4126 2729 4190 ἀποκαλέσαντος
2778 4127 2874 4182 τὸν
2916 4126 3154 4196 ἀφιέντα
3203 4126 3309 4198 τὴν
3348 4124 3585 4197 νόμιμον
3628 4127 3865 4194 γυναῖκα

2282 4216 2525 4291 (μοιχεία
2570 4218 2628 4273 δὲ
2658 4218 2721 4272 τὸ
2756 4217 2992 4289 χαλεπὸν
3024 4216 3365 4290 ἁμάρτημα,
3413 4216 3512 4270 zeal
3542 4216 3864 4286 ίσοδύναμον

2281 4310 2528 4380 φονέως,
2579 4309 2677 4368 καὶ
2711 4310 3143 4382 ἀρῤενοφθόρου,
3178 4309 3276 4364 zeal
3306 4308 3737 4378 ἀλογευομένου,
3770 4306 3864 4362 zeal

2281 4420 2357 4473 φα
2365 4400 2601 4475 ρμακοῦ,
2616 4403 2711 4458 zeal
2726 4402 3142 4475 είδωλολάτρου,
3154 4402 3231 4467 ὡς
3244 4402 3273 4455 ὁ
3286 4400 3468 4456 κανὼν
3482 4399 3579 4454 τοῦ
3595 4401 3755 4468 ἁγίου
3768 4400 3864 4452 Ba-

592 4489 839 4551 cnnliam
873 4508 887 4545 :
918 4492 1009 4546 uni
1039 4506 1137 4551 eos
1174 4492 1227 4553 in
1274 4506 1502 4547 carnem
1535 4506 1727 4557 unam,
1766 4506 1908 4562 quos
1937 4491 2032 4545 tibi
2068 4490 2176 4561 pla;

2286 4496 2536 4567 σιλείου),
2563 4495 2727 4561 αὐτὸς
2756 4494 2945 4549 τοῦτον
2971 4494 3050 4565 τῷ
3075 4493 3450 4564 θυσιαστηρίῳ
3476 4491 3859 4563 παραστήσας.

591 4584 709 4649 cuit
737 4585 875 4641 inter
898 4600 957 4641 se
982 4584 1225 4653 copulari
1261 4602 1276 4639 :
1320 4584 1667 4645 honorabiles
1720 4585 1944 4656 nuptias
1990 4586 2175 4653 redde,

593 4679 1008 4741 immaculatum
1032 4693 1228 4733 eorum
1274 4686 1453 4737 torum
1480 4678 1729 4734 custodi:
1774 4679 2022 4749 ipsorum
2045 4693 2179 4735 con—

593 4770 909 4834 tubernium
947 4769 1332 4827 intaminatum
1375 4768 1428 4824 in
1455 4770 1619 4829 corde
1668 4786 1807 4841 puro
1855 4785 2178 4842 permanere

592 4860 855 4925 concede,
888 4878 910 4914 ν

2289 4584 2455 4657 μέσον
2482 4584 2689 4650 παντὸς
2717 4584 2811 4639 τοῦ
2835 4584 2990 4648 λαοῦ,
3033 4584 3302 4653 ιτόλμησε
3336 4581 3498 4654 ῥῆξαι
3523 4582 3624 4645 τὰς
3651 4582 3860 4648 ἐναγεῖς

2285 4679 2507 4742 ὲκείνας
2533 4677 2719 4747 φωνὰς
2745 4677 2888 4732 κατά
2914 4675 3010 4730 τοῦ
3036 4676 3192 4744 ἁγίου
3215 4674 3354 4731 Πνεύ
3363 4691 3554 4745 ματος,
3582 4672 3758 4739 λέγων
3776 4668 3861 4723 οὖ-

2282 4783 2424 4832 τωςο
2450 4769 2547 4825 zeal
2580 4768 2836 4821 σκοπεῖτε
2879 4766 2939 4821 τὸ
2973 4765 3205 4836 φοϐερὸν
3242 4764 3340 4818 zeal
3373 4763 3643 4820 ἔκτοπονο
3671 4760 3857 4821 Αὐτὸς.

2285 4862 2558 4926 Δέσποτα,
2597 4880 2616 4914 ι
2646 4860 3028 4927 ὲξαπόστειλον
3056 4860 3155 4930 τὴν
3181 4857 3342 4928 χεῖρά
3368 4872 3464 4913 σου
3494 4855 3558 4920 ἐξ
3593 4854 3748 4923 ἁγίου
3768 4868 3893 4947 καοὲ

590 4954 943 5025 τοικητηρξου
979 4972 1096 5021 σου,
1122 4956 1215 5019 καὶ
1251 4955 1492 5026 ἅρμοσον
1524 4953 1602 5025 τῷ
1629 4954 1801 5024 δούλῳ
1826 4971 1920 5009 σου
1949 4957 2049 5025 τὴν
2073 4954 2267 5026 δούλην
2297 4970 2413 5008 σουν
2449 4953 2710 5020 σύζευξον
2737 4952 2936 5016 αὐτοὺς
2964 4952 3021 5004 ὲν
3046 4948 3419 5021 ὁμοφροσύνῃ·
3444 4947 3649 5001 ἒνωσον
3668 4941 3859 5003 αὐτοὺς

592 5048 675 5113 είς
707 5049 889 5119 σάρκα
917 5047 1068 5118 μίαν,
1097 5043 1180 5112 οἷς
1208 5046 1508 5117 εὐδόκησας
1566 5046 1908 5117 συναφθῆναι
1965 5045 2237 5117 ἀλλήλοις.
2279 5045 2477 5116 Τίμιον
2523 5044 2616 5107 τὸν
2655 5044 2837 5114 γάμον
2875 5039 3188 5106 ἀνάδειξον
3242 5038 3510 5109 ἀμίαντον
3540 5036 3644 5091 τὺν
3670 5032 3855 5103 κοίτην
3888 5108 3896 5119 Ι

595 5138 778 5199 αὐτῶν
804 5139 1167 5210 διατήρησονο
1213 5138 1552 5209 ἀκηλίδωτον
1578 5137 1762 5195 αὐτῶν
1791 5138 1893 5208 τὴν
1925 5136 2233 5207 συμϐίωσιν
2261 5137 2536 5203 διαμεῖναι
2563 5136 2854 5205 εύδόκησον
2885 5134 2944 5187 ιν
2969 5131 3191 5203 καθαρᾷ
3215 5132 3284 5201 τῇ
3309 5128 3536 5201 καρδίᾳ.
3565 5146 3586 5179 ι
3888 5134 3891 5137 ’

665 5229 786 5289 Non
818 5229 1183 5292 exhorruistis
1236 5229 1351 5283 lucc
1382 5226 1992 5294 audientesiQuantam
2047 5242 2178 5282 cen-

593 5324 727 5384 setis
758 5322 1000 5392 Spiritus
1040 5322 1215 5387 sancti
1246 5322 1675 5391 indignationem
1708 5320 1876 5375 fuisse
1919 5317 1993 5374 ob
2024 5319 2177 5389 eius-

596 5416 744 5484 modi
779 5415 1225 5485 blasphemiam?
1279 5416 1453 5485 Quam
1511 5413 1752 5484 graviter
1791 5427 1900 5469 una
1949 5427 2180 5467 succen-

596 5512 775 5566 suisse
806 5509 1031 5578 angelos
1057 5514 1275 5562 sanctos
1300 5505 1323 5559 ?
1355 5506 1464 5559 Aut
1502 5503 1780 5573 quomodo
1830 5520 1937 5558 non
1967 5504 2173 5565 statim,

593 5604 740 5665 velut
768 5601 977 5663 Datban
1024 5607 1081 5654 ct
1106 5598 1336 5666 Abiron,
1375 5596 1683 5667 absumpsit
1708 5595 2000 5653 dehiscens
2032 5604 2176 5661 terra

666 5800 709 5833 9°
747 5796 913 5865 Epist,
940 5799 1006 5851 ml
1048 5796 1373 5867 dmplrilnm.
1414 5812 1533 5859 can.
1570 5793 1621 5862 7.

2353 5229 2469 5282 Ούκ
2499 5223 2610 5299 ἄρα
2638 5215 2896 5298 septem
2930 5223 3245 5289 συνιέντες
3283 5220 3458 5275 Πόσον
3481 5219 3691 5274 δοκεῖτε
3716 5231 3856 5287 παρ’

2280 5320 2569 5392 οευνθῆναι
2589 5319 2650 5374 τὸ
2666 5317 2893 5388 Πνεῦμα
2906 5316 2967 5369 τὸ
2980 5314 3135 5383 ἅγιον
3152 5315 3213 5368 ἑν
3228 5315 3295 5386 τῇ
3319 5311 3533 5384 βλασφη
3542 5310 3641 5382 μία
3660 5306 3858 5379 ταῦτῃῖ

2281 5407 2379 5461 zeal
2414 5405 2837 5477 συνοργισθῆναι
2862 5404 2993 5466 τοὺς
3019 5402 3209 5474 ἁγίους
3247 5402 3544 5472 ἀγγέλουςς
3591 5401 3625 5471 ἦ
3656 5398 3772 5460 πῶς
3797 5393 3858 5447 ού

2283 5500 2600 5572 παραυτίκα
2624 5498 2701 5562 ὡς
2720 5499 2812 5553 τὸν
2834 5497 3012 5553 Δαθάν
3036 5496 3130 5551 zeal
3159 5493 3422 5567 Ἀϐειρὼν
3442 5493 3709 5549 ὑπέλαϐεν
3730 5491 3766 5558 ἠ
3789 5487 3857 5555 τῆ

2282 5594 2523 5666 χανοῦσα
2558 5592 2648 5647 τὸν
2680 5591 2972 5664 ύφηγητὴν
3004 5590 3101 5645 τοῦ
3131 5588 3365 5667 ψεύδους
3386 5628 3401 5656 ,
3453 5588 3551 5644 zeal
3580 5582 3855 5641 δεικνύντι
