4044 6366
284 309 423 378 1013

1510 310 2055 378 EPISTOLARUM
2088 310 2241 378 LIB.
2272 314 2328 377 Ι.

3437 311 3577 380 1014

277 429 342 484 τὸ
399 426 592 493 σκότος
646 424 802 497 φῶς,
852 425 946 482 καὶ
984 424 1080 482 τὸν
1104 422 1341 499 Χριστὸν
1369 423 1452 490 είς
1477 424 1885 495 ἐναντιολογίαν

1991 428 2267 485 mendacii
2315 427 2783 499 promulgatorem
2817 444 2834 495 ;
2867 424 2961 497 qui
2983 424 3242 483 tenebras
3278 426 3457 483 lucem
3492 430 3579 483 di-

281 520 467 594 ἐαυτῷ
513 519 875 593 περιπίπτειν
920 517 1314 591 πειρώμενονς
1372 518 1601 583 Πάντώς
1629 518 1741 592 γάρ
1774 519 1879 576 ὅσα

277 618 310 671 6
352 614 538 689 ἱερεὺς
584 612 917 685 ὑποφαίνει,
971 611 1148 667 ταῦτα
1188 611 1286 666 καὶ⁵
1324 613 1353 666 6
1377 610 1509 678 Θεὸς
1544 610 1749 683 κυροῦν
1777 612 1879 665 ἐπ-

281 706 610 777 αγγέλλεται
628 747 646 769 ,
699 705 845 760 κατά
873 704 968 759 τὸν
1001 704 1177 776 μέγαν
1206 702 1506 759 Διονΰσιον.
1557 701 1699 756 Ἀλλ’
1726 702 1879 774 ὅμως

279 800 526 857 τοιοῦτον
552 800 761 873 δράσας
784 797 1048 868 πονηρὸν,
1076 797 1170 852 καὶ
1193 797 1321 862 δοὺς
1339 796 1653 868 ὑπόδειγμα
1676 795 1879 859 κακίας

280 896 400 959 τοῖς
426 891 767 965 ὑποχειρίοις
794 891 877 956 είς
906 889 1274 963 ὁμοτροπίανο
1309 889 1340 945 ὃ
1369 890 1466 945 καὶ
1492 890 1714 959 γέγονεο
1751 889 1882 961 μᾶλα

282 986 378 1040 λον
429 983 487 1038 δέ
538 983 636 1038 καὶ
678 984 795 1044 τοῖς
845 981 1039 1053 πόρρω
1077 980 1345 1053 κρατοῦσι
1386 980 1483 1034 καὶ
1517 980 1811 1051 ἄρχουσιν·
1852 980 1882 1034 6

284 1074 422 1131 καθ’
464 1074 729 1148 ὁμοίωσιν
778 1072 1037 1144 ἐτελέσθη
1096 1075 1155 1127 ἐν
1202 1076 1271 1145 τῇ
1311 1073 1732 1145 Λογγοϐαρδίᾳ,
1785 1073 1882 1127 καὶ

286 1166 522 1238 Γατθίᾳ,
574 1166 671 1220 καὶ⁵
702 1167 817 1228 τοῖς
848 1163 1111 1236 κλίμασιν
1140 1164 1343 1235 αὐτῆς·
1382 1163 1506 1217 οὐδὲ
1538 1164 1648 1236 γὰρ
1678 1165 1738 1217 ἐν
1768 1164 1882 1227 τοῖς

288 1261 474 1317 ἔθνεσι
520 1257 770 1313 τοιοῦτόν
816 1274 870 1311 τι
917 1256 1285 1329 τετόλμηται·
1348 1257 1445 1311 καὶ⁵
1483 1255 1547 1311 οῦ
1580 1255 1883 1327 καταισχύ-

289 1366 444 1405 νεται
475 1350 504 1402 6
530 1347 766 1411 δείλαιος
785 1364 801 1381 ·
841 1345 982 1410 ἀλλ’,
1018 1347 1096 1410 ὡς
1126 1346 1364 1418 εἴρηται,
1395 1345 1708 1416 λειτουργεϊ
1733 1348 1761 1400 6
1790 1348 1885 1401 ἀνα

294 1442 441 1515 ίερος
466 1458 479 1472 ·
537 1440 635 1494 καὶ
667 1440 797 1503 τοὺς
832 1438 1016 1503 καλῶς
1046 1438 1210 1493 αὐτὸν
1240 1438 1760 1510 ἀποστρεφομένους
1792 1437 1882 1503 ἐξ·

289 1535 499 1605 ορίςειν
544 1532 961 1600 κατεπείγεται.
1015 1531 1222 1603 Κύριος
1255 1531 1316 1586 δέ
1354 1531 1549 1603 βοηθὸς
1596 1531 1707 1585 τῶν
1742 1530 1885 1601 ὑπὲρ

289 1627 394 1695 τῆς
445 1625 671 1696 ἐντολῆς
715 1623 884 1678 αὐτοῦ
938 1623 1347 1695 ἐνισταμένων,
1400 1623 1461 1687 ὃς
1510 1623 1887 1696 παρακαλέσει

1980 522 2077 588 cit,
2108 521 2465 578 etChristum
2492 520 2548 575 in
2574 519 2883 576 contrarias
2912 518 3221 576 sententias
3255 519 3578 589 pertrahere

1979 611 2257 668 conatur?
2285 611 2520 667 Prorsus
2546 612 2691 666 enim
2729 625 3075 683 quaecunque
3104 612 3355 668 enuntiat
3389 628 3580 669 sacer-

1981 702 2105 771 dos,
2144 702 2336 758 eadem
2400 701 2546 759 Deus
2588 703 2918 758 conﬁrmare
2955 718 3021 759 ac
3069 711 3190 758 rata
3246 702 3452 759 habere
3513 718 3578 759 se

1980 793 2287 865 proﬁtetur,
2306 794 2466 865 juxta
2504 810 2766 865 magnum
2802 793 3150 865 Dionysium.
3190 794 3447 851 Attamen
3483 796 3578 867 qui

1981 884 2259 957 ﬂagitium
2298 886 2403 942 hoc
2441 886 2739 952 commisit,
2770 886 2978 957 quique
3000 886 3370 956 improbitatis
3391 901 3581 942 exem-

1981 978 2133 1049 plum
2170 978 2407 1035 subditis
2436 978 2504 1034 ad
2549 978 2913 1034 imitationem
2943 978 3202 1049 praebuit,
3247 986 3306 1033 ut
3342 994 3432 1035 res
3462 979 3577 1049 ipsa

1982 1073 2188 1138 docet;
2235 1072 2372 1144 quin
2424 1072 2592 1129 etiam
2632 1072 2820 1142 procul
2883 1073 3079 1143 positis
3128 1071 3470 1143 principibus
3525 1082 3587 1130 et

1984 1166 2261 1223 ducibus:
2294 1168 2439 1222 sicut
2466 1166 2580 1238 jam
2629 1166 2895 1221 imitando
2924 1165 3128 1221 factum
3160 1174 3244 1220 est
3273 1166 3327 1220 in
3360 1165 3579 1238 Longo-

1985 1256 2179 1313 bardia
2208 1265 2263 1313 et
2306 1256 2531 1312 Gotthia
2558 1256 2792 1327 ejusque
2824 1256 3136 1312 conﬁnibus
3165 1258 3209 1289 “
3242 1274 3257 1312 :
3288 1273 3397 1312 non
3429 1259 3577 1313 cnim

1986 1350 2127 1419 apud
2162 1349 2390 1419 gentiles
2439 1349 2549 1404 tale
2601 1349 2728 1420 quid
2777 1355 3166 1418 perpetratur:
3237 1363 3410 1420 neque
3452 1365 3581 1406 eru-

1986 1442 2161 1498 bescit
2186 1442 2373 1507 miser,
2404 1442 2500 1498 sed
2527 1424 2817 1508 sacriﬁcat,
2847 1443 2993 1497 sicut
3042 1441 3253 1497 dictum
3292 1451 3396 1508 est,
3450 1458 3579 1512 pro-

1987 1531 2186 1588 fanus:
2217 1540 2272 1587 et
2299 1548 2394 1589 eos
2454 1532 2550 1603 qui
2594 1532 2773 1604 ipsum
2822 1533 3021 1586 merito
3055 1543 3401 1597 aversantur,
3438 1532 3578 1588 rcle—

1988 1640 2117 1697 gare
2137 1632 2389 1680 conatur.
2424 1624 2688 1681 Dominus
2748 1632 2932 1679 autem
2981 1624 3201 1694 adjutor
3250 1639 3438 1679 eorum
3481 1623 3578 1695 qui

288 1716 395 1779 τὰς
427 1714 658 1785 καρδίας
688 1714 797 1768 τῶν
827 1713 1075 1768 εὐσεϐῶν
1101 1712 1260 1785 ήμῶν
1292 1712 1559 1783 βασιλέων
1582 1752 1597 1776 ,
1659 1713 1885 1783 ποιῆσαι

1990 1734 2091 1790 pro
2147 1719 2268 1790 ejus
2300 1718 2559 1773 mandato
2607 1717 2937 1773 decertant:
2993 1717 3087 1788 qui
3127 1716 3366 1773 iuﬂectet
3411 1718 3580 1773 corda

290 1810 394 1880 τὴν
435 1808 718 1877 ἐκδίκησιν
763 1808 865 1878 τῆς
904 1805 1236 1877 Ἑκκλησίας
1267 1805 1456 1870 αὑτοῦ,
1499 1805 1753 1876 καθάπερ
1786 1807 1881 1859 ἐπὶ

1990 1786 2205 1885 piorum
2228 1813 2647 1883 imperatorum,
2679 1810 2996 1866 utvindices
3012 1786 3073 1866 se
3093 1811 3370 1881 praebeant
3388 1811 3580 1866 Eccle-

290 1899 390 1954 τοῦ
436 1899 666 1971 μοιχοῦ,
730 1899 819 1954 ἵνα
862 1899 957 1954 καὶ
998 1899 1189 1971 τοῦτον
1238 1898 1507 1970 εὐδοκήσῃ
1546 1898 1880 1970 ἐκϐληθῆναι

289 1992 396 2064 τῆς
442 1993 796 2064 ἱερουργίας·
852 1991 947 2046 ἐπί
982 2009 1044 2046 τε
1089 1990 1401 2061 λυσιτελείᾳ
1442 1989 1537 2044 τοῦ
1568 1992 1879 2059 ἀγιωτάτου

294 2085 645 2156 πατριάρχου
665 2123 680 2149 ,
722 2084 819 2139 καὶ
852 2083 1037 2155 πάσης
1067 2084 1169 2154 τῆς
1195 2082 1496 2154 καθολικῆς
1528 2082 1878 2155 Ἐκκλησίας.

367 2177 461 2232 Διὸ
488 2177 767 2249 θαρσεῖτε,
797 2176 970 2231 τέκνα
998 2176 1094 2231 καὶ
1118 2174 1369 2245 ἀδελφοί·
1412 2175 1510 2229 καὶ
1539 2174 1616 2247 μὴ
1639 2175 1879 2242 δείσητε,

295 2270 440 2344 μηδέ
468 2269 851 2342 καταπέσητε.
888 2268 1098 2340 Καιρὸς
1125 2267 1442 2339 ὁμολογίας,
1474 2268 1666 2340 καιρὸς
1692 2267 1883 2322 ἐνστά-

292 2380 461 2431 σεως,
501 2362 697 2434 καιρὸς
729 2361 1012 2432 ἀθλήσεως
1034 2400 1051 2427 ,
1088 2360 1255 2431 τυχὸν
1286 2361 1384 2416 ναὶ
1414 2360 1594 2415 ἄλλων
1617 2359 1917 2430 παθημά-’

292 2471 408 2508 των
427 2469 441 2482 ο
478 2451 620 2506 ἀλλὰ
643 2455 737 2507 καὶ
766 2452 1047 2522 στεφάνων
1077 2451 1171 2506 καὶ
1199 2450 1359 2521 δόξης
1386 2449 1733 2521 ἐπουρανίου.
1772 2450 1884 2518 Φη-

295 2549 358 2601 σὶ
386 2548 495 2619 γάρ
512 2565 525 2579 ο
578 2545 730 2602 Ἀλλ’
756 2547 796 2615 ἢ
828 2544 968 2611 τοὺς
996 2541 1366 2608 δοξάζοντάς
1385 2559 1463 2612 με
1493 2541 1754 2607 δοξάσω,
1784 2539 1884 2595 καί

296 2645 333 2697 o’
376 2639 719 2706 ὲξουθενῶν
746 2654 825 2707 με
858 2635 1357 2706 ἀτιμασθήσεται.
1407 2636 1550 2699 Καὶ,
1590 2632 1887 2702 Μακάριοι

297 2736 358 2787 οὶ
385 2733 472 2803 μὴ
500 2733 893 2796 ἐκκλίνοντες
925 2729 1044 2784 ἀπὸ
1081 2726 1202 2783 τῶν
1230 2726 1497 2782 ἐντολῶν
1522 2726 1731 2782 αὐτοῦ.
1770 2725 1884 2793 Διὸ,

296 2826 548 2893 Χαίρετε
580 2823 680 2878 καὶ
711 2820 1118 2892 ἀγαλλιᾶσθε,
1162 2821 1252 2875 ὅτι
1285 2823 1319 2875 ό
1342 2819 1564 2890 μισθὸς
1591 2819 1735 2888 ὑμῖν
1772 2820 1889 2883 τοῖς

300 2916 638 2986 ὑπομένουσι
682 2914 878 2981 πολὺς
916 2912 986 2967 ἐν
1018 2912 1145 2979 τοῖς
1211 2911 1522 2980 οὐρανοῖς·
1564 2912 1675 2964 τῶν
1708 2908 1887 2983 ἔργων

301 3006 461 3077 ὑμῶν
505 3005 722 3076 ἔχεσθε.
784 3004 907 3059 Τῶν
954 3003 1222 3073 βασιλέων
1268 3002 1430 3073 ήμῶν
1486 3001 1886 3074 ὑπερεύχεσθε,

1987 1907 2082 1963 sia:
2109 1921 2242 1972 ante,
2276 1904 2738 1977 quemadmodum
2772 1904 2826 1959 in
2855 1904 3103 1960 adultero
3136 1921 3148 1957 :
3181 1903 3417 1974 ejiciquc
3438 1905 3585 1960 hunc

1986 2000 2201 2070 placeat
2234 2011 2397 2054 sacro
2428 1996 2761 2063 ministerio,
2802 2005 2963 2067 prout
2992 1996 3212 2066 espcdit
3239 1996 3586 2053 sanctissimo

1987 2091 2310 2161 patriarchae
2338 2096 2545 2161 totique
2570 2089 2830 2145 Ecclesia:
2858 2089 3167 2146 catholica.

2062 2183 2425 2251 Quamobrem
2447 2182 2726 2249 conﬁdite,
2753 2182 2845 2236 ﬁlii
2877 2197 2942 2238 ac
2958 2181 3152 2237 fratres
3175 2198 3190 2236 :
3210 2189 3266 2237 et
3292 2195 3360 2236 ne
3382 2189 3587 2237 terrea-

1989 2276 2147 2342 mini,
2181 2291 2281 2331 nec
2335 2274 2707 2330 succumbite.
2741 2273 2983 2343 Tempus
3031 2272 3414 2338 confessionis,
3444 2282 3587 2328 tem-

1991 2382 2094 2438 pus
2136 2365 2482 2429 resistentia},
2540 2372 2759 2435 tempus
2810 2363 3195 2430 certaminum,
3243 2363 3589 2433 aliorumque

1993 2457 2230 2512 fortasse
2269 2455 2650 2521 aﬁlictionum,
2684 2455 2779 2511 sed
2830 2464 2886 2511 et
2918 2470 3270 2521 coronarunt,
3314 2463 3370 2512 et
3403 2456 3589 2525 glorias

1993 2552 2253 2607 caelestis.
2291 2551 2379 2605 Ait
2408 2549 2552 2605 enim
2577 2566 2591 2604 :
2617 2547 2721 2604 Sed
2752 2548 3117 2619 gloriﬁcantes
3140 2565 3222 2603 me
3248 2548 3584 2620 gloriﬁcabo,

1993 2655 2043 2698 et
2063 2645 2155 2715 qui
2177 2643 2461 2697 contemnit
2491 2657 2571 2695 me
2617 2641 2720 2696 erit
2778 2639 3026 2712 ignobilis
3047 2641 3116 2695 ".
3156 2639 3222 2694 Et
3251 2657 3264 2693 :
3300 2639 3457 2694 Beati
3494 2639 3588 2710 qui

1994 2752 2094 2790 non
2132 2735 2399 2789 declinant
2452 2750 2485 2787 a
2533 2732 2805 2787 mandatis
2854 2731 2967 2801 ejus
2998 2732 3064 2785 °'.
3099 2731 3224 2787 Ideo
3274 2729 3511 2785 Gaudete
3536 2740 3586 2783 et

1994 2827 2276 2891 exsultate,
2310 2826 2564 2897 quoniam
2606 2841 2801 2879 merces
2829 2824 2995 2891 vobis,
3032 2838 3157 2879 cum
3178 2822 3583 2892 sustinueritis,

1994 2916 2166 2971 multa
2194 2925 2271 2970 est
2306 2917 2361 2969 in
2390 2914 2536 2970 ctetis
2560 2913 2629 2969 ⁸⁸.
2652 2912 2922 2984 Operibus
2948 2915 3148 2969 vestris
3171 2913 3363 2968 intenti
3390 2904 3584 2969 estote.

1994 3012 2102 3066 Pro
2126 3011 2551 3081 imperatoribus
2593 3010 2798 3066 nostris
2845 3017 2998 3064 orate
3043 3027 3058 3064 :
3096 3024 3196 3079 pro
3228 3007 3540 3079 patriarcha
3566 3046 3584 3074 ,

298 3102 399 3155 τοῦ
415 3097 854 3173 ἀρχιερέως,τοῦ
876 3096 1213 3170 ἐκϐληθῆναι
1228 3096 1319 3150 τὸν
1347 3095 1548 3166 Ἰωσὴφ
1572 3096 1638 3148 ἐκ
1665 3094 1761 3148 τοῦ
1791 3094 1888 3147 θυ-

1998 3113 2059 3158 υι
2083 3104 2335 3171 ejiciatur
2364 3101 2565 3174 Joseph
2601 3102 2670 3157 ab
2718 3102 2882 3157 altari
2913 3119 2927 3168 ;
2969 3117 3069 3171 pro
3119 3115 3252 3171 pace
3282 3100 3543 3158 Ecclesiae
3572 3120 3586 3158 :

300 3192 666 3263 σιαστηρίου,
715 3190 825 3261 τῆς
863 3189 1093 3260 εἰρήνης
1134 3189 1236 3260 τῆς
1265 3188 1625 3259 Ἐκκλησίας·
1663 3186 1888 3258 πορευό⁴

1998 3196 2343 3252 ambulantes
2381 3194 2437 3248 in
2468 3194 2554 3249 via
2603 3194 2957 3251 immaculata
2987 3194 3056 3260 ”,
3084 3195 3136 3249 in
3171 3194 3448 3251 mandatis
3468 3194 3589 3265 ejus

303 3303 462 3354 μενοι
495 3287 553 3339 ἐν
578 3283 682 3354 ὀδῷ
706 3281 927 3353 ἀμώμῳ
946 3320 961 3345 ,
1013 3282 1073 3335 ἐν
1115 3284 1239 3345 ταῖς
1270 3280 1513 3343 ἐντολαῖς
1536 3279 1699 3334 αὑτοῦ
1740 3278 1898 3351 θελή-

305 3395 504 3443 σαντες
552 3377 794 3448 σφόόρα’
860 3378 918 3430 ἐν
972 3375 1124 3447 πάσῃ
1173 3374 1314 3446 καλῇ
1365 3372 1740 3439 καταστάσει,
1801 3372 1898 3427 καὶ

305 3474 573 3542 κανονικῇ
620 3468 941 3525 διαϐιώσει’
999 3468 1109 3532 ἕως
1165 3469 1233 3523 ἂν
1279 3466 1557 3538 ἀκούσητέ
1605 3485 1661 3521 τι
1708 3465 1895 3534 πλέον,

303 3566 339 3634 ἢ
387 3563 483 3618 καὶ
530 3564 692 3634 ἡμεῖς
736 3559 1113 3634 σημανοῦμεν.
1160 3558 1223 3615 ⁸0
1255 3559 1490 3632 Χριστὸς
1548 3557 1672 3630 μεθ’
1705 3558 1894 3629 ὑμῶν·

303 3659 340 3728 ή
367 3658 634 3720 Θεοτόκος
667 3655 955 3710 σκέπουσα
980 3654 1156 3726 ὑμᾶς’
1188 3654 1219 3706 6
1248 3652 1563 3724 Πρόδρομος
1592 3656 1690 3706 καὶ
1718 3653 1746 3705 6
1770 3651 1902 3705 Θεο-

303 3749 468 3819 λόγος
518 3749 886 3820 φρουροῦντες
915 3748 1093 3817 ὑμᾶς*
1129 3748 1180 3801 oi
1232 3745 1382 3816 ἀγιοι
1417 3744 1625 3807 πάντες
1661 3747 1731 3816 τῇ
1765 3744 1899 3816 εὐχῇ

306 3842 405 3897 τοῦ
451 3842 666 3914 Πατρός
710 3858 815 3913 μου
863 3841 959 3895 καὶ
996 3839 1212 3912 Πατρδς
1243 3837 1422 3910 ὑμῶν.
1474 3837 1696 3900 Πάντας
1730 3853 1902 3907 προσ-

306 3933 565 4006 αγορεύω
616 3933 740 3988 κατ’
779 3932 989 4004 ὄνομα·
1046 3933 1082 4004 ή
1134 3930 1296 4003 χάρις
1340 3927 1439 3983 τοῦ
1483 3927 1697 3999 Κυρίου
1742 3926 1902 3998 ήμῶν

320 4026 502 4099 Ἰησοῦ
527 4025 768 4100 Χριστοῦ
798 4025 941 4080 ἔστω
969 4026 1107 4080 ιιετά
1129 4024 1350 4079 πάντων
1374 4020 1551 4092 ὑμῶν,
1573 4020 1745 4075 τέκνα
1764 4022 1902 4093 ὴγαο

309 4114 560 4186 πημένα.
599 4115 796 4187 Ἀμήν.

631 4249 829 4305 ΛΒ’.-
840 4249 1115 4317 Νικολάῳ
1140 4250 1586 4319 Χαρτουλαρίῳ.

1993 3290 2240 3345 volentes
2284 3287 2452 3343 nimis
2472 3288 2518 3320 “
2556 3303 2571 3341 :
2605 3286 2659 3341 in
2704 3287 2855 3342 omni
2906 3286 3133 3341 honesta
3195 3286 3589 3341 constitutione

1996 3390 2051 3437 et
2086 3380 2348 3436 canonica
2380 3379 2802 3436 conversatione
2836 3398 2848 3433 :
2885 3379 3067 3449 quoad
3117 3379 3320 3449 aliquid
3352 3378 3589 3450 amplius

1995 3471 2254 3535 audiatis,
2282 3478 2376 3525 aut
2406 3486 2436 3525 a
2463 3470 2621 3526 nobis
2674 3469 3030 3541 signiﬁcetur.
3066 3469 3325 3526 Christus
3371 3471 3445 3526 sit
3491 3485 3590 3525 vo-

1997 3562 2251 3630 biscum;
2313 3560 2543 3633 Deipara
2591 3556 2882 3633 protegens
2955 3578 3093 3630 vos;
3171 3560 3488 3621 Praecursor
3533 3572 3590 3617 ct

1990 3653 2301 3726 Theologus
2339 3655 2712 3711 custodientes
2750 3670 2846 3710 vos
2877 3670 2891 3721 ;
2920 3656 3094 3710 sancti
3137 3670 3331 3710 omnes
3353 3696 3366 3718 ,
3405 3655 3587 3726 preci-

1989 3748 2093 3804 bus
2132 3748 2314 3805 Patris
2361 3749 2493 3815 mei,
2526 3764 2589 3804 ac
2617 3749 2799 3805 Patris
2827 3749 3019 3806 vestri.
3051 3750 3255 3805 Omnes
3281 3752 3461 3804 saluto
3488 3763 3585 3803 no-

1989 3840 2261 3896 minatim.
2327 3839 2514 3897 Gratia
2563 3840 2780 3896 Domini
2830 3841 3005 3897 nostri
3074 3839 3207 3896 Jesu

1988 3947 2115 3989 cum
2137 3932 2396 3990 omnibus
2418 3930 2594 3999 vobis,
2639 3932 2735 3987 ﬁlii
2775 3932 2979 3989 dilecti.
3032 3932 3228 3990 Amen.

3268 3840 3474 3899 Christi
3514 3840 3587 3898 sit

2308 4246 2523 4304 XXXII.
2554 4276 2626 4289 —-
2656 4246 2882 4305 Nicolao
2910 4249 3274 4309 Cltartuiario.

559 4364 881 4427 Quantopere
899 4378 1070 4428 pacem
1095 4370 1238 4429 optet
1258 4364 1530 4417 Ecclesia:
1555 4370 1611 4418 et
1639 4377 1786 4429 quam
1806 4364 1939 4415 bene
1960 4362 2013 4414 in
2036 4361 2365 4428 patriarcham
2386 4362 2455 4415 sit
2485 4364 2713 4416 affectus.
2741 4365 2943 4428 (Baron.
2970 4380 3052 4417 an.
3075 4367 3190 4429 809,
3214 4381 3265 4419 n.
3288 4368 3361 4430 2.)

394 4473 774 4546 ’Υπελάϐομεν
831 4474 953 4539 πῶς
998 4475 1258 4547 ἀπεχθῶς
1304 4474 1454 4547 ἐχειν
1500 4475 1601 4548 τὴν
1650 4474 1888 4548 μεγάληι

2080 4473 2418 4546 Suspicabar
2432 4474 2840 4546 quodammodo
2859 4490 3112 4546 magnam
3135 4476 3387 4547 pietatem
3410 4485 3582 4545 tuam,

308 4584 408 4621 σου
440 4566 746 4632 εὐσέϐειαν,
781 4565 1103 4636 πανπόθητε
1131 4565 1292 4638 ήμῶν
1320 4566 1582 4633 δέσποτα,
1622 4565 1761 4638 πρὸς
1795 4567 1888 4635 τὴν

2003 4565 2226 4622 domine
2258 4566 2334 4621 mi
2359 4566 2843 4634 desideratissime,
2875 4566 3135 4623 alieniore
3158 4567 3342 4622 animo
3367 4582 3489 4624 esse
3517 4571 3586 4625 ah

302 4659 642 4713 ταπείνωσιν
689 4658 848 4730 ήμῶν
869 4697 885 4722 ,
946 4658 1038 4713 διά
1068 4675 1193 4714 τινα
1227 4659 1730 4733 παρεμπίπτουσαν
1765 4658 1888 4713 ὑπό‹

2003 4658 2312 4715 humilitate
2341 4668 2529 4716 nostra
2581 4660 2653 4715 ob
2681 4674 2861 4715 causae
2912 4658 3144 4729 alicujus
3197 4659 3583 4718 interventum.

306 4752 483 4807 θεσιν.
526 4750 667 4805 Ἀλλ’
697 4749 868 4815 ὅντως
896 4750 1104 4818 ἔδειξας
1138 4752 1198 4806 ἐν
1223 4750 1302 4824 τῷ
1327 4751 1561 4824 παρόντι
1588 4750 1768 4824 καιρῷ
1795 4768 1888 4805 ua-

2006 4752 2114 4810 Sed
2143 4769 2332 4810 revera
2380 4753 2489 4809 hoc
2522 4761 2773 4825 tempore
2824 4752 3136 4818 ostendisti,
3170 4768 3401 4809 vacuam
3435 4755 3588 4810 omni

308 4843 491 4915 θαράν
538 4860 634 4897 σου
689 4841 789 4915 τὴν
832 4840 1024 4915 τιμίαν
1068 4844 1249 4916 ψυχὴν
1304 4844 1488 4915 πάσης
1529 4843 1888 4915 δυσμενείας·

2003 4846 2133 4903 odio
2159 4860 2282 4903 esse
2308 4847 2678 4902 venerandam
2722 4845 2962 4900 animam
3024 4853 3198 4911 tuam,
3258 4846 3590 4917 plenamque

306 4938 373 4990 οὐ
411 4936 520 5007 μὴν
550 4934 691 4990 ἀλλά
728 4936 829 4990 καὶ
864 4936 1046 5008 πάσης
1075 4936 1387 5002 θεοσεϐείας
1416 4937 1888 5009 πεπληρωμένην⁴

2004 4938 2142 4994 adeo
2178 4938 2328 4996 omni
2348 4938 2545 5008 pietate
2575 4956 2590 4993 :
2627 4937 2850 5008 quando
2879 4947 2929 4993 te
2969 4948 3282 5010 promptum
3332 4954 3397 4995 ac
3427 4955 3590 5011 para-

306 5031 371 5082 ἐν
419 5027 500 5098 τῷ
536 5027 741 5099 γοργὸν
772 5027 869 5082 καὶ
896 5027 1101 5099 θερμόν
1134 5046 1195 5083 σε
1221 5029 1478 5098 γενέσθαι
1513 5030 1594 5094 είς
1620 5032 1703 5097 τὸ,
1736 5030 1888 5102 χάριν

1996 5036 2114 5085 tum
2143 5028 2401 5096 docuisti,
2435 5038 2496 5085 ut
2536 5029 2691 5100 pacis
2734 5027 2993 5085 Ecclesia:
3029 5030 3121 5085 Dei
3169 5030 3373 5097 studio,
3397 5033 3589 5087 statim

304 5120 543 5190 εἰρήνης
566 5119 666 5189 τῆς
694 5119 1028 5192 Ἐκκλησίας
1048 5121 1143 5175 τοῦ
1166 5120 1326 5187 Θεοῦ,
1354 5121 1519 5186 εὐθὺς
1542 5121 1651 5176 ἀπὸ
1673 5121 1888 5195 πρώτης

1998 5135 2064 5177 ac
2083 5121 2321 5190 primum
2350 5120 2555 5176 hortati
2586 5135 2800 5185 sumus,
2825 5121 3129 5192 applicares
3166 5130 3219 5177 te
3250 5122 3318 5177 ad
3353 5123 3591 5194 conjun-s

302 5209 472 5279 ἡμῶν
518 5210 925 5282 παρακλήσεως
968 5212 1265 5283 κινηθῆναι
1308 5212 1448 5285 πρὸς
1478 5214 1778 5281 συνάφειαν
1804 5214 1888 5268 τοῐ

1998 5212 2242 5270 ctionem
2272 5212 2608 5269 sanctissimi
2654 5214 2982 5283 patriarcha:
3032 5215 3233 5271 nostri.
3281 5214 3395 5271 Hoc
3447 5215 3591 5272 indi-

307 5301 625 5369 ἀγιωτάτου
657 5303 818 5373 ἡμῶν
842 5304 1216 5377 πατριάρχου.
1252 5304 1425 5359 Τοῦτο
1452 5304 1746 5377 γνώρισμα
1771 5306 1888 5360 είλι·

2001 5306 2147 5362 cium
2213 5306 2444 5361 sincera:
2502 5305 2779 5375 amicitiae,
2838 5307 2944 5363 hoc
3003 5308 3290 5381 proprium
3346 5309 3589 5367 hominis

307 5394 538 5463 κρινοῦς
578 5395 760 5464 φιλίας
783 5413 796 5426 ·
849 5397 1012 5451 τοῦτο
1047 5398 1249 5469 ἰδίωμα
1277 5398 1571 5472 ἀνθρώπου
1603 5399 1888 5470 θεοφόϐουι

2006 5395 2177 5453 Deum
2202 5398 2447 5454 timentis
2471 5415 2486 5452 :
2514 5399 2631 5455 haec
2658 5408 2845 5470 aperta
2878 5398 3277 5457 demonstratio
3310 5401 3413 5456 zeli
3442 5406 3588 5457 veri-

306 5484 473 5539 τοῦτο
504 5485 784 5556 ἀπόδειξις
814 5488 1082 5561 ἐναργοῦς
1111 5490 1278 5560 ζήλου
1305 5490 1589 5561 ἀληθείας.
1627 5492 1738 5545 Καὶ
1767 5491 1888 5562 γοῦν

2006 5490 2155 5548 tatis.
2187 5490 2372 5563 Itaque
2403 5492 2669 5550 retribuet
2697 5492 2794 5547 tibi
2858 5491 3145 5561 Dominus,
3177 5491 3397 5548 tametsi
3452 5492 3591 5547 nihil

307 5576 616 5633 ἀποδώσειὲ
660 5597 747 5635 σοι
792 5580 1037 5653 Κύριος·
1096 5584 1145 5636 εί
1192 5583 1287 5638 καὶ
1333 5583 1503 5655 μηδέν
1540 5602 1593 5639 τι
1635 5584 1888 5658 γένηται,

2006 5582 2120 5650 ﬁat,
2176 5583 2442 5656 integram
2497 5582 2727 5655 justitiac
2780 5585 3112 5641 mercedem.
3164 5583 3284 5640 Non
3341 5584 3489 5640 enim
3519 5599 3586 5641 cx

461 5710 635 5794 Sgtpra
665 5713 721 5794 i_n
768 5715 1040 5794 Theodori
1064 5716 1221 5794 Vita,
1249 5735 1373 5794 pag.
1420 5720 1502 5787 16,
1535 5737 1589 5778 ιι,
1623 5721 1709 5779 19,

312 5780 361 5816 ﬂ
454 5721 635 5816 Eppia
660 5721 721 5816 in
768 5721 1040 5816 'Eltegdqri
1065 5721 1222 5816 Vita,‘
1249 5735 1373 5794 pag.
1420 5721 1502 5787 l6,
1535 5737 1589 5778 ιι.
1623 5721 1709 5779 l9.
1827 5723 1871 5756 ”

1990 5732 2176 5796 ch.n,
2235 5724 2323 5782 30.
2405 5725 2450 5759 ³³
2510 5723 2655 5780 Psal.
2713 5737 2900 5791 min,
2948 5722 3041 5778 21.

390 5781 623 5852 ιδεειιέο,
660 5785 715 5842 6.
789 5788 836 5821 ’⁸
877 5788 1022 5847 Psal.
1058 5804 1167 5860 cxi,
1195 5781 1253 5846 ’1.

3150 5722 3196 5758 τ’
3226 5721 3420 5793 Matth,
3450 5738 3506 5783 ν.
3534 5723 3581 5783 1.
