4044 6366
519 338 661 407 1015

1682 344 1744 406 S.
1784 342 2181 405 THEODO-RI
2218 343 2564 406 STU‘DITJE

3638 343 3774 410 1016

512 465 700 513 rerum
735 455 907 522 eait‘u,
931 454 1028 513 sed
1059 457 1132 513 ab
1167 469 1362 514 earum
1395 455 1720 522 intentione,
1756 473 1854 513 seu
1903 458 2093 536 lauda-

2199 458 2502 529 ὀλόκληρον
2539 454 2890 526 δικαιοσύνης
2945 453 3162 527 μισθόν.
3219 455 3357 511 Οὐδὲ
3391 454 3502 528 γὰρ
3539 456 3651 510 ἀπὸ
3681 458 3776 511 τοῦ

511 549 638 616 bili‘,
666 564 762 605 aeu
788 564 969 616 secus,
995 550 1136 605 solet
1151 548 1298 605 Deus
1323 551 1544 621 praemia
1564 549 1856 606 decernere
1882 549 2089 606 faeiena

513 643 681 698 tibus.
709 641 976 698 Lucratus
999 656 1134 713 ergo
1157 658 1217 699 es
1241 644 1502 713 temporis
1523 652 1724 713 puncto
1752 658 1861 698 non
1891 653 2086 699 aurum

513 743 571 788 et
598 741 908 803 argentum,
932 731 1024 788 sed
1075 731 1236 802 juges
1269 733 1558 788 thesauros
1578 733 1818 788 caelestis
1847 734 2089 790 retribu-

513 825 702 880 tionis.
741 821 976 880 Oramus
1020 832 1226 889 autem,
1283 833 1338 878 et
1395 825 1684 879 hortamur
1737 825 1998 896 amplius,
2030 830 2092 882 ut

437 944 445 951 -
511 929 712 986 pergas
743 915 798 970 in
840 916 1113 986 incepto;
1143 923 1202 970 ut
1243 924 1298 970 tu
1337 915 1556 984 quidem
1587 916 1906 972 thesaurum
1945 933 2089 988 pra:-

514 1006 743 1062 divitem
772 1011 1050 1076 acquiras,
1101 1020 1206 1062 nos
1235 1021 1364 1061 vero
1403 1006 1641 1063 humiles
1673 1019 1972 1078 conspectu
1999 1024 2094 1079 pa-

514 1100 767 1156 triarchae
794 1097 1065 1164 fruamur,
1099 1105 1195 1152 aut
1258 1097 1440 1168 potius
1489 1106 1550 1152 ut
1601 1097 1843 1154 Ecclesia
1879 1099 1970 1155 Dei
2000 1109 2090 1154 tua

513 1207 682 1262 opera
711 1203 896 1260 pacem
930 1190 1144 1259 adepta,
1175 1188 1374 1243 multas
1423 1189 1522 1243 tibi
1577 1189 1798 1244 laudum
1856 1184 2112 1248 coronas

513 1289 723 1338 nectat:
750 1296 850 1337 nec
870 1280 1120 1350 pluribus
1131 1280 1312 1335 verbis
1327 1288 1416 1335 est
1435 1295 1597 1350 opus.
1614 1280 1884 1348 Quoniam
1910 1291 2090 1338 autem

508 1373 721 1444 iussisti
745 1372 1054 1443 signiﬁcare
1070 1376 1191 1437 nhs,
1217 1372 1348 1442 quid
1362 1373 1562 1427 sentiat
1579 1373 1862 1430 humilitas
1880 1383 2088 1430 nostra:

511 1464 625 1534 jam
646 1463 766 1518 sine
817 1461 968 1526 fuco,
995 1461 1332 1518 excellentiae
1363 1445 1471 1516 tuze
1495 1478 1678 1518 coram
1711 1461 1967 1528 Domino,
1995 1465 2089 1534 qui

513 1553 730 1610 occulta
757 1553 932 1616 novit,
985 1551 1382 1622 signiﬁcamus.
1436 1551 1596 1607 Nulla
1654 1554 1820 1609 nobis
1855 1565 1941 1610 est
1966 1570 2091 1610 cum

2191 550 2380 612 τέλους
2430 547 2538 601 τῶν
2584 547 2966 618 πραγμάτων,
3023 545 3143 600 ἀλλ’
3174 545 3283 600 ἀπὸ
3324 545 3426 616 τῆς
3472 548 3606 616 περὶ
3639 548 3778 602 αὐτὰ

2195 639 2513 710 προθέσεως
2534 680 2550 704 ,
2603 638 2714 692 εἴτε
2749 639 3088 703 ἐπαινετῶς,
3125 639 3238 692 εἴτε
3264 638 3362 708 οὐχ
3386 637 3586 701 οὕτως,
3618 639 3776 692 εἴωθε

2194 735 2292 797 τὰς
2341 733 2582 804 ἀμοιϐὰς
2631 733 2694 787 τὸ
2739 733 2898 788 Θεῖον
2947 732 3376 804 ἐπιψηφίζεσθαι
3423 736 3540 797 τοῖς
3584 733 3774 804 δρῶσι.

2194 825 2554 897 Κεκέρδηκας
2577 824 2872 895 τοιγαροῦν
2901 825 2964 877 ὲν·
2987 825 3086 894 μιᾷ
3114 822 3308 894 καιροῦ
3336 825 3510 893 ῥοπῇ,
3549 823 3614 874 οὐ
3647 839 3778 890 χρυ⁴

2197 917 2312 972 σίον
2339 934 2399 970 τε
2426 917 2522 971 καὶ
2548 916 2834 989 ἀργύριον,
2876 916 3013 971 ἀλλὰ
3045 915 3354 987 θησαυροὺς
3383 913 3776 976 ἀνεκλείπτους

2194 1007 2455 1080 οὐρανίας
2489 1007 2923 1072 άνταποδόσεως.
2967 1007 3088 1061 Ἔτι
3121 1007 3179 1060 δὲ
3213 1005 3642 1079 παρακαλοῦμεν
3677 1006 3772 1060 καὶ

2194 1100 2554 1170 δυσωποῦμὲν
2582 1115 2642 1153 σε
2675 1098 2999 1170 ἐπειχθῆναι
3033 1100 3093 1152 ἑν
3124 1101 3192 1172 τῇ
3223 1097 3452 1170 τοιαύτῃ
3481 1097 3738 1152 ὑποθέσει
3757 1111 3772 1128 ⁸

2197 1193 2287 1246 ἵνα
2336 1192 2500 1255 αὐτὸς
2543 1190 2646 1262 μὲν
2692 1191 2965 1264 κερδήσῃς
2998 1189 3260 1244 πλούσιον
3291 1190 3352 1244 τὸ
3382 1188 3770 1262 θησαύρισμα-

2195 1285 2358 1354 ήμείς
2384 1281 2443 1336 δὲ
2471 1284 2521 1336 οἰ
2547 1282 2786 1345 εὐτελεῖς
2815 1281 3074 1354 τύχωμεν
3098 1280 3193 1336 τοῦ
3225 1281 3365 1354 πρὸς
3390 1283 3482 1337 τὸν
3513 1281 3777 1355 ἀρχιερέα

2201 1373 2566 1428 συνοπτικοῦ.⁸
2628 1373 2834 1444 μᾶλλον
2875 1373 2933 1427 δὲ
2985 1373 3074 1428 ἴνα
3113 1375 3147 1445 ή
3185 1373 3486 1446 Ἐκκλησία
3519 1373 3614 1427 τοῦ
3638 1371 3774 1426 Θεοῦ

2197 1468 2266 1538 τῇ
2303 1468 2368 1537 σῇ
2408 1464 2658 1536 μεσιτείᾳ
2687 1462 3081 1535 βραὸευθείσα,
3119 1462 3353 1526 πολλούς
3382 1480 3477 1517 σου
3507 1465 3636 1527 τοὺς
3667 1463 3774 1516 τῶν

2199 1555 2496 1626 ὶγκωμίων
2526 1554 2832 1623 ,στεφάνους
2866 1553 3250 1622 καταπλέξειε.
3291 1554 3404 1607 Καὶ
3435 1555 3498 1606 ού
3529 1553 3693 1607 πλέον
3720 1571 3774 1609 τι

513 1644 826 1716 patriarcha
860 1643 928 1698 de
975 1643 1366 1699 communione
1413 1641 1703 1708 dubitatio,
1730 1653 2090 1714 prmterquam

2200 1645 2309 1718 χρὴ
2351 1645 2560 1712 λέγειν.
2617 1643 2834 1714 Ἐπειδὴ
2864 1643 2924 1698 δὲ
2953 1643 3250 1708 ἐκέλευσας
3277 1644 3622 1713 ὲπισημᾶναι
3645 1643 3773 1696 ὀπό-

513 1736 790 1794 αιοοιιοιιιὶ
825 1751 1015 1802 causa,
1051 1751 1116 1792 eo
1159 1736 1304 1806 quod
1333 1737 1615 1806 depositus
1642 1737 1715 1790 sit
1751 1752 1848 1806 per
1879 1738 2093 1794 divinos

2201 1755 2294 1802 σος
2341 1738 2494 1792 ἐστὶν
2545 1736 2575 1789 δ
2619 1735 2772 1804 λόγος
2820 1736 2920 1806 τῆς
2989 1733 3374 1798 ταπεινώσεως
3439 1735 3622 1806 ήμῶν,
3671 1734 3771 1806 ήδη

513 1843 778 1886 canones.
812 1826 884 1883 Et
907 1827 1128 1896 quando
1174 1827 1546 1897 prohibebitur
1570 1842 1599 1881 a
1629 1841 1788 1883 sacro
1845 1829 2093 1885 ministe-

2197 1828 2448 1899 ἀψευδῶς
2496 1826 2838 1899 γνωρίζομεν
2884 1828 2954 1897 τῇ
3002 1825 3238 1897 μεγίστῃ
3287 1826 3564 1898 ὑπεροχῇ,
3614 1826 3689 1890 ὡς
3716 1827 3774 1878 ἑν

513 1920 624 1985 rio,
649 1921 792 1976 sicut
819 1929 978 1975 antea
1013 1919 1108 1974 Dei
1139 1919 1501 1989 beneplacito,
1526 1927 1581 1974 et
1625 1919 1968 1977 sanctissimi
1996 1935 2093 1990 pa-

2197 1919 2476 1991 προσῶπῳ
2499 1917 2708 1990 Κυρίου
2738 1915 2838 1972 τοῦ
2857 1916 2968 1970 τῶν
2994 1916 3214 1988 ἀδήλων
3235 1916 3482 1986 γνῶστου
3508 1918 3611 1971 οὐκ
3630 1917 3774 1970 ἐστιν

515 2013 791 2080 triarchae,
815 2012 1142 2083 piorumque
1193 2011 1548 2068 dominorum
1610 2021 1968 2077 nostrorum;
2010 2013 2093 2066 ni-

2197 2012 2328 2083 ἡμῖν
2359 2008 2416 2063 ἐν
2450 2023 2558 2063 τινι
2595 2008 2658 2062 τδ
2689 2007 3036 2078 ἀμφιϐάλλον
3080 2007 3182 2079 τῆς
3215 2007 3356 2079 πρὸς
3386 2009 3480 2062 τὸν
3511 2009 3775 2080 ἀρχιερέα

515 2107 719 2163 mirum
750 2105 879 2176 quia
934 2118 1260 2160 mconomus
1315 2112 1420 2168 est,
1475 2113 1530 2159 et
1581 2105 1850 2160 honorem
1899 2105 2092 2174 gerit;

2197 2101 2502 2168 κοινωνίας,
2541 2099 2575 2171 ἢ
2611 2099 2707 2154 διὰ
2729 2099 2821 2152 τὸν
2849 2099 3158 2168 οἰκονόμον,
3193 2099 3335 2152 κατὰ
3362 2099 3426 2153 τὸ
3451 2099 3775 2171 καθῃρημέ-

514 2207 636 2256 tum
665 2197 916 2269 protinus
941 2196 1108 2252 simul
1137 2196 1576 2254 sacriﬁcabimus
1620 2207 1676 2253 et
1719 2197 2093 2252 communica-

2197 2209 2282 2250 νον
2315 2193 2482 2248 αὐτὸν
2512 2187 2656 2249 εῖναι
2689 2190 2796 2246 ὑπὸ
2823 2191 2934 2245 τῶν
2965 2190 3130 2245 θείων
3157 2191 3427 2246 κανόνων.
3468 2191 3586 2246 Καὶ
3615 2191 3774 2262 ήνίκα

513 2291 722 2358 bimus,
771 2298 829 2346 et
866 2304 1086 2344 manum
1121 2289 1489 2360 porrigemus,
1545 2288 1683 2343 nihil
1745 2289 2090 2359 inquirentes

2197 2284 2478 2356 ὁποσταλῇ
2531 2283 2632 2354 τῆς
2676 2282 3023 2354 ἱερουργίας,
3078 2282 3223 2338 κατὰ
3271 2273 3356 2336 τθ
3379 2283 3651 2355 πρότερον
3687 2282 3777 2338 εὐ-

513 2383 584 2438 de
613 2382 848 2439 triennio
906 2381 1034 2449 hoc,
1067 2396 1181 2452 quo
1229 2396 1353 2436 cum
1404 2396 1471 2436 eo
1501 2381 1676 2436 sacris
1702 2387 1960 2450 operatus
1985 2387 2090 2445 est,

2197 2377 2352 2448 δοκίᾳ
2383 2375 2550 2441 Θεοῦ,
2590 2373 2686 2428 τοῦ
2722 2391 2784 2428 τε
2835 2373 3145 2444 ἀγιωτάτου
3180 2375 3549 2446 πατριάρχου,
3579 2375 3694 2429 τῶν
3716 2390 3774 2429 τε

513 2475 669 2546 pacis
690 2474 874 2529 studio
898 2491 913 2529 :
948 2488 1128 2542 neque
1155 2472 1207 2527 id
1241 2481 1389 2528 metu
1421 2472 1628 2543 aliquo,
1655 2471 1749 2528 sed
1777 2472 2090 2528 communis

2197 2467 2439 2522 εὐσεϐῶν
2493 2466 2656 2538 ήμῶν
2684 2465 3012 2546 δεσποτῶν·
3077 2466 3238 2538 δῆλον
3285 2468 3371 2522 ὅτι
3415 2468 3572 2532 ὄντος
3614 2467 3777 2521 αὑτοῦ

513 2564 767 2621 utilitatis
795 2575 850 2620 et
879 2562 1076 2620 salutis
1095 2561 1295 2634 gratia.

2197 2561 2508 2632 οἰκονόμου,
2545 2560 2642 2615 καὶ
2673 2559 2772 2632 τὴν
2797 2558 2962 2632 τιμὴν
2989 2558 3234 2630 {xcvi-or
3268 2557 3434 2624 εὐθὺς
3461 2553 3777 2630 παραυτίκα
3811 2595 3816 2598 -

511 2657 610 2714 καὶ
663 2654 1229 2728 συλλειτουργοῦμεν,
1286 2654 1385 2708 καὶ
1433 2653 1942 2725 συγκοινωνοῦμεν,
1992 2652 2089 2707 καὶ
2125 2651 2586 2723 χειροτονούμεθα
2610 2691 2627 2718 ,
2696 2651 2864 2724 μηδὲν
2955 2649 3347 2722 ἐπιζητοῦντες
3373 2690 3388 2716 ,
3449 2651 3586 2722 περὶ
3673 2648 3774 2720 τῆς

512 2753 573 2807 ιν
616 2751 730 2814 τοῖς
754 2748 902 2820 τρισὶ
931 2747 1145 2820 χρόνοις
1171 2745 1385 2811 τούτοις
1419 2745 1866 2817 συλλειτουργίας
1925 2743 2115 2810 αὐτοῦ,
2153 2743 2467 2816 οἰκονομίας
2524 2743 2717 2816 χάριν,
2748 2743 2810 2809 οὐ
2839 2741 2933 2796 διά
2987 2741 3182 2813 φόϐον,
3221 2741 3360 2797 ἀλλὰ
3385 2740 3474 2796 διὰ
3500 2741 3562 2796 τὸ
3586 2758 3778 2798 κοινω-

513 2842 676 2914 φελὲς
709 2841 808 2896 καὶ
838 2841 1129 2912 σωτήριον.

585 2933 764 2991 Silent
777 2932 922 2990 enim
946 2931 1144 3002 liuqu
1171 2929 1480 2995 mendaces,
1503 2929 1766 2985 adversus
1791 2926 1888 2983 Dei
1909 2941 2093 2998 pacem

2265 2925 2586 2996 Σιγάτωσαν
2612 2923 2725 2996 γὰρ
2754 2924 2810 2978 αἰ
2837 2921 3307 2994 ψευδοκατήγοροι
3333 2921 3598 2991 γλῶτται,
3640 2921 3780 2978 κατὰ

513 3027 756 3086 incitatas
790 3033 850 3080 ut
881 3025 1086 3092 dicant,
1133 3038 1258 3088 nos,
1289 3034 1580 3094 postquam
1641 3019 1887 3091 deiectus
1915 3034 2090 3076 sacer-

2197 3017 2290 3088 τῆς
2319 3016 2546 3087 εἰρήνης
2575 3013 2674 3068 τοῦ
2704 3012 2842 3068 Θεοῦ
2871 3012 3231 3086 κινούμεναιι
3271 3014 3376 3081 δτι,
3411 3012 3552 3067 ἐπὰν
3582 3013 3778 3087 εἰρχθῇ

514 3120 668 3176 dotio
695 3117 857 3178 fuerit
880 3132 1225 3183 mconomus,
1275 3097 1684 3172 accusationem
1732 3125 2092 3184 aggressuros

2197 3107 2291 3178 τῆς
2333 3104 2649 3178 ἱερουργίας
2697 3107 2727 3159 ό
2772 3105 3094 3176 οἰκονόμος,
3145 3103 3557 3176 ἐπιδραξόμεθα
3601 3105 3779 3169 αἰτίας

514 3212 775 3270 antistitis
836 3209 1030 3274 nostri,
1079 3217 1140 3264 ut
1177 3209 1272 3280 qui
1319 3223 1448 3265 cum
1497 3205 1748 3276 deposito
1771 3205 1886 3276 jam
1925 3203 2093 3260 sacri-

2197 3200 2540 3267 κατενεγκείν
2589 3197 2684 3252 τδν
2728 3197 3000 3270 ἀρχιερέα
3031 3196 3190 3268 ήμῶν
3209 3238 3224 3263 ,
3263 3196 3342 3261 ὣς
3370 3197 3472 3268 ᾔδη
3501 3197 3580 3268 τῷ
3605 3232 3608 3235 -
3641 3199 3778 3252 καθ-

517 3303 700 3359 ﬁcavit
730 3320 748 3371 ;
783 3301 980 3358 deinde
1028 3300 1193 3356 etiam
1237 3299 1546 3356 decessoris
1603 3295 1942 3352 sanctissimi
1991 3310 2091 3365 pa-

2197 3287 2462 3363 ῃρημένῳ
2491 3286 3060 3357 συλλειτουργήσαντα
3076 3299 3094 3318 ⁶
3117 3285 3308 3339 ἒπειτα
3332 3285 3426 3339 τὸν
3451 3286 3777 3358 προηγησάρ

517 3393 771 3450 triarchae
801 3409 814 3445 :
847 3390 989 3447 labia
1041 3389 1254 3455 dolosa,
1293 3406 1416 3460 quae
1447 3390 1565 3444 haec
1627 3388 1959 3458 loquuntur:
1996 3401 2088 3442 ca-

2197 3395 2362 3450 μενον
2420 3377 2726 3447 ἁγιώτατον
2782 3377 3130 3448 πατριάρχην
3157 3392 3172 3407 ·
3236 3376 3398 3448 χείλη
3455 3377 3650 3442 δόλια,
3710 3379 3780 3430 τὰ.

515 3486 927 3551 lumniatorum,
980 3482 1400 3552 invidorumque
1448 3481 1734 3538 hominum
1783 3479 2086 3543 inventum,

2197 3467 2458 3524 λαλοῦντα
2475 3467 2546 3522 τὰ.
2562 3467 2816 3523 τοιαῦται
2844 3467 2940 3522 ἀνθ
2947 3467 3148 3538 ρώπων
3171 3467 3525 3537 συκοφαντῶν
3543 3471 3641 3523 καὶ
3661 3467 3781 3536 φθο-

513 3587 569 3634 et
617 3578 712 3647 qui
746 3575 930 3632 sanari
992 3575 1167 3631 nolint
1220 3573 1486 3630 inllictum
1537 3573 1738 3630 vulnus
1807 3571 2085 3627 Ecclesiae.

2197 3561 2368 3633 νερῶν
2413 3559 2476 3614 τδ
2522 3559 2738 3631 δρᾶμα·
2785 3557 2884 3612 καὶ
2915 3559 2994 3630 μὴ
3021 3558 3286 3613 θελόντων
3317 3560 3399 3624 εἰς
3425 3561 3573 3614 ἴασιν
3606 3559 3782 3614 ἐλθεῖν

514 3669 676 3725 Nullo
714 3667 877 3723 modo
905 3685 920 3722 :
954 3666 1138 3724 absit!
1175 3676 1229 3722 et
1280 3665 1652 3737 patriareham
1682 3664 1777 3735 qui
1808 3661 2093 3734 pr'ecessit

2197 3652 2256 3706 τὸ
2305 3651 2618 3724 προσπεσὸν
2663 3650 2887 3722 ὄφλημα
2934 3653 3001 3723 τῇ
3057 3651 3380 3723 Ἐκκλησία.
3445 3650 3777 3722 Μηδαμῶς.

515 3759 886 3830 suscepimus,
943 3765 1001 3814 et
1035 3757 1387 3827 suscipimus,
1447 3755 1680 3826 ideoque
1733 3755 1804 3810 ad
1853 3764 2087 3809 mortem

2199 3747 2274 3819 μὴ
2303 3745 2541 3815 γένοιτοί
2578 3743 2674 3799 καὶ
2701 3744 2792 3798 τὸν
2821 3745 3172 3815 πατριάρχην
3199 3743 3292 3796 τὸν
3315 3743 3778 3814 προηγησάμενον

516 3869 692 3923 usque
715 3867 837 3907 cum
867 3865 931 3908 eo
953 3849 1483 3906 communicabimus
1509 3865 1523 3915 ;
1574 3859 1630 3904 et
1679 3846 2090 3904 sanctissimum

516 3948 611 4016 qui
649 3960 797 4000 nunc
819 3951 924 4009 est,
957 3942 1325 4013 patriarcham
1353 3948 1408 3996 et
1445 3939 1811 4009 suscepimus,
1836 3948 1890 3992 et
1916 3937 2108 3994 susciv

516 4038 697 4109 pimus
727 4053 742 4090 :
775 4050 873 4106 pro
900 4049 966 4089 eo
996 4033 1160 4089 etiam
1205 4030 1484 4086 oﬁ‘erimus
1529 4029 1792 4100 quotidie.
1829 4029 2096 4084 Arceatur

515 4149 547 4188 a
575 4131 748 4188 sacris
777 4142 1121 4192 mconomns,
1175 4124 1270 4196 qui
1329 4123 1638 4179 adulterum
1689 4121 1996 4187 coronavit,
2041 4130 2097 4176 et

518 4237 641 4289 nos,
680 4229 740 4276 ut
778 4227 937 4274 antea
986 4216 1249 4281 diximus,
1307 4229 1432 4270 cum
1487 4228 1554 4268 eo
1603 4211 1999 4276 sacriﬁcamus,
2049 4209 2097 4268 si

511 4314 668 4386 jubet
695 4311 750 4366 in
783 4309 1026 4366 Ecclesia
1059 4306 1353 4371 catholica,
1401 4305 1556 4375 juxta
1592 4305 1819 4375 gradum
1847 4311 2096 4389 nostrum

2198 3841 2291 3900 καὶ
2332 3837 2634 3910 ἐδεξάμεθα
2680 3837 2780 3892 καὶ
2821 3837 3125 3907 δεχόμεθα,
3165 3836 3250 3891 διδ
3283 3837 3376 3891 καὶ
3409 3837 3516 3900 ἕως
3545 3837 3780 3890 θανάτου

2199 3929 2668 4000 συνκοινωνοῦμεν
2695 3927 2846 3998 αὐτῷ
2866 3943 2882 3956 ·
2918 3927 3014 3982 καὶ
3042 3929 3134 3981 τὸν
3162 3926 3259 3983 νῦν
3283 3926 3594 3996 ἁγιώτατον
3645 3929 3782 4000 ἀρχ-

2201 4021 2354 4092 ιερέα
2386 4021 2482 4076 καὶ
2514 4019 2820 4092 ἐδεξάμεθα
2850 4019 2945 4074 καὶ
2973 4018 3244 4090 δεχόμεθα
3268 4036 3282 4052 ο
3319 4019 3414 4073 ἐπὶ
3456 4019 3637 4090 τούτῳ
3675 4022 3780 4092 γὰρ

2198 4117 2295 4171 καὶ
2325 4113 2674 4184 ἀναφέρομεν
2704 4113 2824 4167 καθ’
2852 4112 3117 4182 ἑκάστην.
3158 4111 3218 4166 Ὀ
3246 4112 3532 4182 οἰκονόμος
3557 4111 3781 4183 εἱρχθή-

2198 4224 2278 4260 τω
2325 4205 2423 4276 τῆς
2468 4205 2785 4277 ἱερουργίας
2817 4205 2847 4260 ὁ
2880 4204 2971 4260 τδν
3002 4203 3194 4276 μοιχὸν
3227 4203 3586 4272 στεφανώσας
3607 4221 3623 4236 ο
3665 4205 3775 4269 καὶ,

2198 4298 2276 4362 ὡς
2319 4296 2848 4370 προδεδηλώκαμεν,
2907 4285 3438 4366 συλλειτουργοῦμεν
3487 4295 3678 4365 αὐτῷ,
3732 4296 3777 4349 εἰ

2201 4391 2451 4456 κελεύει,
2508 4391 2602 4445 ἐπὶ⁵
2647 4391 2748 4460 τῆς
2793 4389 3090 4460 καθολικῆς
3122 4387 3494 4458 Ἐκκλησίας,
3548 4387 3778 4450 ἕκαστος

2201 4484 2347 4540 κατά
2373 4482 2475 4555 τήν
2499 4483 2706 4536 οἰκείαν
2733 4480 2892 4552 ήμῶν
2921 4480 3100 4546 τάξιν.
3131 4481 3243 4534 Καὶ
3267 4481 3318 4532 εἰ
3343 4479 3502 4532 τοῦτο
3529 4479 3776 4548 γένηται,

515 4403 922 4474 unusquisque.
953 4397 1136 4468 Quod
1183 4399 1404 4470 quidem
1443 4397 1489 4453 si
1548 4395 1662 4461 ﬁat,
1719 4397 1984 4467 gaudium
2040 4395 2097 4450 in

517 4497 658 4554 cmlo
693 4495 880 4559 fuerit,
902 4509 1006 4564 pax
1037 4493 1094 4548 in
1132 4491 1374 4547 Ecclesia
1406 4487 1526 4555 Dei,
1550 4503 1672 4559 qua
1695 4489 1838 4560 apud
1869 4501 1972 4543 nos
1994 4495 2096 4542 est.

518 4591 562 4648 Τ
566 4584 766 4647 olletiir
779 4587 1044 4652 schisma,
1064 4583 1357 4642 concordia
1380 4581 1558 4653 palam
1579 4581 1862 4647 enitescet,
1889 4577 2093 4634 archie-

2203 4577 2348 4650 χαρὰ
2373 4579 2434 4630 ὲν
2455 4575 2736 4646 οὐρανοῖς·
2771 4574 2964 4645 εἰρήνη
2993 4574 3054 4628 ὲν
3080 4575 3146 4644 τῇ
3177 4571 3349 4642 καθ“ή
3359 4573 3466 4640 μᾶς
3480 4567 3779 4640 Ἐκκλησία

517 4686 778 4758 piscopus
811 4691 1000 4740 noster
1042 4680 1294 4737 laudibus
1333 4677 1624 4735 ornabitur
1664 4695 1680 4732 :
1727 4674 1867 4733 adeo
1917 4683 1976 4730 ut
2027 4672 2093 4730 ad

2201 4669 2296 4724 τοῦ
2319 4666 2487 4723 Θεοῦ·
2518 4666 2580 4720 τὸ
2605 4666 2812 4738 σχίσμα
2836 4666 3134 4736 ὑποχωρεῖ·
3164 4665 3198 4736 ή
3223 4663 3447 4732 ὁμόνοια
3471 4662 3778 4731 ἀναλάμψει

520 4753 770 4848 posteros
822 4786 1067 4833 transeat
1124 4774 1246 4846 ejus
1308 4772 1649 4829 encomium.
1713 4768 2093 4828 Potentissimi

2201 4758 2417 4833 τρανῶς
2443 4800 2460 4824 ,
2513 4759 2544 4812 ό
2589 4758 2887 4828 ἀρχιερεὺς
2933 4756 3090 4827 ήμῶν
3139 4754 3630 4824 στεφανωθήσεται
3673 4753 3778 4815 τοῖς

521 4843 878 4941 imperatores
907 4866 1084 4924 nostri
1109 4843 1219 4922 una
1257 4879 1386 4921 cum
1439 4863 1699 4934 pretiosis
1748 4860 1940 4916 infulis
1979 4859 2093 4916 suis

2202 4853 2470 4918 ἐπαίνοις,
2497 4851 2597 4906 καὶ
2622 4851 2878 4904 τοσοῦτον
2902 4849 2980 4914 ὡς
3001 4845 3313 4918 διαδοθῆναι
3337 4845 3506 4900 αὐτοῦ
3531 4846 3594 4898 τὸ
3617 4843 3779 4912 ἐγκώ-

519 4936 764 5032 angelica
801 4959 965 5016 etiam
993 4959 1154 5016 laude
1187 4957 1618 5014 coronabuntur.
1666 4953 1980 5010 Sacerdotes
2013 4953 2093 5006 ἕης

2205 4964 2330 5020 μιον
2375 4947 2482 5010 ἕως
2527 4945 2746 5014 γενεᾶς.
2789 4943 2854 4996 Οἰ
2893 4941 3177 5014 κράτιστοι
3211 4938 3369 5011 ἡμῶν
3402 4938 3654 5010 βασιλεῖς
3685 4936 3777 4991 σῦν

519 5027 989 5123 ducatjuultiam,
1018 5051 1302 5122 multoque
1317 5049 1492 5120 magis
1512 5048 1684 5103 sancti
1705 5045 2093 5120 (monasticam

2201 5041 2314 5103 τοῖς
2341 5036 2736 5106 πολυτιμήτοις
2757 5033 2938 5087 αὐτῶν
2963 5033 3260 5103 διαδήμασι
3287 5027 3780 5098 καταστεφανωθή-

523 5121 771 5202 ordini"!
803 5141 1022 5215 loquor)
1069 5121 1602 5198 cumiexsattatione
1649 5138 2000 5195 manabunt
2026 5138 2093 5191 ".

2205 5147 2389 5186 σονται
2417 5131 2484 5200 τῇ
2511 5127 2783 5200 ἀγγελικῇ
2814 5125 3063 5197 εὐφημίᾳ
3081 5141 3098 5156 ο
3133 5126 3189 5178 οἰ
3217 5121 3394 5192 ἱερεῖς
3418 5121 3778 5177 tia-Maenas

524 5237 793 5296 Donu'nus
822 5213 1010 5294 noster
1031 5236 1177 5306 quod
1217 5243 1274 5290 et
1301 5233 1466 5304 quale
1515 5233 1770 5290 braviuiu
1817 5229 2050 5300 accipiet
2080 5229 2093 5284 ἰ

2197 5221 2596 5289 δικαιοσύνην
2631 5236 2646 5252 ·
2676 5218 2756 5274 ἔτι
2795 5218 3016 5290 μᾶλλον,
3051 5218 3105 5271 οί
3135 5215 3322 5280 ὅσιοι,
3369 5213 3436 5268 τὸ
3469 5213 3777 5285 μοναδικόν,

525 5330 658 5402 quid
682 5329 869 5388 dicere
897 5303 1160 5398 oportet?
1207 5335 1262 5383 et
1287 5303 1418 5397 quid
1450 5341 1562 5382 non
1602 5325 1781 5396 majus
1805 5324 1941 5380 ﬁet?
1971 5321 2093 5394 quid

2198 5317 2368 5386 λέγω,
2383 5315 2600 5386 τάγμα,
2620 5310 2982 5384 ἀγαλλιάσει
2995 5306 3492 5380 (tramenta-ortas.
3513 5306 3574 5360 ὐ
3605 5303 3786 5358 δεσπό-

528 5395 752 5494 jucundi
785 5433 893 5476 non
919 5395 1186 5476 accedet?
1227 5395 1484 5475 Dicamus
1515 5427 1572 5473 et
1597 5395 1740 5472 hoc:
1780 5427 2093 5472 meonomue

2197 5417 2298 5482 της
2323 5407 2486 5482 ήμῶν
2517 5403 2634 5464 οἷον
2664 5407 2762 5462 καὶ
2788 5405 2980 5476 ἡλίκον
3006 5401 3155 5473 λήψῃ
3189 5399 3250 5454 τὸ
3292 5398 3552 5494 βραϐεῖον
3575 5438 3593 5464 ,
3628 5397 3679 5449 τί
3707 5395 3781 5494 δεῖ

525 5486 645 5584 ipse
674 5511 1061 5578 celebrabitur,
1084 5517 1141 5566 et
1168 5508 1425 5566 laudibus
1443 5507 1718 5566 sileretur:
1742 5519 2093 5578 magnamun

2198 5501 2428 5570 λέγειν;
2486 5500 2582 5555 καὶ
2631 5498 2687 5552 τί
2737 5496 2940 5569 μᾶλλον
2988 5494 3050 5548 ού
3081 5491 3410 5562 γενήσεταις
3464 5489 3519 5542 τί
3549 5486 3777 5584 τερπνδν

529 5577 633 5662 hac
673 5612 834 5674 pacto
866 5577 1304 5662 misericordiam
1333 5609 1702 5673 consequetur
1739 5577 1854 5654 tum
1892 5597 1946 5653 in
1979 5597 2093 5662 hoc,

2202 5593 2306 5651 οὐκ
2330 5591 2754 5666 ιίσαχθήσεταις
2792 5591 3053 5659 Είπωμεν
3081 5583 3176 5640 καὶ
3201 5581 3384 5649 τοῦτο,
3403 5583 3487 5638 ὅτι
3511 5582 3609 5636 καὶ
3627 5577 3781 5639 αὐτὸς

603 5789 648 5821 ⁸⁷
683 5784 828 5844 Psal.
863 5803 1053 5847 eam.
1095 5787 1174 5841 l6.
