4044 6366
302 316 438 381 1017

1520 320 2059 383 EPISTOLABUM
2090 322 2240 382 LIB.
2279 324 2328 384 Ι.

3419 320 3553 384 1018

295 433 327 485 ὁ
354 429 637 499 οἰκονόμος
686 429 1140 501 εὐφημηθήσεται
1175 430 1269 484 καὶ
1298 427 1690 501 δοξασθήσεται
1710 472 1724 497 ,
1776 433 1870 486 καὶ

1973 434 2171 488 tumin
2210 432 2399 490 futuro
2436 432 2659 488 saeculo.
2702 431 2769 488 Et
2797 446 2898 489 nos
2927 439 3242 503 peccatores
3262 430 3549 496 substrali,

294 521 696 591 κληρονομήσει
746 519 834 573 διὰ
873 519 1032 573 τοῦτο
1068 521 1210 592 μέγα
1236 520 1418 584 ἔλεος,
1457 522 1552 574 καὶ
1585 521 1644 572 ὲν
1671 520 1751 592 τῷ
1776 521 1872 575 νῦν

292 614 456 666 αίῶνι
477 652 490 675 ,
528 613 625 665 καί
655 614 714 666 ὲν
741 612 820 682 τῷ
848 612 1117 682 μέλλοντι.
1165 612 1352 682 Ἡμεῖς
1377 628 1437 664 τε
1468 612 1519 664 oi
1549 612 1871 682 ἁμαρτωλοὶ

291 704 535 776 ἐσόμεθα
588 705 1020 767 ὑποπίπτοντες,
1085 704 1182 757 καὶ
1241 702 1709 773 προσκυνοῦντες,
1774 704 1869 758 καὶ

289 795 922 867 ὑπερευχαριστοῦντες,
976 794 1125 866 ἔργῳ
1158 796 1253 848 καὶ
1285 794 1430 864 λόγῳ
1476 795 1544 848 τὰ
1573 794 1760 849 δέοντα
1792 795 1869 860 ῶς

287 883 540 952 ἀρχιερεῖ
593 882 735 952 ὑπὲρ
783 883 967 936 πάντα
1000 882 1289 953 ἄνθρωπον
1314 921 1329 947 ,
1382 882 1527 937 κατὰ
1557 883 1618 936 τὸ
1654 884 1868 952 ὀφειλό-

290 989 487 1043 μενον,
541 972 1010 1043 συνεισφέροντες.
1072 972 1216 1043 Πρὸς
1250 973 1309 1027 δὲ
1342 974 1611 1028 πίστωσιν
1645 974 1752 1028 τῶν
1780 976 1862 1028 εί·-

288 1064 547 1135 ρημένων
566 1103 584 1131 ,
641 1062 945 1135 ποιούμεθα
989 1063 1084 1117 τὸν
1114 1064 1273 1133 λόγον
1303 1065 1581 1138 ἔγγραφον
1612 1067 1703 1122 διὰ
1727 1067 1863 1121 πλά-

284 1172 416 1218 τους
440 1172 455 1187 ν
512 1156 595 1208 ὅτι
647 1156 785 1226 μετὰ
826 1155 926 1228 τὴν
962 1155 1168 1210 παῦσιν
1204 1156 1307 1227 τῆς
1340 1159 1688 1229 ἱερουργίας,
1722 1160 1864 1214 κατὰ

283 1246 348 1298 τὸ
374 1247 667 1317 πρότερον,
703 1247 805 1300 ἐὰν
835 1245 910 1319 μὴ
939 1247 1103 1309 εὐθὺς
1130 1247 1463 1319 εἰσέλθωμεν
1488 1250 1585 1304 καὶ
1606 1251 1868 1322 κοινωνή-

285 1354 492 1407 σωμεν,
526 1339 602 1402 ὡς
626 1340 1044 1410 προγέγραπται
1072 1357 1084 1369 ο
1115 1340 1253 1393 ἔστω
1279 1342 1312 1412 ἡ
1336 1340 1516 1410 ψῆφος
1550 1343 1671 1397 καθ’
1697 1344 1863 1413 ὑμᾶς,

1970 535 2026 579 et
2047 527 2360 591 adorantes,
2394 536 2448 581 et
2505 525 2709 597 gratias
2749 533 2990 596 agentes,
3018 539 3142 595 quae
3168 523 3435 578 debentur
3460 540 3551 577 ar-

1970 617 2321 687 chiepiscopo
2352 632 2410 671 re
2438 626 2492 671 et
2520 617 2687 672 verbo
2711 632 2823 686 pra:
2844 616 3099 671 omnibus
3126 616 3465 677 hominibus.
3496 624 3554 669 ut

1969 702 2255 773 debemus,
2282 707 2613 763 delet-emus.
2648 707 2730 761 Ad
2764 706 2958 760 horum
3011 714 3194 761 autem
3245 704 3547 759 faciendam

1969 796 2157 863 tidem,
2187 798 2615 852 declarationem
2649 796 2918 865 prolixam
2967 796 3172 866 scripto
3202 795 3490 851 offerimus
3526 809 3541 859 ;

1967 896 2027 941 ut
2064 888 2190 955 nisi,
2216 896 2500 958 postquam
2533 903 2565 942 a
2597 886 2870 942 sacrilicio
2890 887 3141 952 cessarit,
3203 888 3545 952 sicutantea,

1967 980 2258 1035 confestim
2302 980 2631 1036 accedamus
2669 988 2724 1034 et
2749 979 3243 1045 communicemus,
3286 978 3363 1032 uti
3408 978 3547 1032 scri-

1967 1081 2121 1142 ptum
2155 1081 2272 1138 est;
2318 1073 2389 1126 sit
2417 1072 2472 1126 in
2498 1083 2677 1127 vestra
2701 1087 2861 1126 manu
2897 1072 3190 1136 sententia,
3216 1072 3260 1125 si
3281 1071 3409 1140 quid
3434 1070 3551 1123 vul-

1967 1165 2075 1228 tis;
2116 1171 2171 1218 et
2203 1163 2364 1218 nobis
2401 1162 2548 1233 loqui
2608 1164 2844 1233 amplius
2892 1179 3001 1217 non
3041 1163 3203 1217 liceat
3226 1164 3292 1217 de
3314 1165 3419 1216 hoc
3450 1177 3549 1214 ne-

1968 1254 2137 1324 gotio.
2166 1254 2232 1310 Et
2261 1269 2389 1310 ecce
2418 1270 2526 1309 non
2551 1256 2798 1325 angelus,
2823 1269 2931 1308 non
2962 1258 3148 1318 homo,
3168 1254 3259 1307 sed
3287 1252 3550 1306 Dominus

1971 1345 2110 1415 ipse,
2138 1346 2231 1415 qui
2266 1358 2320 1401 te
2358 1360 2454 1415 per
2486 1358 2588 1399 nos
2635 1345 2802 1399 trahit
2835 1354 2889 1400 et
2912 1344 3159 1413 impellit,
3190 1352 3245 1398 et
3277 1344 3547 1395 hortatur.

281 1429 337 1482 εί
368 1445 422 1481 τι
454 1428 711 1498 βούλεσθε
736 1444 749 1459 ·
807 1431 903 1491 καὶ
955 1430 1030 1501 μὴ
1072 1429 1195 1495 έξὸν
1229 1430 1312 1483 ἔτι
1375 1431 1557 1485 λαλεῖν
1623 1434 1774 1503 ημᾶς
1805 1433 2071 1505 περὶτῆς
2120 1436 2453 1499 ὑποθέσεως.
2514 1434 2628 1488 Καὶ⁵
2674 1434 2820 1498 ἰδοὺ,
2873 1434 2976 1488 οὑκ
3017 1433 3279 1503 ἄγγελος,
3319 1431 3421 1485 οὐκ
3452 1430 3545 1483 ἂν·

280 1522 522 1593 θρωπος,
561 1520 680 1574 ἀλλ’
705 1520 869 1585 αὐτὸς
901 1523 930 1575 ὁ
953 1524 1158 1594 Κύριος
1188 1524 1219 1576 ὁ
1248 1523 1317 1577 δι’
1342 1523 1499 1594 ⁴ἡμῶν
1527 1524 1723 1593 ἕλκων,
1759 1526 1855 1581 καὶ
1894 1527 2151 1582 συνωθῶν
2184 1531 2278 1582 καὶ
2308 1526 2644 1599 παρακαλῶν
2675 1544 2764 1582 σε.

568 1650 691 1704 ΔΡ.
728 1679 788 1695 ——
823 1651 1034 1707 Λέοντι
1072 1650 1243 1719 adﬂet
1289 1652 1537 1724 Ῥώμης.
1573 1654 1722 1727 [οβ’.1

2294 1656 2537 1713 XXXII].
2565 1688 2638 1701 —
2666 1657 2832 1713 Leoni
2850 1673 3000 1728 papae
3029 1657 3226 1713 Roma.

1134 1764 1319 1816 Leonis
1342 1766 1409 1816 ΠΙ
1431 1782 1569 1830 papa:
1592 1782 1739 1831 opem
1758 1771 2003 1833 implorat.
2033 1771 2233 1833 (Baron.
2257 1785 2371 1823 amt.
2392 1770 2503 1830 809,
2527 1784 2578 1819 ιι.
2612 1770 2712 1831 ll.)

279 1889 374 1955 Τῷ
394 1886 715 1975 ,ἁγιωτάτῳ
747 1887 847 1947 καὶ
902 1890 1354 1958 κορυφαιοτάτφ
1389 1893 1569 1961 Harp!
1596 1893 1872 1962 Πατέρων

1970 1892 2321 1951 Sunctissimo
2355 1906 2405 1950 et
2426 1912 2632 1950 summo
2669 1896 2826 1951 Patri
2854 1896 3081 1951 Patrum
3122 1895 3286 1950 Leoni
3327 1895 3541 1950 domino

347 1979 560 2037 Λέοντι
595 1976 681 2043 τῷ
728 1977 1001 2049 δεσπότῃ
1046 1995 1166 2050 μου
1222 1982 1611 2049 ἀποστολικῷ
1658 1982 1856 2054 me,

350 2070 651 2139 Θεόδωρος
684 2068 1014 2137 ἐλάχιστος
1034 2072 1440 2140 πρεσϐύτερος
1465 2072 1564 2126 καί
1595 2073 1858 2144 ἡγούμε-

345 2179 456 2229 νος
483 2161 604 2215 τῶν
630 2160 947 2217 Σπουδίου.

357 2254 695 2325 Ἐπειδήπερ
740 2254 933 2324 Πέτρῳ
960 2251 1040 2324 τῷ
1075 2253 1304 2323 μεγάλῳ
1327 2253 1528 2308 δέδωκε
1560 2254 1797 2324 Χριστὸς
1826 2256 1856 2309 δ

272 2347 407 2411 Θεὸς
442 2345 582 2419 μετά
611 2348 712 2409 τὰς
768 2347 919 2410 κλεῖς
950 2346 1053 2417 τῆς
1090 2345 1369 2416 βασιλείας
1406 2345 1515 2400 τῶν
1565 2347 1849 2419 οὐρανῶν,

272 2442 370 2497 καὶ
399 2441 461 2494 τὺ
496 2440 600 2512 τῆς
629 2440 1024 2511 ποιμνιαρχίας
1047 2440 1295 2510 ἀξίωμα·
1333 2440 1471 2511 πρὸς
1502 2442 1713 2512 Πέτρον
1732 2442 1852 2513 ἦτοι

270 2533 367 2588 τὸν
403 2533 571 2587 αὑτοῦ
622 2532 891 2602 διάδοχον,
940 2532 1120 2587 ὁτιοῦν
1165 2532 1669 2603 καινοτομούμενον
1691 2537 1753 2588 ὲν
1780 2538 1849 2607 τῇ

272 2626 535 2698 καθολικῇ
587 2625 889 2697 Ἐκκλησία
916 2628 1071 2697 παρὰ
1098 2626 1207 2680 τῶν
1226 2625 1726 2697 ἀποσφαλλομένων
1751 2626 1852 2698 τῆς

269 2719 555 2790 ἀληθείας,
586 2719 883 2787 ἀναγκαῖον
911 2718 1309 2791 ἀναφέρεσθαι.
1345 2717 1520 2771 Τοῦτο
1555 2718 1850 2788 τοιγαροῦν

269 2813 643 2883 δεδιδαγμένοι
672 2812 771 2866 καὶ
795 2813 954 2883 ⁴ἡμεῖς
979 2812 1030 2864 oi
1058 2811 1306 2865 ταπεινοὶ
1343 2809 1439 2863 καὶ
1466 2809 1761 2880 ἐλάχιστοι,
1784 2810 1850 2863 ὲκ

269 2906 381 2960 τῶν
401 2904 666 2961 ἀνέκαθεν
686 2904 859 2972 ἁγίων
890 2902 1150 2972 Πατέρων
1206 2902 1369 2973 ἡμῶν
1390 2919 1406 2935 ’
1438 2903 1562 2956 ἐπεὶ
1591 2901 1846 2974 ὑπήρχθη

268 3014 356 3060 τις
380 2998 479 3052 καὶ
510 2996 604 3051 νῦν
632 2995 958 3066 καινοτομία
986 2998 1045 3049 ὲν
1062 2998 1131 3068 τῇ
1165 2996 1291 3050 καθ’
1312 2996 1464 3066 ἡμᾶς
1507 2994 1808 3067 Ἐκκλησία
1829 3013 1845 3028 ο

268 3090 370 3144 καὶ
406 3088 672 3159 πρότερον
697 3088 798 3158 μὲν
814 3087 908 3141 διὰ
934 3086 1103 3157 μέσου
1129 3086 1222 3141 τοῦ
1252 3085 1655 3141 εὐλαϐεστάτου
1686 3089 1848 3157 ἀρχι-

273 3180 592 3251 μανδρίτου,
623 3181 792 3251 ἧγουν
818 3178 914 3233 τοῦ
941 3178 1180 3249 ἀδελφοῦ
1227 3178 1324 3233 καὶ
1359 3178 1648 3233 συνδούλου
1686 3178 1844 3249 ἡμῶν

2029 2004 2143 2041 meo
2176 2004 2331 2059 papae
2350 1990 2659 2059 apostolico,
2684 1988 2984 2044 Theodorus
3006 1990 3257 2042 minimus
3278 1988 3547 2059 presbyter

2033 2088 2082 2133 et
2104 2080 2420 2150 prwpositus
2444 2080 2763 2136 Studiemis.

2025 2254 2476 2327 Quandoquidem
2503 2258 2667 2313 Petro
2693 2273 2889 2328 magno
2946 2258 3199 2315 Christus
3243 2260 3389 2316 Deus
3420 2269 3543 2330 post

1951 2345 2134 2402 claves
2164 2348 2317 2419 regni
2346 2348 2636 2415 caelorum,
2671 2349 2959 2419 pastoralis
2991 2352 3157 2406 etiam
3198 2352 3542 2422 principatus

1950 2439 2186 2495 contulit
2247 2439 2592 2511 dignitatem,
2649 2441 2718 2496 ad
2767 2440 2989 2497 Petrum
3033 2442 3243 2513 utique,
3286 2443 3373 2499 vel
3419 2445 3540 2514 ejus

1950 2547 2352 2598 successorem,
2405 2532 2671 2602 quidquid
2726 2532 2785 2587 in
2830 2532 3074 2590 Ecclesia
3135 2535 3402 2589 catholica
3440 2552 3540 2607 per

1949 2638 2047 2682 eos
2074 2625 2368 2681 innovatur
2404 2626 2497 2696 qui
2537 2626 2796 2680 aberrant
2821 2640 2853 2680 a
2894 2628 3147 2691 veritate,
3193 2641 3421 2682 necesse
3454 2639 3539 2682 est

1948 2716 2166 2773 referri.
2222 2717 2383 2783 Quod
2426 2732 2527 2771 nos
2594 2732 2813 2791 quoque
2863 2717 3099 2772 humiles
3148 2727 3205 2774 et
3252 2720 3464 2773 minimi
3502 2734 3537 2774 a

1946 2808 2154 2863 sanctis
2182 2808 2313 2862 olim
2351 2807 2603 2863 Patribus
2646 2806 2850 2863 nostris
2893 2808 3094 2871 edocti,
3154 2818 3441 2879 postquam
3476 2811 3534 2864 in

1947 2897 2192 2955 Ecclesia
2226 2908 2412 2954 nostra
2436 2900 2650 2955 novitas
2673 2899 2920 2970 quaedam
2966 2914 3143 2969 nuper
3187 2910 3376 2955 exonta
3421 2912 3531 2967 est,

1947 3002 2005 3047 et
2027 2992 2181 3063 prius
2207 2993 2426 3063 quidem
2464 3008 2563 3063 per
2607 2991 3073 3063 religiosissimum
3111 2992 3524 3049 archimandri-

1945 3092 2080 3151 tam,
2111 3085 2335 3142 fratrem
2368 3094 2424 3140 et
2454 3099 2781 3160 conservum
2835 3092 3084 3139 nostrum
3115 3084 3483 3155 Epiphanium
3516 3126 3532 3152 ,

1947 3187 2004 3233 et
2032 3193 2181 3234 nunc
2214 3194 2310 3248 per
2343 3178 2618 3249 simplices
2654 3177 2861 3235 litteras
2885 3187 3098 3233 nostras
3149 3177 3217 3232 ad
3251 3192 3528 3247 supremae

279 3273 642 3341 Ἐπιφανίουο
680 3272 777 3324 καὶ
812 3270 910 3325 νῦν
933 3271 1022 3325 διὰ
1050 3270 1146 3325 τοῦ
1175 3270 1431 3335 εὐτελοῦς
1463 3271 1622 3342 ἡμῶν
1659 3287 1847 3342 γραμ-

1956 3270 2305 3325 beatitudinis
2327 3282 2433 3325 tua:
2451 3269 2706 3339 angelum
2741 3269 2807 3323 de
2828 3284 2891 3324 ea
2923 3268 3127 3324 referre
3158 3284 3259 3323 nos
3296 3268 3521 3335 debere,

274 3365 473 3435 ματίου
503 3364 855 3435 ὀφειλόμενον
885 3362 1214 3435 ἡγησάμεθα
1241 3363 1321 3434 τῷ
1363 3361 1584 3433 ἀγγέλῳ
1610 3362 1713 3432 τῆς
1759 3379 1854 3416 κο-

270 3458 508 3529 ρυφαίας
533 3474 630 3510 σου
650 3456 1056 3528 μακαριότητος
1076 3454 1284 3526 ταύτην
1300 3456 1639 3523 ἀνενεγκεῖν.
1654 3454 1851 3522 Γέγονε

268 3551 476 3615 τοίνυν,
516 3543 562 3601 ὧ
588 3547 837 3618 θειοτάτη
862 3546 971 3600 τῶν
999 3546 1137 3600 ὅλων
1181 3546 1440 3616 κεφαλῶν
1468 3545 1703 3615 κεφαλὴ,
1746 3562 1850 3599 κα-

267 3640 338 3692 τὰ
374 3640 470 3691 τὸν
491 3639 777 3709 προφήτην
810 3636 1103 3707 Ἰερεμίαν,
1126 3634 1343 3698 σύνοδος
1371 3637 1448 3709 ὡς
1479 3635 1701 3707 ἀληθῶς
1719 3636 1850 3689 ἀθε-

266 3730 544 3794 τούντων,
609 3729 704 3781 καὶ
744 3727 1022 3798 συνέδριον
1076 3728 1454 3797 μοιχωμένων.
1501 3727 1682 3797 Ὅπερ
1718 3726 1849 3797 γὰρ

269 3824 453 3877 ἐκεῖσε
499 3821 589 3875 διὰ
636 3820 737 3891 τῆς
771 3819 1061 3889 εἰδωλικῆς
1110 3819 1527 3891 ἑκπορνεύσεως
1558 3819 1844 3885 λέλεκται,

268 3917 434 3972 τοῦτο
464 3915 700 3969 ἐνταῦθα
731 3914 819 3967 διὰ
833 3914 931 3983 τῆς
965 3910 1423 3982 μοιχοζευκτικῆς
1457 3912 1848 3986 ἐπικυρώσεως

266 4010 562 4063 δέδεικται.
611 4006 942 4077 Ἀμφότεροι
991 4005 1103 4074 γὰρ
1147 4004 1240 4058 τὸν
1269 4005 1437 4058 αὑτὸν
1467 4006 1675 4078 Κύριον
1719 4007 1847 4076 ἠθε-

264 4105 525 4173 τήκασιν,
553 4101 603 4153 οί
635 4099 735 4170 μὲν
763 4098 850 4152 διὰ
873 4098 970 4167 τῆς
994 4098 1226 4168 νομικῆς
1244 4137 1260 4162 ,
1290 4100 1342 4149 oi
1370 4098 1428 4150 δὲ
1454 4098 1544 4151 διὰ
1558 4099 1660 4168 πῆς
1682 4099 1847 4167 εὐαγ-

264 4194 492 4264 γελικῆς
517 4191 902 4264 παραϐάσεως.
940 4191 1047 4243 Καί
1089 4206 1152 4258 γε
1187 4190 1246 4242 οὑ
1283 4189 1443 4260 μέχρι
1472 4191 1661 4243 τούτου
1688 4191 1845 4261 ἐστη-

266 4302 395 4350 σαν,
412 4283 865 4355 παρασυναγωγὴ
891 4282 981 4336 διὰ
999 4282 1273 4352 προτέρας
1299 4281 1690 4347 συνελεύσεως,
1705 4286 1761 4336 ἐν
1777 4286 1841 4355 τῇ

264 4377 362 4431 τοῦ
402 4376 794 4446 μοιχοζεύκτου
825 4374 1107 4445 παραδοχῇ
1137 4376 1230 4427 καὶ
1264 4374 1669 4446 συνιερουργίᾳ,
1702 4374 1846 4428 κατὰ

264 4468 357 4521 τὸν
401 4468 547 4521 θεῖον
599 4466 903 4531 Βασίλειον,
959 4464 1436 4536 χρηματίσαντεςο
1489 4465 1607 4519 ἀλλ’
1668 4466 1744 4530 ὡς
1776 4465 1843 4519 ἂν

267 4559 489 4619 ἑαυτοῖς
522 4556 788 4625 αἱρέσεως
805 4556 1021 4618 τελείας
1046 4555 1217 4625 ὄνομα
1253 4556 1742 4627 περιποιήσωνται,
1772 4555 1841 4609 δι’

1948 3362 2198 3416 arbitrati
2237 3376 2446 3416 sumus.
2488 3360 2689 3416 Factus
2736 3368 2840 3426 est,
2890 3374 2924 3414 ο
2962 3360 3366 3415 divinissimum
3406 3376 3530 3415 om-

1948 3452 2104 3506 nium
2126 3452 2365 3522 capitum
2403 3462 2568 3522 caput
2592 3451 2748 3521 juxta
2778 3449 3074 3505 Jeremiam
3112 3452 3436 3521 prophetam
3460 3454 3527 3519 ",

1948 3553 2124 3599 cretus
2158 3559 2348 3599 revera
2375 3544 2880 3613 praevaricatorem,
2912 3551 2968 3597 et
2995 3541 3289 3597 concilium
3314 3542 3530 3595 adulte-

1949 3636 2209 3691 rantium.
2244 3636 2402 3703 Quod
2435 3635 2582 3689 enim
2645 3635 2721 3689 ibi
2769 3643 2992 3705 propter
3030 3634 3299 3689 idolorum
3359 3632 3533 3687 forni-

1950 3729 2219 3784 cationem
2248 3729 2452 3783 dictum
2514 3736 2620 3792 est,
2688 3725 2778 3780 hic
2826 3742 2923 3795 per
2973 3725 3291 3780 adulterina:
3321 3724 3531 3795 copulae

1949 3821 2420 3876 confirmationem
2448 3820 2781 3891 patefactum
2810 3826 2912 3872 est.
2954 3817 3180 3888 Utrique
3197 3817 3341 3871 enim
3369 3831 3529 3871 eum-

1948 3910 2075 3966 dem
2130 3911 2424 3965 Dominum
2473 3917 2818 3979 Spreverunt,
2862 3908 2938 3963 illi
2974 3923 3073 3978 per
3120 3907 3274 3978 legis,
3333 3908 3389 3961 hi
3431 3922 3530 3978 per

1948 4002 2227 4074 Evangelii
2261 4000 2774 4072 transgressionem.
2804 3997 2918 4054 Nec
2940 4014 3066 4053 vero
3102 3998 3234 4052 satis
3273 3996 3379 4051 illis
3402 3997 3525 4063 fuit,

1946 4096 2091 4165 quod
2120 4109 2217 4164 per
2253 4095 2492 4164 priorem
2520 4100 2871 4156 conventum,
2912 4091 2969 4144 in
2984 4091 3103 4161 ejus
3140 4090 3234 4161 qui
3274 4093 3525 4144 moechos

1946 4188 2229 4257 copularat
2263 4186 2593 4255 receptione,
2622 4198 3012 4253 sacrorumque
3046 4198 3171 4236 cum
3190 4198 3253 4237 eo
3275 4197 3526 4237 commu-

1946 4284 2131 4346 nione,
2167 4280 2585 4351 Parasynagogi,
2611 4288 2669 4333 ut
2693 4278 2916 4333 divinus
2944 4276 3184 4346 loquitur
3208 4275 3436 4330 Basilius
3453 4275 3525 4341 ’⁸,

1946 4376 2074 4431 facti
2106 4383 2279 4429 sunt:
2321 4374 2419 4429 sed
2451 4381 2510 4427 ut
2560 4371 2787 4426 haeresis
2843 4368 3109 4425 absoluta:
3144 4383 3346 4422 nomen
3402 4367 3524 4421 adi-

1946 4469 2305 4539 piscerentur,
2338 4466 2394 4519 in
2421 4464 2591 4520 altera
2621 4464 2837 4534 publica
2862 4462 3070 4537 synodo
3098 4476 3193 4515 eos
3231 4460 3322 4529 qui
3355 4473 3525 4529 pravo

1949 4560 2191 4629 ipsorum
2250 4557 2424 4612 errori
2463 4572 2574 4611 non
2617 4556 2983 4620 adhaeserant,
3039 4562 3138 4607 aut
3207 4552 3524 4607 universam

266 4648 466 4718 έτέρας
499 4646 720 4699 συνόδου
776 4645 1080 4716 δημοσίας,
1138 4647 1266 4709 τοὺς
1320 4645 1396 4717 μὴ
1427 4648 1494 4715 τῇ
1536 4647 1842 4717 παρανόμῳ

1956 4652 2131 4721 potius
2168 4650 2467 4705 Ecclesiam
2497 4648 2847 4711 catholicam,
2885 4646 3220 4700 anathemati
3271 4644 3527 4709 subiece-

266 4737 451 4792 αὐτῶν
473 4736 764 4809 κακοδοξίᾳ
817 4735 1347 4804 συγκαταθεμένους,
1383 4738 1587 4805 μᾶλλον
1631 4738 1686 4790 δὲ
1710 4738 1841 4808 ὃλην

265 4827 368 4897 τὴν
397 4826 694 4899 καθολικὴν
767 4825 1118 4898 Ἐκκλησίαν,
1171 4827 1599 4899 ἀναθεματισμῷ
1647 4830 1845 4882 ὑποϐε-

268 4920 505 4991 6λήκασι
522 4935 537 4950 ο
566 4920 693 4982 τοὺς
725 4919 829 4990 ἠδη
868 4918 1183 4988 φθάσαντας
1207 4920 1299 4973 ἐπὶ
1326 4920 1623 4990 προσώπου
1639 4922 1843 4989 αὐτῶν,

265 5011 366 5075 οὓς
398 5013 499 5081 μὲν
530 5011 1016 5083 ἐξοστρακίσαντες
1063 5012 1253 5083 πόρρω
1287 5029 1391 5066 που
1414 5030 1428 5046 ο
1460 5012 1555 5076 οὓς
1578 5014 1637 5067 δὲ
1669 5016 1844 5084 φυλα-

267 5106 397 5165 καῖς
428 5104 774 5173 κατέχοντες.
800 5106 1055 5174 Διωγμὸν
1094 5105 1238 5158 κατὰ
1265 5106 1326 5158 τὸ
1355 5104 1592 5176 σύνηθες
1616 5106 1726 5159 τῶν
1751 5110 1843 5161 έν-

269 5194 449 5248 ταῦθα
482 5194 643 5247 πάλιν
675 5195 1190 5265 καινουργῆσαντες.
1227 5195 1339 5251 Καὶ
1359 5197 1419 5248 τὸ
1438 5195 1717 5267 δικαίωμα
1746 5199 1845 5251 αὺ-

1934 4751 2111 4797 ‘ruut:
2145 4751 2202 4797 et
2246 4749 2516 4817 quotquot
2548 4741 2815 4794 hactenus
2848 4738 2902 4791 in
2957 4745 3310 4806 conspectum
3357 4750 3527 4790 vene-

1948 4843 2098 4897 runt,
2140 4833 2337 4903 partim
2388 4832 2658 4902 loginquis
2702 4829 2911 4884 exsiliis
2970 4828 3290 4892 multantes,
3321 4829 3525 4898 partim

1948 4925 2263 4982 carceribus
2299 4924 2664 4987 includentes,
2688 4920 2975 4992 pristinam
3013 4921 3214 4975 usitato
3250 4920 3340 4974 hic
3373 4936 3525 4975 more

1951 5016 2391 5090 persecutionem
2468 5022 2821 5072 renovarunt.
2861 5015 2941 5067 Ac
2994 5012 3189 5067 nefarii
3257 5013 3527 5067 sermonis

1947 5108 2200 5182 prmsidio
2246 5123 2305 5162 se
2333 5107 2483 5179 ipsos
2526 5105 2848 5160 defendunt.
2890 5104 3195 5158 Adulterini
3255 5104 3522 5172 siquidem

1942 5200 2187 5272 coniugii
2220 5200 2684 5270 conjunctionem,
2706 5197 3166 5269 dispensationem
3191 5212 3312 5250 esse
3330 5199 3525 5250 decer-

269 5288 405 5350 τοῖς,
428 5284 588 5353 λόγου
617 5284 855 5355 πονηροῦ
888 5284 1241 5357 κραταίωμα.
1274 5286 1599 5356 Οἰκονομίαν
1631 5282 1726 5341 οὖν
1747 5286 1847 5361 τὴν

1956 5300 2119 5349 aunt:
2151 5289 2206 5344 in
2255 5289 2478 5360 regibus
2535 5285 2749 5342 divinas
2793 5286 2942 5356 leges
2999 5286 3133 5340 nihil
3176 5301 3337 5355 posse
3386 5287 3524 5339 deli-

271 5377 421 5445 ζευξι
430 5379 672 5448 μοιχείαν
689 5377 1112 5448 δογματίζουσιν
1132 5396 1146 5411 ο
1185 5378 1281 5432 ἐπὶ
1302 5378 1409 5431 τῶν
1432 5378 1703 5449 βασιλέων
1719 5381 1846 5445 τοὺς

1956 5383 2140 5437 aiunt:
2175 5396 2271 5436 eos
2296 5380 2390 5451 qui
2412 5394 2509 5449 pro
2538 5377 2769 5433 veritate
2793 5393 2857 5432 ac
2880 5379 3091 5449 justitia
3105 5392 3276 5447 usque
3296 5377 3363 5431 ad
3385 5392 3526 5430 san-

269 5470 453 5532 θείους
490 5470 691 5538 νόμους
741 5469 818 5541 μὴ
867 5472 1090 5541 κρατεῖν
1132 5468 1489 5540 διορίζονταιο
1529 5472 1655 5534 τοὺς
1704 5471 1847 5544 ὑπὲρ

1956 5473 2173 5543 guinem
2205 5471 2548 5534 restiterunt,
2586 5478 2641 5524 ut
2667 5469 3067 5525 Praecursorem
3103 5478 3159 5524 et
3201 5467 3526 5537 Chrysostoo

271 5559 533 5631 ἀληθείας
572 5562 670 5615 καὶ
721 5562 935 5617 δικαίου
988 5561 1186 5634 μέχρις
1242 5562 1475 5632 αῖματος
1524 5564 1842 5635 ένστάντας,

1956 5579 2123 5631 mum,
2173 5563 2371 5621 imitari
2415 5571 2644 5619 vetant:
2694 5562 3010 5634 episcopum
3081 5576 3527 5633 unumquemque

346 5742 388 5771 ⁸⁸
416 5739 618 5793 .lcretn.
646 5754 717 5803 Ix,
745 5738 800 5793 ξ’..
874 5739 918 5770 ’³
955 5737 1122 5830 Ι-ξρίδι.
1152 5737 1222 5789 ad
1242 5737 1568 5807 .«lmphilorh.
1603 5756 1723 5794 can.
1765 5741 1807 5793 l.
