4044 6366
553 345 694 412 1019

1811 345 1874 406 S.
1927 341 2320 406 THEODOBI
2359 343 2704 407 STUDlT/E

3661 343 3797 411 1020

547 459 610 514 in
643 470 830 512 sacros
869 470 1126 522 canones.
1165 467 1368 528 prater
1425 474 1490 516 ea
1522 476 1645 532 quae
1675 461 1732 517 in
1787 458 1894 516 illis
1920 463 2120 514 statuta

2227 451 2413 527 ὥσπερ
2436 454 2530 508 τὸν
2561 455 2881 527 Πρόδρομον
2925 455 3022 510 καὶ
3050 454 3463 527 Χρυσόστομον,
3510 457 3796 528 μιμεῖσθαι

545 552 680 619 sint,
712 558 1038 623 potestatem
1067 551 1272 609 habere
1302 554 1679 626 pronuntiant.

620 817 802 886 Quare
847 816 895 872 si
943 831 1104 887 quem
1139 814 1281 872 forte
1326 815 1498 872 sacris
1527 814 1802 871 initiatum
1843 815 2124 889 contingat

555 909 696 966 clam
727 907 974 979 palamve
1001 922 1298 974 canonum,
1344 922 1445 978 per
1493 923 1631 978 quos
1667 908 1938 979 depositio
1985 909 2126 966 irro-

550 1011 729 1074 gatur,
773 1014 926 1056 ream
976 1000 1189 1066 teneri;
1230 1001 1381 1056 hunc
1437 1001 1550 1056 sola
1604 1002 1837 1058 volentis
1886 1004 2127 1060 auctori-

550 1101 682 1156 tate,
720 1088 1074 1161 depositionis
1110 1098 1382 1146 exsortem
1416 1105 1661 1148 manere.
1707 1091 1956 1158 Quorum
2004 1109 2124 1148 om-

550 1184 704 1238 nium
729 1181 886 1238 testis
916 1182 1087 1248 estis,
1141 1181 1234 1251 qui
1272 1182 1440 1238 variis
1478 1183 1784 1239 canonibus
1835 1200 1961 1240 cum
2002 1185 2125 1246 aliis

551 1273 847 1328 obstrictus
900 1281 1144 1337 tenetur,
1204 1273 1438 1328 adulteri
1495 1274 1800 1344 copulator,
1851 1291 1959 1331 una
1996 1290 2122 1332 cum

553 1365 688 1436 ipsis
713 1366 932 1436 publice
960 1366 1297 1422 ministrans.
1331 1367 1522 1424 Testes
1547 1369 1584 1423 ii
1629 1368 1741 1438 qui,
1764 1369 1895 1424 dum
1927 1369 2127 1440 iniqui-

553 1465 695 1512 tates
728 1465 984 1529 tanquam
1028 1459 1467 1530 dispensationes
1515 1461 1724 1517 iaciunt
1757 1479 1774 1529 ;
1812 1462 1868 1517 in
1904 1477 1971 1519 eo
2005 1463 2126 1534 ipso

556 1557 671 1603 tum
699 1549 852 1615 alios,
888 1559 1000 1605 tum
1041 1565 1098 1606 se
1123 1550 1272 1622 ipsos
1311 1559 1530 1608 sanctos
1559 1562 1776 1619 vocant,
1812 1560 1869 1610 et
1897 1568 1994 1610 eos
2029 1553 2125 1624 qui

556 1639 678 1696 illas
719 1656 830 1696 non
865 1643 1183 1708 admittunt,
1236 1643 1386 1700 velut
1411 1659 1440 1699 a
1475 1643 1588 1701 Deo
1643 1645 1852 1702 alienos
1897 1647 2128 1703 anathe-

555 1740 703 1788 mate
742 1733 967 1789 feriunt.
1010 1734 1192 1790 Testis
1214 1735 1379 1790 etiam
1409 1751 1529 1806 quae
1578 1736 1668 1792 hic
1685 1737 1900 1793 exsistit
1935 1753 2126 1809 perse-

555 1823 724 1878 cutio.
752 1823 892 1890 Quid
923 1825 1088 1894 igitur
1118 1825 1185 1880 ad
1216 1827 1353 1892 haec,
1384 1827 1618 1892 obeate,
1665 1829 1957 1885 dicendum
2000 1830 2125 1885 est?

555 1915 661 1970 nisi
689 1916 1050 1986 apostolicum
1085 1916 1218 1972 illud
1244 1936 1258 1972 :
1297 1918 1452 1972 Nunc
1479 1919 1788 1974 Antichristi
1817 1921 1970 1975 multi
1995 1923 2124 1992 facti

553 2016 674 2061 sunt
704 2008 721 2039 ⁸
744 2026 758 2073 ;
785 2009 832 2062 si
859 2009 1058 2065 divinis
1087 2010 1298 2082 legibus
1335 2023 1390 2068 et
1444 2013 1746 2070 canonibus
1796 2029 1990 2069 omnes
2022 2016 2124 2072 ho-

555 2097 731 2152 mines
755 2099 954 2154 subditi
984 2116 1095 2156 non
1141 2117 1355 2157 sumus.
1393 2101 1488 2159 llis
1525 2119 1655 2176 ergo
1699 2119 1728 2158 a
1776 2105 2124 2174 simplicitate

554 2199 740 2244 nostra
775 2191 892 2246 sine
921 2192 1046 2248 fuco
1075 2194 1361 2263 expositis,
1401 2210 1587 2250 vocem
1633 2211 1781 2251 nunc
1827 2197 1974 2251 illam
2018 2212 2122 2266 qua

555 2282 876 2351 coryphreus
905 2299 1028 2339 cum
1083 2285 1306 2355 reliquis
1348 2285 1606 2355 apostolis
1653 2286 1932 2342 Christum
1977 2302 2124 2342 com-

555 2373 790 2440 pellavit,
839 2391 960 2429 cum
1018 2376 1182 2430 maris
1247 2375 1444 2432 ﬂuctus
1507 2378 1910 2443 excitarentur;
1980 2379 2124 2450 apud

529 2461 756 2518 'Christi
784 2463 1128 2520 imitatricem
1157 2466 1548 2522 beatitudinem
1575 2477 1723 2524 tuam
1761 2469 2120 2525 adhibemus:

555 2551 718 2606 Salva
739 2569 852 2618 nos,
887 2555 1228 2624 archipastor
1256 2557 1512 2613 Ecclesiae
1539 2573 1659 2628 quae
1691 2560 1794 2614 sub
1838 2560 1976 2616 cmlo
2017 2569 2121 2626 est,

554 2645 786 2710 perimus
807 2645 848 2697 '.
885 2645 1103 2700 Imitare
1135 2646 1450 2717 magistrum
1494 2655 1648 2703 tuum
1677 2649 1978 2713 Christum,
2011 2665 2122 2705 ma-

555 2746 796 2803 numque
829 2732 1082 2789 Ecclesiae
1114 2743 1316 2792 nostra:
1341 2738 1577 2810 porrige,
1627 2739 1768 2794 sicut
1802 2740 1892 2796 ille
1924 2740 2121 2797 Petro:

556 2824 661 2878 nisi
700 2825 844 2894 quod
894 2825 984 2880 ille
1009 2825 1292 2897 incipienti
1343 2829 1398 2883 in
1427 2845 1578 2885 mare
1618 2831 1810 2903 mergi,
1847 2841 1904 2888 tu
1939 2843 2124 2891 autem

555 2929 746 2971 rursus
779 2917 890 2986 jam
928 2933 1122 2974 mersa:
1155 2921 1208 2975 in
1234 2920 1458 2977 haeresis
1488 2922 1774 2991 profundo.
1820 2923 2122 2991 Emulare.

556 3019 863 3075 precamur,
904 3010 1282 3080 cognominem
1323 3013 1417 3067 tibi
1457 3013 1678 3084 Papam,
1715 3024 1877 3087 atque
1915 3027 1976 3074 ut
2011 3020 2122 3088 ille,

2226 545 2667 618 ἀπαγορεύουσιν
2685 562 2700 578 ·
2736 547 2969 602 ἕκαστον
2994 548 3104 602 τῶν
3161 547 3435 620 ίεραρχῶν
3460 547 3798 616 ἐξουσιάζειν

2222 635 2283 690 εν
2299 639 2414 701 τοῖς
2449 635 2618 701 θείοις
2662 637 2875 704 κανόσι,
2903 638 3062 711 παρὰ
3091 638 3163 693 τὰ
3206 640 3266 694 ιν
3297 640 3483 704 αὐτοῖς
3513 639 3798 694 κεκανονι-

2225 729 2424 800 σμένα,
2439 729 2860 798 ἀποφαίνονται.

2278 824 2406 888 ,Καὶ
2431 821 2520 877 διὰ
2541 820 2700 876 τοῦτο
2727 821 2930 876 ὁπόταν
2975 820 3116 895 τύχῃ
3145 820 3242 876 καὶ
3269 821 3532 892 κρυπτῶς
3565 821 3658 876 καὶ
3695 822 3798 893 ἑμ-

2224 915 2412 986 φανῶς
2467 913 2673 969 ἁλῶναί
2722 931 2846 969 τινα
2889 913 3001 969 τῶν
3048 913 3364 985 ίερωμόνων
3393 914 3800 986 καθαιρετικοῖς

2185 1078 2199 1088 ι
2224 1007 2438 1068 κανόσι,
2475 1009 2544 1077 τῇ
2573 1005 2669 1060 τοῦ
2703 1005 3034 1076 βουλομένου
3063 1004 3283 1075 ἰξουσίᾳ
3333 1005 3520 1076 μένειν
3564 1006 3799 1060 ἁκαθαί-

2227 1116 2405 1172 ρετον.
2437 1099 2550 1153 Kal.
2582 1097 2795 1170 μάρτυς
2841 1096 2938 1150 τοῦ
2967 1096 3126 1166 λόγου
3145 1136 3160 1161 ,
3211 1099 3241 1151 6
3273 1097 3560 1170 διαφόροις
3602 1097 3797 1152 κανόσι

2227 1193 2328 1246 σὺν
2351 1190 2534 1254 ἄλλοις
2559 1189 2978 1259 κεκρατημένος
3013 1185 3433 1257 μοιχοζεύκτης,
3466 1188 3562 1242 καὶ
3588 1187 3796 1241 συλλει-

2224 1281 2471 1350 τουργῶν
2485 1280 2676 1344 αὐτοῖς
2705 1279 2770 1349 δη
2779 1278 2965 1350 μοσίᾳ,
3019 1276 3160 1340 Τοὺς
3180 1277 3529 1347 παρανομίας
3555 1277 3632 1340 ὡς
3649 1278 3797 1330 οἰκο-

2226 1371 2425 1442 νομίας
2445 1368 2757 1433 ποιοῦντας.
2791 1367 2988 1432 ἁλλους
3031 1383 3091 1422 τε
3127 1367 3226 1421 καὶ
3260 1367 3487 1431 ἑαυτοὺς
3517 1365 3709 1436 ἁγίους
3737 1366 3798 1419 ὲν

2224 1463 2403 1535 τούτῳ
2428 1460 2790 1532 ὀνομάζουσι·
2837 1460 2934 1513 καὶ
2982 1459 3108 1523 τοὺς
3139 1459 3216 1530 μὴ
3233 1457 3444 1522 ταύτας
3496 1456 3799 1529 προσιεμέ-

2226 1574 2392 1622 νους,
2446 1555 2525 1615 ὡς
2568 1551 3040 1625 ὴλλοτριωμένους
3091 1551 3230 1606 Θεοῦ
3292 1550 3795 1621 ἁναθεματίζουσι·

2231 1649 2441 1720 μάρτυς
2470 1647 2526 1701 δὲ
2547 1645 2827 1701 κάνταῦθα
2855 1645 2950 1700 τοῦ
2974 1644 3134 1715 λόγου
3163 1643 3240 1700 ὢν
3262 1645 3360 1698 καὶ
3387 1645 3416 1698 ό
3439 1642 3702 1713 διωγμός.
3730 1640 3799 1695 Τί

2228 1735 2320 1794 οὖν
2349 1739 2498 1794 ἔστιν
2515 1741 2573 1792 ὲν
2595 1737 2827 1802 τούτοις,
2854 1729 2899 1790 ὦ
2929 1735 3137 1808 μάκαρ,
3167 1736 3374 1802 είπεῖν;
3397 1735 3433 1806 ἢ
3463 1733 3525 1787 τὸ
3558 1734 3798 1786 ἀποστο-

2158 1791 2198 1850 9
2225 1791 2374 1884 ᾂζέδν
2411 1791 2606 1895 ἐκεῖνο,
2626 1791 2709 1884 ὅτι
2729 1791 2859 1884 Νὲν
2879 1791 3098 1883 ετξ)μοὶ
3124 1791 3528 1896 amplam
3547 1826 3796 1896 γεγόνα-

2223 1938 2360 1978 σιν·
2389 1923 2551 1991 εἴπερ
2592 1922 2669 1992 μὴ
2718 1919 2825 1974 ύπδ
2851 1919 2960 1974 τῶν
2984 1918 3150 1973 θείων
3189 1917 3376 1988 νόμων
3421 1917 3519 1972 καὶ
3550 1917 3797 1972 κανόνων

2224 2014 2425 2078 πάντες
2455 2013 2732 2081 ἄνθρωποι
2762 2006 3207 2079 ἑξουσιαζόμεθα.
3240 2005 3463 2064 Τούτων
3488 2009 3592 2080 ἠδη
3625 2008 3795 2078 ἁψευο

2222 2105 2331 2170 δῶς
2359 2105 2466 2158 ὑπὸ
2491 2103 2594 2173 τῆς
2623 2101 2898 2166 εὐτελείας
2933 2100 3091 2172 ἡμῶν
3120 2098 3538 2170 ἀνενεχθέντων,
3570 2099 3791 2170 ἐκείνην

2223 2195 2325 2264 τὴν
2349 2193 2554 2264 φωνὴν,
2583 2193 2652 2264 ἢν
2672 2193 2701 2246 6
2731 2193 3032 2262 κορυφαῖος¹
3052 2191 3152 2245 σὺν
3179 2191 3296 2252 τοῖς
3319 2188 3526 2254 λοιποῖς
3559 2189 3797 2244 ἀποστό-

2223 2283 2337 2346 λοις
2355 2281 2674 2352 προσήγαγε
2694 2278 2939 2350 Χριστῷ,
2974 2277 3139 2350 ἡνίκα
3176 2279 3205 2332 6
3226 2277 3332 2349 τῆς
3365 2277 3648 2348 Θαλάσσης
3674 2277 3796 2332 κλύο

2223 2374 2331 2428 δων
2365 2371 2708 2442 ὲπεγείρετο,
2741 2369 3127 2442 προσφέρομεν
3153 2371 3219 2441 τῇ
3243 2370 3682 2442 Χριστομιμήτῳ
3702 2385 3795 2423 σου

2228 2464 2633 2536 μακαριότητι·
2677 2463 2888 2518 Σῶσον
2944 2461 3123 2532 ἡμᾶς,
3157 2461 3498 2533 άρχιποίμην
3548 2460 3654 2532 τῆς
3705 2459 3795 2515 ὑπ’

2224 2553 2454 2624 ούρανδν
2493 2550 2842 2622 Ἐκκλησίας,
2872 2551 3549 2622 ἁπολλύμὲθα.Μίμησαί
3581 2568 3680 2606 σου
3707 2550 3797 2606 τὸν

2223 2644 2548 2700 διδάσκαλον
2576 2643 2835 2716 Χριστὸν,
2884 2642 2981 2696 καὶ
3002 2641 3188 2714 ὄρεξον
3209 2644 3370 2713 χεῖρα
3396 2644 3463 2714 τῇ
3499 2641 3623 2698 καθ’
3652 2643 3798 2712 ἡμᾶς

2239 2738 2559 2809 Ἐκκλησία,
2595 2737 2672 2800 ὡς
2697 2737 2902 2799 ἐκεῖνος
2929 2735 3124 2805 Πέτρῳ
3141 2749 3155 2766 ·
3186 2734 3312 2789 ὅσον
3333 2736 3362 2788 6
3390 2734 3490 2805 μὲν
3509 2734 3798 2805 ἀρχομενῳ

2224 2829 2729 2894 καταποντίζεσθαι
2767 2831 2826 2883 ὲν
2864 2830 2930 2899 τῇ
2965 2827 3212 2900 θαλάσσῃ
3231 2827 3441 2892 αύτδς
3463 2829 3508 2882 δ’
3533 2823 3601 2881 αὖ
3630 2843 3798 2882 καταο

2227 2921 2580 2994 ποντισθείσῃ
2605 2921 2709 2993 ἤδη
2739 2921 2800 2974 ὲν
2832 2920 2908 2991 τῷ
2926 2921 3027 2991 τῆς
3058 2919 3323 2998 αἱρέσεως
3352 2918 3798 2991 βάθιι.Ζήλωσόν

2229 3031 2346 3079 σου,
2370 3013 2628 3085 δεόμεθα,
2659 3014 2753 3068 τὸν
2779 3014 3071 3084 όμὼνυμον
3103 3012 3315 3078 πάπαν,
3349 3012 3539 3077 καὶώς
3589 3013 3798 3075 Ξκεῖνος

556 3098 858 3169 pullulante
886 3109 1000 3155 tum
1027 3102 1222 3158 haeresi
1250 3104 1606 3176 Eutychiana.
1639 3106 1920 3164 leoninum
1939 3111 1992 3165 in
2015 3127 2125 3167 mo-

2227 3106 2534 3176 τηνικαῦτα
2572 3106 2674 3178 τῆς
2705 3105 3112 3176 Εὑτυχιανικῆς
3144 3105 3412 3177 αἱρέσεως
3459 3105 3798 3175 ἁναφυείσης

557 3207 672 3246 rem
712 3192 902 3262 spiritu
944 3204 1294 3263 experrectus
1322 3204 1426 3261 est,
1462 3205 1523 3252 ut
1551 3213 1743 3255 omnes
1775 3213 1996 3269 norunt,
2027 3205 2124 3261 do-

2228 3198 2499 3253 λεόντειόν
2529 3215 2649 3261 πως
2672 3196 2931 3269 διηγέρθη
2967 3197 3044 3268 τῷ
3074 3196 3368 3268 πνεύματι,
3385 3195 3461 3260 ὡς
3495 3198 3645 3250 ῖσασι
3671 3197 3798 3250 πὰνο

557 3285 807 3352 gmaticis
844 3287 959 3340 suis
1009 3286 1408 3356 epistolis:sic
1459 3298 1513 3344 et
1555 3300 1635 3357 tu,
1688 3293 1871 3350 dicere
1925 3297 2122 3366 audeo,

552 3375 704 3445 juxta
734 3391 932 3430 nomen
976 3379 1118 3446 quod
1149 3378 1314 3450 geris.
1372 3381 1537 3454 irrugi
1592 3383 1874 3453 divinitus,
1913 3389 1998 3444 vel
2030 3406 2126 3460 po-

559 3467 667 3520 tius
725 3466 912 3522 intona
965 3477 1152 3524 contra
1217 3481 1543 3540 praesentem
1595 3474 1737 3532 hanc
1763 3476 2038 3545 haeresim,
2068 3488 2127 3535 ut

559 3558 736 3615 decet.
771 3559 824 3613 Si
867 3559 1012 3614 enim
1041 3559 1152 3625 isti,
1185 3572 1431 3632 arrogata
1471 3563 1575 3619 sibi
1596 3569 1939 3635 auctoritate,
1964 3573 2128 3627 haere-

559 3649 724 3704 ticam
775 3649 1042 3720 synodum
1075 3665 1270 3722 cogere
1303 3653 1462 3708 veriti
1492 3669 1601 3709 non
1631 3667 1780 3724 sunt,
1812 3659 1906 3729 qui
1933 3675 2005 3716 ne
2033 3675 2126 3716 or-

560 3739 856 3794 thodoxam
884 3740 1100 3809 quidem
1132 3741 1339 3812 absque
1360 3745 1671 3816 cognitione
1706 3758 1908 3818 vestra,
1950 3761 2128 3808 utan-

562 3833 746 3902 tiquus
773 3847 890 3887 mos
912 3831 1140 3896 obtinet,
1164 3849 1360 3906 cogere
1390 3843 1688 3906 potuerunt
1720 3856 1734 3892 :
1775 3851 1981 3910 quanto
2013 3860 2130 3899 ma-

561 3925 641 3997 gis
671 3941 885 3996 aequum
915 3934 1076 3995 atque
1111 3925 1248 3981 adeo
1281 3928 1650 3984 necessarium
1681 3930 1846 3988 fuerit
1891 3935 2034 4005 (cum
2065 3935 2132 3991 ti-

561 4036 712 4076 more
737 4017 1097 4091 suggerimus)
1129 4017 1198 4074 ab
1245 4019 1435 4098 divino
1465 4030 1560 4077 tuo
1588 4023 1896 4096 principatu
1947 4027 2130 4100 legiti-

557 4129 702 4171 mam
737 4113 998 4182 synodum
1025 4114 1312 4168 convocarl
1355 4123 1415 4169 ut
1473 4116 1839 4174 orthodoxum
1876 4117 2131 4178 Ecclesiae

556 4203 749 4272 dogma
777 4203 1090 4260 haeretleum
1109 4220 1169 4261 ex
1179 4206 1361 4261 trudat
1381 4225 1396 4262 :
1416 4214 1660 4276 etneque
1685 4224 1937 4280 suprema
1955 4212 2131 4284 digni-

560 4301 643 4346 tas
664 4301 752 4345 tua
770 4307 893 4346 cum
937 4291 1257 4348 orthodoxis
1272 4294 1530 4350 onmibus
1557 4298 1899 4356 anathemate
1915 4311 2133 4358 notetur

557 4400 586 4438 a
607 4383 760 4439 novis
778 4386 1147 4456 nugatoribus;
1167 4400 1341 4455 neque
1355 4387 1656 4456 iniquitatis
1673 4405 1834 4458 porro
1847 4393 2132 4451 classicum

2228 3307 2341 3355 τες,
2371 3292 2493 3354 ταῖς
2537 3290 2897 3358 δογματικαῖς
2924 3287 3094 3342 αὐτοῦ
3147 3287 3462 3350 ἐπιστολαῖς
3480 3303 3496 3319 ·
3525 3285 3673 3341 οὕτω
3702 3285 3797 3342 καὶ

2231 3383 2418 3448 αὐτὸς,
2451 3382 2637 3453 τολμῶ
2687 3381 2889 3451 λέγειν,
2949 3380 3312 3452 φερωνύμως,
3359 3379 3556 3451 βρύεον
3602 3378 3794 3442 θείως.

2234 3475 2440 3548 μᾶλλον
2465 3474 2525 3528 δὲ
2556 3473 2852 3546 βρόντησον
2879 3473 3025 3526 κατὰ
3045 3473 3145 3543 τῆς
3170 3469 3452 3544 παρούσης
3479 3468 3798 3536 κακοδοξίας

2231 3568 2298 3622 τὰ
2338 3566 2544 3621 είκότα.
2584 3566 2647 3620 Εί
2697 3564 2809 3636 γὰρ
2855 3558 3004 3619 οὗτοι
3039 3565 3258 3628 ἑαυτοῖς
3307 3562 3798 3634 ἑξαυθεντὴσαντες

2230 3659 2516 3734 αίρετικὴν
2555 3659 2772 3713 σύνοδον
2795 3657 3153 3730 ἐκπληρῶσαι
3197 3657 3298 3711 οὐκ
3319 3656 3552 3724 ἔδεισαν,
3599 3653 3796 3725 καίπερ

2232 3755 2282 3808 εί
2313 3753 2407 3808 καὶ
2428 3750 2710 3824 όρθόδοξον
2728 3750 2831 3804 οὐκ
2857 3749 2988 3804 ἁνευ
3022 3747 3124 3819 τῆς
3154 3747 3311 3818 ὑμῶν
3360 3748 3624 3818 είδήσεως
3651 3745 3795 3810 ἐξου-

2234 3845 2530 3910 σιάζοντες,
2561 3842 2637 3907 ὡς
2654 3842 2718 3897 τὸ
2754 3840 2962 3897 ἁνωθεν
2992 3839 3334 3912 κεκρατηκὸς
3362 3837 3517 3902 ἔθος·
3554 3838 3705 3908 πόσῳ
3732 3853 3793 3906 γε

2237 3934 2438 4008 μᾶλλον
2461 3932 2684 4002 εὔλογον
2705 3933 2800 3988 καὶ
2823 3932 3121 4000 ἀναγκαῖον
3150 3930 3218 3985 av
3237 3928 3347 4000 εῖη,
3381 3927 3795 3998 ύπομιμνήσκου

2237 4043 2338 4098 μεν
2363 4025 2532 4097 φόϐῳ,
2565 4024 2671 4079 ὑπὸ
2697 4023 2799 4094 τῆς
2852 4022 3004 4086 θείας
3033 4020 3391 4094 πρωταρχίας
3425 4035 3544 4085 σου,
3572 4017 3795 4087 ἔννομον

2234 4118 2569 4190 κροτηθῆναι
2615 4117 2854 4182 σύνοδον,
2889 4114 2967 4180 ὡς
2995 4114 3063 4169 ἂν
3110 4112 3174 4168 τδ
3221 4111 3506 4182 όρθύδοξον
3543 4110 3647 4181 τῆς
3678 4109 3796 4164 Ἐκ-

2234 4211 2466 4284 κλησίας
2519 4208 2717 4280 δόγμα,
2774 4208 2836 4262 τὸ
2885 4204 3162 4278 αἱρετικὸν
3213 4201 3661 4275 ἁποκρούσηται·
3704 4197 3796 4254 καὶ

2240 4304 2429 4376 μήτεή
2457 4299 2830 4372 κορυφαιότης
2864 4315 2958 4353 σου
2992 4298 3091 4352 σὺν
3141 4297 3318 4351 ἁπασι
3343 4297 3458 4360 τοῖς
3498 4291 3796 4364 όρθοδόξοις

2237 4391 2692 4464 ἁναθεματίζοιτο
2741 4387 2894 4461 παρὰ
2918 4387 3030 4442 τῶν
3070 4386 3210 4443 νέων
3259 4384 3618 4455 κενοφώνων·
3674 4381 3795 4454 μήτ’

556 4477 917 4532 adulterinam
949 4478 1089 4535 hanc
1108 4480 1375 4552 synodum
1408 4480 1575 4543 nacti,
1604 4481 1804 4551 quibus
1828 4483 1880 4538 id
1923 4485 2119 4554 placet,

2227 4484 2294 4539 αὖ
2320 4481 2655 4554 ὁρμητήριον
2670 4478 2900 4549 ἀνομίας
2925 4478 3026 4548 τὴν
3057 4474 3437 4548 μοιχοσύνοδον
3455 4472 3794 4546 εὑρίσκοντες

557 4569 614 4624 in
665 4579 950 4640 peccatum
981 4572 1140 4626 facile
1187 4572 1561 4642 prolabantur.
1594 4573 1740 4641 Haec,
1774 4575 1914 4632 sicut
1940 4581 2126 4649 parvi-

557 4663 654 4718 tati
679 4676 880 4719 nostra:
916 4663 1298 4725 conveniebat.
1327 4673 1388 4718 ut
1426 4665 1652 4721 minima
1678 4667 1937 4725 Ecclesiae
1955 4686 2129 4727 mem-

555 4755 652 4810 bra
687 4762 1161 4825 repraesentantes,
1187 4763 1244 4810 et
1279 4755 1465 4811 divino
1497 4759 1749 4828 pastorali
1781 4771 1964 4817 vestro
1983 4763 2130 4834 prin-

557 4848 757 4920 cipatui
788 4859 1075 4920 parentes;
1129 4849 1478 4906 obsecramus
1524 4851 1593 4907 de
1641 4861 1838 4908 caetero
1879 4861 2122 4910 sanctam

558 4940 793 4994 animam
815 4949 1074 5005 vestram,
1106 4947 1166 4994 ut
1185 4955 1286 4996 nos
1312 4956 1411 4996 ceu
1442 4943 1694 5013 proprias
1725 4958 1855 4998 oves
1883 4951 2121 5014 reputet,

557 5036 613 5082 et
652 5029 820 5082 sacris
839 5029 1095 5098 precibus
1124 5030 1240 5086 suis
1265 5032 1480 5086 eminus
1505 5031 1760 5097 illustret,
1802 5040 1965 5102 atque
1991 5048 2124 5088 con-

557 5118 754 5173 ﬁrmet.
784 5119 938 5184 Quod
992 5119 1036 5176 si
1067 5121 1232 5176 etiam
1266 5121 1640 5188 documentis;
1702 5131 1809 5177 tuae
1843 5123 1896 5178 id
1959 5123 2125 5180 fuerit.

556 5207 754 5263 divinae
786 5209 1169 5282 benignitatis:
1215 5213 1652 5284 quandoquidem
1691 5223 1749 5269 et
1785 5214 2037 5270 Christus
2056 5216 2124 5270 ad

2232 4576 2280 4628 oi
2311 4572 2624 4644 βουλόμενοι
2681 4567 3166 4625 κατολισθαίνωσιν
3215 4566 3464 4629 εὐπετῶς
3516 4563 3657 4637 πρὸς
3699 4562 3795 4635 τὴν

2233 4661 2528 4735 ἁμαρτίαν.
2560 4659 2767 4726 Ταῦτα,
2793 4657 2869 4723 ὡς
2889 4657 2953 4712 τὸ
2974 4658 3175 4730 ἀνῆκον
3193 4658 3261 4727 τῇ
3283 4654 3595 4724 ούθενότητι
3619 4651 3792 4724 ἡμῶν,

2232 4751 2652 4823 ἁνηγγελκότες,
2682 4751 2759 4814 ὡς
2786 4749 3042 4821 ἐλάχιστα
3072 4747 3212 4818 μέλη
3227 4747 3327 4818 τῆς
3342 4744 3688 4815 Ἐκκλησίας,
3706 4742 3795 4797 καὶ

2231 4849 2298 4917 τῇ
2333 4844 2424 4914 ὑφ’
2454 4841 2610 4913 ύμῶν
2644 4840 2963 4904 ὑπείκοντες
3006 4839 3130 4910 θείᾳ
3162 4836 3564 4909 ποιμεναρχίᾳ·
3598 4835 3664 4889 τὸ
3690 4835 3794 4888 λοι-

2229 4937 2330 4990 πὸν
2351 4933 2674 5005 ὲξαιτοῦμεν
2705 4932 2806 5003 τὴν
2841 4931 3005 5000 ἁγίαν
3050 4929 3223 5000 αὐτῆς
3252 4927 3454 5000 ψυχὴν,
3484 4925 3794 4996 λογίζεσθαι

2228 5032 2375 5102 ἡμᾶς
2419 5028 2496 5093 ὥς
2539 5029 2718 5083 οίκεῖα
2755 5025 2929 5097 αὐτῆς
2959 5023 3206 5096 πρόϐατα
3228 5062 3244 5089 ,
3302 5023 3401 5078 καὶ
3453 5022 3577 5085 ταῖς
3626 5019 3792 5092 ἱεραῖς

2229 5122 2562 5194 προσευχαῖς
2586 5119 2875 5192 «61:pr»
2901 5116 3155 5186 φωτίζειν
3180 5115 3276 5169 καὶ
3304 5113 3609 5185 στηρίζειν.
3643 5113 3706 5168 El
3735 5111 3790 5166 δὲ

2231 5213 2326 5266 καὶ
2353 5212 2594 5280 διδαχαῖς
2613 5253 2628 5276 ,
2657 5210 2755 5279 τῆς
2806 5208 2906 5279 σῆς
2927 5207 2996 5261 ἂν
3017 5206 3108 5276 εἴη
3132 5204 3284 5268 θείας
3311 5203 3786 5272 συγκατασάσεως.

556 5299 831 5370 Abgarum
880 5301 1119 5372 scripsit,
1151 5311 1208 5358 et
1239 5303 1395 5358 multi
1427 5304 1590 5358 etiam
1626 5319 1658 5360 e
1716 5304 1952 5360 subditis
1977 5304 2125 5377 digni

2227 5302 2381 5356 Ἐπεὶ
2400 5303 2494 5355 καὶ
2525 5303 2553 5354 6
2583 5300 2816 5371 Χριστὸς
2848 5297 3088 5369 Αύγάρῳ
3111 5295 3400 5350 ἐπέστειλε
3419 5311 3433 5328 ·
3481 5297 3574 5348 καὶ
3607 5291 3788 5346 πολλοὶ

558 5392 730 5454 habiti
755 5401 904 5458 sunt,
943 5394 1034 5465 qui
1070 5395 1140 5450 ab
1167 5395 1426 5467 apostolis
1464 5397 1778 5466 sanctisque
1814 5396 2125 5466 acciperent

2227 5395 2334 5449 τῶν
2363 5395 2672 5463 ύφειμένων
2724 5391 2876 5464 παρὰ
2915 5389 3231 5445 ἀποστόλων
3261 5388 3359 5442 καὶ
3401 5387 3576 5455 ἁγίων
3606 5385 3785 5455 γράμ-

557 5485 786 5541 litteras.
823 5485 870 5542 Α
898 5501 985 5542 me
1023 5495 1203 5542 autem
1251 5486 1368 5541 solo
1387 5498 1692 5554 peccatore,
1727 5495 1785 5542 et
1814 5487 1869 5542 in
1904 5502 2125 5543 carcere

2227 5506 2373 5560 ματα
2399 5487 2659 5552 δέξασθαι
2705 5485 3146 5556 κατηξιώθησαν.
3195 5483 3333 5556 Παρ’
3373 5481 3509 5554 εμοῦ
3535 5481 3596 5535 δὲ
3629 5481 3782 5551 μόνου

556 5577 799 5643 detento,
819 5577 1054 5633 mittitur
1081 5578 1200 5634 haec
1247 5577 1498 5648 epistola,
1521 5585 1810 5649 propterea
1838 5579 1983 5651 quod
2015 5578 2117 5635 Pa-

2227 5578 2318 5636 τοῦ
2347 5577 2672 5652 ἁμαρτωλοῦ
2701 5579 2795 5632 καὶ
2813 5577 3151 5649 τηρουμένου
3171 5576 3232 5630 ὲν
3272 5573 3489 5646 φυλακῇ
3511 5574 3546 5646 ἡ
3571 5574 3781 5628 επιστο-

564 5780 578 5811 ¹
625 5777 826 5834 lJoatt.
857 5795 916 5846 ιι,
955 5778 1036 5835 19.
1115 5781 1132 5812 ’
1165 5777 1357 5835 Matth.
1397 5795 1516 5845 νιιι,
1549 5779 1640 5836 2-3.
