4044 6366
368 324 506 394 1021

1588 340 2133 404 EPISTOLARUM
2174 341 2323 403 LIB.
2355 342 2403 402 Ι.

3503 343 3645 410 10°22

360 448 429 524 λή
446 464 466 483 ο
496 447 687 551 mare,
703 451 798 551 τὸν
825 451 1047 527 Πατέρα
1073 456 1169 511 καὶ
1195 456 1478 513 σύνδουλόν
1496 474 1601 530 μου
1617 460 1709 516 τὸν
1736 458 1950 529 ἐγκλει-

2061 490 2140 536 ter
2175 494 2585 551 conservusque
2629 492 2784 536 meus
2821 477 3091 547 inclusus,
3129 487 3185 535 et
3234 475 3645 537 Thessalonica

366 556 514 607 στον,
539 539 634 594 τόν
661 557 723 594 τε
772 542 1210 613 ἀρχιεπίσκοπον
1244 550 1346 619 τῆς
1368 548 1795 622 Θεσσαλονίκης,
1852 552 1949 605 καὶ

361 631 592 702 ἀδελφὺν
613 632 795 706 ἡμῶν,
818 635 900 699 είς
924 636 1118 709 ἑτέρας
1138 640 1338 711 νήσους
1351 640 1617 706 ὡσαύτως
1635 642 1948 715 τηρεῖσθαι.

362 724 513 797 Πλὴν
557 725 653 779 καὶ
680 726 930 781 αὐτοὶδι’
958 728 1119 799 ἐμοῦ,
1165 732 1261 785 καὶ
1289 732 1389 787 σὺν
1424 733 1551 804 ἐμοὶ
1578 734 1647 789 τὰ
1684 733 1829 789 αὐτά
1853 736 1951 789 καὶ

364 814 695 885 φθέγγονται
728 817 824 872 καὶ
849 820 1472 901 προσπτύσσονταικτοῖς
1519 825 1689 896 ίεροῖς
1711 826 1812 896 τῆς
1847 842 1951 896 μα-

365 908 694 981 καριότητός
724 927 823 965 σου
851 912 1081 984 ἴχνεσιν.

820 1066 945 1123 ΛΔν.
973 1097 1048 1162 -τ
1068 1066 1153 1135 τῷ
1184 1068 1366 1137 αὐτῷ.
1389 1069 1548 1145 [εμπ]

2052 573 2506 645 archiepiscopus
2553 587 2849 646 germanus
2904 582 3117 640 noster,
3159 572 3217 628 in
3273 573 3397 629 aliis
3441 573 3645 633 insulis

2048 662 2255 733 pariter
2297 663 2700 719 custodiuntur.
2739 664 2848 736 Ipsi
2901 663 3260 720 nihilominus
3313 679 3414 736 per
3449 680 3539 720 me
3587 672 3643 720 et

2048 770 2264 809 mecum
2303 755 2496 811 eadem
2529 755 2744 823 dicunt,
2800 764 2858 811 et
2910 755 3085 813 sacris
3126 754 3488 813 beatitudinis
3531 763 3643 812 tua:

2048 845 2294 919 vestigiis
2330 848 2722 905 advolvuntur.

2378 1083 2618 1142 XXXIV.
2647 1116 2716 1131 -
2744 1084 2935 1144 Eidem
2970 1084 3134 1143 Leoni
3166 1102 3338 1160 papaz.

522 1202 620 1256 Pm
639 1205 857 1270 acceptis
884 1220 1022 1272 papa
1051 1207 1236 1261 litteris
1254 1211 1436 1276 gratias
1457 1215 1578 1278 agit,
1603 1219 1708 1268 tum
1731 1230 1844 1284 quas
1863 1217 1924 1269 ab
1938 1217 2237 1273 adversariis
2255 1227 2399 1287 gesta
2419 1228 2563 1277 erant
2586 1225 2811 1291 exponit.
2841 1226 3044 1288 (Baron.
3065 1241 3149 1277 an.
3168 1225 3281 1285 809,
3301 1238 3353 1275 n.
3386 1222 3487 1287 18.)

374 1311 461 1381 Τῷ
490 1313 792 1385 learniqu
821 1314 1248 1384 μακαριωτάτη)
1278 1318 1379 1372 καὶ
1396 1319 1801 1388 Ἀποστολικῷ
1832 1324 1950 1376 Πα-

438 1407 532 1478 rp!
565 1406 777 1469 Λέοντι
804 1406 976 1477 nam;
1007 1408 1256 1479 Ῥώμης,
1287 1410 1543 1468 Πλάτων
1576 1412 1951 1483 ἕγκλειστος,

440 1498 539 1554 καί
577 1499 874 1643 ἷῑόδωρος
912 1502 1316 1572 πρεσϐύτερος
1344 1503 1446 1561 καὶ
1475 1503 1811 1576 ἡγούμενος
1833 1504 1954 1562 τῶν

439 1592 594 1643 Στου
660 1607 754 1644 ου.
1206 1628 1210 1632 -

2056 1325 2279 1397 ,λΕφιοίὶ
2300 1328 2503 1400 angelis
2541 1328 2842 1384 beatissimo
2872 1339 2921 1384 et
2949 1327 3237 1400 apostolico
3273 1326 3426 1382 Patri
3472 1326 3637 1384 Leoni

2127 1433 2281 1488 papa:
2316 1418 2517 1487 Romae,
2541 1419 2699 1475 Plato
2720 1421 2976 1489 inclusus,
2996 1430 3046 1476 et
3067 1420 3361 1476 Theodorus
3380 1419 3647 1493 presbyter

2130 1523 2195 1560 ac
2210 1508 2521 1578 praepositus
2546 1507 2867 1566 Studiensis.

440 1681 603 1750 Μέγα
640 1682 777 1753 ἡμῖν
830 1684 945 1747 τοῖς
976 1685 1258 1748 ταπεινοῖς
1290 1684 1368 1751 ὡς
1394 1683 1633 1757 ἀληθῶς,
1660 1687 1755 1742 καὶ
1782 1687 1952 1760 εὐχῆς

2124 1702 2377 1776 Magnum
2408 1719 2601 1762 revera
2634 1705 2794 1762 nobis
2837 1705 3139 1762 humilibus
3176 1715 3234 1762 et
3268 1705 3471 1763 summi
3522 1704 3642 1763 voti

370 1772 534 1845 ἔργον
564 1774 666 1845 τῆς
721 1774 1007 1841 ἀνωτάτω,
1060 1775 1343 1842 ἀξιωθεῖσι
1382 1776 1638 1845 δέξασθαι
1669 1778 1825 1851 παρά
1849 1781 1950 1852 τῆς

369 1866 737 1939 ἀποστολικῆς
803 1868 960 1939 ὑμῶν
996 1871 1403 1943 μακαριότητος
1442 1871 1750 1944 πρόσρησιν
1781 1890 1952 1945 προσ-

370 1963 756 2032 αγορευτικὴν,
790 1962 885 2016 καὶ
915 1963 1022 2034 μὴν
1051 1964 1230 2036 ἀποση
1240 1966 1467 2035 μείωσιν
1497 1967 1608 2020 τῶν
1639 1983 1952 2038 πνευματο-

370 2051 609 2121 κινήτων
639 2052 809 2124 αὐτῆς
833 2053 997 2124 ἱερῶν
1016 2054 1235 2123 λογίων,
1259 2056 1329 2109 δι’
1355 2057 1676 2126 Ἐπιφανίου
1706 2057 1803 2112 τοῦ
1824 2075 1952 2112 συν-

368 2142 581 2208 δούλου,
616 2143 711 2197 καὶ
744 2146 1035 2216 ἀγαπητοῦ
1065 2149 1227 2219 ἡμῶν
1253 2149 1449 2203 τέκνου
1471 2164 1485 2179 '
1527 2150 1623 2204 καὶ
1651 2150 1825 2205 ταῦτα
1856 2168 1953 2205 κε-

370 2236 718 2308 κλεισμένοις
771 2234 924 2318 οὖσιν
976 2240 1084 2294 ὑπὸ
1128 2241 1240 2295 τῶν
1289 2242 1635 2310 κακοδόξων,
1680 2245 1777 2298 καὶ
1825 2244 1952 2314 ὕψει

371 2326 732 2397 θεασαμένοις
786 2328 879 2381 τὸν
901 2331 1407 2404 γραμματηφόρον.
1437 2332 1556 2403 Ἐφ’
1578 2325 1661 2399 οἷς
1690 2334 1952 2405 ὲσκιρτή-

370 2434 546 2489 σαμεν
562 2437 575 2450 ·
607 2419 1066 2492 ἡγαλλιασάμεθα
1088 2438 1100 2452 ’
1130 2423 1713 2499 ἀνθωμολογησάμεθα
1735 2427 1814 2498 τῷ
1839 2428 1953 2481 Κυ-

373 2509 497 2583 ρίῳ,
518 2510 599 2583 τῷ
623 2516 740 2579 ταῖς
765 2513 939 2579 θείαις
962 2516 1137 2587 αὐτῆς
1165 2521 1521 2591 προσευχαῖς,
1543 2519 1613 2573 τά
1643 2520 1778 2593 παρ’
1799 2520 1954 2574 ἐλπί-

371 2602 439 2657 δα
462 2605 788 2675 παραδόξως
821 2608 957 2679 ήμῖν
980 2611 1095 2673 τοῖς
1127 2610 1371 2676 ἀναξίοις
1412 2612 1772 2685 χαρισαμένῳ
1793 2627 1808 2644 ⁸
1856 2629 1955 2684 μο-

371 2694 587 2765 νονουχὶ
626 2696 723 2755 καὶ
756 2698 890 2769 όρᾷν
920 2698 1093 2769 αὐτῆς
1142 2702 1238 2758 τὸν
1294 2700 1439 2773 ἱερὸν
1479 2702 1811 2773 χαρακτῆρα
1863 2701 1955 2757 διά

374 2786 541 2857 μέσου
587 2788 696 2843 τῶν
732 2790 930 2860 φωνῶν
965 2794 1437 2864 φανταζομένοις.
1477 2794 1620 2849 Ἀλλ’
1655 2796 1794 2867 αὐτὴ
1853 2794 1955 2867 μὲν

372 2879 842 2955 Χριστομιμήτως
864 2884 959 2939 καὶ
983 2888 1403 2960 προσηγόρευκε
1418 2889 1549 2954 τοὺς
1572 2889 1835 2955 εὐτελεῖς,
1859 2890 1957 2943 καὶ

372 2970 800 3048 ἀνεζωπύρησεν
813 2977 971 3049 ἡμῶν
993 2978 1054 3033 τὸ
1070 2979 1601 3054 πνεῦμα,ὲπέῥρωσέ
1626 2998 1686 3036 τε
1706 2982 1768 3036 τὸ
1788 2982 1953 3036 ἀσθε-

2050 1809 2191 1865 opus
2210 1794 2333 1859 fuit,
2366 1795 2513 1865 quod
2545 1795 2693 1868 digni
2718 1796 2891 1851 habiti
2921 1810 3135 1861 sumus,
3168 1795 3261 1866 qui
3287 1795 3359 1851 ab
3414 1804 3644 1865 aposto-

2050 1887 2154 1943 lica
2184 1887 2525 1943 beatitudine
2578 1897 2763 1945 vestra
2812 1887 3161 1943 salutationis
3225 1887 3641 1951 allocutionem,

2049 1989 2105 2037 et
2130 1995 2410 2036 sacrorum
2436 1980 2556 2050 ejus
2595 1980 2690 2051 qui
2715 1995 2749 2036 a
2788 1979 2985 2051 spiritu
3007 1987 3305 2035 moventur
3323 1993 3643 2035 sermonum

2050 2073 2505 2146 significationem
2532 2074 2928 2143 acciperemus,
2956 2087 3056 2143 per
3102 2086 3429 2127 conservum
3458 2085 3524 2126 ac
3555 2070 3643 2125 di-

2050 2164 2252 2220 lectum
2271 2164 2445 2220 [ilium
2483 2172 2732 2220 nostrum
2760 2162 3130 2234 Epiphanium
3159 2179 3174 2229 ;
3198 2171 3256 2217 et
3278 2162 3417 2227 haec,
3440 2160 3641 2216 inclusi

2050 2257 2181 2312 licet
2203 2265 2490 2313 teneamur
2511 2257 2579 2312 ah
2630 2258 2939 2324 haereticis;
2971 2268 3138 2329 atque
3192 2259 3265 2314 ita
3303 2265 3365 2314 ut
3411 2258 3640 2314 tabella-

2051 2347 2197 2402 rium
2236 2346 2416 2417 ipsum
2449 2346 2622 2402 oculis
2648 2348 3118 2418 eonspexerimus.
3149 2347 3518 2415 Quamobrem
3538 2349 3637 2403 lae-

2051 2438 2168 2495 titia
2192 2438 2603 2506 exsultavimus,
2654 2440 2823 2511 gavisi
2875 2455 3087 2505 sumus,
3141 2440 3371 2496 Domino
3441 2440 3643 2512 gratias

2049 2530 2285 2602 egimus,
2325 2528 2418 2598 qui
2464 2528 2667 2584 divinis
2731 2529 3161 2610 illiusprecibus
3198 2545 3262 2585 ea
3306 2545 3429 2599 qua:
3486 2545 3643 2600 spem

2052 2632 2297 2678 nostram
2325 2621 2659 2691 superabant
2683 2619 2844 2677 nobis
2880 2620 3118 2693 indignis
3148 2620 3288 2677 miro
3321 2621 3485 2677 modo
3531 2621 3644 2675 lar-

2053 2713 2199 2786 gitus
2221 2720 2343 2767 est:
2385 2710 2457 2765 ita
2489 2718 2550 2765 ut
2597 2709 2770 2780 ipsam
2811 2710 3207 2781 propemodum
3254 2726 3466 2767 sacram
3517 2712 3640 2781 ejus

2052 2804 2285 2860 formam
2321 2817 2420 2873 per
2457 2802 2774 2872 interjeetas
2818 2816 2981 2858 voces
3016 2802 3204 2858 videre
3229 2802 3390 2858 nobis
3428 2802 3643 2859 videre.

2053 2912 2196 2953 mur.
2234 2893 2435 2950 Verum
2476 2894 2565 2949 illa
2594 2893 2814 2964 quidem
2844 2893 2912 2949 ad
2950 2892 3154 2950 Christi
3196 2894 3508 2965 exemplum
3535 2908 3640 2949 nos

2057 2988 2294 3044 humiles
2323 2986 2485 3041 allata
2513 2994 2618 3051 est,
2652 2994 2709 3041 et
2733 2991 2948 3040 mentes
2974 2990 3192 3039 nostras
3215 2984 3502 3047 recreavit.
3538 2982 3646 3039 im-

350 3063 483 3128 ’νὲς,
510 3067 608 3121 καὶ
635 3067 977 3139 ὲστιϐάρωσε
1024 3071 1088 3126 τὸ
1110 3050 1346 3145 ἀδρανὲς
1366 3089 1380 3104 ο
1415 3050 1581 3130 οίονεὶ
1607 3074 1956 3145 ἐπαλείψασα

2061 3078 2412 3137 hecillitatem
2439 3050 2840 3143 corroboravit,
2882 3075 3313 3148 languentesque
3344 3075 3641 3131 conﬁrma-

373 3160 487 3221 τοῖς
515 3158 658 3231 ὑπὲρ
692 3162 840 3233 ἡμᾶς
870 3164 1311 3236 παρακλητικοῖς
1344 3166 1443 3227 καὶ
1470 3168 1808 3231 νουθετικοῖς
1835 3166 1961 3238 φθέ-

376 3267 588 3322 γμασιν
626 3256 851 3327 στήκειν
882 3274 946 3317 τε
969 3259 1029 3317 ιν
1071 3261 1140 3331 τῇ
1181 3258 1451 3331 ὀρθοδόξῳ
1498 3259 1682 3321 πίστει
1721 3258 1962 3324 amvi»:

378 3341 545 3414 μέχρι
575 3344 766 3410 τέλους
791 3349 1189 3420 παρεγγυῶσα.
1220 3353 1331 3406 Kal.
1369 3352 1583 3422 γένοιτο
1617 3355 1752 3425 ἡμῖν
1793 3353 1962 3419 ιλὲοις

376 3433 550 3505 αὐτῆς
584 3438 910 3511 ἱκετηρίαις.
945 3442 1133 3514 Ἡμεῖς
1163 3444 1221 3499 δὲ
1242 3445 1293 3499 oi
1321 3445 1567 3511 οὐθενεῖς
1588 3448 1685 3506 καὶ
1706 3447 1874 3505 πάλιν
1898 3444 1959 3504 εὖ

376 3525 523 3597 ἐχειν
552 3530 942 3603 νενομίκαμεν,
960 3533 1152 3608 ὥσπερ
1175 3536 1236 3591 τὸ
1258 3541 1527 3610 πρότερον
1557 3538 1625 3593 δι’
1648 3540 1819 3596 αὐτοῦ
1842 3542 1964 3599 τοῦ·

376 3619 434 3673 δε
459 3619 555 3673 τοῦ
580 3625 910 3683 πιστοτάτου
939 3626 1099 3698 ἡμῶν
1128 3630 1608 3702 γραμματηφόρου
1633 3672 1649 3697 ,
1686 3634 1783 3688 καὶ
1803 3629 1963 3699 αὖθις

376 3711 447 3767 δι’
487 3712 792 3769 Εὐσταθίου
822 3716 918 3770 τοῦ
944 3718 1136 3788 ἑτέρου
1184 3720 1281 3773 καὶ⁵
1325 3721 1493 3781 αὐτοῦ
1525 3723 1686 3793 ἡμῶν
1723 3726 1960 3792 τέκνου,

378 3800 524 3856 οὕτω
556 3806 651 3859 καὶ
680 3805 775 3861 νῦν
808 3809 1125 3879 ἀνενεγκεῖν
1178 3812 1319 3882 αὐτῇ
1372 3812 1444 3866 τά
1469 3815 1676 3871 εἰκότα.
1729 3815 1961 3882 Σύνοδος

378 3894 605 3964 γέγονεν
629 3898 690 3950 ὲν
715 3900 830 3963 τοῖς
859 3900 981 3954 καθ’
1020 3902 1192 3971 ἡμᾶς,
1218 3896 1262 3957 ὧ
1305 3904 1722 3976 μακαριώτατε,
1758 3907 1962 3979 πάνδη-

382 4003 485 4056 μος
510 3989 992 4055 συγκαθεσθέντων
1014 3993 1109 4047 καὶ
1137 3995 1419 4066 ἀρχόντων
1435 3996 1546 4057 τῶν
1567 3998 1629 4052 ὲν
1661 3998 1808 4055 τέλει
1825 4014 1840 4030 °
1866 4003 1962 4056 καὶ

379 4078 416 4150 ἠ
447 4080 669 4146 σύνοδος
696 4084 786 4136 ἐπ’
809 4084 1067 4156 ἀθετήσει
1099 4086 1197 4141 τοῦ
1224 4088 1562 4158 Εὑαγγελίου
1581 4089 1678 4147 τοῦ
1698 4093 1959 4165 Χριστοῦ,

378 4165 443 4236 οὗ
475 4174 540 4228 σὺ
573 4173 671 4238 τὰς
698 4174 848 4240 κλεῖς
875 4177 1039 4245 ἐδέξω
1090 4178 1229 4252 πρὸς
1283 4180 1483 4249 αὐτοῦ,
1523 4183 1614 4237 sta
1648 4184 1820 4254 μέσου
1865 4183 1961 4239 τοῦ

377 4263 494 4325 τῶν
540 4265 858 4321 ἀποστόλων
908 4270 1320 4340 πρωτοστάτου,
1354 4273 1595 4329 καὶτῶν
1640 4276 1960 4344 ἀμοιϐαδὸν,

2059 3174 2158 3240 vit,
2177 3171 2291 3228 suis
2312 3186 2414 3227 nos
2434 3169 2588 3241 quasi
2611 3183 2920 3241 perungens
2975 3176 3196 3238 captum
3216 3174 3463 3226 nostrum
3485 3182 3646 3223 exce-

2059 3266 2317 3325 dentibus
2360 3261 2760 3328 consolatoriis,
2816 3261 3234 3332 monitoriisque
3276 3260 3644 3328 sermonibus,

2061 3360 2118 3417 in
2156 3359 2263 3415 ﬁde
2306 3350 2608 3413 orthodoxa
2649 3362 2969 3410 constanter
2994 3353 3062 3409 ad
3111 3352 3274 3408 tinem
3307 3366 3480 3422 usque
3523 3366 3648 3406 ma-

2061 3467 2196 3507 nere
2215 3448 2575 3520 persuadens,
2602 3445 2750 3517 quod
2782 3444 2990 3500 utinam
3016 3443 3268 3515 propitiis
3298 3442 3420 3512 ejus
3460 3440 3645 3512 preci-

2060 3543 2167 3601 bus
2208 3543 2281 3597 ita
2319 3539 2484 3597 nobis
2542 3538 2844 3610 contingat.
2878 3536 2991 3593 Nos
3036 3550 3169 3592 vero
3197 3535 3357 3591 nihili
3409 3535 3649 3590 homun-

2061 3633 2249 3692 ciones
2295 3630 2589 3689 convenire
2637 3627 3094 3694 existimavimus,
3148 3626 3309 3682 sicuti
3353 3633 3514 3681 antea
3548 3640 3649 3696 per

2062 3726 2210 3784 hunc
2261 3722 2583 3778 ﬁdissimum
2627 3718 2974 3776 tabellarium
3034 3726 3312 3784 nostrum,
3356 3724 3413 3773 et
3459 3726 3647 3787 postea

2061 3831 2162 3888 per
2204 3812 2549 3870 Eustathium
2577 3812 2811 3866 alterum
2843 3808 3014 3864 lilium
3067 3818 3340 3873 nostrum,
3386 3808 3461 3864 ita
3497 3823 3650 3863 nunc

2063 3902 2226 3961 etiam
2252 3899 2320 3955 ad
2339 3898 2587 3956 eamdem
2617 3897 2823 3953 referre
2845 3911 2908 3952 ea
2944 3912 3068 3967 qua:
3097 3912 3196 3968 par
3218 3904 3324 3952 est.
3362 3895 3644 3969 Synodus,

2061 4010 2097 4051 ο
2129 3991 2462 4056 beatissime,
2502 3989 2647 4061 apud
2676 4004 2779 4045 nos
2815 3989 3033 4060 publica
3100 3989 3376 4045 celebrata
3425 3998 3530 4055 est,
3583 3990 3650 4045 iis

2062 4086 2251 4151 etiam,
2285 4082 2379 4156 qui
2414 4081 2731 4153 magistatus
2768 4089 2984 4153 gerunt,
3035 4097 3146 4136 una
3206 4081 3646 4146 considentibus,

2063 4186 2120 4234 et
2155 4178 2394 4248 synodus
2416 4173 2484 4231 ad
2531 4173 3049 4229 condemnationem
3089 4173 3368 4246 Evangelii
3415 4173 3646 4242 Christi,

2064 4270 2222 4341 cujus
2243 4276 2302 4324 tu
2334 4268 2517 4326 claves
2558 4266 2627 4321 ab
2659 4267 2894 4337 ipsemet
2944 4267 3201 4338 accepisti
3238 4283 3336 4338 per
3380 4266 3651 4323 interme-

384 4354 551 4427 μέχρι
584 4356 678 4412 τοῦ
714 4361 1176 4432 προηγησαμένου
1203 4364 1304 4435 τὴν
1335 4365 1643 4439 ἱερωτάτην
1670 4386 1764 4423 σου
1791 4386 1959 4445 κεφας

2068 4359 2219 4415 dium
2248 4357 2553 4429 principem
2598 4355 2971 4427 apostolorum
2999 4365 3056 4411 et
3088 4371 3438 4413 successores
3474 4371 3649 4426 usque

379 4447 505 4519 λήν.
536 4450 647 4504 Kal.
698 4452 847 4518 ὅπως
879 4453 1174 4526 ἀνάσχοιτο
1207 4458 1585 4532 ἑπακηκοέναι
1615 4463 1649 4533 ἡ
1692 4461 1965 4535 θεομίμη-

378 4557 476 4605 τος
503 4542 779 4599 ἐπιείκειά
810 4562 904 4599 σου
930 4564 945 4614 ;
981 4546 1305 4621 ’Δρξώμεθα
1324 4551 1383 4606 δὲ
1413 4552 1524 4606 ἀπὸ
1541 4552 1639 4607 τοῦ
1672 4553 1841 4624 νόμου
1868 4555 1967 4609 καὶ

379 4635 493 4689 τῶν
519 4638 840 4709 προφητῶν.
882 4639 996 4695 Καὶ
1038 4641 1193 4711 γοῦν.
1224 4645 1412 4716 φησιν,
1475 4649 1558 4701 Οὐ
1578 4648 1963 4717 μοιχεύσειςο

380 4730 454 4782 οὺ
478 4728 1093 4799 ψευδομαρτυρήσεις.
1124 4763 1195 4773 ——
1220 4736 1303 4789 Οὐ
1324 4733 1498 4804 λήψῃ
1534 4735 1602 4790 τὸ
1632 4736 1820 4806 ὄνομα
1851 4740 1967 4792 Κυ-

373 4821 516 4886 ρίου
551 4821 659 4876 τοῦ
690 4820 837 4876 Θεοῦ
864 4837 982 4877 σου
1003 4823 1101 4877 ἐπὶ
1117 4826 1370 4893 ματαίῳ.
1408 4826 1519 4882 Καὶ
1550 4826 1819 4897 Ἱερεμίας
1839 4828 1963 4898 μέν’

387 4913 621 4981 Ἄφρων
648 4912 746 4966 καί
779 4912 1009 4981 ἀσεϐὴς
1039 4917 1071 4969 ό
1103 4914 1376 4985 κατέχων
1396 4918 1741 4984 μοιχαλίδα.
1773 4918 1967 4971 Μαλα-

379 5006 506 5076 χίας
542 5004 621 5058 δὲο
677 5007 860 5074 Χείλη
916 5005 1119 5074 ἱερέως
1168 5006 1506 5076 φυλάξεται
1552 5007 1815 5077 γνῶσιν
1868 5009 1970 5064 καὶ

381 5097 575 5167 νόμον
603 5095 1049 5167 ἐκζητήσουσιν
1089 5096 1160 5153 ἐκ
1206 5100 1508 5169 στόματος
1541 5097 1732 5154 αὑτοῦ
1756 5115 1770 5130 ο
1816 5100 1969 5154 διότι

382 5190 640 5260 ἄγγελος
685 5191 907 5260 Κυρίου
939 5191 1424 5263 παντοκράτορος
1463 5191 1616 5247 ἐστι.
1677 5192 1971 5248 Μετέλθω-

388 5298 491 5353 μεν
521 5282 614 5335 ἐπὶ
640 5282 703 5336 τὸ
754 5282 1124 5352 Εὐαγγέλιον·
1170 5283 1233 5337 '0
1285 5284 1594 5350 ἀπολύων,
1640 5284 1796 5355 φησὶ,
1854 5284 1969 5351 τὴν

385 5375 641 5447 γυναῖκα
668 5376 878 5442 αὑτοῦ,
924 5376 1025 5431 καί
1055 5375 1259 5446 γαμῶν
1285 5375 1516 5446 ἑτέραν,
1546 5378 1837 5447 μοιχεύει.
1858 5378 1970 5434 Kal.

382 5469 572 5539 πάλιν,
609 5470 728 5537 Οὓς
756 5473 789 5524 d
811 5470 957 5537 Θεὸς
988 5469 1370 5537 συνέζευξεν,
1398 5470 1709 5538 ἅνθρωπος
1726 5470 1812 5540 μὴ
1853 5488 1968 5540 χω-

378 5563 599 5636 ριζέτω.
626 5564 790 5617 Ὅσον
819 5564 879 5617 δὲ
912 5564 974 5619 τὸ
1018 5564 1279 5635 διάφορον
1301 5564 1472 5635 νόμου
1506 5564 1601 5618 καὶ
1633 5566 1879 5636 χάριτος,
1909 5563 1968 5629 ἐξ

387 5657 569 5713 αὐτῶν
590 5657 698 5711 τῶν
730 5657 908 5726 λόγων
944 5656 1040 5712 τοῦ
1070 5656 1277 5730 Κυρίου
1332 5657 1614 5729 είσόμεθα,
1672 5657 1921 5727 λέγοντος
1951 5674 1962 5687 ’

2069 4449 2138 4505 ad
2176 4448 2429 4518 eumqui
2483 4446 2889 4503 sanctissimum
2923 4456 3076 4502 tuum
3117 4456 3283 4517 caput
3328 4448 3645 4503 antecessit.

2067 4538 2136 4597 Et
2168 4539 2444 4609 quomodo
2502 4539 2693 4594 audire
2747 4538 2865 4595 haec
2911 4538 3180 4594 sustineat
3230 4539 3327 4594 Dei
3388 4539 3653 4594 imitatrix

2068 4631 2297 4701 aequitas
2328 4629 2464 4685 tua?
2498 4629 2827 4700 Incipiamus
2855 4628 3002 4685 enim
3043 4645 3074 4683 a
3101 4629 3219 4698 lege
3259 4638 3313 4684 et
3346 4628 3648 4700 prophetis.

2070 4724 2138 4780 Et
2166 4723 2386 4794 quidem
2430 4722 2608 4792 inquit
2636 4740 2650 4776 :
2678 4720 2799 4777 Non
2834 4707 3169 4775 masc/laberis
3198 4737 3214 4774 :
3246 4719 3369 4774 Non
3423 4719 3652 4791 loqueris

2070 4817 2265 4888 falsum
2293 4815 2647 4870 testimonium
2668 4813 2688 4845 ³
2717 4829 2735 4867 :
2766 4811 2885 4866 Non
2927 4829 3163 4866 assumes
3201 4827 3386 4866 nomen
3439 4811 3653 4866 Domini

2071 4912 2149 4965 tui
2174 4911 2231 4965 in
2246 4924 2441 4963 vanum
2470 4906 2513 4960 ’⁵.
2556 4904 2915 4961 EtJeremias
2941 4922 2955 4957 :
2986 4903 3216 4971 Stultus,
3246 4904 3344 4969 ait,
3380 4913 3427 4957 et
3454 4903 3650 4974 impius

2070 5005 2160 5076 qui
2198 5010 2332 5056 tenet
2356 4999 2657 5055 adulteram
2677 4999 2720 5051 ⁵.
2761 4996 3056 5053 Malachias
3078 5012 3207 5053 vero
3240 5015 3254 5052 :
3286 4996 3453 5051 Labia
3478 5014 3651 5052 sacer-

2070 5096 2207 5151 dotis
2231 5095 2519 5150 custodient
2547 5091 2850 5156 scientiam,
2886 5102 2934 5146 et
2958 5090 3121 5160 legem
3161 5090 3428 5162 requirent
3458 5105 3523 5143 ea:
3561 5105 3652 5143 ore

2070 5190 2224 5263 ejus:
2256 5188 2382 5258 quia
2406 5185 2625 5257 angelus
2650 5183 2861 5238 Domini
2899 5183 3226 5237 exercituum
3270 5191 3346 5238 est
3376 5180 3419 5234 ⁸.
3449 5179 3652 5236 Trans-

2070 5297 2260 5340 eamus
2315 5281 2383 5337 ad
2411 5278 2800 5350 Evangelium:
2834 5275 3157 5345 Quicunque,
3178 5275 3372 5345 inquit,
3397 5274 3651 5328 dimiserit

2070 5392 2287 5433 uxorem
2315 5390 2489 5439 suam,
2521 5383 2569 5427 et
2593 5372 2763 5426 aliam
2793 5371 3027 5437 duxerit,
3059 5369 3347 5426 rnmrlratur
3367 5368 3410 5421 ⁷.
3442 5367 3509 5421 Ει
3536 5381 3655 5421 rur-

2069 5482 2196 5524 sus:
2220 5464 2359 5533 Quos
2379 5464 2521 5519 Deus
2542 5463 2836 5533 conjunxit,
2855 5463 3007 5516 homo
3021 5477 3123 5516 non
3137 5467 3345 5528 separet
3370 5458 3412 5512 ⁸.
3439 5456 3651 5525 Quanta

2071 5575 2203 5616 vero
2242 5558 2316 5615 sit
2343 5556 2654 5614 diﬂ‘erentia
2682 5556 2817 5627 legis
2850 5563 2907 5609 et
2931 5553 3139 5626 gratia,
3170 5567 3237 5607 ex
3271 5550 3404 5621 ipsis
3430 5549 3649 5605 Domini

2074 5651 2253 5707 verbis
2275 5648 2556 5714 discimus,
2582 5645 2672 5717 qui
2694 5647 2806 5701 ait:
2842 5644 2912 5700 Et
2933 5657 3048 5697 ecce
3073 5640 3188 5713 plus
3214 5659 3373 5712 quam
3403 5640 3653 5711 templum

460 5772 480 5811 ³
508 5772 676 5839 Exod.
714 5789 802 5837 xx,
845 5771 926 5827 l5.
1004 5771 1023 5803 ⁸
1047 5770 1175 5830 ibid.
1214 5771 1265 5826 7.
1340 5772 1361 5804 ⁵
1394 5768 1524 5838 Ιιιιο,
1553 5770 1709 5826 Prov.
1738 5786 1885 5837 XVIII,
1917 5771 2004 5825 22.
2084 5767 2102 5798 ⁸³
2133 5763 2358 5824 )lalatelt.
2387 5779 2446 5829 ll,
2471 5761 2521 5816 7.
2600 5762 2617 5794 ⁷
2650 5758 2838 5866 Ma'tth.
2864 5774 2975 5827 six,
3001 5759 3054 5815 9.
3090 5757 3257 5815 'ibid.
3293 5758 3348 5814 6.
