4044 6366
427 323 564 388 ιοει

1507 392 1510 396 ,
1617 333 1678 394 S.
1721 331 2122 394 THEODORI
2149 333 2498 396 STUDI'I‘E

3557 328 3692 396 1024

417 439 503 490 hic
531 439 573 492 ’.
609 435 815 494 Deinde
837 453 903 494 cx
930 440 1111 496 verbis
1173 440 1414 512 Apostoli
1459 442 1694 499 dicentis
1735 462 1748 500 :
1785 443 2006 498 Irritam

2118 443 2218 495 Kal
2244 443 2375 498 ιδοὺ
2407 443 2602 499 πλέον
2639 442 2747 499 τοῦ
2791 442 2954 514 lepor?
2977 436 3096 498 ὧδε
3120 459 3135 475 ο
3169 440 3312 510 εἶτα,
3364 443 3460 498 καὶ
3483 441 3552 498 tu
3580 443 3694 497 τῶν

418 529 537 600 quis
562 528 760 598 faciens
779 528 954 599 legem
982 530 1168 601 Moysi,
1191 533 1303 587 sine
1326 533 1438 587 ulla
1471 534 1833 599 miseratione,
1866 535 2002 587 duo-

417 620 511 675 bus
537 621 617 676 vel
646 621 812 676 tribus
839 625 1053 679 testibus
1075 627 1298 680 moritur
1319 643 1337 680 :
1374 636 1572 697 quanto
1603 628 1770 696 magis
1801 627 2004 696 putatis

418 714 683 769 deteriora
731 718 923 770 mereri
966 720 1248 788 supplicia,
1285 722 1374 789 qui
1410 720 1456 774 F
1461 722 1612 776 ilium
1649 720 1745 775 Dei
1791 719 2004 775 concul-

419 807 574 871 carit,
605 815 654 861 et
698 809 1010 879 sanguinem
1052 812 1354 865 testamenti
1386 812 1650 881 pollutum
1680 813 1914 881 duxerit,
1951 822 2002 872 et

418 897 637 966 spiritus
663 901 855 972 gratia:
893 901 1263 956 contumeliam
1292 904 1473 972 fecerit
1500 904 1586 958 ‘°?

491 1163 620 1218 Haec
649 1162 812 1234 igitur
835 1177 960 1217 cum
1010 1162 1084 1218 ita
1127 1179 1186 1218 se
1216 1164 1454 1220 habeant
1483 1183 1498 1232 ;
1532 1167 1620 1222 isti
1654 1168 1864 1225 nefaria
1899 1171 2005 1228 lin-

420 1269 524 1326 gua
561 1253 793 1308 Domino
821 1253 1174 1321 reluctantes,
1197 1256 1332 1328 legis
1356 1265 1518 1327 atque
1558 1259 2007 1332 Evangeliisolu-

421 1345 650 1412 tionem,
691 1345 746 1401 id
767 1355 872 1414 est,
894 1347 1058 1417 hujus
1087 1363 1264 1418 nuper
1294 1350 1632 1419 imperatoris
1656 1353 2004 1420 adulterium,

419 1441 537 1511 qui,
563 1439 803 1512 legitima
834 1441 1032 1510 ejecta,
1066 1443 1340 1497 moecham
1373 1443 1624 1500 induxit:
1662 1455 1717 1501 et
1757 1447 1860 1504 hac
1891 1448 2008 1518 ipsa

419 1533 684 1601 majorem
747 1543 802 1588 et
858 1536 1160 1606 graviorem
1208 1536 1576 1606 iniquitatem,
1634 1541 2008 1598 adulterorum

419 1621 632 1677 scilicet
679 1624 1173 1695 coniunctionem:
1229 1637 1452 1696 propter
1498 1629 1695 1684 falsum
1758 1632 2008 1688 testimo-

420 1711 572 1766 nium
603 1715 750 1783 quod
777 1716 1044 1772 adversus
1074 1717 1242 1773 Deum
1280 1719 1443 1774 locuti
1471 1729 1618 1788 sunt,
1651 1722 1770 1791 ejus
1807 1738 2010 1780 nomen

421 1804 478 1858 in
505 1805 691 1862 illicita
721 1808 940 1864 actione
965 1808 1111 1864 inter
1161 1825 1312 1866 sacra
1341 1813 1603 1883 mysteria
1651 1825 2005 1886 usurpantes,
2042 1803 2083 1858 Β

419 1895 784 1971 victricesque
815 1899 883 1954 de
915 1899 1136 1955 Christo
1166 1916 1396 1958 coronas
1417 1904 1682 1961 adulteris
1717 1906 2008 1978 imponen-

420 1995 506 2042 tes
551 1987 606 2042 in
653 1988 768 2058 ipsa
827 1991 1141 2046 divinorum
1207 2009 1501 2051 munerum
1561 1998 2005 2070 participatione,

421 2077 620 2146 quibus
658 2081 878 2151 quidem
923 2083 1093 2138 veluti
1129 2087 1512 2142 communibus
1540 2099 1592 2144 et
1622 2090 1844 2160 pollutis
1877 2107 2011 2148 con-

421 2170 704 2226 tumeliam
739 2172 870 2228 fecit
911 2174 1146 2230 adulteri
1187 2178 1492 2247 copulatur,
1526 2183 1775 2252 angelum
1806 2197 1866 2239 se
1897 2199 2008 2240 non

425 2259 518 2316 Dei
571 2265 984 2336 omnipotentis,
1036 2270 1135 2325 sed
1185 2271 1450 2342 principis
1522 2277 1712 2330 mundi
1768 2276 2007 2346 Satanae,

422 2353 600 2424 reipsa
652 2357 974 2426 declarans;
1023 2376 1325 2434 omnesque
1372 2381 1500 2431 una,
1530 2369 1620 2437 qui
1655 2370 1782 2426 huic
1827 2381 2012 2428 trans-

423 2446 683 2514 gressioni
706 2451 1072 2518 cooperando,
1107 2469 1338 2524 eamque
1383 2459 1758 2528 approbando,
1797 2473 2007 2532 partem

424 2548 578 2589 suam
608 2551 733 2592 cum
766 2540 1035 2607 adultero,
1066 2552 1124 2598 et
1147 2545 1382 2602 adulteri
1422 2551 1760 2622 c0pulatore,
1807 2571 2009 2626 posue-

424 2637 553 2682 runt
581 2646 596 2694 ;
636 2631 930 2688 salutarem
955 2635 1052 2690 Dei
1085 2635 1338 2694 Ecclesia:
1367 2641 1833 2713 dispensationem
1854 2652 2010 2721 apel-

425 2719 646 2791 larunt;
679 2725 820 2780 adeo
844 2726 1055 2782 ﬁrmam
1081 2730 1230 2785 illam
1266 2742 1321 2787 et
1343 2735 1488 2804 apud
1523 2736 1692 2794 Deum
1722 2719 1920 2810 ratam,
1948 2754 2009 2802 ut

424 2831 522 2871 eos
540 2819 632 2887 qui
664 2819 797 2889 ipsis
824 2837 935 2876 non
984 2835 1294 2891 cesserunt,
1351 2842 1531 2900 neque
1583 2846 2005 2904 consenserunt,

427 2908 686 2977 synodice
714 2913 1250 2980 anathematizarint,
1270 2919 1474 2976 additis
1511 2924 1827 2980 carceribus
1853 2927 2010 2984 aliis-

424 3012 535 3068 que
589 3002 900 3071 suppliciis,
947 3015 1240 3074 propterea
1279 3010 1423 3079 quod
1459 3010 1618 3068 fateri
1649 3014 1828 3072 nolint
1879 3033 2012 3074 san-

2106 533 2200 588 τοῦ
2225 533 2558 590 Ἀποστόλου
2609 535 2826 604 φωνῶν,
2862 533 3201 606 φάσκοντος·
3245 534 3568 602 Ἀθετήσας
3600 552 3693 600 τις

2106 623 2295 693 νόμον
2323 626 2599 693 Μωσέως,
2623 625 2802 695 χωρὶς
2816 627 3155 695 οἰκτιρμῶν,
3175 626 3272 678 ἐπὶ
3295 625 3441 680 δυσὶ
3461 625 3499 693 ἢ
3530 626 3690 694 τρισί

2101 715 2406 786 μάρτυσιν
2459 718 2863 786 ἀποθνήσκει·
2911 720 3086 784 πόσῳ
3134 717 3364 772 δοκεῖτε
3418 718 3694 787 χείρονος

2106 807 2499 875 ἀξιωθήσεται
2527 811 2825 879 τιμωρίας,
2841 813 2874 865 ὁ
2893 810 3002 865 τὸν
3028 810 3165 865 Υιὸν
3194 809 3304 864 τοῦ
3334 809 3484 865 Θεοῦ
3507 825 3690 864 κατα-

2106 898 2383 968 πατήσας
2413 941 2429 967 ,
2488 902 2589 956 καὶ
2644 902 2712 956 τὸ
2780 897 2926 973 αἷμα
2984 901 3097 972 τῆς
3147 901 3441 971 διαθήκης
3489 901 3697 957 κοινὸν

2107 991 2512 1062 ἡγησάμενος,
2552 996 2652 1050 καί
2679 994 2795 1064 τὴν
2831 993 3011 1066 χάριν
3058 995 3167 1050 τοῦ
3207 996 3554 1066 Πνεύματος
3596 995 3695 1050 ἐν·

2108 1085 2361 1152 υϐρίσας
2382 1103 2402 1150 ,-

2179 1176 2398 1234 Τούτων
2424 1178 2608 1234 τοίνυν
2639 1177 2816 1243 οὕτως
2847 1178 3083 1250 ἑχόντων
3107 1194 3122 1211 ·
3159 1181 3211 1234 oi
3266 1180 3410 1251 μετά
3436 1180 3696 1253 γλώσσης

2109 1266 2351 1340 ἀθέσμου
2379 1269 2449 1324 τά
2483 1270 2619 1342 πρὸς
2637 1270 2844 1344 Κύριον
2875 1270 3252 1340 ἀπειθοῦντες,
3282 1272 3384 1344 τὴν
3413 1273 3567 1326 λύσιν
3597 1271 3696 1327 τοῦ

2107 1376 2168 1414 τε
2201 1360 2368 1432 νόμου
2388 1361 2595 1416 καὶτοῦ
2621 1361 2982 1430 Εύαγγελίου,
3008 1361 3176 1432 ἤγουν
3199 1362 3299 1431 τὴν
3328 1362 3574 1433 μοιχείαν
3597 1359 3694 1415 τοῦ

2110 1451 2241 1521 πρὶν
2295 1453 2693 1524 κρατήσαντος,
2720 1452 2814 1506 ἐπὶ
2847 1454 2916 1523 τῇ
2945 1451 3147 1522 ἐκϐολῇ
3179 1450 3282 1521 τῆς
3314 1451 3574 1524 νομίμου,
3600 1451 3694 1505 καὶ

2109 1543 2394 1596 είσοικίσει
2429 1545 2530 1614 τῆς
2560 1541 2901 1614 μοιχαλίδος⁸
2934 1541 3031 1596 καὶ
3063 1542 3166 1614 τὴν
3209 1541 3419 1611 ταύτης
3472 1541 3694 1612 μείζονα

2109 1633 2208 1686 καὶ
2236 1632 2626 1705 χαλεπωτέραν
2677 1633 3046 1705 παρανομίαν,
3082 1633 3204 1703 ἦτοι
3256 1633 3358 1702 τὴν
3413 1632 3697 1703 μοιχοζευ-

2114 1724 2232 1790 ξίαν
2253 1743 2267 1758 ·
2303 1726 2396 1780 διὰ
2423 1725 2484 1778 τὸ
2533 1725 3063 1796 ψευδομαρτυρῆσαι
3119 1723 3260 1778 κατά
3292 1723 3454 1788 Θεοῦ,
3508 1725 3602 1776 καὶ
3633 1723 3699 1777 τδ

2111 1818 2306 1870 τούτου
2357 1816 2529 1885 ὄνομα
2577 1815 2764 1870 λαϐεῖν
2795 1817 2887 1870 ἐπὶ
2916 1818 2984 1886 τῇ
3033 1813 3282 1886 ἀθεμίτῳ
3327 1814 3525 1885 πράξει
3556 1814 3700 1868 κατά

2109 1911 2210 1982 τὴν
2252 1911 2662 1982 μυσταγωγίαν.
2688 1911 2800 1965 Καὶ
2837 1911 2947 1981 μὴν
2976 1911 3070 1964 καὶ
3094 1908 3281 1964 δοῦναι
3307 1909 3422 1971 τοῖς
3447 1923 3699 1978 μοιχευοο

2113 2003 2294 2074 μένοις
2317 2005 2635 2076 νικητικοὺς
2658 2003 2802 2057 κατὰ
2833 2001 3075 2074 Χριστοῦ
3100 2003 3226 2065 τοὺς
3259 2001 3582 2070 στεφάνους,
3603 2001 3699 2053 ἔπι

2114 2093 2328 2165 μεθέξει
2344 2095 2454 2148 τῶν
2478 2094 2637 2148 θείων
2663 2092 3003 2164 δώρων,τῶν
3024 2092 3109 2156 ’ὡς
3142 2093 3338 2147 κοινῶν
3357 2089 3696 2165 ὲνυϐρισθέν-

2109 2205 2217 2241 των
2247 2188 2400 2260 παρά
2440 2191 2539 2241 τοῦ
2567 2186 2984 2258 μοιχοζεύκτου,
3017 2187 3116 2240 καὶ
3170 2187 3430 2256 ἀγγέλου,
3491 2187 3552 2240 ού
3600 2183 3698 2238 τοῦ

2110 2279 2554 2352 παντοκράτορος
2596 2278 2757 2344 Θεοῦ,
2793 2277 2934 2334 ἀλλά
2961 2277 3056 2332 τοῦ
3090 2279 3542 2350 κοσμοκράτορας
3586 2278 3695 2332 Σα-

2109 2373 2266 2439 τανᾶ,
2303 2371 2673 2441 ἀποφανέντος
2693 2370 2838 2426 κατά
2865 2371 2928 2424 τὸ
2944 2369 3172 2441 ἀληθέςο
3207 2369 3288 2424 ἔτι
3317 2371 3426 2442 μὴν
3453 2371 3544 2424 καὶ
3569 2370 3701 2424 πάν-

2110 2479 2218 2517 των
2249 2461 2360 2517 τῶν
2389 2462 2480 2518 διὰ
2536 2463 2850 2536 συνδρομῆς
2880 2463 2975 2516 καὶ
3025 2461 3298 2527 εὐδοκίας,
3356 2463 3414 2516 ὲν
3445 2462 3574 2532 τῇδε
3627 2463 3696 2533 τῇ

2112 2555 2428 2628 παραϐάσει
2465 2554 2568 2626 τὴν
2618 2555 2816 2626 μερίδα
2875 2552 3122 2626 θεμένων
3167 2553 3310 2624 μετά
3365 2551 3559 2623 μοιχοῦ
3603 2553 3700 2606 καὶ
3774 2631 3784 2638 ο

2113 2647 2544 2720 μοιχοζεύκτου⁹
2576 2645 2896 2718 οίκονομίαν
2953 2647 3224 2716 σωτήριον
3275 2647 3340 2715 τῇ
3396 2643 3701 2716 Ἐκκλησία

2109 2737 2206 2792 τοῦ
2236 2737 2374 2792 Θεοῦ
2402 2736 2887 2809 προσηγορεύκασι
2905 2752 2922 2769 ⁸
2946 2735 3202 2790 τοσοῦτον
3226 2734 3433 2807 ὀχυρὰν
3467 2733 3560 2788 καὶ
3590 2732 3703 2786 Oeo-

2109 2827 2360 2899 κύρωτον
2386 2827 2766 2900 ὑπάρχουσαν,
2803 2827 2881 2892 ὡς
2907 2829 3036 2892 τοὺς
3069 2827 3145 2897 μὴ
3167 2825 3422 2890 εἴξαντας
3445 2825 3540 2878 καὶ
3571 2839 3697 2877 συν-

2111 2919 2376 2989 θεμένους
2419 2919 2624 2984 αὐτοῖς,
2673 2917 2980 2988 ἀναθέματι
3033 2915 3332 2979 συνοδικῶς
3382 2913 3695 2975 ὑποϐαλεῖν,

2115 3009 2256 3082 μετά
2277 3008 2558 3080 φυλακῶν,
2585 3009 2680 3064 καὶ
2711 3009 2921 3080 ἑτέρων
2945 3007 3314 3079 παθημάτων,
3343 3005 3420 3069 ὡς
3447 3005 3522 3075 μὴ
3553 3004 3702 3072 δεξαο

427 3098 576 3146 etum
594 3107 736 3164 opus
757 3095 946 3163 fuisse,
969 3099 1280 3158 istiusmodi
1307 3103 1772 3174 dispensationem
1801 3128 1816 3165 :
1848 3111 2007 3179 Audi,

2118 3102 2314 3174 μένους
2341 3102 2547 3172 ταύτην
2595 3101 2698 3170 τὴν
2741 3101 3058 3173 οίκονομίαν
3109 3100 3487 3197 ἀγιόπρακτον
3537 3095 3696 3197 εῖναι.

427 3185 639 3253 caelum,
657 3188 732 3244 ait
757 3189 948 3259 Isaias,
977 3202 1028 3247 et
1056 3195 1277 3251 auribus
1295 3199 1522 3268 percipe,
1559 3209 1724 3268 terra,
1753 3207 2005 3275 quoniam

426 3275 688 3335 Dominus
715 3282 916 3339 locutus
945 3296 1019 3340 est
1053 3287 1118 3342 “.
1147 3287 1258 3344 Nos
1288 3304 1418 3345 vero
1473 3292 1712 3350 humiles
1760 3311 1909 3354 nunc
1940 3300 2007 3353 ad

430 3380 524 3426 te:
555 3372 717 3440 Audi,
768 3391 1025 3446 magnum
1079 3380 1170 3436 Dei
1223 3391 1408 3452 caput,
1438 3393 1493 3440 et
1534 3388 1760 3444 auribus
1786 3391 2008 3462 percipe

427 3477 549 3533 qua!
576 3465 807 3521 Satanas
829 3468 1049 3526 molitus
1080 3478 1185 3526 est.
1217 3470 1273 3526 Si
1303 3473 1448 3529 enim
1489 3491 1553 3531 ex
1591 3475 1688 3532 Dei
1727 3480 2009 3537 voluntate

431 3561 488 3610 et
513 3565 651 3611 nutu
679 3567 857 3614 ctetus
908 3561 1017 3625 ille,
1059 3569 1116 3616 et
1163 3565 1533 3622 anathematis
1583 3572 2006 3638 pronuntiatio:

435 3647 526 3701 Dei
562 3649 806 3718 profecto
834 3651 920 3706 lex
967 3670 1078 3708 non
1108 3665 1212 3719 est,
1249 3672 1353 3712 nec
1395 3660 1698 3729 prophetae,
1731 3678 1856 3717 cum
1885 3666 2012 3735 qui-

431 3737 537 3792 hus
562 3748 618 3794 et
641 3738 974 3805 Praecnrsor,
1001 3746 1095 3814 qui
1119 3745 1428 3802 adulterum
1469 3751 1828 3820 reprehendit
1859 3771 1876 3821 ;
1906 3771 2010 3811 nec

432 3827 810 3902 Evangelium.
843 3845 1029 3890 contra
1059 3838 1202 3906 quod
1234 3839 1322 3894 isti
1359 3855 1514 3896 suam
1545 3843 1691 3900 illam
1723 3855 2011 3918 tant0pere

431 3924 740 3980 adamatam
765 3925 1220 3996 diSpensationem
1247 3930 1516 3989 fecerunt.
1539 3933 1674 3990 Nam
1701 3937 1744 3992 si
1765 3933 2010 4008 ejusdem

432 4031 554 4072 csse
592 4018 786 4085 aiunt;
815 4021 1041 4076 alterum
1077 4022 1308 4078 duorum
1339 4040 1563 4083 necesse
1590 4039 1710 4084 cst:
1747 4040 2014 4087 autmen-

429 4107 622 4162 dacem
651 4106 929 4164 Christum
959 4119 1224 4177 statuent,
1255 4115 1347 4184 qui
1385 4116 1513 4170 olim
1543 4119 1763 4188 quidem
1798 4121 1851 4174 in
1875 4138 2016 4192 pro--

431 4199 614 4268 phetis
641 4199 857 4257 locutus
883 4212 988 4270 est,
1011 4214 1068 4259 et
1099 4205 1274 4278 legem
1309 4207 1478 4275 dedit,
1521 4225 1669 4266 nunc
1696 4221 1882 4268 autem
1914 4230 2016 4286 per

432 4291 674 4361 seipsnin
715 4293 770 4346 in
810 4293 1144 4366 Evangelia:
1191 4307 1287 4353 aut
1340 4316 1614 4369 veracem,
1644 4304 1721 4358 uti
1756 4313 1906 4361 certe
1930 4316 2016 4362 est

432 4379 550 4450 ipsa
592 4382 840 4438 veritas:
872 4385 1018 4454 ipsos
1046 4402 1180 4442 vero
1231 4391 1475 4457 mentiri,
1523 4402 1577 4447 et
1630 4393 1725 4448 Dei
1761 4396 2018 4451 crimina-

2117 3195 2348 3260 Ἄκουε,
2374 3192 2614 3263 οὐρανέ,
2631 3193 2800 3264 φησιν
2829 3193 3078 3258 Ἡσαΐας,
3102 3190 3200 3245 καί
3219 3188 3517 3257 ἐγωτιζου,
3534 3189 3574 3258 ὴ
3600 3189 3698 3261 τῆ,

2115 3283 2206 3338 ὅτι
2236 3284 2452 3352 Κύριος
2479 3282 2811 3352 ἐλάλησεν.
2839 3280 3116 3353 Ἦμεῖςλδὲ
3141 3281 3192 3335 oi
3219 3279 3459 3343 εὐτελεῖς
3481 3280 3617 3350 πρὸς
3641 3279 3704 3333 σὲ

2114 3375 2300 3431 τανῦν·
2323 3377 2546 3443 Ἀκουε,
2573 3378 2608 3447 ὴ
2643 3375 2854 3448 μεγάλη
2893 3373 2988 3428 τοῦ
3019 3372 3156 3428 Θεοῦ
3184 3372 3420 3444 κεφαλὴ,
3450 3371 3547 3425 καὶ
3577 3372 3706 3424 tvm-

2113 3469 2268 3532 τίζου
2308 3467 2346 3523 ἀ
2377 3469 2406 3521 ό
2439 3468 2688 3531 Σατανᾶς
2743 3461 3144 3537 ἀπειργάσατο.
3207 3464 3272 3519 Εί
3331 3463 3516 3517 τοίνυν
3558 3463 3720 3516 κατὰ

2115 3560 2255 3615 Θεοῦ
2281 3559 2538 3633 βούλησιν
2566 3559 2662 3614 καὶ
2688 3557 2961 3628 ἀποδοχὴν
2991 3561 3026 3630 ἡ
3061 3557 3415 3628 συνάθροισις
3468 3554 3631 3623 αὕτη,
3665 3555 3703 3624 ἠ

2115 3672 2177 3709 τε
2209 3652 2683 3724 ἀναθεματιστικὴ
2716 3653 3032 3722 ἀπόφασις·
3084 3650 3147 3704 οὐ
3174 3650 3314 3704 Θεοῦ
3364 3650 3393 3702 6
3421 3649 3586 3719 νόμος
3614 3647 3709 3719 δη-

2117 3747 2328 3801 λονότιο
2375 3746 2429 3800 οῖ
2467 3762 2532 3799 τε
2571 3747 2875 3817 προφῆται,
2924 3743 3042 3814 μεθ’
3090 3735 3165 3797 ὧν
3199 3745 3229 3796 ὀ
3262 3741 3581 3812 Πρόδρομος
3628 3739 3708 3802 ὡς

2123 3835 2547 3907 μοιχοελέγκτης
2566 3850 2582 3866 ο
2617 3828 2736 3886 εἶτα
2761 3834 2858 3887 καὶ
2888 3833 2952 3886 τὸ
2976 3831 3336 3900 Εὐαγγέλιον,
3363 3829 3496 3901 παρ’
3517 3829 3546 3882 ὃ
3570 3830 3711 3882 hee!-

2120 3929 2381 4002 νοιφίλην
2413 3928 2512 4000 τὴν
2560 3925 2876 3998 οἰκονομίαν
2911 3925 3092 3980 αὐτῶν
3121 3924 3470 3992 πεποίηνται.
3501 3923 3564 3976 El
3595 3921 3709 3992 γάρ

2122 4023 2281 4090 φαῖεν
2312 4019 2408 4074 τοῦ
2445 4018 2612 4072 αὑτοῦ
2632 4036 2648 4051 ·
2680 4018 2828 4073 δυοῖν
2858 4016 3088 4088 θάτερον
3107 4031 3123 4048 ο
3169 4016 3204 4086 ἢ
3238 4014 3585 4086 ψευδηγόρον
3611 4013 3709 4066 τὸν

2121 4111 2377 4182 Χριστὸν,
2409 4109 2581 4164 πάλαι
2615 4108 2717 4180 μὲν
2754 4110 2816 4162 ὲν
2844 4110 2960 4172 τοῖς
3009 4109 3322 4179 προφήταις
3370 4105 3706 4178 λαλήσαντα,

2123 4203 2220 4256 καὶ
2247 4201 2714 4273 νομοθετήσαντα,
2767 4198 2866 4254 νῦν
2883 4199 2944 4254 δὲ
2993 4198 3062 4252 δι’
3092 4197 3289 4252 ἑαυτοῦ
3316 4199 3375 4252 ὲν
3409 4198 3490 4268 τῷ
3531 4196 3711 4264 Εὐαγο

2124 4293 2311 4364 γελίῳ,
2372 4290 2814 4363 ἀποφανοῦνταιο
2854 4292 2888 4363 ἢ
2923 4290 3278 4362 ἀληθεύοντα,
3314 4289 3508 4360 ὥσπερ
3559 4287 3710 4340 ἐστὶν

2125 4385 2290 4448 αὐτὸς
2329 4386 2366 4456 ὴ
2400 4383 2660 4455 ἀλήθειαν
2707 4383 2910 4447 αὐτοὺς
2945 4382 3276 4453 ψεύδεσθαι,
3331 4381 3428 4435 καὶ
3486 4380 3711 4434 θεοκατ-

435 4479 581 4528 tores
597 4486 1016 4545 consequenter,
1037 4479 1251 4536 ostendi
1273 4498 1286 4534 :
1308 4492 1470 4552 atque
1489 4483 1612 4538 ideo
1631 4500 1731 4540 ana
1741 4486 2013 4554 meinatis,

2123 4479 2364 4549 ηγόρους
2388 4475 2842 4548 ὲναποδειχθῆναι
2869 4475 3176 4546 ἀραρότως·
3206 4472 3307 4528 καὶ
3329 4473 3419 4527 διὰ
3443 4469 3714 4526 τοῦτοτοῦ

431 4565 580 4636 quod
608 4576 797 4622 contra
823 4566 1100 4624 Christum
1147 4581 1474 4643 sanctosque
1503 4576 1622 4645 ejus
1648 4579 2016 4646 protulerunt,

433 4673 558 4714 reos
576 4673 718 4726 esse,
743 4669 804 4714 ut
829 4661 924 4732 qui
956 4662 1311 4727 adulterium,
1334 4665 1819 4738 adulterorumque
1850 4685 2018 4740 copu-

436 4751 716 4817 Iationem,
768 4762 824 4808 et
849 4753 1224 4810 adulterorum
1253 4758 1696 4814 communionem
1734 4775 1859 4816 esse
1888 4776 2020 4818 con-

435 4847 674 4904 ﬁrment.

504 4940 617 4994 Nec
643 4941 802 4996 aliter
835 4957 895 4997 se
941 4957 1029 4999 res
1070 4943 1234 4998 habet
1271 4964 1284 5000 :
1323 4944 1441 5000 Non
1493 4947 1632 5001 enim
1675 4958 1751 5002 est
1787 4951 2022 5020 acceptio

435 5048 782 5102 personarum
810 5036 953 5104 apud
979 5035 1148 5091 Deum
1167 5039 1236 5104 ι’,
1269 5038 1412 5094 sicut
1434 5038 1679 5096 indicant
1705 5039 2018 5111 Mmchiani,

436 5127 528 5196 qui
562 5127 682 5195 ejus
714 5127 861 5198 leges
882 5129 1137 5186 omnibus
1163 5145 1230 5186 ex
1259 5148 1418 5203 aequo
1445 5133 1651 5204 positas
1678 5147 1900 5207 negant,
1925 5138 2022 5194 sed

438 5221 490 5273 in
527 5219 746 5290 regibus
777 5236 994 5277 cessare
1023 5237 1116 5279 eas
1152 5226 1664 5283 comminiscuntur.
1701 5226 1764 5284 Et
1801 5229 2020 5286 ubinam

436 5323 519 5368 est
554 5330 739 5385 regum
777 5315 1171 5386 Evangelium?
1200 5317 1308 5373 Sed
1331 5319 1498 5390 impie
1530 5319 1606 5374 illi
1641 5337 1868 5391 prorsus
1893 5337 2022 5395 ege-

438 5414 590 5471 runt,
617 5420 725 5471 non
750 5404 1118 5477 intelligentcs
1145 5407 1291 5477 quod
1323 5405 1463 5462 Deus
1479 5407 1714 5484 hominis
1743 5425 2022 5478 personam

440 5512 544 5550 non
573 5498 764 5569 accipit
787 5497 852 5564 ⁸³,
881 5497 1342 5569 quemadmodum
1377 5507 1606 5556 testatur
1629 5509 1852 5556 sanctus
1877 5500 2026 5572 Apo-

441 5589 649 5659 stultis;
695 5606 875 5665 neque
915 5590 1059 5664 quod
1108 5589 1252 5648 idem
1301 5607 1402 5664 per
1449 5607 1621 5648 unum
1666 5606 1698 5649 e
1733 5592 2024 5665 proubetis

521 5795 543 5827 ’
574 5795 766 5858 Matth.
793 5815 886 5864 im,
919 5801 971 5853 6.
1053 5800 1094 5832 ³ο
1128 5797 1289 5858 llcbr.
1319 5817 1374 5874 δ,
1410 5799 1499 5856 9.8.
1583 5799 1621 5834 “
1651 5798 1753 5856 lsa.
1791 5815 1828 5874 _1,
1853 5799 1907 5854 εἲ.

2127 4570 2492 4640 ἀναθέματος,
2518 4564 2579 4626 οὗ
2601 4569 2746 4625 κατά
2770 4567 3011 4642 Χριστοῦ
3035 4567 3132 4622 καὶ
3161 4565 3272 4619 τῶν
3321 4563 3496 4634 ἁγίων
3542 4561 3711 4616 αὐτοῦ

2129 4665 2480 4735 ἀπεφήνατο,
2536 4661 2676 4719 εἶναι
2715 4662 3078 4729 ὑπευθύνους,
3107 4657 3584 4732 βεϐαιωσαμένους
3609 4657 3716 4727 τὴν

2130 4756 2398 4827 μοιχείαν,
2450 4756 2546 4810 καὶ
2593 4755 3014 4828 μοιχοζευξίαν,
3053 4753 3150 4808 καὶ
3201 4748 3710 4825 μοιχοσυνδρομίαν,

2125 4848 2444 4919 οἰκονομίαν
2463 4849 2598 4902 Θεοῦ
2629 4850 2728 4904 καὶ
2757 4847 2952 4917 ἁγίων.

2199 4944 2310 4998 Καὶ
2330 4942 2561 5007 ἀλλοίως
2582 4943 2686 4996 οὐκ
2712 4941 2882 4994 ἔστιν.
2943 4939 3027 4994 οὐ
3073 4936 3186 5008 γὰρ
3229 4931 3716 5004 προσωποληψία

2128 5041 2289 5110 παρὰ
2316 5037 2398 5105 τῷ
2428 5035 2548 5104 Θεῷ
2571 5052 2586 5068 ο
2618 5036 2695 5099 ὡς
2716 5031 3165 5089 ὑποδεικνύουσιν
3193 5029 3244 5083 oi
3273 5026 3611 5096 Μοιχειανοὶ,
3637 5022 3714 5094 μί’

2128 5132 2325 5204 ἐπίσης
2355 5129 2482 5193 τοὺς
2510 5127 2710 5200 νόμους
2760 5123 2928 5180 αὑτοῦ
2963 5121 3174 5177 κεῖσθαι
3225 5119 3318 5173 ἐπὶ
3347 5119 3536 5181 πᾶσιν,
3595 5115 3697 5170 άλλ

2127 5226 2222 5280 ἐπὶ
2249 5224 2359 5279 τῶν
2391 5222 2680 5296 βασιλέων,
2737 5220 2815 5284 ὥς
2845 5233 3033 5290 φησιν,
3069 5213 3380 5285 ὑποχωρεῖν
3407 5211 3502 5265 καὶ
3537 5225 3718 5263 καινο-

2126 5316 2438 5388 τομεῖσθαι.
2478 5313 2593 5370 Καὶ
2640 5311 2746 5367 ποῦ
2773 5312 2837 5365 τδ
2878 5310 2990 5364 τῶν
3022 5305 3289 5380 βασιλέων
3339 5301 3715 5371 Εὑαγγέλιονς

2127 5407 2270 5462 Ἀλλ’
2295 5407 2464 5470 ὅντως
2495 5403 2806 5477 ἠσεϐήκασι
2835 5400 2978 5469 λίαν,
3017 5400 3092 5472 μὴ
3127 5396 3428 5461 συνιέντες,
3457 5394 3541 5448 ὅτι
3567 5391 3719 5457 Θεὸς

2127 5502 2456 5572 πρόσωπον
2512 5495 2831 5568 ἀνθρώπου
2883 5496 2956 5551 οὐ
3003 5490 3314 5588 λαμϐάνει,
3341 5486 3520 5588 Διιιιιθά
3547 5485 3721 5588 [qm-6

2129 5594 2274 5667 ίερδς
2313 5591 2682 5656 Ἀπόστολοςο
2743 5586 2871 5660 μηδ’
2923 5587 3010 5642 ὅτι
3057 5587 3088 5640 ὁ
3133 5583 3298 5650 αὐτὸς
3338 5581 3408 5637 δι’
3435 5579 3556 5644 ἑνὸς
3605 5579 3720 5632 τῶν

2019 5799 2060 5830 ¹¹
2102 5797 2262 5855 Rom.
2299 5811 2358 5862 ιι,
2405 5798 2490 5854 ιι.
2571 5797 2613 5830 ¹⁸
2653 5794 2834 5854 Galat.
2869 5807 2930 5856 ιι,
2973 5787 3024 5845 6.
