4044 6366
348 365 490 435 1335
1566 376 1937 442 EPISTOLAQ

2037 379 2105 441 'M
2135 380 2283 444 LIB.
2326 380 2377 441 l.
3470 374 3609 443 1026

336 480 661 555 προφητῶν,
713 483 1016 551 ταλανίζων
1055 488 1278 557 αὐτοὺς,
1323 489 1510 561 λέγει’
1583 496 1771 565 Ὑμεῖς
1803 502 1916 553 οὐκ

2043 514 2169 569 psos
2208 500 2500 575 increpans
2528 498 2605 554 ait
2661 515 2676 554 :
2717 496 2811 553 Vos
2842 511 2945 550 non
2990 495 3235 550 servastis
3261 492 3377 551 vias
3422 513 3567 552 meas
3590 536 3608 564 ,

337 575 682 646 ἐφυλάξατε
707 579 815 645 τὰς
825 578 1000 646 ὁδούς
1015 598 1157 651 μου,
1181 583 1319 661 ἀλλ’
1338 583 1702 656 ἐλαμϐάνετε
1726 591 1919 658 πρόσ-

339 682 472 722 ωπα
503 668 576 722 ἐν
602 670 787 739 νόμῳ.
832 672 980 741 Οὐχὶ
1006 672 1151 739 Θεὸς
1171 669 1260 741 εἷς
1283 675 1529 731 ἔκτισεν
1546 677 1739 748 unde;
1769 680 1918 750 Οὐχὶ

338 763 546 833 Πατὴρ
564 758 654 832 εἷς
676 766 923 821 πάντων
948 767 1150 837 optim;
1202 772 1409 841 Γράφει
1432 773 1490 828 δὲ
1534 775 1630 829 καὶ
1663 775 1918 847 Σολομὼν

338 851 465 905 τάδε
486 868 501 882 ⁸
546 853 877 909 ’Δκούσατε
903 850 1038 921 οὖν,
1066 856 1375 924 βασιλεῖς,
1393 862 1492 915 καὶ
1534 863 1772 918 σύνετε.
1806 864 1919 920 Καὶ

343 940 463 1009 μεθ’
488 940 656 1011 ἔτερα
673 959 688 974 ·
713 944 841 996 Ὅτι
860 944 1150 1013 ὑπηρέται
1171 946 1343 1015 ὄντες
1362 948 1473 1018 τῆς
1495 951 1605 1006 τοῦ
1636 952 1920 1021 Ὑψίστου

334 1032 680 1101 βασιλείας,
712 1036 825 1090 οὐκ
848 1036 1123 1105 ἐκρίνατε
1150 1040 1336 1107 ὀρθῶς
1357 1082 1371 1107 ,
1411 1042 1555 1096 οὐδὲ
1581 1042 1923 1112 ἐφυλάξατε

342 1123 552 1193 νόμον,
584 1125 737 1179 ,οὐδὲ
755 1128 907 1181 κατὰ
922 1127 1038 1196 τὴν
1068 1130 1318 1199 ,βουλὴν
1352 1132 1461 1186 τοῦ
1487 1134 1638 1189 Θεοῦ
1678 1135 1924 1203 ἐπορεύ-

345 1217 506 1283 θητε.
531 1215 794 1285 Φρικτῶς
818 1218 917 1272 καὶ
946 1220 1175 1289 ταχέως
1201 1222 1593 1288 ἐπιστήσεται
1621 1223 1786 1293 ὑμῖν,
1831 1224 1925 1278 ὅτι

346 1309 546 1376 κρίσις
567 1309 868 1380 ἀπότομος
898 1312 968 1365 ἐν
1002 1312 1127 1378 τοῖς
1168 1314 1534 1383 ὑπερέχουσι
1564 1316 1808 1385 γίνεται.
1840 1317 1924 1371 Οὐ

345 1400 460 1468 γὰρ
476 1400 899 1456 ύποστελεῖται
920 1404 1248 1472 πρόσωπον
1267 1408 1301 1459 ό
1324 1405 1568 1459 πάντων
1588 1407 1923 1473 Δεσπότης.

348 1490 520 1544 Πάλιν
565 1492 622 1546 δὲ
651 1492 733 1546 ὃτι
767 1494 862 1547 xa’t
894 1494 1013 1548 όλον
1044 1496 1105 1548 τὸ
1135 1497 1472 1565 Εὑαγγέλιον
1507 1497 1598 1553 διὰ
1633 1498 1745 1551 τῶν
1783 1498 1926 1568 φθα-

350 1583 562 1637 σάντων
589 1585 951 1657 παρανομιῶν
985 1587 1323 1659 ὴθετήκασιν
1348 1629 1363 1656 ,
1396 1584 1442 1642 ὦ
1484 1589 1607 1660 ἱερὰ
1655 1591 1752 1644 καὶ
1808 1589 1928 1643 θεία

349 1674 561 1744 κορυφή
582 1689 598 1706 ο
655 1674 780 1727 ἐπεὶ
816 1675 915 1729 καὶ
945 1674 1003 1729 ἒν
1058 1677 1319 1748 ἁνόμημα
1354 1679 1518 1750 ἀρχεί
1569 1679 1661 1732 τὸν
1693 1678 1927 1732 καθόλου

350 1764 517 1834 νόμον
549 1765 875 1836 ἀνατρέψαι.
907 1768 1087 1822 Πᾶσαι
1136 1769 1246 1839 γὰρ
1269 1769 1516 1839 ἀλλήλων
1550 1769 1790 1839 ἔχονται,
1831 1786 1930 1841 φη-

351 1853 439 1906 σὶν
461 1856 490 1907 ό
541 1854 713 1923 μέγας
745 1854 1045 1924 Βασίλειος,
1076 1859 1134 1912 αἱ
1173 1858 1386 1914 ἐντολαι
1406 1875 1420 1888 °
1458 1860 1535 1924 ὡς
1568 1861 1627 1914 ὲν
1655 1863 1723 1931 τῇ
1777 1860 1929 1914 λύσει

349 1943 451 2013 τῆς
494 1948 647 2015 μιᾶς,
693 1946 788 1999 καὶ
815 1947 912 2010 τὰς
941 1944 1138 2012 λοιπὰς
1170 1949 1229 2016 ἐξ
1254 1950 1502 2021 ἀνάγκης
1562 1950 1933 2020 συγκαταλύε-

353 2032 507 2087 σθαι·
539 2035 639 2088 οὐκ
665 2036 722 2102 ἐξ
754 2036 953 2090 ἑαυτοῦ
976 2037 1155 2103 τοῦτο,
1190 2039 1307 2093 ἀλλ’
1337 2041 1403 2093 ἐκ
1422 2039 1518 2094 τοῦ
1552 2040 1930 2110 φθεγγομένου

351 2127 412 2178 ὲν
448 2125 599 2197 αὐτῷ
644 2127 884 2197 Χριστοῦ
938 2127 1150 2196 λέγων’
1219 2130 1279 2193 ὅς
1309 2148 1479 2203 φησι,
1543 2131 1672 2199 Πᾶς
1700 2135 1734 2187 ό
1766 2133 1934 2186 λύων

346 2215 499 2287 μίαν
527 2212 643 2269 τῶν
661 2214 928 2272 ἐντολῶν
947 2218 1178 2274 τούτων
1206 2218 1329 2274 τῶν
1366 2222 1729 2290 ἐλαχίστων,
1756 2217 1936 2288 οὗτος

353 2305 675 2376 ἐλάχιστος
703 2308 1076 2377 κληθήσεται
1096 2312 1166 2365 ἐν
1205 2311 1278 2381 τῇ
1298 2313 1590 2381 βασιλείᾳ
1605 2312 1726 2368 τῶν
1756 2316 1936 2381 οὐρα·

355 2392 479 2447 νῶν
500 2410 516 2426 ο
534 2393 778 2465 δηλονότι
805 2396 1200 2469 ἀπολλύμενος.
1238 2400 1349 2454 Καὶ
1368 2402 1397 2454 ὁ
1426 2398 1717 2464 Θεσπέσιος
1754 2400 1939 2455 Ἰάκω-

355 2484 470 2549 ϐος·
501 2486 733 2556 Ὀστις,
764 2488 920 2559 φησι,
942 2489 1177 2549 τελέσει
1199 2490 1351 2548 ὅλον
1376 2491 1486 2549 τὸν
1519 2493 1732 2562 νόμον,
1763 2491 1938 2548 πταί-

355 2593 451 2632 σει
478 2578 546 2632 δὲ
583 2580 653 2634 ἐν
678 2580 792 2649 ἐνὶ,
820 2581 1031 2653 γέγονε
1053 2583 1299 2639 πάντων
1351 2585 1589 2654 ἔνοχος.

410 2671 711 2730 Δελύκασιν
726 2670 820 2729 οὖν
835 2676 1080 2732 Παλαιὰν
1095 2678 1191 2732 καὶ
1203 2675 1656 2750 ΝέανΔιαθήκην,
1668 2672 1714 2733 ὦ
1728 2679 1937 2753 μάκαρ,

353 2764 445 2820 διὰ
501 2766 602 2838 τῆς
636 2766 868 2835 λύσεως,
920 2770 984 2824 οὑ
1016 2770 1127 2824 τῶν
1155 2770 1454 2841 ἐλαχίστων
1474 2808 1491 2835 ,
1521 2771 1661 2826 ἀλλὰ
1713 2772 1941 2830 καὶτῶν

361 2858 635 2927 μεγίστων
654 2861 885 2915 ἐντολῶν
913 2861 1147 2933 Κυρίουο
1175 2862 1340 2933 νόμον
1358 2863 1503 2917 κατὰ
1517 2863 1686 2935 νόμου
1709 2866 1943 2935 εὐαγγε-

355 2950 511 3005 λικοῦ
528 2952 898 3018 ἐκτεθεικότες
923 2955 972 3007 oi
997 2955 1250 3019 τάλανες,
1284 2955 1347 3009 τὸ
1376 2956 1627 3028 βούλημα
1650 2959 1761 3013 τῶν
1788 2959 1943 3030 βασι-

357 3043 493 3097 λέων
514 3045 832 3114 προκρίνειν
854 3044 993 3100 Θεοῦ
1014 3047 1219 3101 ὁπόταν
1239 3046 1535 3118 βούλοιντο.
1565 3049 1856 3105 Βούλονται
1884 3051 1943 3106 δὲ

2019 592 2113 645 sed
2161 592 2436 661 accepistis
2487 592 2674 663 faciem
2722 590 2778 643 in
2824 588 2956 658 lege.
3006 586 3260 657 Nunquid
3305 602 3410 640 non
3474 586 3613 641 Deus

2022 697 2156 734 unus
2189 683 2387 736 creauit
2414 681 2553 737 vos?
2599 679 2835 752 nunquid
2867 694 2970 732 non
3002 686 3157 747 pater
3200 694 3339 729 unus
3378 678 3613 731 omnium

2021 779 2266 826 vestrum
2287 771 2370 825 "‘l
2404 772 2661 827 Salomon
2690 781 2872 825 autem
2908 769 2994 823 his
3023 768 3244 824 verbis:
3277 768 3490 835 Audite,
3528 786 3614 824 re-

2022 879 2131 934 ges,
2172 871 2223 917 et
2267 863 2547 934 intelligite
2573 863 2639 916 ⁸⁵.
2685 861 2753 916 Et
2796 870 2919 932 post
2963 860 3070 915 alia
3115 877 3130 914 :
3183 860 3446 925 Quoniam
3497 877 3614 913 cum

2022 954 2199 1008 essetis
2230 955 2460 1009 ministri
2524 955 2669 1025 regni
2704 952 2971 1017 altissimi,
3017 968 3119 1005 non
3145 961 3281 1006 recte
3307 951 3614 1020 judicastis,

2024 1061 2117 1099 nec
2161 1045 2461 1100 custodistis
2513 1045 2697 1116 legem,
2751 1061 2915 1114 neque
2957 1044 3243 1097 secundum
3290 1042 3616 1096 voluntatem

2021 1135 2121 1190 Dei
2166 1137 2501 1191 ambulastis.
2539 1137 2811 1191 Horrende
2858 1145 2907 1189 et
2938 1165 2942 1168 ν
2969 1136 3072 1188 cito
3114 1135 3387 1205 apparebit
3429 1134 3569 1186 vobis
3594 1147 3617 1186 :

2024 1233 2276 1302 quoniam
2314 1231 2577 1302 judicium
2625 1230 2970 1283 durissimum
3009 1228 3063 1280 in
3112 1226 3191 1279 Itis
3242 1226 3331 1297 qui
3378 1231 3617 1295 prwsunt

2024 1323 2132 1393 ﬁet.
2166 1323 2287 1377 Non
2321 1324 2459 1377 enim
2501 1322 2769 1376 subtrahet
2815 1334 3095 1388 personam
3135 1318 3446 1388 cujusquam
3507 1316 3617 1369 Do-

2027 1415 2200 1467 minus
2235 1414 2469 1467 omnium
2494 1413 2559 1465 ¹⁶.
2591 1410 2711 1465 Jam
2743 1425 2878 1465 vero
2908 1408 3053 1478 quod
3079 1416 3134 1463 et
3166 1416 3336 1462 totum
3368 1406 3618 1476 Evange-

2026 1506 2162 1561 lium
2201 1505 2425 1561 nefariis
2475 1504 2623 1559 ausis
2694 1502 2991 1566 violarunt,
3058 1515 3091 1555 ο
3122 1515 3338 1554 sacrum
3383 1508 3439 1552 et
3479 1496 3620 1551 divi-

2027 1613 2160 1653 num
2206 1606 2390 1667 caput,
2438 1593 2791 1650 manifestum
2843 1600 2947 1656 est,
3007 1591 3277 1661 siquidem
3327 1599 3617 1660 peccatum

2030 1687 2228 1744 sutlicit
2269 1686 2337 1741 ad
2367 1685 2720 1740 evertendam
2765 1691 2935 1737 totam
2982 1681 3179 1753 legem.
3222 1680 3419 1735 Omnia
3469 1678 3617 1733 enim

2030 1778 2287 1833 mandata
2333 1783 2524 1829 mutuo
2573 1784 2822 1827 connexa
2870 1778 3021 1837 sunt,
3071 1776 3125 1823 et
3168 1768 3271 1822 sibi
3319 1766 3617 1828 cobaarent,

2033 1869 2110 1924 ait
2153 1881 2383 1938 magnus
2436 1863 2692 1929 Basilius,
2748 1862 2823 1915 ita
2876 1868 2957 1925 ut,
3013 1874 3121 1914 uno
3154 1859 3353 1922 soluto,
3410 1856 3619 1925 reliqua

2032 1961 2200 2017 etiam
2249 1958 2382 2013 solvi
2431 1969 2660 2010 necesse
2709 1953 2819 2008 sit:
2868 1967 2980 2007 non
3019 1966 3087 2005 ex
3140 1964 3200 2003 se
3249 1948 3393 2019 ipso,
3446 1946 3541 2000 sed
3589 1964 3621 2001 a

2034 2053 2251 2109 Christo
2276 2048 2407 2105 dicit
2436 2051 2488 2101 in
2515 2047 2634 2116 ipso
2692 2045 2949 2114 loquente
2998 2061 3012 2097 :
3054 2040 3361 2110 Quicunque
3405 2037 3622 2092 solverit

2035 2161 2196 2199 unum
2225 2143 2286 2196 de
2327 2139 2594 2195 mandatis
2624 2138 2738 2191 istis
2773 2135 3030 2201 minimis,
3076 2134 3158 2186 hic
3192 2131 3437 2185 minimus
3470 2145 3625 2183 voca-

2037 2237 2179 2291 bitur
2216 2235 2271 2288 in
2300 2247 2459 2302 regno
2523 2229 2771 2283 caelorum
2797 2227 2878 2290 ";
2921 2227 3210 2281 damnatus
3254 2223 3486 2278 scilicet.
3554 2220 3625 2277 Ει

2035 2328 2229 2383 beatus
2275 2323 2511 2379 Jacobus
2557 2339 2572 2376 :
2627 2320 2951 2390 Quicunque,
2977 2319 3073 2383 ait,
3116 2325 3282 2370 totam
3306 2315 3468 2385 legem
3499 2329 3613 2369 ser-

2037 2419 2260 2481 vaverit,
2299 2416 2528 2487 offendat
2569 2425 2752 2470 autem
2797 2414 2853 2467 in
2895 2427 3019 2477 uno,
3064 2411 3236 2481 factus
3280 2415 3353 2461 est
3388 2407 3623 2461 omnium

2039 2529 2158 2568 reus
2178 2510 2245 2564 ¹⁸.

2109 2684 2405 2741 Solverunt
2433 2682 2617 2753 itaque
2650 2677 2823 2736 Vetus
2853 2686 2909 2735 et
2933 2677 3155 2734 Novum
3183 2675 3621 2740 Testamentum,

2042 2793 2076 2834 o
2104 2779 2282 2843 beate,
2312 2776 2505 2832 solutis
2532 2789 2643 2829 non
2685 2770 2950 2838 minimis,
2994 2771 3091 2826 sed
3125 2777 3181 2825 et
3216 2770 3470 2825 maximis
3516 2769 3624 2824 Do-

2044 2870 2181 2928 mini
2215 2868 2514 2933 mandatis,
2545 2868 2721 2939 legem
2756 2864 3019 2921 adversus
3050 2863 3419 2933 evangelicum
3449 2862 3624 2933 legem

2043 2963 2455 3035 promulgantes
2487 2959 2698 3026 miseri,
2734 2972 2925 3030 regum
2963 2955 3302 3012 voluntatem
3335 2954 3443 3008 Deo
3472 2962 3627 3009 ante-

2045 3055 2191 3110 ferre
2237 3068 2363 3108 cum
2406 3051 2703 3108 voluerint.
2746 3049 2951 3105 Volunt
2995 3056 3181 3102 autem
3224 3046 3316 3102 alii
3352 3045 3520 3110 aliud,
3570 3052 3628 3103 et

355 3135 510 3192 ἄλλοι
530 3136 680 3204 ἄλλο,
697 3140 796 3194 καὶ
816 3139 1005 3195 ἄλλοτε
1020 3139 1217 3206 ἄλλως.
1241 3143 1351 3195 Καὶ
1369 3142 1457 3197 διὰ
1480 3143 1640 3199 τοῦτο
1657 3145 1937 3218 ἀνατροπὴ

2046 3148 2180 3204 alias
2221 3146 2421 3203 aliter:
2458 3159 2524 3199 ac
2562 3141 2792 3214 proinde
2827 3141 3045 3196 eversio
3074 3139 3134 3194 ﬁt
3168 3138 3409 3193 omnium
3450 3153 3625 3207 usque

356 3228 456 3283 τοῦ
475 3231 698 3297 παντὸς,
742 3232 906 3304 μέχρι
958 3232 1056 3288 τοῦ
1089 3234 1496 3306 ’Δντιχρίστουο
1545 3239 1643 3292 καὶ
1687 3237 1936 3294 ἐντεῦθεν

358 3322 607 3391 εἰκότως,
667 3325 702 3396 ἠ
736 3324 1009 3398 λεγομένη
1044 3326 1177 3398 παρ’
1208 3327 1393 3392 αὐτοῖς
1429 3329 1537 3383 ὑπὸ
1590 3328 1686 3384 τοῦ
1722 3332 1940 3387 Σατανᾶ

356 3415 672 3487 οἰκονομία,
714 3418 1289 3490 προσαγορευθήσεται
1341 3420 1751 3495 Ἀντιχριστικὴ
1805 3442 1941 3496 προ-

356 3508 577 3580 δρομία.
610 3511 746 3581 Περὶ
768 3511 879 3583 γὰρ
905 3511 1273 3583 παραϐάσεως
1306 3515 1549 3570 κανόνων
1576 3555 1593 3583 ,
1637 3517 1691 3571 τί
1720 3518 1804 3572 δεῖ
1845 3520 1940 3573 καὶ

358 3597 578 3667 λέγειν;
628 3600 821 3655 Ὁπότε
857 3602 966 3674 γὰρ
1015 3601 1111 3656 τοῦ
1163 3603 1501 3674 Εὐαγγελίου
1555 3606 1941 3680 ἀποτροπάδην

356 3686 549 3761 ἦλθον,
582 3694 746 3767 σχολὴ
778 3696 910 3767 περὶ
932 3696 1112 3751 αὐτῶν
1133 3697 1462 3768 φροντίζειν.
1498 3700 1608 3753 Καὶ
1637 3703 1665 3754 ό
1687 3701 1785 3771 μὲν
1809 3702 1942 3766 Θεὸς

361 3783 458 3838 διὰ
512 3787 608 3840 τοῦ
637 3787 925 3859 προφήτου
959 3789 1089 3843 τάδε
1143 3790 1317 3860 φησί·
1352 3790 1532 3845 Δώσω
1581 3793 1699 3861 τὴν
1730 3792 1941 3848 κλεῖδα

364 3878 541 3934 οῑκου
570 3878 751 3935 Δαυτδ
776 3880 875 3933 ἐπὶ
905 3880 1014 3935 τοῦ
1073 3880 1239 3951 ὤμου
1272 3882 1495 3937 αὐτοῦ·
1543 3884 1643 3938 καὶ
1692 3884 1941 3952 ἀνοίξει,

366 3969 471 4026 και
489 3972 602 4025 οὐκ
639 3970 813 4025 ἔσται
842 3974 876 4027 d
899 3972 1270 4027 ἀποκλείων·
1294 3975 1392 4029 καὶ
1424 3977 1676 4045 κλείσει,
1708 3978 1808 4033 καὶ
1831 3980 1943 4034 οὐκ

361 4061 541 4116 ἔσται
580 4064 613 4117 ό
636 4064 916 4133 ἀνοίγων.
951 4065 1013 4118 Ol
1034 4065 1094 4118 δὲ
1131 4065 1413 4131 ἀντιθέως,
1454 4068 1541 4138 ἐφ’
1570 4063 1654 4132 οἷς
1678 4068 1777 4138 μὲν
1806 4069 1946 4141 ἤνοι-

356 4156 478 4222 ξεν,
507 4154 874 4224 ἀπέκλεισαν,
912 4156 1269 4230 ’καθῂραντες
1304 4158 1433 4222 τοὺς
1480 4158 1828 4224 ἀνευθύνους,
1869 4159 1946 4224 ὡς

334 4247 518 4327 ⁴δοκεῖ
546 4248 753 4312 αὐτοῖς,
772 4247 888 4302 ἀλλ’
910 4249 973 4301 οὐ
999 4248 1119 4320 Θεῷ
1138 4265 1151 4279 ο
1185 4250 1270 4318 ἐφ’
1304 4244 1386 4313 οἷς
1414 4248 1471 4303 δὲ
1504 4247 1769 4315 ἔκλεισεν,
1792 4250 1944 4320 ἤνοι-

362 4337 465 4404 ξαν
485 4337 966 4410 προχειρισάμενοι
1020 4338 1149 4403 τοὺς
1186 4337 1595 4403 ὑποπίπτοντας
1628 4337 1945 4409 καθαιρέσει

363 4428 685 4501 θεοκρίτως,
720 4428 869 4495 ἅπαξ
902 4428 1040 4501 πρὸς
1064 4430 1128 4483 τὸ
1156 4428 1341 4494 αὐτοῖς
1371 4428 1565 4485 δοκοῦν
1593 4429 1689 4484 καὶ
1712 4429 1945 4501 ἀρέσκον

363 4522 755 4595 ἀποχρώμενοι
776 4521 865 4577 ἀεὶ
893 4520 1232 4586 δεσποτικῶς
1266 4525 1378 4587 τοῖς
1419 4522 1584 4594 ἱεροῖς
1626 4523 1849 4576 κανόσιν
1871 4520 1947 4584 ὡς

366 4612 675 4684 ὑπηρέταις
702 4611 797 4667 καὶ
834 4608 1188 4677 ὑποδουλίοις.
1220 4611 1406 4667 Ταῦτα
1426 4612 1525 4684 τῆς
1560 4613 1948 4684 Μοιχειανικῆς

364 4704 635 4777 αἱρέσεως
672 4702 741 4759 τὰ
773 4703 955 4774 ἄνομα
1002 4703 1097 4757 καὶ
1125 4702 1300 4775 ἀσεϐῆ
1332 4703 1716 4776 ὲγχειρήματά
1758 4719 1819 4756 τε
1852 4703 1949 4757 καὶ

364 4795 812 4867 ἀποτελέσματα.
870 4794 981 4849 Καὶ
1006 4792 1182 4849 ταῦτα
1213 4784 1289 4860 ὡς
1334 4794 1596 4865 ἐλάχιστα
1637 4791 1802 4846 τέκνα
1847 4792 1948 4864 τῆς

366 4887 672 4958 ηθολικῆς
710 4884 1067 4956 Ἐκκλησίας,
1100 4883 1187 4938 σοὶ
1214 4886 1282 4957 τῇ
1315 4884 1594 4956 πρωτίστη
1621 4882 1783 4956 ἡμῶν
1811 4885 1949 4938 ἁπο-

366 4977 592 5050 στολικῇ
652 4976 863 5052 κεφαλῇ
924 4976 1243 5046 ἀναγγεῖλαι
1270 5018 1287 5045 ,
1338 4976 1480 5031 κατὰ
1527 4976 1588 5030 τὺ
1651 4977 1950 5044 ἀναγκαῖον

364 5068 860 5140 προεθυμήθημεν.
879 5068 1081 5122 Λοιπὸν
1114 5068 1285 5140 αὐτῆς
1312 5069 1428 5123 ἐστι
1463 5068 1533 5124 τὰ
1568 5068 1775 5140 ἀρεστὰ
1807 5066 1948 5141 Θεῷ,

367 5160 466 5215 καὶ
487 5158 842 5231 διανοηθῆναι
876 5160 973 5213 καὶ
1010 5159 1238 5230 πρᾶξαι,
1280 5158 1384 5212 ὑπὸ
1402 5159 1731 5230 Πνεύματος
1769 5158 1949 5228 ἁγίου,

368 5250 452 5314 ὡς
480 5250 567 5304 ἐπ’
589 5249 794 5318 ἄλλοις,
826 5251 923 5305 καὶ
949 5253 1008 5307 ὲν
1038 5250 1174 5322 τῷδε
1205 5250 1532 5323 κινουμένης
1552 5267 1565 5281 ·
1595 5252 1655 5304 οὐ
1691 5250 1798 5323 μὴν
1815 5251 1950 5308 ἀλλὰ

368 5342 469 5396 καὶ
492 5341 916 5414 δυσωπουμένης
945 5341 1177 5411 ἀξιῶσαι
1198 5342 1345 5414 ἡμᾶς
1377 5339 1678 5397 αὑτόλεκτα
1702 5342 1798 5396 καὶ
1828 5341 1947 5396 θεο-

366 5432 626 5506 χάρακτα
644 5433 816 5504 αὐτῆς
856 5434 1166 5505 γράμματα
1218 5430 1473 5499 δέξασθαι
1494 5472 1511 5499 ,
1542 5433 1687 5490 κατὰ
1717 5434 1949 5506 μίμησιν

367 5524 485 5579 τῶν
515 5524 799 5597 δμοζήλων
834 5525 1005 5596 αὐτῆς
1031 5524 1226 5594 ἁγίων,
1286 5524 1474 5596 ὥσπερ
1506 5524 1603 5581 νῦν
1634 5526 1733 5590 τὰς
1782 5526 1948 5582 πλου-

374 5617 520 5684 σίας,
546 5618 643 5673 ml.
668 5618 809 5691 ὑπὲρ
841 5620 1009 5691 ἡμᾶς,
1040 5618 1249 5692 δωρεὰς
1276 5617 1446 5689 αὐτῆς
1474 5617 1569 5672 καὶ
1599 5619 1866 5690 εὐλογίας.

452 5791 497 5825 ⁸⁸
531 5791 761 5850 Malacb.
807 5809 868 5862 ιι,
907 5793 961 5851 9.
1042 5796 1087 5828 "
1129 5792 1259 5866 Sap.
1295 5808 1372 5859 νι,
1401 5792 1457 5850 2.
1539 5792 1583 5826 ⁸⁸
1624 5792 1755 5851 ibid.
1788 5793 1903 5851 5-8.

2064 5792 2256 5851 Matth.
2294 5810 2346 5863 ν,
2390 5793 2475 5849 l9.

2040 3243 2108 3299 ad
2154 3238 2577 3295 Anticltristum.
2622 3234 2780 3291 Unde
2821 3232 3019 3289 merito
3061 3248 3182 3303 quae
3226 3232 3368 3302 apud
3418 3231 3539 3285 illos
3592 3246 3623 3286 a

2041 3333 2244 3388 Satana
2287 3326 2625 3401 dispensatio
2668 3324 2891 3392 dicitur,
2953 3322 3280 3378 Antichristi
3328 3321 3625 3391 praecursio

2039 3424 2344 3482 vocabitur.
2395 3422 2469 3476 De
2501 3432 2774 3476 canonum
2817 3415 2964 3472 enim
3008 3406 3454 3486 praevaricatione
3495 3412 3624 3482 quid

2040 3516 2237 3571 attinet
2268 3512 2459 3583 loqui?
2485 3511 2620 3567 Cum
2658 3509 2807 3565 enim
2850 3508 2919 3563 ab
2962 3506 3257 3576 Evangelio
3304 3504 3408 3576 ipsi
3450 3504 3626 3559 aversi

2043 3605 2435 3670 discesserint;
2472 3604 2712 3658 otiosum
2757 3609 2839 3655 est
2874 3600 2943 3654 de
2987 3598 3094 3653 illis
3127 3611 3341 3652 curare.
3374 3596 3451 3652 Ar
3482 3596 3627 3650 Deus

2042 3696 2263 3768 quidem
2299 3709 2400 3765 per
2435 3691 2756 3763 prophetam
2782 3688 2861 3742 sic
2886 3687 3003 3742 ait:
3041 3684 3188 3739 Dabo
3220 3683 3412 3737 clavem
3444 3682 3627 3735 domus

2043 3788 2218 3843 David
2261 3801 2417 3855 super
2456 3785 2728 3837 humerum
2762 3780 2920 3849 ejus:
2951 3785 3000 3831 et
3034 3776 3255 3846 aperiet,
3292 3783 3341 3829 et
3385 3790 3487 3826 non
3527 3772 3629 3827 erit

2044 3882 2134 3952 qui
2164 3879 2380 3934 claudat
2413 3894 2426 3931 :
2464 3885 2513 3930 et
2552 3874 2781 3938 claudet,
2821 3879 2869 3925 et
2914 3884 3019 3924 non
3059 3869 3158 3922 erit
3201 3867 3291 3938 qui
3335 3867 3542 3936 aperiat
3560 3866 3624 3920 ¹⁸.

2038 3968 2257 4028 Inimici
2307 3977 2492 4023 autem
2536 3966 2629 4021 Dei
2682 3979 2804 4035 qua:
2858 3963 2949 4017 ille
3000 3959 3217 4031 aperuit
3276 3959 3624 4021 clauserunt,

2044 4063 2175 4120 dum
2199 4060 2449 4117 innoxios
2470 4059 2861 4127 deposuerunt,
2886 4061 2947 4108 ut
2987 4052 3119 4123 ipsis
3145 4050 3362 4121 quidem
3402 4048 3625 4119 placuit,

2047 4155 2145 4212 sed
2191 4169 2304 4208 non
2350 4152 2493 4218 Deo;
2538 4164 2660 4219 quae
2692 4162 2823 4203 vero
2864 4145 3079 4207 clausit,
3128 4149 3487 4212 aperuerunt.
3534 4155 3629 4196 eos

2046 4245 2141 4317 qui
2166 4240 2530 4314 depositionis
2561 4252 2779 4309 prunam
2813 4235 2999 4291 divino
3035 4233 3246 4304 judicio
3286 4237 3625 4293 meruerant,

2049 4337 2354 4396 honoribus
2402 4333 2756 4390 restituentes
2795 4348 2808 4384 :
2857 4337 3049 4399 atque,
3100 4334 3163 4381 ut
3209 4325 3377 4381 semel
3420 4323 3627 4388 dicam,

2050 4428 2220 4487 sacris
2249 4425 2551 4483 canonibus
2579 4422 2647 4478 ad
2676 4420 2859 4476 omnia
2887 4434 3007 4490 quae
3033 4417 3277 4473 arrident
3300 4423 3357 4470 et
3390 4413 3626 4485 placent,

1978 4507 2027 4564 υ
2052 4532 2310 4593 tanquam
2359 4518 2623 4575 ministris
2651 4524 2708 4571 et
2750 4513 2972 4569 famulis
3018 4527 3115 4582 pro
3144 4508 3371 4565 arbitrio
3415 4520 3633 4575 semper

2045 4614 2204 4671 abusi
2246 4620 2393 4668 sunt.
2429 4608 2497 4665 lli
2540 4615 2670 4664 sunt
2716 4602 3035 4662 Mrechianaa
3055 4604 3329 4658 haereseos
3371 4597 3528 4668 impii
3576 4604 3632 4651 et

2044 4705 2236 4776 iniusti
2272 4711 2522 4768 conatus,
2568 4700 2686 4756 haec
2728 4711 2943 4769 Opera:
2977 4709 3098 4766 qua:
3139 4706 3263 4757 nos,
3312 4697 3373 4745 ut
3417 4687 3630 4743 minimi

2046 4799 2141 4854 ﬁlii
2176 4795 2430 4851 Ecclesia:
2453 4790 2758 4855 catholicae,
2799 4787 2898 4844 tibi
2928 4786 3106 4857 primo
3134 4780 3381 4836 omnium
3410 4787 3630 4850 aposto-

2044 4890 2153 4945 lico
2180 4886 2348 4959 capiti
2383 4897 2596 4948 nostro,
2626 4879 2904 4944 nuntiare,
2940 4872 3253 4933 necessario
3294 4869 3629 4943 optavimus.

2050 4982 2183 5052 Ejus
2204 4988 2285 5035 est
2311 4979 2380 5034 de
2402 4987 2623 5043 caetero,
2652 4988 2775 5044 qua
2801 4972 2913 5026 Deo
2937 4977 3067 5024 sunt
3096 4965 3292 5038 placita
3321 4963 3634 5035 excogitare

2051 5080 2107 5127 et
2145 5070 2326 5126 facere
2357 5066 2597 5140 Spiritus
2632 5063 2807 5122 sancti
2848 5062 3038 5125 ductu,
3069 5073 3101 5114 a
3126 5073 3255 5129 quo,
3292 5064 3355 5113 ut
3393 5057 3450 5112 in
3490 5054 3631 5117 aliis,

2050 5161 2132 5217 sic
2154 5169 2209 5216 et
2231 5161 2286 5215 in
2315 5160 2421 5215 hoc
2449 5172 2689 5229 quoque,
2727 5154 2931 5227 regitur
2963 5162 3019 5208 et
3050 5151 3386 5224 gubernatur
3417 5164 3431 5202 :
3471 5146 3634 5216 quin-

2050 5254 2218 5310 etiam
2245 5259 2583 5317 sanctorum,
2614 5248 2814 5321 quibus
2842 5247 2987 5302 idem
3018 5245 3172 5301 zelus
3204 5241 3328 5306 fuit,
3358 5236 3631 5307 exemplo,

2057 5346 2272 5413 adduci,
2309 5354 2371 5401 ut
2401 5360 2433 5400 a
2466 5359 2526 5401 se
2558 5342 2791 5400 dictatas
2815 5348 2872 5395 et
2895 5337 3160 5397 divinitus
3200 5338 3450 5389 exaratas
3484 5327 3634 5382 litte-

2058 5454 2150 5495 ras
2183 5439 2249 5494 ad
2290 5452 2393 5494 nos
2419 5437 2639 5493 mittere
2662 5433 2937 5506 dignetur,
2972 5429 3113 5484 sicut
3159 5438 3307 5480 nunc
3352 5418 3632 5490 opulenta,

2059 5540 2116 5587 et
2139 5530 2350 5586 meritis
2381 5527 2588 5586 nostris
2619 5526 2829 5597 majora
2858 5522 2975 5594 eius
2998 5531 3253 5583 munera,
3283 5510 3643 5583 eulogiasquo

2058 5621 2390 5693 accepimus.

2585 5790 2627 5825 "
2665 5786 2783 5845 Jac.
2826 5801 2888 5856 ιι,
2924 5784 3010 5840 to.
3115 5784 3160 5818 “
3203 5779 3316 5838 lsa.
3358 5792 3495 5844 xm,
3532 5773 3623 5831 (Β.
