4044 6366
467 390 605 455 1097

465 612 500 652 ο
526 596 865 653 divinissime
898 608 1107 665 vertex,
1140 616 1200 656 se
1225 603 1721 674 expostulationem
1747 607 1866 677 ejus
1892 623 2055 663 exce-

465 688 612 759 pisse
650 699 875 760 propter
921 690 1383 764 Barsanuphium,
1430 693 1753 768 lsaiamque.
1799 709 1855 755 et
1881 701 2054 756 Doro-

467 782 657 837 theum
689 783 978 839 haereticos
1012 797 1028 840 :
1067 787 1213 855 quod
1257 801 1352 842 eos
1394 786 1603 845 scilicet
1638 806 1737 861 pro
1768 791 2055 848 catholicis

467 874 820 945 recipiamus.
855 869 921 931 Et
948 875 1106 933 valde
1129 872 1311 934 mirati
1338 895 1549 947 sumus,
1591 881 1637 937 si
1667 897 1768 937 nos
1794 878 2053 948 humiles,

467 967 561 1037 qui
597 978 696 1037 pro
727 971 874 1023 recta
909 968 1014 1023 fide
1049 963 1305 1039 patimur,
1344 970 1618 1028 haereticis
1652 974 2051 1029 adlimreamus.

470 1056 773 1112 Obtu‘retur
809 1073 870 1112 os
908 1074 1070 1113 omne
1104 1070 1295 1115 contra
1327 1076 1430 1115 nos
1475 1060 1725 1132 loquens,
1761 1072 1815 1118 et
1849 1064 2056 1118 calum-

470 1148 593 1203 nias
620 1148 971 1203 submittens.
993 1148 1296 1205 Orthodoxi
1329 1167 1538 1215 sumus,
1571 1152 1824 1222 quamvis
1850 1150 2051 1223 alioqui

470 1248 809 1309 peccatores,
853 1256 886 1295 o
914 1240 1231 1297 beatissime
1260 1260 1274 1297 :
1311 1258 1491 1313 neque
1521 1244 1574 1298 in
1602 1244 1707 1298 hoc
1742 1243 1811 1299 ab
1836 1251 2059 1313 aposto~

471 1331 573 1388 lica
610 1332 717 1387 fide
761 1332 1032 1388 ullatenus
1075 1333 1469 1406 discrepamus.
1513 1331 1743 1390 Omnem
1786 1334 2055 1406 synodum

470 1424 871 1480 mcumenlcam
919 1430 976 1481 et
1020 1426 1271 1492 localern,
1306 1428 1687 1498 approbatam,
1728 1428 2056 1497 veritatique

471 1522 865 1585 congruentem
890 1556 906 1581 ,
952 1528 1079 1572 cum
1120 1518 1327 1573 sanctis
1366 1534 1555 1573 earum
1591 1520 1894 1574 canonibus
1938 1534 2058 1573 am-

472 1606 785 1679 plectimur,
813 1622 1035 1665 omnem
1061 1608 1313 1667 haeresim
1347 1621 1401 1668 et
1430 1611 1747 1667 haereticum
1774 1611 2056 1667 detestan-

472 1709 576 1767 tes,
620 1709 784 1771 atque
833 1703 1385 1760 anathematizantes.
1430 1704 1736 1760 Anathema
1782 1704 2059 1759 Barsanu-

471 1793 623 1865 phio,
651 1793 830 1861 Isaiae,
885 1794 1183 1863 Dorotheo,
1218 1805 1276 1852 et
1325 1797 1609 1862 Dositheo,
1666 1812 1804 1868 quos
1834 1783 2059 1853 sanctus

1682 404 1725 465 8
1764 400 2163 468 THEODOR:
2198 402 2544 470 STUDIT/E

537 503 740 559 Retulit
757 520 920 576 porro
936 507 1095 564 nobis
1122 508 1267 566 idem
1291 509 1459 567 frater
1479 522 1667 570 noster
1692 515 2051 588 Epiphanius,
2082 526 2128 581 Α

3601 399 3738 467 1023

2239 520 2568 593 Ἀπήγγειλε
2599 518 2659 574 δὲ
2692 519 2823 591 ἡμῖν
2849 517 2879 571 ό
2916 516 3078 583 αὐτὸς
3111 516 3339 587 ἀδελφὸς
3375 514 3537 588 ἡμῶν
3588 516 3740 570 Ἐπι-

2156 613 2367 684 φάνιος,
2398 611 2651 683 θειοτάτη
2679 610 2921 682 κορυφὴ,
2956 610 3034 674 ὼς
3060 609 3323 681 ἐγκλησιν
3355 608 3578 675 suam
3603 609 3738 680 παρ’

2152 705 2348 777 αὐτῆς,
2375 703 2540 759 ἕνεκα
2595 701 3030 775 Βαρσανουφίου,
3080 702 3307 756 Ἡσαΐου
3339 718 3401 756 τε
3428 700 3528 756 καὶ
3555 704 3735 771 Δωρο-

2154 796 2300 860 θέου,
2357 796 2468 850 τῶν
2524 794 2837 868 αίρετικῶν,
2891 793 2969 857 ὡς
2998 793 3308 864 δεχομένων
3356 791 3515 863 ἡμῶν
3540 789 3739 855 αὐτοδς

2155 889 2471 963 όρθοδόξους
2490 904 2503 919 ⁸
2531 889 2626 943 καὶ
2646 888 2788 943 πάνυ
2820 885 3166 957 ἠγάσθημεν,
3198 888 3248 939 εἰ
3270 886 3431 957 ἡμεῖς
3461 884 3513 938 oi
3542 900 3739 939 ταπει-

2154 983 2237 1038 νοὶ
2272 982 2413 1053 ὑπὲρ
2441 980 2750 1053 όρθοδοξίας
2778 978 3103 1049 πάσχοντες,
3135 979 3436 1049 αἱρετικοῐς
3479 970 3733 1048 1:90:36-

2157 1092 2377 1146 σχομεν.
2420 1071 2847 1144 Ἐμφραττέσθω
2872 1072 2981 1125 πᾶν
3000 1069 3063 1123 τὸ
3097 1069 3219 1123 καθ’
3253 1069 3411 1140 ἡμῶν
3435 1068 3742 1123 θποδάλλον

2155 1168 2251 1222 καὶ
2276 1163 2648 1235 συκοφαντοῦν
2683 1164 2879 1234 στόμα.
2938 1161 3242 1233 Ὀρθόδοξοί
3276 1162 3468 1231 ἐσμεν,
3503 1160 3612 1214 κᾶν
3638 1159 3736 1213 ἄλο

2154 1259 2262 1321 λως
2290 1253 2629 1327 ἁμαρτωλοὶ,
2657 1248 2703 1308 ὦ
2735 1253 3151 1326 μακαριώτατε·
3188 1251 3314 1324 μηδ’
3332 1251 3513 1306 ὁτιοῦν
3543 1252 3740 1321 ὕφεσιν

2154 1349 2370 1420 ἔχοντες
2395 1347 2455 1402 εν
2480 1346 2655 1417 τούτῳ
2696 1348 2798 1417 τῆς
2827 1343 3195 1413 ἀπωτολικῆς
3246 1344 3518 1407 πίστεωςο
3557 1344 3740 1397 πᾶσαν

2157 1441 2377 1497 σύνοδον
2401 1438 2794 1510 οίκουμενικήν
2822 1454 2884 1490 τε
2916 1437 3014 1491 καὶ
3039 1436 3294 1505 τοπικὴν,
3336 1434 3741 1507 έγκεκριμένην

2153 1536 2222 1606 τῇ
2251 1531 2501 1604 ἀληθείᾳ,
2535 1528 2676 1601 μετά
2711 1528 2823 1582 τῶν
2849 1528 3179 1582 ἐκτεθέντων
3209 1527 3404 1589 αὐταῖς
3429 1526 3607 1596 ἁγίων
3644 1543 3742 1579 κα-

2156 1626 2325 1680 νόνων
2357 1622 2749 1692 ἀσπαζόμενοι,
2792 1620 2886 1675 καὶ
2924 1620 3109 1673 πᾶσαν
3138 1618 3372 1690 αἵρεσιν,
3413 1617 3508 1672 καὶ
3536 1619 3743 1688 αἱρετιυ

2157 1717 2254 1772 κδν
2274 1714 2693 1787 μυσαττόμενοι,
2712 1712 2807 1768 καὶ
2826 1710 3340 1782 ἀναθεματίζοντες.
3358 1712 3471 1766 Καὶ
3488 1709 3742 1781 ἀνάθεμα

2160 1804 2570 1877 Βαρσανουφίῳ,
2630 1802 2847 1873 Ἡσαΐᾳ,
2910 1800 3175 1872 Δωροθέῳ
3223 1817 3287 1855 τε
3343 1799 3442 1855 καὶ
3478 1800 3740 1871 Δοσιθέῳ,

471 1883 817 1955 Sophronius
846 1886 1331 1943 anathematizavit
1352 1886 1422 1943 “.
1457 1886 1566 1943 Sed
1606 1894 1662 1943 et
1683 1866 1740 1942 si
1768 1885 1891 1957 quis
1921 1885 2060 1940 alius

2165 1866 2267 1955 ὑπδ
2292 1900 2406 1961 τοῖς
2611 1895 2772 1965 ἁγίου
2800 1866 3158 1965 ’Σωφρονίουν
3194 1866 3739 1964 ἀναθεματισθεῖσιν.

474 1975 673 2032 horum
704 1977 1048 2047 cognominis
1081 1978 1286 2047 pariter
1325 1976 1637 2041 haereticus.
1664 1992 1858 2034 eorum
1883 1972 2061 2032 haere-

472 2066 601 2133 sim,
634 2062 721 2124 vel
756 2066 921 2125 aliam
963 2064 1267 2139 quamlibet
1306 2084 1561 2142 sequens,
1593 2070 1710 2127 sive
1747 2071 2057 2142 episcopus,

473 2157 589 2214 sive
612 2152 935 2226 monachus,
963 2159 1052 2215 vel
1073 2159 1386 2231 quicunque
1405 2161 1623 2216 demum
1644 2162 1715 2218 sit
1733 2178 1748 2222 ;
1770 2161 2060 2216 anathema

473 2256 615 2307 esto.
652 2249 711 2305 Si
744 2245 868 2322 quis
903 2251 1033 2320 item
1060 2259 1389 2323 opportune,
1425 2262 1487 2309 ut
1518 2254 1796 2317 convenit,
1839 2268 2060 2308 omnem

475 2342 799 2399 haereticum
822 2357 935 2399 non
965 2343 1415 2411 anathematizat,
1441 2336 1690 2414 ejusdem
1720 2343 1885 2399 sortis
1915 2350 2057 2397 esto.

454 2433 587 2505 Nos
626 2432 775 2491 enim
813 2434 935 2506 puri
977 2450 1170 2492 sumus
1202 2436 1271 2491 ab
1311 2436 1462 2491 omni
1506 2435 1765 2492 haeretica
1799 2436 2060 2506 opinione

475 2521 842 2585 sanctissimis
881 2527 1139 2599 precibus
1177 2528 1308 2594 tuis,
1340 2523 1772 2601 religiosissime.
1814 2527 2061 2600 Denique

480 2620 588 2676 hoc
607 2620 775 2676 etiam
819 2619 1212 2693 significamus.
1246 2622 1464 2677 tametsi
1504 2621 1558 2676 in
1604 2622 1855 2693 epistola,
1896 2637 2061 2692 quam

475 2728 575 2785 per
611 2712 964 2769 Eustathium
1002 2712 1230 2769 fratrem
1257 2714 1528 2779 misimus,
1560 2713 1923 2786 significatum
1947 2729 2060 2769 non

476 2804 571 2869 sit,
595 2818 699 2860 nos
719 2818 818 2875 per
842 2802 1207 2874 Epiphanium
1230 2819 1386 2860 sacro
1406 2804 1598 2860 vertici
1622 2814 1715 2860 tuo
1739 2805 2057 2875 scripsisse:

477 2913 827 2969 nequaquam
857 2897 1149 2954 mentitum
1176 2896 1343 2954 fuisse
1366 2897 1731 2968 Epiphanium
1757 2916 1771 2952 :
1798 2913 1889 2953 res
1910 2898 2059 2953 enim

477 2990 535 3045 in
571 2991 720 3045 hunc
758 2988 984 3045 modum
1026 2998 1179 3062 gesta
1221 2998 1325 3045 est.
1368 2989 1701 3045 Dederamus
1742 2987 1818 3043 illi
1866 3002 2060 3044 revera

476 3081 767 3153 epistolam
813 3097 829 3136 :
878 3090 1068 3153 postea
1122 3091 1253 3137 vero
1300 3080 1688 3152 imperantium
1742 3087 1892 3135 metu
1937 3094 2059 3135 eam

476 3173 846 3245 expunximus
893 3192 909 3230 :
954 3174 1073 3245 ipse
1115 3172 1509 3239 nihilominus,
1562 3187 1688 3228 cum
1728 3171 1850 3242 ejus
1900 3180 2061 3227 notas

2172 1990 2335 2045 Ἀλλά
2361 1989 2455 2044 καὶ
2503 1987 2664 2050 ἀλλος
2703 1987 2759 2042 εί
2776 2003 2859 2050 τις
2896 1984 2985 2057 είη
3031 1984 3244 2048 τούτοις
3279 1982 3574 2055 ὁμώνυμος
3594 1985 3744 2054 ὅμως

2159 2082 2458 2156 αἱρετικδς,
2491 2080 2635 2136 κατά
2660 2080 2763 2151 τὴν
2782 2077 3008 2133 έκείνων
3033 2078 3267 2149 αἰρεσιν,
3303 2076 3337 2149 ἢ
3367 2076 3587 2147 έτέραν,
3637 2075 3746 2130 κᾶν

2159 2178 2478 2240 έπίσκοπος,
2532 2175 2637 2230 κᾶν
2689 2172 2936 2244 ἀσκητὴς
2961 2210 2979 2237 ,
3023 2169 3127 2226 κάν
3170 2168 3444 2236 ὁστισοῦν,
3483 2167 3744 2239 ἀνάθεμα

2160 2270 2320 2325 ἔστω.
2359 2266 2521 2322 Ἀλλά
2557 2264 2653 2321 καὶ
2685 2265 2741 2319 et
2779 2281 2867 2328 τις
2898 2263 2975 2335 μὴ
3022 2260 3416 2334 ἀναθεματίζοι
3466 2259 3748 2332 εὐκαίρως

2160 2362 2302 2419 κατά
2323 2360 2386 2415 τὸ
2423 2359 2721 2427 ἀναγκαῖον
2751 2356 2929 2411 πάντα
2958 2354 3261 2426 αἱρετικὸν,
3290 2355 3377 2426 εἴη
3422 2354 3526 2425 τῆς
3564 2353 3749 2408 αὐτῶν

2164 2454 2401 2528 μερίδος.
2444 2451 2637 2522 Ἡμεῖς
2663 2447 2774 2519 γὰρ
2803 2445 3039 2519 καθαροί
3085 2448 3255 2517 ἐσμεν
3295 2445 3502 2509 παντὸς
3530 2444 3742 2517 αἱρετι-

2160 2545 2261 2601 κοῦ
2310 2545 2682 2616 φρονήματος,
2730 2540 2921 2610 εὐχαῖς
2960 2553 3056 2593 σου
3107 2536 3457 2609 ίερωτάταις,
3504 2533 3751 2601 παναγέ-

2161 2651 2347 2690 στατε.
2373 2632 2497 2686 Ἔτι
2535 2629 2644 2702 μὴν
2682 2629 2779 2684 καὶ
2803 2628 2965 2683 τοῦτο
2992 2626 3360 2699 ἀναφέρομεν,
3387 2626 3471 2680 ὅτι
3499 2624 3549 2679 ει
3576 2624 3670 2678 καὶ
3690 2625 3751 2677 έν

2157 2730 2227 2799 τῇ
2254 2723 2511 2795 επιστολῇ
2533 2721 2693 2794 ήμῶν
2723 2722 2791 2792 τῇ
2817 2718 2908 2773 διά
2938 2717 3035 2771 τοῦ
3085 2715 3317 2787 ἀδελφοῦ
3347 2713 3652 2769 Εὐσταθίου
3683 2714 3747 2766 οὐ

2157 2812 2456 2884 δεδήλωται
2474 2827 2489 2842 °
2521 2808 2825 2865 tutotth
2847 2808 2998 2879 ἡμᾶς
3026 2808 3095 2878 τῇ
3123 2806 3258 2878 ἁγία
3304 2822 3400 2859 σου
3430 2806 3649 2875 κορυφῇ
3676 2802 3750 2855 δι’

2172 2903 2513 2976 Ἐπιφανίου.
2538 2903 2616 2957 Οὐ
2647 2901 2963 2971 διέψευσται
3002 2899 3351 2968 Ἐπιφάνιοςο
3376 2897 3471 2950 καὶ
3493 2898 3525 2951 ό
3542 2896 3749 2968 τρόπος

2160 2999 2220 3054 ἐν
2243 2996 2440 3068 τούτῳ.
2473 2988 2658 3066 ’Ἦμεν
2689 2991 2766 3056 ῶς
2795 2989 3015 3063 ἀληθῶς
3069 2989 3409 3053 ὲκδώσαντες
3444 2985 3600 3059 αὑτῷ
3644 2986 3750 3057 τὴν

2160 3088 2451 3159 επιστολὴν
2475 3127 2493 3155 ,
2552 3086 2646 3140 καὶ
2693 3082 2857 3138 πάλιν
2921 3080 3074 3153 φόϐῳ
3112 3080 3224 3135 τῶν
3261 3079 3612 3152 κρατούντων
3642 3079 3753 3133 ἀπ·

2161 3182 2480 3252 αλείψαντες
2494 3192 2508 3210 ⁶
2526 3180 2557 3233 ό
2576 3177 2634 3232 δὲ
2650 3176 2789 3249 έχων
2809 3175 2920 3230 τῶν
2950 3173 3195 3246 σημείων
3213 3174 3311 3244 τὴν
3330 3170 3554 3241 γνῶσιν,
3572 3172 3754 3241 ἤγαγε

480 3230 713 3332 teneret,
742 3265 925 3322 attulit
959 3230 1028 3321 ad
1058 3279 1214 3321 sacra
1251 3265 1400 3321 illius
1425 3230 1678 3338 vestigia,
1710 3230 1976 3321 benevole
2000 3264 2055 3320 id

2805 3267 2925 3340 ίχνη
2982 3230 3278 3337 ε’θφρονῶν¹
3307 3230 3449 3335 μετά
3477 3230 3552 3317 τδ
3572 3230 3755 3332 ε’έορί-

476 3372 678 3428 agens.
721 3365 1010 3427 postquam
1053 3355 1112 3410 in
1158 3355 1413 3411 exsilium
1456 3356 1567 3412 acti
1610 3355 1912 3412 fueramus.
1963 3355 2059 3410 Est

476 3447 627 3503 enim
650 3462 716 3503 os
742 3447 1065 3504 humilitatis
1085 3456 1304 3513 nostrae,
1332 3457 1389 3504 et
1412 3463 1593 3505 sermo
1611 3448 1965 3519 proficiscens
1991 3464 2060 3504 ex

477 3538 642 3595 corde
667 3548 878 3595 nostro.
905 3538 1084 3606 Quare
1106 3549 1294 3597 sancta
1321 3539 1503 3596 anima
1531 3549 1622 3595 tua
1650 3555 1715 3596 ne
1741 3539 2060 3595 scandalum

477 3631 795 3703 suspicetur
844 3632 899 3687 in
943 3647 1213 3689 conservo
1252 3642 1440 3689 nostro
1487 3648 1588 3704 per
1626 3633 1811 3688 omnia
1849 3632 2059 3687 ﬁdelis-

478 3725 640 3781 simo.
686 3724 878 3782 Frater
933 3733 1121 3781 noster
1164 3725 1610 3798 archiepiscopus
1654 3724 2062 3782 Thessalonica:

478 3816 822 3888 supplicibus
858 3818 1041 3874 cordis
1095 3819 1348 3874 manibus
1384 3819 1739 3875 beatitudinis
1775 3828 1882 3874 tua:
1914 3817 2064 3872 salu-

482 3907 742 3964 tationem
772 3919 828 3965 et
853 3910 1118 3981 suscepit,
1148 3920 1206 3966 et
1229 3926 1330 3982 per
1360 3927 1461 3967 nos
1500 3911 1911 3968 sanctissimum
1938 3924 2066 3965 ver-

481 4001 643 4058 ticem
674 4011 829 4059 tuum
866 4003 1252 4060 adorabundus
1280 4004 1501 4060 salutat.

811 4094 1035 4152 XXXV.
1062 4095 1357 4151 ——Basilio
1390 4098 1693 4167 praeposito.

2164 3366 2361 3436 σθῆναι
2386 3364 2556 3433 ἡμᾶς.
2581 3360 2690 3415 Καὶ
2717 3358 2827 3429 γάρ
2853 3360 2972 3411 ἐστι
3005 3355 3182 3427 στόμα
3234 3353 3338 3425 τῆς
3366 3349 3756 3413 ταπεινώσεως

2164 3457 2344 3531 ήμῶν,
2383 3454 2480 3510 καὶ
2512 3452 2673 3521 λόγος
2695 3448 3122 3522 ἐξερευγόμενος
3148 3446 3253 3517 τῆς
3297 3444 3529 3518 καρδίας
3561 3441 3751 3515 ἡμῶν.

2165 3549 2280 3605 Καὶ
2310 3548 2468 3619 μήτοι
2494 3560 2561 3615 γε
2587 3541 2901 3611 ὑπολάϐοιή
2931 3539 3068 3610 ἁγία
3092 3556 3187 3594 σου
3206 3538 3352 3610 ψυχὴ
3373 3536 3670 3593 σκάνδαλον
3690 3535 3757 3588 ιν

2165 3639 2244 3713 τῷ
2278 3637 2549 3708 συνδούλῳ
2576 3634 2734 3708 ήμῶν
2767 3634 2885 3688 δντι
2915 3631 3231 3703 πιστοτάτῳ
3267 3629 3410 3685 κατά
3438 3628 3647 3683 πάντα.
3689 3626 3755 3680 '0

2168 3730 2397 3800 ἀδελφὸς
2452 3727 2612 3799 ἡμῶν
2667 3725 2767 3781 καὶ
2823 3722 3257 3798 ἀρχιεπίσκοπος
3321 3717 3753 3788 Θεσσαλονίκης.

2170 3817 2389 3881 ὑπτίαις
2408 3814 2635 3888 καρδίας
2663 3812 2824 3886 χερσὶ
2857 3814 2953 3868 καὶ
2978 3810 3199 3877 ἐδέξατο
3226 3809 3326 3880 τὴν
3354 3808 3457 3879 τῆς
3480 3806 3759 3878 μακαριό-

2168 3912 2330 3984 τητός
2364 3928 2460 3965 σου
2494 3906 2892 3982 προσηγορίαν,
2923 3906 3019 3961 καὶ
3050 3905 3119 3961 δι’
3150 3904 3309 3977 ἡμῶν
3353 3901 3757 3976 προσκυνητιῖκ

2173 4000 2664 4073 κατασπαζόμενός
2694 4001 2813 4054 ὲστι
2834 3999 2936 4071 τὴν
2963 3998 3268 4069 ἱερωτάτην
3307 4012 3401 4052 σου
3440 3996 3715 4067 κορυφήν.

2394 4095 2520 4150 ΛΕ’.
2544 4124 2610 4135 -
2635 4092 2934 4157 Βασιλείῳ
2959 4089 3293 4160 ἡγουμένῳ.
3326 4085 3483 4161 [ach]

480 4187 777 4242 Theodorus
815 4200 910 4239 suo
948 4194 1003 4240 et
1039 4188 1262 4241 Platonis
1303 4188 1504 4241 nomine
1542 4191 1937 4314 hortaturulgtn:
1983 4190 2239 4302 Basiliggig,
2270 4193 2329 4301 ξι
2352 4189 2623 4313 ξδοηῇυοοιο
2641 4199 2753 4237 cum
2788 4183 2915 4249 ipsis
2949 4183 3118 4235 studio
3167 4177 3422 4232 hereticis
3441 4182 3757 4242 seopponat.

1930 4268 1981 4304 n.
2011 4268 2093 4303 an.
2233 4290 2246 4314 ,
2314 4287 2327 4300 .
2419 4286 2431 4297 .

1930 4268 1981 4304 n.
2011 4268 2093 4303 an.
2137 4268 2246 4314 συν,
2274 4268 2327 4301 ιι.
2352 4268 2431 4300 zo.

482 4338 686 4394 Basilio
737 4337 1130 4409 religiosissima
1186 4336 1464 4406 prmposito
1527 4347 1575 4392 et
1621 4324 2060 4395 archimandritas

2165 4334 2460 4399 Βασιλείᾳ)
2499 4331 2580 4398 τῷ
2618 4327 3038 4396 εὐλαϐεστάτφ
3083 4323 3400 4396 ἡγουμένῳ
3442 4319 3545 4378 καὶ
3582 4315 3754 4391 ἀρχι-

555 4431 752 4495 Romre,
783 4430 938 4485 Plato
978 4427 1205 4483 humilis‘
1231 4428 1499 4495 inclusus,
1534 4438 1583 4485 et
1623 4428 1917 4486 Theodorus
1957 4431 2063 4486 mi-

556 4523 730 4578 nimus
762 4524 1033 4594 presbyter
1084 4530 1132 4576 et
1174 4523 1489 4591 praepositus
1546 4520 1863 4579 Studiensis.

588 4699 825 4757 Litteras
846 4708 1089 4771 paternae
1116 4695 1424 4753 sanctitatis
1454 4706 1559 4753 tum
1614 4710 1724 4754 non
1753 4698 1915 4754 aliter
1942 4697 2050 4754 hu-

2228 4425 2526 4499 parbpltn
2577 4422 2809 4494 Ῥώμης
2830 4463 2847 4491 ,
2905 4420 3155 4476 Πλάτων
3199 4417 3482 4484 ταπεινὸς
3524 4415 3761 4486 ἔγκασι·

2236 4536 2407 4587 στος,
2419 4518 2519 4574 καὶ
2545 4515 2846 4586 Θεόδωρος
2871 4514 3195 4584 ἐλάχιστος
3218 4510 3630 4583 πρεσϐύτερος
3652 4506 3757 4562 καὶ

2076 4658 2132 4720 D
2240 4610 2577 4681 ἡγούμενος
2603 4604 2724 4663 τῶν
2759 4605 3071 4708 Σῖουδιου.

2224 4701 2414 4768 Οὕτως
2424 4696 2839 4773 ἀπεκαραδοκοῦ
2848 4713 2947 4770 μεν
2969 4697 3020 4750 οἱ
3038 4692 3285 4751 ταπεινοὶ⁸
3302 4690 3561 4760 δέξασθαι
3579 4704 3761 4763 γραμ·

484 4792 643 4848 miles
668 4791 1140 4863 exspectabamus,
1199 4802 1362 4859 quam
1397 4798 1539 4843 terra
1568 4788 1761 4847 sitiens
1842 4790 2060 4847 imbrem

2178 4810 2326 4867 ματα
2351 4794 2451 4867 τῆς
2477 4792 2754 4865 πατρικῆς
2781 4803 2875 4845 σου
2904 4785 3205 4861 ὁσιότητος,
3231 4786 3309 4852 ὡς
3334 4784 3409 4857 γῆ
3426 4784 3641 4856 διψῶσα
3661 4779 3761 4838 τὸν

486 4898 667 4941 suum.
700 4884 767 4939 Et
826 4891 1115 4953 postquam
1167 4897 1264 4952 spe
1312 4888 1497 4935 nostra
1546 4880 1791 4937 frustrati
1855 4895 2060 4950 sumus,

2173 4886 2379 4957 ἑαυτῆς
2409 4883 2589 4941 ὑετόν.
2620 4885 2733 4939 Καὶ
2756 4880 2949 4953 ἐπειδὴ
2982 4875 3328 4951 ἀπετύχομεν
3373 4874 3475 4949 τῆς
3503 4877 3717 4938 ἐλπίδος
3738 4917 3757 4941 ,

487 4975 781 5041 doluimus,
824 4983 885 5030 ut
922 4991 1021 5046 par
1073 4982 1209 5038 erat,
1237 4974 1613 5028 vehementer.
1658 4972 1917 5028 Attamen
1940 4989 2060 5030 cum

2166 4976 2491 5048 ὴλγήσαμεν
2513 5014 2529 5038 ,
2558 4972 2633 5039 ὡς
2664 4974 2726 5028 τδ
2758 4973 2933 5037 εἰκός⁹
2975 4972 3127 5044 ὅμως
3156 4966 3418 5043 μαθόντες
3441 4968 3543 5039 τὴν
3569 4968 3758 5022 αἰτίαν

489 5082 559 5123 ex
581 5063 887 5135 Epiphanio
917 5064 1273 5119 dilectissimo
1328 5070 1385 5117 et
1425 5062 1687 5119 fidissimo
1718 5061 1827 5117 tilio
1876 5074 2060 5120 nostra

2165 5068 2318 5140 παρά
2346 5065 2679 5138 Ἐπιφανίου
2729 5063 2826 5119 τοῦ
2863 5057 3252 5117 ποθεινοτάτου
3298 5061 3393 5114 καὶ
3421 5054 3757 5112 πιστοτάτου

488 5174 710 5215 causam
737 5156 1199 5231 cognovissemus,
1234 5156 1379 5227 quod
1431 5158 1692 5213 nimirum
1746 5166 1966 5213 coactus
2014 5158 2060 5213 id

2165 5158 2329 5231 ἡμῶν
2353 5156 2495 5224 υίοῦ,
2523 5159 2606 5212 ὃτι
2631 5156 2693 5223 ἐξ
2727 5153 3051 5226 ἀναγκαίου,
3095 5153 3193 5209 καὶ
3248 5149 3349 5207 οὐκ
3374 5152 3440 5206 ἐκ
3467 5165 3755 5222 καταφρο-

488 5250 738 5318 fecisses,
766 5264 875 5304 non
908 5254 1223 5319 contemptu
1262 5248 1444 5319 aliquo
1470 5258 1718 5304 nostrum
1755 5249 1849 5319 qui
1888 5262 2060 5318 quan-

2168 5252 2380 5321 νήσεως
2434 5251 2594 5324 ἡμῶν
2626 5249 2734 5305 τῶν
2780 5246 3015 5304 εὐτελῶν
3047 5245 3146 5303 καὶ
3194 5245 3315 5302 λίαν
3355 5244 3607 5318 ἐραστῶν
3654 5238 3757 5314 τῆς

491 5341 695 5399 tumvis
737 5340 1007 5407 tenuium,
1073 5338 1332 5409 pietatem
1381 5349 1528 5395 tuam
1581 5339 1937 5396 nihilominus
1960 5339 2060 5395 ob-

2171 5343 2478 5416 θεοφιλείας
2509 5358 2634 5397 σου·
2665 5340 3035 5414 μετεϐάλομεν
3059 5340 3121 5394 τὸ
3151 5339 3315 5409 ἄλγος
3348 5334 3451 5408 τῆς
3497 5329 3755 5409 καρδίας,

488 5446 771 5490 servamus
795 5449 809 5486 :
839 5431 1006 5487 animi
1030 5429 1271 5487 dolorem
1287 5431 1663 5497 abstersimus,
1687 5446 2060 5502 summamque

2169 5436 2347 5509 χαρὰν
2377 5433 2859 5508 προσκτησάμενοι
2879 5432 3269 5503 ίκανουμένην.
3294 5427 3620 5500 ’Δνήγγειλε
3643 5427 3755 5497 γὰρ

488 5525 728 5583 laetitiam
756 5523 1119 5596 percepimus.
1183 5522 1538 5578 Renuntiarit
1593 5522 1739 5577 enim
1778 5522 1955 5588 nobis,
2009 5532 2060 5578 te

2169 5528 2303 5599 ἡμῖν
2329 5526 2422 5581 τὸν
2455 5525 2619 5581 αὐτὸν
2647 5524 2927 5598 διαμένειν
2944 5526 3004 5579 ὲν
3039 5526 3107 5596 τῇ
3142 5523 3280 5597 πρὸς
3314 5521 3466 5595 ἡμᾶς
3511 5518 3754 5575 διαθέσει

488 5618 741 5673 eumdem
764 5630 905 5682 esse,
941 5614 1032 5686 qui
1060 5629 1187 5687 erga
1217 5630 1319 5671 nos
1339 5630 1559 5686 semper
1600 5613 1819 5680 fuisses,
1860 5612 2060 5670 affectu

2168 5635 2230 5673 τε
2259 5618 2355 5673 καὶ⁵
2382 5617 2574 5692 ἀγάπῃ
2594 5635 2607 5649 ·
2629 5618 2690 5673 οὐ
2723 5619 2832 5691 μὴν
2855 5617 2992 5673 ἀλλά
3025 5617 3121 5671 καὶ
3152 5612 3586 5687 προστιθέμενον
3610 5610 3753 5682 μᾶλ-

488 5718 544 5765 ct
581 5707 847 5764 charitate
878 5707 1046 5780 ;quin
1077 5707 1258 5778 potius
1297 5722 1406 5763 non
1457 5721 1648 5777 parum
1678 5706 1939 5763 bonitatis
1962 5705 2060 5764 ad-

2168 5706 2262 5765 λον
2290 5707 2630 5782 ἀγαθότητος
2658 5707 2928 5774 ποικίλοις
2954 5706 3199 5781 τρόποις.
3223 5704 3338 5778 Τὴν
3371 5704 3430 5760 δὲ
3464 5700 3564 5758 τοῦ
3584 5699 3752 5774 ζήλου

559 5817 606 5849 ’⁸
651 5816 769 5872 Vld.
808 5817 947 5875 infra
985 5820 1040 5875 in
1069 5817 1347 5878 Theodori"
1376 5819 1604 5877 Testam.
1639 5836 1791 5879 num.
1825 5820 1880 5876 4.
