4044 6366
269 378 405 448 1029

1489 384 2030 445 EPISTOLARUM
2073 387 2219 449 LIB.
2255 387 2306 450 ῐ.
2408 440 2411 441 ν

3379 383 3519 448 1030

260 496 362 565 τῆς
390 495 670 560 εὐσεϐείας
708 494 1062 554 διανάστασιν
1083 539 1098 564 ,
1159 496 1259 568 όση
1290 495 1408 552 ἐστὶ
1442 500 1511 570 τῇ
1562 497 1696 568 ἀγίᾳ
1745 513 1835 550 σου

1948 496 2148 565 iecisse
2188 497 2356 553 variis
2417 496 2612 553 modis.
2662 496 2775 552 Zeli
2812 510 2942 553 vero
2963 511 3125 567 quem
3187 511 3286 566 pro
3315 498 3517 567 pietate

260 587 427 657 ψυχῇ,
447 586 875 658 ἐξηγησάμενος,
902 589 1107 660 ῆχησεν
1129 588 1287 660 ἡμῶν
1312 589 1596 661 ἀμφότερα
1612 591 1681 645 τὰ
1698 584 1835 644 ὦτα.

261 677 375 731 Καὶ
396 677 687 748 εὐλογητὸς
727 677 934 750 Κύριος
964 679 1073 733 τῶν
1110 679 1415 751 δυνάμεων,
1444 682 1473 735 ὁ
1510 682 1741 752 θέμενός
1777 700 1837 737 σε

259 768 322 824 ὲν
365 772 432 841 τῇ
462 769 742 841 πρωτίστη
794 770 904 824 τῶν
938 771 1168 839 πόλεων,
1227 773 1493 843 φωστῆρα
1529 772 1837 844 θεολαμπῆ,

259 857 419 929 λόγον
447 859 595 930 ζωῆς
644 861 912 932 ἐπέχοντα
940 862 1289 935 ἀμφιλαφείᾳ
1312 864 1419 917 τῶν
1444 864 1668 933 ἀγαθῶν
1694 866 1837 937 πρά-

264 949 400 1016 ξεων
456 950 485 1004 6
509 949 632 1015 δούς
656 968 738 1005 σοι
760 951 1015 1020 γλῶσσαν
1037 952 1603 1025 ὲλευθεροστομοῦσαν
1625 956 1694 1011 τὰ
1720 957 1840 1012 θεῖα

263 1041 367 1111 τῆς
393 1040 701 1111 όρθοδοξίας
716 1042 1019 1113 διδάγματα
1051 1045 1191 1115 μετὰ
1224 1045 1430 1118 ὑψηλοῦ
1460 1046 1836 1119 κηρύγματος.

268 1130 364 1186 Ἐν
388 1127 432 1200 ᾧ
462 1133 556 1187 καὶ
597 1134 1024 1205 παρακαλοῦμεν
1053 1135 1270 1207 βοηθεῖν
1296 1140 1363 1209 τῇ
1394 1138 1517 1191 καθ’
1549 1141 1696 1211 ἡμᾶς
1715 1142 1839 1195 Ἐκ·

267 1221 486 1291 κλησίᾳ,
508 1223 576 1293 τῇ
609 1238 668 1275 τε
700 1221 877 1294 οἰκεία
904 1226 1284 1297 κραταιότητι,
1318 1227 1414 1281 καὶ
1446 1229 1513 1301 τῇ
1561 1230 1699 1300 πρὸς
1746 1231 1838 1286 τὸν

262 1311 570 1381 ἁγιώτατον
592 1313 948 1368 ἀποστολικδν
987 1317 1260 1388 μεσιτείᾳ.
1314 1317 1382 1371 Ἦ
1422 1320 1531 1392 γὰρ
1559 1319 1715 1391 ὑμῶν
1740 1324 1838 1377 ἀν-

261 1401 425 1474 δρικὴ
447 1403 590 1475 ὑπὲρ
624 1402 721 1458 τοῦ
750 1403 911 1474 λόγου
940 1405 1040 1477 τῆς
1090 1406 1354 1478 ἀληθείας
1406 1410 1689 1484 ἐκδίκησις
1736 1411 1841 1485 τῆς

266 1492 361 1547 ὐπ’
396 1494 623 1565 οὐρανὸν
645 1495 745 1566 τῆς
766 1496 1097 1568 Ἐκκλησίας
1125 1500 1363 1575 ὑπάρχει
1396 1505 1690 1577 στερέωσις
1709 1520 1725 1535 ⁸
1744 1506 1840 1561 καὶ

264 1586 297 1638 6
323 1585 418 1655 ἀφ’
453 1585 602 1656 ὖμῶν
636 1585 831 1659 ζῆλος,
882 1589 1145 1647 ἀνάπτειν
1202 1594 1450 1665 πέφυκεν
1491 1597 1579 1652 ἀεὶ
1621 1597 1840 1654 ἅπασαν

263 1675 366 1747 τὴν
392 1677 719 1750 οἰκουμένην
740 1682 822 1744 είς
856 1682 955 1753 τὴν
973 1682 1238 1757 διάπυρον
1286 1689 1346 1741 ὲν
1379 1687 1658 1760 Πνεύματι
1698 1691 1840 1762 ἁγίῳ

262 1766 368 1836 τῆς
400 1766 635 1833 πίστεως
658 1770 817 1840 ἡμῶν
846 1773 1159 1843 ὁμολογίαν.
1183 1776 1345 1831 Ὠστε
1382 1778 1653 1844 είκαζέτω
1682 1797 1776 1835 σου
1803 1782 1838 1852 ή

265 1856 568 1927 θεοσέϐεια,
595 1859 719 1924 ὅσος
745 1862 773 1915 6
799 1862 955 1931 λόγος
982 1866 1112 1937 ὑμῖν
1138 1867 1230 1921 τοῦ
1271 1869 1371 1938 τῆς
1399 1869 1683 1935 εὐσεϐείας
1704 1872 1841 1942 κρά-

267 1963 424 2012 τους’
471 1951 567 2004 καὶ
614 1951 810 2015 ὁπόσος
860 1955 890 2006 6
938 1954 1159 2021 ἔπαινος
1201 1958 1312 2013 ἀπὸ
1358 1959 1494 2015 Θεοῦ
1538 1962 1679 2031 μετά
1729 1962 1841 2017 τῶν

262 2038 434 2105 ἀξίων
461 2040 705 2112 ἀμοιᾱῖη
735 2045 795 2098 ὲν
814 2048 879 2116 τῇ
908 2045 1115 2119 ταῦτης
1148 2050 1364 2124 φυλακῇ
1391 2052 1486 2106 καὶ
1513 2054 1837 2127 ἀναρρήσειο

263 2128 336 2198 ἣν
367 2129 463 2183 καὶ
485 2130 802 2200 φυλάττοιτε
825 2134 918 2186 καὶ
942 2135 1241 2207 κηρύσσειν
1267 2140 1328 2193 οὐ
1348 2139 1591 2212 λήγοιτε,
1614 2144 1664 2197 οἱ
1695 2143 1836 2199 θειό-

261 2230 421 2273 τατοι
452 2221 547 2275 καὶ
560 2221 882 2292 ἀξιάγαστοι
911 2225 1070 2296 ήμῶν
1092 2228 1356 2302 Πατέρες.

340 2305 416 2367 υῦ
437 2312 495 2366 δὲ
525 2315 687 2387 χάριν
715 2318 1123 2393 ἀπεστείλαμεν
1160 2324 1324 2379 πάλιν
1354 2325 1447 2380 τὸν
1490 2324 1718 2396 ἀδελφὸν
1746 2328 1842 2383 καὶ

260 2407 650 2480 προσκυνητὴν
702 2409 811 2464 τῶν
863 2412 1024 2483 ίχνῶν
1092 2432 1188 2470 σου
1226 2414 1561 2487 Ἐπιφάνιον,
1620 2419 1688 2474 ἵν’
1720 2421 1844 2475 ἀντ-

260 2497 560 2571 αναγγείλῃ
593 2502 622 2555 6
644 2502 808 2569 αὐτὸς
862 2506 933 2562 τά
983 2507 1107 2563 καθ’
1141 2509 1319 2579 ἡμᾶς’
1362 2511 1438 2573 ὡς
1474 2511 1661 2581 εὐχαῖς
1688 2510 1842 2582 ὐμῶν

263 2585 453 2654 ἁγίαις
489 2585 548 2643 εὖ
603 2590 755 2662 ἔχει·
789 2598 1134 2669 χαιρομένων
1172 2599 1332 2670 ἡμῶν
1361 2600 1469 2654 τῶν
1503 2601 1843 2673 ἁμαρτωλῶν

262 2676 363 2731 καὶ
382 2677 776 2753 ,θυμηδιώντων
804 2688 863 2741 ἐν
885 2688 964 2758 τῷ
997 2689 1243 2761 διωγμῷ,
1270 2690 1365 2745 καὶ
1386 2694 1508 2757 ταῖς
1537 2692 1838 2762 φυλακαῖςο

260 2766 341 2832 ὡς
366 2769 573 2844 τολμᾷν
624 2774 834 2844 λέγειν·
894 2779 1060 2850 Ἥμῖν
1114 2781 1382 2855 ἐχαρίσθη
1432 2783 1495 2837 οὐ
1554 2785 1719 2856 μόνον
1760 2787 1841 2850 εἰς

261 2859 500 2930 Χριστὸν
528 2866 823 2933 πιστεύειν,
857 2869 991 2925 ἀλλά
1020 2873 1115 2927 καί⁵
1138 2873 1199 2928 τὸ
1224 2874 1363 2947 ὑπὲρ
1388 2875 1555 2931 αὐτοῦ
1587 2878 1839 2948 πάσχειν·

270 2951 363 3004 ἵνα
390 2953 470 3017 είς
495 2956 887 3032 ὲκτενεστέραν
933 2963 1080 3035 ὐμᾶς
1110 2968 1423 3039 προσευχὴν
1452 2972 1802 3042 παρακινήσῃ
1821 2986 1837 3003 ⁶

261 3043 409 3115 ὑπέρ
437 3062 496 3100 τε
519 3048 678 3119 ήμῶν
695 3051 806 3106 τῶν
829 3054 1073 3111 ἀσθενῶν
1098 3057 1403 3131 εὐανδρίας,
1436 3061 1533 3115 καὶ
1561 3061 1657 3115 τοῦ
1682 3065 1837 3135 κοινῇ

1939 591 2102 660 geris,
2144 598 2344 660 quanta
2382 589 2465 643 vis
2503 597 2558 643 et
2583 589 2883 644 constantia
2912 596 3113 642 sanctae
3166 587 3362 641 anima:
3408 596 3516 641 tua:

1940 680 2030 748 sit,
2062 695 2513 743 commemorans,
2539 679 2725 734 ambas
2761 679 2916 734 nobis
2964 692 3124 733 aures
3158 676 3418 747 implevit.
3449 678 3518 732 Et

1940 770 2258 847 benedictus
2297 771 2647 826 sitDominus
2704 770 2984 835 virtutum,
3016 761 3104 839 qui
3156 777 3210 823 te
3238 768 3293 821 in
3340 768 3515 838 prima

1940 861 2181 915 omnium
2212 861 2430 917 civitate
2456 861 2740 916 collocavit
2786 860 2971 915 lumen
3029 859 3291 915 divinitus
3321 875 3516 914 accen-

1940 968 2085 1018 sum,
2126 953 2353 1009 verbum
2398 953 2521 1008 vita:
2554 952 2919 1023 proferentem
2976 952 3241 1006 bonorum
3287 965 3514 1020 operum

1941 1046 2313 1111 abundantia;
2365 1044 2458 1114 qui
2524 1044 2760 1115 linguam
2811 1043 2909 1099 tibi
2965 1042 3115 1099 dedit
3158 1042 3341 1097 divina
3386 1041 3512 1096 ﬁdei

1941 1137 2254 1193 orthodoxae
2300 1136 2625 1191 documenta
2674 1135 2841 1190 libere
2874 1135 3128 1204 celsoque
3180 1133 3364 1189 animo
3403 1132 3515 1188 elo»

1940 1237 2219 1295 quentem.
2243 1225 2302 1282 ln
2329 1242 2437 1297 quo
2466 1236 2521 1281 et
2552 1234 2602 1280 te
2638 1226 2994 1289 obtestamur,
3014 1238 3175 1295 opem
3222 1224 3366 1280 ferre
3410 1223 3511 1276 Ec-

1941 1319 2122 1375 clesia:
2183 1330 2408 1383 nostrai,
2469 1328 2584 1373 tum
2645 1325 2831 1387 tu0pte
2912 1317 3127 1382 robore,
3196 1324 3312 1371 tum
3364 1314 3509 1385 apud

1940 1410 2342 1465 sanctissimum
2413 1407 2765 1480 apostolicum
2838 1404 3243 1463 intercedendo.
3292 1404 3508 1459 Etenim

1940 1500 2111 1555 virilis
2127 1508 2305 1553 vestra
2338 1513 2435 1568 pro
2462 1498 2688 1553 veritate
2721 1496 3079 1560 concertatio,
3101 1494 3366 1550 universa:
3390 1509 3512 1565 qua:

1940 1592 2043 1647 sub
2098 1590 2237 1647 calo
2296 1598 2381 1645 est
2427 1588 2682 1645 Ecclesia:
2730 1588 3128 1643 ﬁrmamentum
3169 1596 3291 1643 est:
3323 1597 3378 1643 et
3420 1586 3514 1657 qui

1941 1698 1970 1738 a
1998 1683 2151 1737 vobis
2179 1682 2353 1736 oritur
2380 1681 2550 1745 zelus,
2582 1694 2798 1749 semper
2821 1688 2992 1734 totum
3044 1680 3232 1734 orbem
3259 1680 3397 1734 solet
3447 1679 3516 1734 ad

1941 1774 2239 1829 ferventem
2270 1773 2325 1828 in
2360 1771 2579 1844 Spiritu
2607 1780 2798 1826 saneto
2831 1771 2952 1826 ﬁdei
2992 1782 3193 1827 nostra:
3214 1770 3517 1826 confessio-

1940 1881 2064 1920 nem
2092 1865 2409 1920 accendere.
2440 1865 2619 1931 Quare
2646 1862 2898 1932 conjiciat
2922 1862 3109 1933 religio
3153 1871 3264 1925 tua,
3313 1869 3515 1931 quanta

1940 1957 2096 2013 vobis
2134 1971 2294 2011 causa
2324 1956 2449 2012 ﬁdei
2480 1957 2716 2022 tuendae,
2748 1963 2805 2011 et
2828 1963 3030 2025 quanta
3054 1954 3171 2009 laus
3198 1969 3227 2007 a
3260 1954 3367 2007 Deo
3390 1966 3514 2007 cum

1940 2048 2136 2104 debitis
2181 2048 2419 2119 praemiis
2457 2063 2555 2103 vos
2578 2056 2794 2103 maneat
2844 2046 2988 2101 illam
3044 2045 3417 2100 conservando
3456 2050 3515 2099 et

1939 2140 2266 2212 proﬁtendo,
2297 2155 2457 2210 quam
2481 2154 2699 2210 semper
2724 2137 3079 2202 conservetis,
3105 2144 3159 2192 et
3189 2137 3514 2191 annuntians

1938 2248 2048 2289 non
2073 2233 2319 2298 cessetis,
2345 2232 2667 2287 divinissimi
2695 2238 2751 2287 et
2778 2229 3083 2286 admirandi
3106 2228 3291 2283 Patres
3316 2226 3512 2283 nostri.

2045 2323 2344 2395 Propterea
2393 2331 2574 2379 autem
2644 2323 2895 2378 misimus
2951 2323 3147 2377 iterum
3190 2320 3408 2376 fratrem
3458 2328 3514 2375 et

1942 2416 2290 2488 vestigiorum
2334 2425 2550 2471 tuorum
2598 2422 2968 2470 veneratorem
3021 2412 3406 2483 Epiphanium,
3451 2419 3515 2465 ut

1940 2509 2219 2563 renuntiet
2264 2506 2379 2577 ipse
2427 2506 2495 2562 de
2548 2505 2712 2561 rebus
2778 2504 3003 2567 nostris,
3057 2500 3512 2573 quemadmodum

1941 2600 2147 2655 sanctis
2201 2599 2458 2670 precibus
2520 2598 2719 2653 vestris
2783 2605 2932 2653 recte
2991 2596 3226 2650 habeant
3279 2593 3509 2649 omnia:

1941 2690 2300 2765 gaudentibus
2325 2691 2486 2746 nobis
2506 2689 2903 2761 peccatoribus,
2945 2695 3001 2743 et
3031 2685 3429 2743 exsultantibus
3452 2685 3509 2739 in

1940 2782 2317 2855 persecutione
2344 2791 2398 2837 et
2431 2784 2486 2837 in
2517 2781 2852 2846 carceribus,
2887 2780 2959 2835 ita
2984 2786 3047 2834 ut
3080 2778 3261 2835 dicere
3307 2777 3509 2832 audea—

1941 2889 2104 2929 mus:
2154 2872 2323 2928 Nobis
2360 2873 2548 2928 datum
2603 2879 2689 2928 est
2764 2886 2876 2926 non
2907 2869 3083 2925 solum
3156 2868 3384 2924 credere
3451 2867 3509 2922 in

1941 2967 2239 3033 Christum,
2262 2981 2451 3022 verum
2499 2966 2662 3021 etiam
2705 2979 2805 3036 pro
2834 2964 2954 3034 ipso
2981 2962 3091 3033 pati
3115 2962 3190 3016 ":
3224 2970 3284 3015 ut
3312 2959 3511 3015 excitet

1940 3078 2039 3117 vos
2065 3061 2133 3117 ad
2158 3060 2372 3117 enixius
2394 3062 2685 3125 orandum,
2712 3070 2768 3116 ct
2816 3075 2917 3131 pro
2963 3056 3350 3114 imbecillitatis
3404 3071 3511 3112 no-

261 3136 657 3208 συμφέροντος,
699 3143 839 3218 ὑπὲρ
877 3142 938 3203 οὗ
965 3150 994 3202 6
1020 3149 1179 3220 λόγος
1208 3153 1360 3222 ἡμῖν,
1396 3153 1493 3207 καὶ
1523 3156 1662 3227 πρὸς
1687 3156 1833 3227 ὑμᾶς

1940 3159 2068 3207 stra:
2133 3149 2475 3215 fortitudine,
2516 3160 2572 3206 et
2642 3164 2743 3220 pro
2791 3147 3068 3204 communi
3107 3145 3359 3211 utilitate,
3410 3160 3513 3216 pro

258 3228 393 3291 τοὺς
420 3228 757 3298 ἀγιωτάτους
780 3236 965 3306 δέησις
998 3242 1118 3312 τρὶς
1142 3241 1269 3313 άρτι
1306 3243 1594 3316 γινομένηο
1628 3246 1726 3317 οὐχ
1747 3246 1836 3302 ἴνα

261 3320 561 3390 ἀφεθῶμεν
593 3324 693 3394 τῆς
721 3326 966 3401 φυλακῆς
987 3348 1000 3361 ·
1029 3332 1113 3385 ὅτι
1152 3333 1289 3404 μηδὲ
1313 3333 1642 3406 λογιζόμεθα
1666 3338 1836 3410 αὐτὴν

261 3412 509 3479 ἀδοξίανο
540 3412 678 3469 ἀλλά
701 3417 960 3488 μέγιστον
988 3423 1084 3477 καὶ
1112 3423 1254 3495 ὑπὲρ
1279 3426 1380 3497 τὴν
1407 3428 1680 3501 ἡμετέραν
1709 3431 1834 3485 ἀνα-

262 3502 487 3575 ξιότητα
517 3507 702 3572 κλέος
728 3510 847 3565 ἀλλ’
878 3512 1028 3578 ὅπως
1077 3512 1187 3581 ἕξει
1219 3517 1281 3571 τὸ
1305 3519 1587 3589 ὲπωφιιλὲς
1651 3523 1710 3576 ὲν
1756 3523 1835 3593 τῷ

260 3596 452 3686 κοινῷ,
481 3598 584 3653 κᾶν
604 3600 714 3653 τῶν
733 3602 977 3673 ἐσχάτων
1019 3607 1208 3677 ἐσμέν.
1251 3609 1533 3681 Πανταχοῦ
1566 3612 1693 3684 γὰρ,
1737 3632 1835 3686 φη·

264 3684 351 3737 σὶν
375 3686 405 3737 6
429 3685 708 3757 Θεολόγος.
730 3689 793 3744 τδ
820 3690 941 3745 καθ’
970 3692 1201 3757 ἑαυτοὺς
1244 3697 1584 3767 παρορατέον
1613 3684 1757 3770 πρὸς
1772 3684 1835 3753 τὸ

260 3776 376 3828 τῶν
409 3777 622 3833 πολλῶν
676 3781 977 3853 συμφέρον.
1027 3783 1317 3857 Συμφέρον
1365 3785 1412 3840 δ’
1440 3787 1508 3841 ἂν
1550 3789 1657 3861 είη,
1700 3789 1777 3855 ὡς
1805 3792 1834 3845 6

258 3867 532 3939 ἡμέτερος
562 3872 762 3935 σκοπὸς
780 3874 875 3926 καὶ
896 3873 1084 3940 πόθος,
1119 3877 1513 3950 ὲπιτιμηθῆναι
1538 3882 1834 3948 συνοδικῶς

258 3960 354 4013 διὰ
380 3960 927 4033 τοῦκορυφαιοτάτου
956 3968 1340 4038 ἀποστολικοῦ,
1376 3970 1568 4045 ὥσπερ
1602 3976 1696 4029 ἐπὶ
1723 3975 1834 4031 τῶν

259 4053 473 4107 ἀνωθεν
502 4056 597 4109 καὶ
616 4056 675 4125 ἐξ
706 4059 901 4130 ἀρχῆς,
926 4063 1052 4126 τοὺς
1072 4062 1534 4134 συνεδρεύσαντας
1568 4068 1709 4123 κατά
1736 4068 1831 4123 τοῦ

260 4143 607 4213 Εὐαγγελίου
636 4147 729 4201 τοῦ
754 4148 1014 4217 Χριστοῦ,
1050 4150 1145 4205 καὶ
1177 4152 1682 4224 ἀναθεματίσαντας
1706 4156 1835 4222 τοὺς

258 4234 658 4307 ἀντεχομένους
678 4238 843 4294 αὐτοῦ
863 4257 879 4272 ·
916 4241 1009 4295 καὶ
1043 4241 1121 4314 μὴ
1148 4244 1249 4315 τὴν
1281 4245 1554 4315 μοιχείαν,
1590 4247 1687 4301 καὶ
1720 4263 1834 4318 μοι·

257 4324 570 4395 χοζευεῐαν,
605 4328 700 4383 καὶ
736 4332 1238 4405 μοιχοσυνδρομίαν,
1259 4334 1587 4406 δεξαμένους
1639 4336 1717 4401 ὡς
1763 4339 1833 4392 οί-

256 4418 526 4489 κονομίαν
564 4420 677 4476 τῶν
727 4422 921 4492 ἁγίων,
953 4424 1098 4480 καθά
1124 4427 1172 4480 oi
1206 4427 1522 4498 Μοιχειανοὶ
1552 4428 1832 4501 ἐδογμάτι-

1939 3258 2045 3314 qua
2092 3243 2251 3298 nobis
2293 3257 2472 3313 sermo
2502 3249 2585 3296 est
2617 3250 2709 3308 ;et
2750 3241 2817 3296 ad
2857 3255 2955 3295 vos
2980 3238 3350 3295 sanctissimos
3396 3246 3510 3293 ter-

1938 3336 2014 3391 tia
2066 3335 2178 3405 jam
2227 3334 2457 3405 repetita
2510 3331 2871 3403 deprecatio:
2911 3345 3022 3386 non
3065 3337 3124 3383 ut
3183 3344 3215 3384 e
3266 3328 3510 3385 custodia

1935 3426 2268 3493 liberemur;
2297 3424 2422 3496 quia
2453 3423 2594 3479 hanc
2620 3439 2728 3478 non
2768 3421 3018 3478 ducimus
3063 3419 3360 3483 infamiam,
3416 3418 3512 3474 sed

1935 3518 2226 3573 maximam
2269 3524 2327 3570 ut
2358 3530 2523 3585 supra
2570 3514 2762 3570 merita
2799 3521 2987 3569 nostra
3020 3511 3243 3584 gloriam
3273 3528 3289 3577 ;
3317 3524 3509 3565 verum

1936 3617 1997 3664 ut
2016 3607 2282 3664 redundet
2302 3606 2503 3662 utilitas
2522 3606 2577 3660 in
2600 3620 2911 3670 commune,
2962 3603 3181 3659 tametsi
3223 3619 3288 3658 ex
3311 3602 3512 3657 inﬁmis

1934 3702 2124 3757 slmus.
2193 3702 2422 3772 Semper
2476 3700 2643 3765 enim,
2700 3699 2775 3754 ait
2836 3697 3177 3768 Theologus,
3243 3694 3509 3767 privatum

1934 3793 2282 3849 commodum
2329 3791 2698 3863 spernendum
2729 3804 2843 3860 prae
2900 3788 3134 3843 utilitate
3190 3786 3508 3840 multorum.

1934 3887 2078 3944 Utile
2106 3894 2290 3942 autem
2321 3885 2525 3951 fuerit,
2558 3884 2705 3954 quod
2739 3898 2909 3938 unum
2946 3890 3033 3937 est
3082 3879 3367 3937 consilium
3411 3894 3513 3932 nn-

1933 3988 2107 4034 strum
2154 3987 2211 4034 et
2278 3977 2629 4041 desiderium,
2696 3975 2951 4046 synodice
3019 3988 3119 4043 per
3194 3988 3511 4042 supremum

1932 4070 2330 4141 apostolicum,
2385 4068 2528 4123 sicut
2580 4068 2649 4122 ab
2694 4066 2849 4121 initio
2912 4079 3129 4134 semper
3162 4062 3362 4118 factum
3403 4072 3507 4127 est,

1932 4160 2179 4217 damnari
2199 4175 2294 4217 eos
2322 4160 2414 4229 qui
2440 4168 2631 4215 contra
2671 4155 3022 4228 Evangelium
3050 4153 3253 4209 Christi
3307 4162 3510 4210 cretum

1934 4249 2196 4316 inierunt,
2227 4257 2283 4304 et
2306 4248 2659 4304 anathemate
2709 4245 3032 4302 defensores
3068 4242 3215 4297 illius
3262 4241 3511 4313 appetie-

1933 4350 2100 4411 runt;
2164 4341 2309 4413 quod
2378 4338 2767 4413 adulterium,
2815 4343 2871 4392 et
2896 4334 3128 4391 adulteri
3169 4332 3504 4403 coniugium,

1933 4444 1989 4491 et
2022 4432 2269 4491 adulterii
2300 4431 2660 4503 patrocinium
2724 4444 2836 4484 non
2888 4426 3193 4498 receperint
3248 4434 3504 4497 tanquam

258 4525 388 4575 σαν,
418 4510 855 4579 ἀποκαλέσαντες
897 4515 955 4570 ὲν
984 4516 1158 4589 τούτῳ
1188 4520 1317 4582 τοὺς
1368 4518 1561 4589 ἀγίους
1595 4521 1833 4592 παρανό-

1937 4525 2394 4598 dispensationem
2432 4532 2746 4581 sanctorum
2772 4535 2789 4576 :
2828 4520 2968 4577 sicut
2992 4517 3276 4575 Mmchiaui
3301 4526 3505 4573 statue-

261 4620 435 4674 μους*
488 4603 572 4660 ὅτι
622 4605 811 4677 μηδεὶς
863 4607 1018 4678 ἅγιος
1063 4608 1164 4680 τὴν
1214 4610 1411 4682 μερίδα
1447 4612 1589 4681 μετά
1636 4613 1829 4684 μοιχοῦ

252 4694 417 4749 ἔθετο
433 4712 449 4729 ⁸
478 4697 577 4768 οὐχ
594 4699 676 4752 ὅτι
696 4699 789 4752 καὶ
820 4700 1190 4772 μοιχωμένους
1216 4702 1582 4772 ἐστεφάνωσε,
1609 4705 1704 4760 καὶ
1734 4704 1835 4760 δὼ-

263 4804 379 4858 ρων
410 4787 520 4841 τῶν
550 4789 710 4845 θείων
735 4792 1112 4861 μεταδέδωκεν
1133 4809 1147 4824 ⁸
1169 4794 1330 4849 ὁπότε
1366 4795 1487 4850 οὐδὲ
1515 4796 1717 4870 στέγης
1739 4801 1834 4855 καὶ

253 4879 439 4951 πυρὸς
472 4881 809 4951 μεταδιδόναι
848 4884 1053 4949 αὐτοῖς,
1087 4884 1189 4939 κᾶν
1219 4884 1455 4956 βασιλεῖς
1477 4882 1604 4954 εἷεν,
1643 4889 1831 4961 διηγο-

254 4971 519 5045 ρεύκασι.
543 4974 650 5027 Καὶ
673 4975 754 5029 ὅτι
793 4976 887 5030 καὶ
916 4976 1049 5031 αὐτὸ
1084 4977 1147 5032 τὸ
1175 4978 1331 5033 Θεῖον
1360 4978 1654 5052 ἐξύϐρισαν
1705 4985 1829 5049 ταῖς

250 5064 616 5131 στεφανικαῖς
651 5066 1082 5135 μυσταγωγίαις,
1132 5068 1517 5138 ἀνενεγκόντες
1550 5069 1612 5124 τὸ
1638 5073 1832 5128 ἀνάθε-

249 5166 337 5219 μα
361 5149 451 5202 ὲπ⁹
482 5151 636 5216 αὐτὸ,
670 5152 759 5206 διὰ
792 5155 892 5224 τῆς
919 5155 1029 5209 τῶν
1083 5156 1459 5229 ἀντεχομένων
1508 5162 1602 5216 τοῦ
1652 5162 1822 5233 νόμου

244 5239 427 5295 αὐτοῦ
461 5241 923 5314 ἀναθεματίσεως.
959 5246 1021 5301 Et
1048 5247 1105 5301 δὲ
1134 5250 1291 5303 τοῦτο
1315 5248 1376 5303 οὒ
1397 5291 1413 5316 ,
1447 5253 1611 5323 ἡμεῖς
1641 5253 1703 5307 τὸ
1718 5252 1830 5307 λοι·-

246 5331 362 5384 στὸν
389 5332 664 5403 εὐχόμεθα
692 5334 847 5406 ὑμῶν
887 5336 994 5390 τῶν
1023 5339 1341 5411 προσευχῶν
1371 5340 1433 5394 τὸ
1456 5341 1664 5409 σθένος,
1719 5344 1830 5399 τῶν

244 5417 362 5489 τῆς
392 5418 615 5492 ἀγάπης
649 5421 865 5495 θεσμῶν
905 5425 965 5479 τὸ
997 5425 1185 5498 κῦρος,
1229 5428 1341 5484 τῶν
1367 5430 1719 5504 ἀντιγράφων
1772 5435 1832 5490 τὸ

180 5554 190 5572 ,
244 5511 499 5583 κράτος’
558 5512 589 5566 6
621 5514 842 5581 πάντως
875 5517 1318 5594 παρακληθείητε
1359 5524 1605 5593 ποιῆσαι,
1645 5543 1829 5600 παρα-

250 5600 599 5673 μυθούμενοι
646 5608 773 5671 τοὺς
819 5607 1173 5681 ὀλιγοψύχους
1250 5611 1343 5666 καὶ
1399 5614 1832 5688 ἑπιρῤωννύντες

337 5806 380 5835 ³⁸
410 5803 605 5876 Philip.
629 5822 665 5873 ι,
692 5806 781 5861 29.

1937 4628 2104 4689 runt;
2149 4628 2464 4675 sanctorum
2517 4617 2575 4673 in
2606 4616 2699 4671 illo
2754 4630 2954 4671 nomen
2999 4614 3193 4670 dantes
3236 4613 3508 4684 iniustis;

1937 4711 2192 4782 quoniam
2217 4719 2532 4767 sanctorum
2551 4709 2739 4765 nullus
2757 4715 2964 4780 partem
2992 4705 3176 4776 posuit
3204 4720 3326 4760 cum
3353 4705 3509 4760 adul-

1938 4809 2095 4857 tero:
2130 4800 2330 4855 nedum
2369 4808 2425 4856 et
2456 4799 2737 4855 adulteros
2765 4796 3069 4861 coronavit,
3098 4804 3153 4850 et
3209 4793 3393 4849 divina
3429 4796 3509 4851 eis

1938 4894 2082 4951 dona
2130 4892 2353 4949 tradidit
2378 4909 2394 4959 ;
2423 4889 2643 4963 quando
2698 4904 2803 4945 nec
2832 4895 2976 4944 tecto
3036 4885 3285 4958 autigni,
3316 4901 3507 4957 quam-

1936 4986 2019 5042 vis
2044 5000 2196 5056 reges
2243 4993 2446 5048 essent,
2504 4980 2896 5052 impertiendos
2956 4980 3281 5035 docuerunt.
3366 4976 3506 5044 Quid

1931 5084 2111 5131 autem
2141 5075 2285 5145 quod
2359 5073 2526 5128 Deum
2582 5073 2761 5143 ipsum
2813 5070 3139 5127 contumelia
3200 5068 3509 5124 aﬁ‘ecerunt

1930 5168 2232 5224 coronariis
2265 5167 2371 5222 illis
2399 5165 2690 5238 mysteriis,
2728 5173 2785 5221 et
2806 5164 3091 5219 anathema
3117 5162 3170 5216 in
3204 5177 3329 5217 eum
3353 5161 3506 5217 dixe-

1931 5267 2080 5326 runt,
2132 5272 2226 5313 eos
2270 5257 2364 5329 qui
2417 5256 2592 5328 legem
2624 5255 2745 5325 ejus
2795 5253 3248 5326 propugnabant,
3278 5253 3508 5307 anathe-

1932 5349 2255 5405 matizantes
2283 5349 2307 5403 ?
2338 5347 2494 5415 Quod
2537 5347 2584 5402 si
2624 5347 2739 5404 haec
2786 5362 2895 5403 non
2932 5345 3085 5412 ﬁant,
3146 5336 3385 5416 petimus
3437 5343 3506 5396 de

1934 5448 2133 5496 caetero
2150 5456 2371 5511 precum
2404 5451 2708 5495 veStrarum
2748 5439 2916 5495 robur
2938 5479 2955 5506 ,
2985 5436 3265 5494 charitatis
3302 5432 3505 5489 vinculi

1936 5532 2425 5601 conﬁrmationem,
2456 5534 2844 5606 rescriptorum
2909 5529 3285 5587 auctoritatem
3312 5543 3327 5581 :
3357 5523 3505 5593 quod

1938 5622 2161 5678 omnino
2205 5631 2464 5695 praestare
2495 5621 2813 5695 dignemini,
2845 5616 3178 5678 consolando
3218 5610 3507 5688 pusillani-
