4044 6366
569 412 701 482 1031
1754 410 1816 470 S.
1839 405 2236 470 THEODORI
2265 403 2615 468 STUDITIB
3704 387 3834 452 1032

567 542 707 590 mes,
781 521 1082 580 imbecilles
1154 517 1584 582 corroborando,
1665 516 1996 574 sanctissimi
2091 521 2186 577 et,

2279 514 2374 578 οὺς
2402 513 2719 580 ἀνάλκιδας,
2775 509 3072 582 ἁγιώτατοι
3115 504 3275 580 ἡμῶν
3311 503 3408 560 καὶ
3465 500 3698 574 ποθητοὶ
3746 519 3815 556 κα

564 615 956 674 desiderabiles
987 619 1046 670 et
1085 625 1306 683 semper
1349 608 1646 666 venerandi
1708 607 1900 664 Patres
1948 605 2146 660 nostri.

2278 605 2610 660 ἱεισέσαστοι
2636 603 2902 677 Πατέρες.

656 749 900 812 XXXVI.
924 779 991 792 —
1018 749 1357 822 Euprepiano
1386 759 1436 804 et
1468 749 1535 804 iis
1564 746 1653 819 qui
1679 762 1798 801 cum
1821 760 1882 800 eo
1909 751 2053 799 sunt.

2278 743 2404 812 ις’.
2419 741 2900 810 -Εὐπρεπιανῷ
2918 736 3019 794 καὶ
3037 736 3164 804 τοῖς
3184 734 3309 791 σὺν
3331 731 3514 800 αὐτῷ.
3552 728 3722 806 Ῐπηζ]

959 864 1227 917 Conﬁrmat
1247 861 1485 912 adversus
1505 856 1772 938 haereticos
1795 877 1806 906 :
1831 867 2043 920 quorum
2070 851 2265 904 facinus
2283 851 2494 917 impium
2513 849 2770 904 describit.
2797 851 2999 916 (Baron.
3027 861 3102 899 an.
3131 848 3248 910 809,
3267 860 3319 896 ιι.
3344 845 3427 895 28.

639 970 944 1028 Plurimum
978 969 1216 1033 conﬁdo,
1260 965 1444 1021 dilecti
1501 964 1619 1026 lilii,
1681 978 1781 1019 vos
1805 963 1971 1018 vitam
2002 975 2163 1034 agere

2333 958 2562 1021 Εὕελπίς
2595 959 2733 1028 ειμι,
2769 955 2936 1010 τέκνα
2985 951 3346 1026 ὴγαπημένα,
3381 947 3643 1019 περὶτῆς
3691 947 3811 1017 είρη

572 1064 916 1133 tranquillam
941 1070 996 1116 οι
1013 1061 1314 1116 secundum
1347 1059 1518 1112 Deum
1547 1055 1930 1126 compositam.
1965 1053 2156 1118 Quare

2278 1051 2416 1116 mla;
2444 1051 2540 1104 καὶ
2567 1049 2859 1103 Θεοτάκτου
2897 1044 3182 1115 διαγωγῆς
3218 1041 3394 1113 ὑμῶν.
3452 1039 3546 1093 Διὺ
3583 1035 3840 1108 μετελεύο

573 1158 640 1212 ad
664 1156 716 1210 id
753 1155 898 1225 quod
943 1162 1101 1224 urget
1121 1166 1436 1207 sermonem
1470 1157 1813 1206 convertam.
1873 1146 2159 1214 Quidnam

2278 1159 2426 1213 ιομαι
2456 1139 2550 1193 τὸν
2595 1139 2752 1207 λόγον
2781 1137 2878 1191 ἐπὶ
2929 1136 2990 1190 τὸ
3025 1136 3373 1202 κατεπεῖγον.
3427 1130 3493 1184 Τί
3533 1130 3594 1182 δὲ
3647 1127 3839 1189 τοῦτο;

574 1245 721 1300 istud
749 1220 934 1299 autem
960 1220 1104 1298 illbi
1134 1256 1301 1312 prava
1324 1241 1541 1295 illorum
1578 1240 1830 1310 dogmata
1885 1236 2160 1309 patefece-

2278 1233 2429 1286 Ὀταν
2483 1228 2926 1300 ἁνακαλύψωμεν
2980 1225 3052 1280 τὰ
3108 1223 3322 1293 πονηρὰ
3355 1223 3537 1275 αὐτῶν
3569 1220 3839 1288 δόγματα.

573 1336 770 1400 rimus,
823 1343 879 1391 et
917 1349 1112 1389 causas
1139 1332 1567 1397 ostenderimus,
1618 1309 1844 1400 propter
1892 1343 2028 1398 quas
2055 1340 2154 1380 nos

2278 1323 2353 1378 cal
2387 1319 2757 1390 ύποδείξωμεν
2784 1317 2884 1382 τὰς
2912 1316 3093 1379 αἰτίας
3122 1315 3193 1368 δι’
3224 1313 3291 1377 ἃς
3327 1313 3476 1383 ἡμᾶς
3512 1309 3840 1379 ἀνεθεμάτι-

574 1444 700 1485 cum
735 1427 856 1481 aliis
877 1427 1227 1481 anathemate
1261 1424 1627 1490 conﬁxerunt,
1680 1431 1796 1478 tum
1833 1423 1994 1494 plane
2019 1436 2156 1477 con-

2278 1430 2362 1468 ιαν
2391 1413 2533 1485 μετὰ
2564 1411 2673 1466 τῶν
2697 1409 2894 1474 ἄλλων,
2923 1406 3276 1462 παντάπασιν
3299 1402 3720 1456 ἀποδείκνυνται
3748 1402 3842 1470 οὐχ

574 1519 742 1575 stabit
769 1533 864 1573 eos
891 1532 1003 1572 non
1029 1518 1308 1587 simplices
1329 1524 1540 1570 tantum
1580 1491 1862 1571 haereticos
1883 1529 2024 1581 esse,
2059 1511 2156 1568 sed

2278 1506 2526 1577 ιιρετικοὶ
2555 1502 2702 1575 ψιλοί
2738 1519 2878 1565 πως,
2903 1500 3018 1554 ἀλλ’
3049 1497 3361 1553 ἀποστάται
3391 1493 3486 1548 τοῦ
3511 1491 3842 1560 Εὐαγγελίου

577 1628 609 1667 a
651 1611 744 1666 Dei
785 1611 1078 1682 Evangelio
1135 1617 1436 1680 apostatas,
1481 1617 1538 1664 et
1594 1606 2158 1664 excommunicatores

2278 1598 2355 1652 τοῦ
2387 1595 2544 1661 Θεοῦ,
2601 1595 2712 1650 τῶν
2749 1611 2810 1646 τε
2859 1592 3034 1661 ἁγίων
3077 1586 3535 1660 ἀναθεματισταὶ,
3599 1586 3698 1638 καὶ
3737 1583 3845 1636 τῶν

580 1712 917 1768 sanctorum,
944 1711 1000 1757 et
1019 1717 1292 1756 canonum
1315 1715 1622 1756 eversores.
1659 1698 1901 1752 Primum
1934 1696 2157 1767 quidem

2278 1689 2510 1745 κανόνων
2546 1684 2865 1742 καταλυταί.
2919 1682 2994 1736 Τὸ
3040 1680 3290 1753 πρῶτον,
3327 1675 3842 1745 ἀντικαθιστάμενοι

577 1798 724 1868 quod
761 1805 816 1852 et
841 1766 1024 1851 veteri
1067 1804 1122 1850 et
1147 1792 1298 1850 Novo
1341 1795 1716 1849 adversentur.
1765 1791 1887 1846 Non
1931 1766 2160 1845 macha-

2278 1781 2510 1844 Παλαιᾶς
2575 1781 2671 1836 καὶ
2732 1777 2896 1840 Νέας.
2954 1772 3053 1841 Μὴ
3113 1771 3506 1843 μοιχεύσεις,
3566 1769 3596 1820 6
3642 1766 3842 1868 νόμοὶ·

583 1849 723 1868 τηε
770 1849 813 1852 __
901 1849 939 1851 ρ
986 1849 991 1850 ,
1282 1849 1285 1850 ν

582 1889 888 1953 beris",ait
913 1888 997 1942 lex
1033 1904 1048 1942 :
1081 1884 1206 1940 Non
1225 1902 1458 1940 assumes
1490 1901 1677 1939 nomen
1695 1883 1790 1938 Dei
1807 1884 1862 1936 in
1881 1899 2077 1936 uanum
2092 1879 2158 1934 ".

2278 1869 2359 1939 Μὴ
2407 1869 2582 1938 λήψῃ
2625 1867 2692 1922 τὸ
2741 1867 2932 1936 ὄνομα
2963 1862 3071 1918 τοῦ
3119 1861 3269 1916 θεοῦ
3328 1859 3430 1914 ἐπὶ
3469 1857 3722 1927 ματαίῳ.
3749 1849 3848 1920 εἷς

589 1979 704 2036 Una
753 1948 838 2033 lea:
897 1988 1004 2034 esto
1057 1978 1248 2032 Judaao
1296 1986 1345 2030 et
1395 1975 1654 2046 proselyto
1681 1975 1747 2030 “.
1803 1973 2160 2044 Evangelium

2278 1967 2447 2032 νόμος
2501 1962 2658 2018 ἔστω
2698 1955 2781 2024 τῷ
2846 1954 3120 2020 Ἰουδαίῳ
3172 1952 3273 2006 καὶ
3331 1948 3412 2016 τῷ
3457 1949 3843 2017 προσηλύτφ.

586 2069 785 2126 deinde
818 2069 934 2124 sive
992 2067 1276 2123 Christus:
1317 2067 1578 2130 Audistis,
1629 2063 1829 2134 inquit,
1869 2063 1996 2135 quia
2051 2061 2164 2115 dic-

591 2170 703 2216 tum
731 2171 806 2216 est
831 2161 1063 2232 antiquis
1089 2177 1102 2214 :
1133 2159 1253 2215 Non
1281 2158 1640 2214 mmehaberis.
1685 2156 1798 2227 Ego
1841 2163 2020 2210 autem
2051 2155 2167 2208 dico

583 2255 726 2311 uobis
739 2270 832 2308 nec
845 2257 1076 2322 aspicere
1095 2251 1372 2307 mulierem
1393 2251 1461 2304 ad
1475 2249 1942 2318 concupiscendum
1963 2262 2077 2300 eam
2095 2245 2164 2310 ³⁵,

591 2345 659 2399 Ει
701 2361 717 2400 :
770 2341 872 2410 Qui
901 2342 1112 2398 soluerit
1148 2359 1322 2398 unum.
1359 2343 1424 2396 de
1469 2340 1734 2394 mandatis
1767 2339 1881 2392 istis
1914 2335 2169 2412 minimis,

591 2438 678 2492 hic
728 2439 974 2492 minimus
1023 2437 1298 2492 vocabitur
1369 2436 1426 2490 in
1471 2449 1630 2506 regno
1667 2432 1914 2487 rariorum
1940 2431 2030 2494 ";
2066 2429 2172 2483 hoc

589 2537 697 2594 est,
728 2527 783 2583 in
820 2528 1000 2600 ignem
1026 2567 1042 2593 ,
1075 2536 1137 2583 ut
1189 2528 1626 2596 interpretantur
1660 2523 1874 2589 Patres,
1907 2519 2171 2588 conjicie-

590 2626 702 2675 tur.
743 2618 810 2673 lii
863 2633 1012 2683 vero,
1056 2633 1090 2672 ο
1114 2633 1229 2671 rem
1251 2617 1440 2672 auditu
1464 2615 1780 2672 horribilem
1813 2611 2175 2669 ladulterium

592 2725 626 2766 ιι
651 2709 771 2778 lege
788 2719 843 2766 et
867 2709 1040 2781 gratia
1069 2708 1295 2764 vetitum
1320 2708 1406 2764 vel
1427 2707 1545 2778 ipso
1596 2707 1878 2764 oculorum
1907 2701 2176 2760 desiderio

597 2817 780 2872 tenus,
833 2805 1430 2876 transgressionemque
1474 2801 1714 2858 mandati
1783 2815 1895 2855 non
1964 2797 2175 2854 minimi

593 2898 738 2964 dico,
763 2897 860 2953 sed
893 2895 1148 2960 maximi,
1183 2902 1240 2950 et
1269 2894 1417 2965 quod
1471 2895 1709 2964 primum
1730 2889 1936 2946 servari
1977 2889 2174 2956 debet;

594 2991 665 3046 ad
689 2991 825 3056 haec,
875 2987 1116 3045 nominis
1143 2985 1260 3054 Dei,
1293 3000 1406 3042 non
1442 2985 1499 3042 in
1535 2998 1696 3048 vano,
1727 2981 1822 3038 sed
1851 2982 1906 3037 in
1942 2995 2002 3036 re
2040 2979 2178 3035 adeo

597 3083 781 3140 illicita
807 3094 861 3138 et
885 3080 1115 3146 nefaria,
1161 3079 1220 3136 in
1252 3079 1622 3135 adulterorum
1677 3074 1886 3132 scilicet
1913 3072 2180 3143 conjunc-

600 3175 769 3240 tione,
822 3172 1261 3244 usurpationem,
1286 3169 1603 3240 Christique
1641 3164 2048 3237 mysteriorum
2078 3161 2184 3216 im-

598 3267 982 3334 mutationem,
1052 3273 1108 3321 et
1163 3249 1444 3320 inimicam
1505 3262 1616 3317 Deo
1649 3257 2060 3316 coronationem
2117 3253 2188 3310 ab

598 3358 848 3416 adulterii
884 3367 1108 3414 auctore
1155 3356 1375 3413 diabolo
1427 3353 1655 3423 ejusque
1692 3349 1944 3406 ministro
1964 3346 2182 3408 factam,

600 3448 694 3508 Dei
736 3447 1197 3518 dispensationem
1233 3443 1592 3516 appellarunt,
1619 3455 1849 3513 eamque
1865 3436 2185 3495 laudabilem

599 3549 658 3598 et
683 3540 946 3598 Ecclesia:
970 3541 1293 3596 salutarem.

671 3785 1006 3842 Obturemus
1049 3799 1248 3848 aures,
1296 3796 1364 3836 ne
1410 3777 1751 3849 blasphemia
1803 3776 2184 3842 tabescamus,

605 3877 820 3936 fratres.
853 3879 1030 3948 Atque
1056 3877 1159 3930 hac
1189 3872 1513 3929 defensione
1542 3879 1773 3926 utuntur
1794 3909 1808 3934 ,
1845 3866 2188 3938 evangelica-

605 3987 724 4027 rum
753 3970 934 4040 legum
969 3968 1256 4031 rationem,
1278 3979 1402 4018 cum
1427 3963 1496 4018 de
1519 3962 1737 4033 regibus
1761 3959 1957 4028 agitur,
1978 3956 2184 4023 haberi,

606 4072 666 4120 ut
692 4063 880 4128 aiunt,
918 4076 1028 4133 non
1057 4059 1278 4114 debere.
1313 4055 1393 4110 En
1432 4055 1534 4109 alia
1568 4052 1889 4108 Antichristi
1930 4067 2188 4122 persecu-

607 4155 706 4220 tio,
736 4163 793 4209 et
823 4153 1044 4208 ubinam
1081 4149 1208 4205 illud
1236 4167 1250 4202 :
1282 4147 1485 4202 Eadem
1509 4145 1592 4199 (ea:
1616 4145 1712 4200 erit
1743 4145 1826 4199 "‘I
1866 4145 1934 4200 Et
1973 4145 2066 4199 ubi
2095 4142 2191 4200 Ju-

2264 2055 2431 2118 Αὖθις
2455 2053 2516 2108 τὺ
2545 2051 2899 2122 Εὐαγγέλιον,
2933 2050 3058 2121 ἦτοι
3115 2049 3144 2100 6
3199 2043 3460 2115 Χριστός,
3488 2040 3845 2104 Ἠκούσατε,

2267 2148 2453 2220 φησιν,
2499 2146 2590 2200 ὅτι
2647 2143 2869 2214 ὲῤῥήθη
2937 2140 3064 2208 τοῖς
3115 2137 3430 2207 ἀρχαίοιςο
3487 2135 3570 2187 οὐ
3607 2131 3846 2201 μοιχεύ-

2267 2254 2436 2306 σεις·
2471 2236 2586 2307 ἐγὼ
2636 2236 2706 2290 δὲ
2763 2234 2920 2304 λέγω
2975 2231 3156 2302 ὐμῖνο
3186 2227 3342 2298 μηδὲ
3401 2223 3704 2296 ἐμϐλέψαι
3747 2239 3847 2290 τυ-

2267 2329 2449 2384 ναῖκα
2479 2325 2627 2396 πρὸς
2651 2325 2718 2379 τὸ
2749 2319 3120 2392 ἐπιθυμῆσαι
3165 2317 3379 2384 αὐτήν.
3423 2315 3556 2378 Kal,
3600 2314 3663 2366 '0
3692 2313 3851 2366 λύων

2265 2421 2415 2492 μίαν
2444 2418 2562 2474 τῶν
2589 2415 2856 2472 ἐντολῶν
2871 2414 3099 2470 τούτων
3127 2410 3247 2466 τῶν
3275 2408 3648 2476 ἐλαχίστων,
3679 2400 3851 2468 οὗτος

2271 2511 2594 2582 ἐλάχιστος
2615 2507 2984 2575 κληθήσεται
3001 2504 3072 2559 ἐν
3104 2501 3180 2571 τῇ
3199 2499 3492 2573 βασιλείᾳ
3527 2495 3648 2550 τῶν
3683 2495 3852 2562 cupa-

2271 2604 2424 2662 νῶνο
2449 2605 2620 2676 ήγουν
2647 2605 2728 2666 εἰς
2752 2601 2815 2655 τὸ
2844 2599 2976 2671 πῦρ,
3002 2599 3078 2661 ὡς
3099 2596 3149 2650 0i
3176 2593 3422 2663 Πατέρες
3436 2587 3850 2676 ἑρμηνεύουσιν,

2275 2696 2706 2771 ὲμὸληθήσεται.
2743 2693 2810 2747 Ol
2833 2690 2912 2754 δὲ,
2949 2688 2996 2744 ὣ
3045 2685 3141 2741 τοῦ
3173 2680 3408 2756 ιροσεροῦ
3465 2675 3848 2771 ἀκούσματος]

2274 2767 2374 2861 τίῆν
2405 2767 2653 2860 μοιχείαν
2677 2785 2776 2856 τὴν
2798 2783 2935 2853 litui;
2945 2796 3140 2853 ρυκτον
3170 2777 3337 2846 νόμου
3361 2773 3458 2828 καὶ
3491 2771 3740 2843 χάριτος,
3766 2767 3855 2861 μέ-

2275 2858 2370 2954 χρι
2406 2858 2510 2936 itali
2539 2875 2833 2947 ἐπιθυμίας
2862 2869 3344 2946 ὲμδλεμματικῆς,
3375 2866 3477 2938 τήν
3502 2879 3565 2954 τε
3590 2861 3746 2915 λύσιν
3761 2858 3854 2954 τῆξ

2277 2948 2378 3026 οῦκ
2411 2967 2724 3038 ἐλαχίστης.
2754 2963 2892 3018 ἀλλὰ
2911 2959 3136 3036 πρώτης
3171 2959 3348 3012 εἰπεῖν
3367 2959 3425 3008 ὲν
3455 2953 3534 3024 τῷ
3571 2948 3856 3038 πρακτικῷ

2284 3059 2379 3115 καὶ
2405 3037 2667 3130 μεγίστης
2687 3052 2909 3124 ἐντολῆς
2925 3068 2939 3083 ο
2971 3051 3069 3106 καὶ
3099 3047 3234 3119 πρὸς
3256 3044 3492 3112 τούτοις,
3523 3042 3626 3114 τὴν
3651 3039 3747 3093 οὐκ
3769 3037 3856 3130 επὶ

2287 3153 2501 3228 ματαίῳ
2531 3150 2696 3222 λῆψιν
2719 3145 2814 3202 τοῦ
2841 3146 3108 3218 ὀνόματος
3133 3139 3230 3195 τοῦ
3259 3136 3418 3205 Θεοῦ,
3451 3135 3568 3190 ἀλλ’
3603 3134 3698 3187 ἐπὶ
3734 3129 3854 3184 ἀθε-

2287 3247 2429 3320 μίτῳ
2456 3243 2762 3316 τηλικὰυτῃ
2789 3237 2990 3306 πράξει
3041 3237 3273 3306 πονηρᾷ,
3309 3233 3453 3298 λέγω
3493 3229 3562 3301 δὴ
3585 3227 3860 3320 potvisti-

2287 3315 2411 3409 ξίᾳ,
2424 3336 2584 3408 λῆψιν
2621 3333 2716 3388 τοῦ
2753 3331 3019 3404 ὀνόματος
3069 3327 3165 3382 τοῦ
3193 3324 3354 3392 Θεοῦ,
3403 3322 3499 3378 καὶ
3561 3315 3860 3391 μετάληψιν

2285 3430 2393 3485 τῶν
2429 3424 2748 3500 μυστηρίων
2787 3421 3052 3495 Χριστοῦ,
3114 3419 3210 3475 καὶ
3238 3412 3571 3485 στεφανιιιὴν
3608 3409 3704 3463 τοῦ
3740 3424 3857 3478 μοι·

2285 3518 2521 3594 χουργοῦ
2560 3516 2812 3575 διασόλου
2843 3514 2940 3569 καὶ
2982 3511 3258 3584 ὑπηρέτου
3313 3504 3481 3560 αὑτοῦ
3540 3501 3856 3574 θεομαχίαν,

2286 3609 2598 3680 οἰκονομίαν
2617 3607 2754 3661 Θεοῦ
2787 3605 3262 3679 προσηγόρευσαν,
3295 3599 3612 3671 ἀγαθήν-τε
3637 3594 3735 3649 καὶ
3766 3607 3863 3645 st»-

2285 3702 2480 3775 τήριον
2503 3702 2574 3774 τῇ
2620 3696 2946 3768 Ἐκκλησία.
2975 3747 2978 3750 .

2357 3791 2622 3862 Βύσωμεν
2664 3787 2732 3842 τὰ
2784 3780 2923 3847 ὦτα,
2963 3783 3038 3855 μή
3080 3797 3212 3853 ποτε
3241 3777 3598 3848 τακῶμεντῇ
3629 3774 3864 3845 βλασφηι

2292 3885 2412 3958 μιᾳ,
2459 3877 2504 3939 ὦ
2537 3879 2783 3951 ἀδελφοί.
2813 3879 2928 3934 Καὶ
2977 3877 3038 3930 τὸ
3069 3873 3350 3943 δικαίωμα
3386 3870 3591 3932 αὐτοῖς,
3639 3868 3736 3921 ἐπὶ
3763 3864 3864 3919 τῶν

2292 3976 2588 4048 βασιλέων,
2643 3971 2802 4044 φησὶ,
2834 3971 3036 4040 χρῆναι
3079 3962 3459 4036 παραϐλέπειν
3487 3960 3612 4020 τοὺς
3641 3958 3866 4024 εὐαγγε-

2289 4067 2476 4128 λικοὺς
2491 4063 2709 4134 νόμους.
2730 4061 2839 4115 Ἴδε
2853 4058 2987 4130 ἄλλη
3007 4051 3387 4128 ἀντιχριστικὴ
3412 4049 3739 4123 προδρομία.
3765 4048 3867 4100 Καὶ

2290 4157 2396 4212 ποῦ
2425 4157 2510 4222 τὺ,
2553 4153 2660 4221 Εἷς
2704 4155 2886 4224 νόμος
2909 4151 3081 4205 ἔσται
3102 4188 3119 4215 ,
3139 4149 3252 4204 Kal
3273 4145 3378 4200 ποῦ
3403 4145 3704 4214 τὺ,Κρίσις
3729 4137 3869 4194 ἀπό·

608 4249 808 4302 dicium
853 4244 1192 4298 durissimum
1229 4243 1310 4296 his
1347 4241 1436 4312 qui
1470 4248 1702 4308 prmum
1724 4237 1815 4291 ἐἳ
1841 4245 1898 4292 et
1925 4237 2016 4292 ubi
2048 4236 2186 4291 Deus

2295 4267 2477 4322 τομος
2503 4249 2574 4302 ἐν
2603 4247 2728 4313 τοῖς
2779 4244 3191 4314 ὐπερέχουσι;
3238 4240 3349 4294 Καὶ
3401 4237 3504 4292 ποῦ
3548 4234 3630 4302 τὸ,
3679 4232 3868 4300 Πρόσ-

611 4352 890 4409 personam
922 4335 1147 4388 hominis
1185 4350 1285 4388 non
1319 4323 1510 4402 accipit
1556 4330 1636 4384 ὀἳ
1671 4330 1742 4384 Ει
1783 4330 1906 4399 quis
1947 4330 2186 4401 impera-

2289 4357 2456 4396 ωπον
2470 4336 2786 4407 ἀνθρώπου
2813 4335 2959 4398 Θεὸς
2974 4335 3046 4386 οὺ
3061 4328 3388 4401 Jugale-et;
3419 4326 3530 4380 Kal
3547 4324 3630 4387 τίς
3655 4325 3689 4376 6
3716 4335 3870 4391 νομοο

613 4427 749 4484 toris
773 4424 1083 4498 legislator?
1108 4422 1174 4476 Et
1196 4422 1454 4493 quoniam
1478 4429 1538 4475 ut
1562 4420 1840 4490 princeps,
1871 4418 1950 4474 sic
1975 4432 2030 4474 et
2061 4419 2186 4474 sub-

2297 4433 2458 4502 Θέτης
2482 4429 2782 4502 βασιλέως;
2821 4425 2931 4480 Kal
2986 4423 3173 4494 ἐπειδὴ
3204 4420 3346 4476 κατὰ
3395 4419 3457 4472 τὸ
3486 4416 3656 4486 ἄρχον
3684 4413 3778 4468 καὶ
3817 4410 3872 4464 τὸ

611 4521 799 4588 ditus;
847 4517 1192 4574 subditorum
1240 4529 1456 4585 quoque
1501 4529 1613 4568 non
1651 4521 1816 4568 erunt
1858 4513 2186 4584 Evangelicae

2296 4523 2620 4595 ἀρχόμενον,
2651 4518 2776 4574 οὐδὲ
2817 4517 2926 4572 τῶν
2959 4514 3280 4588 ἀρχομένων
3307 4513 3358 4565 0i
3387 4510 3541 4580 νόμοι
3567 4508 3616 4560 oi
3644 4507 3872 4595 εύαγγετ

613 4615 780 4687 leges.
805 4611 940 4666 Nam
967 4611 1014 4666 si
1041 4609 1208 4674 illius,
1235 4607 1537 4662 etistorum
1565 4620 1784 4676 quoque
1811 4625 1823 4660 :
1850 4612 1910 4660 ut
1935 4614 2186 4676 tanquam

2488 4612 2552 4666 El
2577 4609 2689 4681 γὰρ
2717 4605 2950 4673 ἐκείνου,
2975 4604 3245 4660 κάκείνων
3265 4619 3278 4632 ·
3305 4602 3393 4656 ἴνα
3409 4599 3657 4673 ,μένωσιν
3683 4597 3758 4662 ὡς
3790 4591 3872 4663 ὑφ’

615 4685 719 4761 sub
749 4720 855 4758 una
907 4703 1026 4773 lege
1065 4716 1128 4755 ac
1171 4698 1482 4770 legislatore
1518 4696 1716 4766 positi,
1749 4697 2186 4768 obtemperantes

2301 4705 2384 4759 ἐνὶ
2421 4702 2746 4772 ταττόμενοι
2798 4699 2950 4770 νόμῳ
2995 4698 3089 4752 καὶ
3127 4694 3414 4766 νομοθέτῃ,
3457 4689 3735 4752 εὐπειθεῖς
3787 4685 3874 4739 καὶ

613 4807 673 4854 et
717 4797 837 4852 sine
887 4794 1122 4850 tumultu
1177 4799 1454 4847 maneant.
1485 4789 1641 4857 Quod
1689 4790 1733 4844 si
1782 4790 1878 4845 ille
1925 4792 2028 4846 sub
2079 4792 2186 4864 lege

2301 4793 2676 4850 ἀστασίαστοι.
2709 4791 2773 4846 Ei
2797 4789 2854 4844 δὲ
2879 4789 3089 4844 ἐκείνου
3119 4784 3204 4853 οῦ,
3232 4787 3322 4840 ὅτε
3348 4784 3597 4856 βούλεται
3623 4798 3640 4812 ·
3667 4781 3730 4834 ού
3757 4776 3873 4847 βού-

617 4903 727 4944 ιιοιι
759 4887 832 4943 sit
861 4886 1078 4958 quando
1121 4885 1236 4940 vult
1261 4925 1276 4948 ,
1312 4884 1445 4939 velit
1483 4891 1667 4936 autem
1716 4880 1949 4936 fortasse
1991 4882 2186 4938 nullan

2301 4887 2449 4942 λοιτο
2475 4885 2533 4939 δὲ
2564 4884 2727 4955 τυχδν
2753 4881 2946 4938 οὐδένα
2971 4880 3264 4952 φυλάττειν
3287 4895 3303 4912 ο
3343 4875 3526 4932 αὐτῶν
3548 4875 3602 4928 δὲ
3629 4873 3763 4926 ναί·
3793 4867 3875 4921 δύο

617 4994 872 5044 servare;
918 4979 1005 5034 isti
1053 4993 1182 5033 vero
1214 4977 1576 5033 nihilominus
1605 4976 1714 5032 sint
1763 4977 1865 5032 sub
1913 4976 2080 5046 lege:
2133 4976 2186 5032 al

2306 4977 2503 5040 ταῦτα,
2535 4975 2569 5047 ἦ
2597 4975 2729 5039 Θεός
2755 4975 2906 5027 ἐστιν
2933 4974 2962 5027 6
2995 4970 3249 5044 βασιλεύς
3268 4985 3282 5000 °
3301 4967 3469 5039 ,μόνον
3503 4967 3608 5035 γὰρ
3646 4963 3710 5016 τὸ
3735 4961 3876 5013 θεῖον

620 5078 795 5126 terum
840 5086 871 5126 e
915 5070 1129 5126 duobus
1191 5068 1343 5139 sequi
1373 5083 1599 5124 necesse
1629 5076 1732 5135 est,
1757 5077 1852 5123 aut
1905 5068 2186 5138 imperato

2305 5070 2404 5142 οὐχ
2433 5069 2540 5124 ὑπὸ
2572 5069 2736 5140 νόμον
2763 5083 2778 5097 ·
2812 5066 2847 5139 ἢ
2882 5065 3142 5137 ἀναρχία,
3171 5063 3266 5116 καὶ
3295 5060 3508 5122 στάσις.
3551 5051 3624 5111 Οὗ
3660 5055 3768 5124 γὰρ
3797 5052 3878 5103 v3-

621 5179 738 5218 rem
782 5161 950 5218 Deum
1005 5178 1166 5228 esse;
1218 5161 1368 5216 solus
1414 5160 1684 5231 siquidem
1741 5161 1886 5215 Deus
1934 5159 2037 5215 sub
2086 5159 2186 5232 legi

2311 5178 2409 5234 μσς
2441 5160 2520 5232 μὴ
2545 5161 2762 5224 ταυτδς,
2793 5159 2912 5224 πῶς
2943 5158 3177 5230 εἰρήνης
3217 5153 3311 5208 τοῦ
3345 5150 3606 5225 βασιλέως
3645 5146 3776 5202 ἄλλο
3799 5143 3879 5234 06-

621 5269 734 5310 non
763 5262 884 5317 est;
921 5261 1017 5308 aut
1063 5252 1412 5308 rebellionem
1471 5252 1704 5308 existere
1751 5261 1808 5307 et
1858 5251 2183 5308 seditionem

2307 5253 2512 5318 λοντος.
2549 5252 2716 5322 ἤγουν
2761 5249 3058 5321 μοιχεύειν,
3087 5248 3121 5320 ἢ
3153 5243 3486 5317 αἰρετίζειν·
3517 5241 3609 5294 καὶ
3643 5237 3756 5290 τῶν
3787 5232 3882 5286 ὑπὸ

622 5345 724 5404 Ubi
760 5345 920 5406 enim
953 5345 1140 5400 eadem
1173 5345 1257 5401 lex
1300 5361 1412 5401 non
1468 5353 1574 5407 est,
1595 5343 1684 5414 qui
1718 5359 1824 5414 pax
1861 5357 1983 5399 esse
2017 5352 2180 5414 queat

2312 5347 2472 5418 χεῖρα
2501 5345 2576 5416 μὴ
2607 5342 2955 5398 συντίθεσθαι
2977 5341 3076 5411 τὴν
3113 5339 3309 5411 μερίδα
3351 5333 3490 5407 μετὰ
3514 5329 3706 5404 μοιχοῦ
3730 5339 3881 5394 vouc-

624 5439 956 5510 lmperatore
1006 5437 1152 5491 aliud
1205 5437 1452 5502 volente,
1484 5435 1761 5491 ‘moechari
1811 5435 2059 5498 scilicet,
2118 5449 2185 5488 au

2314 5437 2674 5508 Θετουμένων,
2709 5434 2845 5506 μηδὲ
2865 5431 3260 5504 συναιρετίζειν
3283 5446 3300 5461 ⁸
3335 5427 3462 5499 μηδ’
3484 5427 3567 5478 ὅτι
3592 5419 3692 5476 οὗν
3715 5432 3883 5510 παρα·

624 5509 818 5586 hzeresi
846 5527 1127 5584 adhaerere
1157 5542 1170 5580 :
1205 5526 1449 5582 subditos
1469 5535 1652 5581 autem
1690 5522 2174 5594 astringentevlege

2314 5527 2521 5584 ϐαίνειν
2549 5527 2611 5583 τὸ
2641 5528 2749 5581 ὑπὸ
2780 5525 3019 5598 Χριστοῦ
3053 5524 3148 5580 καὶ
3172 5523 3282 5577 τῶν
3303 5519 3624 5576 ἀποστόλων
3651 5509 3882 5598 παραδεῗ

625 5629 690 5676 ιιι
731 5635 867 5676 cum
913 5619 1164 5676 adultero
1220 5633 1330 5673 non
1406 5617 1816 5674 communicent
1862 5631 1878 5670 :
1945 5628 2048 5670 nec
2098 5614 2184 5669 hae

2313 5620 2536 5693 δομένον
2561 5637 2578 5687 ;
2605 5619 2717 5674 Kal
2765 5597 2884 5683 uti);
2934 5617 3183 5672 ἐντεῦθεν
3230 5607 3806 5678 οὺ.συναναφαίνεται
3854 5597 3882 5650 6

626 5709 737 5764 resi
767 5725 890 5765 eum
925 5710 1016 5766 illo
1042 5709 1356 5766 adhaereant
1383 5727 1396 5763 :
1429 5724 1530 5764 nec
1557 5707 1703 5762 aliud
1742 5707 2039 5778 quidquam
2077 5706 2186 5766 .vio«

2327 5711 2690 5784 Ἀντιχριστος
2729 5711 2821 5765 ἐπὶ
2863 5708 3061 5781 Θύραις.
3099 5704 3279 5774 εἷναις
3310 5706 3386 5760 ού
3422 5703 3532 5775 γὰρ
3559 5698 3883 5768 τολμήσουσι

703 5823 744 5853 ³⁸
775 5822 949 5877 Exod.
1002 5839 1091 5886 xx,
1153 5837 1276 5886 xm,
1351 5823 1396 5855 ’³
1445 5821 1572 5874 ibid.
1611 5836 1704 5874 vn.
1779 5819 1823 5850 "‘
1902 5817 2077 5873 Exod.
2137 5833 2231 5885 xu,
2269 5820 2356 5878 49.

641 5877 645 5883 .
703 5822 953 5894 "Exod.
1002 5839 1091 5894 xx,
1153 5837 1302 5894 ιιιιη
1351 5823 1396 5855 ’³
1433 5821 1573 5894 ibid.
1611 5836 1704 5874 vn.
1779 5819 1823 5894 ’ξ
1902 5817 2077 5873 Exod.
2137 5833 2186 5872 xl

2278 5820 2356 5878 ιο.
2481 5825 2526 5856 ιε
2552 5821 2741 5878 Matth.
2779 5838 2858 5894 ν,
2899 5821 2988 5889 27,
3031 5821 3123 5877 ss.
3197 5820 3245 5854 ιι
3277 5817 3412 5874 ibid.
3469 5813 3554 5870 ιο.
3628 5810 3676 5843 ιτ
3715 5803 3878 5863 Exod.

633 5905 730 5958 xu,
757 5891 844 5946 i9.
917 5893 962 5925 "
998 5891 1125 5963 Sap.
1156 5908 1204 5947 vn
1227 5935 1239 5958 ,
1275 5892 1328 5947 6.
1405 5892 1450 5925 ”
1481 5891 1649 5946 Galat.
1686 5905 1758 5955 ιι,
1790 5889 1842 5943 6.
