4044 6366
255 371 394 438 1033

1476 384 2016 445 EPIS’I‘OLARUM
2043 385 2190 446 LIB.
2231 385 2280 446 Ι.

3363 387 3500 456 1034

245 482 415 552 φάναι
438 483 487 534 οί
511 483 864 555 Μοιχειανοί·
898 488 991 558 Μὴ
1033 489 1154 561 οὐχὶ
1190 490 1219 543 ὃ
1250 494 1443 563 ἀνομεί
1480 496 1509 548 6
1545 494 1796 564 βασιλεὺς

1927 493 2038 548 lent
2067 510 2256 549 eorum
2286 511 2408 566 quae
2432 510 2462 549 a
2491 494 2709 552 Christo
2745 506 2799 550 et
2829 498 3091 566 apostolis
3127 500 3324 556 tradita
3354 514 3500 560 sunt.

246 576 394 628 ποιεί
417 592 478 628 τε
506 565 602 630 καὶ
633 576 844 631 κελεύει
869 579 1119 634 ὑπείκειν
1144 581 1236 638 τὸν
1264 583 1392 640 λαόν
1415 603 1428 650 ;
1465 587 1576 641 Καὶ
1609 587 1684 641 ἴδε
1709 591 1824 642 εἱσ-

243 663 411 736 ἧλθεν
439 667 498 719 ὲν
524 666 600 738 τῷ
623 666 770 740 λόγῳ
803 670 985 724 αὐτῶν
1010 673 1230 740 πάντως
1251 677 1279 728 6
1311 676 1696 748 Ἀντίχριστος.
1728 680 1826 735 Βα-

244 755 428 821 σιλεὺς
466 757 574 830 γὰρ
603 757 678 812 ὢν
716 761 987 826 κάκεῖνος,
1021 763 1184 819 τοῦτο
1223 766 1384 837 μόνον
1417 771 1762 843 ὲπιζητήσοι,
1795 773 1826 826 6

243 845 388 901 θέλει
439 847 538 901 καὶ
585 847 734 919 λέγει
784 851 1070 920 γίνεσθαι·
1105 856 1202 910 καὶ
1246 857 1400 913 οὐδὲν
1454 860 1518 914 τὸ
1567 861 1824 934 διάφορον

241 936 383 1007 πρὸς
411 939 540 1003 τοὺς
570 939 677 1011 πρὸ
704 940 892 1006 αὐτοῦ,
927 942 961 1015 ἢ
996 943 1079 1010 τὸ,
1113 946 1190 1018 μὴ
1213 948 1471 1004 τοσοῦτον
1512 951 1688 1005 θέλειν
1729 952 1825 1007 καὶ

241 1026 552 1097 βούλεσθαι,
577 1031 711 1086 ὡσεὶ
739 1034 835 1088 καὶ
855 1033 1136 1107 θελήσοιεν
1164 1038 1259 1092 καὶ
1287 1041 1435 1111 ἄρτι.
1482 1043 1547 1096 Ἢ
1574 1043 1710 1114 αὐτὴ
1739 1043 1825 1111 EE-

237 1118 398 1172 ουσία
441 1119 592 1192 παρά
627 1121 735 1175 τῶν
767 1123 1038 1196 ἱεραρχῶν
1077 1129 1372 1196 συνοδικῶς
1414 1133 1818 1206 ὲκπεφώνηται.

236 1207 350 1260 Καὶ
373 1207 490 1271 πῶς
528 1209 729 1266 συνιών
761 1229 865 1279 τις,
889 1219 984 1268 καὶ
1009 1216 1110 1270 οὐκ
1140 1217 1217 1272 ὢν
1244 1219 1484 1294 δύσερις,
1506 1224 1604 1293 οὐχ
1627 1224 1818 1295 ὁμολοο

237 1295 462 1366 γήσειεν
484 1297 658 1362 οὕτως
687 1299 868 1370 ἔχειν;
897 1303 963 1356 Τί
994 1305 1052 1358 δὲ
1075 1307 1280 1380 ταύτης
1303 1311 1402 1381 τῆς
1425 1312 1692 1384 αἱρέσεως
1715 1317 1822 1384 χεῖ-

239 1402 333 1439 οον
359 1387 535 1454 ἔσται,
574 1389 682 1456 ἕως
719 1393 1043 1461 ἀναδείξεως
1075 1399 1247 1470 αὐτῆς
1271 1400 1366 1454 τοῦ
1405 1404 1775 1476 Ἀντιχρίστου
1802 1423 1817 1471 ;

248 1477 392 1546 Ἐγὼ
419 1478 576 1534 οὔπω
591 1481 734 1536 δοκῶ
757 1481 896 1538 εἶναι
919 1501 932 1515 ³
959 1486 1076 1541 ἀλλ’
1103 1489 1275 1562 αὐτὴν
1303 1493 1512 1564 ταύτην
1541 1499 1621 1559 εἰς
1647 1497 1821 1567 πέρας

232 1570 555 1657 ἀρξαμένην
587 1575 652 1628 ὲκ
695 1575 792 1630 τοῦ
825 1575 987 1648 δεῦρο
1023 1580 1101 1652 τῷ
1137 1582 1260 1636 τότε
1292 1585 1472 1656 καιρῷ
1510 1588 1779 1660 ἀπολῆξαι
1799 1603 1814 1619 °

231 1662 330 1716 καὶ
349 1654 464 1716 ὅσοι
489 1663 549 1717 ἐν
576 1665 747 1738 ταύτῃ
773 1666 1109 1736 ὑποπὲσωσι,
1137 1672 1242 1728 κᾶν
1269 1654 1684 1750 τότε-ὑπῆρχον,
1711 1682 1816 1734 ὑπ-

229 1753 430 1810 έπεσον
459 1756 525 1810 άν
545 1773 560 1789 ⁸
592 1758 686 1812 καὶ
723 1760 909 1814 ὀπόσοι
933 1761 1163 1835 δυνάμει
1191 1765 1326 1821 Θεοῦ
1371 1769 1812 1842 ἀνταγωνιζόμε-

226 1861 311 1899 νοι
337 1848 558 1914 στῶσιν,
592 1846 704 1906 εἶεν
730 1849 799 1906 ἀν
827 1852 920 1906 καὶ
940 1856 1060 1918 ταῖς
1077 1834 1324 1929 γήμέραις
1353 1834 1590 1926 ἐκείναις
1614 1834 1810 1918 vixi-Iw-
1845 1834 1889 1894 Β

223 1951 322 2000 τες
354 1937 444 1993 τὸν
471 1939 840 2013 ’Δντίχριστον
860 1945 918 2000 ὲν
941 1945 1158 2020 θανάτῳ
1183 1951 1322 2020 μετὰ
1350 1953 1612 2024 Χριστοῦ.
1645 1958 1808 2023 Ἀλλ’,

222 2022 273 2077 ὣ
315 2025 418 2096 τῆς
460 2027 811 2104 ἀνθρωπίνης
851 2035 1256 2108 ταλαιπωρίαςῐ
1307 2022 1426 2106 πῶς
1475 2022 1810 2102 ἀπεντεῦθεν

223 2115 375 2170 νῶτα
405 2117 712 2191 ἔστρεψανς
746 2123 862 2189 πῶς
885 2125 1314 2200 ὑποδεικνύομεν
1333 2131 1386 2186 τί
1409 2134 1684 2205 ὲσόμεθα;
1709 2138 1810 2193 Διά

220 2207 388 2276 τοῦτο
413 2211 587 2282 ὀλίγοι
629 2215 678 2269 οἱ
709 2216 996 2288 μέλλοντες
1034 2223 1249 2294 στῆναι.
1290 2226 1390 2280 Διὰ
1417 2227 1580 2282 τοῦτο
1621 2229 1809 2298 Ἠλίας

219 2301 324 2352 καὶ
366 2301 536 2375 Ἑνώχ
561 2318 576 2334 °
625 2305 727 2360 οὑκ
751 2308 976 2379 οἴδαμεν
1023 2314 1072 2367 εί
1113 2315 1206 2366 καὶ
1241 2317 1269 2369 6
1301 2315 1562 2387 Θεολόγος
1591 2321 1685 2374 καὶ
1717 2323 1809 2376 εύη

219 2391 574 2468 αγγελιστὴς,
600 2397 807 2470 ἀρωγοὶ
844 2401 946 2472 τῆς
978 2404 1331 2478 ἀνθρωπίνης
1363 2410 1669 2480 ἀσθενείας,
1711 2417 1806 2469 καὶ

219 2485 628 2554 πρωτοστάται,
686 2489 779 2543 καὶ
823 2490 1117 2564 ἀθλοφόροι
1169 2497 1269 2568 τῆς
1319 2499 1459 2571 ὑπὲρ
1513 2503 1805 2574 ὁμολογίας

215 2572 464 2642 Χριστοῦ
501 2577 682 2650 νίκης.
722 2581 824 2638 Διά
866 2581 1024 2638 τοῦτο
1070 2585 1540 2660 κολοϐωθήσονται
1573 2595 1631 2647 al
1663 2572 1803 2667 ἡμέ-

215 2680 316 2734 ραι
350 2665 453 2758 τῆς
480 2668 728 2743 ἀνάγκης
758 2674 976 2748 ἐκείνης
1006 2679 1072 2750 τῇ
1107 2679 1401 2756 ἐπιφανείᾳ
1432 2665 1802 2758 Χριστοῦγάν-

213 2756 578 2831 αιρουμένης.

289 3039 659 3134 ρίᾹσυνιόντες
693 3047 878 3119 στῆτε,
919 3053 995 3125 μὴ
1045 3054 1359 3128 ἀρνήησθε
1407 3062 1645 3134 Χριστὸν
1689 3067 1800 3122 ἀπὸ
1873 3047 1877 3051 1

212 3128 312 3250 ἰοῦ
357 3130 554 3244 δεῦρο;
585 3138 843 3250 ιἰρίιζιιὲικὰο
873 3146 982 3250 γὰρ
1032 3145 1100 3201 τὰ
1137 3151 1381 3222 παρόντα
1417 3128 1528 3210 τέόν
1552 3158 1695 3213 τότε.
1724 3161 1798 3215 Τὸ
1823 3192 1866 3250 C

213 3219 468 3292 δεύτερον
497 3225 556 3278 ού
588 3228 789 3299 πολλῆς
814 3231 988 3288 δεῖται
1019 3219 1339 3309 σαφηνείας,
1369 3244 1434 3298 ὲκ
1473 3245 1569 3300 τοῦ
1598 3251 1794 3319 προτέ-

216 3327 315 3382 ρου
356 3314 802 3390 ἑπιδηλούμενον.
861 3325 1386 3398 Ἀναθεματίσαντες
1422 3333 1516 3390 οὖν
1549 3314 1675 3404 τοὺς
1721 3341 1797 3413 μὴ

211 3402 541 3476 δεχομένους
568 3409 668 3482 τὴν
694 3415 1074 3488 μοιχοζευξίαν
1118 3423 1214 3476 καὶ
1261 3425 1360 3496 τὴν
1407 3402 1667 3500 μοιχείαν-
1700 3402 1794 3486 τοῦ

213 3495 503 3566 βασιλέως,
535 3504 630 3556 καὶ
651 3504 752 3576 τὴν
783 3506 878 3561 τοῦ
904 3511 1107 3578 παντὸς
1129 3495 1449 3587 εὑρεθέντος
1483 3495 1577 3576 καὶ
1611 3524 1669 3577 ἐν
1693 3525 1796 3579 αύ-

208 3591 282 3661 τῇ
311 3590 412 3662 τὴν
441 3594 635 3666 μερίδα
667 3595 896 3668 θεμένου
932 3607 1304 3678 παρανομίαν,
1343 3613 1420 3675 ὡς
1445 3613 1608 3682 ἁγίαν
1651 3618 1797 3671 οίκο-

211 3682 413 3750 νομίαν
434 3699 450 3714 ·
493 3685 548 3738 τί
579 3687 708 3742 ἄλλο
738 3689 772 3762 ἢ
816 3693 941 3756 τοὺς
983 3695 1194 3765 ἁγίους,
1225 3701 1321 3754 καὶ
1349 3703 1566 3774 πρῶτόν
1604 3723 1669 3776 γε
1704 3709 1796 3763 τὸν

210 3771 528 3846 Πρόδρομον
558 3778 1062 3854 ἀναθεματίκασιν;
1112 3789 1314 3862 ἀληθὲς
1357 3771 1552 3859 είπετν,
1601 3771 1652 3853 ἐι
1700 3800 1797 3855 καὶ

209 3863 468 3935 φοὸερὸν,
513 3867 610 3922 καὶ
647 3870 812 3926 αὐτὸν
859 3875 954 3929 τὸν
996 3877 1106 3932 τῶν
1142 3880 1312 3949 ἁγίων
1349 3884 1661 3958 Δεσπότην;
1700 3892 1797 3956 Ὃς

208 3953 323 4025 γὰρ
369 3956 543 4011 ταῦτα
588 3960 990 4034 ἀπηγόρευσεν,
1033 3970 1094 4022 ού
1137 3969 1374 4042 δέχεται,
1425 3976 1545 4029 οὐδὲ
1583 3953 1798 4036 εὐδοκεί

205 4043 473 4116 δηλονότι,
492 4047 630 4103 ἀλλὰ
648 4051 770 4108 λίαν
797 4055 902 4125 ὴπε
912 4057 1092 4129 ίλησεν
1116 4061 1492 4133 ἀπαραίτητον
1517 4065 1576 4120 τὸ
1599 4073 1795 4142 κρῖμα,

167 4191 176 4197 _
207 4135 307 4188 καὶ
333 4136 394 4189 τὸ
427 4138 586 4209 μόνον
615 4141 752 4210 μετὰ
782 4145 974 4216 μοιχοῦ
1000 4148 1098 4220 τὴν
1133 4152 1326 4223 μερίδα
1353 4153 1546 4221 θεῖναι,
1577 4135 1652 4212 οὐ*
1671 4135 1795 4215 τοῦ·

204 4225 284 4290 δε,
317 4227 352 4299 ἦ
380 4229 557 4296 τοῦδε,
598 4233 735 4287 ἀλλά
773 4238 974 4303 παντὸς
1013 4241 1343 4312 οὑτινοσοῦν,
1374 4248 1661 4319 βασιλέως,
1703 4254 1794 4308 δυ-

205 4318 432 4388 νάστου,
469 4324 665 4396 μικροῦ
714 4329 808 4382 καὶ
853 4332 1112 4400 μεγάλου.
1147 4333 1240 4401 Εἷς
1269 4318 1384 4411 γὰρ
1410 4342 1574 4412 νόμος
1615 4345 1791 4413 ἔσται,

205 4411 367 4482 φησὶ,
401 4415 495 4468 καὶ
540 4415 598 4469 ἓν
644 4418 972 4490 Εύαγγέλιον
1015 4429 1436 4502 παρελάὸομενο
1477 4411 1591 4489 καὶ
1631 4435 1690 4501 ὃς
1727 4411 1792 4493 ἐκ

1929 583 1996 637 Et
2027 586 2298 654 quomodo
2323 601 2389 641 ex
2416 586 2502 643 his
2539 589 2912 646 Antichristus
2942 606 3051 644 non
3081 593 3355 649 videbitur
3380 609 3505 653 esse

1925 671 1980 727 in
2003 673 2226 744 januis?
2269 676 2388 731 Non
2428 678 2573 734 enim
2619 679 2801 737 dicere
2841 681 3121 738 audebunt
3171 683 3500 740 Moechiani:

1924 765 2114 822 Nonne
2145 785 2236 824 rex
2259 811 2274 836 ,
2305 770 2518 826 etiamsi
2547 783 2771 842 peccet,
2805 774 2936 830 facit
2962 791 3026 831 ac
3051 775 3208 847 jubet
3237 786 3298 833 ut
3325 773 3501 849 popu-

1924 855 2010 912 lus
2040 857 2144 929 legi
2174 863 2406 929 pareat?
2433 861 2498 917 Et
2545 878 2674 918 ecce
2716 865 2772 919 in
2805 865 3024 922 illorum
3059 883 3314 926 sermone
3347 887 3507 942 pror-

1925 965 2020 1005 sus
2049 951 2270 1006 advenit
2295 953 2678 1010 Antichristus.
2715 955 2848 1012 Nam
2877 973 3003 1014 cum
3036 969 3092 1016 et
3121 961 3239 1032 ipse
3279 979 3376 1018 rex
3404 964 3506 1033 sit,

1925 1048 2040 1095 tum
2087 1041 2140 1096 id
2176 1042 2440 1098 duntaxat
2479 1047 2623 1116 quod
2654 1048 2769 1102 vult
2813 1057 2868 1104 et
2913 1050 3081 1118 dicit,
3133 1051 3248 1107 ﬁeri
3291 1054 3504 1126 exiget:

1924 1145 2106 1201 neque
2127 1131 2197 1187 ab
2220 1131 2306 1200 iis,
2339 1133 2433 1202 qui
2462 1133 2638 1204 ipsum
2668 1139 3086 1206 antecesserint,
3120 1141 3278 1196 aliter
3301 1141 3507 1198 discre-

1921 1220 2095 1290 pabit,
2118 1236 2280 1290 quam
2305 1223 2429 1293 quia
2453 1239 2556 1280 nec
2575 1241 2639 1280 ea
2666 1228 2889 1297 quidem
2913 1231 3057 1285 volet
3079 1247 3199 1302 qua:
3225 1232 3336 1302 jam
3365 1249 3509 1290 nunc

1920 1309 2000 1365 illi
2035 1313 2329 1370 voluerint.
2373 1313 2574 1372 Eadem
2620 1319 2842 1375 licentia
2881 1336 2982 1390 per
3015 1323 3301 1394 episcopos
3341 1340 3506 1395 syno-

1921 1396 2043 1453 dice
2070 1401 2407 1474 promulgata
2439 1413 2542 1460 est.
2579 1406 2646 1461 Et
2679 1407 2932 1477 quisnam
2955 1425 3182 1481 compos
3214 1414 3434 1477 mentis,
3459 1415 3504 1469 si

1920 1491 2296 1548 contentiosus
2328 1510 2440 1549 non
2470 1504 2571 1564 est,
2607 1513 2720 1552 rem
2755 1499 2828 1554 ita
2859 1515 2918 1555 se
2951 1502 3153 1557 habere
3183 1519 3292 1558 non
3326 1504 3500 1560 fatea-

1921 1579 2050 1632 tur?
2074 1578 2213 1645 Quid
2242 1591 2424 1636 autem
2457 1584 2560 1640 hac
2603 1567 2796 1642 haeresi
2832 1589 3076 1646 deterius
3106 1581 3353 1648 futurum
3383 1602 3500 1654 est.

1915 1659 1985 1724 ad
2027 1670 2200 1740 ipsam
2247 1688 2420 1744 usque
2449 1675 2771 1732 Antichristi
2815 1680 3312 1738 manifestationcm
3337 1684 3362 1737 ?
3392 1685 3506 1757 Ego

1917 1761 2160 1816 nondum
2181 1763 2400 1832 quidem
2432 1765 2628 1820 factam
2655 1767 2797 1824 hanc
2828 1785 2950 1825 esse
2973 1773 3244 1829 arbitror:
3277 1776 3372 1830 sed
3390 1777 3503 1842 jam

1916 1865 2066 1906 nunc
2098 1851 2442 1920 inchoatam,
2481 1855 2572 1912 illo
2613 1865 2860 1928 tempore
2899 1859 3106 1917 exitum
3155 1864 3500 1934 habituram:

1915 1949 1972 1997 et
2000 1951 2262 2014 quotquot
2289 1945 2344 2000 in
2381 1946 2482 2002 hac
2507 1948 2903 2006 succubuerint
2925 1992 2938 2016 ,
2971 1967 3086 2019 eos,
3126 1955 3170 2010 si
3199 1964 3328 2012 tunc
3358 1958 3504 2013 exsi-

1915 2041 2123 2089 sterent
2145 2077 2159 2101 ,
2194 2035 2413 2106 penitus
2449 2054 2746 2098 cessuros:
2796 2053 2851 2099 et
2879 2056 3147 2118 quotquot
3179 2049 3274 2106 Dei
3297 2053 3502 2109 virtute

1914 2125 2251 2182 reluctantes
2293 2137 2604 2198 steterunt,
2653 2135 2872 2191 eosdem
2920 2133 3024 2193 illis
3066 2131 3301 2210 diebus,
3340 2145 3502 2200 Anti-
3587 2173 3596 2179 -

1914 2217 2108 2273 christi
2146 2219 2382 2276 victores
2424 2239 2521 2292 per
2564 2235 2796 2282 mortem
2844 2244 2967 2283 cum
3010 2230 3229 2288 Christo
3263 2234 3494 2292 futuros.

1915 2307 2044 2374 Sed,
2079 2325 2111 2364 ο
2142 2312 2504 2368 calamitatem
2538 2315 2830 2373 humanam
2861 2322 2872 2374 ι
2902 2331 2959 2376 ut
2993 2323 3141 2395 terga
3163 2325 3277 2394 jam
3303 2327 3500 2385 exinde

1911 2405 2224 2457 verterunt!
2272 2413 2363 2472 ut,
2395 2407 2486 2476 qui
2521 2407 2688 2462 futuri
2717 2409 2910 2478 simus,
2951 2415 3322 2472 ostendimus!
3364 2417 3499 2492 Pro-

1909 2500 2096 2562 pterea
2129 2495 2288 2564 pauci
2319 2495 2488 2552 futuri
2521 2507 2651 2553 sunt
2680 2502 2772 2570 qui
2803 2511 2984 2566 stent,
3023 2517 3316 2577 propterea
3350 2509 3495 2568 Elias

1909 2595 1964 2638 et
1987 2583 2197 2650 Enoch,
2219 2585 2361 2642 haud
2386 2587 2588 2644 scimus
2607 2607 2678 2644 an
2704 2599 2759 2646 et
2781 2591 3090 2666 Theologus
3123 2614 3186 2655 ac
3213 2603 3492 2674 evangeli-

1908 2684 2011 2740 sta,
2045 2674 2378 2733 inﬁrmitatis
2401 2680 2656 2738 humanae
2693 2684 3042 2743 auxiliatores
3067 2700 3248 2756 erunt,
3269 2701 3324 2748 et
3343 2707 3496 2749 ante-

1907 2765 2140 2837 signani,
2171 2778 2227 2824 et
2249 2769 2304 2825 in
2333 2771 2532 2828 Christi
2561 2776 2905 2836 confessione
2944 2781 3201 2838 victores.
3233 2784 3494 2856 Propter-

1906 2869 1970 2911 ea
2021 2857 2415 2915 breviabuntur
2450 2862 2569 2918 dies
2615 2880 2874 2924 aerumna:
2905 2868 3078 2936 illius,
3108 2869 3196 2926 cui
3225 2871 3494 2928 adventus

1905 2949 2111 3007 Christi
2137 2953 2301 3010 finem
2333 2956 2577 3028 imponet
2604 2960 2672 3016 ³⁸.

1973 3041 2148 3110 State,
2167 3045 2480 3118 quicunque
2529 3050 2756 3120 sapitis,
2802 3063 2859 3110 et
2905 3053 3185 3112 Christum
3233 3056 3492 3128 deinceps

1904 3146 1974 3188 ne
2002 3133 2303 3206 abnegetis.
2336 3137 2462 3193 Haae
2499 3141 2644 3196 enim
2689 3159 2812 3214 quae
2848 3145 3128 3214 videmus,
3173 3147 3325 3203 initia
3361 3157 3492 3202 sunt

1898 3237 2086 3278 eorum
2118 3241 2240 3296 quae
2271 3237 2400 3284 tunc
2428 3241 2611 3287 erunt.
2648 3233 2890 3290 Alterum
2926 3237 3084 3309 longa
3116 3238 3483 3309 explicatione

1899 3329 2009 3370 non
2039 3326 2180 3389 eget,
2215 3334 2340 3374 cum
2363 3321 2476 3391 jam
2501 3339 2566 3378 ex
2592 3325 2760 3395 priori
2789 3327 3143 3383 manifestum
3179 3329 3267 3386 sit.
3291 3329 3482 3400 Itaque

1897 3404 1990 3477 qui
2018 3407 2140 3464 illos
2165 3412 2700 3470 anathematizarunt
2725 3418 2816 3488 qui
2848 3420 3296 3495 conjunctionem
3331 3423 3488 3480 adul-

1897 3498 2153 3565 terinam,
2183 3511 2238 3557 et
2263 3502 2612 3574 imperatoris
2639 3509 2966 3564 adulterium
2993 3518 3049 3567 et
3080 3514 3357 3582 omnium,
3391 3519 3485 3586 qui

1893 3593 2013 3664 ejus
2044 3596 2338 3668 participes
2370 3599 2576 3656 inventi
2614 3613 2772 3671 sunt,
2817 3607 3326 3676 praevaricationem
3371 3629 3483 3668 non

1896 3685 2173 3757 recipiunt
2216 3698 2474 3761 tanquam
2515 3691 2986 3764 dispensationem
3029 3710 3312 3771 sanctam;
3354 3705 3484 3774 quid

1895 3788 2126 3850 egerunt
2149 3779 2296 3836 aliud
2319 3782 2427 3838 nisi
2452 3794 2692 3852 sanctos,
2722 3803 2788 3843 ac
2816 3788 3052 3859 primum
3084 3793 3305 3862 quidem
3335 3793 3484 3851 Prae-

1894 3884 2172 3927 cursorem
2191 3913 2206 3938 ,
2231 3875 2802 3946 anathematizarunt,
2838 3889 3001 3951 atque
3031 3891 3300 3940 utverum
3333 3887 3484 3942 dica-

1894 3969 1984 4015 tur
2009 4003 2023 4027 ,
2071 3963 2290 4018 tametsi
2337 3965 2674 4022 horrendum
2701 4010 2716 4035 ,
2751 3970 2929 4040 ipsum
2967 3974 3132 4029 etiam
3167 3986 3482 4034 sanctorum

1897 4053 2198 4109 Dominum
2221 4056 2245 4109 ?
2273 4053 2376 4122 Qui
2412 4057 2555 4112 enim
2584 4059 2702 4114 haec
2722 4063 3024 4130 prohibuit,
3053 4066 3198 4122 haud
3224 4067 3389 4124 dubie
3419 4084 3481 4125 ea

1894 4161 2004 4201 non
2036 4146 2247 4216 recepit
2278 4162 2380 4202 nee
2400 4151 2703 4218 approbat:
2745 4154 2875 4222 quin
2915 4154 3183 4224 judicium
3226 4157 3482 4216 inexora-

1892 4234 2001 4290 bile
2033 4236 2276 4292 minatus
2302 4247 2387 4293 est
2407 4240 2572 4295 etiam
2601 4243 3029 4300 communicanti
3059 4261 3181 4302 cum
3212 4250 3478 4318 adultero,

1893 4343 2002 4382 non
2034 4329 2139 4384 hoc
2165 4331 2248 4385 vel
2283 4330 2394 4397 illo,
2427 4334 2524 4388 sed
2553 4349 2902 4407 quocunque,
2928 4338 3279 4410 imperatore,
3311 4345 3480 4416 dyna-

1892 4430 1972 4474 sta
1994 4461 2010 4486 ,
2047 4437 2218 4492 parvo
2256 4432 2311 4478 et
2356 4440 2572 4496 magno.
2605 4427 2725 4483 Una
2759 4429 2906 4484 enim
2933 4470 2946 4496 ,
2973 4433 3089 4499 ait,
3141 4435 3226 4490 lex
3261 4439 3365 4494 erit
3395 4440 3435 4472 ⁸¹
3463 4458 3476 4493 :

201 4503 363 4559 τοῦδε
405 4507 499 4562 τοῦ
536 4511 870 4582 Εὑαγγελίου
909 4518 1012 4572 κᾶν
1061 4522 1122 4574 τὸ
1149 4523 1312 4594 τυχὸν
1355 4529 1785 4598 παρασαλεύσοι,

1905 4521 1949 4567 et
1996 4529 2166 4568 unum
2217 4513 2574 4586 Evangelium
2611 4520 2927 4592 accepimus
2969 4542 2983 4578 :
3034 4535 3090 4580 et
3128 4526 3221 4597 qui
3265 4543 3332 4583 ex
3377 4530 3479 4585 hoc

203 4595 313 4651 κᾶν
351 4597 585 4670 ἄγγελος
621 4604 682 4673 ἐξ
713 4607 971 4680 οὐρανοῦ,
1000 4613 1162 4682 ἀρκεῖ
1193 4631 1276 4668 σοι
1313 4617 1345 4687 ἡ
1375 4595 1663 4688 ἀσφάλεια.
1697 4595 1786 4694 Μή

202 4689 461 4758 βασιλεὺς
494 4695 697 4764 μείζων
729 4700 967 4770 ἀγγέλου
993 4721 1008 4771 ;
1038 4703 1130 4776 Μὴ
1155 4707 1278 4778 οὐχὶ
1318 4709 1348 4762 6
1386 4689 1786 4784 κοσμοκράτωρ

199 4782 260 4834 ὲν
287 4782 368 4852 τῷ
402 4783 594 4857 κόσμῳ
637 4789 841 4859 μείζων
877 4793 1093 4848 πάντων
1121 4796 1230 4849 τῶν
1259 4782 1785 4875 κοσμοκρατορικῶς

199 4875 547 4944 κρατούντων
584 4878 854 4948 δαιμόνων
895 4885 992 4938 καὶ
1025 4885 1348 4958 ἀνθρώπων,
1374 4891 1490 4946 ἀλλ’
1517 4894 1640 4965 οὐχὶ
1675 4895 1786 4950 θεῖ-

196 4966 350 5033 κῶς;
384 4968 493 5022 Καὶ
515 4971 567 5022 τί
596 4972 624 5023 6
660 4972 1014 5046 Ἀπόστολος;
1051 4978 1323 5052 Ἀνάθεμα
1343 4980 1502 5038 ἔστω.
1524 4986 1783 5055 ιἈγγελοι

195 5057 262 5108 οὐ
292 5057 534 5128 τολμῶσι
569 5064 1006 5135 παρασαλεῦσαι,
1038 5069 1160 5124 οὐδὲ
1204 5072 1522 5140 σαλεύοντες
1556 5078 1782 5148 μένουσι

200 5146 281 5218 μὴ
313 5147 856 5223 ἀναθεματιζόμενοι,
887 5156 964 5222 ὠς
1007 5161 1034 5213 6
1068 5160 1312 5228 διάϐολος
1347 5165 1441 5218 καὶ
1473 5167 1506 5236 ὴ
1540 5146 1783 5224 ἀποστα-

194 5237 332 5308 τικὴ
355 5238 519 5294 αὑτοῦ
549 5241 780 5314 πληθύς.
809 5247 922 5300 Καὶ
945 5249 1061 5314 πῶς
1088 5249 1378 5322 ἄνθρωπος
1401 5257 1508 5321 πᾶς
1532 5260 1592 5312 ἐν
1621 5263 1786 5333 σαρκὶ

192 5328 296 5396 ὢν,
335 5330 575 5387 σαλεύων
611 5337 705 5390 καὶ
735 5341 1098 5412 καινοτομῶν,
1130 5345 1225 5398 καὶ
1259 5346 1494 5416 μάλιστα
1528 5353 1785 5416 τοιαύτας

197 5423 583 5493 καινοτομίας,
607 5427 708 5481 οὐκ
737 5428 1018 5504 ἀλλότριος
1048 5433 1219 5503 Θεοῦ;
1256 5438 1352 5500 Ὃς
1376 5437 1432 5492 δὲ
1459 5439 1521 5493 οὐ
1545 5440 1784 5511 δέχεται,

193 5512 234 5567 ά
269 5514 654 5588 ἀπηγόρευσεν
679 5520 1040 5595 (ἀναληπτέος
1065 5525 1174 5598 γὰρ
1203 5528 1262 5592 ἐξ
1294 5520 1356 5581 οὗ
1388 5530 1470 5594 είς
1495 5532 1788 5602 μεταξυλο-

196 5605 332 5673 γίαν
361 5608 629 5680 μετῆλθεν
655 5616 684 5666 6
706 5612 884 5687 λόγος)
905 5611 1061 5681 οὗτος
1083 5618 1223 5672 κατά
1246 5620 1374 5685 τοὺς
1400 5623 1778 5694 Μοιχειανοὺς,

202 5698 407 5770 μᾶλλον
431 5700 489 5755 δὲ
538 5702 961 5778 Ἀντιχρίστους,
999 5709 1578 5782 ἡδη,ἀναθεμάτι,σται.
1615 5717 1676 5771 Εἰ
1725 5717 1781 5771 δὲ

292 5813 336 5848 ⁸⁰
360 5815 550 5872 Matth.
579 5836 728 5884 xxrv,
751 5821 842 5876 22.
921 5823 963 5854 ³¹
993 5823 1164 5880 Exod.
1193 5843 1289 5892 xu,
1320 5827 1410 5884 49.

487 5916 758 5982 Ρετιιοι..
790 5920 908 5983 Gn.
939 5921 1152 5986 XCIX.

1897 4603 2190 4675 Evangelia
2218 4606 2499 4676 quidpiam
2537 4608 2964 4679 labefactaverit,
2999 4615 3127 4671 licet
3157 4619 3384 4688 angelus
3409 4627 3478 4676 de

1892 4696 2034 4751 coelo
2058 4736 2072 4759 ,
2107 4695 2310 4752 sufficit
2335 4697 2432 4753 tibi
2467 4703 2820 4758 asseveratio.
2853 4702 2994 4760 Num
3029 4706 3327 4778 imperator
3358 4729 3477 4768 ma-

1888 4787 1976 4858 jor
1995 4797 2080 4843 est
2105 4788 2339 4860 angelo?
2365 4789 2507 4844 Num
2538 4794 2726 4848 mundi
2753 4796 3012 4868 princeps
3040 4797 3094 4852 in
3124 4802 3332 4858 mundo
3353 4820 3472 4859 ma-

1885 4878 1971 4949 jor
1997 4880 2210 4935 cunctis
2235 4882 2574 4940 daemonibus
2599 4894 2652 4940 et
2687 4885 3037 4957 hominibus,
3077 4891 3168 4961 qui
3196 4894 3471 4952 mundana

1889 4979 2177 5041 potestate,
2208 4991 2318 5030 non
2351 4975 2556 5042 divina,
2589 4978 2644 5033 in
2676 4981 2884 5038 mundo
2911 4983 3303 5042 dominantur?
3333 4988 3474 5055 Quid

1887 5071 2071 5118 autem
2106 5063 2237 5118 dicit
2281 5064 2616 5134 Apostolus?
2640 5070 2944 5124 Anathema
2977 5071 3066 5126 sit.
3098 5072 3286 5146 Angeli
3319 5075 3469 5133 labe-

1887 5154 2091 5210 factare
2134 5171 2244 5211 non
2273 5157 2519 5222 audent,
2554 5167 2648 5221 et,
2692 5159 2736 5216 si
2771 5159 3136 5227 labefactent,
3178 5165 3470 5223 anathema

1883 5263 1996 5304 non
2024 5247 2306 5320 effugiunt,
2332 5253 2790 5320 quemadmodum
2813 5253 3059 5309 diabolus
3082 5269 3146 5310 ac
3167 5258 3287 5327 ejus
3309 5259 3467 5314 turba

1885 5339 2154 5395 desertrix
2176 5383 2191 5407 ,
2234 5351 2288 5397 et
2315 5358 2553 5413 quonam
2577 5343 2744 5398 modo
2776 5343 2830 5397 in
2879 5359 3044 5400 carne
3071 5347 3263 5404 vivens
3292 5350 3468 5405 omnis

1887 5433 2056 5490 homo
2075 5475 2088 5496 ,
2123 5434 2168 5489 si
2194 5434 2522 5502 labefactet,
2553 5445 2609 5490 et
2635 5451 2777 5491 nova
2807 5435 3146 5500 introducat,
3175 5453 3238 5494 ac
3261 5444 3467 5508 praeci-

1885 5542 1996 5597 pue
2030 5541 2170 5582 nova
2203 5527 2515 5597 huiusmodi
2539 5569 2555 5592 ,
2595 5528 2808 5584 alienus
2846 5543 2878 5582 a
2905 5528 3019 5582 Deo
3048 5545 3158 5584 non
3191 5530 3331 5584 erit?
3361 5529 3466 5598 Qui

1890 5632 2022 5672 vero
2055 5633 2118 5672 ea
2164 5633 2286 5689 qua:
2318 5618 2463 5673 Deus
2506 5619 2823 5689 prohibuit,
2871 5635 2982 5674 non
3028 5621 3222 5692 recipit
3269 5623 3466 5692 (revo-

1888 5712 2058 5768 canda
2089 5712 2235 5768 enim
2263 5713 2408 5768 unde
2435 5712 2678 5783 digressa
2705 5721 2789 5769 est
2815 5713 3034 5783 oratio),
3055 5713 3100 5768 is
3121 5712 3464 5800 .Mtechiano-

3144 5921 3224 5984 33

4031 1661 4033 1790 1

4028 1791 4033 1900 l
