4044 6366
12 191 20 238 τ.

12 239 20 310 i

564 381 698 448 1035
1746 361 1806 422 S.
1838 347 2230 418 THEODORI
2277 347 2624 410 STUDITAS
2797 391 2818 410 ι
3678 328 3809 395 1036

559 514 681 555 rum
703 537 718 564 ,
757 490 838 550 vel
869 488 1052 564 potius
1093 481 1561 542 Antichristorum
1603 469 1876 531 sententia
1911 467 2023 538 jam
2053 467 2139 516 est
2167 461 2189 516 Δ

2288 475 2328 511 ιν
2359 458 2640 529 Δεσπότην
2667 455 2860 519 οὕτως,
2899 449 3088 521 ὥσπερ
3120 447 3171 500 οἱ
3194 443 3462 509 Ἰουδαῖοι,
3495 442 3557 496 ὲν
3590 440 3813 504 Βεελξι-

2308 549 2358 564 ις
2431 551 2445 564 ι
2498 547 2618 564 -.κς
2807 542 2924 564 .-ιη
2972 542 3039 564 -λ.
3098 537 3344 564 ε-...ι.....
3395 533 3730 564 ..-υἱέε--.ι
3766 531 3813 564 ..ι

560 531 681 555 ιυιιι
703 537 718 564 ο
761 531 838 550 Vu-
870 531 1052 564 IJV'Iu-p
1093 531 1453 542 .-.--.----_----
1477 531 1520 533 ρ
1911 531 1929 538 ν

559 583 1084 647 excommunicatus.
1121 575 1279 643 Quod
1307 573 1349 628 si
1379 570 1665 627 Dominum
1687 607 1702 631 ,
1751 563 1889 618 sicut
1923 553 2092 614 Judaei
2119 592 2135 619 ,

2288 549 2371 602 ιὺλ
2428 547 2714 603 ἐκϐάλλειν
2762 542 2926 598 αὑτὸν
2971 542 3040 594 τὰ
3095 537 3347 609 δαιμόνια
3395 533 3732 602 κεκλήκασις
3766 531 3816 584 τί

561 621 1084 647 υλυυιιιιιιυιιινα-υυ.
1125 621 1279 643 κων...
1307 621 1349 628 -.
1380 621 1410 627 __
1428 621 1567 626 ---πη
1590 621 1593 622 ν
1687 621 1701 631 I

561 679 836 738 damonia
889 675 946 730 in
975 667 1285 728 Beelzebub
1333 663 1648 734 ejicicntem
1691 659 2028 712 vocaverunt
2057 649 2139 715 ⁸⁸,

2288 640 2370 711 ερὶ
2396 639 2505 692 τῶν
2533 637 2740 692 δούλων
2774 633 2870 688 καὶ
2909 629 3256 702 θεραπόντων
3291 625 3494 688 αὐτοῦς
3525 623 3559 694 ἢ
3599 622 3712 691 γὰρ
3747 621 3819 684 ὡς

562 713 836 738 uasa-unua
891 713 946 730 ιιι
976 713 1283 728 "unum"...
1338 713 1579 734 ,δη---ην
2124 713 2132 715 ν

562 773 693 846 quid
719 771 787 826 de
815 767 987 840 ipsius
1017 762 1191 820 servis
1217 768 1272 815 et
1300 753 1558 812 famulis?
1592 751 1700 806 Aut
1726 747 1873 804 enim
1904 758 2000 800 eos
2034 741 2142 796 Do-

2288 732 2303 784 5
2336 729 2816 801 πειθαρχήσαντας
2847 725 2960 787 τοῖς
2987 720 3335 781 Δεσποτικοίς
3363 716 3553 786 νόμοις
3599 715 3659 765 ὲν
3704 713 3822 774 ταῖς

2288 821 2580 846 ι---..-..ι...,
2615 818 2796 846 -.νφέιη
2839 813 3206 846 ιπλυ..ἐ.ροκηυ
3246 809 3534 846 ιηΑᾹᾹιηγωι
3571 805 3668 846 νηὶ
3715 805 3822 846 Im.-

565 805 693 846 ιιυιυ
719 805 787 826 UO
817 805 987 840 Ira-uo
1017 805 1098 820 qua
1119 805 1191 817 una
1218 805 1272 815 ν-
1301 805 1513 812 ..._-_..__-
1545 805 1549 806 ν
1594 805 1605 806 κ

565 865 701 923 mini
736 865 882 934 leges
929 859 985 914 in
1037 855 1152 912 suis
1190 843 1694 921 dispensationibus
1741 855 1852 895 non
1899 847 2145 892 servasse

2288 821 2580 893 ζκονομίαις
2612 818 2796 874 αὐτῶν
2838 813 3206 884 ἐδογμάτισαν
3246 809 3534 881 ἰσόρροπον
3571 805 3668 859 καὶ
3715 805 3824 856 lau-

2288 917 2302 934 κ
2345 917 2372 929 ~
2418 914 2467 934 ,ι
2508 933 2512 934 ,
2562 907 2933 934 __-_-_-r--.:!-..
2976 904 3063 934 ...Α
3123 901 3564 934 ..η-νηνληηηυῖηυ
3621 897 3824 934 νιῖνιιυη.

2247 917 2378 988 κλεῆ
2414 914 2515 986 τὴν
2559 907 2933 984 μοιχοζευξίαν
2976 904 3068 960 καὶ
3121 901 3586 975 μοιχοκοινωνίαν,
3621 897 3826 949 οἰκονο-

2252 1011 2383 1083 μίαν
2414 1009 2606 1072 αὑταῖς
2637 1004 3019 1070 συντάξαντες,
3053 998 3148 1053 καὶ
3176 996 3265 1050 διά
3295 993 3453 1048 τοῦτο
3488 991 3564 1055 ὡς
3593 991 3826 1060 ἀνόμους

2249 1081 2376 1165 τοὺς
2406 1099 2619 1168 ἁγίους,
2649 1097 2744 1150 καὶ
2772 1091 3094 1166 παραϐάτας
3138 1087 3249 1140 τῶν
3285 1083 3516 1139 ὲντολῶν
3555 1081 3826 1149 ἀνεθεμά-

2250 1210 2431 1260 τισαν,
2462 1190 2556 1245 καὶ
2584 1186 2832 1243 ἐντεῦθεν
2858 1184 3076 1244 πάντως
3103 1175 3552 1248 ἀναθεματιστέοι
3570 1190 3586 1205 ·
3616 1173 3652 1242 ἢ
3685 1187 3832 1241 νομο-

568 960 696 1024 rati,
719 932 1168 1026 coniunctionem
1199 941 1430 999 adulteri
1459 947 1516 994 et
1543 932 1987 994 communionem
2019 941 2145 982 cum

568 1025 1029 1117 adulteroparilis
1061 1054 1182 1096 esse
1205 1032 1468 1092 momenti
1496 1045 1560 1086 ac
1589 1028 1777 1100 gloriae
1811 1025 2146 1084 statuerunt,

567 1158 725 1200 suam
773 1115 880 1194 illis
929 1131 1400 1204 dispensationem
1461 1124 1864 1196 adjungentes,
1919 1115 2152 1182 ideoque

569 1230 941 1291 minimefillos
962 1235 1218 1294 tauquam
1241 1219 1460 1290 exleges
1501 1224 1557 1270 et
1578 1211 1958 1268 mandatorum
1985 1213 2156 1258 trans-

563 1338 872 1399 gressores,
900 1313 1476 1376 anathematizarunt,
1503 1303 1848 1377 proindeque
1870 1296 1972 1368 ipsi
2000 1309 2156 1365 pror-

574 1389 670 1473 sus
691 1406 1186 1470 anathematizandi
1215 1412 1346 1460 sunt
1371 1420 1385 1456 :
1417 1408 1511 1455 aut
1549 1398 1723 1468 legem
1749 1392 1816 1447 ab
1838 1389 1944 1445 illis
1967 1401 2156 1442 serva-

578 1516 691 1563 tam
720 1518 842 1560 esse
871 1501 1218 1562 conlitentes,
1249 1508 1308 1550 se
1338 1492 1489 1562 ipsos
1521 1481 2155 1542 anathematizaverunt,

580 1783 669 1840 nis
697 1777 927 1836 adulteri
960 1793 973 1829 :
1010 1788 1074 1828 ac
1103 1749 1171 1828 eo
1201 1769 1320 1840 ipso
1345 1779 1536 1822 rursus
1554 1767 1774 1818 sanctos
1798 1749 2162 1812 anathemati-

583 1881 848 1933 zaverunt
877 1880 1137 1939 tanquam
1168 1861 1396 1920 minime
1428 1865 1648 1915 sanctos
1675 1872 1688 1908 :
1719 1845 2164 1922 quandoquidem

583 1964 760 2023 sancti
791 1937 1214 2030 eorum—judicio
1233 1953 1272 2008 ii
1303 1959 1453 2016 sunt,
1477 1947 1569 2018 qui
1585 1960 1692 2017 pro
1715 1941 1925 1999 viribus
1945 1937 2167 2006 dispen—

581 2056 824 2113 satioues
858 2027 1263 2120 coniunctionis
1289 2037 1646 2101 adulterium,
1694 2043 1750 2089 et
1793 2027 2167 2086 communica-

587 2149 752 2206 tionis
780 2161 903 2202 cum
940 2119 1190 2198 adultero
1235 2133 1485 2209 principe
1524 2131 1776 2185 fecerunt
1821 2133 1876 2178 et
1919 2119 2165 2176 faciunt:

577 2241 750 2298 alieni
779 2247 960 2294 autem
985 2233 1154 2289 aDeo
1181 2240 1238 2286 et
1259 2228 1477 2300 exleges
1504 2239 1567 2279 ac
1597 2219 1976 2278 mandatorum
1994 2224 2173 2269 trans-

576 2347 907 2411 gressores,
941 2339 998 2386 et
1027 2320 1490 2383 excommunicati
1525 2317 1670 2390 apud
1701 2319 1849 2385 ipsos
1877 2319 2039 2374 sunt,
2078 2305 2172 2378 qui

589 2406 808 2488 illorum
827 2421 1295 2496 dispensationem
1319 2413 1584 2471 adulteris
1607 2406 2038 2480 patrocinantem
2062 2415 2172 2456 non

592 2521 894 2593 recipiunt.
926 2532 1030 2572 nec
1060 2513 1209 2569 illius
1239 2509 1485 2580 vestigiis
1516 2504 1793 2559 insistunt.

631 2587 1048 2678 -Undecunque
1083 2599 1499 2679 igiturlibuerit
1527 2607 1584 2653 et
1611 2604 1995 2666 quamcunque
2026 2587 2174 2657 ipso-

597 2720 716 2758 rum
751 2676 1050 2773 impietatis
1092 2676 1282 2752 vocem
1318 2690 1542 2755 intueri,
1589 2685 1787 2757 cogita,
1830 2681 1922 2752 qui
1957 2676 2177 2734 solertia

599 2797 794 2868 polles,
829 2771 884 2849 et
915 2795 1114 2847 mirare
1138 2832 1152 2855 ,
1181 2788 1344 2842 altam
1377 2782 1550 2855 magis
1578 2777 1858 2849 magisque
1887 2771 2180 2844 impietatis

599 2886 912 2958 voraginem
939 2881 1316 2951 contemplans
1339 2892 1404 2932 ac
1429 2872 1738 2929 revolvens.
1764 2867 1881 2922 Non
1910 2865 2056 2920 enim
2091 2871 2179 2917 to-

595 2992 710 3038 tam
738 2955 925 3036 statim
950 2976 1287 3048 impietatem
1311 2984 1466 3025 suam
1496 2964 1737 3036 produnt
1769 2961 2043 3015 hrereses:
2085 2955 2182 3010 sed

599 3073 720 3128 aliae
743 3071 960 3142 quidem
989 3047 1212 3140 prorsus
1233 3062 1424 3117 aliena:
1450 3067 1583 3114 sunt
1609 3055 1676 3110 ab
1702 3049 2004 3134 Evangelia
2024 3088 2038 3113 ,
2065 3047 2184 3102 alia:

2255 1284 2504 1358 φύλακας
2537 1280 2734 1343 αὐτοὺς
2768 1273 3181 1348 ὁμολογοῦντες,
3227 1271 3454 1332 ἑαυτοὺς
3509 1266 3832 1335 ἀνεθεμάτι-

2258 1393 2379 1431 σαν.
2413 1373 2555 1426 Ἀλλ’
2581 1371 2643 1426 ού
2665 1370 2794 1433 τοὺς
2813 1367 3020 1437 ἁγίους,
3050 1363 3502 1434 σφετερισάμενοι
3531 1361 3580 1413 οἱ
3609 1358 3835 1413 δείλαιοι

2257 1463 2338 1527 είς
2368 1460 2595 1522 ἑαυτοὺς
2619 1457 2684 1512 τὸ
2709 1456 2818 1510 τῶν
2851 1455 3022 1524 ἁγίων
3048 1453 3218 1522 ὄνομα
3249 1454 3308 1506 ὲν
3335 1453 3402 1523 τῇ
3435 1449 3706 1518 λεγομένῃ
3739 1447 3839 1501 αύο

2258 1557 2374 1618 τοῖς
2402 1549 2684 1621 οἰκονομία
2717 1551 2816 1618 τῆς
2861 1544 3239 1618 μοιχοζευξίας
3260 1558 3274 1572 ⁸
3304 1543 3399 1597 καὶ
3429 1541 3518 1595 διὰ
3549 1541 3710 1594 τοῦτο
3733 1539 3840 1591 πά-

2259 1645 2344 1698 λιν
2373 1645 2501 1707 τοὺς
2532 1643 2722 1711 ἁγίους
2766 1639 3168 1710 ἀνεθεμάτισαν
3195 1635 3272 1701 ὡς
3315 1635 3390 1706 μὴ
3421 1633 3585 1698 ὄντας
3613 1632 3837 1701 ἁγίους·

2265 1737 2388 1793 ἐπεὶ
2404 1736 2548 1806 ἀγιοι
2577 1733 2698 1789 κατ’
2719 1731 2916 1796 αὐτοὺς
2941 1731 2992 1784 οι
3020 1728 3163 1784 κατά
3185 1727 3410 1798 δύναμιν
3435 1727 3535 1797 τῆς
3559 1723 3838 1796 μοιχοξευο

2267 1831 2384 1897 ξίας
2421 1828 2516 1882 καὶ
2548 1822 3064 1899 μοιχομεριδαρχίας
3116 1821 3215 1884 τάς
3255 1817 3567 1890 οίκονομίας
3605 1833 3844 1887 πεποιη-

2265 1921 2422 1984 κότες
2473 1918 2570 1973 καλ
2615 1915 2918 1978 ποιοῦντες,
2964 1913 3062 1968 καὶ
3092 1905 3238 1966 οὗτοι
3279 1910 3547 1982 ἀλλότριοι
3581 1907 3718 1962 Θεοῦ
3749 1907 3848 1960 καὶ

2267 2013 2480 2084 ἄνομοι,
2537 2010 2633 2064 καὶ
2687 2007 3002 2080 παραϐάται
3057 2003 3310 2067 ἐντολῶν,
3361 2002 3458 2057 καὶ
3516 1999 3849 2070 ἀναθεματι-

2270 2105 2460 2178 σμένόι
2498 2102 2629 2176 παρ’
2659 2102 2868 2166 αὐτοῖς,
2897 2100 2946 2153 οί
2975 2097 3052 2170 μὴ
3079 2097 3178 2169 τὴν
3208 2095 3636 2168 μοιχοσύστατον
3667 2091 3850 2146 αὐτῶν

2269 2197 2585 2268 οίκονομίαν
2618 2193 2923 2266 δεχόμενοι,
2957 2190 3054 2246 καὶ
3078 2189 3148 2244 τὰ
3177 2189 3299 2244 κατ’
3332 2188 3478 2258 ἴχνος
3507 2185 3678 2256 αὐτῆς
3706 2187 3852 2238 olm-

2272 2285 2590 2362 νομοῦντες.

2349 2577 2514 2634 Ὅθεν
2545 2571 2642 2632 οὖν
2681 2574 2884 2648 βούλει,
2913 2572 3006 2628 καὶ
3031 2572 3270 2645 ποτέραν
3299 2571 3408 2627 τῶν
3435 2569 3648 2625 ἀσεϐῶν
3677 2568 3861 2622 αὑτῶν

2279 2670 2464 2742 φωνὴν
2513 2669 2718 2733 ἐθέλοις
2755 2669 2907 2732 ίδεῖν,
2937 2667 3070 2732 νόει,
3101 2667 3130 2720 ὁ
3161 2665 3436 2736 ἀγχίνους,
3461 2663 3557 2716 καὶ
3585 2661 3860 2732 θαύμαζε,

2281 2765 2446 2837 βάθος
2473 2764 2539 2817 ὲκ
2567 2761 2766 2833 βάθους
2795 2760 2984 2820 ἀθεῖας
3007 2755 3337 2826 ἀναθεωρῶν
3364 2755 3460 2810 καὶ
3487 2753 3862 2825 ἀναλαμϐανό-

2283 2872 2464 2927 μενος.
2500 2853 2636 2906 Οὐδὲ
2665 2852 2773 2923 γάρ
2804 2851 2859 2903 αἱ
2889 2848 3128 2921 αἱρέσεις
3166 2845 3419 2919 προφανῆ
3448 2847 3546 2916 τὴν
3574 2845 3707 2912 ὃλην
3735 2843 3865 2897 ἀσέ-

2281 2948 2436 3002 ϐειαν
2479 2946 2696 3017 ἔχουσιν
2721 2961 2735 2976 ⁸
2771 2944 2887 2998 ἀλλ’
2919 2945 2975 2996 αί
3027 2941 3127 3012 μὲν
3174 2942 3362 3012 πόρῥω
3395 2937 3488 2991 τοῦ
3529 2935 3865 3004 Εὐαγγελίου

2285 3041 2463 3110 πάντη
2493 3055 2557 3107 γε
2578 3053 2592 3066 ·
2623 3038 2679 3090 αἱ
2709 3036 2766 3090 δὲ
2799 3031 3162 3102 ύποδούμεναι
3189 3033 3253 3084 ὲκ
3277 3030 3369 3084 τοῦ
3404 3029 3744 3097 Εὐαγγε).ἱου
3769 3027 3868 3098 pq-

601 3120 719 3128 -..κ
745 3120 960 3142 Ἰν,Ὴή
990 3120 1043 3140 ,η
1065 3120 1079 3123 _
1129 3120 1140 3122 -
1871 3120 1884 3122 θ

601 3181 734 3220 vero
760 3163 927 3218 verba
957 3158 1204 3229 quaedam
1232 3169 1297 3208 ex
1333 3148 1632 3219 Evangelio
1675 3132 1961 3214 captantes
1987 3181 2000 3206 ,
2057 3154 2182 3194 cum

2288 3147 2402 3194 σεις
2432 3128 2608 3192 τινὰς,
2639 3125 3074 3196 συνεισέρχονται
3098 3142 3114 3157 ο
3145 3123 3209 3176 ού
3232 3123 3484 3189 λέγουσαι
3524 3120 3600 3191 μὴ
3632 3127 3869 3190 στοιχεῖν

2348 3224 2371 3229 _
2467 3221 2479 3229 .
2635 3219 2652 3229 .
2755 3221 2777 3229 -
2837 3217 2860 3229 -
2985 3215 2998 3229 .
3363 3213 3374 3229 .
3480 3213 3494 3229 ς
3593 3213 3606 3228 ρ
3743 3213 3758 3229 ς
3796 3212 3822 3229 .

606 3349 728 3404 cula
757 3343 1072 3415 evangelica
1118 3355 1228 3393 non
1275 3334 1474 3406 sequi:
1517 3331 1628 3388 imo
1673 3344 1772 3402 pro
1815 3327 1920 3383 illis
1955 3323 2190 3382 maxime

609 3446 914 3511 pugnantes
945 3434 1001 3488 in
1030 3431 1273 3506 speciem
1309 3471 1324 3496 ,
1361 3427 1505 3499 quod
1548 3427 1654 3482 isto
1685 3434 1738 3480 et
1772 3439 1879 3477 non
1906 3421 1998 3475 illo
2027 3417 2191 3473 modo

609 3510 781 3602 accipi
817 3529 1092 3590 debeant,
1146 3525 1198 3578 in
1230 3521 1430 3578 divinis
1477 3516 1826 3576 sermonibus
1868 3510 2195 3584 ambiguita-

607 3634 721 3678 tem
753 3627 1080 3678 statuentes.
1115 3616 1180 3671 Et
1209 3631 1330 3671 cum
1369 3631 1398 3668 a
1440 3621 1593 3667 recto
1623 3623 1788 3665 sensu
1810 3603 2190 3666 discesserint,

613 3717 852 3772 haereses
891 3712 1186 3766 nominatae
1248 3715 1399 3761 sunt.
1447 3703 1587 3758 Hinc
1619 3715 1750 3756 vero
1789 3695 2075 3754 manifesta
2112 3701 2198 3749 est

613 3804 888 3862 deerratio
910 3819 944 3857 a
965 3801 1091 3856 ﬁde.
1115 3797 1235 3853 Non
1257 3804 1446 3852 errant
1468 3793 1611 3864 quod
1639 3791 1708 3846 ad
1730 3803 1950 3844 sensum
1967 3789 2192 3841 attinet:

613 3899 711 3956 sed
733 3894 878 3967 quod
905 3893 1088 3948 dicant
1111 3908 1126 3957 ;
1159 3890 1410 3945 Christus
1431 3885 1650 3956 quidem
1679 3882 1758 3937 sic
1783 3881 1878 3942 ait,
1903 3889 2198 3949 quantum-

615 3988 814 4042 vis‘lex
843 3985 922 4040 sic
954 3982 1170 4046 habeat,
1205 3980 1260 4034 in
1292 3977 1512 4050 regibus
1546 3976 1621 4031 ita
1651 3974 1768 4029 ﬁeri
1798 3991 1810 4027 :
1847 3971 1992 4026 vinci
2020 3969 2202 4024 Evan-

615 4080 838 4153 gelium.
863 4075 1000 4132 Vide
1023 4070 1483 4145 quemadmodum
1515 4067 1640 4153 ﬁnis
1670 4065 1943 4136 principio
1971 4077 2200 4132 respon-

617 4152 765 4225 deat.
818 4165 863 4218 Δ
913 4161 1114 4219 Christi
1174 4156 1555 4214 incarnatione
1603 4152 1844 4208 han-eses
1892 4159 2033 4204 natm
2075 4154 2205 4203 sunt

620 4266 773 4313 extra
817 4252 1211 4324 Evangelium;
1258 4231 1456 4304 deinde
1503 4243 1750 4300 diabolus
1789 4242 2054 4312 paulatim
2106 4255 2207 4311 per

619 4351 808 4422 gratiae
840 4347 1178 4400 incrementa
1206 4341 1480 4411 repulsus,
1515 4353 1582 4391 ex
1614 4336 1852 4405 ipsomet
1909 4330 2207 4402 Evangelio

622 4441 930 4500 clanculum
979 4434 1330 4494 subintravit.
1381 4431 1676 4500 Scriptura:
1721 4427 1898 4482 verbis
1942 4435 2206 4494 textuque

623 4538 744 4608 ipso
775 4542 961 4604 tegens
983 4543 1185 4592 escam,
1217 4527 1452 4580 haereses
1485 4530 1756 4592 procreat,
1791 4533 1963 4587 usque
1993 4519 2059 4572 ad
2086 4517 2205 4572 lco-

624 4626 946 4689 nomachos,
977 4638 1041 4678 ac
1075 4629 1361 4693 postquam
1392 4631 1452 4671 se
1472 4612 1764 4669 auscultari
1794 4611 1864 4666 ab
1895 4609 2210 4664 hominibus

626 4722 820 4786 sensit,
852 4715 1328 4788 appropinquante
1361 4706 1523 4764 simul
1560 4701 2048 4760 consummationis
2071 4707 2210 4754 tem-

629 4824 763 4880 pore
783 4847 798 4870 .
839 4815 1008 4876 cmptt
1048 4803 1308 4871 deinceps
1331 4841 1347 4867 ,
1381 4799 1522 4853 sicut
1559 4795 1714 4849 initio
1741 4833 1755 4856 ,
1787 4791 2010 4846 exitium
2041 4789 2212 4859 ipsius

631 4897 912 4969 Evangelii
943 4894 1117 4950 moliri
1139 4933 1155 4958 ,
1186 4902 1249 4947 ut
1284 4903 1526 4960 congrue
1558 4893 1812 4940 occurrat
1841 4881 2211 4946 Antichristo,

633 4991 688 5044 in
717 5004 824 5058 quo
857 4984 1154 5050 habitabit,
1185 4991 1241 5039 et
1271 4983 1325 5036 in
1353 4994 1463 5051 quo
1491 4985 1603 5034 tota
1634 4975 1806 5047 ipsius
1835 4971 2138 5027 amaritudo
2161 4980 2216 5026 et

634 5081 906 5152 apostasia
950 5077 1208 5148 pateﬂet,
1265 5088 1428 5144 quem
1474 5069 1738 5125 Dominus
1780 5063 2066 5137 praesentia
2117 5077 2214 5116 sua

635 5191 798 5248 quam
828 5173 1090 5228 citissime
1123 5168 1422 5223 interimet.
1459 5164 1535 5219 De
1567 5162 1726 5218 tertio
1755 5168 1936 5214 autem
1968 5155 2098 5228 quid
2131 5154 2216 5209 di-

637 5267 864 5326 cemus?
898 5264 998 5330 Qui
1030 5262 1178 5317 enim
1205 5249 1571 5329 ~Evangelium
1605 5263 1792 5326 aperta
1831 5253 2011 5308 fronte
2043 5260 2219 5305 trans-

633 5361 791 5436 gredi
844 5358 962 5414 ausi
1014 5365 1182 5419 sunt,
1231 5367 1438 5421 eosque
1497 5350 1591 5420 qui
1640 5344 1942 5417 transgredi
1994 5341 2220 5397 noluere

639 5450 1281 5510 anathematizaverunt,
1333 5456 1562 5512 ecquam
1613 5440 1690 5494 illi
1743 5452 1928 5492 curam
1983 5420 2219 5488 habituri

641 5555 771 5602 sunt
805 5554 1075 5598 canonum
1099 5577 1114 5602 ,
1147 5532 1504 5606 quantumvis
1529 5547 1560 5586 a
1586 5529 1792 5602 Spiritu
1845 5537 2039 5582 sancto
2071 5525 2222 5580 obsi-

643 5634 789 5708 gnati
811 5634 942 5698 sint,
963 5645 1028 5684 ac
1051 5643 1240 5684 eorum
1259 5623 1619 5680 dissolutione
1644 5619 2010 5676 dissolvantur
2039 5618 2222 5673 omnia

644 5742 766 5798 quae
794 5725 860 5780 ad
893 5724 1122 5780 salutem
1155 5729 1400 5777 nostram
1437 5711 1713 5774 attinent?
1757 5711 2040 5780 Nusquam
2075 5709 2222 5764 enim

725 5842 768 5874 ³²
795 5842 930 5896 Luc.
959 5856 1032 5906 ιι,
1068 5839 1156 5895 15.

2167 3253 2188 3270 ο
2284 3224 2399 3284 τοῖς
2428 3219 2804 3290 εύαγγελικοῖς
2835 3215 3223 3286 θεσπίσμασιν,
3253 3211 3387 3266 ἀλλὰ
3414 3213 3504 3266 καὶ
3535 3213 3678 3266 πάνυ
3707 3213 3769 3265 τὸ
3791 3212 3871 3266 δο-

2285 3317 2407 3368 κεῖν
2438 3313 2580 3381 ὑπὲρ
2615 3309 2794 3364 αὐτῶν
2823 3305 3379 3377 ἀντιποιούμεναι,τῴ
3409 3303 3583 3367 οὕτως
3608 3303 3871 3368 νοεῖσθαι,

2289 3409 2386 3464 καὶ
2427 3408 2502 3480 μὴ
2537 3404 2707 3469 οὕτως
2730 3419 2744 3436 ο
2787 3405 2866 3467 είς
2895 3403 3022 3466 τοὺς
3052 3399 3230 3464 θείους
3258 3397 3450 3466 λόγους
3495 3397 3594 3468 τὴν
3631 3397 3877 3469 ἀμφιϐο-

2290 3501 2412 3554 λίαν
2457 3498 2704 3568 ἔχουσαι.
2745 3495 2855 3549 Καὶ
2883 3491 3071 3564 ἐπειδὴ
3103 3491 3541 3561 ἀποτυγχάνουσι
3581 3489 3676 3542 τοῦ
3710 3489 3874 3560 ὀρθοῦ

2294 3594 2663 3664 φρονήματος,
2689 3587 2929 3656 αἱρέσεις
2947 3583 3468 3652 κατωνομάσθησαν.
3519 3579 3791 3634 Ἐνταῦθα
3819 3579 3880 3632 δὲ

2297 3683 2510 3755 φανερὰ
2537 3683 2810 3742 ἔκπτωσις
2834 3677 3089 3739 πίστεως.
3118 3675 3194 3728 Ub
3222 3674 3349 3743 mp".
3375 3673 3467 3726 τὸν
3493 3671 3620 3724 νοῦν
3648 3670 3882 3740 σφαλλό-

2301 3791 2472 3846 μενοι,
2517 3769 2652 3825 ἀλλά
2701 3769 2984 3836 λέγοντεςο
3018 3766 3128 3818 Kal.
3165 3759 3320 3816 εἶπεν
3359 3765 3388 3816 ό
3433 3764 3672 3834 Χριστὸς
3716 3762 3880 3826 οὕτω,

2259 3867 2272 3870 ’
2300 3865 2400 3920 κᾶν
2438 3864 2602 3934 νόμος
2643 3862 2743 3934 ἔχῃ
2777 3860 2924 3920 τάδε,
2953 3856 3048 3911 ἐπὶ
3081 3856 3189 3909 τῶν
3223 3856 3488 3927 βασιλέων
3522 3854 3695 3918 οὕτως
3732 3855 3884 3923 γίνε-

2303 3958 2448 4024 σθαι,
2474 3955 2732 4010 νικᾶσθαι
2759 3954 2821 4006 τὸ
2841 3950 3193 4019 Εὑαγγέλιον.
3223 3948 3505 4014 Σκόπησον
3534 3947 3654 4010 πῶς
3680 3948 3751 4015 τῇ
3785 3947 3886 4015 ἀρ-

2302 4049 2371 4118 χῇ
2394 4046 2454 4099 τὸ
2479 4046 2630 4107 τέλος
2657 4041 2962 4096 ἀκολουθεῖ.
2998 4039 3130 4092 Ἀπὸ
3151 4035 3389 4108 Χριστοῦ
3413 4036 3887 4106 ἐνανθρωπήσεως

2303 4138 2540 4210 ἤρξαντο
2581 4135 2782 4200 ἔξωθεν
2825 4132 2919 4187 τοῦ
2965 4128 3300 4197 Εύαγγελίου
3347 4129 3400 4180 αἱ
3446 4127 3706 4198 αἱρέσεις.
3751 4121 3889 4178 Εἶτα

2307 4227 2704 4298 ἀποκρουσθεὶς
2738 4227 2767 4278 ό
2793 4223 3038 4286 διάϐολος
3075 4221 3164 4275 διὰ
3197 4220 3295 4291 τῆς
3338 4219 3480 4273 κατά
3519 4218 3716 4290 μικρὸν
3750 4234 3890 4287 προ-

2306 4323 2482 4392 κοπῆς
2506 4319 2608 4388 τῆς
2635 4318 2875 4389 χάριτος,
2908 4310 3204 4381 ὑπεισῆλθε
3234 4308 3605 4370 λανθανόντως
3630 4307 3686 4372 ἐξ
3716 4305 3890 4358 αὐτοῦ

2307 4414 2404 4469 τοῦ
2435 4409 2787 4480 Εὑαγγελίου.
2817 4406 2987 4477 Γεννᾷ
3016 4404 3114 4467 τὰς
3135 4402 3378 4472 αἱρέσεις
3405 4400 3567 4470 μέχρι
3590 4397 3698 4451 τῶν
3725 4398 3894 4450 Elm-

2309 4506 2583 4575 νομάχων,
2636 4500 2745 4553 ἀπὸ
2801 4495 3022 4569 Γραφῆς
3071 4493 3163 4548 καὶ
3224 4491 3332 4544 τῶν
3383 4488 3655 4559 κειμένων
3701 4486 3894 4540 αὐτῶν

2309 4594 2673 4664 ὑποδούμενος
2722 4591 2783 4642 τὸ
2825 4589 3036 4658 δέλεαρ.
3081 4585 3192 4640 Καὶ
3232 4583 3369 4637 ὲπάν
3401 4579 3597 4652 ᾔσθετο
3627 4578 3895 4646 εὐηκόους

2310 4685 2460 4755 αὐτῷ
2499 4684 2624 4745 τοὺς
2656 4678 2975 4750 ἀνθρώπους
3014 4675 3302 4746 ὑπάρχειν,
3337 4671 3752 4728 συνελαύνοντος
3797 4667 3897 4720 καὶ

2309 4778 2406 4834 τοῦ
2438 4773 2630 4848 καιροῦ
2676 4772 2774 4843 τῆς
2805 4768 3136 4831 συντελείας,
3166 4767 3374 4838 ἤρξατο
3401 4765 3466 4817 ὲκ
3497 4761 3590 4815 τοῦ
3620 4759 3789 4830 δεῦρο
3819 4759 3898 4821 ὡς

2312 4874 2373 4926 τὸ
2421 4869 2514 4924 ἀπ’
2539 4861 2885 4938 ἀρχῆς,“κατ’
2913 4859 3078 4914 αὑτοῦ
3119 4857 3214 4912 τοῦ
3253 4853 3586 4924 Εὐαγγελίου
3628 4850 3900 4904 ἀνάπτειν

2313 4963 2404 5018 τὸν
2433 4961 2614 5031 φόνον,
2644 4957 2792 5017 ὅπως
2835 4951 3149 5021 καταντήσῃ
3179 4950 3259 5012 είς
3283 4947 3376 5000 τὸν
3403 4943 3774 5013 Ἀντίχριστον
3803 4941 3900 4992 εὖ·

2315 5055 2506 5116 θέτως,
2532 5049 2616 5119 ἐφ’
2643 5049 2701 5102 ὃν
2737 5046 3076 5115 κατοικήσει,
3107 5043 3200 5096 καὶ
3233 5041 3290 5094 ἐν
3310 5032 3354 5106 ᾧ
3378 5033 3904 5102 ἀποκαλυφθήσεται

2315 5150 2350 5221 ἠ
2375 5147 2527 5201 πᾶσα
2559 5140 2726 5196 αὐτοῦ
2757 5138 2960 5209 πικρία
2988 5135 3084 5189 καὶ
3110 5130 3439 5195 ἀποστασία,
3479 5127 3538 5180 ὃν
3567 5123 3746 5179 ἀνελεὶ
3785 5121 3906 5175 Κύ-

2320 5213 2435 5312 ριος
2460 5239 2526 5309 τῇ
2550 5232 2842 5303 ἐπιφανείᾳ
2865 5227 3030 5284 αὐτοῦ
3053 5227 3135 5281 ὅτι
3157 5224 3407 5294 τάχιστα.
3437 5219 3573 5290 Περὶ
3596 5214 3687 5268 τοῦ
3705 5213 3908 5282 τρε-του

2319 5305 2370 5386 τί
2416 5305 2526 5384 καί-
2552 5325 2780 5396 φῶμενς
2813 5322 2875 5374 υἱ
2905 5318 3014 5389 γάρ
3054 5316 3117 5371 τὺ
3161 5311 3493 5380 Εύαγγέλιον
3540 5305 3912 5377 παραϐαίνειν

2320 5423 2504 5494 γυμνῇ
2559 5419 2628 5489 τῇ
2671 5413 2883 5484 κεφαλῇ
2927 5407 3467 5478 κατατολμήσαντες,
3503 5400 3598 5453 καὶ
3641 5399 3774 5461 τοὺς
3832 5399 3912 5466 μὴ

2321 5509 2684 5586 παραϐαίνειν
2737 5503 3190 5577 αἱρετισαμένους
3250 5492 3750 5564 ἀναθεματίσαντες
3777 5529 3798 5554 ,
3856 5488 3916 5540 τί

2323 5581 2456 5680 περὶ
2497 5605 2740 5659 κανόνων
2788 5596 2975 5658 αὐτοῖς
3017 5592 3282 5666 μελήσεις
3317 5587 3426 5642 Καί
3461 5603 3526 5656 γε
3559 5583 3656 5638 καὶ
3696 5581 3918 5633 τούτων

2323 5670 2429 5759 ὑπο
2453 5695 2773 5768 ῐίνεύματος
2802 5687 2962 5759 ἀγίου
2998 5682 3474 5756 ἐσφραγισμένων,
3503 5677 3599 5732 καὶ
3631 5679 3688 5730 ἐν
3714 5675 3790 5745 τῇ
3817 5670 3918 5726 λύ-
