4044 6366
307 334 440 402 1037

1526 339 2065 401 EPISTOLARUM
2099 340 2245 401 LIB.
2271 341 2321 403 Ι.

3416 345 3552 413 1038

302 468 388 504 σει
423 448 602 502 αὐτῶν
630 445 940 517 λελυμένων
969 447 1137 500 ὄντων
1176 447 1284 501 τῶν
1317 447 1571 503 ἁπάντων
1599 450 1677 513 είς
1707 466 1878 519 σωτη-

1984 449 2368 514 sacerdotium,
2398 448 2743 527 sacriﬁcium,
2773 465 2836 505 ac
2866 450 3074 521 reliqua
3110 453 3423 511 morborum
3456 474 3554 512 no-

297 543 422 612 ρίαν
474 538 631 610 ἡμῶν
682 537 947 609 ἡκόντων.
990 539 1238 610 Ούδαμοῦ
1295 539 1400 610 γάρ
1446 539 1732 611 ἱερωσύνη,
1785 542 1878 594 θυ-

296 633 412 698 σία,
441 631 613 686 τᾶλλα
650 630 858 700 ίάματα
902 628 1012 684 τῶν
1047 630 1294 701 ψυχικῶν
1319 629 1477 702 ἡμῶν
1511 632 1875 703 ἀρρωστημά-

383 741 432 779 ν.

294 741 327 776 τ
383 741 432 779 ν.

333 742 435 869 ωΤί
461 817 519 871 δὲ
541 815 686 883 λέγω
711 814 975 882 κανόνων,
996 813 1091 868 καὶ
1116 813 1376 885 ποιοῦμαι
1402 815 1666 887 διαφοράν
1693 830 1708 881 ;
1735 817 1878 869 Ταυ-

293 906 389 960 τδν
417 909 562 960 ἐστιν
591 908 767 960 εἰπεῖν
785 906 881 960 καὶ
909 906 997 960 ἐπ’
1026 904 1203 959 αὐτῶν
1222 904 1365 978 [καὶ]
1387 907 1721 976 Εύαγγελίου
1743 909 1877 979 Χρι-

296 998 447 1052 στοῦ.
471 997 642 1062 Αὐτὸς
671 998 779 1068 γὰρ
805 997 903 1061 τὰς
930 997 1080 1061 κλεῖς
1105 996 1306 1051 δέδωκε
1334 1001 1431 1069 τῆς
1459 998 1739 1069 βασιλείας
1766 1000 1878 1054 τῶν
1912 984 1933 1017 ἠ

291 1091 536 1162 οὐρανῶν
573 1088 653 1161 τῷ
683 1089 905 1161 μεγάλῳ
938 1088 1131 1162 Πέτρῳ
1162 1090 1387 1159 φάσκων
1408 1106 1423 1122 ’
1452 1093 1551 1144 Ὃν
1587 1090 1653 1146 ἄν
1685 1091 1873 1164 λύσῃς,

292 1182 393 1237 καὶ
438 1181 496 1235 ὃν
542 1180 609 1236 ἂν
652 1180 843 1253 δήσῃς,
869 1179 1021 1233 ἔσται
1054 1180 1116 1233 τὸ
1146 1181 1241 1233 καὶ
1268 1180 1350 1235 τό.
1386 1182 1497 1235 Kal
1536 1182 1699 1236 πάλιν
1740 1184 1875 1236 πᾶσι

290 1275 409 1336 τοῖς
435 1273 776 1335 ἀποστόλοις⁸
814 1270 1036 1327 Λάϐετε
1074 1270 1317 1340 Πνεῦμα
1360 1272 1559 1342 ἄτιον
1594 1273 1672 1328 ἄν
1698 1290 1878 1328 τινων

290 1362 487 1433 ἀφῆτε
504 1363 609 1429 τὰς
627 1362 937 1433 ἁμαρτίας,
962 1360 1237 1431 ἀφίενται
1254 1379 1268 1393 ·
1298 1362 1397 1417 καί
1430 1364 1508 1417 ἄν
1530 1380 1709 1419 τινων
1731 1354 1889 1434 κραέ

290 1455 456 1523 τῆτε,
487 1452 902 1522 κεκράτηνται.
942 1454 1055 1507 Kal
1089 1453 1371 1524 ἑπομένως
1400 1454 1611 1518 τούτοις
1641 1456 1720 1520 είς
1747 1456 1887 1519 τοὺς·

293 1548 416 1616 μετ’
458 1546 656 1606 αὐτοὺς
690 1543 1023 1608 διαϐιϐάζων
1063 1544 1162 1615 τὴν
1204 1544 1488 1611 ἐξουσίαν,
1523 1546 1728 1617 ἐάνπερ
1766 1547 1876 1600 dia-

290 1637 475 1700 αύτως
513 1635 793 1708 πράξοιεν.
848 1635 960 1688 Kal
1003 1634 1091 1688 διὰ
1122 1633 1279 1687 τοῦτο
1314 1633 1621 1700 Βασιλείου,
1647 1636 1744 1690 καὶ
1765 1636 1876 1690 τῶν

294 1726 620 1778 ίσοστασίων
669 1722 818 1794 αὐτῷ
845 1723 1036 1791 ἁγίων,
1066 1721 1142 1787 ὡς
1170 1722 1280 1777 τῶν
1302 1724 1678 1780 ἀποστολικῶν
1710 1726 1873 1780 κανό-

1985 552 2221 599 strorum
2252 544 2615 615 spiritualium
2640 543 3056 600 medicamenta.

2055 802 2191 869 Quid
2227 814 2407 860 autem
2443 822 2683 863 canones
2714 808 2836 863 dico
2859 849 2874 873 ,
2910 824 2975 865 ac
3016 811 3308 866 discrimen
3338 811 3555 882 aliquod

1983 896 2206 951 statuo?
2242 897 2470 952 Perinde
2496 908 2577 953 est
2611 899 2678 954 de
2711 902 3003 972 Evangelio
3028 900 3229 958 Christi
3261 917 3326 958 ac
3353 903 3421 957 de
3451 905 3558 959 illis

1982 986 2185 1041 dicere.
2222 986 2340 1055 Ipse
2371 990 2516 1042 enim
2546 990 2727 1045 claves
2753 991 2905 1061 regni
2933 992 3195 1047 cmlorum
3228 1007 3425 1064 magno
3454 995 3557 1048 Pe-

1984 1083 2068 1130 tro
2110 1075 2332 1133 tradidit
2382 1078 2469 1134 bis
2510 1080 2690 1135 verbis
2736 1096 2749 1133 :
2786 1079 3179 1152 Quemcunque
3221 1083 3448 1139 solveris
3502 1096 3558 1141 et

1982 1181 2365 1238 quemcunque
2390 1169 2647 1241 ligaveris
2671 1212 2687 1237 ,
2725 1179 2828 1242 hoc
2851 1174 2958 1228 erit
2990 1184 3046 1229 et
3075 1175 3207 1230 illud
3233 1175 3297 1229 ”.
3338 1177 3407 1231 Et
3435 1192 3557 1231 rur-

1983 1270 2103 1311 sum
2133 1260 2388 1314 omnibus
2417 1261 2678 1331 apostolis
2702 1280 2714 1315 :
2741 1263 2970 1333 Accipite
2997 1263 3256 1335 Spiritum
3281 1275 3554 1321 sanctum:

1983 1363 2203 1417 quorum
2234 1349 2537 1404 remiseritis
2565 1362 2800 1421 peccata,
2826 1356 3166 1409 remittuntur
3197 1358 3307 1421 eis;
3348 1368 3395 1411 et
3423 1374 3553 1428 quo-

1983 1454 2100 1491 rum
2132 1440 2481 1505 retinuerilis,
2532 1450 2733 1497 retenta
2782 1455 2905 1499 sunt
2934 1446 2979 1478 "
3012 1462 3121 1503 :ac
3159 1460 3556 1520 consequenter

1983 1537 2303 1596 potestatem
2330 1532 2706 1589 transmittens
2730 1534 2795 1590 ad
2822 1549 3010 1590 eorum
3034 1553 3396 1605 successores,
3429 1556 3553 1596 cum

1984 1618 2126 1674 idem
2170 1622 2404 1694 egerint.
2470 1623 2718 1695 Cumque
2770 1626 2977 1685 idcirco
3033 1629 3302 1699 Basilius,
3344 1632 3555 1703 ipsique

1983 1728 2248 1783 suppares
2276 1715 2450 1771 sancti
2476 1759 2491 1779 ,
2532 1732 2770 1774 canones
2811 1729 3068 1791 tanquam
3100 1726 3429 1793 apostolicos
3465 1740 3555 1781 re-

291 1833 401 1867 νων
445 1814 803 1885 δεδεγμένων,
845 1813 1034 1868 καθότι
1064 1812 1530 1886 ὲξηκολουθήκασι
1574 1816 1741 1887 μηδὲν
1776 1834 1872 1871 κε-

1979 1806 2248 1873 ceperint,
2276 1815 2546 1875 quatenus
2574 1823 2670 1863 eos
2699 1810 2872 1865 secuti
2906 1822 3053 1876 sunt,
3082 1814 3219 1868 nihil
3254 1814 3554 1871 immutan-

292 1904 777 1975 καινοτομηκότες,
828 1901 965 1956 ἀλλὰ
1018 1903 1114 1955 καὶ
1161 1899 1568 1972 ὲπαυξήσαντες
1619 1902 1761 1958 κατὰ
1813 1902 1875 1956 τὸ

289 1996 444 2050 δέον·
472 1990 615 2051 οὗτοι
660 1993 754 2048 οῦν
795 1993 844 2047 n'.
883 1992 994 2046 νέοι
1016 1991 1443 2062 ψευδαπόστολοι
1482 1993 1875 2063 ἀποφαίνονται

291 2088 650 2159 ἐμπράκτως,
689 2084 766 2158 μὴ
802 2084 1021 2149 πάντως
1067 2084 1211 2140 κατὰ
1239 2086 1365 2150 τοὺς
1400 2085 1692 2157 κειμένους
1716 2086 1876 2158 ὄρους

289 2181 403 2235 τῶν
431 2179 623 2250 ἁγίων,
658 2180 775 2233 ἀλλ’
805 2178 983 2251 οἰκείᾳ
1020 2177 1241 2249 ἐξουσίᾳ
1270 2177 1364 2232 καὶ
1390 2178 1682 2251 διακρίσει,
1723 2178 1878 2251 παρὰ

291 2271 358 2325 τδ
406 2269 498 2325 ὑπ’
533 2269 713 2324 αὐτῶν
755 2268 1183 2339 διατεταγμένον
1213 2267 1324 2322 ἐσθ’
1356 2249 1447 2321 δτέ
1489 2267 1722 2321 ἕκαστον
1768 2267 1876 2322 τῶν

292 2360 568 2433 ίεραρχῶν
590 2362 766 2414 ποιεῖν
786 2377 799 2390 ·
832 2358 980 2413 λύειν
1010 2360 1067 2412 ὲν
1100 2354 1183 2422 οἷς
1220 2357 1281 2411 ού
1312 2358 1441 2430 παρ’
1463 2358 1643 2412 αὐτῶν
1684 2356 1839 2422 λύσις
1860 2372 1873 2387 ·

292 2455 392 2507 καὶ.
441 2453 659 2523 δεσμεῖν
703 2450 788 2521 ἐφ’
832 2442 915 2514 οἷς
955 2449 1053 2519 οὐχ
1104 2449 1199 2502 ὑπ’
1225 2448 1403 2503 αὐτῶν
1449 2450 1477 2503 6
1519 2448 1736 2519 δεσμός.
1765 2448 1877 2502 Kal

290 2544 459 2614 δρᾶτε
500 2541 667 2597 ταῦτα
705 2539 1052 2610 καθεκάστην
1079 2539 1401 2611 γιγνόμενα.
1423 2540 1534 2593 Kal
1559 2536 1877 2611 ὲϐεϐηλώθη

296 2635 368 2686 τὰ
407 2632 561 2701 ἅγια,
606 2632 703 2686 κάὶ
732 2632 940 2703 ἐφόδιον
991 2630 1271 2702 ἁμαρτίας
1296 2628 1536 2701 κρύϐδην
1575 2645 1637 2682 τε
1670 2631 1766 2683 καὶ
1795 2630 1877 2691 είς

289 2724 602 2795 τούμφανὲς
635 2724 670 2794 ἡ
717 2721 1127 2794 μοιχοσύνοδος·
1166 2721 1261 2775 καὶ
1300 2719 1682 2792 καθαίρεταιδ
1706 2720 1876 2775 ἀκαθ-

291 2818 541 2887 αίρετοςο
602 2815 698 2868 καὶ
748 2814 1137 2886 χειροτονεῖται
1192 2813 1220 2866 6
1262 2811 1728 2883 διαϐεϐλημένος*
1779 2812 1877 2866 καὶ

291 2909 450 2961 ἐᾶται
514 2907 543 2958 6
602 2904 923 2960 ὑποπίπτων
981 2903 1174 2958 κανόσι
1232 2903 1657 2974 καθαιρετικοῖς,
1712 2905 1875 2958 ἀνευ-

292 3000 469 3063 θύνως
514 2996 835 3070 ίερουργῶν,
869 2996 965 3050 καὶ
1005 2997 1070 3049 ὲκ
1099 2993 1473 3065 κελεύσματος
1510 2994 1873 3067 ἀνθρωπίνου,

1978 1905 2080 1962 tes,
2112 1897 2207 1952 sed
2236 1906 2291 1951 et
2320 1897 2713 1968 ampliﬁcantes
2746 1902 2910 1956 etiam
2945 1913 3109 1974 prout
3148 1908 3508 1963 conveniebat
3536 1926 3550 1960 :

1975 1985 2065 2041 isti
2098 1986 2319 2043 demum
2351 1990 2477 2045 novi
2512 1992 2952 2063 pseudoapostoli
2999 1996 3178 2066 reipsa
3224 1999 3552 2064 ostendunt,

1976 2093 2035 2134 se
2073 2093 2413 2151 nequaquam
2443 2084 2742 2139 secundum
2766 2087 3114 2159 praescriptos
3139 2105 3168 2144 a
3200 2089 3403 2145 sanctis
3444 2101 3554 2146 ter-

1974 2171 2189 2235 minos,
2236 2173 2335 2228 sed
2380 2174 2600 2244 prepria
2643 2177 2968 2233 auctoritate
3010 2188 3066 2234 et
3104 2180 3552 2239 arbitriocontra

1976 2276 2138 2331 quam
2168 2262 2236 2318 ab
2266 2263 2371 2319 illis
2399 2273 2664 2320 statutum
2695 2276 2816 2334 est,
2861 2268 3075 2337 facere,
3103 2272 3231 2327 dum
3263 2274 3554 2343 episcopus

1975 2354 2207 2422 quilibet
2236 2356 2398 2412 solvit
2426 2358 2698 2414 interdum
2725 2400 2740 2426 ,
2780 2361 2872 2415 ubi
2919 2361 3132 2418 solvere
3178 2379 3288 2418 non
3330 2375 3548 2434 potest:

1975 2444 2126 2515 ligat,
2151 2446 2243 2503 ubi
2270 2447 2471 2519 ligandi
2492 2449 2582 2518 jus
2608 2464 2719 2503 non
2753 2450 2936 2505 habet.
2964 2453 3142 2521 Atque
3168 2453 3283 2509 haec
3307 2454 3552 2525 qmtidie

1978 2536 2096 2591 ﬁeri
2130 2538 2399 2606 cernitis;
2443 2551 2498 2595 et
2544 2542 2769 2611 profana
2812 2552 2940 2599 sunt
2976 2552 3162 2599 sancta
3187 2586 3201 2611 ,
3252 2555 3308 2600 et
3344 2547 3551 2617 peccati

1978 2627 2232 2683 illecebra
2262 2630 2400 2684 clam
2430 2630 2717 2701 palamque
2755 2632 2896 2689 facta
2931 2644 3017 2689 est
3052 2636 3549 2708 moechosynodus;

1978 2721 2384 2794 deponiturque
2432 2723 2525 2795 qui
2570 2726 2767 2797 deponi
2819 2743 2930 2782 non
2983 2728 3179 2795 debet,
3226 2738 3281 2789 et
3334 2730 3552 2786 ordina-

1981 2819 2070 2865 tur
2108 2814 2201 2882 qui
2268 2812 2488 2869 infamia
2564 2815 2809 2879 laborat.
2850 2823 2907 2871 et
2965 2817 3058 2885 qui
3114 2817 3417 2873 canonibus
3458 2819 3554 2873 de-

1978 2904 2304 2973 positionem
2374 2905 2739 2977 irrogantibus
2804 2907 3074 2963 obnoxius
3141 2917 3265 2971 est,
3332 2909 3554 2978 impune

1977 3010 2130 3051 sacra
2190 2996 2369 3052 facere
2445 2998 2815 3068 permittitur,
2890 2999 3134 3069 ﬁuntque
3193 3014 3260 3055 ex
3307 3000 3555 3070 iussione

291 3091 391 3145 καὶ
448 3091 548 3144 οὐκ
598 3091 662 3143 ὲκ
714 3088 897 3160 ψήφου
950 3086 1100 3151 θείας
1144 3085 1240 3138 xal
1295 3085 1608 3156 κανονικῆς,
1649 3087 1703 3139 αἱ
1740 3102 1876 3157 προ-

1980 3082 2256 3151 humana,
2302 3099 2413 3139 non
2461 3086 2557 3141 Dei
2605 3095 2661 3141 et
2708 3102 2981 3143 canonum
3031 3088 3287 3155 decreto,
3331 3105 3553 3160 promo-

438 3180 453 3216 ί

438 3180 453 3216 τ
854 3192 865 3202 .

294 3180 497 3338 δοέιοξί,
545 3269 646 3339 φεῦ
707 3285 834 3338 μοι,
882 3268 980 3337 τῆς
1028 3263 1429 3335 ταλαιπωρίας,
1480 3263 1659 3318 πάντα
1702 3280 1872 3318 κατα-

288 3359 627 3433 τραγῳδεῖνί
688 3358 785 3410 καὶ
840 3355 923 3419 τίς
966 3353 1104 3425 ἔχων
1146 3353 1375 3424 καρδίαν
1403 3352 1747 3423 αίσθητικὴν,
1776 3351 1877 3405 οὐκ

292 3452 453 3520 ἀλγεῖ
480 3451 576 3505 καὶ
598 3448 808 3512 στένεις
835 3445 944 3499 Kal
973 3447 1125 3507 ποῖος
1153 3443 1278 3505 νοῦς
1303 3440 1478 3495 ταῦτα
1503 3440 1877 3511 ἀναθρώσκων

292 3541 392 3593 καί⁸
426 3538 770 3609 συμϐάλλων,
801 3535 901 3606 οὐχ
928 3534 1186 3607 ὁμολογεῖ
1214 3533 1478 3604 αἱρέσεων
1504 3531 1604 3602 τὴν
1638 3532 1877 3586 ἀποστά-

289 3649 451 3703 τριαν
490 3626 631 3683 εἶναι
672 3626 910 3701 Χριστοῦ
938 3645 952 3693 ;
987 3626 1083 3681 καὶ
1127 3624 1231 3678 ποῦ
1272 3641 1362 3694 μοι
1394 3624 1571 3677 πάντα
1599 3621 1780 3691 λέγειν
1806 3624 1878 3676 τὰ

290 3733 439 3781 κατα
478 3722 626 3786 νοῦν,
653 3723 747 3775 καὶ
778 3719 1131 3791 ὑπερϐαίνειν
1177 3716 1377 3787 μέτρον
1408 3714 1733 3785 ὲπιστολῆς;
1772 3712 1877 3767 E6-

291 3820 537 3873 σύνοπτα
593 3821 664 3870 τά
712 3813 1003 3884 λεγόμενα,
1053 3811 1115 3863 ού
1146 3806 1594 3879 κεκομψευμένα,
1638 3806 1700 3861 οὺ
1754 3805 1877 3858 δυσ-

289 3910 494 3979 νόητα*
538 3905 601 3959 τὸ
646 3906 765 3975 μὲν,
806 3905 888 3957 ὅτι
926 3900 1049 3956 οὐδὲ
1079 3897 1191 3969 ἐγὼ
1224 3898 1521 3970 ὑψηγορεϊν
1557 3895 1876 3966 δυνάμενος,

287 3999 432 4055 ἀλλὰ
450 3999 547 4051 καὶ
576 3996 697 4051 λίαν
723 3995 921 4065 ὀλίγος,
954 3994 1050 4049 καὶ
1071 3991 1402 4062 ὁλιγόλογος,
1435 3990 1532 4043 καὶ
1558 3988 1877 4060 βραχύγνω-

291 4108 441 4154 στος,
478 4089 617 4143 αὐτὰ
654 4086 827 4141 ταῦτα
872 4086 941 4140 δι’
969 4085 1133 4156 εὐχῆς
1176 4083 1271 4138 τοῦ
1307 4081 1488 4137 κοινοῦ
1527 4082 1741 4153 Πατρὸς
1782 4082 1878 4136 καὶ

290 4180 451 4253 ὑμῶν
480 4181 618 4251 ἔχων
642 4196 656 4210 ·
690 4179 751 4233 τὸ
773 4179 829 4233 δὲ
860 4178 953 4231 καὶ
986 4176 1073 4230 διὰ
1093 4174 1154 4229 τό
1186 4191 1341 4236 τινας
1370 4171 1523 4244 ὑμῶν
1553 4172 1628 4245 μὴ
1672 4172 1878 4243 ἰσχύειν

291 4270 767 4343 δογματικώτερον
797 4265 1235 4338 καταλαμϐάνειν
1262 4265 1360 4337 τὴν
1389 4263 1621 4335 αἵρεσιν,
1646 4265 1739 4317 καὶ
1761 4264 1874 4334 ἅμα

291 4358 377 4418 ὃίῖι
408 4364 502 4417 καὶ
527 4361 730 4424 ἁπλοῦς
762 4362 791 4414 6
818 4359 975 4428 λόγος
1016 4361 1117 4430 τῆς
1159 4357 1417 4427 ἀληθείας
1440 4371 1453 4384 ⁸
1490 4356 1525 4426 ἦ
1567 4373 1627 4408 τε
1670 4355 1878 4426 αἵρεσις

1982 3173 2181 3230 tiones.

2050 3268 2118 3322 Et
2139 3306 2156 3332 ,
2207 3267 2311 3322 heu
2357 3265 2489 3322 mihi
2520 3269 2533 3322 I
2581 3276 2819 3339 quantus
2849 3268 3005 3326 dolor
3034 3278 3120 3327 est
3149 3272 3331 3328 omnia
3363 3271 3555 3342 deplo-

1980 3357 2136 3412 rare?
2169 3365 2224 3412 et
2253 3358 2505 3428 quisnam
2536 3374 2699 3415 sensu
2743 3360 2925 3431 aliquo
2958 3362 3223 3433 praeditus
3268 3379 3375 3417 non
3405 3364 3556 3419 dolet

1978 3458 2033 3504 et
2062 3449 2411 3521 ingemiscit?
2437 3460 2492 3505 et
2522 3466 2643 3520 qua:
2672 3466 2827 3508 mens
2852 3453 2953 3508 ista
2989 3464 3243 3523 spectans
3273 3463 3328 3509 et
3359 3470 3555 3526 expen-

1978 3542 2135 3608 dcns,
2167 3557 2278 3596 non
2309 3542 2599 3598 conﬁtetur
2623 3544 2976 3600 desertricem
3026 3545 3228 3601 Christi
3255 3562 3376 3602 esse
3413 3548 3555 3603 hanc

1979 3631 2277 3687 haeresim?
2322 3642 2378 3687 et
2415 3649 2513 3687 cur
2554 3634 2739 3688 omnia
2776 3650 2899 3704 qua:
2941 3635 2997 3690 in
3039 3637 3221 3692 animo
3266 3649 3556 3693 versantur

1978 3739 2319 3794 expromam,
2345 3734 2398 3780 et
2425 3725 2667 3794 epistola:
2695 3726 2916 3781 modum
2936 3729 3237 3783 excedam?
3263 3729 3554 3799 Comperta

1978 3824 2106 3869 sunt
2135 3831 2256 3885 qua:
2289 3815 2410 3871 dico
2430 3858 2444 3881 ,
2482 3832 2589 3871 non
2618 3816 2755 3873 scite
2785 3818 3084 3888 composita
3106 3861 3121 3885 ,
3149 3834 3257 3872 non
3291 3818 3557 3885 difﬁcilia,

1980 3908 2107 3963 licet
2138 3924 2245 3962 non
2279 3896 2477 3979 dignus
2503 3908 2594 3977 qui
2626 3909 2836 3973 audiar,
2876 3909 3156 3979 utriusque
3185 3910 3555 3977 concordiam,

1978 4015 2077 4072 per
2108 4015 2271 4071 quam
2298 4008 2354 4054 et
2378 3999 2576 4054 clarius
2605 4000 2804 4054 emicat
2832 3999 3015 4056 radius
3041 4000 3288 4055 veritatis
3310 4042 3324 4064 ,
3354 4011 3411 4056 et
3437 4018 3559 4071 pra-

1979 4092 2117 4146 vitas
2158 4089 2233 4145 illi
2269 4088 2698 4153 adversantium,
2745 4089 2834 4144 vel
2884 4090 3064 4159 potius
3111 4098 3381 4145 nocturna
3427 4092 3557 4156 lux,

1981 4180 2254 4235 intellectu
2282 4197 2296 4234 :
2338 4180 2537 4251 partim
2575 4180 2699 4250 quia
2730 4194 2837 4235 non
2869 4195 2987 4236 sum
3017 4181 3268 4237 sublimia
3293 4181 3557 4253 loquendi

1980 4273 2237 4327 facultate
2266 4272 2561 4342 praeditus,
2610 4272 2705 4327 sed
2742 4272 2925 4327 tenuis
2961 4272 3251 4328 admodum
3290 4283 3346 4328 et
3380 4273 3559 4343 exigui

1980 4364 2252 4419 sermonis
2273 4403 2288 4429 ,
2320 4371 2378 4419 et
2400 4373 2644 4435 angustae
2673 4364 2919 4419 scientiae
2944 4404 2959 4429 ,
3006 4364 3122 4421 haec
3151 4365 3268 4436 ipsa
3307 4365 3560 4436 precibus

294 4456 527 4527 φανερὰ,
563 4455 657 4508 καὶ
688 4453 1114 4524 ἀδογμάτιστος,
1145 4450 1239 4503 καὶ
1270 4448 1423 4504 παιδὶ
1445 4448 1878 4520 εύκατάληπτος.

1987 4453 2170 4510 Patris
2196 4455 2507 4510 communis
2535 4469 2599 4509 ac
2634 4453 2832 4510 vestris
2864 4454 3135 4524 adeptus;
3166 4455 3365 4525 partim
3395 4453 3559 4509 etiam

293 4544 368 4619 ⁷ῼ
422 4548 531 4617 γὰρ
586 4549 614 4599 6
664 4546 795 4607 Θεὸς
850 4540 990 4606 εἷπε,
1020 4542 1283 4611 σύντομος
1328 4542 1357 4594 6
1403 4540 1583 4609 λόγος.
1616 4534 1776 4594 Οὗτοι
1825 4541 1885 4593 οὐ

299 4640 639 4710 στοιχοῦσιν·
686 4638 822 4692 ἀλλὰ
871 4635 969 4690 καὶ
1016 4634 1363 4704 στοιχοῦντας
1405 4632 1886 4703 ἀναθεματίζουσι.

296 4730 423 4799 Δῴη
474 4730 530 4783 δὲ
578 4730 707 4800 ύμῖν
741 4728 900 4799 χάριν
951 4726 979 4777 6
1028 4725 1232 4796 Κύριος
1271 4725 1365 4779 ἐπὶ
1402 4727 1589 4792 πᾶσιν,
1627 4726 1888 4797 ἀγαπητὰ

295 4816 489 4874 τέκνα,

1983 4547 2127 4617 quod
2161 4547 2411 4602 nonnulli
2434 4556 2673 4603 vestrum
2706 4548 3101 4603 accuratiorem
3133 4547 3358 4602 haeresis
3396 4562 3563 4616 expo-

1985 4638 2238 4692 sitionem
2270 4652 2466 4706 capere
2499 4647 2773 4708 nequeant
2800 4655 2813 4692 :
2850 4637 3071 4692 demum
3097 4677 3113 4702 ,
3145 4636 3286 4705 quod
3333 4636 3561 4706 simplex

1986 4729 2057 4783 sit
2085 4730 2331 4784 veritatis
2362 4730 2535 4785 oratio
2556 4771 2571 4796 ,
2619 4738 2674 4786 et
2725 4730 2950 4785 haeresis
2978 4730 3097 4785 haec
3137 4728 3423 4783 manifesta
3451 4728 3558 4793 sit,

1979 4829 2036 4874 et
2056 4820 2321 4876 doctrina:
2342 4835 2556 4890 expers,
2588 4830 2643 4875 et
2670 4836 2831 4891 quam
2860 4835 2996 4891 puer
3020 4819 3191 4891 possit
3219 4833 3433 4889 capere.
3460 4819 3559 4872 Cui

302 4910 451 4964 enim
486 4909 627 4964 Deus
659 4908 935 4978 loquitur,
980 4908 1029 4961 ei
1062 4906 1245 4962 brevis
1286 4916 1371 4962 est
1415 4922 1613 4962 sermo.
1663 4908 1725 4963 Hi
1772 4927 1877 4966 non
1918 4924 2063 4968 recta
2126 4914 2407 4978 incedunt,
2436 4924 2491 4968 et
2522 4923 2670 4969 recta
2732 4915 3049 4971 incedentes
3075 4913 3563 4973 anathematizant.

305 5006 411 5059 Det
451 5011 631 5058 autem
683 5002 839 5057 vobis
882 5000 1150 5057 Dominus
1198 5000 1424 5070 gratiam
1479 5002 1533 5054 in
1588 5002 1882 5069 omnibus,
1923 5004 2105 5060 dilecti
2142 5006 2257 5061 ﬁlii.

410 5113 530 5169 AZ'.
580 5144 651 5155 --
699 5116 912 5183 Ἰωσηερ
974 5114 1425 5182 ἁρχιεπισκόπῳ
1480 5116 1787 5169 Θεσσαλο-

908 5183 1104 5250 νίκης.
1149 5181 1297 5255 [ιιε’.]

908 5201 1104 5250 νίκης.
1149 5201 1244 5250 [ιτε
1258 5225 1269 5236 .

2032 5117 2296 5173 XXXVII.
2326 5149 2393 5159 —
2420 5120 2642 5188 Joaepho
2684 5120 3071 5188 archiepiscopo
3125 5118 3524 5174 Thcssalonicw.

1528 5319 1786 5369 Adversus
1819 5320 2019 5370 eosdem
2054 5318 2337 5367 haereticos.
2431 5343 2435 5346 ~

367 5442 468 5494 Διὰ
506 5440 606 5510 τῆς
645 5441 1147 5511 ταπεινοφροσύνης
1188 5443 1284 5495 καὶ
1315 5442 1506 5512 σοφίας
1540 5461 1657 5509 σου,
1694 5445 1792 5515 τῆς
1824 5461 1878 5497 τε

2062 5441 2229 5513 Digna
2271 5440 2576 5496 humilitate
2614 5456 2680 5497 ac
2704 5442 2980 5512 :sapientia
3032 5452 3120 5497 tua
3146 5481 3162 5507 ,
3208 5449 3263 5495 et
3299 5439 3563 5496 charitate

293 5530 435 5603 πρός
470 5549 537 5601 με
558 5532 650 5586 τδν
680 5532 1025 5604 ταλαίπωρον
1048 5533 1290 5604 ἀγάπης,
1313 5534 1406 5587 καὶ
1433 5534 1572 5607 ὑπὲρ
1595 5536 1751 5602 ἀξίαν
1779 5552 1878 5607 μου

1990 5551 2117 5606 erga
2160 5550 2249 5590 me
2296 5534 2558 5590 miserum
2584 5575 2599 5601 ,
2640 5547 2703 5589 ac
2737 5534 2807 5589 de
2842 5549 2929 5589 me
2959 5548 3124 5604 supra
3153 5546 3316 5602 quam
3347 5546 3564 5587 mereor

290 5622 684 5694 ἀποτιμήσεώς
712 5641 828 5688 σου,
848 5624 915 5678 τὰ
940 5623 1034 5679 νῦν
1064 5642 1155 5695 μοι
1181 5625 1584 5697 ἐπεσταλμένα,
1613 5626 1878 5699 εἱλικρινῆ

1989 5625 2349 5681 :cstimatione
2397 5633 2527 5680 sunt
2559 5640 2622 5680 ea
2658 5640 2781 5695 quae
2824 5624 2889 5679 ad
2936 5639 3023 5680 me
3064 5637 3210 5678 nunc
3256 5621 3559 5692 scripsisti;

368 5737 416 5769 ³³
446 5735 635 5792 Matth.
666 5754 773 5803 ιιι-ι,
815 5738 897 5793 19.
980 5738 1025 5772 ³⁸
1061 5738 1221 5794 Joan.
1260 5757 1356 5807 xx,
1391 5740 1484 5796 22.
