4044 6366
586 295 722 360 1039

1771 301 1832 363 S.
1861 295 2255 362 THEODORI
2291 295 2640 364 STUD‘l'l‘iE

3693 293 3828 377 loto

579 411 848 466 sinceram
891 418 947 465 et
995 411 1364 482 incorruptam
1395 426 1459 466 ex
1505 410 1750 466 radiante
1802 411 1984 466 anima
2015 419 2147 476 tua,

2258 413 2353 468 καὶ
2381 413 2738 484 άσύμφυρτον
2763 413 3137 485 τηλαυγοῦντα
3164 415 3228 468 ἐκ
3261 414 3361 485 τῆς
3389 417 3716 485 φωτοειδοῦς
3745 438 3835 475 σου

581 512 664 556 ler
713 503 872 558 beate
917 503 992 556 mi
1039 501 1391 573 fratripater,
1445 501 1804 558 dill'undentia
1844 502 2154 556 veritatem.

577 595 752 659 Quam
779 593 1148 665 amplexatus,
1179 593 1380 665 gratias
1404 593 1486 663 egi
1518 591 1734 648 Christo
1758 591 2017 648 desiderii
2049 593 2157 648 mei

575 685 864 756 cxpletori,
890 685 1154 741 bonorum
1178 684 1422 738 omnium
1448 681 1720 752 largitori;
1751 682 1944 752 quidni
1973 683 2158 738 enim?

577 785 633 831 te
661 775 886 830 scientia
905 773 1252 842 locupletem.
1281 772 1505 842 zeloque
1529 771 1902 837 convenienti,
1935 786 2000 826 ac
2028 785 2156 842 ger-

578 883 799 922 manum
833 872 1092 937 praeterea
1135 862 1446 918 communis
1483 860 1662 916 Patris
1707 860 1878 916 ﬁlium
1903 901 1918 924 ,
1957 875 2158 916 conve-
2211 933 2214 936 ῃ

578 957 783 1013 nientia
813 957 971 1012 nobis
1005 953 1246 1008 minimis
1277 959 1334 1008 et
1371 965 1568 1022 sapere
1592 991 1606 1016 ,
1659 959 1716 1006 et
1749 949 1804 1005 in
1841 950 2022 1005 animo
2057 949 2158 1004 ha-

577 1049 729 1104 bere.
768 1048 839 1102 At
890 1046 1030 1101 belle
1075 1058 1210 1100 sane
1255 1043 1359 1098 ista
1385 1082 1399 1106 ,
1434 1058 1558 1098 cum
1606 1043 1660 1096 in
1710 1041 1852 1098 votis
1905 1039 2155 1108 habeam,

577 1139 704 1194 licet
730 1151 838 1192 non
867 1137 1065 1208 dignus
1095 1134 1187 1205 qui
1225 1134 1438 1200 audiar,
1471 1133 1760 1204 utriusque
1786 1134 2157 1195 concordiam,

575 1243 674 1299 per
697 1242 860 1298 quam
888 1236 945 1283 et
968 1226 1170 1282 clarius
1191 1226 1392 1280 emicat
1421 1225 1606 1280 radius
1629 1224 1879 1279 veritatis
1907 1266 1921 1290 ,
1950 1234 2005 1280 et
2034 1240 2161 1296 gra-

573 1321 714 1376 vitas
745 1320 823 1375 illi
864 1318 1268 1375 adversantium
1294 1359 1312 1384 ,
1351 1317 1439 1372 vel
1483 1315 1666 1386 potius
1707 1323 1975 1370 nocturna
2020 1314 2114 1368 lux
2141 1351 2158 1376 ,

573 1421 866 1469 cnervatur
891 1450 906 1476 ,
945 1420 1003 1467 et
1041 1409 1286 1466 tenebris
1319 1407 1640 1464 offunditur.
1685 1405 1824 1460 Cum
1869 1415 2052 1461 autem
2102 1405 2158 1460 in

576 1501 775 1556 litteris
806 1502 1132 1572 reperissem
1172 1496 1466 1553 necessarii
1503 1495 1863 1561 divisionem;
1903 1495 2156 1566 ignosce,

575 1594 832 1664 obstupui
857 1612 870 1650 :
903 1608 1014 1649 non
1043 1593 1192 1648 enim
1222 1599 1306 1646 est
1333 1589 1450 1644 haec
1479 1587 1797 1652 necessarii,
1827 1587 1924 1641 sed
1946 1586 2161 1641 contin-

575 1688 768 1759 gentis,
797 1686 941 1757 quod
973 1685 1238 1740 trifariam
1261 1682 1524 1738 dividitur
1543 1721 1558 1747 ,
1587 1681 1641 1735 in
1676 1680 1730 1735 id
1761 1679 1904 1749 quod
1935 1677 2156 1748 sapius,

2261 503 2463 576 ψυχῆς,
2517 502 2792 575 τρισόλόιέ
2840 522 2944 576 μου
2978 506 3372 579 άδελφοπάτορ,
3422 508 3524 580 τὴν
3555 509 3833 581 ἀλήθειαν·

2263 595 2331 664 ἢν
2365 593 2756 664 ἀσπασάμενος
2800 594 3180 666 ηὐχαρίστησα
3217 596 3294 668 τῷ
3331 598 3704 671 ἀποπληρωτῇ
3742 601 3838 669 τῆς

2263 685 2558 755 ἐπιθυμίας
2601 683 2702 755 μοῦ
2744 686 2984 755 Χριστῷ,
3009 685 3087 756 τῷ
3127 687 3235 741 τῶν
3260 687 3441 742 καλῶν
3465 689 3726 744 ἁπάντων
3755 690 3836 744 δοο

2263 775 2423 845 τῆρι·
2459 775 2556 829 καὶ
2590 773 2709 839 πῶς
2731 791 2796 845 γε
2820 776 2941 848 οὐχί
2965 794 2981 844 ;
3011 776 3263 846 γνώσεώς
3289 771 3350 832 σε
3379 779 3840 856 πεπλουτισμένον

2265 864 2418 928 ὄντα,
2470 864 2568 918 καὶ
2598 864 2764 936 ζήλου
2798 865 2892 920 τοῦ
2922 861 3310 938 προσήκοντος,
3343 869 3520 934 άλλως
3553 887 3613 924 τε
3652 870 3841 926 τέκνον

2265 949 2520 1025 ἀληθινὸν
2549 954 2643 1009 τοῦ
2671 953 2854 1009 κοινοῦ
2885 957 3121 1028 Πατρὸς,
3153 960 3364 1030 συνῳδὰ
3404 963 3536 1032 ἡμῖν
3567 964 3684 1027 τοῖς
3718 963 3843 1016 ἐλα-

2264 1047 2472 1116 χίστοις
2515 1047 2612 1102 καὶ
2645 1041 2862 1118 φρονεῖν
2890 1048 2985 1102 καὶ
3023 1049 3476 1107 συνδιατίθεσθαι.
3518 1051 3660 1106 ’Δλλ’
3691 1050 3753 1108 εὖ
3781 1070 3840 1122 γε

2269 1137 2368 1206 μὲν
2391 1137 2583 1191 ταῦτα’
2613 1139 2894 1194 εὐκταιότε
2903 1156 2994 1212 ρον
3017 1139 3233 1210 ἔχοντός
3260 1151 3361 1212 μου
3385 1142 3480 1196 τοῦ
3504 1143 3841 1199 ἀνακούστου

2264 1229 2365 1300 τὴν
2394 1228 2720 1301 ἀμφοτέρων
2743 1231 3055 1302 ὁμοφωνίαν
3076 1249 3090 1262 ·
3123 1232 3190 1286 δι’
3210 1232 3277 1303 ἢν
3302 1233 3337 1304 ἦ
3369 1251 3429 1287 τε
3452 1233 3554 1304 τῆς
3583 1237 3841 1307 ἀληθείας

2265 1321 2422 1384 ἀκτὶς
2461 1323 2764 1393 μαρμαίρει
2793 1323 3193 1395 λαμπρότερον,
3227 1327 3376 1396 καὶὴ
3406 1328 3516 1381 ⁸ιῶν
3545 1329 3839 1385 ἀντιδιατι-

2267 1409 2512 1480 θεμένων
2533 1411 2672 1482 αὐτῇ
2709 1412 3010 1482 σκολιότης,
3047 1413 3249 1482 μᾶλλον
3270 1415 3326 1468 δὲ
3357 1417 3684 1487 νυκταυγία,
3709 1420 3841 1474 ἀπο-

2265 1498 2554 1570 νευροῦταί
2600 1519 2659 1554 τε
2694 1502 2792 1556 καὶ
2825 1501 3214 1572 ἀποζοφοῦται.
3256 1505 3522 1577 Εὑρηκὼς
3554 1508 3601 1562 δ’
3629 1511 3690 1562 ὲν
3731 1512 3840 1574 τοῖς

2264 1590 2559 1662 γράμμασι
2608 1591 2708 1662 τὴν
2755 1591 2850 1645 τοῦ
2879 1593 3176 1660 ἀναγκαίου
3216 1595 3499 1667 διαίρεσιν,
3540 1597 3837 1667 σύγγνωθι,

2265 1680 2612 1752 άπηνεῶθην.
2643 1682 2718 1735 Οὐ
2752 1681 2862 1754 γὰρ
2894 1682 3032 1754 αῦτη
3063 1684 3156 1738 τοῦ
3187 1687 3506 1755 ἀναγκαίου,
3540 1689 3636 1742 τοῦ
3661 1690 3719 1743 δὲ
3749 1691 3838 1743 ὲν-

574 1779 720 1848 quod
744 1777 1059 1848 aequaliter,
1100 1783 1156 1830 et
1185 1771 1330 1844 quod
1359 1771 1555 1825 rarius.
1598 1767 1803 1824 Prioris
1839 1768 2018 1823 autem
2045 1807 2059 1832 ,
2097 1767 2147 1822 in

2257 1770 2571 1840 δεχομένου,
2601 1771 2629 1824 ὃ
2658 1771 2913 1843 διῄρηται
2953 1773 3187 1843 τριχῶς
3220 1775 3296 1837 si;
3327 1791 3388 1827 τε
3425 1775 3488 1828 τὸ
3526 1774 3622 1830 ἐπὶ
3654 1776 3836 1840 πλέον,

576 1884 816 1940 praesens
849 1876 903 1923 et
935 1866 1180 1921 futurum
1219 1883 1233 1918 :
1275 1862 1473 1918 deinde
1501 1859 1787 1932 praesentis
1815 1859 1986 1914 altera
2013 1858 2157 1914 divi-

575 1960 660 2016 sio
688 1960 742 2013 in
773 1959 1077 2028 subjectum
1117 1962 1175 2012 et
1215 1953 1610 2024 prmdicatum:
1651 1967 1775 2006 cum
1815 1949 1949 2005 illud
1973 1991 1988 2016 ,
2028 1948 2157 2020 quia

573 2049 775 2120 saapius
800 2047 1062 2120 contingit
1087 2086 1104 2114 ,
1132 2046 1188 2101 in
1218 2044 1488 2100 exsistens
1515 2059 1528 2096 :
1563 2052 1618 2098 et
1641 2043 1784 2098 istud
1814 2043 1868 2096 in
1900 2057 2154 2098 necessa-

577 2139 719 2194 rium
741 2136 960 2200 transit,
986 2151 1094 2191 non
1120 2143 1297 2189 tamen
1320 2129 1686 2188 vicissim'hoc
1709 2129 1764 2184 in
1789 2129 1944 2196 illud,
1966 2142 2158 2198 quam-

575 2230 660 2285 vis
689 2229 816 2285 inde
833 2227 1147 2284 descendat.

643 2428 763 2485 Non
792 2427 941 2484 enim
978 2427 1022 2484 si
1059 2427 1189 2499 quid
1221 2427 1334 2498 jam
1365 2423 1733 2480 necessarium
1755 2465 1769 2490 ,
1807 2421 2071 2478 continuo
2102 2427 2158 2476 et

575 2523 918 2594 contingens.
951 2519 1012 2576 Si
1043 2519 1174 2590 quid
1217 2527 1400 2573 autem
1429 2524 1488 2570 ut
1524 2512 1822 2585 plurimum
1849 2510 2152 2580 contingit;

577 2629 676 2684 per
705 2614 758 2670 id
778 2629 887 2684 quo
908 2611 1141 2676 exsistit,
1175 2609 1372 2666 transit
1403 2621 1813 2685 nonnunquam,
1852 2605 1906 2659 in
1956 2617 2156 2658 neces-

575 2707 799 2763 sarium.
879 2709 1056 2774 Atque
1117 2703 1214 2767 ita,
1280 2700 1460 2756 omnis
1511 2699 1677 2754 homo
1747 2695 2152 2768 grammaticus,

582 2798 780 2867 aliquis
839 2799 1000 2851 homo
1061 2793 1457 2864 grammaticus
1509 2805 1523 2843 :
1575 2802 1810 2859 quorum
1841 2786 1993 2857 prius
2019 2783 2143 2855 qui-

577 2891 702 2945 dem
787 2888 1128 2957 contingens,
1205 2893 1386 2954 potest
1459 2881 1606 2936 enim
1675 2877 1829 2944 ﬁeri;
1923 2876 2154 2930 alterum

577 2997 743 3045 vero,
801 2979 848 3035 si
913 2979 1075 3034 modo
1120 2987 1275 3034 actus
1342 2973 1520 3036 adsit,
1584 2971 1993 3036 necessarium;
2048 2969 2156 3022 isto

577 3081 760 3126 autem
803 3069 1092 3134 exstincto,
1139 3065 1408 3122 abscessit
1449 3070 1606 3118 actus
1661 3058 1957 3115 necessarii
1986 3075 1998 3111 :
2025 3058 2151 3124 hoc,

2257 1860 2478 1931 ἐπίσης,
2518 1861 2614 1914 καὶ
2645 1862 2732 1914 ἐπ’
2753 1861 2993 1916 ἔλαττον.
3025 1861 3134 1916 Τοῦ
3172 1863 3229 1916 δὲ
3260 1865 3549 1936 προτέρου,
3577 1867 3658 1928 et;
3691 1883 3750 1918 τε
3779 1867 3839 1918 τὸ

2257 1953 2456 2024 παρὸν,
2489 1955 2585 2008 καὶ
2613 1955 2870 2026 ἐσόμενον
2890 1969 2905 1984 ⁸
2937 1951 3056 2011 είτα
3093 1957 3190 2010 τοῦ
3231 1959 3503 2029 παρόντος
3540 1960 3840 2032 ὲπιδιαῐρεο

2257 2061 2376 2109 σις⁸
2421 2046 2500 2108 είς
2554 2045 2743 2110 ἀΐδιον,
2772 2046 2867 2100 καὶ
2905 2047 2987 2111 εἰς
3028 2048 3090 2101 τὸ
3121 2048 3234 2102 ἔστ’
3269 2050 3338 2104 ἀν
3461 2051 3571 2105 Τοῦ
3619 2051 3678 2106 δὲ
3719 2052 3836 2106 ἐστ’

2255 2133 2324 2189 ἂν
2353 2128 2410 2206 ἦ,
2448 2134 2824 2207 ὑποδιαίρεσις
2863 2137 2944 2200 είς
2987 2137 3049 2190 τὸ
3089 2137 3449 2210 ὑποκείμενον
3479 2142 3576 2197 καὶ
3606 2159 3840 2213 κατηγο-

2259 2226 2526 2296 ρούμενον
2547 2241 2562 2257 ο
2603 2223 2698 2278 τοῦ
2731 2225 2807 2288 ὡς
2844 2225 2940 2279 ἐπὶ
2969 2226 3106 2279 πολὺ
3142 2228 3495 2299 ἐνδεχομένου
3533 2229 3839 2301 χωροῦντος

2256 2319 2335 2380 εἰς
2362 2317 2422 2370 τὸ
2446 2315 2692 2388 ὑπάρχον
2711 2332 2725 2347 ο
2754 2316 2848 2370 τοῦ
2872 2316 2951 2383 δὲ,
2982 2318 3064 2382 είς
3099 2318 3158 2372 τὸ
3180 2319 3499 2388 ἀναγκαῖον.

2327 2424 2404 2478 Οὐ
2438 2424 2545 2496 μὴν
2574 2424 3046 2497 ἀντιστρέφοντος,
3082 2427 3132 2480 εί
3162 2427 3256 2480 καὶ
3294 2428 3506 2483 ἐκεῖθεν
3535 2430 3838 2494 κατιόντος·

2255 2519 2316 2572 οὐ
2360 2516 2470 2591 γὰρ
2523 2517 2577 2572 ετ
2620 2536 2676 2573 τι
2712 2519 3008 2590 ἀναγκαῖον
3036 2521 3135 2592 ἤδη
3166 2522 3260 2576 καὶ
3281 2522 3664 2595 ὲνδεχόμενονο
3697 2524 3752 2578 εί
3784 2541 3838 2579 τι

2255 2610 2313 2663 δὲ
2339 2609 2401 2662 τὸ
2423 2609 2498 2674 ὡς
2529 2609 2624 2664 ἐπὶ
2651 2610 2786 2664 πολὺ
2813 2611 3185 2683 ἐνδεχόμενον,
3212 2613 3398 2668 ὁδεῦον
3425 2615 3514 2669 διὰ
3547 2616 3718 2686 μέσου
3741 2616 3836 2670 τοῦ

2259 2701 2619 2772 ὑπάρχοντος,
2655 2701 2764 2754 ἔστ’
2797 2701 2863 2756 ἀν
2956 2705 3275 2772 ἀναγκαῖον.
3305 2707 3418 2768 Καὶ
3449 2708 3583 2776 γοῦν
3610 2708 3721 2771 πᾶς
3743 2706 3836 2761 ἄν.

2258 2789 2474 2863 θρωπος
2513 2791 2920 2863 γραμματικὸς,
2951 2793 3047 2846 καὶ
3075 2795 3158 2858 τίς
3186 2783 3476 2867 ἄνθρωπος
3517 2794 3836 2869 γραμματι-

2255 2880 2372 2944 κός.
2413 2879 2576 2952 Ἀλλά
2597 2881 2659 2934 τὸ
2690 2882 2788 2952 μὲν
2812 2881 3030 2953 πρῶτον
3064 2883 3446 2955 ἐνδεχόμενον
3481 2885 3708 2941 δυνατὸν
3729 2889 3836 2958 γάρ

2255 2969 2542 3037 γενέσθαιο
2575 2968 2638 3022 τὸ
2681 2969 2738 3023 δὲ
2783 2970 3032 3042 δεύτερον
3087 2975 3402 3042 ἀναγκαῖον,
3443 2976 3533 3030 ἐπ’
3569 2975 3638 3031 ἂν
3687 2977 3837 3032 ἔστιν

2256 3060 2532 3132 ὲνέργεια’
2571 3055 2633 3116 οῦ
2662 3061 2935 3129 θανὲντος,
2964 3064 3172 3136 ἀπέστη
3203 3069 3236 3138 ἠ
3283 3068 3420 3122 κατά
3447 3068 3508 3122 τδ
3536 3069 3839 3138 ἀναγκαῖον

577 3164 826 3232 inquam,
865 3170 950 3216 est
975 3160 1022 3215 si
1051 3159 1142 3224 sit,
1172 3158 1428 3213 videlicet
1463 3152 1705 3226 quandiu
1753 3161 1871 3214 est;
1922 3149 2147 3205 alterum

2257 3152 2526 3224 ἐνέργεια.
2556 3151 2728 3208 Τοῦτό
2759 3171 2945 3225 φησιν,
2970 3155 3083 3210 ἐστ’
3106 3155 3173 3210 ἂν
3201 3155 3258 3230 ᾖ,
3289 3159 3350 3212 τὸ
3377 3159 3483 3223 ἕως
3513 3160 3581 3214 ἀν
3608 3156 3668 3234 ᾖ,
3693 3161 3834 3232 ἦτοι.

577 3271 708 3310 vero
739 3254 795 3309 in
832 3268 899 3308 eo
918 3251 1064 3322 quod
1095 3259 1183 3306 est
1217 3247 1495 3318 nunquam
1525 3247 1768 3302 variatur
1797 3261 1811 3297 :
1844 3241 2151 3313 cuiusmodi

575 3351 706 3398 sunt
756 3349 984 3406 aeterna,
1038 3338 1265 3410 angelus
1307 3346 1362 3392 et
1389 3335 1592 3390 anima.
1645 3333 1801 3402 Quod
1841 3347 1974 3404 ergo
2004 3347 2153 3401 quae-

578 3433 799 3490 rebatur
822 3432 934 3504 jam
967 3439 1258 3487 tenemus:
1293 3437 1354 3484 ut
1383 3427 1474 3498 qui
1517 3442 1645 3483 reus
1687 3435 1772 3482 est
1809 3424 2038 3481 canonis
2083 3423 2152 3479 de

575 3525 1164 3598 contingenti,p(enam
1181 3521 1455 3577 interdum
1483 3527 1705 3590 prapter
1723 3519 1885 3575 aliam
1912 3517 2152 3574 hominis

577 3613 985 3684 improbitatem
1015 3611 1283 3668 sustineat
1309 3609 1428 3680 ejus
1457 3610 1548 3680 qui
1581 3618 1666 3666 est
1693 3609 1762 3666 de
1791 3601 2103 3665 necessario
2132 3624 2148 3674 ;

572 3714 630 3760 at
670 3719 782 3759 non
827 3702 919 3759 hic
951 3703 1193 3759 vicissim
1243 3701 1366 3773 ejus
1392 3699 1486 3772 qui
1513 3700 1581 3757 de
1610 3699 1968 3771 contingenti.
2002 3698 2147 3756 Fieri

571 3796 717 3852 enim
747 3809 858 3849 non
893 3801 1093 3865 potest,
1127 3807 1252 3848 cum
1306 3791 1630 3862 :equivaleat
1656 3789 1767 3858 jam
1799 3790 2144 3862 impossibili,

569 3900 732 3938 omne
764 3884 1030 3954 siquidem
1069 3881 1213 3954 quod
1238 3880 1592 3952 impossibile,
1620 3879 1762 3936 idem
1787 3895 1884 3950 per
1913 3895 2144 3936 conver-

568 3974 778 4028 sionem
808 3971 1176 4028 necessarium
1201 3981 1286 4028 est
1317 3989 1330 4025 :
1363 3971 1637 4041 quomodo
1661 3970 2034 4026 necessarium
2059 3979 2144 4026 est

567 4065 736 4118 solem
767 4065 972 4128 lucere,
1026 4063 1122 4118 sed
1168 4071 1224 4118 et
1275 4061 1614 4134 impossibile
1644 4071 1730 4118 est
1777 4077 1889 4118 non
1935 4063 2138 4118 lucere.

565 4153 720 4221 Quod
750 4169 879 4210 vero
894 4154 1152 4210 sanctitas
1173 4162 1264 4209 tua
1287 4153 1419 4209 dicit
1445 4153 1736 4224 aliquando
1765 4143 1874 4208 non
1899 4153 2136 4208 luxisse:

567 4245 755 4315 utique
784 4245 838 4300 in
861 4244 1119 4300 Passione
1144 4244 1370 4313 Christi,
1407 4261 1533 4300 nam
1566 4245 1634 4299 de
1660 4253 1823 4299 nocte
1858 4241 2004 4298 haud
2027 4241 2140 4298 scio

565 4353 674 4407 quo
703 4347 883 4408 pacto.
915 4337 1043 4394 Haec
1071 4353 1236 4409 porro
1259 4345 1388 4392 sunt
1414 4335 1680 4407 prodigia,
1713 4350 1822 4390 non
1856 4342 2136 4398 consueta,

565 4444 668 4485 nec
699 4429 1002 4501 regularia;
1037 4429 1133 4484 sed
1165 4427 1249 4483 vel
1292 4443 1476 4498 supra,
1513 4427 1596 4481 vel
1629 4435 1825 4496 praeter
1855 4434 2134 4480 naturam:

2259 3241 2332 3295 Τὸ
2377 3242 2434 3296 δὲ
2479 3242 2686 3316 ἕτερον,
2717 3244 2779 3298 τὸ
2815 3245 3026 3317 μήποτε
3056 3246 3203 3301 τοῦθ’
3225 3249 3363 3320 ὅπερ
3395 3251 3544 3304 ἐστὶν
3585 3251 3836 3306 ἀλλοιοῦο

2259 3323 2420 3402 μενον
2441 3349 2454 3362 ·
2485 3329 2574 3389 οία
2601 3333 2671 3389 τὰ
2692 3336 2861 3401 ἀΐδια,
2903 3336 3133 3407 ἅγγελος
3160 3339 3256 3394 καὶ
3283 3339 3450 3414 ψυχή.
3478 3343 3590 3397 Καί
3616 3360 3682 3413 γε
3713 3343 3836 3416 ἔχο-

2259 3440 2360 3509 μεν
2381 3424 2441 3478 τὸ
2467 3423 2797 3497 ζητούμενον
2821 3443 2834 3459 ·
2867 3427 3008 3483 ὥστε
3029 3428 3120 3483 τὸν
3148 3431 3344 3486 άλόντα
3370 3434 3707 3507 ἐνδεχομένῳ
3731 3453 3836 3491 κα-

2254 3512 2388 3576 νόνι,
2421 3513 2705 3570 πείσεσθαι
2736 3515 2886 3571 ἔστιν
2917 3517 3006 3571 ὅτε
3051 3518 3141 3573 διὰ
3173 3519 3274 3592 τὴν
3302 3520 3395 3575 τοῦ
3439 3523 3634 3596 ἀνδρὸς
3665 3524 3834 3598 ἀλλην

2256 3603 2580 3676 μοχθηρίαν,
2607 3606 2678 3661 τὰ
2701 3606 2798 3662 τοῦ
2821 3607 2961 3662 κατά
2987 3608 3050 3664 τὸ
3075 3613 3371 3680 ἀναγκαῖον
3395 3615 3651 3685 κειμένου
3671 3632 3687 3646 °
3717 3617 3832 3673 ἀλλ’

2251 3695 2373 3766 οὐχὶ
2422 3696 2574 3751 τοῦδε
2613 3697 2682 3753 τά
2709 3699 2802 3753 τοῦ
2828 3699 2970 3755 κατά
3002 3704 3064 3756 τδ
3095 3703 3466 3776 ἐνδεχόμενον.
3495 3709 3573 3762 Οὐ
3599 3708 3711 3783 γάρ
3747 3711 3833 3764 ὲν-

2250 3785 2500 3858 δέχεταν
2545 3789 2960 3862 ίσορῤοποῦντος
3010 3795 3112 3867 ἤδη
3159 3797 3239 3868 τῷ
3271 3798 3539 3871 ἀδυνάτῳ.
3574 3802 3694 3856 Πᾶν
3722 3802 3828 3873 γάρ

2249 3875 2280 3930 ὅ
2321 3877 2600 3946 ἀδύνατον,
2648 3880 3146 3955 ἀντεστραμμένως
3189 3887 3284 3941 καὶ
3328 3888 3667 3959 άναγκαίονε
3713 3888 3830 3946 οἷον

2250 3968 2546 4039 ἀναγκαῖον
2574 3970 2666 4024 τὸν
2689 3970 2841 4043 ἥλιον
2869 3973 3110 4044 λάμπειν
3131 3991 3146 4006 ·
3170 3976 3308 4032 άλλά
3334 3979 3430 4034 καὶ
3459 3981 3725 4039 ἀδύνατον
3749 3985 3828 4055 μὴ

2248 4059 2507 4132 λάμπειν.
2541 4061 2614 4115 Τὸ
2647 4061 2704 4116 δὲ
2744 4063 2907 4132 φάναι
2947 4065 3046 4136 τὴν
3085 4067 3395 4142 ἁγιωσύνην
3433 4071 3530 4126 σού
3570 4091 3705 4129 ποτε
3747 4077 3824 4148 μὴ

2244 4151 2492 4224 λάμψαι·
2538 4155 2754 4219 πάντως
2796 4155 2889 4209 ἐπὶ
2927 4155 3022 4210 τοῦ
3067 4159 3273 4225 πάθους
3301 4161 3398 4216 τοῦ
3436 4164 3697 4236 Χριστοῦ.
3736 4168 3826 4222 Ἐν

2246 4246 2404 4299 νυκτὶ
2431 4247 2538 4317 γὰρ
2581 4246 2682 4300 οὐκ
2709 4244 2807 4302 οἷδ’
2834 4248 3002 4314 ὅπως.
3030 4251 3214 4306 Ταῦτα
3243 4253 3301 4308 δὲ
3331 4254 3556 4327 τέρατα,
3589 4259 3688 4312 καὶ
3720 4260 3824 4313 οὐκ

2245 4336 2466 4408 ἔννομα,
2524 4339 2642 4391 οὐδὲ
2691 4339 2956 4408 ὲγκάνονα
2981 4358 2998 4375 ο
3052 4343 3169 4396 ἀλλ’
3200 4345 3338 4416 ὑπὲρ
3369 4347 3553 4416 φύσιν,
3587 4349 3621 4422 ἢ
3670 4351 3824 4421 παρὰ

2245 4429 2406 4498 φύσιν
2429 4445 2443 4460 ο
2487 4431 2578 4482 καὶ
2616 4431 2675 4485 τὸ
2723 4431 2822 4501 μὲν
2850 4432 3063 4505 πρῶτον
3087 4434 3237 4506 δηλοί
3266 4439 3299 4509 ἡ
3332 4439 3576 4510 Χριστοῦ
3618 4443 3826 4494 οἰκονο-

562 4537 798 4592 quorum
832 4521 1066 4577 alterum
1109 4519 1352 4574 declarat
1378 4516 1580 4572 Christi
1632 4515 1933 4571 incarnatio
1962 4532 1975 4568 :
2005 4515 2141 4570 alte-

2251 4521 2344 4590 μία
2371 4538 2384 4552 ο
2414 4520 2474 4573 τδ
2501 4520 2556 4572 δὲ
2592 4521 2864 4592 δεύτερον,
2957 4523 3052 4578 νῦν
3083 4501 3422 4598 παρανομία,
3455 4531 3697 4601 μάλιστα
3719 4534 3822 4586 οὐκ

562 4631 681 4670 rum
715 4628 955 4683 presens
994 4611 1270 4681 iniquitas,
1298 4625 1409 4665 non
1437 4609 1492 4663 in
1527 4608 1710 4663 abdito
1743 4622 1844 4662 nec
1874 4607 1928 4661 in
1959 4616 2140 4662 trans-

561 4719 726 4759 cursu
757 4702 916 4767 facta,
947 4701 1041 4756 sed
1081 4699 1256 4770 palam
1287 4707 1450 4768 atque
1481 4697 1534 4752 in
1567 4697 1700 4768 legis
1739 4710 1951 4751 morem
2002 4708 2138 4748 con-

560 4797 794 4860 ﬁrmata,
821 4793 997 4864 quoad
1027 4793 1080 4848 in
1113 4792 1227 4863 ipsa
1257 4790 1378 4857 fuit,
1397 4805 1495 4861 per
1511 4789 1820 4862 synodicam
1843 4787 2134 4850 actionem,

561 4902 861 4956 eorumque
907 4885 999 4956 qui
1032 4899 1133 4956 pro
1178 4884 1407 4940 veritate
1455 4875 2134 4954 pugnant,'relegationem

561 4987 814 5047 tanquam
862 4979 917 5032 in
945 4977 1123 5047 aliqua
1173 4977 1479 5031 divinorum
1511 4989 1781 5030 canonum
1817 4981 2122 5043 transgres—

560 5069 733 5134 sione,
752 5077 862 5132 aut,
884 5076 944 5123 ut
969 5067 1152 5122 verius
1181 5067 1376 5133 dicam,
1409 5065 1556 5138 gravi
1579 5065 1882 5134 infestaque
1906 5061 2123 5118 haeresi.

629 5155 675 5212 0
707 5157 1173 5227 praevaricantium
1204 5158 1519 5212 audaciam!
1572 5157 1771 5226 quibus
1817 5163 2019 5224 quanta
2057 5153 2132 5209 ob

557 5248 865 5304 divinarum
906 5250 1106 5319 legum,
1134 5249 1221 5303 vel
1252 5248 1432 5317 potius
1449 5246 1720 5316 Evangelii
1745 5259 2126 5314 canonumque

556 5336 731 5393 ferme
765 5338 1008 5392 omnium
1039 5343 1410 5406 contemptum
1454 5349 1613 5404 pmna
1657 5335 1972 5404 impendet;
2011 5343 2126 5388 tan-

555 5438 671 5484 tum
707 5427 1000 5482 humilibus
1027 5425 1188 5481 nobis
1215 5425 1490 5496 impendet
1519 5425 1841 5495 periculum,
1896 5427 1942 5480 si
1991 5425 2124 5495 quid

554 5517 624 5572 de
651 5515 828 5574 ofﬁcio
858 5515 1304 5572 subtraxerimus.
1329 5515 1588 5581 Quzenam
1617 5523 1800 5569 autem
1845 5515 2126 5586 dispensa-

554 5605 630 5660 tio
655 5620 776 5661 esse
799 5617 1104 5677 queaterga
1142 5620 1236 5661 eos
1261 5605 1353 5674 qui
1381 5619 1504 5659 cum
1535 5603 1766 5659 adulteri
1806 5607 2123 5677 copulatore

553 5697 900 5766 sacriﬁcant,
941 5697 1142 5768 quique
1183 5695 1432 5751 adulterii
1476 5693 1859 5752 conﬁrmatrici
1917 5698 2120 5768 synodo

2235 4613 2295 4665 ὲν
2319 4611 2616 4683 ἀποϐύστῳ
2649 4615 2744 4666 καὶ
2764 4613 2838 4678 ὡς
2869 4616 2926 4668 ὲν
2969 4617 3326 4692 παρεκδρομῇ
3375 4623 3668 4694 γενομένη,
3702 4625 3822 4679 ἀλλ’

2233 4701 2489 4770 ἐμφανῶς
2525 4703 2620 4755 καὶ
2662 4704 2743 4766 είς
2770 4704 2934 4775 νόμον
2962 4707 3330 4777 κρατυνθείσα
3367 4710 3430 4764 τὸ
3468 4711 3592 4765 καθ’
3622 4715 3818 4786 αὐτὴν,

2232 4790 2320 4845 διὰ
2347 4791 2449 4862 τῆς
2473 4793 2758 4864 συνοδικῆς
2789 4794 3046 4866 πράξεως
3068 4812 3084 4829 ο
3121 4798 3219 4853 καὶ
3251 4801 3352 4870 τῆς
3378 4801 3490 4856 τῶν
3517 4803 3659 4875 ὑπὲρ
3686 4807 3822 4870 άλη-

2234 4878 2386 4943 θεῐας
2413 4880 2780 4951 ἐνισταμένων
2802 4882 3109 4953 ὲξορίσεως,
3133 4885 3208 4950 ὼς
3225 4888 3316 4941 ὲπί
3338 4906 3485 4953 τινος
3505 4892 3821 4946 τούναντίον

2232 4970 2393 5024 θείων
2419 4973 2656 5025 κανόνων
2683 4974 3071 5045 παραϐάσεως,
3101 4977 3504 5052 τάληθέστερον
3529 4979 3588 5034 δὲ
3613 4981 3813 5048 είπείν,

2237 5062 2501 5133 στιϐαρᾶς
2533 5065 2629 5118 καὶ
2657 5067 2904 5137 πονηρᾶς
2931 5066 3212 5138 αἱρέσεως.

2308 5152 2374 5204 Ὢ
2403 5151 2503 5220 τῆς
2528 5153 2732 5226 τόλμης
2760 5156 2870 5209 τῶν
2901 5156 3220 5228 δρασάντων
3247 5161 3258 5213 Ι
3291 5156 3373 5225 οἷς
3400 5163 3526 5216 ὅσον
3551 5163 3612 5216 τὸ
3636 5167 3821 5220 κατάη

2229 5259 2406 5315 κριμα
2435 5247 2535 5314 τῆς
2563 5245 2672 5298 τῶν
2706 5246 2866 5303 θείων
2891 5248 3094 5319 νόμων,
3125 5250 3326 5322 μᾶλλον
3357 5252 3415 5306 δὲ
3445 5253 3540 5307 τοῦ
3571 5255 3821 5326 Εὐαγγεο

2227 5333 2341 5388 λίου
2407 5337 2500 5389 καὶ
2566 5337 2784 5391 πάντων
2850 5341 3036 5410 σχεδὸν
3102 5343 3342 5397 κανόνων
3393 5345 3816 5417 καθυϐρίσεωςο

2227 5426 2479 5481 τοσοῦτον
2507 5430 2641 5500 ἡμῖν
2671 5432 2784 5495 τοῖς
2808 5435 3084 5496 ταπεινοῖς
3100 5434 3443 5488 ἐπικίνδυνον
3469 5438 3816 5506 καθυφιοῦσί

2227 5536 2279 5572 τι
2303 5519 2398 5572 τοῦ
2437 5520 2755 5592 πρέποντος.
2791 5523 2915 5586 Πῶς
2960 5524 3004 5577 δ’
3034 5523 3101 5579 ἂν
3134 5525 3222 5596 εἴη
3268 5527 3548 5599 οίκονομία
3594 5530 3654 5582 ἐν
3695 5534 3821 5596 τοῖς

2231 5611 2698 5684 συλλειτουργοῦσι
2729 5613 2808 5685 τῷ
2836 5615 3221 5692 μοιχοζεὺκτῃ,
3243 5621 3336 5674 καὶ
3366 5620 3675 5693 προάρξασι
3709 5623 3820 5692 τῆς

2231 5702 2630 5775 μοιχοκυρώτου
2685 5706 2938 5776 συνόδου,
2971 5708 3048 5773 ὡς
3087 5711 3117 5762 ὁ
3163 5711 3304 5776 θείος
3343 5711 3446 5785 ἔφη
3484 5711 3772 5777 Βασίλειος
3793 5731 3814 5779 ;
