4044 6366
15 505 33 1474 ἶ

595 387 731 454 1043
1777 378 1839 438 S.
1871 371 2170 436 THEODO

2297 369 2643 431 STUDITAE
3695 352 3834 418 1044

583 503 754 568 canit,
779 499 873 556 sed
907 497 1141 553 obscuro
1172 509 1308 551 sono
1333 536 1346 561 ,
1387 509 1491 550 nec
1521 489 1748 564 Spiritui
1782 497 1973 545 sancto
2020 502 2149 543 con-

2274 481 2500 552 ὶύλητοῦ
2536 477 2949 551 καθηγούμενος
2996 475 3170 538 αὐλεῖ,
3200 471 3338 528 ἀλλὰ
3379 472 3591 541 ἄσημα,
3623 469 3716 522 καὶ
3764 468 3834 522 οὐ

584 593 813 652 cincnti.
849 590 1005 658 Quod
1033 589 1180 646 enim
1211 588 1287 643 ait
1323 602 1382 643 se
1409 585 1634 642 Romam
1663 591 1912 654 spectare
1937 599 1952 648 ;
1985 579 2158 635 imbe-

585 687 826 743 cillitatis
847 699 1046 748 causai,
1072 681 1328 750 falsaaque
1353 678 1407 732 in
1435 693 1494 733 re
1528 675 1784 748 praesenti
1819 671 2158 729 defensionis

585 779 882 852 suffugium
922 787 1023 832 est.
1079 773 1342 843 Quodque
1397 771 1466 827 de
1515 769 1656 825 Saba
1707 776 1764 824 et
1815 767 2155 832 Theoctisto,

586 851 1009 941 religiosissimis
1039 863 1343 927 monachis,
1379 862 1484 916 hoc
1514 861 1714 916 illudve
1735 858 1902 924 dicat,
1923 868 1980 913 et
2011 855 2158 926 quod

586 960 776 1016 Romae
807 960 912 1013 hoc
949 964 1004 1011 et
1033 955 1186 1021 illud,
1250 953 1448 1008 falsum
1491 961 1596 1007 est.
1643 951 1708 1006 lli
1735 951 1880 1006 enim
1916 949 1988 1003 ob
2017 949 2160 1002 hanc

587 1064 805 1105 causam
859 1062 930 1102 ne
976 1047 1044 1102 ab
1072 1045 1556 1101 lconomachorum
1614 1041 1809 1098 haeresi
1867 1039 2161 1095 redeuntes

587 1139 827 1210 episc0pi
887 1137 943 1190 in
999 1136 1263 1207 pristinos
1313 1135 1512 1206 gradus
1558 1131 2016 1187 restituerentur:
2047 1142 2158 1182 non

585 1229 806 1300 quidem
827 1241 1040 1293 omnes,
1057 1225 1152 1280 sed
1171 1223 1450 1296 praecipui,
1485 1229 1542 1277 et
1559 1221 1837 1293 principes
1867 1219 2158 1281 haereseos,

580 1323 738 1393 juxta
789 1317 965 1374 sancti
1013 1315 1296 1371 Athanasii
1350 1315 1556 1374 verba,
1615 1311 1956 1366 restiterunt.
2003 1306 2161 1373 Quod

586 1429 720 1469 sane
750 1410 1049 1466 absurdum
1089 1423 1201 1463 non
1239 1415 1379 1462 erat.
1427 1405 1534 1460 Sed
1581 1413 1868 1475 postquam
1899 1398 2160 1472 synodus,

586 1519 710 1574 quae
747 1511 935 1557 coacta
962 1509 1076 1555 tum
1111 1497 1245 1564 fuit,
1274 1495 1622 1566 recipiendos
1658 1507 1850 1548 omnes
1875 1487 2160 1562 judicavit,

586 1592 897 1661 exemplum
929 1595 1116 1643 secuta
1157 1594 1364 1656 quarta:
1397 1591 1599 1640 sanctae
1632 1580 1858 1652 synodi;
1908 1591 2162 1633 assense-

588 1691 718 1738 runt
745 1691 799 1735 et
824 1679 927 1750 ipsi
949 1696 962 1733 :
981 1690 1164 1746 neque
1189 1675 1336 1731 enim
1365 1673 1474 1728 ulla
1496 1672 1719 1728 suberat
1745 1667 1824 1724 rei
1844 1663 2165 1722 necessaria:

590 1769 972 1842 transgressio.

2256 573 2335 644 τῷ
2368 571 2644 642 Πνεύματι
2681 569 2762 641 τῷ
2790 568 2930 638 ἁγίῳ
2962 563 3231 636 εὔρυθμαο
3255 563 3351 616 καὶ
3376 560 3439 615 τδ
3467 559 3648 628 λέγειν
3670 557 3838 612 αὑτὸν

2257 665 2467 736 ἀφορᾷν
2518 665 2578 717 ἐν
2639 659 2852 731 Ῥώμῃ,
2911 656 3194 720 ἀσθενείας
3221 655 3402 724 λόγου,
3443 650 3541 706 καὶ
3585 649 3722 722 πρὸς
3770 648 3844 702 τδ

2259 755 2432 825 παρὸν
2482 749 2915 824 ψευδαπολογίας
2968 745 3328 815 καταφύγιον.
3381 742 3493 798 Καὶ
3552 740 3613 794 τὸ
3665 741 3842 810 φάναι

2259 848 2420 902 αὑτὸν
2447 846 2574 918 περὶ
2603 844 2754 900 Σάὸα
2781 859 2842 896 τε
2870 842 2966 896 καὶ
2989 841 3161 894 Θεοκτ
3191 853 3340 902 στου,
3368 834 3478 888 τῶν
3507 831 3846 886 εύλαϐεστά-

2258 957 2367 995 των
2422 935 2694 1008 μοναχῶν,
2727 934 2887 989 τοῦτο
2920 933 3160 995 κάκεῖνο,
3222 929 3318 983 καὶ
3345 926 3419 990 ὡς
3452 928 3513 980 ἐν
3554 923 3744 995 Ῥώμῃ
3776 923 3846 974 τὸ

2261 1031 2356 1085 καὶ
2414 1029 2497 1093 τὸ,
2549 1027 2650 1081 ούκ
2706 1024 2926 1098 ἀληθές.
2981 1022 3046 1076 Ol
3087 1020 3188 1092 μέν
3237 1017 3347 1088 γὰρ
3382 1016 3569 1070 ἕνεκεν
3605 1011 3698 1067 τοῦ
3763 1011 3848 1083 μὴ

2263 1119 2666 1191 προσδεχθῆναι
2700 1117 2830 1181 τοὺς
2870 1118 2934 1169 ἐκ
2960 1115 3059 1185 τῆς
3090 1108 3531 1181 Εἰκονομαχικῆς
3570 1107 3845 1176 αἱρέσεως

2263 1211 2700 1283 ύποστρέφοντας
2755 1209 3089 1270 ἐπισκόπους
3131 1205 3212 1270 είς
3263 1204 3389 1266 τοὺς
3439 1200 3671 1264 οἰκείους
3706 1198 3851 1270 βαθ-

2267 1303 2422 1375 μούςο
2483 1302 2581 1356 καὶ
2605 1301 2667 1356 ού
2701 1301 2930 1364 πάντας,
2959 1297 3095 1352 ἀλλὰ
3121 1297 3247 1359 τοὺς
3275 1293 3492 1364 ἐξόχους
3521 1291 3617 1346 καὶ
3653 1305 3853 1360 πρωτ-

2263 1397 2464 1468 άρχους
2510 1394 2609 1464 τῆς
2646 1393 2950 1466 αἱρέσεως,
2998 1388 3143 1444 κατὰ
3193 1387 3285 1441 τὸν
3325 1384 3488 1455 λόγον
3536 1383 3630 1438 τοῦ
3677 1382 3852 1450 ἁγίου

2278 1487 2618 1554 Ἀθανασίου,
2668 1485 2968 1540 ἐνίσταντο.
3005 1482 3185 1552 Ὅπερ
3211 1479 3309 1534 οὐκ
3340 1477 3663 1540 ἀπεικότως.
3693 1473 3853 1528 Ἀλλ’

2266 1579 2390 1633 ἐπεὶ
2418 1580 2452 1649 ἠ
2479 1575 2782 1651 τηνικαῦτα
2821 1574 3039 1638 σύνοδος
3083 1571 3340 1642 κέκρικεν
3391 1569 3549 1632 ὅλους
3597 1567 3858 1632 εἰσδέξα-

2267 1671 2413 1736 σθαι,
2442 1670 2640 1740 ἐχουσα
2677 1667 2778 1738 τὴν
2805 1666 3071 1740 τετάρτην
3101 1662 3263 1732 ἁγίαν
3307 1659 3526 1715 σύνοδον
3583 1657 3856 1730 παράδει-

2267 1777 2404 1832 γμαο
2436 1758 2718 1830 συνῆλθον⁹
2744 1758 2806 1812 οὐ
2835 1757 2945 1828 γὰρ
2965 1751 3035 1828 ἦν
3061 1754 3172 1808 τῶν
3196 1751 3514 1822 ἀναγκαίων
3564 1766 3616 1803 τι
3656 1764 3859 1820 παρα-

2195 1847 2240 1907 Β
2267 1851 2610 1921 ϐαινόμενον.

661 1942 738 1996 De
773 1939 1097 1995 Simoniacis
1125 1947 1306 1994 autem
1344 1947 1455 1993 tum
1483 1935 1700 2007 quidem
1730 1933 2159 2005 praetermissum

591 2039 712 2097 est,
761 2029 889 2099 quia
922 2028 991 2084 de
1031 2043 1096 2084 eo
1131 2028 1308 2098 capite
1347 2035 1472 2097 post
1508 2025 1775 2096 synodum
1807 2019 2160 2093 quaerendum

543 2175 546 2178 .
593 2128 733 2176 erat.
775 2121 1070 2190 Postquam
1103 2134 1234 2174 vero
1263 2117 1552 2188 quaesitum
1580 2115 1682 2170 fuit
1722 2155 1735 2168 .
1767 2155 1782 2168 .
1824 2152 1840 2168 .
1887 2153 1902 2167 .
1945 2152 1960 2166 .
1997 2153 2011 2166 .
2047 2151 2061 2166 .
2095 2151 2109 2164 .
2144 2147 2159 2162 .

595 2211 834 2280 primum
871 2209 1090 2280 quidem
1120 2223 1316 2264 annue
1347 2206 1715 2279 poenitentiae,
1756 2213 1853 2260 aut
1887 2203 2164 2274 aliquanto

593 2301 846 2370 amplius.
890 2301 934 2356 0
967 2301 1176 2355 facinus
1221 2299 1430 2354 audax!
1469 2313 1591 2352 cum
1623 2295 1904 2352 monachis
1937 2295 2165 2365 quibus-

595 2393 742 2456 dam,
779 2407 1014 2461 quorum
1041 2391 1354 2446 nominibus
1378 2404 1579 2461 parco,
1625 2389 1830 2444 editum
1859 2396 1944 2441 est
1980 2386 2050 2440 ab
2099 2399 2166 2440 eo

561 2549 568 2554 ν
597 2483 883 2538 decretum
913 2483 1220 2539 relaxanda:
1243 2481 1600 2553 depositionis
1629 2488 1905 2552 perpetuae
1925 2518 1944 2545 ,
1985 2479 2058 2532 ita
2108 2486 2168 2531 ut

595 2575 798 2632 Christi
825 2577 1137 2630 sacerdotes
1161 2575 1355 2630 iterum
1382 2573 1580 2638 forent,
1605 2587 1742 2642 quos
1759 2572 1901 2626 Deus
1922 2586 2018 2640 per
2035 2583 2169 2638 apo-

597 2669 864 2723 stolorum
921 2667 1226 2737 principem
1278 2665 1502 2721 Petrum
1549 2663 1910 2734 deposuisset.
1964 2659 2169 2715 Deinde

599 2775 725 2813 cum
774 2759 876 2828 ipsi
927 2760 983 2812 in
1037 2773 1102 2813 ea
1159 2772 1218 2811 re
1271 2771 1380 2810 non
1418 2754 1776 2810 assentiretur
1811 2751 2015 2816 Sabas,
2071 2749 2168 2806 sed

601 2851 763 2920 plane
797 2851 1217 2913 adversaretur;
1256 2847 1385 2917 quid
1406 2846 1558 2919 agit?
1581 2845 1785 2900 malum
1812 2851 1961 2899 recto
1993 2841 2171 2896 corri-

601 2942 697 3012 git.
721 2940 892 3014 Negat
919 2957 978 2997 se
1011 2941 1388 3012 paenitentiam
1417 2938 1651 3004 dedisse,
1674 2946 1735 2992 ut
1759 2951 1855 2992 eos
1883 2934 2172 2990 admittere

602 3031 697 3101 qui
731 3047 830 3102 per
844 3033 1130 3103 pecuniam
1159 3031 1526 3094 ordinassent,
1550 3030 1636 3085 vel
1657 3028 1893 3085 ordinati
1913 3027 2168 3091 fuissent,

603 3124 748 3194 quod
778 3139 904 3179 cum
927 3123 1080 3192 dicit,
1125 3123 1468 3180 convincitur
1490 3122 1559 3178 ab
1589 3121 1737 3176 illius
1767 3119 2028 3192 temporis
2055 3119 2172 3172 Au-

2337 1943 2474 2014 Περὶ
2495 1941 2554 1995 δὲ
2586 1939 2696 1995 τῶν
2718 1936 3095 2009 Σιμωνιανῶν,
3135 1931 3437 2006 τηνικαῦτα
3470 1932 3568 2003 μὲν
3595 1945 3858 2001 παρεκα-

2267 2033 2465 2106 λύφθη,
2494 2033 2571 2097 ὡς
2606 2032 2745 2104 μετὰ
2766 2031 2866 2104 τὴν
2894 2029 3112 2084 σύνοδον
3141 2025 3578 2099 ὲκζητησομένου
3616 2024 3708 2078 τοῦ
3753 2039 3862 2076 κε-

2269 2126 2518 2196 φαλαίου.
2548 2126 2707 2180 Ἐπεὶ
2761 2125 2818 2178 δέ
2874 2122 3136 2196 ἐζητήθη,
3226 2159 3238 2173 .
3318 2158 3332 2174 .
3411 2159 3425 2174 .
3503 2158 3517 2172 .
3596 2157 3610 2172 .
3689 2157 3702 2169 .
3799 2116 3861 2167 τὸ

2271 2218 2486 2290 πρῶτον
2518 2219 2616 2290 μὲν
2650 2219 2729 2279 εἰς
2766 2215 3042 2286 ἐπιτίμιον
3071 2213 3400 2267 ἐνιαυσιαῖον
3449 2211 3483 2282 ἢ
3530 2209 3624 2263 καὶ
3657 2207 3858 2261 πλέον.

2275 2307 2341 2358 Ὤ
2374 2304 2468 2359 τοῦ
2493 2305 2874 2377 τολμήματοςί
2914 2303 3012 2356 σύν
3050 2319 3162 2356 τισι
3195 2303 3508 2372 μονασταῖς,
3536 2294 3610 2354 ὧν
3642 2296 3860 2366 ἀφίημι

2271 2397 2450 2466 λέγειν
2475 2395 2544 2450 τὰ
2567 2397 2830 2468 ὀνόματα,
2863 2393 3020 2464 ἐδόθη
3054 2393 3178 2465 ὄρος
3200 2391 3292 2446 ὑπ’
3310 2389 3476 2446 αὐτοῦ
3515 2392 3860 2459 ἐξιλεὼσεως

2271 2487 2370 2557 τῆς
2398 2490 2480 2552 εἰς
2515 2487 2720 2551 αἰῶνας
2751 2486 3146 2556 καθαιρέσεως·
3197 2483 3278 2546 εἰς
3309 2482 3370 2536 τὸ
3400 2478 3538 2537 εἶναι
3565 2485 3695 2547 τοὺς
3749 2483 3862 2536 ὑπὸ

2271 2577 2409 2632 Θεοῦ
2461 2577 2551 2631 διὰ
2603 2576 2809 2649 Πέτρου
2855 2574 2950 2628 τοῦ
2989 2573 3096 2627 τῶν
3154 2571 3493 2624 Ἀποστόλων
3549 2571 3860 2641 κορυφαίου

2273 2669 2714 2741 καθῃρημένους,
2776 2666 2938 2722 πάλιν
3005 2667 3321 2735 ίερουργοὺς
3409 2661 3677 2734 Χριστοῦ.
3743 2665 3864 2716 Καὶ

2274 2763 2481 2818 ἐπειού
2516 2760 2776 2832 συνῆλθον
2805 2760 2856 2812 οἱ
2884 2757 3014 2830 περὶ
3039 2756 3217 2811 Σάῦαν
3248 2758 3307 2810 ἐν
3336 2754 3532 2826 τούτῳ,
3576 2754 3716 2808 ἀλλὰ
3763 2755 3865 2806 καὶ

2273 2853 2634 2926 διηνέχθησαν
2690 2852 2827 2922 πρὸς
2879 2851 3062 2913 αὑτὸν.
3127 2850 3179 2904 τί
3238 2851 3424 2916 ποιεῖ;
3479 2833 3649 2901 κακὸν
3706 2847 3865 2918 καλῷ

2276 2945 2627 3002 ἀπαλλάττει.
2653 2945 2926 3016 Ἀρνεῖται
2950 2942 3026 3014 μὴ
3057 2941 3352 2995 δεδωκέναι
3379 2940 3681 3010 ἐπιτίμιον,
3719 2941 3865 3010 μηδὲ

2277 3037 2601 3112 προσίεσθαι
2629 3038 2755 3101 τοὺς
2783 3036 2842 3089 ἐν
2868 3036 3116 3107 χρήμασι
3154 3032 3641 3106 χειροτονήσαντάς
3667 3049 3729 3085 τε
3768 3032 3868 3085 καὶ

2278 3128 2774 3202 χειροτονηθέντας.
2793 3128 2984 3196 Λόγων
3003 3126 3338 3196 διελέγχεται
3361 3124 3466 3178 ὑπὸ
3485 3124 3583 3195 τῆς
3599 3123 3870 3193 τηνικάδε

605 3223 783 3287 gusta,
810 3229 842 3268 a
860 3230 966 3284 qua
991 3215 1244 3270 inductus
1259 3214 1436 3270 fuerat
1459 3221 1519 3268 ut
1535 3212 1776 3283 iniquam
1796 3209 2170 3282 paenitentiam

2279 3195 2613 3293 κρατούσης,
2661 3221 2754 3290 ἀφ’
2787 3215 2855 3292 ἧς
2883 3195 2978 3276 καὶ
3020 3195 3281 3289 εἱλκύσθη
3329 3216 3514 3272 δοῦναι
3548 3217 3609 3270 τὸ
3654 3216 3870 3286 ἄνομον

607 3306 783 3361 daret.

682 3393 885 3447 Aderat
917 3392 1034 3447 dies
1074 3391 1554 3462 Theophaniorum
1610 3391 1863 3462 Christi,
1907 3401 2180 3451 venerunt

2279 3314 2572 3370 ἐπιτίμιον.
2862 3366 2875 3370 -
2981 3357 2987 3360 -

2355 3333 2423 3368 ιτι
2475 3333 2521 3367 ιο
2556 3353 2572 3370 .
2981 3357 2987 3360 .

2351 3333 2552 3474 nati}:
2569 3405 2602 3476 ή
2633 3403 2814 3474 ἡμέρα
2852 3366 2960 3455 τῶν
3009 3401 3322 3470 Θεοφανίων
3369 3396 3628 3468 Χριστοῦ·
3661 3397 3868 3466 ἐληλύο

607 3482 704 3538 illo
739 3483 831 3538 die
856 3483 1057 3554 quibus
1119 3483 1370 3554 imposita
1400 3500 1561 3555 poena
1609 3485 1787 3542 fuerat
1817 3503 1831 3540 :
1863 3495 1939 3550 et,
1975 3502 2039 3542 ea
2068 3486 2170 3557 jam

2274 3495 2438 3564 βασιν
2485 3496 2546 3549 ἐν
2593 3494 2768 3566 ταύτῃ
2804 3493 2854 3546 οἱ
2905 3489 3398 3561 ἐπιτιμιασθέντες,
3433 3486 3872 3557 πεπληρωκότες

607 3584 851 3646 peracta,
885 3591 944 3631 se
969 3576 1174 3632 absolvi
1218 3578 1586 3646 postularunt,
1617 3578 1890 3634 abnuebat
1915 3579 2026 3646 ille,
2064 3579 2180 3632 Au-

607 3673 763 3736 gusta
781 3666 1028 3739 urgebat,
1053 3676 1114 3722 ut
1131 3667 1569 3724 admitterentur.
1588 3669 1787 3723 lterum
1811 3669 1953 3724 malo
1970 3678 2178 3725 rectum

607 3758 843 3814 destruit
881 3759 1231 3828 patriarcha:
1266 3775 1390 3816 cum
1435 3761 1545 3815 illis
1578 3775 1645 3816 eo
1675 3761 1794 3832 ipso
1823 3761 1963 3818 festo
2000 3762 2180 3832 palam

610 3850 903 3918 sacrificat,
941 3867 1050 3906 non
1079 3851 1288 3907 invitus
1315 3867 1466 3918 sane,
1497 3851 1592 3908 sed
1614 3867 1713 3907 sua
1741 3863 1973 3922 sponte;
2005 3867 2182 3923 quan-

609 3942 904 4012 doquidem
934 3957 1056 3998 cum
1085 3951 1412 4024 possetcum
1439 3935 1702 4014 depositis
1720 3959 1828 3999 non
1853 3943 2178 4024 sacrificare,

609 4037 977 4093 sacrificavit:
1007 4022 1394 4106 quoquemodo
1417 4025 1544 4106 quis
1575 4036 1719 4092 dicat
1757 4022 1879 4092 eum
1921 4051 2039 4098 non
2079 4052 2183 4108 po-

610 4128 801 4184 tuisse.
827 4127 966 4183 lline
995 4127 1084 4181 illa
1113 4125 1268 4182 Sabae
1283 4142 1407 4182 cum
1428 4142 1494 4182 eo
1523 4126 1834 4183 contentio:
1856 4127 1986 4182 hinc
2009 4141 2184 4182 emer-

608 4223 680 4277 sit
703 4223 936 4300 amplior
966 4235 1131 4291 quam
1167 4219 1338 4275 divini
1367 4212 1833 4286 canonesferant,
1888 4212 2180 4274 absolutio.

609 4315 784 4370 Roma
814 4330 941 4370 vero
961 4313 1187 4368 minime
1215 4313 1332 4368 haec
1355 4312 1626 4388 probavit,
1661 4314 1834 4368 absit!
1878 4312 1973 4368 sed
2007 4328 2185 4377 neque

2278 3585 2340 3639 τὸ
2355 3584 2651 3656 ἐπιτίμιον,
2677 3582 2774 3637 καὶ
2801 3580 2958 3635 λύσιν
2983 3578 3390 3650 ἐπιζητοῦντες·
3412 3576 3441 3628 ό
3471 3575 3572 3646 μὲν
3599 3575 3872 3645 ἀπηξίου,

2279 3677 2316 3747 ἡ
2349 3674 2637 3747 βασίλισσα
2667 3671 3034 3744 κατηπείγετο
3063 3669 3162 3740 τὴν
3196 3667 3464 3739 είσδοχὴν.
3505 3665 3676 3721 Πάλιν
3707 3667 3874 3737 κακῷ

2279 3767 2342 3821 τὸ
2370 3766 2535 3821 καλὸν
2557 3764 2834 3836 διαμείὸει
2866 3765 2895 3818 ό
2932 3761 3216 3833 πρόεδροςο
3252 3759 3657 3829 συλλειτουργεϊ
3678 3759 3872 3822 αύτοξ

2279 3861 2348 3932 τῇ
2387 3859 2525 3930 αὐτῇ
2571 3858 2732 3929 ἐορτῇ
2765 3857 2846 3920 είς
2877 3853 3178 3926 προῦπτον’
3234 3852 3335 3904 ούκ
3370 3849 3638 3914 ἀκουσίως
3675 3849 3868 3920 δῆθεν,

2281 3951 2397 4006 ἀλλ’
2428 3949 2715 4014 ἑκουσίωςο
2761 3947 2899 4001 ἐπὰν
2953 3945 3250 4017 δυνάμενος
3309 3943 3384 4014 μὴ
3425 3940 3873 4012 συλλειτουργεῖν

2266 4041 2713 4116 καθῃρημένοις,
2755 4037 3258 4109 συνελειτούργησε·
3291 4035 3396 4090 κᾶν
3423 4032 3677 4088 ὁπωσοῦν
3728 4033 3871 4103 φαξη

2281 4154 2368 4200 τις
2404 4135 2686 4190 ἀδυνατεῖν
2707 4132 2890 4187 αὐτόν.
2917 4129 3197 4186 Ἐντεῦθεν
3221 4131 3255 4200 ἡ
3283 4128 3418 4202 πρὸς
3439 4127 3604 4185 αύτδν
3625 4127 3875 4197 διαφορά

2243 4220 2249 4293 ξ
2282 4226 2393 4281 τῶν
2422 4227 2554 4298 περὶ
2572 4225 2774 4280 Σάδαν·
2799 4223 3051 4278 ἐντεῦθεν
3071 4221 3410 4278 ἐπεπόλασεν
3437 4221 3472 4292 η
3495 4219 3648 4282 λύσις
3680 4218 3866 4272 πλειόο

2124 4328 2185 4394 ne
2243 4383 2246 4388 ‘
2284 4313 2396 4382 νως
2442 4319 2552 4372 τῶν
2590 4318 2750 4372 θείων
2807 4317 3070 4373 κανόνων.
3111 4315 3179 4370 Ἢ
3225 4314 3282 4367 δὲ
3323 4311 3512 4385 Ῥώμη
3567 4311 3744 4366 ταῦτα
3803 4313 3872 4364 ού

548 4471 552 4476 _
608 4407 875 4478 synodum
906 4406 1079 4480 ipsam
1112 4404 1310 4483 habuit.
1329 4420 1430 4474 pro
1451 4405 1806 4471 meumenica,
1836 4405 1931 4460 sed
1969 4420 2072 4475 pro,
2099 4405 2183 4458 ιο-
2246 4397 2248 4399 ’

2285 4409 2620 4483 προσήκατοο
2645 4407 2721 4481 μὴ
2749 4408 2960 4478 γένοιτο
2981 4409 3000 4461 ί
3023 4406 3139 4461 ἀλλ’
3162 4404 3284 4459 ούδὲ
3315 4403 3485 4473 αὐτὴν
3515 4402 3614 4472 τὴν
3641 4401 3872 4454 σύνοδον

609 4498 749 4563 cali,
794 4507 847 4553 et
891 4512 1015 4568 qua:
1047 4497 1327 4568 proprium
1377 4495 1622 4551 locorum
1671 4496 1887 4550 illorum
1939 4511 2170 4551 errorem

2285 4499 2362 4564 ὡς
2410 4499 2815 4570 οἱκουμενικὴν,
2865 4497 2983 4552 ἀλλ’
3018 4497 3095 4562 ὡς
3147 4495 3403 4566 τοπικὴν,
3463 4494 3558 4546 καὶ
3613 4490 3674 4544 τὸ
3734 4491 3874 4545 ἴδιον

545 4648 550 4652 ,
608 4590 958 4646 emendasset
986 4590 1052 4643 ⁸⁷.
1087 4588 1276 4667 Neque
1298 4587 1446 4643 enim
1473 4586 1706 4642 aliorum
1740 4587 2170 4642 Patriarcharum

2288 4597 2488 4668 πτῶμα
2515 4596 2624 4650 τῶν
2653 4596 2781 4667 τῇδε
2803 4591 3210 4666 ἀνορθώσασαν.
3245 4588 3382 4644 eos:
3417 4585 3526 4656 γὰρ
3551 4587 3602 4638 οι
3633 4584 3873 4638 κεκαθιο

608 4685 797 4739 vivarii
846 4691 1003 4739 erant
1033 4682 1128 4752 qui
1168 4697 1268 4752 pro
1303 4681 1371 4736 iis
1407 4680 1708 4737 sedebant:
1736 4679 1972 4745 falsum,
2007 4679 2170 4750 siqui-

2284 4689 2440 4752 κότες
2492 4687 2899 4758 ἀντιπρόσωποι
2926 4685 3036 4740 τῶν
3083 4683 3258 4738 ἄλλων
3300 4677 3678 4751 πατριαρχῶν·
3723 4677 3870 4748 ψευ-

608 4779 734 4833 dem
765 4777 993 4832 Romani
1034 4791 1142 4830 non
1172 4783 1395 4846 propter
1425 4773 1720 4846 synodum,
1774 4773 1870 4830 sed
1914 4773 1984 4828 ob
2015 4773 2170 4827 aliam

2279 4779 2369 4844 δές
2391 4779 2489 4850 (ι)⁹
2523 4779 2634 4833 τῶν
2676 4779 2776 4848 μὲν
2816 4776 3102 4846 Ῥωμαίων
3125 4775 3193 4828 δι’
3221 4773 3370 4836 ἄλλο,
3409 4773 3471 4826 ού
3504 4771 3594 4825 διὰ
3619 4769 3870 4834 σύνοδον,

609 4883 830 4924 causam
859 4867 1009 4922 missi
1041 4867 1147 4921 huc
1185 4875 1466 4920 venerant.
1495 4863 1673 4930 Quare
1719 4871 1776 4919 et
1823 4862 2077 4934 depositi,
2117 4871 2170 4918 ul

2278 4867 2789 4941 παραπεμφθέντων
2842 4866 3094 4922 ἐνταῦθα.
3148 4865 3239 4919 Διὸ
3308 4864 3402 4918 καὶ
3452 4861 3872 4936 καθῃρέθησαν,

612 4959 820 5021 fertur,
869 4967 992 5026 post
1019 4957 1254 5011 reditum
1285 4956 1508 5011 fuerunt
1558 4954 1628 5009 ab
1670 4969 1736 5009 eo
1776 4953 1870 5024 qui
1923 4953 2170 5019 miserat;

2286 4963 2362 5026 ὥς
2393 4979 2548 5032 φασι,
2579 4960 3070 5032 παλινοστησαντες
3103 4958 3207 5012 ὑπὸ
3236 4957 3332 5012 τοῦ
3362 4957 3738 5027 πεπομφότος,
3765 4957 3874 5010 κᾶν

611 5050 860 5120 quamvis
875 5057 1093 5104 coactos
1113 5064 1170 5103 se
1196 5047 1368 5104 fuisse
1385 5057 1759 5104 causarentur.
1782 5047 1888 5102 Alii
1908 5055 2090 5102 autem
2117 5063 2170 5101 ei

2287 5057 2632 5112 ἐπεκαλῶντο
2673 5055 2978 5128 βεϐιάσθαι.
3008 5056 3073 5112 Οἱ
3108 5055 3152 5108 δ’
3176 5055 3325 5110 ἄλλοι
3351 5056 3416 5108 ἐκ
3448 5055 3546 5125 μὲν
3567 5052 3873 5124 ἀνατολῆς,

611 5142 824 5196 oriente
849 5141 1088 5211 quidem,
1130 5141 1225 5196 sed
1254 5156 1285 5194 a
1323 5141 1656 5196 nostratibus
1681 5140 1926 5210 persuasi
1951 5148 2005 5193 et
2025 5139 2170 5193 indu-

2288 5148 2404 5204 ἀλλ’
2429 5149 2534 5203 ὑπὸ
2557 5149 2666 5202 τῶν
2701 5147 2931 5202 ἐνταῦθα
2967 5148 3373 5220 προτραπέντες
3429 5143 3527 5198 καὶ
3557 5143 3873 5214 ἐλχθέντες,

612 5236 706 5297 cti.
732 5251 841 5290 non
869 5244 1050 5290 autem
1081 5250 1109 5288 a
1137 5233 1468 5288 Patriarchis
1495 5233 1666 5297 missi,
1695 5233 1786 5302 qui
1827 5232 1960 5287 nihil
2004 5231 2182 5286 scive-

615 5339 820 5383 runtne
841 5335 1026 5397 postea
1044 5325 1285 5394 quidem,
1301 5335 1522 5395 propter
1535 5324 1712 5396 gentis
1732 5334 1935 5379 metum
1956 5322 2184 5379 scilicet.

615 5421 728 5476 [loc
746 5429 927 5474 autem
949 5418 1151 5474 idcirco
1169 5417 1443 5473 faciebant
1462 5401 1712 5472 homines
1728 5415 1922 5484 nostri,
1945 5423 2005 5471 ut
2019 5417 2186 5471 here-

2289 5241 2390 5312 ούχ
2431 5240 2538 5294 ὑπὸ
2587 5241 2695 5293 τῶν
2741 5239 3100 5312 πατριαρχῶν
3133 5237 3551 5300 ἀποσταλέντες,
3585 5235 3669 5288 ὅτι
3733 5235 3876 5304 μηδὲ

2294 5333 2542 5400 ἐνόησαν,
2567 5333 2600 5404 ἢ
2631 5331 2876 5403 ὕστερον,
2908 5331 2996 5386 διὰ
3021 5330 3082 5384 τὺ
3107 5329 3199 5384 τοῦ
3233 5329 3417 5391 έθνους
3448 5327 3565 5390 δέος
3597 5324 3873 5394 δηλονότι.

2293 5417 2466 5478 Τοῦτο
2505 5423 2562 5478 δὲ
2592 5423 2806 5481 ἐποίουν
2849 5425 2898 5478 οί
2929 5421 3184 5487 ἐνταῦθα,
3235 5421 3324 5474 ἵνα
3374 5418 3466 5472 τὸν
3521 5413 3876 5498 αἱρετίξοντα

687 5540 730 5570 ³⁷
769 5539 846 5594 De
876 5539 981 5594 hoc
1009 5539 1129 5593 loco
1161 5536 1361 5592 videsis
1380 5535 1597 5592 Baronii
1628 5534 2046 5600 dubitationem,
2076 5550 2166 5588 an.
2206 5511 2330 5603 787,
2354 5553 2410 5594 n.
2443 5539 2532 5595 58.

1951 5645 1954 5647 λ
2121 5649 2354 5710 nom.
2431 5635 2438 5638 ’

689 5790 766 5861 (1)
808 5789 967 5846 Forte
997 5792 1111 5847 haec
1143 5807 1244 5847 vox
1273 5806 1338 5845 cx
1378 5803 1474 5843 ora
1505 5786 1625 5843 libri
1661 5787 1715 5843 in
1743 5795 1946 5844 textum
1981 5785 2220 5856 irrepsit.
