4044 6366
277 320 414 386 Ῑῦ45

1499 315 2043 381 EPISTOLARUM
2085 316 2229 376 LIB.
2273 315 2322 374 ῐ.

3413 315 3555 382 1046

269 437 402 489 λαὸν
430 432 631 505 μᾶλλον
658 435 926 490 πείσωσιν
962 433 1287 507 ὀρθοδοξεῖν,
1321 435 1386 487 ὲκ
1409 431 1506 485 τοῦ
1547 435 1858 503 οἱκουμενι-

1973 427 2008 483 si
2027 428 2401 483 adhaerentem
2424 425 2682 497 populum
2698 424 2912 482 facilius
2933 425 3000 482 ad
3021 425 3381 484 orthodoxam
3396 430 3557 486 [idem

267 526 374 599 κὴν
399 525 562 597 δῆθεν
582 526 940 599 ἀθροισθῆναι
972 527 1214 582 σύνοδον.

339 619 403 674 Ei
417 619 475 672 δὲ
496 617 682 690 φαίης,
698 619 816 684 πῶς
835 621 997 690 ἡμεῖς
1016 619 1115 673 οὐκ
1137 616 1502 687 ὲνιστάθημεν
1522 613 1850 683 τηνικαῦτα,

266 710 367 765 καὶ
407 709 496 764 διά
525 710 578 764 τί
616 710 953 782 χειροτονίαν
1003 707 1305 780 ἐδεξάμεθα
1339 707 1476 779 μετά
1505 707 1603 778 τὴν
1635 703 1854 759 σύνοδον

269 799 425 871 παρὰ
474 799 569 853 τοῦ
624 799 797 871 κυροῦ
850 800 1147 872 Ταρασίουο
1180 797 1598 868 ἀπολογούμεθα
1631 795 1729 850 κα)⁹
1771 795 1858 849 σοι

267 895 368 948 καὶ
389 895 580 958 πᾶσιν,
605 893 688 946 ὅτι
709 893 770 946 τδ
801 893 902 964 μὲν
931 894 989 962 έν
1025 893 1293 962 ὑπηκόοις
1338 890 1652 960 ὲτελοῦμεν.
1687 888 1762 958 μὴ
1789 886 1859 941 τὰ

269 983 502 1055 ὕστερον
552 983 868 1052 γνωσθέντα
919 984 1054 1054 ἡμῖν
1105 981 1374 1054 πρότερον
1431 981 1654 1042 εἰδότες·
1683 979 1745 1032 τὸ
1777 976 1857 1042 δὲ,

267 1075 610 1147 δραξάμενος
633 1076 817 1128 αἰτίαν
847 1073 1091 1143 εὔλογον,
1110 1074 1171 1127 τὺ
1197 1073 1380 1142 λέγειν
1399 1072 1693 1144 Ταράσιον,
1721 1071 1860 1141 μήτε

1951 519 2356 588 pertraherent,
2374 532 2499 574 cum
2520 516 3112 588 meumenicasynodus
3127 528 3316 574 coacta
3337 518 3553 576 fuisset.

2023 613 2182 682 Quod
2209 613 2253 668 si
2287 627 2502 683 quaeras
2527 611 2886 682 quamobrem
2929 626 3034 668 nos
3067 620 3182 668 tum
3204 613 3433 668 minimc
3457 615 3558 669 ob-

1955 707 2263 764 stiterimus
2289 746 2304 771 ,
2337 715 2395 761 et
2441 719 2542 760 cur
2572 703 2980 759 ordinationem
3022 712 3148 773 post
3181 704 3450 775 synodum
3492 695 3562 761 de

1957 799 2168 855 domini
2193 796 2405 853 Tarasii
2429 811 2597 851 manu
2629 796 3078 866 susceperimus;
3112 794 3220 851 hoc
3252 795 3350 850 tibi
3380 796 3562 852 omni-

1958 890 2170 961 busque
2193 888 2314 945 aliis
2326 888 2722 960 respondemus
2750 904 2764 941 :
2794 886 3029 957 primum
3062 886 3287 956 quidem
3330 903 3434 942 nos
3458 887 3562 943 sub

1960 981 2277 1038 obedientia
2337 990 2428 1036 tua
2475 980 2714 1044 vixisse,
2762 994 2864 1034 nec
2929 978 3060 1033 dum
3103 993 3166 1033 ea
3214 981 3558 1050 cognovisse,

1961 1089 2084 1144 qua:
2119 1082 2403 1143 perspecta
2434 1071 2596 1127 nobis
2616 1079 2804 1141 postea
2827 1069 3049 1124 fuerunt
3074 1087 3087 1123 :
3108 1067 3308 1124 deinde
3339 1084 3561 1126 causam

269 1169 548 1240 ἐπιτίμιον
568 1167 879 1228 δεδωκέναι,
911 1165 1035 1238 μηδ’
1066 1160 1134 1220 αὖ
1157 1167 1205 1220 εί
1240 1167 1439 1234 γνοῖεν,
1468 1163 1578 1217 τῶν
1603 1161 1863 1217 τοιούτων

1973 1173 2156 1220 nactos
2192 1163 2363 1220 fuisse
2397 1163 2771 1233 probabilem;
2801 1178 2928 1217 cum
2959 1162 3169 1217 diceret
3192 1161 3466 1228 Tarasius,
3501 1178 3562 1217 se

273 1260 682 1331 συνιερουργεῖν
715 1275 843 1326 τινι,
898 1256 1036 1312 ἀλλὰ
1074 1257 1169 1310 κα)⁸
1224 1255 1531 1327 καθαιρεῖν.
1592 1252 1709 1308 Κᾶν
1765 1252 1866 1322 οὐχ

1973 1271 2070 1312 nec
2094 1253 2478 1327 paenitentiam
2507 1254 2834 1325 imposuisse
2859 1293 2874 1318 ,
2929 1269 3034 1309 nec
3071 1265 3248 1325 porro
3277 1270 3404 1310 cum
3449 1255 3562 1312 ullo

269 1351 448 1416 οὕτως
475 1346 545 1422 ἦν
588 1351 650 1404 τὸ
699 1349 922 1422 ἀληθὲς,
957 1348 1046 1402 διὰ
1101 1347 1163 1402 τὸ
1213 1348 1510 1418 προφανές.
1543 1344 1686 1399 Ἀλλ’
1713 1345 1866 1415 ὅμως

1973 1365 2160 1406 eorum
2188 1390 2203 1415 ,
2252 1348 2298 1404 si
2328 1348 2596 1414 novisset,
2633 1347 3208 1414 communicaturum;
3261 1349 3560 1418 quinetiam

267 1445 437 1515 ἡμεῖς
483 1440 807 1514 ὀρεγόμενοι
853 1441 954 1512 τὴν
1013 1438 1294 1508 ὁμόνοιαν,
1345 1435 1699 1508 ὴρκέσθημεν
1752 1436 1867 1498 τοῖς

1973 1440 2376 1512 depositurum.
2417 1439 2738 1510 Quanquam
2793 1438 2846 1492 id
2894 1453 3086 1492 verum
3117 1452 3228 1492 non
3263 1447 3401 1503 erat,
3437 1453 3562 1494 cum

268 1534 594 1606 λεγομένοις
621 1551 636 1566 ο
667 1532 828 1587 τοῦτο
856 1533 1198 1604 κεκρικότες,
1241 1531 1336 1584 ἐπὶ
1369 1529 1430 1583 τὸ
1483 1527 1867 1601 φιλανθρωπό-

1973 1532 2263 1589 manifesta
2317 1547 2408 1586 res
2448 1540 2612 1586 esset.
2673 1529 2781 1585 Sed
2823 1544 2925 1584 nos
2975 1537 3161 1584 tamen
3211 1530 3563 1595 concordiam

268 1646 430 1700 τερον
450 1627 552 1697 τῆς
586 1627 814 1698 είρήνης
835 1625 1025 1678 νεῦσαι
1055 1626 1115 1678 ἐν
1144 1622 1221 1695 τῷ
1244 1621 1534 1692 ἀμφιϐόλῳ
1558 1620 1867 1694 πράγματι,

1973 1632 2315 1696 appetentes,
2353 1622 2420 1678 iis
2452 1621 2696 1678 contenti
2730 1621 2936 1676 fuimus
2963 1636 3088 1692 quae
3117 1621 3186 1677 ab
3219 1636 3288 1676 eo
3309 1621 3566 1677 diceban-

271 1719 461 1783 καθώς
529 1717 662 1788 φησί
691 1735 796 1770 που
860 1718 889 1770 ό
941 1715 1221 1784 Θεολόγος.
1269 1714 1380 1767 Καὶ
1423 1711 1563 1783 ἅμα,
1614 1713 1696 1766 ὅτι
1727 1711 1867 1765 δεδε-

1981 1717 2214 1771 turzsic
2250 1724 2579 1780 statuentes,
2626 1714 2693 1769 ad
2723 1714 3104 1768 humaniorem
3152 1714 3304 1785 pacis
3351 1724 3564 1785 partem

270 1814 477 1882 γμένος
520 1806 590 1881 ἦν
631 1809 722 1863 διὰ
761 1807 859 1880 τὴν
904 1806 1238 1879 όρθοδοξίαν,
1293 1805 1389 1859 καὶ
1427 1805 1492 1858 τὸ
1539 1805 1659 1858 κατ’
1689 1804 1863 1875 αὐτὴν

1973 1807 2026 1862 ἰη
2058 1822 2118 1862 re
2159 1806 2416 1877 ambigua
2452 1806 2907 1876 propendendum
2963 1820 3086 1861 esse
3111 1845 3126 1871 ,
3171 1805 3315 1862 sicut
3362 1805 3569 1862 alicubi

271 1903 524 1974 ἀνδρεῖον
573 1901 668 1954 καὶ
721 1898 1010 1954 σπουδαῖον
1054 1897 1337 1968 γενέσθαι,
1392 1896 1500 1951 ὑπὸ
1553 1895 1662 1950 τῶν
1689 1895 1865 1951 ἄλλων

285 1991 859 2065 Ἐκκλησιῶν.Ταῦτά
885 2008 967 2045 σοι
1001 1989 1294 2061 ἐγνώρισα,
1317 1989 1530 2050 τέκνον,
1552 1991 1630 2051 είς
1659 1988 1866 2057 εἴδησιν

271 2088 390 2142 τῶν
422 2086 798 2158 καθηκόντωνο
830 2084 927 2139 καὶ
943 2084 1028 2138 ὃτι
1047 2085 1097 2138 ol
1123 2085 1256 2153 περὶ
1281 2083 1462 2137 Σάϐαν
1489 2083 1538 2136 εἰ
1568 2082 1658 2136 διὰ
1685 2082 1863 2148 τοῦτο,

273 2182 372 2234 καὶ⁸
410 2179 511 2250 οὐκ
535 2177 717 2240 ἄλλοις
745 2175 889 2228 τισὶν
924 2174 1143 2240 ἀλόγοις
1171 2174 1484 2244 διεφέροντο
1513 2172 1650 2243 πρὸς
1681 2173 1864 2237 αὑτὸν,

274 2265 426 2341 εἶχον
473 2251 696 2337 εθλογον
743 2267 840 2319 καὶ
872 2264 1109 2336 ἔχουσιν.
1147 2265 1235 2328 Ὦς
1263 2265 1374 2335 γὰρ
1400 2263 1505 2316 ὑπὸ
1541 2264 1867 2333 παραπετά-

277 2379 448 2434 σματι
482 2363 644 2432 ἡμεῖς
671 2358 764 2414 τοῦ
788 2357 975 2427 λέγειν
1003 2356 1080 2428 μὴ
1111 2355 1365 2426 δέχεσθαι
1398 2356 1526 2417 τοὺς
1563 2356 1864 2419 τοιούτους,

274 2456 416 2510 ἀλλά
441 2454 538 2507 zal.
564 2452 870 2523 καθαιρεῖν,
900 2448 1241 2519 συνήλθομεν
1261 2445 1342 2517 τῷ
1371 2446 1623 2517 προέδρῳ
1653 2461 1666 2475 ⁸
1693 2445 1867 2506 οὕτως

275 2549 481 2601 ἔκεῖνοι
537 2545 600 2598 τὸ
651 2541 898 2616 πραχθὲν
951 2542 1211 2612 ἐμφανῶς
1269 2539 1486 2610 ἔχοντες
1547 2539 1865 2610 δικαίωμα,

274 2636 685 2694 ἀντιποιοῦνται
735 2635 962 2699 εἰκότως
1012 2631 1105 2686 τοῦ
1154 2632 1300 2686 θείου
1355 2634 1602 2696 κανόνος.
1632 2633 1743 2687 Καὶ
1769 2633 1869 2686 οὐκ

275 2730 426 2784 ἐστιν
471 2731 500 2783 ὁ
528 2729 690 2801 χάριν
708 2725 901 2780 τούτου
941 2725 1036 2780 τοῦ
1068 2724 1360 2795 κεφαλαίου
1390 2724 1690 2795 δυνάμενος
1719 2725 1869 2778 ἀντι-

278 2825 476 2893 στῆναι
509 2823 713 2885 αὺτοῖς,
751 2819 804 2872 εῖ
845 2835 908 2888 γε
950 2818 1160 2886 λέγοιεν
1183 2819 1267 2873 ὅτι
1294 2818 1569 2888 Ταράσιος
1591 2819 1868 2890 οἰκονομι-

276 2913 396 2976 κῶς
418 2911 638 2977 eseam
662 2910 788 2974 τοὺς
811 2925 917 2980 χρη
926 2906 1530 2979 ματοχειροτονούντας.
1567 2905 1730 2960 Ἀλλά
1762 2906 1871 2976 γὰρ

274 3003 393 3058 οὐδ’
432 3003 499 3058 ἂν
554 3002 759 3074 Πέτρος
823 3000 920 3054 καὶ
977 2997 1191 3063 Παῦλος
1249 2999 1447 3069 ἐπιστῇ
1481 3013 1494 3028 ·
1553 2995 1711 3052 αὐτοὶ
1762 2996 1870 3068 γὰρ

274 3090 530 3156 ἐξέθεντο
573 3090 666 3144 τὸν
709 3088 932 3156 κανόνα,
964 3088 1060 3142 καὶ
1090 3086 1244 3142 αὐτοί
1281 3104 1446 3159 φασιν
1470 3102 1483 3116 ·
1541 3085 1725 3142 Ἀλλὰ
1754 3084 1872 3142 κᾶν

1966 1897 2284 1970 Theologus
2329 1898 2430 1952 ait.
2465 1897 2643 1952 Simul
2692 1897 2795 1952 hoc
2833 1897 2998 1952 etiam
3035 1906 3382 1967 reputantes,
3410 1898 3566 1953 illum

1965 2000 2190 2062 propter
2217 1990 2380 2046 ﬁdem
2423 1989 2790 2044 orthodoxam
2813 2029 2828 2053 ,
2861 2004 3139 2059 suumque
3178 1989 3234 2043 in
3272 2005 3336 2044 ea
3366 1990 3566 2045 tuenda

1965 2082 2247 2145 studium,
2293 2082 2362 2137 ab
2403 2081 2528 2136 aliis
2557 2081 2820 2136 Ecclesiis
2865 2088 3148 2151 receptum
3195 2079 3385 2136 fuisse.
3441 2081 3569 2137 Haec

1968 2171 2063 2226 tibi
2095 2171 2359 2241 exposui,
2393 2171 2466 2225 illi
2492 2212 2507 2237 ,
2552 2180 2614 2226 ut
2652 2172 2795 2227 scias
2832 2186 2954 2240 qua:
2992 2171 3136 2227 scire
3189 2181 3241 2227 te
3285 2171 3566 2239 convenit,

1967 2273 2024 2318 et
2041 2262 2265 2327 Sabam,
2300 2263 2346 2316 si
2381 2270 2606 2332 propter
2640 2263 2761 2318 hazc
2790 2278 2898 2316 non
2937 2263 3008 2318 ob
3035 2263 3140 2317 alia
3179 2264 3452 2334 quaepiam
3479 2280 3568 2319 ra-

1969 2353 2103 2408 tioni
2143 2353 2286 2408 haud
2326 2365 2697 2410 consentanea
2732 2355 2783 2410 ei
2816 2355 3139 2411 adversatus
3164 2365 3270 2422 est,
3305 2356 3568 2426 probabi—

1969 2443 2078 2499 lem
2126 2460 2350 2501 causam
2398 2447 2656 2502 habuisse
2701 2457 2758 2502 et
2816 2447 3039 2503 habere.
3093 2448 3566 2515 Quemadmodum

1967 2536 2115 2590 enim
2146 2553 2252 2592 nos
2279 2537 2386 2592 hoc
2426 2547 2715 2608 praetextu,
2743 2541 2890 2609 quod
2926 2539 3153 2605 diceret,
3189 2556 3248 2596 se
3294 2541 3430 2597 tales
3453 2557 3565 2598 non

1969 2626 2236 2696 recipere,
2260 2627 2355 2683 sed
2369 2627 2670 2698 deponere,
2690 2645 2814 2685 cum
2834 2630 3145 2700 patriarcha
3169 2633 3565 2689 convenimus:
3649 2663 3658 2676 ι

1967 2717 2050 2773 sic
2079 2717 2157 2772 illi
2176 2718 2388 2788 justam
2413 2721 2492 2774 rei
2532 2720 2711 2790 palam
2741 2731 2908 2792 gesta:
2940 2722 3319 2778 defensionem
3360 2723 3568 2780 haben-

1970 2813 2075 2872 tes,
2110 2821 2212 2876 pro
2241 2807 2428 2862 divino
2457 2823 2669 2864 canone
2697 2810 2897 2865 merito
2926 2810 3231 2868 decertant.
3262 2810 3452 2883 Neque
3482 2821 3570 2870 est

1968 2899 2064 2968 qui
2093 2899 2198 2956 hoc
2231 2901 2460 2957 nomine
2488 2904 2819 2973 redarguere
2867 2902 2990 2959 illos
3033 2905 3238 2975 possit,
3292 2906 3347 2961 si
3385 2906 3571 2962 dicant

1970 2989 2258 3048 Tarasium
2282 3008 2381 3062 per
2401 2994 2872 3065 dispensationem
2899 3011 2996 3052 eos
3027 2997 3330 3068 recepisse,
3350 2999 3442 3070 qui
3469 3013 3570 3070 per

1971 3083 2264 3151 pecuniam
2293 3083 2636 3139 ordinarant.
2666 3085 2737 3139 At
2766 3101 2948 3156 neque
2980 3087 3024 3142 si
3054 3087 3252 3145 Petrus
3280 3097 3338 3144 et
3365 3092 3570 3146 Paulus

275 3180 454 3251 ἡμεῖς
478 3180 516 3251 ἢ
549 3180 808 3251 ἄγγελος
823 3179 893 3245 ἐξ
923 3179 1188 3248 οὐρανοῦ
1239 3156 1690 3248 edam-exitura;
1723 3177 1867 3248 ὑμῖν

1974 3173 2197 3242 adsint;
2229 3175 2331 3246 ipsi
2380 3176 2527 3231 enim
2571 3192 2842 3234 canonem
2882 3179 3288 3246 condiderunt,
3347 3181 3570 3252 ipsimet

275 3271 419 3341 παρ’
455 3271 487 3327 ὃ
517 3270 1055 3342 εὐηγγελισάμεθα,
1083 3269 1352 3340 ἀνάθεμα
1381 3268 1561 3324 ἔστω.

533 3583 660 3640 ΔΘθ.
692 3613 766 3626 —
797 3583 1068 3653 Θεοφίλῳ
1104 3579 1440 3654 ἡγουμένῳ.
1473 3579 1640 3654 [ρς’.]

1973 3265 2166 3321 dicunt
2192 3283 2206 3320 :
2233 3265 2339 3323 Sed
2362 3268 2480 3322 licet
2519 3285 2644 3334 nos,
2683 3280 2777 3323 aut
2802 3269 3038 3342 Angelus
3067 3274 3130 3326 de
3158 3273 3304 3340 calo,
3340 3290 3564 3346 evange-

1977 3355 2097 3410 lizet
2131 3359 2272 3413 vobis
2299 3368 2652 3432 prazterquam
2688 3365 2827 3433 quod
2869 3367 3382 3438 euangelizaeimus,
3429 3383 3566 3422 ana-

1980 3453 2152 3503 thema
2173 3451 2242 3505 sit
2269 3450 2338 3505 ⁸⁸.

2283 3585 2524 3642 XXXIX.
2552 3621 2621 3629 —
2659 3589 2938 3661 Theophila
2965 3595 3263 3664 praeposito.

601 3701 699 3751 Cur
721 3701 988 3753 haereticos
1010 3707 1156 3752 vocet
1174 3713 1282 3762 eos,
1301 3698 1598 3763 quibuscum
1628 3701 1737 3764 ipse
1764 3700 2030 3764 aliquando
2056 3707 2524 3757 communicaverat.
2552 3709 2758 3771 (Baron.
2792 3721 2906 3760 ann.
2933 3709 3046 3770 809,
3075 3725 3126 3762 η.
3153 3713 3260 3776 28.)

364 3811 704 3884 Ἐϐουλόμην
750 3811 1054 3884 ταχύτερον
1106 3813 1414 3869 ἐπιστεῖλαι
1466 3816 1534 3886 τῇ
1590 3814 1871 3887 ἁγιωσύνῃ

278 3923 405 3974 σου,
455 3905 572 3960 ἀλλ’
613 3907 715 3959 οὐκ
763 3906 1082 3979 εὐωδούμην
1137 3907 1544 3979 φρουρούμενος
1589 3907 1870 3978 ἀσφαλῶς.

280 3999 418 4052 Ὅτε
446 3998 505 4052 δὲ
535 3998 830 4068 εὐδόκησεν
857 4000 886 4052 ὁ
909 3999 1115 4068 ἀγαθὸς
1141 3997 1276 4062 Θεὸς
1304 3997 1636 4068 χαρίσασθαι
1661 4000 1756 4053 καὶ
1780 3999 1873 4054 τὸν

275 4088 488 4161 τρόπον
522 4088 616 4142 καὶ
645 4087 707 4140 τὺ
739 4087 1051 4160 πρόσωπον·
1094 4087 1399 4158 τηνικαῦτα
1427 4088 1518 4142 τὸν
1550 4089 1680 4158 ὲμδν
1709 4087 1873 4143 πόθον

279 4177 480 4248 πληρῶ
511 4176 541 4230 ὁ
564 4176 848 4244 ταπεινὸς,
875 4177 967 4231 καὶ
993 4178 1415 4250 προσαγορεύω,
1435 4178 1533 4233 καὶ
1551 4180 1871 4252 ἀσπάζομαι

278 4271 378 4323 τδν
405 4269 539 4341 ὲμδν
562 4270 934 4340 πνευματικὸν
952 4270 1203 4342 Πατέρα,
1227 4271 1321 4324 καὶ
1340 4271 1460 4325 λίαν
1485 4271 1655 4336 ὅντως
1687 4271 1872 4341 φιλού-

285 4378 472 4433 μενον.
505 4361 582 4415 Οὐ
615 4362 723 4434 γὰρ
748 4362 938 4432 ἐπειδὴ
963 4361 1256 4434 διέστησαν
1289 4364 1438 4436 ήμᾶς
1463 4365 1794 4436 σωματικῶς
1820 4366 1868 4420 οί

283 4454 549 4526 ἄρχοντες
593 4454 690 4508 τοῦ
722 4453 920 4518 αίῶνος
959 4454 1177 4518 τούτου,
1222 4456 1322 4528 ἥδη
1362 4457 1615 4512 διέλυσαν
1651 4457 1748 4512 καὶ
1769 4458 1869 4530 τὴν

285 4543 384 4598 ἐπὶ
411 4543 546 4598 Θεδν
569 4544 726 4616 ήμῶν
754 4545 890 4618 πρὸς
920 4545 1187 4618 ἀλλήλους
1212 4548 1472 4619 ὁμόνοιάν
1500 4565 1560 4602 τε
1591 4549 1686 4603 καὶ
1739 4549 1866 4621 σχέ-

2049 3817 2307 3876 Volebam
2358 3822 2613 3894 equidem
2661 3824 2825 3880 citius
2873 3825 2942 3879 ad
3007 3826 3358 3885 sanctitatem
3417 3841 3566 3890 tuam

1973 3911 2244 3980 scribere,
2280 3913 2378 3969 sed
2423 3916 2567 3971 viam
2603 3916 2812 3972 nullam
2863 3918 3232 3987 reperiebam,
3275 3931 3426 3978 arcta
3461 3941 3563 3980 cu-

1971 4004 2146 4059 stodia
2206 4005 2473 4062 inclusus.
2509 4007 2808 4078 Postquam
2858 4016 3044 4064 autem
3079 4008 3193 4066 Deo
3244 4011 3392 4068 bono
3445 4016 3565 4086 pla-

1969 4094 2108 4162 cuit,
2137 4104 2192 4150 et
2221 4096 2445 4152 modum
2477 4106 2532 4153 et
2556 4098 2836 4156 hominem
2867 4102 3175 4159 concedere
3203 4120 3216 4158 :
3247 4119 3396 4162 nunc
3421 4107 3568 4162 desi-

1974 4185 2188 4241 derium
2216 4202 2400 4244 meum
2428 4189 2652 4246 humilis
2689 4191 2902 4263 expleo,
2932 4204 2984 4250 et
3021 4195 3200 4251 saluto
3227 4195 3564 4267 amplector-

1975 4295 2084 4350 que
2130 4280 2469 4351 spiritualem
2515 4281 2733 4340 Patrem
2771 4301 2956 4342 meum
3001 4303 3164 4358 quem
3217 4303 3409 4346 revera
3439 4306 3565 4347 amo

1975 4370 2291 4442 plurimum.
2333 4371 2521 4445 Neque
2548 4374 2718 4439 enim.
2749 4377 2971 4446 quando
2997 4395 3228 4450 corpore
3259 4396 3358 4437 nos
3383 4397 3566 4454 segre-

1975 4469 2172 4532 garunt
2217 4461 2499 4534 principes
2543 4465 2730 4520 saeculi
2758 4466 2942 4536 hujus,
2993 4471 3200 4539 pariter
3228 4479 3472 4527 mutuam
3505 4472 3562 4527 in

1976 4553 2087 4609 Deo
2108 4563 2298 4610 nostro
2335 4555 2683 4612 concordiam
2715 4557 3086 4632 aﬂectumque
3134 4562 3515 4618 dissolverant
3545 4582 3560 4618 :

287 4650 394 4687 σιν·
429 4634 632 4705 μᾶλλον
662 4635 762 4706 μὲν
803 4630 896 4690 οὖν
935 4637 1030 4689 καὶ
1056 4635 1415 4695 ἐϐεϐαίωσαν.
1453 4637 1720 4710 Πείθομαι
1762 4639 1867 4710 γὰρ

1975 4646 2223 4716 quinimo
2251 4647 2424 4718 magis
2471 4648 2890 4707 conﬁrmarunt.
2922 4630 3151 4709 Conﬁdo
3180 4656 3329 4710 enim
3397 4663 3452 4709 et
3476 4671 3564 4710 me

285 4726 385 4780 καὶ
420 4727 524 4796 τὴν
572 4727 671 4798 σὴν
713 4727 973 4799 ὁσιότητα
1001 4728 1188 4782 ποθεῖν
1213 4729 1317 4801 τὴν
1346 4729 1624 4802 ἡμετέραν
1652 4727 1871 4794 ἀναξιό-

283 4833 445 4889 τητα·
482 4817 577 4870 καὶ
606 4817 799 4890 ἀκλινῆ
835 4819 1114 4890 διαμένειν
1165 4823 1264 4893 τῆς
1307 4819 1592 4892 ὀρθοδόξου
1619 4820 1713 4874 καὶ
1741 4820 1870 4874 θεα-

289 4910 486 4983 ρέστου
526 4910 855 4974 ὲνστάσεως,
886 4910 945 4977 ἐξ
977 4902 1051 4965 ὧν
1089 4927 1150 4964 τε
1181 4911 1447 4984 πρότερον
1501 4913 1597 4966 καὶ
1648 4911 1872 4983 ὕστερον

286 5001 570 5068 ὑπέδειξεν
598 5003 802 5072 ἑαυτὴν
826 5002 948 5071 Θεῷ
976 5019 1038 5056 τε
1072 5005 1165 5056 καὶ
1195 5002 1526 5074 ἀνθρώποις,
1561 5004 1636 5069 ὡς
1688 5021 1873 5058 συναι-

289 5095 502 5166 ρεῖσθαι
547 5095 682 5166 ἡμῖν
723 5097 836 5160 τοῖς
865 5097 1142 5159 ταπεινοῖς
1170 5096 1262 5149 καὶ
1293 5096 1386 5150 τὸν
1418 5095 1560 5166 ὑπὲρ
1586 5095 1873 5159 εὐσεϐείας

283 5186 545 5257 διωγμόνο
589 5185 692 5241 κᾶν
717 5187 817 5241 οὐκ
847 5186 1232 5258 ἠϐουλήθησαν
1270 5189 1319 5240 οἱ
1368 5185 1718 5258 κρατοῦντες,
1751 5203 1872 5256 φειο

207 5327 230 5338 ,
281 5277 366 5331 δοῖ
401 5275 496 5331 τοῦ
539 5277 616 5350 μή
680 5279 910 5342 πολλοὺς
956 5278 1222 5349 ἐξορίζειν
1267 5279 1361 5332 καὶ
1395 5277 1732 5350 καθείργειν·
1773 5275 1872 5330 καὶ

282 5369 362 5433 ὡς
391 5367 458 5423 ἂν
479 5370 707 5436 δόξωσιν
737 5369 988 5424 ἐντεῦθεν
1012 5370 1222 5425 πείθειν
1255 5371 1347 5424 τὸν
1369 5371 1596 5440 κόσμον,
1622 5373 1701 5436 εἰς
1721 5371 1871 5442 ἡμᾶς

283 5461 485 5529 μόνους
511 5462 901 5533 περιίστασθαι
929 5466 1029 5532 τὴν
1061 5462 1198 5534 πρὸς
1224 5463 1424 5526 αὐτοὺς
1453 5463 1740 5534 διαφορὰν,
1777 5464 1870 5517 καὶ

285 5551 364 5625 μὴ
396 5547 537 5606 εἶναι
571 5554 766 5618 ἄλλους
791 5555 919 5619 τοὺς
951 5556 1340 5626 ἐνισταμένους
1365 5571 1378 5584 ·
1413 5555 1462 5609 οἶ
1490 5557 1740 5611 τοσοῦτοι
1791 5557 1869 5628 τῷ

280 5645 480 5718 πλήθει
507 5648 566 5700 ὲν
591 5649 658 5720 τῇ
693 5646 784 5702 ὑπ’
811 5647 981 5718 αὐτῆς
1027 5647 1264 5719 ἐξουσέᾳο
1303 5650 1407 5702 κᾶν
1443 5649 1592 5720 φόϐῳ
1629 5650 1741 5703 εἴτε
1775 5651 1869 5704 καὶ

355 5762 402 5794 ³³
433 5760 608 5818 Galat.
642 5779 680 5829 ι,
715 5764 768 5830 8,
812 5764 865 5821 9.
974 5827 982 5839 .

1973 4740 2226 4808 quamvis
2253 4741 2539 4812 indignum
2588 4759 2619 4798 a
2655 4752 2747 4798 tua
2774 4745 3064 4802 sanctitate
3111 4747 3286 4819 diligi,
3314 4747 3448 4804 etin
3469 4763 3564 4803 or-

1976 4828 2214 4884 thodoxa
2246 4830 2466 4903 Deoque
2497 4848 2724 4905 accepta
2761 4837 3201 4909 propugnatione
3223 4837 3561 4894 immobilem

1976 4921 2150 4992 ipsam
2177 4938 2503 4994 permanere
2529 4943 2542 4980 :
2569 4926 2724 4983 exiis
2750 4928 2950 4998 quibus
2984 4944 3042 4984 se
3067 4938 3124 4984 et
3151 4937 3338 4994 antea,
3363 4938 3563 5002 etpost

1974 5011 2165 5076 etiam,
2197 5013 2309 5069 Deo
2363 5025 2527 5084 atque
2567 5015 2883 5073 hominibus
2937 5019 3355 5089 comprobavit:
3397 5022 3469 5076 ita
3501 5028 3562 5076 ut

1977 5119 2102 5158 cum
2147 5105 2449 5162 humilibus
2500 5108 2662 5164 nobis
2723 5111 3170 5179 persecutionem
3228 5115 3394 5169 etiam
3457 5131 3560 5186 pro

1979 5195 2182 5266 pietate
2210 5196 2374 5269 eligat
2402 5217 2415 5254 :
2458 5198 2584 5255 licet
2611 5199 2891 5258 noluerint
2918 5203 3013 5274 qui
3041 5220 3225 5260 rerum
3250 5207 3558 5277 potiuntur,

1977 5301 2048 5339 ne
2079 5295 2189 5340 tam
2216 5287 2416 5344 multos
2455 5289 2511 5344 in
2542 5290 2794 5346 exsilium
2825 5295 3206 5359 amandarent,
3244 5298 3328 5353 vel
3368 5299 3423 5352 in
3465 5315 3553 5353 cu-

1978 5378 2212 5434 stodiam
2247 5383 2566 5452 traderent;
2595 5396 2762 5454 atque
2819 5397 2878 5440 ut
2923 5387 3028 5443 hac
3080 5389 3296 5444 ratione
3357 5391 3564 5446 nnmdo

1978 5472 2395 5541 persuaderent,
2423 5491 2524 5531 nos
2550 5477 2697 5532 solos
2725 5478 2794 5532 ab
2826 5479 2958 5548 ipsis
2981 5479 3269 5542 dissidere,
3295 5496 3395 5533 nec
3422 5481 3560 5534 alios

1979 5577 2102 5619 esse
2131 5566 2222 5635 qui
2266 5568 2524 5625 resistant
2552 5587 2566 5624 :
2593 5586 2716 5626 cum
2748 5579 2929 5627 tamen
2963 5573 3102 5627 adeo
3126 5572 3280 5626 multi
3321 5573 3430 5627 sint
3454 5573 3561 5630 sub

1976 5672 2168 5714 eorum
2200 5659 2471 5731 imperio;
2506 5663 2755 5732 quamvis
2797 5673 2889 5718 aut
2938 5673 3084 5718 metu
3120 5672 3213 5718 aut
3245 5663 3560 5719 dissimula-
