4044 6366
533 295 674 361 10H

1737 299 1797 358 S.
1829 295 2230 358 THEODOBI
2259 297 2608 359 STUDIT.‘I‘.

3673 297 3806 364 1048

528 417 678 471 tione
709 429 768 470 se
791 413 940 485 ipsos
971 422 1158 487 tegant
1184 429 1198 480 ;
1230 422 1291 468 ut
1315 413 1561 468 divinum
1591 413 1766 469 David
1784 414 2116 468 clamantem

2227 413 2505 484 οἰκονομίᾳ
2534 413 2966 485 ὑποκρύπτωσιν
2997 414 3247 480 ἑαυτούς·
3277 415 3356 482 ὡς
3403 415 3557 472 εστιν
3589 415 3808 473 ἀκούειν

527 507 790 562 exaudire
816 507 1017 563 liceat:
1067 506 1432 561 Dinumerabo
1471 523 1557 562 eos
1601 517 1652 561 et
1692 523 1852 578 super
1894 523 2119 562 arenam

2227 505 2314 560 τοῦ
2342 507 2487 559 θείου
2503 505 2668 560 Δαϐἰδ
2700 507 3806 581 κράζοντρς·Ἐεαριθμήσομαιαῠτοὺς,

526 596 1022 667 multiplicabuntur
1051 597 1117 652 ³³.

555 675 717 740 ’Νοη
759 686 906 742 enim
941 687 1061 743 leve
1105 698 1190 744 est
1240 705 1344 746 nec
1390 689 1690 752 occultum,
1749 687 1897 757 quod
1949 686 2150 758 impie-

530 776 751 847 agitur;
780 779 878 833 sed
909 787 965 834 et
997 795 1162 852 grave
1186 797 1412 852 prorsus
1441 791 1497 836 et
1522 795 1688 836 sensu
1720 780 1963 846 praeditis
1999 795 2119 835 ma-

529 866 817 924 nifestum.
866 871 1304 928 lncarnationem
1373 874 1602 938 Christi,
1661 887 1695 927 ο
1741 872 2113 938 sanctissime,

494 969 498 972 '
529 969 800 1028 quantum
839 962 895 1016 in
928 963 1066 1033 ipsis
1096 973 1202 1033 est,
1265 976 1606 1032 everterunt,
1660 980 1786 1020 cum
1836 965 2118 1036 Evangelii

528 1053 1038 1121 praevaricationem
1097 1055 1152 1110 in
1205 1056 1441 1112 adulteri
1493 1058 1685 1128 copula
1719 1070 1778 1114 et
1822 1057 2117 1123 adulterio,

528 1142 822 1198 salutarem
854 1145 1114 1203 Ecclesiae
1145 1149 1611 1218 dispensationem
1642 1164 1766 1204 esse
1795 1157 2117 1213 sanxerunt,

527 1235 821 1290 anathema
849 1235 904 1289 in
933 1251 1031 1292 eos
1058 1237 1442 1300 decernentes.
1465 1240 1561 1310 qui
1597 1239 1722 1294 talia
1754 1253 1866 1294 non
1917 1239 2120 1309 proba-

529 1321 1060 1397 rent.Evangelium
1121 1344 1221 1398 per
1257 1329 1424 1385 unius
1482 1329 1731 1384 mandati
1787 1328 2118 1384 solutionem

529 1413 835 1480 solverunt,
890 1418 1224 1474 solutionem
1273 1421 1416 1476 hanc
1483 1420 1580 1476 Dei
1641 1420 2120 1491 dispensationem

529 1506 892 1576 appellantes.
930 1508 1068 1565 Nam
1114 1512 1180 1578 si,
1237 1522 1296 1568 ut
1329 1513 1599 1584 scriptum
1652 1522 1777 1568 est:
1812 1511 2123 1584 Quicunque

529 1605 695 1652 totam
719 1598 886 1670 legem
911 1605 1464 1675 servaverit,oﬂ'endat
1488 1616 1668 1660 autem
1698 1606 1755 1659 in
1782 1621 1912 1672 uno,
1947 1607 2124 1678 {actus

527 1698 604 1744 est
642 1692 881 1748 omnium
910 1710 1028 1749 reus
1057 1695 1138 1762 ⁸⁰;
1195 1697 1282 1752 isti
1335 1713 1474 1753 vero
1501 1699 1739 1768 lapsum,
1772 1698 1885 1753 imo
1909 1699 2117 1769 lapsus,

529 1789 646 1836 tum
673 1783 926 1851 adulteri,
966 1795 1080 1840 tum
1106 1788 1224 1858 ejus
1249 1789 1342 1858 qui
1383 1767 1665 1845 adulteros
1717 1767 2030 1860 conjunxit,
2067 1796 2124 1844 et
2152 1767 2196 1824 Β

530 1873 777 1929 omnium
799 1876 896 1946 qui
944 1876 1194 1932 adultero
1223 1880 1593 1946 adhaeserunt,
1639 1888 1964 1951 partemque
1993 1895 2121 1936 cum

529 1965 780 2022 adultero
809 1980 1147 2039 posuerunt;
1201 1987 1382 2043 neque
1401 1972 1550 2028 enim
1583 1987 1614 2027 a
1648 1987 1707 2028 se
1752 1973 1991 2030 invicem
2030 1988 2124 2028 se-

524 2057 682 2128 juugi
709 2069 941 2130 possunt
965 2063 1059 2133 qui
1115 2063 1388 2130 fecerunt,
1446 2074 1504 2120 et
1536 2065 1632 2136 qui
1679 2065 1848 2122 simul
1903 2065 2122 2138 abrepti

529 2161 700 2218 sunt;
745 2154 1165 2226 haudquaquam
1205 2171 1329 2213 reos
1362 2173 1484 2213 esse
1522 2158 1737 2223 dicunt,
1767 2158 1865 2214 sed
1895 2158 2122 2228 dispen-

530 2253 740 2300 satores
773 2245 904 2314 Dei;
960 2249 1226 2304 mentitus
1261 2258 1345 2304 est
1375 2250 1469 2320 qui
1528 2265 1652 2305 reos
1703 2265 1827 2306 esse
1883 2263 2126 2320 pronun-

531 2335 735 2403 tiavit;
786 2338 951 2393 alieni
993 2349 1177 2394 autem
1226 2351 1357 2396 sunt
1414 2358 1444 2396 a
1501 2343 1598 2397 Dei
1651 2341 2126 2413 dispensatoribus

530 2427 707 2482 sancti
759 2444 979 2499 quoque
1029 2432 1180 2500 ipsi:
1232 2433 1502 2503 siquidem
1567 2434 1752 2489 nullus
1803 2441 2123 2488 sanctorum

533 2517 628 2572 Dei
660 2517 836 2590 legem
889 2530 1264 2593 transgressus
1286 2536 1391 2592 est,
1424 2539 1548 2589 nec,
1579 2525 1626 2580 si
1669 2525 2124 2596 transgrediatur,

531 2617 754 2664 sanctus
793 2609 898 2666 dici
969 2622 1172 2680 potest.
1237 2615 1331 2670 lsti
1379 2631 1513 2671 vero
1570 2616 1626 2670 in
1687 2615 2127 2688 transgressione

528 2701 727 2773 dogma
775 2703 1114 2773 inviolabile,
1153 2716 1415 2778 tanquam
1463 2708 1557 2764 Dei
1590 2709 2128 2781 legem,constitue-

531 2803 686 2858 runt,
715 2805 772 2850 et
807 2811 1002 2853 omnes
1026 2801 1119 2868 qui
1155 2801 1290 2870 ipsis
1319 2816 1381 2855 ea
1426 2802 1482 2856 in
1514 2818 1573 2858 re
1608 2819 1717 2859 non
1749 2803 2126 2865 consentiunt,

530 2882 1099 2940 anathematizarunt.
1155 2887 1272 2942 Non
1347 2891 1704 2947 consentiunt
1765 2891 2130 2963 proculdubio

529 2977 732 3043 sancti,
757 2978 850 3050 qui
879 2978 935 3033 in
984 2980 1125 3036 caelo
1147 2982 1352 3052 quique
1396 2984 1450 3038 in
1495 2995 1636 3040 terra
1661 2995 1811 3050 sunt,
1839 2986 2126 3041 adulterio.

2220 599 2316 653 καί
2351 597 2504 667 ὑπὲρ
2535 598 2736 668 ἄμμον
2772 599 3337 667 πληθυνᾶἠσονται.

2289 688 2424 742 Οὐδὲ
2451 688 2562 761 γάρ
2592 691 2790 762 μικρόν
2817 707 2872 744 τι
2897 692 2992 744 καὶ
3025 691 3289 746 λανθάνον
3319 691 3382 746 τὸ
3415 691 3804 762 ἀσεϐούμενον’

2219 772 2358 827 ἀλλά
2390 775 2483 828 καὶ
2516 775 2724 849 σφόδρα
2755 777 2900 846 μέγα
2948 795 3011 832 τε
3063 780 3162 834 καί⁸
3216 781 3496 852 προφανὲς
3535 783 3658 844 τοῖς
3687 780 3812 835 νοῦν

2219 865 2424 936 έχουσι.
2481 867 2593 939 Τὴν
2647 869 2964 941 οἰκονομίαν
3001 871 3263 942 Χριστοῦ,
3313 866 3360 927 ὦ
3399 871 3700 942 ἀγιὼτατε,
3749 873 3812 926 τὸ

2219 957 2345 1010 καθ’
2376 958 2607 1022 ἑαυτοὺς
2634 959 2964 1030 ἀνέτρεψαν,
2996 961 3098 1032 τὴν
3133 961 3449 1033 παράϐασιν
3501 962 3602 1017 τοῦ
3636 963 3814 1031 Εὐαγ-

2219 1049 2400 1118 γελίου
2455 1051 2515 1104 ὲν
2557 1052 2625 1122 τῆ
2679 1051 3032 1125 μοιχοζευξίᾳ
3081 1054 3175 1106 καὶ
3231 1054 3449 1126 μοιχείᾳ
3495 1055 3816 1125 οἰκονομίαν

2223 1143 2497 1212 σωτήριον
2542 1145 2611 1214 τῇ
2657 1143 2956 1216 Ἐκκλησία
2987 1143 3438 1216 δογματίσαντες,
3488 1148 3583 1202 ὑπ’
3615 1147 3813 1200 ἀναθέ-

2224 1247 2355 1301 ματι
2388 1229 2496 1284 τῶν
2528 1231 2603 1303 μὴ
2633 1231 2779 1286 οὕτω
2826 1234 3299 1306 προσδεχομένων.
3355 1238 3430 1292 Τὸ
3475 1237 3815 1308 [εὐαγγέλιον

2221 1324 2309 1378 διὰ
2360 1323 2570 1389 λύσεως
2619 1325 2720 1396 τῆς
2757 1328 2890 1396 μιᾶς
2921 1328 3145 1400 ἐντολῆς
3176 1329 3454 1395 διέλυσαν,
3501 1331 3605 1403 τὴν
3659 1331 3816 1385 λύσιν

2221 1417 2535 1487 οἰκονομίαν
2584 1416 2721 1471 Θεοῦ
2771 1419 3214 1490 ἀποφηνάμενοι.
3255 1421 3319 1475 Εἰ
3365 1423 3477 1493 γὰρ
3505 1423 3584 1488 ὡς
3607 1423 3814 1495 γέγρα-

2223 1523 2377 1560 πταιο
2411 1507 2626 1574 Ὅστις
2652 1506 2805 1562 ὅλον
2831 1509 2943 1562 τὸν
2982 1509 3176 1579 νόμον
3208 1509 3538 1579 πληρώσει,
3569 1511 3816 1566 πταίσει

2223 1599 2294 1653 δὲ
2328 1599 2400 1653 ἐν
2429 1598 2542 1663 ἐνὶ,
2584 1599 2795 1668 γέγονε
2832 1599 3078 1655 πάντων
3120 1603 3358 1670 ἔνοχος.
3418 1595 3582 1656 Οὗτοι
3631 1603 3692 1657 δὲ
3749 1603 3818 1656 τὸ

2171 1736 2182 1743 .
2225 1693 2496 1764 πταῖσμα,
2543 1691 2744 1762 μᾶλλον
2771 1692 2830 1747 δὲ
2864 1691 2936 1747 τὰ
2984 1693 3327 1766 πταίσματα,
3359 1695 3455 1750 τοῦ
3497 1713 3562 1750 τε
3620 1695 3817 1767 μοιχοῦ

2225 1787 2322 1840 καὶ
2358 1783 2452 1838 τοῦ
2483 1783 2893 1854 μοιχοζεύκτου,
2934 1783 3421 1858 μοιχοσυνδρόμων
3445 1804 3506 1840 τε
3548 1788 3647 1841 καὶ
3675 1787 3819 1842 ὅλων

2224 1880 2333 1935 τῶν
2369 1879 2508 1950 μετὰ
2545 1878 2736 1949 μοιχοῦ
2781 1877 2882 1951 τὴν
2937 1878 3132 1949 μερίδα
3163 1876 3441 1948 θεμένωνο
3477 1877 3540 1931 οὐ
3569 1876 3682 1949 γάρ
3701 1873 3820 1932 οἷόν

2224 1985 2284 2024 τε
2309 1968 2371 2034 ἐξ
2401 1967 2650 2039 ἀλλήλων
2678 1967 3020 2038 χωρισθῆναι
3048 1967 3180 2031 τοὺς
3207 1967 3546 2039 πράξαντας,
3568 1967 3666 2022 καὶ
3688 1968 3820 2030 τοὺς

2228 2060 2699 2132 συναπαχθένταςο
2739 2059 2840 2114 οὐκ
2887 2059 3112 2131 ἐνόχους
3132 2062 3318 2130 φασιν,
3348 2061 3468 2115 ἀλλ’
3493 2061 3818 2131 οἰκονόμους

2225 2150 2363 2207 Θεοῦ
2393 2168 2407 2183 ·
2473 2150 2736 2221 ἔψευσται
2791 2152 2821 2204 ό
2869 2151 3297 2222 ἀποφηνάμενος
3356 2149 3579 2221 ἐνόχους
3630 2145 3772 2203 εἶναι
3798 2165 3812 2178 '

2225 2243 2636 2316 άλλοτριοῦνται
2671 2243 2729 2297 δὲ
2759 2244 2853 2296 καὶ
2883 2245 2934 2298 οἱ
2967 2245 3111 2313 ἅγιοι
3158 2243 3268 2298 τῶν
3299 2243 3606 2314 οἰκονόμων
3656 2241 3812 2296 Θεοῦο

2226 2337 2308 2391 ὅτι
2336 2336 2513 2400 οὐδεὶς
2567 2338 2722 2406 ἅγιος
2765 2336 2858 2390 τὸν
2887 2335 2980 2391 τοῦ
3020 2335 3158 2390 Θεοῦ
3185 2337 3352 2408 νόμον
3397 2335 3814 2407 παραϐέϐηκεν,

2229 2429 2354 2484 οὐδὲ
2389 2428 2646 2500 παραϐὰς
2672 2428 2898 2484 δύναται
2936 2429 3225 2484 καλεῖσθαι
3257 2429 3518 2498 ἀγιος.οί
3543 2428 3602 2482 δὲ
3639 2427 3818 2499 δόγμα

2229 2524 2287 2576 ὲν
2319 2526 2386 2594 τῇ
2439 2522 2755 2593 παραϐάσει
2806 2522 3095 2593 ὲκθέμενοι
3133 2521 3492 2594 ἀπαράϐατον
3532 2521 3612 2585 ὡς
3652 2521 3818 2591 νόμον

2228 2615 2388 2678 Θεοῦ,
2423 2616 2520 2670 καὶ
2555 2616 2684 2679 τοὺς
2707 2613 2782 2686 μὴ
2809 2614 3270 2686 συναιρουμένους
3301 2615 3487 2677 αὐτοῖς
3516 2615 3582 2667 ὲν
3637 2613 3818 2684 τούτῳ

2227 2705 2736 2777 ἀναθεματίζοντες.
2793 2705 2870 2760 Οὐ
2916 2708 3244 2775 συνάρονται
3271 2705 3330 2758 δὲ
3373 2703 3620 2776 δηλονότι
3660 2706 3712 2758 οἰ
3755 2707 3816 2757 ὲν

2229 2799 2444 2873 οὐρανῷ
2475 2800 2574 2854 καὶ
2599 2799 2693 2852 ἐπὶ
2724 2798 2831 2868 γῆς
2857 2798 3005 2866 amo:
3037 2799 3106 2869 τῇ
3127 2797 3382 2869 μοιχείᾳ.
3431 2795 3674 2871 Φανερδν
3707 2795 3820 2866 ἀρα

2227 2895 2312 2948 ὅτι
2356 2896 2422 2965 τῇ
2469 2892 2621 2946 λύσει
2669 2891 2773 2963 τῆς
2820 2893 2950 2963 μιᾶς
2981 2891 3202 2961 ἐντολῆς
3236 2889 3334 2944 τοῦ
3360 2889 3725 2958 Εὑαγγελίου,
3750 2889 3816 2942 ού

2235 2983 2396 3054 μόνον
2455 2981 2576 3035 ὅλον
2630 2981 2692 3034 τδ
2740 2980 3076 3050 Εὑαγγέλιον
3131 2980 3462 3051 ἀνέτρεψαν,
3495 2979 3818 3051 ὁρισάμενοι

532 3066 714 3134 Quare
731 3072 1081 3142 perspicuum
1105 3084 1190 3129 est
1209 3089 1326 3140 eos,
1350 3076 1531 3132 soluto
1549 3077 1824 3146 Evangelii
1843 3093 1952 3133 uno
1973 3092 2126 3132 man-

2233 3075 2405 3146 αὐτὴν
2434 3075 2725 3137 συνοδικῶς
2757 3073 3070 3145 οἰκονομίαν
3101 3073 3369 3144 σωτήριον
3389 3075 3456 3144 τῇ
3493 3072 3817 3143 Ἐκκλησία.

533 3161 681 3227 dato,
716 3177 827 3218 non
860 3165 1035 3220 solum
1083 3165 1442 3239 Evangelium
1481 3177 1655 3224 totum
1703 3170 1992 3235 evertisse,
2042 3184 2132 3224 sa-

533 3255 768 3310 lutarem
823 3257 1086 3314 Ecclesia:
1125 3260 1597 3330 dispensationem
1635 3262 1778 3317 hanc
1804 3277 1928 3318 esse
1969 3278 2132 3335 syno-

531 3347 656 3403 dice
684 3347 1016 3416 deﬁniendo,
1068 3352 1378 3424 legemque,
1415 3353 1564 3423 quod
1614 3354 1669 3409 in
1711 3354 1844 3424 ipsis
1883 3355 2010 3422 fuit,
2043 3356 2131 3410 in-

535 3437 844 3493 violabilem
875 3441 1199 3504 sanciendo,
1230 3443 1284 3496 in
1318 3444 1468 3498 omni
1499 3445 1755 3500 mandato
1774 3445 1923 3516 quod
1960 3447 2134 3501 viole-

540 3539 651 3595 tur,
714 3531 1067 3588 violationem
1108 3535 1284 3605 ipsam
1342 3536 1813 3608 dispensationem
1887 3555 2032 3605 esse,
2065 3555 2132 3595 ac

2235 3167 2420 3232 θέντες
2442 3167 2608 3238 νόμον
2633 3165 3013 3237 ἀπαράϐατον,
3037 3166 3100 3220 τὸ
3119 3165 3497 3232 καθ’ὲαυτοὺς,
3518 3164 3613 3218 ἐπὶ
3634 3164 3820 3233 πάσης

2233 3263 2457 3334 ἐντολῆς
2502 3261 2990 3334 παραϐαινομένης
3035 3261 3352 3332 οἰκονομίαν
3406 3257 3659 3330 γίνεσθαι
3715 3258 3820 3328 τὴν

2232 3356 2439 3427 ταύτης
2470 3353 2812 3424 παράϐασιν,
2845 3352 2983 3425 ὁμοῦ
3014 3370 3074 3406 τε
3105 3337 3202 3407 καὶ
3237 3351 3606 3424 ὀνομάζεσθαι
3625 3367 3641 3384 ο
3679 3349 3823 3405 ἀλλά

2233 3446 2343 3516 γὰρ
2403 3445 2499 3500 καὶ
2552 3445 2681 3507 τοὺς
2732 3442 2924 3508 ἁγίους
2975 3444 3051 3513 μὴ
3088 3443 3511 3514 προσῖεμένους,
3565 3441 3650 3496 ὅτι
3682 3440 3822 3512 μηδὲ

2231 3538 2366 3600 Θεὸς
2396 3536 2518 3590 κατ⁹
2544 3534 2765 3600 αὐτοὺς,
2791 3533 3216 3606 ἀνεθεμάτισαν.

536 3625 894 3695 nuncupari:
929 3643 1121 3684 verum
1159 3631 1328 3686 etiam
1371 3641 1592 3690 sanctos
1626 3650 1738 3691 non
1803 3635 2236 3701 consentientes,
2299 3634 2558 3706 quoniam
2625 3647 2729 3688 nec
2770 3631 2913 3688 Deus
2955 3630 3251 3697 consentit,
3285 3645 3386 3686 suo
3427 3629 3640 3701 judicio
3695 3644 3824 3684 ana-

546 3723 956 3781 tbematizasse.

610 3814 691 3869 Ac
714 3813 937 3870 demum
966 3817 1098 3887 quid
1149 3819 1396 3890 pluribus
1425 3839 1563 3894 opus
1595 3833 1704 3888 est,
1746 3840 1870 3879 cum
1902 3825 2131 3896 epistola

536 3922 734 3978 capere
764 3924 874 3963 non
903 3912 1116 3980 possit?
1143 3913 1407 3970 Perversa
1435 3925 1491 3972 et
1516 3916 1635 3972 dira
1651 3918 1835 3986 opinio
1857 3917 1912 3972 in
1945 3917 2133 3976 Eccle-

533 4001 671 4056 siam
698 4011 936 4058 nostram
970 4005 1184 4062 invecta
1229 4017 1332 4064 est.
1377 4009 1611 4066 Haeresis
1641 4010 1746 4066 ista
1774 4009 2130 4067 Mmchianica

537 4109 646 4149 una
675 4110 800 4150 cum
825 4095 1103 4170 Evangelii
1133 4099 1526 4169 destructione,
1556 4109 1613 4157 et
1641 4117 1880 4158 canones
1913 4102 2132 4158 divinos

536 4199 638 4256 per
675 4185 820 4242 illius
859 4189 954 4258 qui
977 4189 1045 4245 ab
1072 4190 1154 4246 eis
1205 4191 1489 4262 depositus
1518 4192 1718 4260 fuerat,
1748 4193 2123 4249 adulterorum

537 4279 870 4349 copulatoris
891 4281 1290 4338 absolutionem
1328 4285 1594 4342 dissolvit.
1631 4287 1847 4342 Etenim
1879 4287 1924 4343 si
1954 4285 2126 4340 Evan-

2303 3824 2415 3880 Καὶ
2446 3821 2636 3888 ἁπλῶς
2658 3823 2714 3877 τί
2745 3820 2921 3876 πολλά
2969 3819 3172 3891 λέγειν,
3210 3819 3285 3892 μὴ
3323 3819 3682 3892 ὲγχωρούσης
3721 3821 3823 3888 τῆς

2231 3917 2518 3988 ἐπιστολῆς
2543 3915 2792 3988 δέχεσθαι
2815 3935 2830 3983 ;
2856 3915 3082 3986 Χαλεπὴ
3123 3913 3416 3978 κακοδοξία
3448 3911 3820 3983 ὲδογματίσθη

2232 4016 2291 4069 ὲν
2339 4016 2408 4085 τῇ
2464 4009 2585 4066 καθ’
2617 4013 2766 4082 ἡμᾶς
2809 4009 3130 4080 Ἐκκλησία.
3161 4005 3310 4078 Αὕτη
3365 4008 3400 4077 ὴ
3460 4004 3820 4076 Μοιχειανικῆ

2233 4107 2444 4178 αἵρεσις
2479 4105 2597 4175 ἅμα
2626 4105 2695 4175 τῇ
2726 4103 3009 4173 ἀνατροπῇ
3047 4099 3144 4153 τοῦ
3181 4095 3538 4168 Εὑαγγελίου,
3565 4097 3663 4150 καὶ
3692 4097 3820 4158 τοὺς

2229 4197 2408 4257 θείους
2465 4194 2697 4258 κανόνας
2744 4192 2833 4248 διὰ
2881 4191 2983 4259 τῆς
3013 4189 3319 4253 ἀθωώσεως
3348 4187 3442 4242 τοῦ
3471 4189 3604 4256 παρ’
3637 4186 3820 4240 αὐτῶν

2228 4290 2615 4364 καθῃρημένου
2673 4287 3061 4360 μοιχοζεύκτου
3118 4283 3441 4339 διαλύσασα.
3477 4283 3541 4336 Εἰ
3596 4283 3706 4353 γὰρ
3759 4279 3821 4334 τὸ

535 4371 736 4442 gelium
760 4373 1136 4444 neglexerunt,
1175 4377 1411 4432 otiosum
1461 4377 1568 4432 illis
1597 4377 1792 4433 fuisset
1833 4379 1902 4434 de
1957 4377 2126 4434 sacris

2230 4384 2564 4453 Εὐαγγέλιον
2595 4381 2889 4452 ἠθέτησαν,
2929 4377 3094 4448 σχολὴ
3143 4377 3327 4438 αὐτοῖς
3358 4376 3486 4447 περί
3515 4374 3628 4428 τῶν
3653 4371 3820 4444 ἰερῶν

535 4463 840 4518 eanonibus
875 4479 996 4520 esse
1057 4465 1344 4523 sollicitos.
1405 4465 1532 4523 Haec
1566 4467 1731 4539 igitur
1775 4484 1897 4524 cum
1926 4468 2128 4523 saluta-

539 4554 686 4608 tione
711 4556 1022 4625 paternitati
1070 4567 1179 4612 tuae
1207 4573 1497 4630 suggerere
1537 4559 1906 4616 necessarium
1935 4558 2126 4615 existi-

534 4649 701 4713 mavi,
733 4659 793 4704 ut
823 4650 1074 4706 haeresim
1105 4665 1226 4706 esse
1260 4651 1592 4724 intelligens,
1645 4653 1894 4708 haresim
1929 4651 2124 4722 fugiat,

533 4745 651 4800 sive
682 4747 991 4814 haereticos,
1025 4747 1099 4802 ita
1122 4757 1182 4802 ut
1208 4763 1310 4804 nec
1337 4763 1460 4804 cum
1489 4750 1570 4803 eis
1603 4749 1994 4815 communicet,
2021 4762 2126 4802 nec

535 4853 633 4893 eos
663 4839 718 4893 in
748 4839 934 4894 divina
974 4841 1190 4912 litnrgia
1233 4851 1626 4897 commemoret
1680 4842 1736 4896 in
1777 4842 2122 4913 religiosissi-

534 4945 626 4984 mo
673 4934 1006 4989 monasterio
1039 4950 1140 5009 suo
1193 4953 1208 4988 :
1265 4935 1522 5006 quoniam
1597 4934 1844 5006 iungentes
1901 4935 2124 4990 minaaa

534 5022 738 5076 sanctis
793 5021 1128 5080 denuntiata:
1178 5035 1304 5080 sunt
1340 5025 1406 5080 iis
1453 5026 1702 5096 quicum
1765 5041 1828 5080 ea
1885 5026 1971 5080 vel
2001 5025 2124 5081 cibo

533 5125 700 5172 ‘tenns
743 5120 1090 5190 participant.
1149 5122 1305 5187 Quod
1337 5122 1382 5176 si
1431 5132 1644 5192 quzerat
1695 5122 1954 5178 sanctitas
2006 5131 2120 5186 tua,

533 5209 662 5280 quid
691 5225 871 5266 causa:
900 5213 988 5276 sit,
1014 5228 1114 5267 cur
1145 5213 1264 5268 hac
1303 5215 1403 5284 ipsi
1430 5223 1556 5269 ante
1608 5214 1981 5285 captivitatem
2011 5228 2122 5269 non

532 5301 854 5368 dixerimus,
885 5304 980 5359 sed
1003 5312 1057 5358 et
1081 5303 1503 5377 Byzantinornm
1544 5305 2120 5360 commemorationem

531 5393 998 5464 ipsivfecerimus;
1048 5399 1158 5453 hoc
1186 5399 1408 5466 habeto,
1460 5399 1730 5470 synodum
1769 5414 1834 5453 eo
1873 5407 2120 5466 tempore

529 5487 776 5542 nondum
825 5499 1070 5544 coactam
1104 5491 1293 5555 fuisse,
1341 5507 1444 5547 nec
1497 5491 1896 5561 promulgatum
1939 5489 2120 5544 adhuc

528 5593 762 5649 pravum
790 5579 987 5654 dogma
1035 5591 1091 5638 et
1137 5584 1448 5640 anathema.
1494 5583 1560 5639 Et
1590 5593 1717 5638 ante
1770 5583 1887 5637 haec
1938 5589 2118 5637 tutum

605 5747 649 5779 ”
681 5746 822 5804 Psal.
864 5764 1125 5818 cxxxvni,
1160 5751 1244 5806 l8.
1327 5751 1370 5782 ⁸ο
1397 5748 1512 5804 Jac.
1547 5761 1608 5814 ll,
1645 5746 1731 5801 lO.

2230 4475 2476 4529 κανόνων
2503 4473 2831 4543 φροντίζειν.
2867 4468 3054 4523 Ταῦτα
3077 4465 3174 4522 οὖν
3210 4468 3307 4522 σὺν
3333 4471 3398 4538 τῇ
3449 4466 3817 4538 προσηγορία,

2229 4567 2525 4635 ἀναγκαῖον
2563 4565 2792 4634 ἐνόμισα
2835 4561 3149 4633 ὑπομνῆσαι
3172 4560 3274 4632 τὴν
3301 4558 3666 4630 πατρωσύνην
3695 4573 3815 4611 σου’

2228 4661 2376 4724 ὅπως
2427 4659 2598 4712 εἰδυῖα
2649 4659 2730 4712 ὃτι
2765 4656 2999 4727 αἵρεσις,
3026 4653 3205 4725 φεύγῃ
3235 4652 3335 4724 τὴν
3377 4653 3613 4724 αἰρεσιν,
3644 4651 3820 4721 ῆγουν

2224 4737 2352 4815 τοὺς
2405 4749 2737 4821 αἰρετικοθςο
2770 4748 2864 4802 τοῦ
2901 4749 3036 4820 μήτε
3083 4747 3362 4799 κοινωνεῖν
3397 4745 3604 4806 αὐτοῖς,
3669 4743 3820 4814 μήτε

2227 4843 2520 4913 ἀναφέρειν
2565 4843 2626 4896 ἐν
2676 4842 2743 4912 τῇ
2803 4838 3151 4910 εὐαγεστάτῃ
3181 4837 3354 4906 αὐτῆς
3403 4837 3540 4906 μονῇ
3585 4835 3680 4887 ἐπὶ
3713 4835 3820 4902 τῆς

2225 4937 2375 4998 θείας
2423 4935 2767 5005 λειτουργίας
2799 4948 2812 4962 ·
2867 4933 2950 4986 ὅτι
3007 4931 3264 5002 μέγισται
3318 4929 3541 4982 ἀπειλαὶ
3599 4929 3818 4980 κεῖνται

2229 5028 2380 5099 παρὰ
2413 5027 2521 5079 τῶν
2555 5027 2727 5094 ἁγίων
2759 5022 3160 5095 ὲκφωνηθεῖσαι
3189 5023 3303 5086 τοῖς
3346 5019 3820 5088 συγκαταϐαίνω-

2229 5137 2314 5172 σιν
2340 5119 2476 5190 αὐτῇ
2513 5118 2675 5190 μέχρι
2705 5119 2800 5171 καὶ
2829 5116 3150 5178 ἑστιάσεως.
3181 5114 3245 5167 Εἰ
3273 5113 3330 5167 δὲ
3367 5113 3504 5184 λέγῃ
3534 5114 3566 5182 ἡ
3593 5111 3820 5180 ὁσιότης

2228 5228 2344 5276 σου,
2369 5211 2485 5274 πῶς
2519 5210 2655 5282 αὐτῇ
2683 5209 2789 5280 πρὸ
2810 5209 2909 5280 τῆς
2935 5206 3229 5278 λεηλασίας
3250 5204 3410 5258 τοῦτο
3433 5205 3535 5257 οὐκ
3557 5204 3817 5272 εἴπομεν,

2229 5301 2343 5356 ἀλλ’
2372 5303 2453 5355 ὅτι
2483 5302 2576 5355 καὶ
2610 5302 2770 5372 ἡμεῖς
2803 5297 3252 5370 ὲμνημονεύομεν
3279 5297 3386 5350 τῶν
3416 5299 3476 5349 ἐν
3503 5299 3568 5366 τῇ
3605 5295 3823 5360 Βυζαν-

2225 5395 2352 5450 τίδι·
2388 5395 2562 5448 έκεῖνο
2606 5392 2942 5462 γινωσκέτωο
2991 5392 3072 5446 ὄτι
3123 5389 3277 5444 οῦπω
3323 5387 3537 5451 σύνοδος
3570 5383 3660 5458 ἦν,
3690 5387 3822 5442 οὐδὲ

2228 5485 2542 5557 ἐκφωνητδν
2570 5486 2782 5558 ὑπῆρχε
2822 5484 2885 5538 τὸ
2918 5483 3156 5555 πονηρὸν
3183 5483 3362 5553 δόγμα
3410 5483 3505 5535 καὶ
3537 5479 3818 5551 ἀνάθεμα.

2227 5577 2340 5632 Καὶ
2407 5577 2512 5654 πρὸ
2568 5575 2771 5632 τούτων
2821 5576 2919 5630 οὐκ
2957 5569 3024 5646 ἦν
3074 5573 3314 5646 ἀσφαλὲς
3342 5571 3649 5644 ἀποστῆναι
3702 5571 3823 5625 τῶν
