4044 6366
251 327 398 396 1049

1457 326 1999 388 EPISTOLARUM
2053 327 2201 390 LIB.
2233 326 2282 386 1.

3383 325 3528 394 1050

250 438 716 514 παρανομούντων
761 437 1008 504 τελείως,
1047 440 1080 511 ἢ
1127 439 1190 494 τὸ
1237 438 1461 510 φεύγειν
1518 444 1682 514 μόνον
1731 448 1831 512 τήν

1952 459 2043 498 non
2064 453 2184 498 erat
2198 442 2480 500 discedere
2511 440 2733 512 penitus
2755 456 2787 496 a
2806 440 3313 513 prevaricantibus,
3330 445 3416 500 vel
3444 461 3531 502 so-

254 534 509 606 προφανῆ
567 531 854 587 κοινωνίαν
889 531 1094 599 αὐτῶν,
1121 532 1405 604 οἰκονομίᾳ
1445 533 1505 587 δὲ
1545 534 1836 606 πρεπούσῃ

253 625 548 698 ἀναφέρειν
571 623 676 690 ἕως
701 622 918 694 καιροῦ.

340 717 496 772 Ἐπεὶ
521 716 580 771 δὲ
617 714 840 786 ἐξῆλθεν
864 715 946 779 είς
971 713 1249 787 προῦπτον
1275 718 1310 788 ή
1332 716 1588 789 αἱρετική
1613 717 1839 773 ἀσέϐεια

253 809 344 863 διὰ
390 807 609 862 συνόδου
647 807 728 872 είς
760 806 1092 876 τούμφανὲς,
1141 807 1224 859 δεῖ
1260 807 1386 878 ἄρτι
1433 808 1531 862 καὶ
1575 807 1676 880 τήν
1739 809 1838 879 σὴν

254 901 546 956 εὐλάϐειαν
611 899 709 954 σὺν
769 901 939 953 πᾶσιν
997 898 1302 968 ὀρθοδόξοις
1361 901 1839 973 παρρησιάζεσθαι

252 993 347 1047 διὰ
370 993 465 1047 τοῦ
497 993 574 1064 μὴ
597 993 877 1046 κοινωνεῖν
898 992 1013 1054 τοῖς
1034 991 1373 1059 κακοδόξοις,
1389 993 1528 1064 μηδὲ
1544 994 1842 1065 ἀναφέρειν

251 1085 376 1139 τινὰ
429 1083 539 1139 τῶν
581 1085 640 1138 έν
680 1086 746 1155 τῇ
819 1082 1184 1154 μοιχοσυνόδῳ
1237 1083 1651 1158 εύρεθέντων,ἢ
1709 1087 1842 1156 όμο-

253 1175 602 1248 φρονούντων
632 1175 795 1246 αύτῇ.
827 1175 1003 1244 Καίγε
1033 1174 1265 1243 δίκαιον,
1293 1175 1408 1230 ὄσιε
1451 1177 1655 1249 Πάτερ,
1700 1177 1842 1231 κατά

254 1270 436 1322 πάντα
488 1285 550 1321 σε
586 1266 718 1320 ὅντα
745 1265 1084 1338 φερωνύμως
1131 1265 1411 1336 Θεόφιλον,
1447 1266 1624 1338 φιλεῖν
1661 1269 1754 1322 καὶ
1785 1269 1844 1322 ἑν

251 1359 432 1430 τούτῳ
457 1359 553 1412 τὸν
575 1357 730 1414 Θεόν.
749 1357 1008 1428 Ἐχθροὺς
1032 1357 1138 1427 γάρ
1173 1357 1308 1410 Θεοῦ
1347 1359 1376 1411 6
1432 1359 1842 1431 Χρυσόστομος,

253 1451 321 1504 οὑ
345 1449 506 1520 μόνον
533 1449 660 1512 τοὺς
689 1447 1026 1519 αίρετικοὺς,
1065 1447 1204 1502 ἀλλὰ
1235 1447 1335 1502 καὶ
1375 1450 1502 1513 τοὺς
1525 1452 1638 1514 τοῖς
1671 1450 1846 1504 τοιούο

253 1557 370 1603 τοις
397 1537 825 1606 κοινωνοῦντας,
854 1537 1094 1611 ’μεγάλῃ
1121 1540 1217 1593 καὶ
1253 1539 1420 1612 πολλῇ
1449 1543 1516 1613 τῇ
1545 1545 1695 1614 φωνῇ
1741 1545 1848 1598 άπ-

257 1633 523 1705 εφήνατο.
559 1632 672 1687 Καὶ
698 1632 796 1686 εὰν
826 1631 861 1704 ή
896 1630 964 1704 σὴ
992 1631 1291 1704 στερῤότης
1317 1633 1419 1707 οὑκ
1454 1633 1846 1705 άσφαλίσηται,

254 1727 341 1790 τίς
378 1725 564 1780 λοιπὸν
605 1723 946 1796 σωθήσεται;
996 1725 1094 1778 καὶ
1139 1723 1236 1778 ὲάν
1263 1724 1292 1777 6
1322 1727 1848 1796 παρρησιασάμενος

253 1815 488 1888 δυνάμει
535 1815 694 1882 Θεοῦ,
749 1814 826 1880 ὡς
877 1815 1056 1884 ἅγιος,
1112 1816 1255 1886 πλὴν
1301 1815 1517 1881 τελείας
1551 1816 1842 1890 αἱρέσεως,

254 1907 385 1981 ἄρτι
426 1907 568 1979 μετὰ
615 1907 717 1979 τὴν
763 1908 980 1979 αἵρεσιν
1011 1907 1402 1974 ὑποστείληται
1431 1924 1452 1962 '.
1502 1907 1616 1972 πῶς
1655 1908 1845 1982 ἔτερος

255 1999 524 2071 τολμήσει
550 1997 786 2070 γρύξαις
817 1999 912 2053 καὶ
944 1998 1042 2052 ἐὰν
1067 1998 1129 2053 τὸ
1169 1997 1457 2072 μοναδικόν
1505 1997 1696 2070 τάγμα
1743 2000 1846 2072 οὑχ

256 2091 542 2162 ήγήσηται
585 2091 767 2146 πάντα
821 2090 1106 2146 σκύϐαλα⁹
1144 2090 1484 2162 μοναστήρια
1533 2089 1698 2160 λέγω.
1749 2092 1847 2147 καὶ

258 2182 442 2235 πάντα
492 2180 561 2234 τὰ
608 2181 740 2252 περὶ
787 2181 929 2235 αὑτά
960 2197 974 2211 ο
1029 2181 1149 2243 πῶς
1201 2179 1391 2244 λαῖκδς
1437 2181 1845 2254 καταφρονήσει

258 2276 543 2342 γυναικὸς,
573 2275 804 2344 τέκνων,
839 2274 933 2328 καὶ
957 2273 1067 2329 τῶν
1089 2273 1270 2330 ἄλλων
1296 2288 1312 2339 ;

334 2457 426 2510 Διὸ
468 2457 876 2528 ὑπομιμνήσκω
896 2498 913 2525 ,
945 2457 1022 2521 ὡς
1050 2457 1335 2528 ἐλάχιστος
1359 2458 1586 2530 ἀδελφὸς
1624 2461 1718 2514 καὶ
1753 2460 1846 2515 τέ-

261 2567 415 2616 κνον,
450 2550 528 2621 μὴ
557 2551 895 2620 σιγήσωμεν,
921 2549 1010 2602 ἶνα
1045 2550 1120 2622 μὴ
1149 2552 1368 2623 κραυγὴ
1398 2553 1648 2624 Σοδόμων
1673 2553 1846 2623 γενώ-

264 2642 410 2712 μεθα
430 2659 444 2673 ·
485 2641 562 2713 μὴ
585 2639 905 2712 φεισώμεθα
931 2640 1041 2694 τῶν
1073 2642 1246 2707 κάτω,
1270 2643 1357 2698 ἵνα
1387 2643 1461 2714 μὴ
1489 2643 1847 2716 ἀπολέσωμεν

260 2737 336 2789 τά
386 2735 532 2789 άνω·
589 2734 665 2805 μὴ
707 2733 894 2804 θῶμεν
944 2733 1241 2788 σκάνδαλον
1280 2736 1347 2806 τῇ
1403 2735 1704 2807 Ἐκκλησία
1753 2735 1846 2790 τοῦ

261 2823 427 2894 Θεοῦ,
450 2827 574 2898 ήτις
607 2825 725 2879 ἐστὶ
765 2825 864 2879 καὶ
900 2826 958 2880 ὲν
1003 2827 1184 2896 τρισὶν
1222 2825 1526 2898 όρθοδόξοις
1552 2828 1846 2900 ὁριζομένη

264 2917 414 2970 κατὰ
454 2915 580 2980 τοὺς
619 2915 811 2986 ἁγίους
830 2931 845 2946 ·
874 2915 965 2970 ῖνα
994 2917 1071 2988 μὴ
1097 2919 1163 2986 τῇ
1195 2919 1472 2986 ἀποφάσει
1512 2918 1610 2972 τοῦ
1641 2920 1847 2991 Κυρίου

265 3007 784 3079 καταδικασθῶμεν.
815 3007 930 3062 Kal.
969 3008 1032 3062 ού
1081 3008 1148 3062 δι’
1195 3009 1386 3064 ἑαυτὸν
1432 3011 1611 3067 ταῦτά
1653 3013 1848 3084 φημιό

1875 1776 1924 1836 Β

1936 534 2211 590 lummodo
2227 541 2473 604 apertam
2490 533 2704 588 illorum
2725 534 3165 590 communionem
3183 533 3451 607 refugere.
3472 545 3530 592 et

1937 626 2257 698 congruenti
2287 625 2693 695 dispensatione
2727 626 2794 680 ad
2823 634 3038 697 tempus
3073 641 3527 682 commemorare.

2010 719 2082 773 At
2135 727 2424 789 postquam
2483 717 2732 788 impietas
2791 717 3044 774 haeretica
3097 733 3198 789 per
3251 717 3530 789 Synodum

1939 813 1995 868 in
2047 821 2297 884 apertum
2342 828 2491 868 nunc
2537 813 2753 882 erupit,
2802 812 3119 884 religionem
3169 819 3317 867 tuam
3368 827 3532 882 opor-

1938 913 2038 970 tet,
2077 919 2185 960 una
2226 920 2353 960 cum
2376 903 2590 960 caeteris
2635 905 2974 970 orthodoxis,
3006 903 3178 960 libere
3208 918 3393 975 agere,
3419 896 3525 960 ιιεέ

1945 995 2407 1052 communicando
2436 1010 2561 1051 cum
2611 995 2903 1059 haereticis,
2960 997 3095 1051 nec"
3113 981 3278 1050 ullius
3325 1010 3529 1051 nomen

1942 1087 2421 1145 commemorando
2455 1102 2522 1142 ex
2575 1086 2662 1152 iis,
2693 1086 2784 1156 qui
2841 1085 3268 1157 mmcbosynodo
3326 1086 3525 1142 adfue-

1943 1188 2092 1245 runt,
2120 1187 2215 1235 aut
2238 1179 2332 1250 qui
2363 1180 2504 1234 idem
2530 1193 2656 1235 cum
2682 1193 2746 1234 ea
2765 1179 3032 1234 sentiunt.
3066 1177 3132 1233 Et
3154 1195 3373 1249 aequum
3395 1194 3531 1236 sane

1944 1280 2048 1338 est,
2082 1271 2246 1326 Pater
2283 1281 2493 1337 sancte,
2522 1282 2584 1327 ut
2627 1271 2720 1341 qui
2773 1271 2826 1326 in
2862 1271 3139 1336 omnibus,
3172 1287 3271 1340 pro
3319 1271 3532 1328 ratione

1944 1363 2186 1418 nominis
2230 1362 2333 1430 tui,
2392 1361 2732 1434 Theophilus
2761 1379 2841 1426 es,
2889 1361 2993 1418 hac
3041 1363 3210 1418 etiam
3265 1363 3323 1418 in
3376 1372 3532 1434 parte

1948 1455 2118 1511 Deum
2145 1470 2312 1510 ames.
2345 1453 2600 1510 Inimicos
2628 1455 2776 1510 enim
2801 1453 2898 1510 Dei
2942 1455 3388 1528 Chrysostomus,
3416 1470 3528 1511 non

1950 1547 2240 1603 haereticos
2296 1547 2496 1612 solum,
2540 1548 2637 1602 sed
2687 1562 2881 1604 omnes
2929 1548 3093 1603 etiam
3133 1547 3383 1624 quicum
3425 1547 3531 1602 illis

1949 1639 2377 1702 communicant,
2413 1653 2609 1710 magna
2657 1648 2716 1695 et
2751 1639 2897 1694 clara
2944 1654 3080 1695 voce
3127 1638 3528 1710 pronuntiavit.

1951 1727 2108 1794 Quod
2147 1726 2254 1782 nisi
2273 1727 2581 1782 constantia
2609 1734 2701 1782 tua
2737 1727 2946 1782 stabilis
2971 1736 3313 1798 permaneat,
3343 1726 3533 1798 ecquis

1951 1821 2175 1876 demum
2225 1819 2561 1874 salvabitur?
2606 1828 2681 1886 et,
2728 1818 2776 1874 si
2805 1819 2853 1874 is
2907 1819 3001 1890 qui
3056 1819 3150 1874 Dei
3207 1819 3433 1884 virtute,
3473 1827 3534 1874 ut

1945 1921 2188 1976 sanctus,
2225 1909 2475 1965 fiduciam
2510 1925 2624 1980 prae
2653 1923 2716 1965 se
2745 1909 2872 1964 tulit
2920 1917 3048 1964 ante
3091 1909 3311 1979 plenam
3354 1909 3532 1964 hare-

1947 1999 2071 2064 sim,
2101 2012 2252 2053 nunc
2276 2006 2405 2068 post
2447 1997 2703 2054 haeresim
2744 1997 3016 2068 ignaviter
3058 2011 3119 2052 se
3163 2007 3356 2069 gerat;
3397 2011 3536 2067 quo-

1945 2090 2109 2146 modo
2139 2087 2280 2144 aliu's
2310 2089 2524 2145 hiscere
2555 2089 2820 2145 audebit?
2847 2099 2901 2144 et
2937 2088 3046 2144 nisi
3097 2089 3235 2144 ordo
3267 2088 3536 2145 monasti-

1945 2197 2044 2239 cus
2067 2181 2253 2237 omnia
2275 2181 2575 2236 arbitretur
2608 2191 2672 2236 ut
2695 2189 2973 2244 stercora;
3006 2181 3344 2236 monasteria
3381 2180 3529 2250 dico,

1945 2282 2002 2328 ει
2019 2280 2219 2327 cuncta
2243 2286 2365 2342 quae
2391 2270 2445 2324 in
2471 2269 2552 2326 eis
2579 2279 2709 2326 sunt
2734 2287 2749 2337 ;
2779 2271 3054 2340 quomodo
3076 2271 3246 2327 laicus
3278 2286 3532 2340 uxorem,

1946 2365 2169 2429 liberos,
2192 2373 2250 2418 et
2270 2371 2468 2418 caetera
2503 2363 2866 2418 contemnet?

2015 2454 2382 2522 Quamobrem
2423 2453 2712 2518 admoneo,
2756 2462 2818 2509 ut
2864 2455 3127 2512 minimus
3157 2454 3326 2512 frater
3363 2472 3430 2512 ac
3465 2455 3530 2511 fi-

1947 2547 2091 2614 lius,
2153 2560 2497 2616 nequaquam
2553 2545 2832 2610 sileamus,
2865 2561 2936 2600 ne
2990 2546 3197 2601 clamor
3249 2546 3531 2602 Sodomo-

1949 2656 2071 2695 rum
2109 2639 2326 2705 simus;
2365 2653 2710 2708 nequaquam
2777 2637 3012 2692 terrenis
3068 2653 3394 2708 parcamus,
3462 2654 3532 2693 ne

1949 2727 2192 2784 caelestia
2250 2727 2612 2795 amittamus;
2677 2741 3020 2798 nequaquam
3075 2728 3394 2783 scandalum
3432 2729 3532 2784 de-

1948 2835 2073 2876 mus
2133 2818 2392 2876 Ecclesia:
2447 2817 2581 2885 Dei,
2657 2833 2820 2888 quam
2898 2817 2984 2873 vel
3038 2826 3150 2873 tres
3201 2818 3528 2884 orthodoxi,

1949 2921 2265 2970 sanctorum
2295 2909 2586 2978 sententia,
2619 2900 2999 2976 constituunt,
3044 2925 3117 2966 ne
3165 2910 3379 2965 Domini
3431 2911 3530 2966 de-

1952 3014 2103 3062 creto
2146 3003 2598 3059 condemnemur.
2632 3002 2822 3073 Neque
2875 3003 2992 3058 haec
3042 3018 3149 3074 ego
3200 3003 3366 3059 miser
3411 3019 3534 3059 mea

263 3100 474 3162 τάλαςο
518 3099 645 3170 siml.
672 3099 817 3171 γὰρ,
867 3101 916 3153 εί
956 3100 1053 3154 καὶ
1097 3101 1370 3174 τολμηρὸν
1413 3104 1608 3171 εἰπεῖν,
1643 3105 1739 3157 καὶ
1794 3105 1850 3158 τὸ

1955 3110 2117 3150 causa
2141 3093 2264 3150 dico
2293 3110 2307 3148 :
2333 3093 2468 3148 mihi
2495 3092 2666 3156 enim,
2695 3092 2910 3148 tametsi
2959 3093 3137 3147 audax
3185 3093 3394 3149 dictum
3424 3105 3533 3161 est,

265 3190 567 3249 ἀποθανεῖν
617 3190 758 3262 ὑπὲρ
785 3192 886 3262 τῆς
925 3190 1186 3264 ἀληθείας
1227 3193 1417 3264 κέρδος
1448 3196 1544 3248 καὶ
1577 3196 1722 3266 χαρά
1761 3197 1856 3250 καὶ

267 3285 411 3356 ζωή.
467 3283 602 3353 Εῐγε
655 3281 1040 3356 δυναμωθείην
1099 3286 1222 3350 ταῖς
1282 3287 1455 3358 ῑεραῖς
1526 3289 1856 3360 προσευχαῖς

269 3376 465 3450 ὑμῶν·
504 3375 646 3430 ἀλλὰ
688 3375 779 3430 διὰ
824 3375 924 3447 τὴν
963 3378 1022 3430 ὲν
1055 3379 1191 3449 ήμῖν
1228 3379 1451 3451 ἀγάπην
1492 3381 1729 3452 ἀρχαίαν
1763 3382 1857 3436 καὶ

271 3467 683 3540 πνευματικήν,
719 3467 901 3521 καὶτὸ
931 3471 1086 3541 κοινῇ
1115 3471 1418 3544 συμφέρον.
1447 3471 1513 3527 El
1544 3473 1652 3544 γὰρ
1674 3475 1703 3527 ό
1729 3473 1858 3538 Υἱὸς

269 3560 371 3616 τοῦ
413 3559 552 3614 Θεοῦ
594 3562 626 3615 ό
652 3560 859 3632 Κύριος
907 3561 1004 3614 καὶ
1050 3562 1326 3630 Δεσπότης
1363 3564 1621 3620 ἁπάντων
1663 3567 1857 3622 ἑαυτὸν

271 3653 581 3724 ἀνήνεγκεν
608 3651 753 3723 ὑπὲρ
783 3650 1004 3705 πάντων
1025 3651 1106 3724 τῷ
1144 3652 1263 3725 Θεῷ
1293 3655 1390 3708 καὶ
1416 3656 1593 3729 Πατρῖ
1624 3656 1816 3713 Θυσίαν
1837 3674 1852 3690 ·

271 3745 327 3799 τί
357 3743 652 3814 ὀφείλομεν
684 3744 846 3815 ἡμεῖς
872 3784 887 3809 ,
936 3744 1032 3798 καὶ
1079 3743 1247 3797 πόσον
1275 3745 1336 3798 ού
1370 3747 1755 3818 χρεωστοῦμεν
1787 3748 1857 3803 δι’

271 3839 445 3894 αὑτὸν
474 3836 668 3891 παθεῖν
696 3836 794 3891 καὶ
823 3837 1154 3908 ὑπομεῖναι;
1187 3839 1296 3892 Καί
1332 3856 1394 3908 γε
1436 3840 1488 3893 οί
1530 3840 1858 3911 μονάζοντες

273 3932 373 3985 καὶ
403 3933 471 4001 τῇ
501 3931 750 4002 ἀποταγῇ
777 3929 1184 4002 σταυρωθέντες
1202 3947 1216 3963 ο
1237 3931 1290 3985 οἵ
1314 3949 1379 4001 γε
1407 3932 1621 4002 ἀληθῶς
1643 3937 1735 3987 καὶ
1757 3935 1858 3990 οὐκ

273 4024 557 4094 ἀνονήτως
603 4023 1008 4093 ἀποταξάμενοι
1030 4039 1045 4054 ο
1096 4024 1224 4078 ἐπεὶ
1255 4024 1334 4098 μὴ
1363 4025 1474 4080 ἀπὸ
1513 4025 1609 4080 τοῦ
1655 4026 1857 4094 ἔξωθεν

275 4117 560 4187 σχήματος
594 4114 754 4186 μόνον
786 4114 902 4169 ἐστι
936 4116 1147 4188 κρίνειν
1192 4118 1262 4172 τά
1291 4117 1627 4190 πράγματα·
1670 4121 1858 4176 πολλοὶ

271 4210 387 4281 γὰρ
413 4209 463 4262 oi
489 4210 810 4279 προσωπεῖα
841 4209 1224 4281 ὑποδυόμενοι,
1275 4212 1370 4264 καὶ
1397 4211 1499 4266 οὐκ
1526 4211 1682 4277 ὄντες
1717 4214 1857 4286 ὅπερ

272 4299 562 4372 φαίνονται
582 4317 598 4332 ο
626 4299 742 4353 ἀλλ’
767 4302 833 4354 ὲκ
861 4299 970 4354 τῶν
996 4300 1176 4372 ἔργων
1205 4301 1447 4374 δηλονότι
1475 4302 1546 4357 τὰ
1575 4305 1852 4376 σχήματα.

272 4393 340 4451 Εἰ
367 4391 465 4448 οὖν
495 4395 722 4464 μοναχοί
749 4393 858 4448 είσί
886 4411 1032 4458 τινες
1062 4397 1122 4450 έν
1144 4397 1261 4460 τοῖς
1288 4395 1384 4451 νῦν
1410 4399 1644 4470 καιροῖς,
1677 4397 1855 4464 δειξά-

1956 3188 2043 3244 vel
2077 3186 2218 3242 mori
2243 3201 2343 3258 pro
2380 3185 2608 3242 veritate
2649 3185 2884 3250 lucrum,
2913 3184 3194 3255 gaudium
3225 3194 3282 3241 et
3329 3186 3461 3252 vita,
3487 3186 3535 3242 si

1953 3279 2118 3335 modo
2155 3278 2324 3335 sacris
2347 3277 2603 3348 precibus
2632 3277 2828 3334 vestris
2851 3279 3144 3332 contirmer
3163 3295 3177 3344 ;
3197 3277 3290 3332 sed
3309 3286 3535 3348 prepter

1953 3382 2197 3428 veterem
2227 3371 2371 3426 inter
2400 3385 2500 3426 nos
2547 3369 2886 3440 spiritualem
2938 3369 3308 3434 dilectionem,
3349 3379 3405 3424 et
3439 3384 3537 3440 pro

1953 3461 2233 3519 communi
2286 3461 2536 3516 utilitate.
2566 3458 2784 3514 Etenim
2831 3460 2876 3514 si
2916 3458 3012 3514 Dei
3061 3457 3230 3513 Filius
3269 3459 3538 3516 Dominus

1955 3569 2020 3610 ac
2039 3553 2348 3609 dominator
2375 3553 2758 3608 universorum
2788 3552 3029 3622 seipsum
3057 3551 3258 3606 obtulit
3277 3567 3380 3622 pro
3412 3568 3533 3606 om-

1953 3643 2116 3698 nibus
2155 3641 2266 3696 Deo
2301 3650 2357 3696 et
2380 3639 2525 3696 Patri
2575 3641 2987 3711 hostiam,quid
3023 3640 3286 3696 debemus
3331 3655 3452 3706 nos,
3480 3648 3537 3696 et

1954 3743 2216 3805 quantum
2270 3748 2369 3804 pro
2394 3747 2461 3788 eo
2504 3734 2716 3804 perpeti
2760 3749 2825 3788 ac
2871 3731 3120 3804 perferre
3173 3747 3276 3788 nos
3317 3747 3537 3802 aequum

1956 3833 2060 3890 est,
2092 3824 2388 3879 monachos
2422 3825 2725 3895 praesertim
2753 3834 2808 3879 et
2838 3825 3244 3880 renuutiatione
3273 3826 3388 3894 ipsa
3417 3841 3545 3879 eru-

1956 3916 2196 3972 cilixos?
2244 3915 2288 3969 si
2321 3917 2484 3970 modo
2515 3931 2708 3970 revera
2749 3923 2806 3970 et
2846 3932 2956 3970 non
3013 3916 3287 3970 incassum
3328 3931 3542 3970 renun-

1956 4009 2254 4063 tiavimus:
2326 4005 2770 4076 quandoquidem
2821 4021 2932 4060 non
2973 4007 3042 4060 ab
3093 4016 3316 4062 externa
3359 4007 3544 4062 solum:

1955 4099 2138 4170 Specie
2168 4097 2452 4167 dijudicari
2479 4111 2566 4150 res
2595 4096 2837 4162 debent;
2885 4096 3041 4150 multi
3085 4098 3230 4151 enim
3275 4112 3545 4168 personas

1956 4192 2212 4253 induunt,
2245 4205 2349 4245 nec
2379 4201 2506 4245 sunt
2563 4189 2614 4244 id
2655 4189 2801 4260 quod
2848 4188 3102 4244 videntur
3137 4204 3298 4245 esse:
3341 4191 3437 4244 sed
3465 4191 3537 4246 ab

1955 4284 2215 4356 operibus
2275 4282 2408 4352 ipsis
2446 4281 2658 4352 species
2712 4290 2959 4336 externa.
2999 4279 3056 4335 Si
3097 4296 3225 4352 ergo
3280 4283 3536 4338 monachi

1957 4378 2050 4433 ulli
2082 4383 2212 4432 sunt
2244 4375 2330 4430 his
2359 4374 2718 4444 temporibus,
2748 4372 2907 4427 factis
2936 4373 3247 4428 ostendant.
3280 4371 3535 4433 Monaehi

273 4448 460 4545 τωσαν
483 4448 578 4543 ἐπὶ
610 4448 721 4543 egw
764 4489 964 4560 ἔργων.
1001 4448 1850 4566 ’ῖΕργονδὲ-μοναχόῦν,-.μηδεττὸ

1958 4479 2140 4526 autem
2160 4483 2361 4524 munus
2385 4476 2488 4534 est,
2521 4475 2580 4521 ut
2603 4481 2705 4521 nec
2734 4466 3008 4520 tantillum
3043 4467 3097 4520 in
3130 4464 3422 4538 Evangelio
3446 4467 3535 4522 in-

273 4584 440 4652 τυχὸν
469 4581 758 4652 ἀνέχεσθαι
785 4581 1232 4652 καινοτομείσθαι
1259 4583 1320 4638 τὸ
1352 4585 1690 4653 Εὐαγγέλιον
1712 4603 1726 4618 ο
1769 4587 1856 4640 ἵνα

276 4675 356 4745 μή
389 4674 700 4745 ὑπόδειγμα
751 4677 867 4739 τοῖς
911 4674 1126 4739 λαῖκοῖς
1164 4677 1548 4748 προτιθέμενοι
1589 4679 1858 4750 αἱρέσεως

277 4769 375 4822 καὶ
407 4767 692 4840 αίρετικῆς
724 4767 1146 4836 συγκοινωνίας,
1189 4767 1290 4838 τῆς
1321 4769 1462 4840 ὑπὲρ
1485 4769 1665 4824 αὐτῶν
1701 4771 1856 4824 ἀπω-

279 4859 434 4922 λείας
468 4859 628 4927 λόγον
657 4858 921 4928 ύφέξωσι.
949 4858 1092 4913 Πολύ
1120 4876 1188 4931 με
1215 4860 1578 4932 ληρολογῆσαι
1604 4860 1702 4932 τὴν
1731 4861 1858 4915 ὑπό-

279 4950 432 5005 θεσιν
461 4950 659 5022 ήᾶκρα
686 4949 1162 5022 ταπεινοφροσύνῃ
1188 4951 1286 5023 τῆς
1315 4951 1627 5024 ἁγιωσύνης
1659 4969 1753 5006 σου
1779 4953 1857 5016 ὡς

277 5041 548 5113 δεχομένη
590 5042 884 5114 πεποίηκε.
946 5043 1018 5097 Σὺ
1065 5043 1145 5106 δὲ,
1191 5035 1237 5098 ὦ
1290 5045 1498 5116 Πάτερ,
1547 5041 1705 5114 εὔχου
1760 5044 1857 5099 καὶ

280 5135 588 5206 ὑπερεύχου
623 5135 766 5207 ὑπὲρ
816 5133 1019 5208 σαθροῦ
1069 5136 1165 5189 καὶ
1196 5135 1526 5207 ἀμαρτωλοῦ
1553 5175 1568 5202 ,
1609 5135 1726 5190 ἀλλ’
1763 5132 1856 5190 οὖν

277 5225 515 5296 ἐραστοῦ
547 5243 643 5280 σου
673 5227 756 5281 ὅτι
805 5226 1064 5298 μάλιστα.
1105 5226 1164 5280 '0
1207 5227 1730 5298 συμφρουρούμενός
1767 5245 1858 5298 μοι

277 5319 544 5384 ὡσαύτως
602 5320 699 5376 καὶ
756 5319 1180 5391 προσαγορεύει,
1237 5321 1332 5374 καὶ
1379 5320 1560 5374 δέεται
1608 5337 1700 5374 σου
1750 5321 1858 5374 τῶν

281 5409 524 5468 ίκεσιῶν.

670 5483 1201 5552 Μ’ω-Ναυκρατίιρ
1230 5483 1440 5550 τέκνῳ.
1676 5481 1854 5555 [piat]

1955 4562 2146 4618 novari
2191 4561 2362 4627 sinat,
2392 4575 2463 4614 ne
2510 4558 2822 4629 exemplum
2860 4557 3012 4612 laieis
3057 4557 3328 4614 hmreseos
3372 4567 3536 4628 atque

1958 4652 2225 4708 haeretica:
2241 4649 2642 4706 communionis
2659 4649 2984 4720 praebentes,
3019 4648 3284 4703 rationem
3307 4649 3540 4706 reddant

1956 4747 2024 4801 de
2049 4745 2265 4800 illorum
2301 4743 2632 4814 perditione.
2668 4741 2919 4796 Pluribus
2946 4757 3034 4795 me
3060 4741 3272 4812 nugari,
3297 4749 3351 4796 et
3373 4756 3536 4814 argu-

1959 4847 2200 4891 mentum
2233 4837 2336 4890 hoc
2362 4833 2638 4906 persequi,
2670 4834 2844 4905 coegit
2877 4849 3088 4888 summa
3113 4833 3390 4888 humilitas
3412 4849 3538 4888 san-

1957 4929 2155 4985 ctitatis
2190 4937 2317 4990 tuaa,
2341 4935 2402 4980 ut
2439 4941 2562 4996 quae
2615 4925 2668 4978 id
2696 4925 2924 4980 minime
2953 4925 3250 4995 improbat.
3299 4924 3380 4979 Tu
3411 4939 3540 4982 vero

1956 5038 2072 5085 ora,
2103 5021 2283 5084 Pater,
2316 5028 2371 5073 et
2402 5019 2693 5087 deprecare
2726 5034 2826 5088 pro
2843 5019 3117 5073 imbecillo
3147 5027 3201 5073 et
3229 5027 3537 5088 peccatore,

1966 5115 2062 5170 sed
2115 5112 2294 5182 quite
2329 5126 2517 5165 revera
2583 5110 2877 5181 plurimum
2943 5119 3110 5165 amat.
3174 5110 3542 5180 Concaptivus

1966 5219 2121 5259 meus
2157 5199 2408 5256 similiter
2430 5210 2486 5256 et
2513 5208 2564 5256 te
2599 5201 2818 5267 salutat,
2864 5210 2918 5256 et
2966 5217 3157 5272 preces
3224 5211 3344 5257 tuas
3371 5215 3543 5271 expo-

1966 5296 2091 5351 scit.

2416 5474 2891 5534 XL.—Naucratio
2920 5477 3050 5547 ﬁlio.

823 5591 844 5615 δ
878 5575 1165 5638 Respondet
1191 5575 1251 5623 ad
1279 5574 1498 5636 quaedam
1521 5569 1829 5636 interrogata
1853 5587 1908 5626 ac
1940 5571 2195 5637 pracipue
2225 5569 2289 5619 de
2308 5568 2558 5632 baptismo
2578 5570 2952 5620 haereticorum.

349 5659 524 5713 Πάλιν
573 5658 738 5728 ἑτέρα
781 5677 869 5714 σοι
921 5661 1179 5731 φυλακὴ,
1233 5662 1422 5714 τέκνον
1475 5660 1858 5731 ἠγαπημένον,

284 5751 421 5806 ἀλλὰ
462 5750 556 5806 καὶ
597 5751 756 5806 πάλιν
790 5751 962 5822 στήλη
1004 5754 1101 5824 μὲν
1132 5754 1241 5806 τῶν
1271 5751 1604 5822 δυσωνύμων
1649 5753 1857 5823 αἱρετι-

2037 5657 2187 5713 Alter
2207 5655 2304 5711 tibi
2345 5655 2543 5711 iterum
2571 5672 2779 5720 carcer,
2833 5657 3036 5710 dilecte
3066 5653 3136 5708 fili
3173 5670 3188 5720 ;
3231 5653 3327 5708 sed
3375 5660 3431 5708 et
3457 5653 3541 5708 iu-

1967 5751 2145 5809 famiae
2169 5765 2358 5806 rursus
2407 5759 2536 5807 nota
2567 5750 2785 5807 infausti
2819 5749 3060 5805 nominis
3106 5746 3377 5804 haereticis
3404 5764 3418 5814 ;
3445 5747 3545 5804 tibi
