4044 6366
542 307 670 373 1051

1727 313 1790 380 S.
1819 308 2216 373 THEODORI
2257 311 2610 375 STUDIT/E

3673 310 3812 379 1052

539 441 672 481 vero
704 424 1104 480 incrementum
1142 424 1494 496 praemiorum
1524 425 1910 497 honorumque
1947 426 2115 482 coele-

2243 428 2331 481 ιῶν
2353 445 2369 461 ο
2404 429 2490 482 σοι
2513 428 2571 482 δὲ
2605 425 2899 500 προσθήκη
2930 425 3112 482 ἄθλων
3137 439 3199 480 τε
3243 424 3340 480 καὶ
3376 425 3620 480 ἐπαίνων
3651 427 3810 496 οὖρα·

541 518 728 572 stium.
771 516 1033 584 Quocirca
1066 530 1168 588 pro
1218 517 1323 572 illis
1360 518 1580 588 quidem
1637 531 1856 588 gemere
1894 533 1958 573 ac
1995 517 2126 573 llere

543 611 678 664 mihi
704 610 966 680 suppetit,
1003 625 1104 680 pro
1139 618 1194 664 te
1217 617 1399 664 autem
1429 609 1596 665 laetari
1627 619 1682 665 et
1711 609 1912 680 gratias
1939 624 2124 682 agere.

542 703 738 757 Annon
783 704 1062 771 acceptius
1107 703 1196 768 sit,
1227 711 1300 767 te,
1356 702 1549 757 iterata
1603 703 1873 768 custodia,
1921 703 2128 759 factum

545 809 672 848 esse
707 795 855 849 velut
879 809 1073 848 aurum
1105 795 1159 848 in
1188 794 1412 849 fornace
1443 795 1528 851 bis
1555 797 1956 866 expurgatum?
1989 798 2129 869 Ergo

552 887 735 940 ﬁrmas
761 887 972 942 radices
1001 902 1117 958 age,
1145 902 1281 956 puer
1323 896 1534 952 sancte,
1560 898 1725 958 teque
1774 889 1987 945 auctori
2027 889 2131 944 Do-

545 977 695 1032 mino
747 993 944 1047 purum
996 986 1051 1032 et
1099 978 1329 1047 probum
1386 979 1443 1032 in
1486 980 1740 1036 omnibus
1782 981 2002 1046 exhibe,
2037 998 2131 1040 vas

545 1067 678 1121 utile
707 1082 949 1136 prorsus,
973 1067 1039 1120 ad
1066 1081 1228 1122 omne
1267 1083 1404 1137 opus
1425 1069 1629 1124 bonum
1659 1079 1906 1140 paratus.
1935 1071 2132 1143 Magno

550 1160 734 1228 itaque
769 1157 850 1213 l‘er
881 1160 1064 1213 animo
1093 1161 1378 1214 custodem
1417 1162 1647 1215 alterum
1670 1163 1763 1232 qui
1799 1163 1896 1218 tibi
1929 1175 2133 1235 praeter

547 1264 756 1304 morem
787 1249 947 1304 datus
980 1259 1083 1304 est.
1121 1248 1240 1305 Non
1273 1251 1418 1305 enim
1445 1254 1797 1322 praepositum
1833 1254 1919 1309 vel
1949 1270 2134 1312 sacer-

549 1341 734 1395 dotem
777 1341 1008 1396 dixerim
1039 1361 1053 1396 :
1093 1343 1361 1412 siquidem
1395 1344 1578 1399 nullus
1607 1343 1702 1400 Dei
1733 1345 2006 1411 minister,
2028 1347 2136 1401 sal-

551 1443 660 1488 tem
692 1434 1012 1499 monachus,
1041 1435 1372 1490 militaribus
1400 1435 1592 1491 ol‘ficiis
1623 1437 1994 1502 ministraret,
2037 1437 2134 1494 sed

549 1539 728 1594 neque
756 1540 878 1580 cum
901 1526 978 1580 sic
1007 1526 1351 1582 ministrante
1383 1529 1831 1584 communicaret.
1863 1529 2135 1584 Caeterum

550 1616 802 1671 renuntia
852 1617 985 1671 mihi
1036 1619 1308 1687 quomodo
1358 1628 1409 1674 te
1441 1628 1634 1674 tractet
1667 1638 1680 1674 :
1710 1620 2135 1676 commodiorem

549 1709 696 1763 enim
728 1723 852 1765 esse
890 1718 1046 1779 puto,
1073 1725 1236 1778 quam
1290 1711 1442 1779 prior
1481 1710 1605 1766 fuit.
1649 1710 1781 1766 Sive
1811 1720 1996 1766 autem
2031 1712 2136 1767 hoc

550 1801 714 1856 modo
742 1817 801 1857 se
830 1818 918 1857 res
960 1802 1147 1867 habet,
1194 1802 1310 1858 sive
1342 1803 1518 1867 aliter,
1562 1812 1620 1858 tu
1671 1811 1876 1869 tamen,
1929 1805 2004 1858 (ili
2038 1804 2132 1871 mi,

551 1890 678 1946 forti
704 1893 780 1946 sis
809 1893 1026 1946 animo:
1058 1907 1180 1961 qum
1215 1891 1393 1946 tristia
1423 1901 1574 1956 sunt,
1606 1893 1725 1963 spei
1748 1893 1908 1948 bona:
1936 1895 2135 1966 gaudio

550 1985 834 2040 allevans:
868 1993 922 2040 et
953 1999 1019 2039 ex
1050 1984 1344 2039 solitudine
1405 2000 1659 2055 quarens
1705 1995 1761 2041 et
1807 2001 2136 2057 comparans

553 2077 650 2132 tibi
694 2077 1184 2148 aequanimitatem,
1215 2077 1345 2131 dum
1378 2078 1444 2132 ad
1497 2077 1667 2131 Deum
1717 2094 1912 2142 unum,
1959 2081 2052 2150 qui
2087 2094 2137 2135 te

552 2171 819 2234 intuetur,
852 2169 1040 2223 oculos
1069 2168 1421 2237 animumque
1440 2168 1714 2224 convertis
1738 2188 1751 2224 :
1775 2170 2138 2242 cogitationes

551 2262 844 2327 furfureas,
873 2277 993 2332 quae
1020 2277 1050 2314 a
1082 2260 1422 2315 zizaniorum
1477 2270 1662 2317 satore
1726 2263 2022 2319 identidem
2051 2265 2136 2318 in-

548 2351 839 2421 jiciuntur,
891 2350 1200 2421 despiciens
1233 2366 1297 2406 ac
1339 2351 1655 2421 dispellens.
1697 2353 1830 2420 Quae
1885 2366 2069 2410 autem
2107 2372 2137 2411 a

551 2461 638 2499 tne
658 2443 960 2514 postulasti,
992 2453 1050 2498 ut
1076 2443 1144 2498 de
1169 2443 1465 2499 haaresibus
1495 2453 1549 2499 et
1567 2445 1851 2515 baptismis
1867 2449 2138 2520 sigillatim

551 2536 970 2606 responderem;
1004 2550 1066 2590 ea
1087 2535 1331 2606 epistolae
1354 2535 1575 2591 modum
1602 2539 1878 2596 excedunt
1905 2559 1916 2594 :
1953 2558 2017 2597 ac
2045 2559 2140 2597 su-

476 2630 482 2635 ’
551 2645 949 2700 pcrvacaneum
971 2639 1057 2685 est
1087 2646 1277 2685 rursus
1297 2645 1589 2687 recensere
1617 2649 1739 2703 quae
1765 2635 1984 2691 divinus
2008 2637 2141 2707 Epi-

551 2721 786 2792 phanius
834 2719 1062 2785 invenit,
1119 2727 1282 2788 atque
1313 2719 1388 2774 ita
1418 2723 1750 2793 conscripsit
1775 2731 1836 2778 ut
1879 2741 2042 2804 nemo
2071 2743 2139 2781 ex

552 2811 804 2867 Patribus
833 2813 1048 2868 melius.
1091 2814 1233 2886 Lege
1281 2814 1448 2886 igitur
1478 2831 1694 2870 sacrum
1741 2816 1809 2870 de
1861 2815 1980 2872 istis
2019 2817 2142 2887 ejus

553 2906 776 2970 librum,
822 2915 873 2961 et
929 2922 1050 2976 quae
1100 2907 1244 2962 scire
1304 2907 1604 2972 desideras,
1660 2907 1770 2963 illic
1821 2924 2139 2980 cognosces.

555 2997 718 3054 llunc
753 3007 940 3054 autem
967 2999 1066 3055 tibi
1095 2999 1152 3055 in
1194 3015 1393 3056 manus
1425 3001 1604 3057 tradet
1649 3002 1902 3074 egregius
1928 3003 2141 3075 Eupre-

555 3090 775 3162 pianus.

629 3183 707 3238 De
731 3184 1016 3255 baptismis
1069 3201 1234 3256 porro
1282 3185 1506 3242 brevius
1557 3188 1922 3257 respondebo.
1961 3189 2132 3245 Trifa-

559 3275 694 3329 riam
730 3278 846 3332 hzec
874 3280 1264 3334 commentatio
1297 3279 1582 3334 dividitur.
1619 3281 1976 3350 Baptizantur
1994 3282 2142 3336 enim

561 3366 944 3435 Marcionistze,
967 3369 1395 3443 Tascodrugitae,
1429 3370 1734 3437 Manichaei,
1763 3381 1819 3428 et
1855 3374 1948 3444 qui
1993 3374 2145 3445 ejus-

560 3461 684 3514 dem
710 3460 918 3515 ordinis
953 3476 1124 3532 usque
1154 3462 1221 3516 ad
1271 3461 1852 3529 Melchisedechianos,
1905 3465 2144 3522 haereses

560 3567 792 3606 numero
840 3553 1032 3624 viginti
1059 3554 1321 3625 quinque.
1366 3553 1709 3628 lnunguntur
1760 3557 1946 3613 autem
1983 3574 2143 3616 sacro

559 3640 860 3698 chrismate
897 3642 1510 3713 Tessaresaedecatitaz,
1571 3646 1878 3713 Novatiani,
1928 3649 2141 3717 Ariani,

561 3730 959 3799 Macedoniani,
1014 3735 1422 3806 Apolinaristaa,
1483 3737 1649 3792 simul
1718 3739 1984 3810 quinque.
2041 3740 2146 3806 Qui

559 3837 692 3877 vero
720 3838 898 3893 neque
921 3823 1284 3896 baptizantur,
1320 3843 1498 3898 neque
1536 3828 1897 3902 intinguntur,
1924 3831 2021 3887 sed
2053 3833 2145 3888 so-’

561 3915 838 3972 lummodo
857 3918 1108 3973 haeresim
1133 3928 1246 3974 tum
1276 3923 1574 3992 propriam,
1607 3932 1719 3978 tum
1743 3941 1964 3981 omnem
1983 3928 2146 3983 aliam

559 4009 1041 4078 anathematizant,
1102 4011 1394 4080 Meletiani,
1457 4011 1790 4083 Nestoriani,
1844 4018 2149 4092 Eutycbia-

559 4102 737 4167 nistte,
769 4113 824 4158 et
849 4103 964 4173 qui,
993 4119 1164 4174 usque
1193 4102 1260 4158 ad
1289 4105 1541 4160 haeresim
1564 4122 1688 4177 qua:
1720 4108 1846 4164 istic
1874 4120 1981 4176 est,
2016 4119 2149 4166 sunt

558 4193 771 4249 ordinis
815 4194 1083 4264 ejusdem,
1136 4194 1282 4252 haud
1338 4198 1614 4252 numerati
1671 4215 1702 4253 a
1729 4215 1818 4256 me
1857 4201 2040 4268 modo,
2082 4219 2150 4259 eo

558 4287 704 4356 quod
735 4287 995 4358 Acephali
1037 4288 1148 4343 sint
1194 4289 1546 4360 multiplices,
1599 4300 1714 4346 tum
1745 4293 1909 4348 etiam
1954 4311 2023 4351 ne
2047 4311 2149 4352 ex-

559 4387 772 4434 crescat
789 4378 1040 4449 epistola.
1072 4378 1227 4446 Quod
1264 4390 1450 4436 autem
1490 4382 1701 4449 dixisti,
1734 4400 2004 4440 canonem
2043 4386 2148 4440 mi-

2226 519 2378 574 νίων.
2422 519 2525 575 Διὰ
2569 517 2733 573 τοῦτο
2769 518 2912 591 ὑπὲρ
2949 517 3052 591 μὲν
3085 519 3315 573 ἐκείνων
3359 517 3424 572 τὸ
3475 518 3688 573 στένειν
3726 536 3814 590 μοι

2228 612 2323 665 καὶ
2353 610 2646 684 δακρύεινο
2692 612 2834 682 ὑπὲρ
2875 610 2934 664 δέ
2967 609 3090 674 σοῦ,
3116 609 3179 664 τὸ
3212 609 3432 682 χαίρειν
3464 611 3561 664 καὶ
3598 610 3818 682 εὐχαρι-

2229 703 2398 755 στεῖν.
2434 702 2504 754 Ἣ
2551 700 2674 772 οὑχὶ
2723 699 3094 771 δοκιμώτερόν
3144 700 3262 754 ἐστί
3320 717 3382 754 σε
3429 699 3694 768 γενέσθαι
3751 702 3816 771 τῇ

2232 793 2673 863 μεταφρουρήσει
2693 831 2708 858 ,
2757 791 3014 861 καθάπερ
3041 790 3246 862 χρυσὸν
3269 789 3680 860 διπυροῠμενον
3715 789 3820 843 ὑπὸ

2230 886 2496 958 χωνείαςς
2526 885 2899 958 Εὺριζωθείης
2933 882 3050 954 οὖν,
3081 879 3126 940 ὦ
3154 887 3268 957 ἱερέ
3307 887 3443 950 παῖ,
3472 885 3570 939 καὶ
3595 885 3821 955 ὀφθείης

2231 975 2309 1047 τῷ
2336 976 2581 1047 Δεσπότῃ
2613 975 2806 1047 Κυρίῳ
2840 977 2900 1031 ἐν
2935 978 3071 1029 πᾶσι
3101 975 3344 1045 καθαρὸς
3370 975 3467 1028 καὶ
3503 975 3818 1046 ἀκίϐδηλος,

2234 1069 2429 1133 σκεῦος
2478 1069 2648 1133 ὅντως
2682 1068 3004 1140 εὖχρηστον,
3059 1067 3502 1140 κατηρτισμένος
3533 1069 3676 1140 πρὸς
3713 1069 3821 1121 πᾶν

2233 1160 2395 1232 ἔργον
2432 1160 2660 1230 ἀγαθόν.
2699 1163 2837 1234 Φέρε
2881 1157 2978 1215 οὖν
3020 1161 3378 1232 μακροθυμίᾳ
3412 1159 3475 1214 τὸ
3516 1159 3690 1231 ἀηθες
3727 1160 3820 1214 τοῦ

2232 1254 2486 1327 δευτέρου
2535 1253 2775 1325 φύλακός
2827 1271 2922 1308 σου
2945 1268 2963 1285 ο
2993 1254 3055 1307 οὒ
3089 1253 3200 1325 γὰρ
3229 1251 3563 1324 ἡγουμένου,
3588 1252 3714 1306 οὐδὲ
3753 1253 3824 1304 ἱε-

2237 1348 2376 1419 ρέως
2423 1347 2682 1418 λέγοιμι·
2737 1347 2916 1412 οὐδεὶς
2957 1347 3067 1421 γὰρ
3098 1345 3235 1400 Θεοῦ
3264 1345 3586 1418 λειτουργὸς
3625 1345 3723 1398 καί
3762 1361 3824 1411 γε

2239 1439 2536 1512 μοναστὴς,
2572 1442 2990 1512 στρατιωτικοῖς
3016 1438 3201 1512 ἔργοις
3231 1437 3372 1492 ὕπου
3383 1439 3664 1510 ργήσειεν,
3689 1438 3827 1492 ἀλλά

2240 1533 2347 1604 μὴν
2387 1533 2506 1587 οὐδὲ
2535 1532 2615 1604 τῷ
2644 1531 2821 1596 οὕτως
2853 1532 3226 1602 ὑπουργοῦντι
3255 1534 3636 1603 κοινωνήσειε.
3677 1531 3828 1600 Πλὴν

2237 1625 2478 1696 δήλωσόν
2506 1643 2597 1696 μοι
2622 1625 2772 1688 ὅπως
2802 1641 2862 1678 σε
2887 1625 3102 1696 κρατεῖ.
3123 1622 3277 1676 Δοκῶ
3294 1622 3403 1695 γὰρ
3421 1622 3830 1694 διαφορώτερον

2239 1712 2380 1770 εἶναι
2410 1715 2505 1770 τοῦ
2534 1715 2831 1789 προτέρου.
2851 1715 2995 1770 Ἀλλ’
3019 1715 3074 1768 εί
3100 1731 3164 1783 γε
3199 1713 3395 1779 οὕτως,
3425 1713 3460 1784 ἢ
3489 1713 3727 1785 ἑτέρως’
3763 1715 3827 1766 σὺ

2237 1807 2293 1863 δὲ
2323 1808 2705 1879 ὅμως,τέκνον
2737 1824 2862 1878 μου,
2889 1805 3051 1877 στῆθι
3086 1804 3385 1875 γενναίωςο
3417 1804 3738 1874 εὐμαρίζων
3761 1804 3832 1857 τὰ

2237 1899 2461 1970 λυπηρά
2497 1901 2564 1970 τῇ
2598 1898 2708 1952 τῶν
2749 1897 2983 1952 ἐλπίδων
3018 1895 3378 1969 περιχαρεία,
3413 1896 3510 1948 καὶ
3539 1893 3834 1948 κατακτὼο

2242 2007 2404 2059 μενος
2445 1989 2627 2060 ἐαυτῷ
2670 1988 2770 2060 τὴν
2818 1988 3076 2059 μόνωσιν,
3123 1985 3394 2049 ἀπαθείας
3440 1985 3696 2058 εὕρεσιν
3738 1983 3832 2037 διά

2239 2084 2336 2155 τῆς
2368 2085 2462 2136 ἐπὶ
2507 2083 2668 2154 μόνον
2697 2083 2790 2136 τὸν
2821 2081 3039 2152 ὁρῶντά
3089 2097 3150 2134 σε
3196 2078 3328 2132 Θεὸν
3372 2076 3731 2146 ἀποϐλέψεώς
3767 2091 3829 2128 τε

2240 2177 2338 2231 καὶ
2377 2176 2649 2246 σχέσεως’
2698 2173 3041 2238 σκυϐαλίζων
3069 2173 3164 2227 καὶ
3197 2171 3468 2244 λικμίζων
3490 2171 3616 2235 τοὺς
3638 2171 3830 2222 ἐπεισ-

2240 2268 2546 2339 αγομένους
2579 2267 2881 2340 ἀχυρώδεις
2907 2265 3205 2337 λογισμοὺς
3234 2265 3389 2335 παρά
3416 2262 3513 2317 τοῦ
3543 2262 3654 2316 τῶν
3675 2261 3830 2328 ζιζα-

2241 2362 2370 2414 νίων
2405 2359 2656 2432 σπορέως
2691 2359 2977 2414 ἑκάστοτε.
3013 2360 3080 2412 'A
3111 2357 3170 2411 δὲ
3219 2356 3569 2428 ἐπεζήτησας
3599 2357 3832 2424 ἀποκριο

2243 2453 2402 2524 θῆναι
2449 2471 2518 2524 με
2565 2452 2695 2524 περί
2739 2469 2801 2506 τε
2847 2451 2958 2506 τῶν
3000 2449 3268 2522 αἱρέσεων
3299 2451 3394 2502 καὶ
3428 2447 3831 2519 βαπτισμάτων

2241 2544 2366 2598 κατ’
2397 2543 2549 2609 ἔπος,
2586 2541 2884 2613 ἐπιπολῆς
2909 2540 3237 2613 ὑπερϐαίνει
3268 2537 3471 2611 μέτρον
3491 2556 3506 2568 ·
3545 2538 3643 2592 καὶ
3666 2536 3833 2590 πάλιν

2243 2643 2648 2714 περιττολογεῖν
2675 2641 2789 2694 ἔστι
2818 2639 2993 2694 ταῦτα
3037 2637 3397 2708 ἀφηγεῖσθαι,
3427 2635 3464 2689 ἀ
3494 2636 3524 2689 ό
3568 2631 3835 2703 θεοφόρος

2256 2735 2569 2803 Ἐπιφάνιος
2596 2731 2787 2803 ἐξεῦρε
2822 2729 2916 2784 καὶ
2939 2728 3233 2800 διέγραψεν
3269 2725 3346 2788 ὡς
3375 2724 3551 2788 οὐδεὶς
3575 2722 3687 2776 τῶν
3715 2721 3836 2776 Πα-

2241 2829 2441 2899 τέρων.
2483 2825 2712 2896 Ἕντυχε
2758 2823 2852 2877 οὖν
2878 2825 2944 2892 τῇ
2979 2821 3112 2894 περὶ
3165 2819 3350 2874 αὐτῶν
3391 2819 3514 2890 ἱερᾷ
3550 2814 3715 2869 αὐτοῦ
3755 2813 3838 2885 βί-

2244 2920 2378 2992 ϐλῳ,
2417 2921 2642 2974 κάκεῖσε
2683 2916 3048 2987 διαγνώσειας
3076 2913 3114 2970 ἀ
3143 2912 3336 2984 μαθεῖν
3377 2911 3617 2982 ἐφίεσαι.
3649 2907 3836 2980 Παρά-

2247 3013 2449 3084 σχοιδέ
2483 3012 2656 3084 αὐτὴν
2687 3013 2746 3064 ἐν
2781 3011 2940 3082 χερσί
2971 3025 3067 3062 σου
3096 3009 3125 3062 ὁ
3153 3007 3316 3071 καλδς
3345 3001 3752 3075 Εὑπρεπιανός.

2316 3189 2392 3244 Τὸ
2416 3189 2474 3244 δέ
2502 3191 2614 3242 τῶν
2645 3184 3068 3258 βαπτιζομένων
3097 3181 3512 3254 συντομώτερον
3531 3178 3839 3252 ἀποκριθή-

2245 3299 2434 3353 σομαι.
2493 3281 2667 3352 Τριχῇ
2713 3278 2968 3351 διῄρηται
3011 3275 3075 3331 τδ
3129 3273 3422 3345 θεώρημα.
3468 3271 3838 3337 Βαπτίζονται

2247 3372 2347 3442 μὲν
2375 3370 2486 3444 γὰρ
2515 3368 2939 3441 Μαρκιονισταὶ,
2995 3365 3470 3438 Τασκορδιουργοὶ
3508 3364 3611 3435 (1),
3659 3364 3836 3417 Μανι-

2244 3466 2390 3534 χαῖοι
2411 3478 2426 3493 ·
2460 3463 2556 3515 καὶ
2601 3463 2648 3515 οἱ
2685 3461 2963 3532 σύστοιχοι
2993 3457 3177 3512 αὐτῶν
3203 3457 3342 3527 ὁμοῦ
3371 3456 3477 3521 ἔως
3500 3455 3613 3509 τῶν
3636 3453 3838 3524 Μελχι-

2246 3553 2574 3619 σεδεκιτῶν,
2624 3553 2868 3624 αἱρέσεις
2917 3552 3094 3604 εῖκοσι
3137 3549 3322 3604 πέντε.
3362 3549 3626 3620 Χρίονται
3665 3547 3726 3600 δέ
3760 3545 3838 3618 τῷ

2245 3649 2386 3720 ἁγίῳ
2447 3647 2609 3719 μύρῳ
2681 3644 3352 3716 Τεσσαρεσκαιδεκατῖται
3377 3683 3393 3708 ,
3459 3640 3834 3706 Ναυατιανοὶ,

2258 3740 2533 3812 Ἀρειανοὶ
2563 3779 2580 3806 ,
2630 3737 3067 3804 Μακεδονιανοὶ,
3110 3733 3630 3806 ’Δπολιναριασταὶ,
3696 3735 3833 3804 ὁμου

2247 3833 2432 3888 πέντε.
2478 3833 2544 3887 Οἱ
2587 3830 2646 3886 δέ
2678 3831 2819 3902 μήτε
2872 3829 3304 3902 βαπτιζόμενοι,
3341 3829 3486 3898 μήτε
3529 3826 3833 3899 χριόμενοι,

2249 3925 2385 3980 ἀλλά
2433 3923 2594 3994 μόνον
2643 3920 3148 3993 ἀναθεματίξοντες
3191 3919 3289 3990 τὴν
3326 3919 3462 3973 ἰδίαν
3512 3917 3610 3970 καὶ
3655 3918 3836 3970 πᾶσαν

2247 4018 2417 4089 ἀλλην
2441 4017 2676 4089 αἵρεσιν,
2703 4015 3054 4079 Μελετιανοὶ,
3104 4014 3477 4084 Νεστοριανοὶ,
3511 4011 3834 4082 Εὑτυχιανι-

2249 4113 2397 4176 σταὶ,
2425 4111 2519 4165 καὶ
2542 4111 2591 4164 οἱ
2617 4108 2824 4164 τούτων
2855 4109 3190 4180 όμόστοιχοι,
3227 4107 3394 4178 μέχρι
3427 4106 3530 4177 τῆς
3556 4104 3721 4176 δεῦρο
3749 4106 3835 4158 αἱ·

2253 4201 2477 4274 ρέσεως,
2511 4199 2590 4270 τῷ
2617 4198 2835 4272 ἀριθμῷ
2861 4199 2960 4270 οὐχ
3007 4197 3437 4267 ὑποϐαλλόμενοί
3476 4213 3566 4267 μοι
3593 4195 3735 4250 κατά
3771 4195 3833 4248 τὸ

2249 4293 2462 4364 παρόν·
2504 4292 2596 4346 διά
2627 4292 2691 4346 τδ
2728 4291 3052 4362 πολυσχιδὲς
3098 4289 3207 4344 τῶν
3263 4289 3605 4360 ’Δκεφάλων,
3645 4288 3738 4343 καὶ
3775 4289 3835 4341 τὺ

2252 4384 2546 4456 ὑπερτελής
2591 4383 2690 4454 τῆς
2735 4381 3050 4451 ἐπιστολῆς.
3088 4380 3164 4434 To
3206 4381 3264 4434 δὲ
3311 4380 3598 4451 εἰρηκέναι
3630 4397 3716 4444 σε,
3759 4379 3836 4448 μὴ

561 4471 708 4526 nime
733 4447 1088 4544 distinguere,
1142 4473 1236 4529 sed
1287 4474 1568 4532 deﬁnitive
1624 4479 2005 4547 pronuntiare,
2051 4495 2141 4537 eos

2254 4481 2528 4549 διακρῖναι
2552 4477 2646 4531 τὸν
2674 4475 2897 4539 κανόνα,
2935 4474 3050 4534 ἀλλ’
3076 4473 3370 4546 όριστικῶς
3397 4471 3835 4542 ἀποφάναι,τοξ›ς

560 4563 655 4633 qui
681 4564 750 4619 ab
775 4563 1046 4620 hzeretieis
1071 4565 1304 4621 ordinati
1333 4573 1427 4620 aut
1449 4566 1707 4637 baptizati
1736 4577 1884 4635 sunt,
1906 4585 2010 4625 nec
2032 4571 2141 4626 cle-

2255 4570 2364 4625 ἀπδ
2414 4569 2710 4641 αἱρετικῶν
2760 4563 3264 4637 χειροτονηθέντας.
3323 4564 3356 4635 ἢ
3411 4563 3833 4634 βαπτισθέντας,

562 4656 704 4712 ricos
732 4671 852 4712 esse
879 4673 1063 4727 posse,
1093 4673 1198 4712 nec
1225 4657 1412 4714 ﬁdeles
1441 4675 1456 4712 :
1491 4659 1623 4715 illud
1644 4661 1818 4732 cogita
1845 4662 1990 4732 quod
2015 4679 2141 4734 apo-

2253 4659 2378 4715 οὖτε
2413 4657 2713 4730 κ’ληρικοὺς
2738 4653 2880 4711 εἶναι
2923 4654 3151 4710 δυνατὸν
3171 4694 3186 4719 ,
3215 4653 3338 4708 οὔτε
3375 4653 3630 4717 πιστούςο
3661 4654 3836 4706 ἐκεῖνο

563 4749 787 4805 stolicus
815 4765 991 4805 canon
1037 4751 1324 4806 haareticos
1367 4751 1489 4808 illos
1534 4752 1687 4814 dicit.
1718 4754 1810 4824 qui
1838 4754 1891 4809 in
1921 4756 2141 4812 nomine

2253 4753 2470 4823 λογίζου
2491 4768 2507 4784 ο
2542 4752 2626 4806 ὅτι
2655 4751 2969 4822 αἱρετικοὺς
3003 4752 3033 4804 ό
3063 4748 3428 4811 ἀποστολικδς
3457 4745 3646 4801 κανὼν
3689 4744 3836 4797 ἐκεί-

564 4840 739 4897 Patris
777 4853 833 4897 et
862 4841 986 4896 Filii
1021 4852 1075 4898 et
1106 4841 1344 4913 Spiritus
1379 4842 1555 4899 sancti
1599 4859 1708 4900 non
1733 4855 1862 4900 sunt
1883 4846 2141 4916 baptizati

2253 4863 2380 4909 νους
2404 4845 2538 4915 ἔφη,
2578 4844 2708 4907 τοὺς
2759 4841 2835 4914 μὴ
2869 4843 2947 4905 εἰς
2977 4841 3153 4914 ὄνομα
3187 4841 3400 4912 [ἰατρὸς
3441 4840 3540 4894 καὶ
3575 4837 3702 4891 Υἱοῦ
3742 4835 3837 4889 καὶ

565 4948 668 4988 nec
721 4933 1017 5003 baptizant.
1074 4931 1225 4988 lstud
1266 4948 1428 5004 porro
1475 4936 1658 5008 magni
1701 4953 1918 5008 quoque
1957 4937 2141 4994 Basilii

2246 4937 2404 5006 ἀγίου
2457 4934 2775 5008 Πνεύματος
2840 4934 3240 5006 βαπτισθέντας
3297 4933 3393 4986 καὶ
3452 4930 3832 5002 βαπτίζοντας.

565 5041 699 5080 voce
730 5026 916 5083 divina
954 5027 1239 5084 docemur.
1279 5028 1372 5082 Ait
1425 5028 1574 5084 enim
1605 5029 1841 5084 haereses
1869 5045 1995 5086 esse
2046 5045 2141 5086 eas

2246 5028 2360 5081 Καὶ
2397 5026 2557 5080 τοῦτο
2602 5027 2670 5078 ἐκ
2718 5025 2872 5090 θείας
2916 5026 3103 5096 φωνῆς
3148 5023 3244 5078 τοῦ
3279 5023 3518 5095 μεγάλου
3549 5021 3834 5076 Βασιλείου

565 5134 688 5189 qua;
716 5121 936 5190 penitus
991 5121 1238 5191 abruptae
1276 5131 1425 5188 sunt,
1479 5131 1536 5177 et
1582 5122 1729 5178 circa
1768 5121 1940 5194 ipsam
1982 5123 2141 5180 ﬁdem

2245 5119 2633 5190 διδασκόμεθα.
2673 5121 2813 5191 Φησὶ
2845 5119 2976 5192 γὰρ,
3011 5119 3261 5190 αἱρέσεις
3293 5118 3392 5189 μὲν
3421 5117 3522 5181 τὰς
3552 5113 3836 5178 παντελῶς

565 5211 858 5268 alienatae:
897 5213 1192 5268 schismata
1232 5227 1386 5276 vero.
1439 5229 1534 5270 eos
1565 5215 1656 5284 qui
1685 5223 1909 5284 propter
1956 5230 2153 5272 causas

566 5303 777 5374 aliquas
807 5304 1204 5360 ecclesiasticas
1237 5313 1294 5360 et
1339 5305 1672 5376 quaestiones
1717 5305 2150 5375 quibus'reme-

567 5397 718 5465 dium
762 5397 1013 5453 adhiberi
1044 5405 1245 5470 potest,
1274 5397 1418 5454 inter
1454 5414 1515 5455 se
1541 5398 1848 5454 dissident:
1874 5413 2144 5471 parasyn-

567 5503 764 5562 agogas
831 5497 1058 5557 autem,
1109 5490 1559 5562 congregationes
1613 5505 1735 5560 qute
1791 5505 1822 5544 a
1861 5498 2150 5545 contuma-

2247 5211 2700 5285 ἀπερρηγμένας,
2760 5211 2857 5264 καὶ
2910 5210 3031 5265 κατ’
3075 5209 3248 5282 αὐτὴν
3293 5211 3392 5281 τὴν
3444 5208 3627 5262 πίστιν
3673 5205 3837 5276 ἠλλο-

2248 5306 2563 5378 τριωμένας
2587 5321 2602 5336 ·
2647 5304 2924 5376 σχίσματα
2968 5304 3026 5358 δὲ
3057 5302 3185 5366 τοὺς
3230 5303 3302 5356 δι’
3340 5301 3520 5365 αἰτίας
3550 5299 3698 5364 τινὰς
3737 5301 3836 5352 ἐκ·

2256 5397 2654 5470 κλησιαστικάς
2684 5397 2781 5452 καὶ
2822 5397 3118 5469 ζητήματα
3155 5393 3352 5465 ἱάσιμα
3385 5394 3524 5465 πρὸς
3566 5390 3837 5460 ἀλλήλους

2257 5489 2632 5562 διενεχθέντας
2652 5505 2667 5520 ο
2700 5486 3182 5562 παρασυναγωγὰς
3217 5486 3300 5555 δὲ,
3326 5485 3426 5550 τὰς
3461 5483 3708 5553 συνάξεις
3735 5481 3838 5545 τὰς

2080 5651 2312 5710 NOTAE.

656 5765 734 5833 (ll
775 5766 932 5836 Apud
963 5765 1355 5840 Epiphanium,
1393 5765 1586 5824 haeresi
1618 5767 1708 5833 47,
1755 5767 2243 5840 Τασκοδρουγῖται.
