4044 6366
271 353 413 420 1053

1487 355 2028 420 EPISTOLARUM
2049 359 2197 421 LIB.
2240 361 2290 422 Ι.

3370 359 3507 429 1054

267 468 424 540 παρὰ
453 466 562 521 τῶν
597 467 989 523 άνυποτάκτων
1021 469 1407 540 πρεσϐυτέρων
1443 469 1477 539 ἢ
1505 468 1840 529 ἐπισκόπων,

1965 469 2097 522 :‘hus
2119 469 2449 540 presbyteris
2481 469 2564 524 vel
2586 469 2876 540 episcopis,
2919 469 3060 526 vela
3093 471 3304 543 populis
3336 475 3513 542 impe-

265 563 420 636 παρὰ
451 563 560 616 τῶν
585 561 929 616 ἀπαιδεύτων
961 561 1107 615 λαῶν
1136 563 1430 631 γινομένας
1482 563 1592 616 Καὶ
1622 563 1716 615 τοὺ
1744 564 1844 632 μὲν

266 653 488 726 πρώτου
519 653 680 716 αὑτὸς
708 653 988 722 ἐπιφέρων
1015 651 1074 705 ἒν
1121 652 1495 722 παράδειγμα,
1536 651 1670 721 φησι
1707 651 1844 721 πρὸς

268 745 358 798 τὸν
389 746 542 813 ἅγιον
578 741 954 813 Ἀμφιλόχιονο
991 761 1008 794 ι
1042 743 1179 797 Τίνα
1203 739 1295 797 οὖν
1325 743 1484 811 λόγον
1517 742 1628 812 ἔχει
1652 744 1714 796 τὸ
1737 743 1844 796 τῶν

267 833 638 904 Πεπουζηνῶν
671 833 956 905 βάπτισμα
979 833 1301 904 ἐγκριθῆναι
1335 834 1442 888 τῶν
1472 833 1844 900 βαπτιζόντων

266 928 349 990 εἰς
383 927 603 997 Πατέρα
651 925 745 980 καὶ
779 927 909 980 Υἱὺν
955 927 1050 980 καὶ
1081 927 1359 981 Μοντανὸν
1396 926 1429 998 ἦ
1477 925 1842 996 Πρίσκιλλαν;

267 1019 345 1072 Οὑ
387 1017 497 1089 γὰρ
529 1017 944 1085 ἐϐαπτίσθησαν
983 1019 1035 1070 οἰ
1085 1019 1166 1082 εἰς
1208 1019 1277 1073 τά
1313 1018 1388 1089 μὴ
1417 1018 1676 1089 δεδομένα
1709 1019 1844 1088 ἡμῖν

270 1109 688 1178 βαπτισθέντες.
731 1128 750 1162 ι
789 1109 1025 1174 Τούτους
1055 1105 1150 1164 οὖν
1189 1111 1284 1164 καὶ
1313 1111 1438 1173 τοὺς
1469 1109 1592 1164 κατ’
1619 1109 1841 1174 αὐτοὺς,

267 1203 299 1254 ὁ
321 1201 500 1256 κανὼν
523 1203 616 1256 καὶ
647 1202 696 1255 οἱ
720 1202 986 1273 Πατέρες.
1020 1201 1094 1267 ὥς
1125 1220 1290 1273 φησιν
1310 1203 1340 1256 ό
1367 1201 1510 1266 θεῖος
1539 1201 1841 1266 Βασίλειος,

268 1294 587 1363 αἱρετικοὺς
619 1292 931 1364 ὠνόμασαν.
960 1292 1070 1347 Τοῦ
1114 1293 1171 1347 δέ
1199 1293 1452 1363 δευτέρου
1497 1292 1845 1362 παράδειγμα

269 1383 436 1436 πάλιν
475 1385 642 1453 φησιν
689 1386 718 1438 ὁ
771 1382 926 1450 ἅγιος
959 1383 1279 1448 Βασίλειοςο
1313 1402 1332 1436 ι
1370 1385 1434 1440 οι
1463 1383 1711 1454 Καθαροὶ
1750 1384 1846 1438 καὶ

271 1475 430 1528 αὑτοὶ
452 1475 561 1528 τῶν
584 1476 1006 1548 ἀπεσχισμένων
1030 1477 1192 1534 εἰσίν.
1228 1496 1247 1530 ι

345 1569 408 1620 Εἰ
438 1567 495 1622 δὲ
525 1568 714 1639 φαίης·
751 1569 860 1622 Καὶ
889 1569 1007 1634 πῶς
1037 1569 1287 1638 λέγονται
1327 1569 1595 1640 αίρετικοὶ
1630 1567 1724 1622 καὶ
1754 1560 1848 1620 οὑ-

269 1676 355 1712 τοι
407 1659 500 1711 καὶ
535 1660 735 1724 πάντες
769 1661 819 1714 οἰ
873 1660 1357 1731 μεταγενέστεροι;
1413 1661 1571 1715 τοῦτο
1611 1661 1848 1731 λέγομεν

271 1751 371 1804 καὶ
397 1749 660 1820 νοοῦμενο
694 1753 743 1804 οἱ
781 1751 878 1822 μὲν
918 1753 1127 1824 πρῶτοι
1171 1752 1377 1824 κυρίως
1417 1752 1718 1824 αἰρετικοὶ,
1758 1751 1848 1806 διὰ

271 1842 336 1896 τὸ
367 1843 447 1906 είς
473 1843 604 1896 αὑτὸ
634 1843 693 1898 τὸ
728 1844 942 1916 καίριον
972 1847 1071 1916 τῆς
1116 1845 1398 1918 τριαδικῆς
1422 1848 1454 1916 ἡ
1465 1845 1582 1915 μῶν
1609 1847 1847 1910 πίστεως

273 1934 631 2004 ἠσεϐηκέναι.
688 1937 749 1988 Οἰ
785 1936 841 1989 δὲ
885 1934 1129 2008 δεύτεροι
1164 1938 1304 1992 κατὰ
1350 1938 1713 2009 κατάχρησιν,
1755 1937 1850 1991 καὶ

273 2027 354 2091 ώς
405 2030 470 2080 ἐκ
510 2028 619 2081 τῶν
661 2027 892 2098 πρώτων
939 2031 1318 2100 παρηγμένοι·
1364 2029 1756 2100 ὁμολογοῦντες
1805 2029 1849 2082 δ’

273 2117 429 2186 ὅμως
475 2119 555 2183 εἰς
596 2119 801 2190 Τριάδα
849 2121 944 2174 καὶ
981 2120 1264 2174 ’πιστεύειν
1323 2123 1416 2174 καὶ
1464 2121 1747 2192 βαπτίζειν
1793 2123 1853 2174 ἐν

280 2208 538 2279 ἰδιώματι
567 2211 755 2280 οἰκείῳ
789 2212 888 2282 τῆς
916 2213 1151 2284 ἑκάστης
1183 2215 1557 2280 ὑποστάσεως,
1603 2213 1700 2267 καὶ
1732 2213 1854 2284 οὐχὶ

280 2303 414 2372 μιᾶς
429 2301 538 2356 τῶν
552 2303 721 2373 τριῶν
753 2305 1109 2376 ὑπαρχούσης
1125 2322 1138 2335 ·
1167 2305 1272 2360 κᾶν
1295 2307 1353 2359 ἐν
1373 2304 1552 2370 ἄλλοις
1579 2303 1852 2376 ῄρέτιζον.

279 2396 389 2448 Τοῦ
422 2396 607 2466 τρίτου
643 2397 994 2468 παράδειγμα
1019 2437 1035 2463 ,
1076 2398 1239 2462 αὐτὸς
1267 2401 1295 2452 ὁ
1325 2397 1480 2468 ἅγιος
1506 2398 1670 2453 πάλιν
1698 2400 1852 2468 φησὶ,

278 2483 396 2540 οἷον
434 2488 597 2551 εἴτις
637 2488 697 2540 ἐν
740 2487 1045 2559 πταίσματι
1083 2487 1416 2553 ἐξετασθεὶς,
1451 2487 1720 2557 ἐπεσχέθη
1757 2486 1855 2553 τῆς

279 2580 633 2651 λειτουργίας
659 2621 674 2645 ,
723 2581 819 2634 καὶ
865 2582 941 2652 μὴ
987 2580 1237 2650 ὑπέκυψε
1282 2581 1398 2642 τοῖς
1443 2579 1697 2632 κανόσιν·
1741 2575 1856 2630 ἀλλ’

283 2672 468 2742 ἐαυτῷ
495 2672 774 2744 ἐξεδίκησε
800 2672 898 2744 τὴν
933 2673 1226 2744 προεδρίαν
1256 2672 1352 2741 καὶ
1379 2670 1478 2740 τὴν
1491 2669 1854 2740 λειτουργίαν.

283 2763 398 2818 Καί
422 2781 483 2832 γε
518 2765 594 2828 ὡς
619 2767 667 2818 οἱ
701 2764 947 2837 δεύτεροι
975 2765 1258 2835 ὁμώνυμοι
1287 2766 1402 2826 τοῖς
1426 2761 1693 2833 πρώτοις,
1718 2760 1860 2815 οὕτω

287 2859 383 2910 καὶ
416 2861 464 2912 οἱ
495 2859 670 2928 τρίτοι
699 2859 983 2930 ὁμώνυμοι
1012 2862 1125 2922 τοῖς
1145 2859 1439 2929 δευτέροις.
1481 2855 1700 2926 Ἀμέλει
1736 2853 1861 2915 τοὺς

286 2951 654 3015 Μελετιανοὺς
686 2953 1077 3022 σχισματικοὺς
1106 2952 1156 3004 οἱ
1185 2951 1355 3006 πάλαι
1391 2947 1621 3003 καλοῦσι
1643 2987 1658 3014 ,
1686 2944 1862 3000 Μελεο

285 3041 392 3112 τεῳ
412 3041 488 3111 τῷ
511 3043 853 3113 σχισματικῷ
877 3043 1347 3114 συναπαχθέντας,
1378 3040 1472 3095 καί
1493 3057 1576 3094 τοι
1605 3039 1679 3110 μὴ
1700 3039 1861 3102 ὖντας

1949 561 2068 616 ritis
2111 562 2264 616 liunt.
2318 563 2396 617 Ac
2443 561 2600 631 primi
2647 562 2866 631 quidem
2935 565 3153 633 generis
3196 565 3508 634 exemplum

1948 669 2117 708 unum
2176 654 2292 723 ipse
2357 653 2619 718 atterens,
2665 654 2730 709 ad
2782 665 3030 709 sanctum
3071 655 3513 725 Amphilochium

1946 743 2134 800 scribit
2158 745 2236 799 “z
2285 764 2303 796 ι
2343 743 2602 811 Quasnam
2662 744 2825 815 igitur
2869 744 3008 800 ratio
3032 755 3118 800 est
3147 755 3206 800 ut
3260 745 3509 814 l’epuze-

1945 851 2140 892 norum
2184 837 2454 906 baptisma
2476 852 2598 892 esse
2655 836 2950 906 judicetur,
3000 838 3091 906 qui
3145 838 3424 908 baptizant
3456 838 3513 892 in

1947 927 2184 991 Patrem,
2230 935 2286 980 et
2322 925 2538 990 Filium,
2577 933 2632 979 et
2690 925 3004 980 Montanum
3045 925 3127 980 Vel
3174 925 3517 980 Priscillam?

1945 1015 2134 1087 Neque
2179 1016 2325 1071 enim
2356 1016 2615 1086 baptizati
2646 1026 2796 1078 sunt,
2829 1016 2922 1086 qui
2977 1017 3030 1070 in
3064 1032 3127 1071 ea
3187 1033 3307 1086 qua:
3357 1017 3516 1072 nobis

1947 1125 2055 1164 non
2083 1117 2206 1164 sunt
2245 1108 2462 1170 tradita,
2510 1107 2768 1177 baptizati
2793 1116 2939 1162 sunt.
2967 1125 2985 1159 ι
3021 1107 3132 1163 Hos
3158 1124 3287 1180 ergo
3337 1117 3392 1162 et
3421 1109 3515 1179 qui

1929 1201 2081 1270 ipsis
2128 1200 2429 1265 adhaerent,
2454 1213 2630 1253 canon
2673 1206 2727 1252 et
2775 1196 2984 1264 Patres,
3015 1207 3072 1252 ut
3117 1198 3337 1253 divinus
3369 1198 3516 1253 Basi-

1947 1293 2054 1350 lius
2098 1294 2194 1358 ait,
2243 1293 2595 1348 nominarunt
2656 1291 2963 1346 haareticos.
3013 1290 3224 1346 Rursus
3290 1293 3515 1345 secundi

1947 1384 2166 1456 generis
2191 1383 2498 1452 exemplum
2548 1382 2757 1452 profert
2788 1389 3009 1435 sanctus
3060 1379 3292 1436 Basilius
3321 1397 3333 1434 :
3363 1400 3381 1433 ι
3413 1379 3518 1436 Ca-

1948 1476 2089 1530 thari
2113 1481 2240 1530 sunt
2261 1483 2315 1529 et
2342 1473 2444 1543 ipsi
2467 1472 2612 1528 inter
2638 1486 2733 1527 eos
2759 1471 2850 1541 qui
2879 1470 3103 1524 abscissi
3133 1480 3283 1525 sunt.
3320 1491 3338 1523 ι

2018 1566 2175 1632 Quod
2201 1565 2245 1620 si
2270 1565 2418 1620 dicas
2451 1581 2465 1621 :
2501 1563 2565 1618 Et
2588 1562 2858 1632 quomodo
2894 1560 2948 1614 hi
2983 1575 3221 1629 quoque,
3257 1570 3314 1615 et
3338 1570 3520 1630 postc-

1951 1658 2122 1713 riores
2170 1672 2380 1714 omnes.
2415 1655 2655 1710 haeretici
2686 1653 2942 1708 dicuntur
2969 1651 2992 1705 ?
3019 1651 3133 1706 lloc
3163 1651 3429 1716 dicimus,
3467 1661 3522 1706 et

1951 1749 2300 1821 intelligimus
2329 1765 2344 1815 ;
2373 1746 2580 1817 primos
2631 1745 2847 1816 quidem
2883 1743 3100 1814 proprie
3158 1743 3263 1798 dici
3298 1743 3519 1798 haereti-

1949 1859 2062 1908 cos,
2092 1857 2158 1896 eo
2185 1840 2325 1910 quod
2357 1838 2690 1906 impietatem
2717 1841 3046 1890 exeruerunt
3079 1833 3134 1887 in
3169 1833 3219 1888 id
3242 1833 3385 1902 quod
3425 1847 3524 1887 no-

1951 1945 2078 1990 stra:
2095 1933 2164 1988 de
2179 1932 2444 1987 Trinitate
2471 1930 2589 1985 ﬁdei
2608 1927 2938 1997 praecipuum
2955 1935 3038 1981 est
3061 1944 3075 1980 ι
3101 1926 3369 1980 secundos
3394 1940 3523 1981 vero

1933 2026 2195 2090 abusive,
2217 2033 2272 2079 ct
2303 2033 2557 2092 tanquam
2601 2037 2629 2073 a
2659 2019 2849 2089 primis
2881 2016 3154 2072 derivatos
3177 2055 3190 2077 ,
3222 2015 3315 2084 qui
3342 2023 3522 2070 tamen

1952 2116 2356 2174 conﬁtebantur
2402 2128 2460 2168 se
2493 2112 2548 2166 in
2580 2109 2902 2164 Trinitatem
2929 2116 2984 2160 et
3013 2107 3233 2161 credere
3263 2115 3318 2160 et
3345 2105 3520 2174 bapti-

1955 2224 2099 2275 zare,
2157 2208 2214 2261 in
2249 2205 2576 2276 proprietate
2623 2199 2881 2271 singulari
2929 2213 3172 2268 persona:
3213 2196 3475 2265 cujusque
3507 2233 3522 2257 ,

1955 2317 2069 2357 non
2113 2307 2295 2355 autem
2346 2312 2466 2366 quae
2506 2307 2609 2346 una
2662 2289 2716 2344 in
2754 2289 2932 2344 tribus
2983 2288 3209 2342 exsistat
3252 2304 3266 2340 :
3305 2287 3434 2340 licet
3467 2287 3523 2340 in

1956 2397 2080 2452 aliis
2143 2395 2306 2448 rebus
2353 2387 2668 2444 haereticum
2723 2383 2924 2452 aliquid
2969 2389 3299 2436 assererent.
3348 2378 3520 2434 Tertii

1957 2485 2170 2558 generis
2218 2481 2528 2551 exemplum
2583 2489 2778 2530 rursus
2851 2473 2996 2528 idem
3057 2479 3282 2526 sanctus
3341 2469 3521 2523 dicit:

1957 2580 2108 2635 velut
2131 2578 2174 2632 si
2203 2575 2326 2646 quis
2360 2571 2604 2629 criminis
2631 2568 2948 2630 convictus,
2975 2582 3004 2620 a
3035 2581 3190 2621 sacro
3225 2562 3528 2617 ministerio

1959 2685 2259 2742 suspensus
2293 2668 2384 2732 sit,
2429 2675 2485 2722 et
2515 2662 2815 2720 canonibns
2841 2674 2947 2712 non
2973 2657 3149 2722 cedat,
3173 2656 3270 2710 sed
3302 2655 3526 2725 primam

1959 2763 2063 2817 sibi
2096 2761 2281 2817 sedem
2303 2769 2358 2813 et
2389 2754 2752 2811 ministerium
2785 2750 3045 2805 vindicet.
3092 2747 3270 2816 Atque
3297 2754 3357 2800 ut
3387 2744 3529 2798 idem

1960 2870 2084 2910 cum
2114 2851 2306 2923 primis
2347 2861 2545 2902 nomen
2579 2843 2751 2900 sortiti
2796 2851 2926 2897 sunt
2953 2838 3176 2896 secundi
3207 2854 3222 2903 ;
3258 2837 3330 2891 ita
3368 2835 3532 2890 etiam

1962 2945 2108 3002 tertii
2141 2959 2264 2999 cum
2295 2938 2570 2996 secundis.
2600 2936 2761 2992 Certe
2802 2933 3156 2996 Meletianos;
3189 2943 3326 2998 quos
3367 2925 3534 2978 Mele-

1965 3040 2076 3094 tius
2132 3033 2513 3092 schismaticus
2584 3028 2880 3083 abduxerat
2933 3041 2948 3090 ;
2997 3021 3202 3092 antiqui
3259 3017 3536 3088 appellant

288 3109 651 3195 καοιοδύξοὺςί
684 3109 1196 3202 Ἀναθεματίζοντες
1227 3130 1340 3201 γάρ
1367 3129 1428 3182 τὸ
1464 3129 1594 3181 ἴδιον
1635 3109 1867 3196 σχίσμα,Ι

1965 3128 2360 3191 schismaticos,
2397 3122 2644 3195 quamvis
2691 3135 2800 3174 non
2851 3125 3036 3172 essent
3093 3109 3368 3168 cacodoxi.
3402 3109 3536 3163 Pro-

289 3223 370 3284 ὥς
418 3240 570 3290 φασι,
621 3223 929 3292 δεδεγμένοι
971 3224 1081 3276 εἰσὶ
1125 3225 1190 3294 τῇ
1239 3221 1500 3291 καθολικῇ
1544 3217 1864 3288 Ἐκκλησίᾳ.

296 3316 488 3366 Ἔοικε
530 3315 587 3368 δὲ
632 3316 789 3386 σειρὰ
819 3333 901 3378 τις
943 3310 1080 3369 εἶναι
1113 3314 1536 3385 δαιμονόπλοκος
1576 3314 1610 3384 ὴ
1636 3311 1867 3366 καθόλου

295 3406 534 3474 αἵρεσις,
565 3405 728 3476 ἐτέρα
750 3406 848 3475 τῆς
880 3407 1074 3477 ἐτέρας
1107 3405 1362 3476 ἐχομένη,
1390 3405 1486 3457 καὶ
1508 3404 1584 3467 ώς
1613 3405 1676 3456 ἐκ
1709 3419 1872 3474 κορυ-

297 3495 407 3564 φῆς
455 3495 582 3564 μιᾶς
625 3494 1015 3566 ἐξηρτημένων
1049 3494 1277 3548 ἀπασῶν
1314 3494 1417 3564 τῆς
1467 3492 1728 3556 ἀσεϐείας
1779 3492 1873 3544 καὶ

298 3588 525 3652 ἀθεταςο
557 3586 662 3642 κᾶν
690 3588 1062 3661 έτερωνυμίᾳ,
1095 3589 1193 3642 καὶ
1217 3587 1417 3659 χρόνῳ,
1445 3587 1542 3640 καὶ
1573 3585 1744 3655 τόπῳ,
1780 3580 1875 3637 καὶ

301 3681 587 3750 ποσότητι,
622 3681 718 3734 καὶ
752 3680 1033 3752 ποιότητι,
1068 3681 1164 3734 καὶ
1198 3679 1448 3749 δυνάμει,
1495 3677 1592 3730 καὶ⁵
1626 3675 1878 3744 ἐνεργείᾳ

299 3771 658 3842 διαφέρωσιν.
701 3772 853 3826 Ἐπεὶ
887 3772 1020 3843 μηδὲ
1063 3772 1121 3825 ἐν
1164 3771 1259 3825 καὶ
1307 3771 1369 3824 τὸ
1415 3769 1548 3824 αὑτὸ
1595 3768 1778 3838 σῶμα,
1819 3766 1877 3819 ἓν

306 3865 472 3935 μόνον
503 3865 695 3936 μέλος,
725 3865 863 3920 ἀλλὰ
888 3869 984 3920 καὶ
1009 3865 1212 3919 πολλάο
1243 3863 1340 3918 καὶ
1380 3863 1629 3934 διάφοροι
1658 3861 1717 3914 αἰ
1749 3859 1876 3912 τού-

301 3973 419 4010 των
460 3957 596 4028 πρδς
653 3957 862 4026 ἄλληλα
909 3957 1209 4029 ἐνέργειαι,
1262 3956 1542 4027 δυνάμεις,
1594 3954 1877 4025 ἰδιότητες.

306 4049 493 4128 θέσεις
524 4065 584 4102 τε
613 4048 707 4102 καὶ
739 4049 915 4118 τιμαί.

383 4225 522 4298 Περὶ
548 4224 658 4281 τῶν
685 4225 890 4298 ἐτέρων
927 4243 1022 4280 σου
1080 4225 1434 4298 ἐρωτήσεωνο
1463 4225 1497 4294 ἡ
1531 4221 1724 4295 πρώτη
1754 4217 1887 4290 περὶ

308 4321 689 4392 πρεσϐυτέρου
730 4321 824 4376 τοῦ
873 4320 1278 4391 ὀρθοδοξοὺντος
1301 4359 1317 4384 ,
1348 4317 1462 4373 ἀλλ’
1492 4319 1642 4388 ὅμως
1676 4333 1888 4387 μνημο-

308 4413 566 4477 νεύοντος
614 4413 767 4484 φόϐῳ
819 4412 1062 4484 διωγμοῦ
1103 4411 1195 4466 τὸν
1242 4411 1517 4483 αἱρετικὸν
1564 4409 1882 4474 ἐπίσκοπον,
1909 4447 1964 4507 D

311 4507 732 4578 wpoumxpiliqv
771 4523 888 4560 σοι·
944 4507 1079 4578 πλὴν
1112 4506 1208 4560 καὶ
1249 4502 1436 4568 αὖθις·
1489 4505 1536 4556 εί
1571 4503 1647 4574 μὴ
1678 4501 1886 4556 συλλει-

310 4617 410 4654 του
419 4603 542 4671 ργεῖ
558 4599 838 4670 αἱρετικῷ.
858 4599 954 4654 καὶ
978 4600 1027 4652 εἰ
1058 4599 1135 4669 μὴ
1155 4596 1428 4670 μεταδιδοῖ
1453 4598 1569 4660 τοῖς
1601 4593 1885 4658 τοιούτοις,

313 4691 538 4745 δεκτέον
562 4690 654 4744 τὸν
677 4691 918 4744 τοιοῦτον
946 4691 1025 4753 εἰς
1044 4689 1518 4754 συνεστίασιν,καὶ
1543 4684 1886 4756 ψαλμῳδίαν,

317 4784 417 4837 καὶ
443 4783 693 4851 εὐλογίαν
731 4782 1056 4854 βρωμάτων,
1089 4781 1183 4835 καὶ
1209 4781 1368 4835 τοῦτο
1399 4781 1518 4834 κατ’
1552 4777 1888 4848 οἰκονομίαν,

317 4878 381 4932 οὑ
411 4875 512 4946 μέν
534 4893 618 4928 τοι
643 4876 722 4938 εἰς
753 4875 906 4927 θείαν
937 4871 1261 4944 μετάληψιν.
1285 4875 1374 4925 Δεῖ
1401 4871 1456 4923 δέ
1482 4870 1769 4940 ἐπερωτᾷν
1793 4867 1894 4938 τῆς

318 4969 594 5042 αἱρέσεως
630 4967 940 5040 κρατούσης
977 4967 1226 5028 πάντως·
1252 4963 1542 5035 ὁμολογίαν
1574 4962 1630 5015 δέ
1662 4961 1892 5030 δεχομέ-

319 5081 436 5127 νοις
465 5061 776 5133 ἀρκεϊσθαι,
795 5061 896 5113 οὑκ
928 5055 1045 5113 οῖδα
1073 5059 1122 5110 εί
1155 5058 1230 5128 μὴ
1258 5057 1542 5127 προδήλως
1569 5051 1894 5124 ψευδολόγος

262 5151 266 5154 ’
321 5153 489 5224 αὕτη.
521 5152 598 5206 To
625 5151 727 5224 γάρ
753 5150 922 5222 φαίην
955 5167 1014 5203 σε
1053 5147 1402 5203 διδάσκεσθαι
1435 5147 1582 5218 ἡμᾶς
1613 5143 1766 5216 παρὰ
1788 5142 1896 5196 τῶν

321 5246 589 5318 Πατέρων
611 5285 626 5308 ,
667 5243 742 5315 μὴ
776 5244 1095 5315 ἐπερωτᾷν,
1145 5242 1275 5312 περί⁵
1304 5239 1500 5311 καιροῦ
1539 5232 1601 5294 οὗ
1634 5237 1709 5308 μὴ
1750 5235 1897 5289 ἐστιν

322 5339 542 5408 αἵρεσις
599 5335 936 5408 μαινομένη·
1000 5334 1096 5388 καὶ
1151 5333 1281 5405 περὶ
1330 5331 1437 5386 τῶν
1487 5333 1564 5402 μὴ
1615 5327 1898 5400 προδήλως

324 5417 819 5501 κατεγνωσμένων.
867 5427 1122 5481 Τοιοῦτον
1150 5426 1206 5479 δέ
1235 5423 1626 5496 πρεσϐύτερον,
1672 5420 1900 5475 σπάνιον

323 5523 511 5595 εὑρεῖν
539 5522 634 5577 νῦν
661 5520 736 5593 μὴ
767 5519 1093 5593 μιγνύμενον
1125 5519 1216 5574 καὶ
1253 5514 1720 5585 συγκοινωνοῡντα
1748 5513 1900 5582 αἰρε-

324 5633 353 5670 τ
364 5633 521 5680 ικοις.

399 5796 444 5832 ³⁸
472 5795 601 5853 Can.
638 5811 675 5852 ι.

1967 3221 2149 3293 prium
2184 3219 2329 3272 enim
2362 3215 2617 3275 schisma,
2663 3221 2724 3266 ut
2775 3209 2946 3272 aiunt,
2985 3199 3534 3259 anathematizantes.

1968 3317 2036 3372 ab
2070 3311 2308 3370 Ecclesia
2343 3306 2610 3365 catholira
2645 3301 2881 3370 suscepti
2909 3306 3056 3353 sunt.
3097 3293 3323 3348 Videtur
3354 3297 3538 3344 autem

1971 3407 2212 3467 haeresis,
2249 3405 2303 3458 in
2351 3400 2669 3456 universum
2725 3403 2915 3449 catena
2949 3387 3196 3458 quaedam
3228 3396 3348 3438 esse
3375 3395 3406 3434 a
3434 3379 3544 3432 da:-

1973 3516 2133 3558 mone
2152 3503 2402 3554 contexta
2437 3531 2452 3556 ,
2505 3491 2674 3545 altera
2702 3484 2855 3542 alteri
2899 3493 3144 3538 connexa
3175 3517 3191 3543 ,
3226 3473 3544 3542 cunctisque

1973 3602 2228 3660 tanquam
2262 3585 2332 3641 ab
2362 3597 2472 3638 uno
2530 3575 2822 3648 impietatis
2856 3571 3032 3641 capite
3066 3564 3318 3638 appensis
3341 3576 3545 3632 :quan—

1977 3681 2177 3739 tumvis
2203 3675 2520 3733 diversitate
2576 3669 2858 3724 nominum
2892 3701 2907 3726 ,
2934 3670 2990 3717 et
3019 3673 3260 3728 tempore
3279 3697 3293 3721 ,
3319 3663 3374 3709 et
3405 3653 3546 3713 loco,

1977 3785 2032 3831 et
2059 3771 2381 3845 quantitate,
2411 3773 2467 3820 et
2493 3762 2773 3834 qualitate,
2802 3767 2858 3812 et
2891 3752 3149 3826 potentia.
3186 3759 3241 3804 et
3284 3754 3409 3802 actu
3441 3741 3550 3799 dif-

1977 3843 2158 3923 ferant
2188 3881 2204 3918 :
2241 3855 2680 3932 quandoquidem
2708 3866 2810 3906 nec
2836 3863 3006 3902 unum
3059 3843 3310 3910 idemque
3353 3850 3552 3906 corpus

1979 3957 2288 4014 membrum
2335 3959 2419 4006 est
2443 3961 2611 4002 unum
2643 3943 2841 4002 solum,
2867 3937 2962 3993 sed
2991 3934 3157 3990 multa
3187 3947 3202 3996 ;
3243 3926 3552 3995 diversique
3600 3953 3612 3967 -

1981 4057 2111 4104 sunt
2195 4045 2392 4098 horum
2496 4039 2638 4093 inter
2689 4049 2746 4088 se
2805 4038 2998 4090 actus,
3049 4023 3332 4079 facultates
3366 4057 3381 4083 ,
3422 4029 3550 4087 pro-

1983 4140 2263 4211 prietates,
2303 4135 2546 4200 situsque
2573 4137 2630 4182 et
2657 4126 2917 4180 honores.

2055 4230 2212 4298 Quod
2251 4197 2716 4298 spectat—exteras
2771 4207 3224 4282 interrogationes
3283 4213 3448 4266 tuas;
3486 4197 3554 4253 ad

1988 4291 2238 4393 primam,
2268 4291 2336 4373 de
2375 4315 2691 4386 presbytero
2718 4303 3021 4361 orthodoxe
3052 4296 3306 4370 quideln',
3353 4291 3446 4348 sed
3478 4299 3557 4344 ta-

1989 4428 2112 4468 men
2148 4410 2238 4482 qui
2272 4385 2670 4480 persecutionis
2698 4407 2844 4455 metu
2871 4391 3188 4450 haereticum
3241 4385 3555 4456 episcopum

1989 4479 2400 4564 commemorat,
2433 4499 2544 4568 jam
2575 4503 2702 4549 ante
2736 4485 2992 4559 respondi
3030 4481 3123 4538 tibi
3153 4479 3285 4545 ;sed
3317 4484 3371 4530 et
3413 4487 3559 4568 nunc

1989 4599 2188 4654 iterum
2227 4592 2321 4648 :Si
2351 4604 2474 4646 cum
2528 4583 2786 4642 haeretica
2829 4593 2938 4633 non
2987 4571 3284 4630 sacriﬁcet,
3312 4580 3414 4620 nec
3438 4562 3560 4618 tali-

1990 4693 2094 4748 bus
2118 4685 2438 4758 impertiat;
2486 4675 2858 4747 recipiendum
2898 4671 3046 4724 hunc
3097 4676 3218 4718 esse
3269 4659 3335 4714 ad
3371 4653 3561 4711 convi-

1991 4793 2161 4846 ctum,
2194 4756 2251 4834 et
2296 4771 2669 4847 psalmodiam.
2699 4776 2755 4820 et
2789 4756 3226 4818 benedictionem
3273 4760 3517 4804 escarum
3542 4781 3558 4806 ,

1994 4876 2156 4944 idque
2181 4884 2303 4940 per
2347 4861 2830 4935 dispensationem,
2855 4867 2966 4907 non
2995 4857 3178 4904 autem
3208 4843 3276 4897 ad
3325 4837 3562 4894 divinam

1994 4930 2485 5039 participationem.
2531 4954 2865 5018 Interrogare
2912 4953 3139 5014 prorsus
3163 4941 3410 5005 oportet,
3450 4930 3563 4983 hae-

1996 5031 2103 5114 resi
2139 5031 2454 5110 dominante
2484 5065 2498 5113 ;
2523 5041 2864 5100 confessione
2899 5043 3080 5088 autem
3125 5032 3384 5094 susceptae
3405 5032 3430 5082 ‘.
3475 5031 3564 5072 ac-

1995 5150 2297 5218 quiescere,
2355 5139 2458 5194 nisi
2508 5132 2793 5207 perspicue
2850 5127 2921 5181 sit
2969 5123 3121 5179 l'alsa.
3169 5117 3284 5172 Hoc
3335 5112 3481 5187 enim
3520 5126 3565 5162 ,a

1950 5238 1952 5240 ’
1998 5202 2252 5295 ll’atribns
2280 5230 2464 5289 doceri
2512 5229 2613 5282 n'os
2647 5220 2874 5279 dixerim
2913 5235 2928 5282 ;
2977 5229 3087 5294 non
3124 5202 3568 5275 interrogandum

1949 5319 1954 5348 ί
1999 5337 2374 5402 ιμιοιοιιιροτθ
2402 5335 2508 5374 non
2556 5321 2829 5388 grassatur
2867 5303 3115 5366 haeresis,
3145 5315 3247 5354 nec
3275 5297 3342 5351 de
3380 5293 3446 5347 iis
3478 5289 3568 5358 qui

2002 5438 2110 5477 non
2165 5425 2294 5474 sunt
2336 5411 2623 5468 manifeste
2677 5401 2939 5461 damnati.
3001 5388 3321 5465 Huiusmodi
3389 5391 3570 5438 autem

2003 5513 2375 5586 presbﬁerum
2405 5503 2639 5574 reperire
2651 5513 2798 5553 nunc
2831 5506 3010 5549 rarum
3040 5494 3140 5550 est,
3165 5483 3257 5552 qui
3285 5485 3391 5534 non
3421 5488 3572 5530 com-

2007 5608 2300 5664 misceatur
2329 5611 2383 5655 et
2413 5593 2779 5655 communicet
2822 5601 2943 5641 cum
2985 5573 3278 5637 haereticis.
