4044 6366
1764 334 1827 396 S.
1861 330 2258 410 THEODORI
2301 328 2653 392 STUDI-TIE
3700 312 3824 378 1056

2341 442 2410 494 Ἠ
2459 439 2725 511 δευτέρα·
2778 434 2907 508 περὶ
2960 428 3309 504 φιλοχρίστου
3359 424 3824 498 προσκαλουμένου

2271 536 2352 599 είς
2395 534 2458 587 τὸ
2503 533 2790 603 εύκτήριον
2827 525 2994 582 αὐτοῦ
3026 523 3254 589 ποιῆσαι
3295 517 3623 603 παννυχίδα’
3662 517 3753 570 καὶ
3783 519 3826 570 sl

2269 626 2350 679 δεῖ
2387 626 2445 678 ὲν
2489 601 3085 694 αύτῷίλειτουργῆσαι·
3138 613 3232 667 καὶ
3271 609 3392 680 μεθ’
3427 601 3503 663 ὧν
3537 609 3672 678 χρή.
3711 605 3826 658 ’Υπο

2270 715 2583 780 ακουστέον,
2627 713 2724 766 καὶ
2773 711 2932 773 ἰτέον,
2986 707 3082 761 καὶ⁸
3125 701 3468 774 συμψαλτέον
3512 697 3754 782 δηλονότι
3785 699 3826 749 εί

2269 805 2551 881 όρθόδοξος
2582 808 2612 860 6
2641 800 3123 876 προσκαλούμενος
3146 796 3242 850 καὶ
3267 794 3316 848 οί
3343 787 3829 881 ψαλτῳδοιθυλςτι

2271 878 2490 972 τόμενοι
2509 897 2812 968 ἀμφότεροι
2842 893 2940 964 τῆς
2960 890 3070 944 τῶν
3097 885 3390 959 αἱρετικῶν
3412 878 3831 972 κοινωνίαςειίιιί⁵

2276 971 2384 1063 μὴν
2416 993 2512 1044 καὶ
2548 984 2967 1056 λειτουργητέον
2995 982 3052 1034 ὲν
3083 978 3161 1049 τῷ
3191 973 3496 1046 εὐκτηρίῳ,
3543 971 3600 1026 εἴ
3626 971 3831 1063 γε-όμο-

2271 1060 2461 1151 λογοίη
2501 1082 2530 1134 6
2574 1078 2844 1148 κατέχων,
2880 1072 3084 1146 μηκέτι
3129 1069 3236 1124 ὑπὸ
3265 1063 3548 1138 αίρετικοῦ
3591 1061 3722 1118 αὐτὸ
3744 1060 3831 1114 λει-

2272 1171 2642 1245 τουργεῖσθαι.
2694 1168 3032 1242 Προείρηται
3084 1163 3196 1234 γὰρ
3243 1159 3547 1228 ἀναγκαῖον
3600 1151 3733 1209 εῐναι
3780 1152 3832 1206 τδ

2274 1265 2558 1336 ἐπερωτᾷν
2584 1264 2642 1316 ὲν
2673 1263 2808 1315 πᾶσι
2833 1258 2920 1312 διὰ
2953 1255 3052 1326 τὴν
3082 1252 3360 1308 λυττῶσαν
3385 1251 3624 1321 αἵρεσιν.

2358 1358 2421 1410 'H
2465 1355 2659 1427 τρίτη·
2713 1354 2764 1406 εί
2800 1350 2956 1404 λάϐοι
2999 1363 3084 1410 τις
3129 1345 3286 1416 παρά
3322 1357 3469 1406 τινος
3521 1338 3833 1409 Ἐκκλησίαν

2273 1447 2576 1520 όρθόδοξος,
2612 1445 2730 1497 ἐστι
2757 1443 2813 1496 δὲ
2849 1439 3111 1510 συνήθεια
3143 1434 3238 1490 τοῦ
3275 1433 3398 1489 κατ’
3427 1430 3678 1486 ἐνιαυτὸν
3705 1428 3832 1495 ἅπαξ

2275 1541 2308 1612 ἢ
2347 1539 2428 1604 δὶς
2459 1534 2848 1607 συνηθροῖσθαι
2878 1533 2938 1585 ὲν
2969 1531 3106 1602 αὐτῇ
3136 1528 3285 1592 λαδν,
3305 1525 3404 1580 καὶ⁵
3431 1526 3490 1577 ὲν
3517 1526 3589 1594 τῇ
3616 1521 3835 1612 λειτουρ-

2273 1610 2372 1702 γίᾳ
2395 1625 2768 1698 ἀναφέρεσθαι
2797 1623 2888 1678 τὸν
2920 1619 3222 1693 αἱρετικὸν·
3254 1615 3349 1671 τοῦ
3383 1616 3483 1686 μὲν
3508 1611 3731 1684 ψάλλειν
3757 1610 3834 1702 lup

2273 1701 2388 1777 εἷσε
2417 1721 2558 1776 κατὰ
2578 1719 2826 1788 ἀνάγκην
2851 1711 3237 1785 συγχωρητέον
3252 1725 3269 1742 ’
3301 1707 3642 1779 λειτουργεῖν
3663 1703 3737 1764 δὲ.
3759 1701 3831 1756 ού.

2280 1816 2345 1870 El.
2391 1814 2449 1868 δὲ
2497 1811 2728 1868 δυνατὸν
2756 1807 3086 1878 διακοπῆναι
3113 1804 3216 1875 τὴν
3261 1800 3580 1872 συνήθειαν,
3623 1795 3716 1850 καὶ
3740 1795 3834 1848 λιι·

2277 1925 2372 1963 του
2379 1905 2626 1980 ργητέον.

2364 1973 2434 2052 ’ἦ
2460 1973 2730 2068 τετάρτηο
2764 1993 2814 2046 εί
2853 1986 3153 2060 Ἐκκλησία
3182 1985 3334 2038 ἐστὶν
3361 1981 3448 2052 ἐφ’
3553 1981 3582 2034 6
3616 1979 3834 2068 λειτουρ-

2278 2091 2393 2162 γῶν
2425 2067 2691 2160 ἀναφέρει
2722 2085 2813 2140 τὸν
2844 2081 3159 2156 αἱρετικόνο
3187 2077 3301 2148 ἔχει
3320 2073 3426 2129 δὲό
3453 2067 3830 2162 όρθόδοξοςᾼθν-

2279 2160 2596 2254 σιαστήριον
2630 2173 3079 2249 καθηγιασμένον
3113 2171 3173 2224 ὲν
3204 2165 3441 2232 σινδόνι,
3483 2163 3520 2236 ἢ
3555 2164 3614 2216 έν
3646 2160 3829 2254 σανίσι·

2277 2251 2548 2346 προσήκει
2573 2269 2706 2324 αὐτὸ
2739 2266 2967 2336 τεθῆναι
3017 2265 3078 2318 ὲν
3117 2263 3184 2332 τῇ
3223 2259 3366 2329 αὐτῇ
3411 2253 3733 2346 ᾚκκλησίᾳ,
3769 2251 3830 2322 μὴ

2278 2343 2550 2436 παρόντος
2575 2359 2670 2414 τοῦ
2702 2356 3092 2427 ἀναφέροντος,
3115 2351 3211 2405 καὶ
3234 2351 3293 2403 ὲν
3319 2344 3470 2417 αύτῷ
3509 2343 3830 2436 συλλειτουρῖ

2276 2431 2447 2526 γῆσαι
2467 2454 2558 2506 τὸν
2580 2448 2890 2522 όρθόδοξον;
2920 2446 2981 2499 ού
3013 2442 3284 2516 προσήκει
3305 2480 3320 2506 ,
3348 2436 3485 2493 ἀλλὰ
3510 2434 3707 2507 μᾶλλον
3727 2431 3828 2485 κατ’

2275 2547 2526 2617 ἀνάγκην
2556 2545 2615 2597 ὲν
2642 2540 2810 2611 κοινῷ
2835 2537 2993 2610 οἴκῳ,
3046 2531 3427 2602 ὲκλελεγμένῳ
3450 2527 3564 2582 τινὶ
3607 2526 3832 2595 καθαρω-

2274 2642 2333 2695 τέ
2343 2657 2420 2712 ρῳ
2459 2638 2635 2708 τόπῳ.

2357 2733 2420 2785 Ἦ
2450 2731 2678 2801 πέμπτη
2701 2743 2716 2757 ο
2765 2727 2814 2780 εί
2847 2723 2970 2780 καθ’
2997 2721 3118 2777 όδδν
3143 2719 3297 2789 τύχοι
3327 2713 3616 2788 όρθόδοξον
3643 2711 3738 2764 ύπὸ
3761 2725 3831 2801 τι·

2274 2838 2363 2884 νος
2389 2799 2688 2891 ίερωμένου
2716 2817 2748 2887 ἢ
2779 2811 2970 2870 λαῖκοῦ
3003 2808 3418 2884 προσκληθῆναι
3448 2808 3530 2869 είς
3572 2799 3830 2857 συνεστία-

2275 2928 2379 2966 σιν·
2412 2911 2502 2982 εἴη
2532 2911 2589 2964 δὲ
2610 2909 2803 2980 καιρὸς
2827 2903 3148 2977 ψαλμῳδίας
3169 2918 3183 2932 ·
3204 2900 3324 2966 πῶς
3339 2899 3454 2952 ἐστι
3470 2891 3796 2965 διαγενέσθαι
3815 2907 3828 2954 ς

2274 2999 2448 3068 εἷπον,
2479 3001 2578 3056 καί
2608 2999 2771 3054 πάλιν
2799 2997 2944 3067 λέγω
2963 3013 2978 3028 ο
3005 2991 3270 3066 αἱρέσεως
3301 2987 3726 3060 ἐπικρατούσης,
3748 2983 3830 3037 καὶ

2277 3094 2354 3166 μὴ
2385 3089 2826 3162 καταϐληθείσης
2859 3087 2926 3142 δι’
2956 3083 3244 3157 ὁρθοδόξου
3281 3080 3524 3144 συνόδου,
3562 3075 3830 3166 ἀναγκαῖον

2279 3165 2351 3242 in;
2396 3186 2685 3258 διερωτᾷν,
2747 3181 2839 3236 ὲπί
2885 3197 2946 3235 τε
2997 3179 3096 3249 τῆς
3137 3175 3288 3238 θείας
3339 3171 3712 3244 μεταλήψεως,
3752 3165 3833 3258 καὶ

2283 3255 2496 3348 κοινῆς⁷
2526 3255 2822 3336 ἑστιάσεως
2845 3289 2859 3302 ·
2913 3271 3010 3324 καὶ
3052 3267 3230 3330 οὐδεὶς
3276 3263 3471 3336 καιρὸς
3507 3262 3647 3333 πρὸς
3685 3255 3832 3348 ταῦτα

2282 3347 2466 3435 αἰδοῦς
2513 3367 2610 3421 καὶ
2656 3364 2886 3436 ἀωρίας.
2933 3361 3134 3416 Λαϐεἰν
3169 3357 3270 3430 μὲν
3315 3357 3425 3427 γὰρ
3463 3355 3633 3425 ἄρτον
3673 3347 3833 3410 ἁπλῶς

2283 3459 2436 3532 παρὰ
2455 3456 2550 3511 τοῦ
2574 3455 2852 3526 τυχόντος,
2879 3453 2982 3506 οὐκ
3015 3451 3316 3519 ἀναγκαῖον
3345 3449 3426 3510 είς
3453 3445 3736 3517 ἐρώτησιν
3755 3438 3832 3492 καὶ

578 335 716 401 1055

644 447 917 514 Secunda,
948 446 1016 503 de
1067 445 1272 503 Christi
1331 446 1555 509 famulo,
1629 444 1722 516 qui
1761 445 1830 500 ad
1861 444 2158 500 oratorium
2185 442 2236 502 A

574 557 734 598 suum
768 540 1014 604 advocat,
1047 547 1108 594 ut
1143 539 1485 610 pervigilium
1518 537 1823 593 celebretur
1852 552 1865 589 :
1893 543 2073 589 utrum
2113 536 2168 588 in

573 649 640 690 eo
669 647 822 688 sacra
845 631 1018 698 obire,
1037 639 1235 687 etcum
1264 631 1461 701 quibus
1482 635 1751 698 oporteat.
1773 626 1887 681 Mos
1899 625 2171 698 gerendus

574 734 682 792 est,
715 724 1026 780 eteundum
1047 723 1250 792 utique,
1267 731 1324 777 et
1343 735 1450 776 una
1473 719 1833 790 psallendum,
1854 715 2179 773 siortltodo?

573 833 678 874 xus
701 825 788 872 est
810 817 902 886 qui
926 816 1160 870 advocat
1187 822 1244 869 et
1271 812 1363 882 qui
1385 812 1644 882 psallunt,
1667 819 1926 881 caventes
1953 808 2172 878 utrique

574 924 646 966 ne
669 923 793 965 cum
817 906 1086 962 haereticis
1099 901 1672 968 communicent.Quin
1690 911 1746 956 et
1760 916 1912 956 sacra
1931 900 1983 953 in
1999 909 2172 956 orato-

577 1002 660 1057 rio
688 999 1016 1073 peragenda,
1036 999 1084 1054 si
1111 996 1342 1052 afﬁrmet
1367 994 1460 1066 qui
1485 995 1716 1058 obtinet,
1743 993 1988 1048 nondum
2018 992 2077 1048 in
2106 1007 2172 1048 eo

579 1091 893 1146 hzereticum
915 1089 1273 1143 ministrasse.
1302 1085 1422 1142 Jam
1443 1085 1587 1140 enim
1609 1085 1813 1140 dictum
1839 1093 1946 1150 est,
1971 1099 2170 1141 neces-

577 1180 724 1234 sario
745 1179 812 1234 de
837 1178 1112 1242 omnibus,
1165 1176 1236 1232 ob
1269 1176 1542 1232 furentem
1574 1175 1853 1240 hzeresim,
1884 1175 2172 1230 sciscitan-

578 1271 731 1326 dum.

647 1359 864 1425 Tertia;
893 1361 938 1416 si
974 1359 1100 1430 quis
1155 1359 1225 1414 ab
1279 1359 1464 1426 aliquo
1499 1355 1798 1413 Ecclesiam
1868 1354 2176 1425 susceperit

576 1451 931 1516 orthodoxus,
965 1450 1136 1505 moris
1160 1458 1342 1506 autem
1375 1450 1446 1504 sit
1474 1449 1644 1504 semel
1676 1456 1769 1502 aut
1803 1447 2000 1502 iterum
2023 1455 2177 1516 quot-

589 1541 749 1596 annis
770 1541 823 1595 in
845 1537 909 1595 ea
933 1540 1256 1612 congregari
1306 1539 1591 1610 populum,
1618 1553 1682 1594 ac
1705 1537 1945 1593 haeretici
1971 1552 2174 1592 nomen

591 1630 649 1684 in
703 1630 918 1702 liturgia
974 1630 1300 1685 memorari:
1327 1629 1645 1684 necessario
1684 1627 1904 1698 quidem
1943 1626 2174 1698 permit-

580 1722 805 1778 tendum
841 1732 927 1777 est
955 1732 1015 1777 ut
1040 1721 1115 1777 ibi
1148 1722 1433 1792 psallatur,
1489 1736 1600 1777 non
1646 1729 1828 1776 autem
1861 1727 1922 1774 ut
1953 1717 2171 1791 liturgia

577 1814 926 1884 celebretur;
957 1814 1104 1885 quod
1131 1815 1177 1870 si
1212 1813 1450 1868 obtineri
1489 1822 1676 1884 potest
1721 1821 1783 1868 ut
1811 1827 1930 1868 mos
1955 1811 2046 1866 ille
2075 1825 2166 1866 re-

578 1905 874 1973 scindatur,
922 1907 1085 1961 etiam
1115 1905 1328 1978 liturgia
1359 1905 1631 1961 obeunda.
1679 1943 1682 1946 ~

649 1997 888 2065 Quarta;
918 1997 964 2052 si
997 1997 1069 2052 sit
1094 1997 1336 2053 Ecclesia
1375 1997 1432 2052 in
1460 2013 1566 2068 qua
1595 1995 1906 2054 sacriﬁcans
1953 1995 2176 2053 haereti-

577 2103 703 2142 cum
725 2097 1133 2154 commemoret,
1175 2088 1480 2158 habeatque
1509 2087 1844 2143 ortliodoxus
1895 2087 2172 2143 sacriﬁca»

578 2177 782 2234 torium
811 2179 1206 2235 sanctiﬁcatum
1238 2179 1296 2234 in
1323 2178 1555 2234 sindone
1581 2179 1665 2234 vel
1686 2178 1743 2232 in
1765 2179 2041 2234 asseribus
2065 2193 2080 2246 ;
2103 2193 2172 2234 an

576 2270 833 2325 convenit
852 2270 982 2326 illud
1010 2271 1063 2325 in
1093 2270 1282 2339 eadem
1306 2269 1433 2341 poni
1457 2269 1721 2336 Ecclesia,
1745 2285 1857 2324 non
1897 2279 2174 2340 praesente

577 2361 670 2416 illo
689 2362 780 2431 qui
805 2371 1217 2426 commemorat,
1243 2361 1300 2415 in
1351 2375 1526 2430 eoque
1552 2361 1861 2416 sacriﬁcare
1906 2361 2172 2416 orthodo-

579 2467 710 2506 xum
741 2453 764 2506 ?
796 2451 916 2506 Non
968 2452 1224 2507 convenit
1253 2469 1270 2518 ;
1303 2451 1400 2507 sed
1438 2451 1639 2522 potius,
1693 2467 1760 2507 ex
1810 2452 2161 2517 necessitate,

580 2544 637 2597 in
669 2544 947 2599 communi
979 2544 1161 2611 domo,
1187 2543 1402 2600 delecto
1429 2545 1686 2616 quopiam
1712 2544 2002 2600 mundiore
2021 2543 2166 2599 loco.

653 2720 857 2787 Quinta
887 2739 903 2788 ;
933 2719 978 2775 si
1029 2721 1312 2793 contingat
1344 2723 1398 2777 in
1443 2723 1638 2778 itinere
1675 2723 2036 2779 orthodoxum
2072 2739 2168 2780 vo-

582 2811 700 2868 cari
746 2826 777 2865 a
808 2811 1094 2866 sacerdote
1127 2813 1385 2882 quopiam
1436 2815 1518 2870 vel
1560 2814 1695 2869 laico
1737 2815 1807 2869 ad
1837 2815 2169 2880 convivium,

582 2909 641 2954 et
671 2908 884 2968 tempus
908 2897 980 2952 sit
1010 2899 1326 2968 psalmodia:
1357 2916 1372 2966 ;
1398 2901 1671 2970 quomodo
1696 2901 1824 2956 licet
1854 2901 2167 2958 interesse?

585 2991 724 3056 Dixi,
759 3000 814 3046 et
843 2990 1042 3045 iterum
1063 2991 1225 3059 dico;
1254 2992 1449 3047 haeresi
1483 2993 1787 3060 obtinente,
1826 3009 1930 3050 nec
1960 2994 2168 3049 distur-

586 3083 714 3139 bata
745 3077 844 3154 pér
867 3081 1143 3154 Synodum
1168 3083 1548 3150 orthodoxam,
1580 3100 1805 3140 necesse
1825 3095 1910 3140 est
1935 3085 2168 3140 interro-

589 3195 716 3250 gare
746 3189 858 3234 tum
889 3179 946 3234 in
977 3180 1157 3235 divina
1193 3179 1630 3250 participatione,
1658 3187 1772 3245 tum
1795 3179 1850 3234 in
1881 3179 2162 3235 communi

587 3271 845 3327 convictu
875 3289 889 3326 :
919 3286 1021 3326 nec
1055 3271 1227 3326 ullum
1281 3272 1347 3325 ad
1385 3272 1501 3326 haec
1558 3281 1773 3342 tempus
1834 3271 2178 3342 intempesti-

590 3381 718 3420 vum
750 3374 834 3420 est
859 3405 876 3431 ,
910 3381 1013 3421 nec
1065 3364 1260 3436 pudori
1318 3364 1492 3420 locus.
1544 3365 1686 3435 Ergo
1726 3372 1782 3418 ut
1811 3381 2006 3436 panem
2047 3365 2174 3435 quis

595 3456 921 3526 simpliciter
943 3457 1173 3528 accipiat
1201 3473 1230 3512 a
1257 3472 1605 3528 quocunque,
1621 3457 1969 3528 interrogatio
1988 3473 2177 3512 neces-

598 3550 741 3603 saria
795 3565 906 3604 non
957 3561 1084 3614 est;
1121 3565 1300 3621 neque
1354 3557 1414 3603 ut
1457 3548 1601 3619 apud
1663 3549 1817 3602 illum
1877 3549 2173 3618 convivari,

593 3640 820 3696 seorsim
854 3641 1105 3705 fortasse,
1137 3652 1192 3697 et
1235 3643 1477 3698 dormire
1512 3642 1696 3708 liceat,
1730 3642 1777 3696 si
1827 3650 1954 3698 ante
1985 3644 2177 3700 convi-

593 3737 716 3783 ctus
745 3744 855 3783 non
885 3737 970 3784 est
1001 3730 1222 3786 haresis
1265 3740 1360 3785 aut
1388 3729 1669 3801 nequitias.
1713 3732 1788 3786 De
1841 3731 2055 3788 caeteris
2076 3749 2178 3788 au-

596 3826 704 3874 tem
737 3819 1042 3875 necessario
1069 3821 1537 3892 interrogandum.

669 3909 830 3966 Sexta
860 3929 875 3977 ;
909 3920 1091 3966 utrum
1118 3913 1172 3966 in
1205 3914 1440 3968 decursu
1470 3913 1687 3969 itineris
1715 3913 1878 3969 liceat
1907 3915 2177 3971 orthodo-

596 4017 687 4066 κο,
719 4003 764 4057 si
795 4001 1090 4058 Ecclesiam
1135 4004 1256 4060 vico
1304 4006 1388 4060 vel
1431 4006 1550 4062 urbi
1585 4007 1824 4062 vicinam
1855 4007 2174 4076 offenderit,

596 4094 670 4148 ibi
713 4110 890 4162 orare,
927 4095 1238 4161 autetiam,
1266 4096 1396 4151 dum
1422 4096 1684 4152 laicorum
1716 4101 1873 4153 tectis
1911 4099 1991 4154 uti
2019 4099 2173 4166 vitat,

597 4187 653 4240 in
684 4201 750 4241 ea
780 4185 1046 4242 diversari
1075 4186 1098 4240 ?
1129 4185 1196 4242 Et
1249 4188 1517 4243 orandum
1562 4189 1618 4243 in
1649 4189 1737 4243 illa
1770 4231 1785 4255 ,
1819 4199 1874 4244 et
1902 4190 2178 4246 diverten-

601 4276 734 4332 dum
755 4318 771 4344 ,
803 4276 849 4331 si
879 4277 991 4332 sola
1025 4280 1098 4332 sit
1127 4295 1140 4332 :
1171 4277 1266 4337 sed
1294 4287 1348 4333 et
1381 4279 1437 4332 in
1467 4279 1588 4334 laici
1638 4280 1846 4336 aedibus
1877 4281 1962 4337 vel
1993 4297 2176 4338 sacer-

597 4369 761 4434 dotis,
783 4379 1106 4441 urgente,ut
1128 4370 1331 4425 dictum
1357 4373 1621 4437 est,hora3
1649 4373 1992 4439 necessitate,
2011 4373 2178 4430 indif-

597 4460 778 4516 ferens
841 4469 927 4516 est
980 4476 1234 4528 manere,
1289 4463 1648 4534 privatimque
1708 4465 1890 4521 cibum
1937 4482 2174 4533 sumere,

595 4554 804 4622 absque
832 4552 1280 4624 interrogatione,
1313 4564 1368 4611 et
1396 4573 1518 4627 qua:
1548 4557 1670 4611 usui
1711 4567 1841 4613 sunt
1873 4559 2131 4630 accipere
2161 4578 2176 4626 ;

597 4647 642 4702 si
669 4647 830 4704 modo
874 4647 924 4702 ei
950 4647 1041 4718 qui
1083 4648 1356 4720 excipitur
1389 4689 1405 4711 ,
1447 4654 1793 4719 perspectum
1839 4665 1945 4703 non
1990 4650 2081 4712 sit,
2119 4661 2181 4706 ut

597 4737 734 4802 dixi,
765 4737 933 4808 impie
953 4738 1038 4793 vel
1067 4748 1256 4793 contra
1290 4739 1438 4809 leges
1466 4737 1652 4792 vivere
1682 4753 1805 4792 eum
1829 4739 1919 4809 qui
1950 4739 2176 4810 excipit.

600 4829 765 4884 Extra
818 4828 1201 4884 necessitatem
1252 4843 1385 4883 vero
1410 4868 1426 4891 ,
1463 4842 1577 4882 non
1623 4837 1710 4883 est
1741 4829 1942 4883 bonum
1977 4837 2181 4884 temere

598 4919 725 4985 ista,
745 4935 866 4990 quae
883 4919 1026 4976 dicta
1053 4928 1200 4982 sunt,
1225 4919 1512 4975 admittere
1537 4920 1659 4986 ;sed
1677 4920 1940 4976 sciscitari
1961 4931 2017 4977 et
2039 4923 2183 4994 apud

597 5009 963 5065 orthodoxum
1023 5009 1330 5076 divertere,
1359 5019 1414 5064 et
1454 5011 1522 5065 ab
1564 5011 1656 5066 illo
1687 5023 2053 5068 commeatum
2080 5053 2096 5078 ,
2133 5015 2178 5070 si

598 5120 738 5174 opus
761 5115 868 5170 est,
900 5105 1174 5176 accipere.
1205 5106 1296 5160 Sic
1330 5107 1477 5161 enim
1503 5122 1603 5177 per
1638 5117 1857 5163 sanctos
1885 5123 2014 5164 suos
2038 5125 2181 5180 prae-

597 5196 745 5268 cepit
771 5197 1054 5252 Dominus.
1083 5196 1408 5270 Presbytero
1436 5207 1492 5253 et
1522 5200 1819 5270 praeposito
1868 5212 2017 5256 recte
2065 5218 2181 5257 res-

598 5289 838 5361 pondisti
856 5329 871 5353 ,
897 5290 1200 5361 prohibitos
1226 5307 1348 5348 esse
1381 5308 1410 5346 a
1435 5291 1739 5348 ministerio
1773 5308 1869 5348 eos
1891 5293 1984 5363 qui
2033 5309 2182 5351 nunc

595 5379 829 5436 ordinati
857 5389 987 5436 sunt
1009 5381 1079 5436 ab
1101 5397 1166 5436 eo
1192 5382 1282 5452 qui
1308 5390 1558 5452 repertus
1581 5393 1684 5450 est,
1701 5383 1916 5439 etiamsi
1962 5385 2077 5453 ipse
2100 5385 2184 5439 di-

596 5472 782 5527 ceret:
809 5471 944 5529 Male
971 5483 1089 5530 acta
1119 5483 1203 5530 est
1219 5477 1480 5546 synodus,
1503 5483 1560 5531 et
1575 5477 1858 5546 periimus.
1879 5475 1989 5531 Cur
2008 5478 2177 5541 enim,

595 5577 721 5618 cum
772 5563 1040 5632 fateatur,
1113 5581 1225 5622 non
1272 5566 1409 5638 fugit
1455 5568 1715 5634 exitium,
1773 5569 2084 5625 subduceris
2123 5587 2182 5626 se

597 5654 666 5710 ab
689 5645 900 5722 haeresi,
927 5667 988 5713 ut
1010 5659 1154 5730 apud
1177 5659 1348 5714 Deum
1371 5669 1588 5714 maneat
1611 5660 1942 5732 episcopus?
1973 5678 2034 5718 ac
2067 5673 2180 5717 sta-

598 5745 695 5802 tim
732 5751 1094 5821 acceptabiles
1129 5761 1292 5808 erunt
1327 5751 1447 5824 ejus
1487 5751 1874 5810 ordinationes.
1910 5756 2018 5810 Aut
2059 5771 2174 5819 cur,

2204 4505 2258 4565 D

2284 3551 2417 3626 παρ’
2446 3550 2598 3622 αύτῷ
2623 3548 2962 3620 ὲστιαθῆναι,
2991 3543 3310 3615 καταμόνας
3341 3539 3529 3611 τυχὸν,
3565 3538 3655 3591 καὶ
3679 3549 3833 3626 zona:

2286 3623 2519 3715 σθῆναι,
2555 3645 2605 3697 εί
2641 3643 2786 3714 μήγε
2825 3636 3282 3712 προεγνωσμένος
3315 3633 3465 3689 ἐστὶν
3491 3633 3555 3686 ὲν
3591 3623 3832 3700 αίρέσειῆ

2284 3733 2476 3805 κακία.
2509 3733 2649 3802 Περὶ
2691 3729 2749 3784 δὲ
2774 3727 2885 3782 τῶν
2917 3726 3123 3780 λοιπῶν
3155 3723 3214 3790 ἐξ
3248 3724 3494 3793 ἀνάγκης
3535 3716 3831 3791 ὲρωτητὲον.

2366 3917 2434 3971 Ἦ
2485 3915 2654 3988 ἕκτη·
2711 3914 2761 3967 εί
2817 3910 2961 3968 κατὰ
3015 3909 3251 3982 πάροδον
3301 3904 3536 3978 εὑρόντα
3585 3897 3833 3971 όρθόδοξον

2297 4008 2627 4082 Ἐκκλησίαν
2655 4005 3064 4077 πλησιάζουσαν
3097 4001 3262 4073 κώμῃ
3292 3999 3524 4072 ηπόλει,
3561 3997 3676 4050 δέον
3695 3992 3832 4046 αὑτὸν

2285 4101 2547 4168 εὔξασθαι
2579 4103 2716 4164 ἐκεῖ,
2746 4100 2780 4170 ἢ
2811 4097 2906 4152 καὶ
2931 4094 3261 4158 καταλῦσαι,
3302 4091 3579 4162 φεύγοντα
3606 4087 3828 4156 ὑφέστιον

2283 4193 2540 4264 γενέσθαι
2561 4191 2768 4254 λαῖκοίς
2794 4206 2809 4255 ;
2842 4189 2953 4242 Καὶ
2972 4187 3220 4250 εὐκτέον,
3245 4183 3340 4238 καὶ⁵
3373 4175 3829 4242 καταλυτέον,είγε

2288 4286 2426 4358 μόνη
2447 4283 2596 4339 ἐστίν
2615 4300 2628 4315 ·
2649 4282 2786 4337 ἀλλὰ
2804 4279 2898 4337 καὶ
2923 4281 3003 4343 είς
3027 4278 3204 4332 οἰκίαν
3231 4274 3446 4341 λαῖκοῦ,
3472 4275 3507 4346 ἢ
3533 4269 3822 4344 ίερωμένου,

2284 4380 2361 4443 ὼς
2398 4376 2616 4450 εἴρηται
2658 4371 3097 4444 κατεπειγούσης
3143 4369 3452 4440 ἀναγκαίας
3485 4368 3669 4436 ῶρας,
3699 4361 3825 4416 ἁδιάο

2287 4471 2457 4544 φορόν
2485 4471 2602 4523 ἐστι
2638 4471 2838 4539 μεῖναι,
2870 4465 2966 4520 καὶ
2995 4462 3312 4534 ὲστιαθῆναι
3341 4460 3464 4516 καθ’
3492 4459 3701 4520 ἑαυτὸν,
3722 4454 3829 4508 ἄνευ

2282 4563 2638 4636 ἐρωτήσεως·
2689 4561 2785 4615 καὶ
2825 4558 3012 4614 λαϐεῖν
3038 4557 3109 4612 τὰ
3142 4556 3279 4627 πρὸς
3328 4554 3551 4626 χρείαν·
3597 4553 3734 4619 εῐγε,
3766 4546 3828 4636 ὡς

2282 4651 2458 4721 εἷπον,
2514 4652 2590 4725 μὴ
2637 4652 2723 4723 εῐη
2773 4653 2800 4705 6
2833 4649 3232 4721 ὑποδεχόμενος
3296 4643 3735 4718 προεγνωσμένος
3767 4635 3830 4704 τῷ

2283 4745 2640 4817 ύποδεχθέντι
2673 4741 2886 4797 ἀσεϐῶν
2913 4741 2948 4811 ἢ
2974 4741 3216 4810 ἀνόμων.
3245 4738 3394 4809 Πλὴν
3416 4737 3473 4790 δὲ
3501 4735 3758 4802 ἀνάγκης,
3777 4727 3828 4781 οὐ

2283 4837 2446 4891 καλὸν
2481 4834 2557 4900 ῶς
2590 4834 2751 4906 ἔτυχε
2775 4833 2845 4887 τὰ
2874 4831 3261 4904 προρρηθέντα
3286 4827 3712 4895 καταδέξασθαι·
3733 4819 3828 4877 ἀλλ’

2283 4929 2520 5000 ἐρωτᾷν,
2568 4927 2664 4980 καὶ
2710 4926 2862 4996 παρὰ
2888 4924 2967 4995 τῷ
2993 4922 3264 4995 όρθοδόξῳ
3307 4921 3632 4975 καταλύεινο
3671 4915 3757 4969 καὶ
3787 4910 3828 4963 εί

2283 5021 2462 5094 χρεία,
2515 5019 2645 5091 παρ’
2680 5018 2847 5072 αὑτοῦ
2879 5017 3067 5085 ἐφόδια
3097 5017 3275 5088 αἴρειν
3298 5031 3311 5046 ο
3348 5011 3492 5067 οὕτω
3525 5012 3628 5080 γάρ
3676 5011 3703 5061 6
3735 5002 3827 5059 Κύ-

2286 5132 2402 5186 ριος
2435 5113 2742 5168 ἐντέλλεται
2784 5110 2874 5164 διὰ
2903 5110 3012 5163 τῶν
3054 5109 3226 5178 ἁγίων
3262 5108 3451 5161 αὑτοῦ.
3499 5104 3590 5174 Τῴ
3613 5096 3824 5172 πρεσϐυ-

2281 5207 2426 5278 τέρῳ
2451 5205 2545 5259 καὶ
2571 5202 2862 5274 ἡγουμένῳ
2891 5199 3072 5262 καλῶς
3096 5196 3422 5269 ἀπεκρίθης,
3453 5192 3724 5266 εἱρχθῆναι
3743 5187 3824 5257 τῆς

2283 5296 2626 5369 λειτουργίας
2661 5299 2788 5358 τοὺς
2831 5293 2949 5346 νυνὶ
2975 5289 3454 5362 χειροτονηθέντας
3482 5288 3586 5341 ὑπὸ
3629 5281 3714 5336 τοῦ
3749 5278 3826 5369 et}

2287 5367 2562 5462 ρεθέντος,
2601 5387 2849 5455 λέγοντος
2897 5384 2954 5436 δὲ
2987 5384 3160 5452 ὅμως,
3206 5382 3289 5434 ὅτι
3335 5377 3519 5441 κακῶς
3563 5373 3762 5462 ἐγένετο

2287 5456 2522 5542 σύνοδος,
2570 5477 2664 5530 καὶ
2691 5472 3074 5544 ἀπολώλαμεν.
3123 5470 3221 5524 Διὰ
3248 5470 3302 5522 τί
3337 5471 3445 5538 γὰρ
3489 5461 3748 5538 ὁμολογῶν
3775 5456 3824 5508 οὑ

2287 5570 2477 5640 φεύγει
2509 5570 2606 5641 τὴν
2639 5567 2942 5630 ἀπώλειαν,
2988 5563 3314 5618 διαστέλλων
3356 5560 3547 5615 ἑαυτὸν
3574 5557 3670 5624 τῆς
3696 5546 3825 5619 αἱρέ-

2288 5680 2444 5728 σεως,
2475 5661 2561 5716 ἵνα
2594 5663 2729 5733 μένῃ
2765 5658 2920 5731 παρὰ
2945 5657 3064 5729 Θεῷ
3107 5657 3439 5720 ὲπίσκοπος;
3472 5653 3565 5708 καὶ
3589 5649 3717 5702 είσὶν
3743 5641 3822 5695 αὖ·

2288 5753 2378 5808 τοῦ
2414 5754 2602 5808 δεκταὶ
2626 5755 2681 5808 αἱ
2717 5751 3041 5826 χειροτονίαι
3077 5749 3297 5805 αὐτίκα.
3332 5748 3405 5803 Ἦ
3429 5745 3516 5802 διὰ
3547 5743 3598 5798 τί
3627 5745 3818 5808 προκει-
