4044 6366
248 307 386 376 1057

1462 318 2000 384 EPISTOLARUM
2037 325 2183 386 LIB.
2228 328 2275 387 Ι.

3371 336 3506 403 1058

245 426 415 496 μένης
461 424 560 495 τῆς
603 422 870 495 αἱρέσεως
893 464 908 490 ,
962 426 1044 490 εἰς
1080 426 1419 498 χειροτονίαν
1453 431 1482 484 6
1516 431 1824 503 ἡγούμενος

1928 447 2206 507 prostante
2236 438 2463 507 haeresi,
2505 440 2572 495 ad
2619 441 3018 498 ordinationem
3043 443 3355 505 haereticam
3390 453 3503 506 fra-

241 518 528 587 προήγαγε
547 516 673 579 τοὺς
708 514 974 587 ἀδελφοὺς
992 518 1310 591 αἱρετικήν;
1361 521 1429 576 ἂν
1461 517 1556 577 οὖν
1586 524 1615 578 6
1642 542 1825 596 χειρο-

238 609 473 680 τονήσας
499 607 780 680 ὤρθωσεν,
811 604 881 681 ἦν
906 609 1092 674 αὐτοῖς
1118 609 1282 683 εὐθής
1313 608 1644 687 ἱερουργεῖν
1671 615 1827 682 ὄντος

239 700 302 754 δὲ
331 701 392 754 ἐν
415 702 483 772 τῇ
516 701 730 772 αἱρέσει
759 700 847 755 διὰ
869 701 966 755 τοῦ
998 702 1293 775 ἀναφέρειν
1317 702 1483 759 αὑτὸν
1516 707 1821 778 αἱρετικὸν,

239 790 344 845 κᾶν
370 791 432 845 τὸ
457 791 715 863 φρόνημα
744 790 895 862 λέγοι
925 792 1070 863 ἔχειν
1113 793 1295 862 ὐγιέςυ
1331 794 1430 867 οὐχ
1459 790 1574 851 οἷόν
1617 815 1679 851 τε
1727 796 1824 864 οὓς

236 886 538 954 χειροτονεῖ
562 886 629 956 τῇ
652 883 884 957 ἀληθείᾳ
912 878 1052 938 εῖναι
1080 884 1430 957 λειτουργοὺς
1457 888 1615 945 Θεοῦ.
1657 890 1721 944 Ei
1762 890 1822 944 δὲ

238 973 461 1045 πνεῦμα
490 974 657 1046 ζήλου
690 973 827 1028 Θεοῦ
852 973 1062 1045 ἀνῆψεν
1091 975 1151 1030 ἐν
1172 975 1253 1048 τῷ
1276 977 1701 1053 καθηγουμένῳ,
1727 983 1825 1036 καὶ

237 1068 602 1139 προθυμεῖται
626 1067 921 1137 ὁμολογίας
950 1068 1214 1138 στέφανον
1236 1071 1617 1142 ἀναδήσασθαι
1638 1089 1655 1106 ν
1688 1074 1825 1146 μηδέ

235 1160 623 1233 λειτουργείτω
648 1162 708 1216 ἐν
735 1164 806 1234 τῇ
835 1161 927 1216 ὑπ’
952 1163 1118 1218 αὐτοῦ
1148 1162 1598 1238 ἐνθρονιασθείσῃ
1621 1168 1825 1239 ἐκκλη-

238 1250 358 1322 σίᾳ’
416 1252 556 1323 μήτε
610 1249 934 1323 ἀναφερέτω
985 1252 1148 1307 αὑτὸν
1207 1253 1284 1318 ὡς
1333 1254 1658 1311 ἐπίσκοπον.
1710 1258 1824 1312 Καὶ

239 1343 515 1415 μακάριος
566 1336 723 1407 οὗτος
754 1383 770 1409 ,
821 1342 1034 1397 πολλῶν
1086 1345 1183 1398 καὶ
1238 1345 1417 1403 ἄλλων
1465 1351 1823 1422 παράδειγμα

236 1434 518 1507 σωτηρίας
543 1434 855 1504 γενόμενος.

308 1524 573 1590 Τεθέντος
614 1523 673 1577 δέ
716 1523 1106 1594 θυσιαστηρίου
1155 1524 1214 1578 ἐν
1247 1527 1313 1596 τῇ
1360 1525 1498 1598 αὐτῇ
1530 1528 1821 1600 ἐκκλησίᾳ,

232 1617 393 1671 οὐδὲν
428 1617 490 1671 τὸ
517 1616 728 1671 κωλῦον
750 1616 1085 1688 λειτουργεῖν
1114 1618 1316 1673 ἐκεῖσε.
1354 1619 1420 1672 Ὃ
1450 1620 1507 1673 δέ
1533 1637 1603 1691 με
1631 1620 1822 1677 ἔλαθεν

233 1708 497 1784 ἀνωτέρω
556 1710 833 1781 σημάναι,
894 1708 1284 1780 μνησθήσομαι
1365 1710 1634 1766 ἐνταῦθα’
1695 1712 1819 1777 ὅτι,

1929 536 2041 585 tres
2070 530 2328 600 produxit
2352 532 2710 603 praepositus?
2759 532 2817 589 Si
2838 550 2968 607 ergo
2991 536 3037 592 is
3088 540 3185 611 qui
3233 541 3507 598 ordinavit

1927 629 2075 677 recte
2093 621 2243 690 fecit,
2271 624 2582 682 ministrare
2604 626 2785 682 statim
2812 636 3111 698 potuerunt
3134 633 3262 689 :sed
3279 649 3404 690 cum
3435 639 3507 695 sit

1926 711 2219 771 haereticus
2244 755 2261 783 ,
2290 730 2358 771 eo
2389 717 2536 787 quod
2586 718 2904 775 haereticum
2941 722 3060 793 ipse
3088 737 3502 793 commemorat,

1926 806 2143 861 tametsi
2169 822 2363 863 sanum
2388 823 2447 864 se
2469 809 2673 865 habere
2690 826 2915 867 sensum
2938 813 3103 882 dicat,
3130 831 3242 871 non
3268 829 3506 888 possunt

1924 910 2063 966 quos
2090 897 2305 953 ordinat
2336 897 2394 953 in
2443 899 2590 955 veris
2632 900 2729 956 Dei
2779 902 3045 959 ministris
3076 907 3312 964 censeri.
3346 908 3504 975 Quod

1925 986 1972 1042 si
1996 987 2219 1057 spiritus
2249 988 2350 1044 zeli
2408 989 2580 1045 divini
2614 980 2906 1049 exarsit'in
2932 998 3226 1066 praeposito
3247 1038 3264 1065 ,
3296 1006 3352 1055 et
3368 1016 3504 1056 con-

1923 1074 2178 1135 fessionis
2206 1093 2462 1134 coronam
2487 1080 2717 1152 adipisci
2750 1084 2934 1140 studet
2965 1101 2980 1151 ;
3016 1101 3120 1141 nec
3158 1101 3311 1144 sacra
3342 1090 3506 1147 obeat

1922 1167 1980 1222 in
2012 1168 2242 1223 ecclesia
2272 1167 2329 1223 in
2354 1184 2458 1239 qua
2491 1169 2580 1225 ille
2617 1172 2909 1242 praesidet,
2949 1190 3128 1245 neque
3168 1176 3324 1233 illum
3379 1187 3505 1236 tan-

1923 1275 2085 1330 quam
2135 1261 2455 1332 episcopum
2506 1274 2920 1321 commemoret.
2955 1267 3020 1321 Et
3047 1267 3241 1323 beatus
3285 1270 3379 1327 hic
3412 1272 3504 1343 qui

1923 1353 2041 1409 aliis
2070 1369 2288 1425 quoque
2315 1356 2502 1413 multis
2533 1357 2786 1427 exemplo
2808 1354 2876 1413 ad
2901 1359 3130 1415 salutem
3178 1362 3366 1419 fuerit.

1992 1526 2177 1585 Posito
2205 1538 2385 1586 autem
2417 1532 2472 1586 in
2504 1533 2733 1589 ecclesia
2768 1534 2855 1591 illa
2903 1538 3324 1610 sacrificatorio,
3370 1542 3505 1599 nihil

1924 1630 2011 1676 est
2062 1621 2208 1691 quod
2252 1621 2363 1677 illic
2398 1624 2714 1681 ministrare
2761 1627 3070 1697 prohibeat.
3115 1632 3272 1699 Quod
3322 1644 3505 1690 autem

1923 1713 2177 1783 superius
2222 1729 2447 1769 monere
2493 1717 2713 1783 excidit,
2765 1726 3052 1791 suggeram
3081 1722 3188 1780 hoc
3232 1726 3370 1791 loco,
3411 1742 3505 1791 ne,

232 1801 432 1871 ἐπειδὴ
475 1799 625 1869 λέγει
653 1801 682 1854 6
707 1800 864 1869 ἅγιος
904 1799 1189 1863 Βασίλειος
1236 1800 1369 1872 περὶ
1410 1801 1520 1855 τῶν
1551 1802 1611 1857 ἐν
1641 1819 1823 1873 παρα-

1928 1819 2047 1859 cum
2070 1805 2138 1860 de
2164 1804 2230 1861 iis
2247 1805 2341 1875 qui
2374 1806 2428 1859 in
2462 1823 2866 1881 parasynagoga
2888 1810 3116 1868 fuerunt
3135 1815 3265 1872 dicit
3285 1827 3509 1873 sanctus

238 1894 541 1963 συναγωγῇ
570 1892 886 1963 γενομένων
910 1891 1060 1958 τάδε,
1085 1891 1230 1945 ὥστε
1264 1893 1533 1958 πολλάκις
1574 1897 1668 1949 καὶ
1691 1896 1823 1960 τοὺς

231 1986 296 2038 ἐν
321 1982 521 2055 βαθμῷ
545 1983 988 2047 συναπελθόντας
1018 1986 1134 2047 τοῖς
1177 1984 1599 2052 ἀνυποτάκτοις,
1630 1988 1754 2041 ἐπεὶ
1775 1987 1821 2041 δ’

229 2076 302 2130 ἂν
334 2075 814 2147 μεταμληθῶσιν,
848 2077 931 2140 είς
959 2075 1061 2147 τὴν
1088 2076 1261 2148 αὐτὴν
1288 2078 1701 2150 παραδέχεσθαι
1723 2080 1821 2134 τά-

234 2169 320 2233 ξιν
344 2184 359 2199 ⁸
423 2168 501 2239 μὴ
560 2168 760 2222 οἰέσθω
801 2185 900 2222 σου
934 2170 968 2239 ἡ
1000 2168 1261 2224 εὐλάϐεια
1307 2171 1688 2226 ἐναντιοῦσθαι
1728 2173 1823 2227 τὸν

231 2261 402 2330 λόγον
434 2260 512 2331 τῷ
545 2259 896 2331 ἀποστολικῷ
947 2259 1135 2315 κανόνι
1187 2259 1427 2330 λέγοντι.
1461 2281 1480 2315 ι
1517 2261 1587 2315 Εῐ
1603 2278 1689 2326 τις
1719 2279 1821 2316 κα-

232 2353 545 2425 θῃρημένῳ
598 2354 859 2425 κληρικὺς
906 2351 983 2408 ὢν
1036 2353 1114 2418 ὡς
1164 2353 1417 2425 κληρικῷ
1470 2354 1821 2424 συνεύξεται,

233 2445 624 2517 καθαιρείσθω
655 2446 755 2499 καὶ
792 2446 976 2509 αὑτός.
1020 2465 1040 2498 ι
1086 2445 1250 2500 Ἀλλά
1278 2444 1570 2518 νομιζέτω,
1601 2447 1704 2511 ὅτι,
1747 2448 1826 2513 ὡς

230 2538 488 2611 διεκρίθη
542 2542 694 2609 παρά
748 2536 859 2591 τῶν
890 2537 1176 2608 Πατέρων,
1223 2538 1372 2601 τίνες
1418 2535 1532 2593 εἶεν
1583 2540 1825 2611 αἱρέσεις

233 2631 378 2702 πρὸς
435 2628 744 2701 σχίσματα’
799 2628 943 2683 οὕτω
998 2628 1351 2701 διακέκριται
1388 2629 1633 2701 δηλονότι
1678 2630 1825 2685 κατά

230 2724 341 2796 τὴν
393 2723 693 2777 ἀκόλουθον
734 2721 969 2788 ἔννοιαν,
1024 2721 1109 2786 τίς
1165 2724 1315 2775 ἐστιν
1345 2722 1375 2774 6
1422 2723 1824 2795 ἀπαραιτήτως

232 2814 526 2887 καθαιρῶν
576 2812 763 2869 κανὼν
826 2813 920 2868 τὸν
972 2813 1346 2886 καθῃρημένῳ
1397 2816 1821 2885 συνευξάμενον,

231 2907 398 2977 παρὰ
427 2907 518 2961 τὸν
553 2907 612 2961 ἐν
643 2907 1095 2978 παρασυναγωγῇ
1148 2905 1482 2977 γενόμενον·
1537 2908 1619 2961 ὅτι
1658 2907 1687 2960 6
1721 2907 1823 2977 μὲν

231 3001 399 3064 εἰδὼς
441 3000 523 3056 ὅτι
568 2998 1021 3071 ὁμολογουμένως
1070 2998 1445 3071 καθῃρημένῳ
1478 3001 1821 3071 συνεύχεται,

231 3093 471 3157 εἰκότως
492 3092 693 3146 αὐτίκα
716 3089 1087 3160 καθαιρεῖται,
1106 3089 1422 3160 ἀδιαφόρως
1436 3090 1702 3160 ἐνεχθεὶς,
1730 3091 1824 3145 καὶ

242 3188 326 3259 μὴ
363 3183 763 3257 προσεσχηκὼς
788 3182 865 3254 τῷ
884 3182 1102 3236 κανόνι’
1132 3182 1161 3234 ὀ
1188 3181 1267 3246 δὲ,
1303 3180 1378 3245 ὡς
1426 3183 1529 3236 οὐκ
1576 3182 1824 3253 οἰόμενος

233 3277 383 3335 εἶναι
436 3279 848 3351 καθῃρημένον,
891 3272 936 3345 ᾧ
987 3275 1314 3348 συναπήχθη
1373 3276 1513 3347 μετά
1561 3276 1825 3348 πλήθους,

232 3375 331 3429 ἐπ’
362 3371 455 3438 ἂν,
486 3373 643 3443 φησὶ,
678 3368 1062 3442 μεταμεληθῇ,
1097 3369 1180 3432 εἱς
1214 3366 1316 3439 τὴν
1351 3367 1524 3438 αὐτὴν
1581 3368 1827 3439 παραδέ-

234 3466 434 3521 δεκται
460 3463 640 3531 τάξιν.
664 3462 994 3535 Πρόσκειται
1024 3459 1084 3516 δὲ
1130 3459 1228 3515 καὶ
1274 3459 1436 3513 τοῦτο
1466 3460 1735 3524 πολλάκις
1768 3460 1828 3514 ἐν

232 3558 319 3631 τῷ
349 3559 498 3630 λόγῳ
524 3557 622 3612 τοῦ
649 3556 809 3626 ἁγίου
835 3571 849 3585 ·
891 3554 1035 3609 ὥστε
1069 3554 1189 3609 ἐστὶ
1226 3555 1325 3608 καὶ
1361 3552 1827 3625 μεταμελόμενον,

237 3654 321 3723 μὴ
374 3652 458 3714 είς
499 3649 601 3721 τὴν
634 3647 808 3718 αὐτὴν
839 3644 996 3711 τάξιν
1045 3642 1483 3716 Μραδεχθῆναι.
1534 3644 1646 3696 Καὶ
1674 3635 1831 3707 οὗτος

238 3743 348 3813 μὲν
375 3741 406 3795 6
438 3739 598 3809 λόγος
632 3736 1005 3807 ἐνδεχομένως
1034 3734 1332 3790 ἐκδέδοται.
1372 3733 1433 3786 Ὀ
1462 3733 1519 3786 δέ
1540 3731 1831 3787 ἀποστολι-

236 3834 340 3897 κὸς
384 3830 567 3887 κανὼν
621 3828 944 3899 ἀναγκαίως
994 3826 1092 3881 xui.
1150 3825 1573 3897 ἀπαραιτήτως.
1628 3824 1753 3877 Ὅτι
1801 3825 1831 3877 6

233 3924 598 3997 ψευδώνυμος
625 3918 1001 3995 Χριστοφόρος
1032 3918 1196 3974 πάλιν
1226 3919 1308 3982 εἱς
1336 3917 1399 3971 τὸ
1422 3918 1555 3971 ίδιον
1585 3915 1829 3988 ἐξέραμα

239 4012 616 4085 ὑπέστρεψεν,
657 4010 768 4065 οὐδ’
797 4010 937 4073 ὅλως
1002 4006 1317 4078 ἐθαύμασα,
1366 4005 1528 4070 είδὼς
1571 4006 1736 4060 αὐτοῦ
1766 4006 1830 4060 τὸ

238 4107 484 4163 ἄστατον
517 4104 615 4157 καὶ
641 4101 880 4170 άπαγές.
912 4097 1039 4154 Ὀτι
1064 4099 1120 4152 δὲ
1140 4101 1170 4153 6
1198 4097 1496 4167 Κληδόνιος
1523 4097 1664 4168 ὑπὲρ
1696 4097 1832 4169 άλη-

238 4197 399 4261 θείας
422 4196 557 4268 μίαν
587 4194 756 4267 μόνην
774 4192 990 4265 ἡμέραν
1010 4192 1209 4264 ἤνεγκε
1227 4189 1476 4262 φυλακὴν
1497 4189 1591 4245 καὶ
1615 4190 1831 4262 πληγὰς

236 4288 401 4360 παρά
426 4287 539 4341 τῶν
565 4285 803 4347 ἀσεϐῶν,
846 4285 987 4339 πάνυ
1035 4283 1283 4352 ἐξέστην.
1322 4281 1486 4336 Ὥστε
1511 4283 1561 4335 εί
1591 4280 1703 4344 ἓως
1730 4278 1828 4333 τοῦ

238 4382 341 4437 νῦν
373 4379 630 4450 ἐπιμένει
657 4378 888 4447 δυνάμει
942 4375 1103 4439 Θεοῦ,
1152 4375 1225 4445 μὴ
1255 4374 1455 4446 ἀεργὸν
1478 4373 1707 4445 γένηταί
1747 4372 1831 4426 σοί

1923 1895 2175 1960 Basilius,
2208 1912 2589 1968 sepenumero
2618 1901 2782 1956 etiam
2807 1902 2929 1959 illos
2959 1904 3053 1974 qui
3084 1905 3139 1960 in
3165 1908 3334 1977 gradu
3356 1918 3506 1974 sunt,

1924 1988 1969 2043 si
1999 1997 2283 2058 postquam
2323 1998 2676 2046 contumaces
2721 1994 2917 2049 sectati
2964 2005 3113 2063 sunt,
3159 1998 3507 2069 resipiscant,

1924 2077 1978 2133 in
2026 2080 2280 2135 eumdem
2337 2080 2587 2136 ordinem
2637 2083 2853 2154 recipi;
2906 2086 3181 2143 existimet
3222 2088 3511 2158 prudentia

1925 2178 2038 2234 tua,
2076 2186 2380 2242 repugnare
2407 2172 2525 2227 haec
2544 2174 2708 2228 verba
2741 2174 2951 2231 Canoni
3001 2179 3302 2248 apostolico
3324 2180 3512 2236 dicen-

1927 2263 1968 2318 ti
1993 2262 2039 2294 “
2065 2282 2079 2318 :
2119 2279 2139 2315 ι
2176 2262 2232 2319 Si
2266 2264 2389 2334 quis
2416 2266 2649 2322 clericus
2676 2282 2799 2323 cum
2832 2270 3084 2340 deposito
3114 2280 3373 2343 tanquam
3403 2274 3513 2330 clo-

1925 2356 2042 2411 rico
2072 2355 2329 2421 oraverit,
2364 2357 2671 2426 deponatur
2699 2360 2944 2430 etipsc.»
2981 2361 3087 2418 Sed
3113 2372 3289 2433 putet.
3317 2379 3511 2433 quem-

1923 2447 2217 2502 admodum
2265 2446 2587 2502 distinctum
2654 2458 2740 2504 est
2768 2466 2799 2505 a
2833 2450 3105 2519 Patribus,
3130 2469 3239 2523 quo
3255 2452 3512 2510 diﬂerant

1926 2539 2166 2595 haereses
2215 2555 2246 2595 a
2288 2541 2724 2609 schismatibus;
2770 2544 2850 2600 sic
2897 2544 3087 2615 utique
3141 2555 3510 2602 consentanea

1927 2630 2286 2701 intelligentia
2338 2630 2655 2686 distinctum
2702 2648 2848 2699 esse,
2896 2635 3028 2704 quis
3082 2633 3154 2691 sit
3188 2650 3388 2703 canon,
3418 2636 3513 2707 qui

1926 2738 2053 2779 cum
2092 2723 2344 2794 deposito
2391 2732 2663 2791 orantem,
2694 2724 3105 2784 inexorabiliter
3136 2728 3364 2799 deponit
3399 2743 3515 2799 pm

1928 2829 1996 2871 eo
2025 2814 2118 2885 qui
2149 2831 2568 2888 parasynagogae
2598 2816 2848 2872 interfuit
2874 2836 2887 2873 :
2916 2833 2984 2874 eo
2999 2818 3145 2889 quod
3173 2818 3261 2875 ille
3292 2819 3512 2890 quidem

1929 2907 2111 2962 sciens
2138 2921 2297 2962 orare
2335 2922 2521 2963 secum
2553 2924 2700 2974 eum,
2740 2925 2902 2977 quem
2938 2910 3245 2982 depositum
3271 2927 3393 2968 esse
3415 2927 3514 2983 pa-

1926 2999 2034 3054 lam
2083 3008 2188 3067 est,
2239 3000 2436 3055 merito
2492 3001 2675 3055 statim
2726 3001 3043 3072 deponitur,
3076 3011 3138 3058 ut
3167 3004 3262 3074 qui
3304 3005 3514 3075 absque

1929 3093 2250 3151 discrimine
2287 3094 2418 3165 egit,
2462 3103 2517 3150 et
2565 3096 2763 3150 canoni
2801 3096 3029 3153 minime
3072 3098 3510 3170 obtemperavit:

1928 3185 2022 3241 hic
2062 3200 2214 3249 vero,
2243 3194 2303 3239 ut
2326 3185 2420 3255 qui
2446 3201 2558 3241 non
2586 3186 2799 3257 putavit
2828 3187 3137 3258 depositum
3158 3188 3330 3245 fuisse
3359 3189 3513 3245 illum

1928 3276 1996 3332 ad
2028 3292 2193 3347 quem
2222 3292 2349 3331 cum
2380 3278 2734 3334 multitudine
2766 3279 3026 3349 abreptus
3043 3277 3165 3343 fuit,
3201 3288 3512 3350 postquam,

1928 3370 2126 3441 inquit,
2176 3370 2425 3440 resipuit,
2474 3370 2729 3425 eumdem
2778 3371 2834 3425 in
2858 3372 3084 3442 gradum
3123 3380 3209 3427 est
3233 3360 3514 3442 receptus.

1929 3462 2046 3518 Hoc
2087 3477 2306 3532 quoque
2353 3462 2407 3516 in
2465 3463 2644 3518 sancti
2691 3463 2877 3519 verbis
2931 3463 3250 3535 frequenter
3270 3465 3513 3532 additur,

1931 3554 2187 3608 eumdem
2212 3554 2265 3608 in
2283 3554 2510 3625 gradum
2545 3570 2654 3610 non
2686 3554 2855 3625 recipi
2877 3556 2942 3611 ⁵³.
2966 3558 3146 3626 Atque
3175 3557 3267 3613 hic
3292 3556 3514 3627 quidem

1929 3659 2112 3700 sermo
2139 3645 2521 3716 contingenter
2548 3647 2886 3701 enuntiatur.
2943 3646 3129 3702 Canon
3162 3655 3345 3703 autem
3383 3664 3513 3718 apo-

1929 3737 2158 3792 stolicus
2177 3737 2492 3792 necessario
2520 3746 2574 3793 et
2615 3737 3047 3794 inexorabiliter.
3081 3738 3235 3807 Quod
3263 3739 3514 3797 Christo-

1931 3827 2140 3900 phorus
2173 3827 2369 3884 falsum
2409 3845 2611 3884 nomen
2654 3830 2884 3897 habens,
2922 3832 2987 3887 ad
3023 3832 3304 3903 proprium
3339 3834 3513 3889 vomi-

1932 3928 2048 3975 tum
2072 3934 2328 3976 reversus
2357 3921 2448 3986 sit,
2480 3920 2715 3977 miratus
2744 3921 2903 3992 plane
2942 3938 3055 3977 non
3090 3938 3213 3977 sum
3239 3939 3254 3989 ;
3286 3938 3515 3993 perspe-

1931 4021 2074 4068 ctam
2118 4012 2327 4067 habens
2371 4013 2491 4082 ejus
2531 4014 2940 4068 instabilitatem
2969 4022 3026 4069 et
3069 4014 3511 4069 inconstantiam.

1930 4104 2085 4171 Quod
2110 4121 2240 4162 vero
2265 4106 2557 4161 Cledonius
2596 4105 2755 4161 unica
2797 4113 3004 4160 tantum
3039 4106 3128 4161 die
3160 4122 3260 4176 pro
3285 4105 3516 4161 veritate

1931 4197 2240 4253 custodiam
2263 4206 2320 4253 et
2346 4198 2530 4268 plagas
2556 4197 2625 4252 ab
2658 4197 2842 4268 impiis
2874 4197 3114 4268 pertulit,
3158 4197 3517 4252 vehementer

1931 4290 2211 4362 obstupui.
2235 4289 2416 4357 Quare
2448 4290 2495 4345 si
2533 4290 2639 4344 huc
2673 4274 2845 4360 usque
2880 4288 3251 4360 perseveravit
3277 4288 3374 4344 Dei
3407 4289 3518 4345 vir-

1934 4392 2068 4451 tute,
2101 4383 2338 4439 otiosum
2382 4399 2495 4439 non
2536 4383 2720 4448 fuerit,
2759 4392 2813 4439 te
2847 4392 2903 4438 et
2936 4383 3074 4438 alios
3116 4384 3314 4439 fratres
3353 4397 3517 4453 opem

238 4491 303 4528 τε
335 4473 433 4527 καὶ
464 4472 650 4535 ἄλλοις
689 4470 965 4539 ἀδελφοῖς,
1023 4468 1244 4538 ὀρέγειν
1276 4467 1424 4537 αὐτῷ
1453 4468 1633 4539 χεῖρα,
1672 4467 1826 4538 εἴπερ

1938 4476 2015 4531 illi
2052 4476 2215 4553 ferre,
2262 4476 2306 4530 si
2340 4475 2420 4531 fas
2452 4484 2556 4531 est.
2590 4473 2748 4540 Quod
2786 4476 2855 4533 ad
2884 4491 2979 4533 eos
3012 4490 3180 4549 porro
3215 4484 3424 4547 spectat
3445 4475 3517 4531 do

240 4562 361 4621 οἷόν
389 4582 472 4620 τε.
498 4565 635 4635 Περὶ
672 4564 730 4617 δὲ
765 4562 876 4616 τῶν
925 4561 1367 4633 προειρημένων,
1415 4559 1831 4631 βαπτιζομένων

239 4655 392 4724 λέγω
415 4654 725 4725 χριομένων
760 4670 823 4706 τε
846 4653 926 4723 τῷ
957 4652 1099 4722 ἁγίῳ
1143 4651 1324 4723 μύρῳ,
1358 4652 1455 4706 καὶ
1495 4652 1831 4721 ἀναθεματι-

242 4748 456 4816 ζόντων
477 4745 574 4817 τὴν
604 4745 818 4816 αἵρεσιν
848 4759 862 4775 °
894 4745 994 4815 οὐχ
1025 4744 1100 4806 ὡς
1141 4746 1170 4797 6
1208 4742 1354 4807 θεῖος
1399 4743 1715 4814 Ἐπιφάνιος
1743 4744 1833 4796 τέ-

240 4857 384 4911 ταχε
413 4839 511 4894 καὶ
532 4838 834 4909 ἠρίθμησε,
858 4836 958 4900 τὰς
987 4837 1231 4905 αἱρέσεις
1254 4836 1530 4904 γέγραφα.
1578 4834 1719 4889 Ἀλλ’
1753 4834 1831 4900 ὡς

243 4924 418 5002 εὖρον
439 4928 902 5003 παρασημείωσίν
925 4944 1071 4991 τινος
1114 4928 1225 4981 τῶν
1256 4928 1630 4999 ἀρχαιοτέρων
1674 4930 1830 4999 φιλο-

245 5024 419 5079 πόνου
451 5023 669 5095 ἀνδρὸς,
697 5023 792 5076 καὶ
828 5022 893 5075 ἐκ
939 5021 1040 5092 τῆς
1069 5022 1128 5075 ἐν
1170 5020 1457 5087 Βυζαντὶδι
1502 5021 1835 5094 Ἐκκλησίας

243 5119 354 5189 τὴν
384 5119 448 5171 ἐκ
481 5116 705 5188 βιϐλίων
733 5115 962 5186 ἔρευναν
998 5114 1095 5169 καὶ
1152 5113 1374 5186 εὕρεσιν
1426 5117 1827 5188 ποιησαμένου.

264 5212 330 5267 '0
360 5210 593 5281 ἀδελφὸς
622 5209 930 5282 Γρηγόριος
946 5209 1185 5280 γνησίως
1210 5209 1637 5279 προσαγορεύει.

326 5349 469 5419 MA’.
493 5379 563 5388 —
580 5345 894 5414 Σιλουανῷ
920 5347 1017 5419 κ-αἱ
1051 5344 1456 5419 Εὺπρεπιανῷ
1506 5346 1763 5414 τέκνοις.

947 5415 1137 5489 [ρεισιγ.

1937 4568 2138 4639 quibus
2188 4568 2320 4633 dixi,
2369 4567 2463 4637 qui
2522 4569 2870 4638 baptizantur
2925 4570 3153 4636 scilicet,
3218 4574 3518 4639 sanctoque

1938 4661 2237 4717 chrismate
2275 4669 2577 4730 unguntur,
2621 4668 2677 4715 et
2725 4662 2977 4717 heresim
3029 4659 3514 4724 anathematizant,

1936 4768 2049 4808 non
2076 4753 2153 4808 uti
2177 4752 2395 4808 divinus
2423 4752 2760 4823 Epiphanius
2785 4753 3057 4823 disposuit
3075 4761 3130 4807 et
3149 4750 3514 4816 enumeravit,

1937 4844 2177 4899 haereses
2194 4842 2489 4913 descripsi;
2518 4844 2614 4897 sed
2643 4842 2785 4898 sicut
2803 4844 2857 4899 in
2883 4842 3209 4913 antiquioris
3233 4842 3517 4914 cujusdam

1940 4936 2171 4992 studiosi
2195 4935 2295 4990 viri
2328 4934 2725 4991 commentario
2751 4934 2960 5002 inveni,
2992 4934 3085 5006 qui
3117 4950 3188 4991 ex
3210 4933 3521 5006 Byzantina:

1940 5029 2202 5085 Ecclesiae
2232 5028 2385 5085 libris
2418 5028 2701 5100 indagarat
2726 5036 2782 5085 et
2810 5038 3052 5086 eruerat.
3096 5028 3289 5086 Frater
3313 5029 3518 5101 Grego—

1940 5124 2058 5180 rius
2085 5124 2299 5179 sincere
2332 5122 2549 5177 salutat.

2169 5347 2306 5405 XLI.
2337 5378 2406 5389 —
2444 5346 2659 5404 Silvano
2697 5356 2744 5402 et
2774 5346 3113 5418 Euprepiano
3142 5343 3289 5411 ﬁliis.

1192 5528 1431 5579 Arcanam
1460 5542 1553 5592 per
1575 5529 1813 5593 epistolas
1834 5530 2085 5583 scribendi
2109 5536 2354 5585 rationem
2388 5534 2557 5585 tradit.

349 5639 569 5711 Ἐπειδὴ
585 5638 734 5711 ζητῶ
749 5637 1043 5711 μανθάνειν
1067 5639 1202 5711 περὶ
1215 5640 1325 5693 τῶν
1351 5639 1623 5711 ἀδελφῶν,
1646 5642 1832 5708 τέκνα,

338 5755 384 5787 ι’
415 5753 549 5809 Can.
584 5754 672 5809 lt.
748 5754 796 5785 υ
820 5752 901 5808 Ad
928 5754 1363 5825 Amphilochium,
1386 5724 1512 5810 can.
1547 5755 1636 5823 σε,
1678 5756 1765 5811 5t.

2014 5646 2281 5712 Quoniam
2329 5649 2394 5704 de
2419 5647 2676 5703 fratribus
2708 5646 2850 5703 scire
2879 5658 3033 5709 aveo,
3079 5640 3195 5706 filii,
3228 5649 3283 5697 et
3316 5639 3417 5711 ipsi
3450 5637 3520 5696 de
