  <div class='ocr_page' id='page_1' title='image "/cluster/home/n/w/nwhite01/storage/ocr_20150623/99/hvd.32044024464356/537.png"; bbox 0 0 4044 6366; ppageno 0'>
   <div class='ocr_carea' id='block_1_1' title="bbox 607 304 3849 384">
    <p class='ocr_par' dir='ltr' id='par_1_1' title="bbox 607 304 3849 384">
     <span class='ocr_line' id='line_1_1' title="bbox 607 304 3849 384; baseline -0.001 -3"><span class='ocrx_word' id='word_1_1' title='bbox 607 317 743 384; x_wconf 83' lang='grc'><strong>1059</strong></span> <span class='ocrx_word' id='word_1_2' title='bbox 1787 315 1848 376; x_wconf 91' lang='lat' dir='ltr'><strong>S.</strong></span> <span class='ocrx_word' id='word_1_3' title='bbox 1876 304 2272 375; x_wconf 77' lang='lat' dir='ltr'><strong>THEODOBI</strong></span> <span class='ocrx_word' id='word_1_4' title='bbox 2311 307 2662 378; x_wconf 65' lang='lat' dir='ltr'><strong>STUDITAE</strong></span> <span class='ocrx_word' id='word_1_5' title='bbox 3718 311 3849 378; x_wconf 63' lang='lat' dir='ltr'><strong>1M0</strong></span> 
     </span>
    </p>
   </div>
   <div class='ocr_carea' id='block_1_2' title="bbox 599 414 2178 500">
    <p class='ocr_par' dir='ltr' id='par_1_2' title="bbox 599 420 2177 500">
     <span class='ocr_line' id='line_1_2' title="bbox 599 420 2177 500; baseline -0.009 -17"><span class='ocrx_word' id='word_1_6' title='bbox 599 429 710 484; x_wconf 86' lang='lat' dir='ltr'><strong>illis</strong></span> <span class='ocrx_word' id='word_1_7' title='bbox 739 426 1057 500; x_wconf 82' lang='lat' dir='ltr'><strong>frequenter</strong></span> <span class='ocrx_word' id='word_1_8' title='bbox 1105 424 1412 498; x_wconf 69' lang='lat' dir='ltr'><strong>significare</strong></span> <span class='ocrx_word' id='word_1_9' title='bbox 1441 421 1605 479; x_wconf 91' lang='lat' dir='ltr'><strong>vultis</strong></span> <span class='ocrx_word' id='word_1_10' title='bbox 1637 439 1652 488; x_wconf 91' lang='lat'><strong>;</strong></span> <span class='ocrx_word' id='word_1_11' title='bbox 1717 422 2028 478; x_wconf 87' lang='lat' dir='ltr'><strong>consultum</strong></span> <span class='ocrx_word' id='word_1_12' title='bbox 2062 420 2177 473; x_wconf 79' lang='lat' dir='ltr'><strong>fore</strong></span> 
     </span>
    </p>
   </div>
   <div class='ocr_carea' id='block_1_3' title="bbox 2284 414 3845 500">
    <p class='ocr_par' dir='ltr' id='par_1_3' title="bbox 2284 419 3845 492">
     <span class='ocr_line' id='line_1_3' title="bbox 2284 419 3845 492; baseline 0 -19"><span class='ocrx_word' id='word_1_13' title='bbox 2284 421 2314 489; x_wconf 76' lang='grc' dir='ltr'>ἢ</span> <span class='ocrx_word' id='word_1_14' title='bbox 2346 421 2442 474; x_wconf 77' lang='grc' dir='ltr'><strong>καὶ</strong></span> <span class='ocrx_word' id='word_1_15' title='bbox 2472 423 2630 477; x_wconf 82' lang='grc' dir='ltr'><strong>αὐτοὶ</strong></span> <span class='ocrx_word' id='word_1_16' title='bbox 2671 421 2934 486; x_wconf 82' lang='grc' dir='ltr'><strong>πολλάκις</strong></span> <span class='ocrx_word' id='word_1_17' title='bbox 2965 421 3153 476; x_wconf 79' lang='grc' dir='ltr'><strong>Θέλετε</strong></span> <span class='ocrx_word' id='word_1_18' title='bbox 3201 419 3396 492; x_wconf 80' lang='grc' dir='ltr'><strong>δηλοῦν</strong></span> <span class='ocrx_word' id='word_1_19' title='bbox 3443 420 3573 490; x_wconf 76' lang='grc' dir='ltr'><strong>περὶ</strong></span> <span class='ocrx_word' id='word_1_20' title='bbox 3629 420 3806 474; x_wconf 77' lang='grc' dir='ltr'><strong>αὐτῶν</strong></span> <span class='ocrx_word' id='word_1_21' title='bbox 3831 439 3845 454; x_wconf 90' lang='grc'><strong>·</strong></span> 
     </span>
    </p>
   </div>
   <div class='ocr_carea' id='block_1_4' title="bbox 599 509 2178 591">
    <p class='ocr_par' dir='ltr' id='par_1_4' title="bbox 599 511 2174 591">
     <span class='ocr_line' id='line_1_4' title="bbox 599 511 2174 591; baseline -0.006 -14"><span class='ocrx_word' id='word_1_22' title='bbox 599 520 751 586; x_wconf 78' lang='lat' dir='ltr'><strong>duxi,</strong></span> <span class='ocrx_word' id='word_1_23' title='bbox 797 519 1072 591; x_wconf 87' lang='lat' dir='ltr'><strong>simulque</strong></span> <span class='ocrx_word' id='word_1_24' title='bbox 1109 519 1333 576; x_wconf 86' lang='lat' dir='ltr'><strong>brevius</strong></span> <span class='ocrx_word' id='word_1_25' title='bbox 1379 525 1436 572; x_wconf 92' lang='lat' dir='ltr'><strong>et</strong></span> <span class='ocrx_word' id='word_1_26' title='bbox 1461 515 1749 580; x_wconf 70' lang='lat' dir='ltr'><strong>occultius,</strong></span> <span class='ocrx_word' id='word_1_27' title='bbox 1791 528 1855 567; x_wconf 82' lang='lat' dir='ltr'><strong>ex</strong></span> <span class='ocrx_word' id='word_1_28' title='bbox 1885 511 2174 567; x_wconf 89' lang='lat' dir='ltr'><strong>elementis</strong></span> 
     </span>
    </p>
   </div>
   <div class='ocr_carea' id='block_1_5' title="bbox 2284 509 3846 591">
    <p class='ocr_par' dir='ltr' id='par_1_5' title="bbox 2284 509 3846 584">
     <span class='ocr_line' id='line_1_5' title="bbox 2284 509 3846 584; baseline -0.002 -17"><span class='ocrx_word' id='word_1_29' title='bbox 2284 513 2571 584; x_wconf 84' lang='grc' dir='ltr'><strong>ἐσκόπησα</strong></span> <span class='ocrx_word' id='word_1_30' title='bbox 2598 513 2767 570; x_wconf 79' lang='grc' dir='ltr'><strong>καλὸν</strong></span> <span class='ocrx_word' id='word_1_31' title='bbox 2792 509 2957 582; x_wconf 72' lang='grc' dir='ltr'><strong>εἶναι,</strong></span> <span class='ocrx_word' id='word_1_32' title='bbox 2992 512 3131 584; x_wconf 83' lang='grc' dir='ltr'><strong>ὁμοῦ</strong></span> <span class='ocrx_word' id='word_1_33' title='bbox 3160 530 3220 567; x_wconf 84' lang='grc' dir='ltr'><strong>τε</strong></span> <span class='ocrx_word' id='word_1_34' title='bbox 3258 513 3349 567; x_wconf 80' lang='grc' dir='ltr'><strong>διὰ</strong></span> <span class='ocrx_word' id='word_1_35' title='bbox 3391 511 3455 566; x_wconf 84' lang='grc' dir='ltr'><strong>τὸ</strong></span> <span class='ocrx_word' id='word_1_36' title='bbox 3505 512 3846 583; x_wconf 81' lang='grc' dir='ltr'><strong>συντομώτε-</strong></span> 
     </span>
    </p>
   </div>
   <div class='ocr_carea' id='block_1_6' title="bbox 600 600 2178 688">
    <p class='ocr_par' dir='ltr' id='par_1_6' title="bbox 600 603 2176 688">
     <span class='ocr_line' id='line_1_6' title="bbox 600 603 2176 688; baseline -0.009 -18"><span class='ocrx_word' id='word_1_37' title='bbox 600 629 700 670; x_wconf 92' lang='lat' dir='ltr'><strong>seu</strong></span> <span class='ocrx_word' id='word_1_38' title='bbox 731 613 923 686; x_wconf 76' lang='lat' dir='ltr'><strong>viginti</strong></span> <span class='ocrx_word' id='word_1_39' title='bbox 971 619 1205 684; x_wconf 89' lang='lat' dir='ltr'><strong>quatuor</strong></span> <span class='ocrx_word' id='word_1_40' title='bbox 1231 609 1428 665; x_wconf 89' lang='lat' dir='ltr'><strong>litteris</strong></span> <span class='ocrx_word' id='word_1_41' title='bbox 1471 607 1592 664; x_wconf 90' lang='lat' dir='ltr'><strong>illos</strong></span> <span class='ocrx_word' id='word_1_42' title='bbox 1643 603 1942 688; x_wconf 87' lang='lat' dir='ltr'><strong>designari,</strong></span> <span class='ocrx_word' id='word_1_43' title='bbox 1993 615 2053 660; x_wconf 87' lang='lat' dir='ltr'><strong>ut</strong></span> <span class='ocrx_word' id='word_1_44' title='bbox 2105 603 2176 658; x_wconf 90' lang='lat' dir='ltr'><strong>sit</strong></span> 
     </span>
    </p>
   </div>
   <div class='ocr_carea' id='block_1_7' title="bbox 2284 600 3848 688">
    <p class='ocr_par' dir='ltr' id='par_1_7' title="bbox 2284 600 3848 676">
     <span class='ocr_line' id='line_1_7' title="bbox 2284 600 3848 676; baseline -0.001 -20"><span class='ocrx_word' id='word_1_45' title='bbox 2284 620 2376 675; x_wconf 87' lang='grc' dir='ltr'><strong>ρον</strong></span> <span class='ocrx_word' id='word_1_46' title='bbox 2403 605 2498 657; x_wconf 80' lang='grc' dir='ltr'><strong>καὶ</strong></span> <span class='ocrx_word' id='word_1_47' title='bbox 2529 602 3027 676; x_wconf 81' lang='grc' dir='ltr'><strong>ἐπικρυπτότερον,</strong></span> <span class='ocrx_word' id='word_1_48' title='bbox 3052 601 3162 657; x_wconf 79' lang='grc' dir='ltr'><strong>ἀπὸ</strong></span> <span class='ocrx_word' id='word_1_49' title='bbox 3207 601 3318 656; x_wconf 85' lang='grc' dir='ltr'><strong>τῶν</strong></span> <span class='ocrx_word' id='word_1_50' title='bbox 3354 600 3658 671; x_wconf 76' lang='grc' dir='ltr'><strong>στοιχείων,</strong></span> <span class='ocrx_word' id='word_1_51' title='bbox 3688 602 3848 668; x_wconf 73' lang='grc' dir='ltr'><strong>ἤγουν</strong></span> 
     </span>
    </p>
   </div>
   <div class='ocr_carea' id='block_1_8' title="bbox 602 690 3844 766">
    <p class='ocr_par' dir='ltr' id='par_1_8' title="bbox 602 690 3844 766">
     <span class='ocr_line' id='line_1_8' title="bbox 602 690 3844 766; baseline -0.006 -3"><span class='ocrx_word' id='word_1_52' title='bbox 602 706 880 764; x_wconf 84' lang='lat' dir='ltr'><strong>nimirum.</strong></span> <span class='ocrx_word' id='word_1_53' title='bbox 2277 693 2387 748; x_wconf 86' lang='grc' dir='ltr'><strong>τῶν</strong></span> <span class='ocrx_word' id='word_1_54' title='bbox 2413 694 2875 766; x_wconf 80' lang='grc' dir='ltr'><strong>εἰκοσιτεσσάρων</strong></span> <span class='ocrx_word' id='word_1_55' title='bbox 2904 691 3249 766; x_wconf 78' lang='grc' dir='ltr'><strong>γραμμάτων</strong></span> <span class='ocrx_word' id='word_1_56' title='bbox 3269 730 3286 756; x_wconf 88' lang='grc'><strong>,</strong></span> <span class='ocrx_word' id='word_1_57' title='bbox 3318 691 3544 755; x_wconf 76' lang='grc' dir='ltr'><strong>τούτους</strong></span> <span class='ocrx_word' id='word_1_58' title='bbox 3568 690 3844 759; x_wconf 80' lang='grc' dir='ltr'><strong>ἐπιδηλοῦ-</strong></span> 
     </span>
    </p>
   </div>
   <div class='ocr_carea' id='block_1_9' title="bbox 2279 787 2860 862">
    <p class='ocr_par' dir='ltr' id='par_1_9' title="bbox 2279 787 2860 862">
     <span class='ocr_line' id='line_1_9' title="bbox 2279 787 2860 862; baseline 0.007 -21"><span class='ocrx_word' id='word_1_59' title='bbox 2279 787 2408 843; x_wconf 89' lang='grc' dir='ltr'><strong>σθαι</strong></span> <span class='ocrx_word' id='word_1_60' title='bbox 2437 805 2452 822; x_wconf 78' lang='lat'>&#39;</span> <span class='ocrx_word' id='word_1_61' title='bbox 2479 791 2573 844; x_wconf 81' lang='grc' dir='ltr'><strong>καὶ</strong></span> <span class='ocrx_word' id='word_1_62' title='bbox 2598 791 2662 862; x_wconf 84' lang='grc' dir='ltr'><strong>δὴ</strong></span> <span class='ocrx_word' id='word_1_63' title='bbox 2692 791 2860 860; x_wconf 79' lang='grc' dir='ltr'><strong>λέγω,</strong></span> 
     </span>
    </p>
   </div>
   <div class='ocr_carea' id='block_1_10' title="bbox 2349 880 3076 955">
    <p class='ocr_par' dir='ltr' id='par_1_10' title="bbox 2349 880 3076 955">
     <span class='ocr_line' id='line_1_10' title="bbox 2349 880 3076 955; baseline 0 0"><span class='ocrx_word' id='word_1_64' title='bbox 2349 882 2424 955; x_wconf 59' lang='grc' dir='ltr'><strong>τὺ</strong></span> <span class='ocrx_word' id='word_1_65' title='bbox 2455 898 2492 955; x_wconf 74' lang='grc' dir='ltr'><strong>ει</strong></span> <span class='ocrx_word' id='word_1_66' title='bbox 2520 881 2616 955; x_wconf 61' lang='grc' dir='ltr'><strong>τοῦ</strong></span> <span class='ocrx_word' id='word_1_67' title='bbox 2639 881 2858 955; x_wconf 70' lang='grc' dir='ltr'><strong>Πατρὸς</strong></span> <span class='ocrx_word' id='word_1_68' title='bbox 2900 880 3076 955; x_wconf 66' lang='grc' dir='ltr'><strong>ἡμῶν·</strong></span> 
     </span>
    </p>
   </div>
   <div class='ocr_carea' id='block_1_11' title="bbox 2349 949 3104 1022">
    <p class='ocr_par' dir='ltr' id='par_1_11' title="bbox 2349 949 3104 1022">
     <span class='ocr_line' id='line_1_11' title="bbox 2349 949 3104 1022; baseline -0.001 -16"><span class='ocrx_word' id='word_1_69' title='bbox 2349 951 2425 1022; x_wconf 74' lang='grc' dir='ltr'>Τὸ</span> <span class='ocrx_word' id='word_1_70' title='bbox 2453 949 2484 1022; x_wconf 89' lang='grc' dir='ltr'>β</span> <span class='ocrx_word' id='word_1_71' title='bbox 2513 951 2610 1022; x_wconf 76' lang='grc' dir='ltr'><strong>τοῦ</strong></span> <span class='ocrx_word' id='word_1_72' title='bbox 2637 949 3104 1022; x_wconf 68' lang='grc' dir='ltr'><strong>Ἀρχὶεπισκόπου</strong></span> 
     </span>
    </p>
   </div>
   <div class='ocr_carea' id='block_1_12' title="bbox 671 873 1170 938">
    <p class='ocr_par' dir='ltr' id='par_1_12' title="bbox 671 873 1170 938">
     <span class='ocr_line' id='line_1_12' title="bbox 671 873 1170 938; baseline -0.008 -2"><span class='ocrx_word' id='word_1_73' title='bbox 671 901 727 937; x_wconf 91' lang='grc' dir='ltr'><strong>α.</strong></span> <span class='ocrx_word' id='word_1_74' title='bbox 763 882 943 938; x_wconf 80' lang='lat' dir='ltr'><strong>Patris</strong></span> <span class='ocrx_word' id='word_1_75' title='bbox 971 873 1170 935; x_wconf 74' lang='lat' dir='ltr'><strong>nestri.</strong></span> 
     </span>
    </p>
   </div>
   <div class='ocr_carea' id='block_1_13' title="bbox 678 946 1256 1022">
    <p class='ocr_par' dir='ltr' id='par_1_13' title="bbox 678 946 1256 1022">
     <span class='ocr_line' id='line_1_13' title="bbox 678 946 1256 1022; baseline -0.016 -15"><span class='ocrx_word' id='word_1_76' title='bbox 678 953 729 1022; x_wconf 85' lang='grc' dir='ltr'><strong>β.</strong></span> <span class='ocrx_word' id='word_1_77' title='bbox 764 946 1197 1022; x_wconf 81' lang='lat' dir='ltr'><strong>Archiepiscopi.</strong></span> <span class='ocrx_word' id='word_1_78' title='bbox 1243 986 1256 997; x_wconf 98' lang='lat'><strong>.</strong></span> 
     </span>
    </p>
   </div>
   <div class='ocr_carea' id='block_1_14' title="bbox 675 1019 2178 1093">
    <p class='ocr_par' dir='ltr' id='par_1_14' title="bbox 675 1019 2154 1093">
     <span class='ocr_line' id='line_1_14' title="bbox 675 1019 2154 1093; baseline -0.003 -19"><span class='ocrx_word' id='word_1_79' title='bbox 675 1019 732 1093; x_wconf 67' lang='grc' dir='ltr'><strong>ξγ.</strong></span> <span class='ocrx_word' id='word_1_80' title='bbox 755 1020 1043 1093; x_wconf 64' lang='lat' dir='ltr'><strong>Calogeri,_</strong></span> <span class='ocrx_word' id='word_1_81' title='bbox 2149 1065 2154 1069; x_wconf 82' lang='lat'><strong>.</strong></span> 
     </span>
    </p>
   </div>
   <div class='ocr_carea' id='block_1_15' title="bbox 2284 1019 2988 1093">
    <p class='ocr_par' dir='ltr' id='par_1_15' title="bbox 2350 1019 2988 1093">
     <span class='ocr_line' id='line_1_15' title="bbox 2350 1019 2988 1093; baseline -0.002 -18"><span class='ocrx_word' id='word_1_82' title='bbox 2350 1021 2425 1076; x_wconf 82' lang='grc' dir='ltr'>Τὸ</span> <span class='ocrx_word' id='word_1_83' title='bbox 2519 1019 2614 1093; x_wconf 76' lang='grc' dir='ltr'><strong>τοῦ</strong></span> <span class='ocrx_word' id='word_1_84' title='bbox 2631 1019 2988 1093; x_wconf 11' lang='grc' dir='ltr'><strong>ᾈΚᾲλογήρου.</strong></span> 
     </span>
    </p>
   </div>
   <div class='ocr_carea' id='block_1_16' title="bbox 673 1087 2178 1146">
    <p class='ocr_par' dir='ltr' id='par_1_16' title="bbox 673 1087 1066 1145">
     <span class='ocr_line' id='line_1_16' title="bbox 673 1087 1066 1145; baseline -0.01 0"><span class='ocrx_word' id='word_1_85' title='bbox 673 1087 723 1145; x_wconf 81' lang='grc' dir='ltr'><strong>δ.</strong></span> <span class='ocrx_word' id='word_1_86' title='bbox 763 1087 1066 1144; x_wconf 85' lang='lat' dir='ltr'><strong>Athanasii.</strong></span> 
     </span>
    </p>
   </div>
   <div class='ocr_carea' id='block_1_17' title="bbox 2284 1087 2976 1146">
    <p class='ocr_par' dir='ltr' id='par_1_17' title="bbox 2349 1087 2976 1146">
     <span class='ocr_line' id='line_1_17' title="bbox 2349 1087 2976 1146; baseline 0 -1"><span class='ocrx_word' id='word_1_87' title='bbox 2349 1087 2477 1145; x_wconf 81' lang='grc' dir='ltr'><strong>τδ·δ</strong></span> <span class='ocrx_word' id='word_1_88' title='bbox 2507 1090 2605 1144; x_wconf 80' lang='grc' dir='ltr'><strong>τοῦ</strong></span> <span class='ocrx_word' id='word_1_89' title='bbox 2629 1087 2976 1146; x_wconf 80' lang='grc' dir='ltr'><strong>Ἀθανασίου.</strong></span> 
     </span>
    </p>
   </div>
   <div class='ocr_carea' id='block_1_18' title="bbox 673 1156 2178 1230">
    <p class='ocr_par' dir='ltr' id='par_1_18' title="bbox 673 1156 1129 1230">
     <span class='ocr_line' id='line_1_18' title="bbox 673 1156 1129 1230; baseline -0.013 -15"><span class='ocrx_word' id='word_1_90' title='bbox 673 1178 724 1230; x_wconf 74' lang='grc' dir='ltr'><strong>ε.</strong></span> <span class='ocrx_word' id='word_1_91' title='bbox 755 1156 1129 1230; x_wconf 77' lang='lat' dir='ltr'><strong>Barsanuphii.</strong></span> 
     </span>
    </p>
   </div>
   <div class='ocr_carea' id='block_1_19' title="bbox 2284 1156 3056 1230">
    <p class='ocr_par' dir='ltr' id='par_1_19' title="bbox 2353 1160 3056 1230">
     <span class='ocr_line' id='line_1_19' title="bbox 2353 1160 3056 1230; baseline 0.003 -16"><span class='ocrx_word' id='word_1_92' title='bbox 2353 1162 2428 1215; x_wconf 82' lang='grc' dir='ltr'><strong>Τὸ</strong></span> <span class='ocrx_word' id='word_1_93' title='bbox 2451 1177 2476 1214; x_wconf 81' lang='grc' dir='ltr'><strong>ε</strong></span> <span class='ocrx_word' id='word_1_94' title='bbox 2497 1160 2596 1230; x_wconf 85' lang='grc' dir='ltr'><strong>τοῦ</strong></span> <span class='ocrx_word' id='word_1_95' title='bbox 2626 1161 3056 1230; x_wconf 82' lang='grc' dir='ltr'><strong>Βαρσανουφίου.</strong></span> 
     </span>
    </p>
   </div>
   <div class='ocr_carea' id='block_1_20' title="bbox 675 1227 2178 1295">
    <p class='ocr_par' dir='ltr' id='par_1_20' title="bbox 675 1227 991 1293">
     <span class='ocr_line' id='line_1_20' title="bbox 675 1227 991 1293; baseline -0.006 -11"><span class='ocrx_word' id='word_1_96' title='bbox 675 1228 728 1293; x_wconf 78' lang='grc' dir='ltr'><strong>ζ.</strong></span> <span class='ocrx_word' id='word_1_97' title='bbox 756 1227 991 1283; x_wconf 83' lang='lat' dir='ltr'><strong>Nicolai.</strong></span> 
     </span>
    </p>
   </div>
   <div class='ocr_carea' id='block_1_21' title="bbox 2284 1227 2930 1295">
    <p class='ocr_par' dir='ltr' id='par_1_21' title="bbox 2355 1227 2930 1295">
     <span class='ocr_line' id='line_1_21' title="bbox 2355 1227 2930 1295; baseline 0.002 -11"><span class='ocrx_word' id='word_1_98' title='bbox 2355 1231 2429 1284; x_wconf 84' lang='grc' dir='ltr'><strong>Τὸ</strong></span> <span class='ocrx_word' id='word_1_99' title='bbox 2449 1230 2482 1295; x_wconf 74' lang='grc' dir='ltr'><strong><em>ζ</em></strong></span> <span class='ocrx_word' id='word_1_100' title='bbox 2511 1229 2607 1284; x_wconf 87' lang='grc' dir='ltr'><strong>τοῦ</strong></span> <span class='ocrx_word' id='word_1_101' title='bbox 2635 1227 2930 1285; x_wconf 63' lang='grc' dir='ltr'><strong>Νικολάουέ</strong></span> 
     </span>
    </p>
   </div>
   <div class='ocr_carea' id='block_1_22' title="bbox 672 1295 2178 1370">
    <p class='ocr_par' dir='ltr' id='par_1_22' title="bbox 672 1295 1076 1370">
     <span class='ocr_line' id='line_1_22' title="bbox 672 1295 1076 1370; baseline -0.035 -12"><span class='ocrx_word' id='word_1_102' title='bbox 672 1316 730 1370; x_wconf 77' lang='grc' dir='ltr'><strong>η.</strong></span> <span class='ocrx_word' id='word_1_103' title='bbox 760 1295 1076 1370; x_wconf 74' lang='lat' dir='ltr'><strong>§ophron_i_i.</strong></span> 
     </span>
    </p>
   </div>
   <div class='ocr_carea' id='block_1_23' title="bbox 2284 1295 2990 1370">
    <p class='ocr_par' dir='ltr' id='par_1_23' title="bbox 2353 1299 2990 1370">
     <span class='ocr_line' id='line_1_23' title="bbox 2353 1299 2990 1370; baseline 0 0"><span class='ocrx_word' id='word_1_104' title='bbox 2353 1300 2428 1370; x_wconf 74' lang='grc' dir='ltr'><strong>Τὸ</strong></span> <span class='ocrx_word' id='word_1_105' title='bbox 2459 1317 2493 1369; x_wconf 88' lang='grc' dir='ltr'><strong>η</strong></span> <span class='ocrx_word' id='word_1_106' title='bbox 2529 1299 2625 1370; x_wconf 66' lang='grc' dir='ltr'><strong>τοῦ</strong></span> <span class='ocrx_word' id='word_1_107' title='bbox 2652 1299 2990 1370; x_wconf 59' lang='grc' dir='ltr'><strong>Σωφρονίηυι</strong></span> 
     </span>
    </p>
   </div>
   <div class='ocr_carea' id='block_1_24' title="bbox 675 1365 2178 1438">
    <p class='ocr_par' dir='ltr' id='par_1_24' title="bbox 675 1365 1061 1438">
     <span class='ocr_line' id='line_1_24' title="bbox 675 1365 1061 1438; baseline -0.005 -18"><span class='ocrx_word' id='word_1_108' title='bbox 675 1365 727 1421; x_wconf 78' lang='grc' dir='ltr'><strong>θ.</strong></span> <span class='ocrx_word' id='word_1_109' title='bbox 760 1365 1061 1438; x_wconf 78' lang='lat' dir='ltr'><strong>Euthymii.</strong></span> 
     </span>
    </p>
   </div>
   <div class='ocr_carea' id='block_1_25' title="bbox 2284 1365 2946 1438">
    <p class='ocr_par' dir='ltr' id='par_1_25' title="bbox 2352 1365 2946 1438">
     <span class='ocr_line' id='line_1_25' title="bbox 2352 1365 2946 1438; baseline 0.005 -15"><span class='ocrx_word' id='word_1_110' title='bbox 2352 1369 2427 1424; x_wconf 76' lang='grc' dir='ltr'><strong>Τὸ</strong></span> <span class='ocrx_word' id='word_1_111' title='bbox 2452 1365 2492 1423; x_wconf 69' lang='grc' dir='ltr'><strong>θ’</strong></span> <span class='ocrx_word' id='word_1_112' title='bbox 2517 1369 2615 1438; x_wconf 83' lang='grc' dir='ltr'><strong>τοῦ</strong></span> <span class='ocrx_word' id='word_1_113' title='bbox 2647 1365 2946 1438; x_wconf 76' lang='grc' dir='ltr'><strong>Εὺθῦμίου.</strong></span> 
     </span>
    </p>
   </div>
   <div class='ocr_carea' id='block_1_26' title="bbox 675 1434 2178 1495">
    <p class='ocr_par' dir='ltr' id='par_1_26' title="bbox 675 1434 1046 1495">
     <span class='ocr_line' id='line_1_26' title="bbox 675 1434 1046 1495; baseline -0.008 -5"><span class='ocrx_word' id='word_1_114' title='bbox 675 1455 716 1495; x_wconf 89' lang='grc' dir='ltr'><strong>ι.</strong></span> <span class='ocrx_word' id='word_1_115' title='bbox 753 1434 1046 1492; x_wconf 77' lang='lat' dir='ltr'><strong>Joannicii.</strong></span> 
     </span>
    </p>
   </div>
   <div class='ocr_carea' id='block_1_27' title="bbox 2284 1434 2990 1495">
    <p class='ocr_par' dir='ltr' id='par_1_27' title="bbox 2351 1434 2990 1495">
     <span class='ocr_line' id='line_1_27' title="bbox 2351 1434 2990 1495; baseline 0.003 -3"><span class='ocrx_word' id='word_1_116' title='bbox 2351 1442 2426 1495; x_wconf 80' lang='grc' dir='ltr'><strong>Τὸ</strong></span> <span class='ocrx_word' id='word_1_117' title='bbox 2463 1457 2481 1492; x_wconf 93' lang='grc' dir='ltr'><strong>ι</strong></span> <span class='ocrx_word' id='word_1_118' title='bbox 2506 1437 2601 1492; x_wconf 91' lang='grc' dir='ltr'><strong>τοῦ</strong></span> <span class='ocrx_word' id='word_1_119' title='bbox 2629 1434 2990 1494; x_wconf 82' lang='grc' dir='ltr'><strong>ἰωαννικίου.</strong></span> 
     </span>
    </p>
   </div>
   <div class='ocr_carea' id='block_1_28' title="bbox 675 1503 2178 1576">
    <p class='ocr_par' dir='ltr' id='par_1_28' title="bbox 675 1503 2113 1576">
     <span class='ocr_line' id='line_1_28' title="bbox 675 1503 2113 1576; baseline -0.011 -17"><span class='ocrx_word' id='word_1_120' title='bbox 675 1523 733 1561; x_wconf 83' lang='grc' dir='ltr'><strong>κ.</strong></span> <span class='ocrx_word' id='word_1_121' title='bbox 754 1503 1070 1576; x_wconf 82' lang='lat' dir='ltr'><strong>Domitiani.</strong></span> <span class='ocrx_word' id='word_1_122' title='bbox 2111 1541 2113 1543; x_wconf 81' lang='grc'><strong>,</strong></span> 
     </span>
    </p>
   </div>
   <div class='ocr_carea' id='block_1_29' title="bbox 2284 1503 2994 1576">
    <p class='ocr_par' dir='ltr' id='par_1_29' title="bbox 2353 1506 2994 1576">
     <span class='ocr_line' id='line_1_29' title="bbox 2353 1506 2994 1576; baseline 0.003 -14"><span class='ocrx_word' id='word_1_123' title='bbox 2353 1511 2428 1564; x_wconf 77' lang='grc' dir='ltr'><strong>Τὸ</strong></span> <span class='ocrx_word' id='word_1_124' title='bbox 2445 1526 2478 1560; x_wconf 87' lang='grc' dir='ltr'><strong>κ</strong></span> <span class='ocrx_word' id='word_1_125' title='bbox 2506 1506 2603 1561; x_wconf 87' lang='grc' dir='ltr'><strong>τοῦ</strong></span> <span class='ocrx_word' id='word_1_126' title='bbox 2636 1508 2994 1576; x_wconf 83' lang='grc' dir='ltr'><strong>Δομετιανοῦ.</strong></span> 
     </span>
    </p>
   </div>
   <div class='ocr_carea' id='block_1_30' title="bbox 673 1573 2178 1646">
    <p class='ocr_par' dir='ltr' id='par_1_30' title="bbox 673 1573 1075 1646">
     <span class='ocr_line' id='line_1_30' title="bbox 673 1573 1075 1646; baseline 0 -18"><span class='ocrx_word' id='word_1_127' title='bbox 673 1576 727 1630; x_wconf 89' lang='grc' dir='ltr'><strong>λ.</strong></span> <span class='ocrx_word' id='word_1_128' title='bbox 752 1573 1075 1646; x_wconf 72' lang='lat' dir='ltr'><strong>(Economi.</strong></span> 
     </span>
    </p>
   </div>
   <div class='ocr_carea' id='block_1_31' title="bbox 2284 1573 2957 1646">
    <p class='ocr_par' dir='ltr' id='par_1_31' title="bbox 2353 1573 2957 1646">
     <span class='ocr_line' id='line_1_31' title="bbox 2353 1573 2957 1646; baseline -0.002 -14"><span class='ocrx_word' id='word_1_129' title='bbox 2353 1581 2426 1634; x_wconf 81' lang='grc' dir='ltr'><strong>Τὸ</strong></span> <span class='ocrx_word' id='word_1_130' title='bbox 2452 1578 2482 1631; x_wconf 88' lang='grc' dir='ltr'>λ</span> <span class='ocrx_word' id='word_1_131' title='bbox 2506 1577 2600 1630; x_wconf 86' lang='grc' dir='ltr'><strong>τοῦ</strong></span> <span class='ocrx_word' id='word_1_132' title='bbox 2634 1573 2957 1646; x_wconf 82' lang='grc' dir='ltr'><strong>Οίκονόμου.</strong></span> 
     </span>
    </p>
   </div>
   <div class='ocr_carea' id='block_1_32' title="bbox 679 1643 2178 1718">
    <p class='ocr_par' dir='ltr' id='par_1_32' title="bbox 679 1643 1004 1718">
     <span class='ocr_line' id='line_1_32' title="bbox 679 1643 1004 1718; baseline -0.006 -18"><span class='ocrx_word' id='word_1_133' title='bbox 679 1663 741 1716; x_wconf 85' lang='grc' dir='ltr'><strong>μ.</strong></span> <span class='ocrx_word' id='word_1_134' title='bbox 767 1643 1004 1718; x_wconf 70' lang='grc' dir='ltr'><strong>ᾼτεοῃίἰ.</strong></span> 
     </span>
    </p>
   </div>
   <div class='ocr_carea' id='block_1_33' title="bbox 2284 1643 2949 1718">
    <p class='ocr_par' dir='ltr' id='par_1_33' title="bbox 2353 1643 2949 1718">
     <span class='ocr_line' id='line_1_33' title="bbox 2353 1643 2949 1718; baseline -0.003 -14"><span class='ocrx_word' id='word_1_135' title='bbox 2353 1650 2426 1704; x_wconf 79' lang='grc' dir='ltr'>Τὸ</span> <span class='ocrx_word' id='word_1_136' title='bbox 2455 1665 2495 1718; x_wconf 83' lang='grc' dir='ltr'><strong>μ</strong></span> <span class='ocrx_word' id='word_1_137' title='bbox 2521 1647 2616 1718; x_wconf 70' lang='grc' dir='ltr'><strong>τοῦ</strong></span> <span class='ocrx_word' id='word_1_138' title='bbox 2645 1643 2949 1718; x_wconf 57' lang='grc' dir='ltr'><strong>’Δρσενίοικ</strong></span> 
     </span>
    </p>
   </div>
   <div class='ocr_carea' id='block_1_34' title="bbox 674 1713 2178 1805">
    <p class='ocr_par' dir='ltr' id='par_1_34' title="bbox 674 1713 968 1805">
     <span class='ocr_line' id='line_1_34' title="bbox 674 1713 968 1769; baseline -0.01 -1"><span class='ocrx_word' id='word_1_139' title='bbox 674 1713 725 1768; x_wconf 72' lang='grc' dir='ltr'><strong>ν.</strong></span> <span class='ocrx_word' id='word_1_140' title='bbox 760 1713 968 1769; x_wconf 85' lang='lat' dir='ltr'><strong>Acacii.</strong></span> 
     </span>
     <span class='ocr_line' id='line_1_35' title="bbox 676 1782 956 1805; baseline 0 0"><span class='ocrx_word' id='word_1_141' title='bbox 676 1785 703 1805; x_wconf 69' lang='grc' dir='ltr'><strong>Ρ</strong></span> <span class='ocrx_word' id='word_1_142' title='bbox 761 1782 956 1805; x_wconf 70' lang='grc' dir='ltr'><strong>η-ι...εε</strong></span> 
     </span>
    </p>
   </div>
   <div class='ocr_carea' id='block_1_35' title="bbox 2284 1713 2914 1805">
    <p class='ocr_par' dir='ltr' id='par_1_35' title="bbox 2352 1713 2914 1805">
     <span class='ocr_line' id='line_1_36' title="bbox 2353 1713 2914 1774; baseline -0.004 0"><span class='ocrx_word' id='word_1_143' title='bbox 2353 1713 2474 1774; x_wconf 80' lang='grc' dir='ltr'><strong>Τὸν</strong></span> <span class='ocrx_word' id='word_1_144' title='bbox 2502 1716 2598 1770; x_wconf 88' lang='grc' dir='ltr'><strong>τοῦ</strong></span> <span class='ocrx_word' id='word_1_145' title='bbox 2627 1713 2914 1772; x_wconf 79' lang='grc' dir='ltr'><strong>Ἀκακίου.</strong></span> 
     </span>
     <span class='ocr_line' id='line_1_37' title="bbox 2352 1784 2850 1805; baseline 0 0"><span class='ocrx_word' id='word_1_146' title='bbox 2352 1790 2414 1805; x_wconf 62' lang='grc' dir='ltr'><strong>ηις</strong></span> <span class='ocrx_word' id='word_1_147' title='bbox 2459 1787 2482 1805; x_wconf 69' lang='grc' dir='ltr'>ν</span> <span class='ocrx_word' id='word_1_148' title='bbox 2527 1785 2612 1805; x_wconf 36' lang='grc' dir='ltr'><strong>ᾉ-9</strong></span> <span class='ocrx_word' id='word_1_149' title='bbox 2649 1784 2756 1805; x_wconf 69' lang='lat' dir='ltr'><strong>Il-‘</strong></span> <span class='ocrx_word' id='word_1_150' title='bbox 2775 1786 2850 1805; x_wconf 69' lang='grc' dir='ltr'><strong>--Ι</strong></span> 
     </span>
    </p>
   </div>
   <div class='ocr_carea' id='block_1_36' title="bbox 674 1782 2178 1854">
    <p class='ocr_par' dir='ltr' id='par_1_36' title="bbox 674 1782 982 1854">
     <span class='ocr_line' id='line_1_38' title="bbox 674 1782 982 1854; baseline -0.013 -14"><span class='ocrx_word' id='word_1_151' title='bbox 674 1785 725 1852; x_wconf 78' lang='grc' dir='ltr'><strong>ξ.</strong></span> <span class='ocrx_word' id='word_1_152' title='bbox 759 1782 982 1854; x_wconf 81' lang='lat' dir='ltr'><strong>Meletii.</strong></span> 
     </span>
    </p>
   </div>
   <div class='ocr_carea' id='block_1_37' title="bbox 2284 1782 2938 1854">
    <p class='ocr_par' dir='ltr' id='par_1_37' title="bbox 2352 1784 2938 1854">
     <span class='ocr_line' id='line_1_39' title="bbox 2352 1784 2938 1854; baseline 0.002 -12"><span class='ocrx_word' id='word_1_153' title='bbox 2352 1790 2427 1844; x_wconf 87' lang='grc' dir='ltr'><strong>Τὸ</strong></span> <span class='ocrx_word' id='word_1_154' title='bbox 2456 1787 2484 1854; x_wconf 83' lang='grc' dir='ltr'>ξ</span> <span class='ocrx_word' id='word_1_155' title='bbox 2521 1785 2614 1838; x_wconf 86' lang='grc' dir='ltr'><strong>τοῦ</strong></span> <span class='ocrx_word' id='word_1_156' title='bbox 2649 1784 2938 1844; x_wconf 87' lang='grc' dir='ltr'><strong>Μελετίου.</strong></span> 
     </span>
    </p>
   </div>
   <div class='ocr_carea' id='block_1_38' title="bbox 673 1853 2178 1914">
    <p class='ocr_par' dir='ltr' id='par_1_38' title="bbox 673 1853 1004 1909">
     <span class='ocr_line' id='line_1_40' title="bbox 673 1853 1004 1909; baseline 0.003 -2"><span class='ocrx_word' id='word_1_157' title='bbox 673 1872 722 1909; x_wconf 90' lang='grc' dir='ltr'><strong>ο.</strong></span> <span class='ocrx_word' id='word_1_158' title='bbox 759 1853 1004 1908; x_wconf 87' lang='lat' dir='ltr'><strong>Luciani.</strong></span> 
     </span>
    </p>
   </div>
   <div class='ocr_carea' id='block_1_39' title="bbox 2284 1853 2937 1914">
    <p class='ocr_par' dir='ltr' id='par_1_39' title="bbox 2351 1853 2937 1914">
     <span class='ocr_line' id='line_1_41' title="bbox 2351 1853 2937 1914; baseline -0.002 0"><span class='ocrx_word' id='word_1_159' title='bbox 2351 1860 2424 1914; x_wconf 86' lang='grc' dir='ltr'><strong>Τὸ</strong></span> <span class='ocrx_word' id='word_1_160' title='bbox 2442 1853 2475 1910; x_wconf 85' lang='grc' dir='ltr'><strong>ο</strong></span> <span class='ocrx_word' id='word_1_161' title='bbox 2493 1855 2586 1909; x_wconf 88' lang='grc' dir='ltr'><strong>τοῦ</strong></span> <span class='ocrx_word' id='word_1_162' title='bbox 2615 1856 2937 1913; x_wconf 83' lang='grc' dir='ltr'><strong>Λουκιανοῦ.</strong></span> 
     </span>
    </p>
   </div>
   <div class='ocr_carea' id='block_1_40' title="bbox 675 1921 2178 1993">
    <p class='ocr_par' dir='ltr' id='par_1_40' title="bbox 675 1921 1073 1993">
     <span class='ocr_line' id='line_1_42' title="bbox 675 1921 1073 1993; baseline -0.005 -16"><span class='ocrx_word' id='word_1_163' title='bbox 675 1943 736 1977; x_wconf 87' lang='grc' dir='ltr'><strong>π.</strong></span> <span class='ocrx_word' id='word_1_164' title='bbox 756 1921 1073 1993; x_wconf 72' lang='grc' dir='ltr'><strong>Ερίριηὶηίὶ.</strong></span> 
     </span>
    </p>
   </div>
   <div class='ocr_carea' id='block_1_41' title="bbox 2284 1921 2974 1993">
    <p class='ocr_par' dir='ltr' id='par_1_41' title="bbox 2349 1926 2974 1993">
     <span class='ocr_line' id='line_1_43' title="bbox 2349 1926 2974 1993; baseline 0.002 -9"><span class='ocrx_word' id='word_1_165' title='bbox 2349 1930 2424 1984; x_wconf 77' lang='grc' dir='ltr'>Τὸ</span> <span class='ocrx_word' id='word_1_166' title='bbox 2450 1945 2491 1980; x_wconf 90' lang='grc' dir='ltr'>π</span> <span class='ocrx_word' id='word_1_167' title='bbox 2517 1926 2612 1980; x_wconf 85' lang='grc' dir='ltr'><strong>τοῦ</strong></span> <span class='ocrx_word' id='word_1_168' title='bbox 2633 1926 2974 1993; x_wconf 83' lang='grc' dir='ltr'><strong>Ἐπιφανίου.</strong></span> 
     </span>
    </p>
   </div>
   <div class='ocr_carea' id='block_1_42' title="bbox 679 1991 2178 2068">
    <p class='ocr_par' dir='ltr' id='par_1_42' title="bbox 679 1991 2062 2068">
     <span class='ocr_line' id='line_1_44' title="bbox 679 1991 2062 2068; baseline 0 0"><span class='ocrx_word' id='word_1_169' title='bbox 679 2009 730 2062; x_wconf 81' lang='grc' dir='ltr'><strong>Ρ·</strong></span> <span class='ocrx_word' id='word_1_170' title='bbox 758 1991 942 2068; x_wconf 53' lang='grc' dir='ltr'><strong>έέθίίῗὲε</strong></span> <span class='ocrx_word' id='word_1_171' title='bbox 2047 2021 2062 2040; x_wconf 84' lang='lat'><em>’</em></span> 
     </span>
    </p>
   </div>
   <div class='ocr_carea' id='block_1_43' title="bbox 2284 1991 2848 2068">
    <p class='ocr_par' dir='ltr' id='par_1_43' title="bbox 2349 1991 2848 2068">
     <span class='ocr_line' id='line_1_45' title="bbox 2349 1991 2848 2068; baseline -0.004 0"><span class='ocrx_word' id='word_1_172' title='bbox 2349 1999 2424 2052; x_wconf 78' lang='grc' dir='ltr'><strong>Τὸ</strong></span> <span class='ocrx_word' id='word_1_173' title='bbox 2450 2014 2482 2068; x_wconf 86' lang='grc' dir='ltr'><strong>ρ</strong></span> <span class='ocrx_word' id='word_1_174' title='bbox 2513 1997 2609 2068; x_wconf 73' lang='grc' dir='ltr'><strong>τοῦ</strong></span> <span class='ocrx_word' id='word_1_175' title='bbox 2640 1991 2848 2068; x_wconf 51' lang='lat' dir='ltr'><strong>Anten-</strong></span> 
     </span>
    </p>
   </div>
   <div class='ocr_carea' id='block_1_44' title="bbox 678 2059 2178 2123">
    <p class='ocr_par' dir='ltr' id='par_1_44' title="bbox 678 2059 966 2116">
     <span class='ocr_line' id='line_1_46' title="bbox 678 2059 966 2116; baseline 0.007 -3"><span class='ocrx_word' id='word_1_176' title='bbox 678 2059 728 2114; x_wconf 81' lang='grc' dir='ltr'><strong>σ.</strong></span> <span class='ocrx_word' id='word_1_177' title='bbox 760 2059 966 2116; x_wconf 83' lang='lat' dir='ltr'><strong>Basilii.</strong></span> 
     </span>
    </p>
   </div>
   <div class='ocr_carea' id='block_1_45' title="bbox 2284 2059 2942 2123">
    <p class='ocr_par' dir='ltr' id='par_1_45' title="bbox 2347 2059 2942 2123">
     <span class='ocr_line' id='line_1_47' title="bbox 2347 2059 2942 2123; baseline 0.003 -2"><span class='ocrx_word' id='word_1_178' title='bbox 2347 2067 2422 2122; x_wconf 83' lang='grc' dir='ltr'>Τὸ</span> <span class='ocrx_word' id='word_1_179' title='bbox 2450 2059 2486 2120; x_wconf 56' lang='lat'><strong>&#39;6&#39;</strong></span> <span class='ocrx_word' id='word_1_180' title='bbox 2514 2067 2607 2121; x_wconf 88' lang='grc' dir='ltr'><strong>τοῦ</strong></span> <span class='ocrx_word' id='word_1_181' title='bbox 2639 2059 2942 2123; x_wconf 75' lang='grc' dir='ltr'><strong>Βείσιλὲίου.</strong></span> 
     </span>
    </p>
   </div>
   <div class='ocr_carea' id='block_1_46' title="bbox 674 2130 2178 2207">
    <p class='ocr_par' dir='ltr' id='par_1_46' title="bbox 674 2130 1504 2207">
     <span class='ocr_line' id='line_1_48' title="bbox 674 2130 1504 2207; baseline 0.005 -24"><span class='ocrx_word' id='word_1_182' title='bbox 674 2147 725 2184; x_wconf 90' lang='grc' dir='ltr'><strong>τ.</strong></span> <span class='ocrx_word' id='word_1_183' title='bbox 759 2130 1174 2207; x_wconf 62' lang='grc' dir='ltr'><strong>ξρεοιιοῐιιοηίε.</strong></span> <span class='ocrx_word' id='word_1_184' title='bbox 1497 2136 1504 2144; x_wconf 90' lang='grc'><em>’</em></span> 
     </span>
    </p>
   </div>
   <div class='ocr_carea' id='block_1_47' title="bbox 2284 2130 3014 2207">
    <p class='ocr_par' dir='ltr' id='par_1_47' title="bbox 2348 2134 3014 2207">
     <span class='ocr_line' id='line_1_49' title="bbox 2348 2134 3014 2207; baseline 0.005 -17"><span class='ocrx_word' id='word_1_185' title='bbox 2348 2137 2422 2207; x_wconf 73' lang='grc' dir='ltr'><strong>Τὸ</strong></span> <span class='ocrx_word' id='word_1_186' title='bbox 2455 2154 2486 2189; x_wconf 87' lang='grc' dir='ltr'><strong>τ</strong></span> <span class='ocrx_word' id='word_1_187' title='bbox 2513 2137 2608 2207; x_wconf 89' lang='grc' dir='ltr'><strong>τοῦ</strong></span> <span class='ocrx_word' id='word_1_188' title='bbox 2642 2134 3014 2207; x_wconf 63' lang='grc' dir='ltr'><strong>Εθσχήμονος.</strong></span> 
     </span>
    </p>
   </div>
   <div class='ocr_carea' id='block_1_48' title="bbox 677 2199 2178 2263">
    <p class='ocr_par' dir='ltr' id='par_1_48' title="bbox 677 2199 990 2256">
     <span class='ocr_line' id='line_1_50' title="bbox 677 2199 990 2256; baseline 0.01 -3"><span class='ocrx_word' id='word_1_189' title='bbox 677 2218 730 2254; x_wconf 87' lang='grc' dir='ltr'><strong>υ.</strong></span> <span class='ocrx_word' id='word_1_190' title='bbox 763 2199 990 2256; x_wconf 88' lang='lat' dir='ltr'><strong>Silvani.</strong></span> 
     </span>
    </p>
   </div>
   <div class='ocr_carea' id='block_1_49' title="bbox 2284 2199 2956 2263">
    <p class='ocr_par' dir='ltr' id='par_1_49' title="bbox 2347 2199 2956 2263">
     <span class='ocr_line' id='line_1_51' title="bbox 2347 2199 2956 2263; baseline 0.005 -3"><span class='ocrx_word' id='word_1_191' title='bbox 2347 2205 2423 2260; x_wconf 87' lang='grc' dir='ltr'><strong>Τὺ</strong></span> <span class='ocrx_word' id='word_1_192' title='bbox 2451 2224 2481 2258; x_wconf 88' lang='grc' dir='ltr'>υ</span> <span class='ocrx_word' id='word_1_193' title='bbox 2511 2206 2607 2260; x_wconf 90' lang='grc' dir='ltr'><strong>τοῦ</strong></span> <span class='ocrx_word' id='word_1_194' title='bbox 2639 2199 2956 2263; x_wconf 42' lang='lat' dir='ltr'><strong>sociatos.</strong></span> 
     </span>
    </p>
   </div>
   <div class='ocr_carea' id='block_1_50' title="bbox 678 2269 2178 2346">
    <p class='ocr_par' dir='ltr' id='par_1_50' title="bbox 678 2269 1120 2346">
     <span class='ocr_line' id='line_1_52' title="bbox 678 2269 1120 2346; baseline 0 -23"><span class='ocrx_word' id='word_1_195' title='bbox 678 2287 738 2338; x_wconf 83' lang='grc' dir='ltr'><strong>φ.</strong></span> <span class='ocrx_word' id='word_1_196' title='bbox 763 2269 1120 2346; x_wconf 62' lang='grc' dir='ltr'><strong>ξυρτορίοῐιί.</strong></span> 
     </span>
    </p>
   </div>
   <div class='ocr_carea' id='block_1_51' title="bbox 2284 2269 3041 2346">
    <p class='ocr_par' dir='ltr' id='par_1_51' title="bbox 2349 2275 3041 2346">
     <span class='ocr_line' id='line_1_53' title="bbox 2349 2275 3041 2346; baseline 0.004 -16"><span class='ocrx_word' id='word_1_197' title='bbox 2349 2276 2424 2330; x_wconf 83' lang='grc' dir='ltr'><strong>Τὸ</strong></span> <span class='ocrx_word' id='word_1_198' title='bbox 2449 2295 2486 2346; x_wconf 82' lang='grc' dir='ltr'>φ</span> <span class='ocrx_word' id='word_1_199' title='bbox 2507 2276 2603 2346; x_wconf 85' lang='grc' dir='ltr'><strong>τοῦ</strong></span> <span class='ocrx_word' id='word_1_200' title='bbox 2633 2275 3041 2343; x_wconf 82' lang='grc' dir='ltr'><strong>Εὐπρεπιανοῦ.</strong></span> 
     </span>
    </p>
   </div>
   <div class='ocr_carea' id='block_1_52' title="bbox 674 2339 2966 2450">
    <p class='ocr_par' dir='ltr' id='par_1_52' title="bbox 674 2339 2966 2450">
     <span class='ocr_line' id='line_1_54' title="bbox 674 2339 2966 2450; baseline 0.004 -57"><span class='ocrx_word' id='word_1_201' title='bbox 674 2358 729 2448; x_wconf 74' lang='grc' dir='ltr'><strong>χ.</strong></span> <span class='ocrx_word' id='word_1_202' title='bbox 755 2339 1024 2450; x_wconf 53' lang='lat' dir='ltr'><strong>gregariit</strong></span> <span class='ocrx_word' id='word_1_203' title='bbox 1239 2375 1266 2385; x_wconf 66' lang='grc' dir='ltr'><strong>ο-</strong></span> <span class='ocrx_word' id='word_1_204' title='bbox 2350 2339 2476 2450; x_wconf 42' lang='lat' dir='ltr'><strong>Te);</strong></span> <span class='ocrx_word' id='word_1_205' title='bbox 2505 2345 2610 2426; x_wconf 66' lang='grc' dir='ltr'><strong>τοῦ</strong></span> <span class='ocrx_word' id='word_1_206' title='bbox 2635 2339 2966 2431; x_wconf 61' lang='grc' dir='ltr'><strong>Γρηλτορίου.</strong></span> 
     </span>
     <span class='ocr_line' id='line_1_55' title="bbox 674 2412 2948 2450; baseline 0 0"><span class='ocrx_word' id='word_1_207' title='bbox 674 2428 715 2450; x_wconf 82' lang='grc' dir='ltr'><strong>ιι</strong></span> <span class='ocrx_word' id='word_1_208' title='bbox 791 2427 866 2450; x_wconf 75' lang='lat' dir='ltr'><strong>.nc</strong></span> <span class='ocrx_word' id='word_1_209' title='bbox 894 2412 1023 2450; x_wconf 64' lang='lat' dir='ltr'><strong>QI&#39;III</strong></span> <span class='ocrx_word' id='word_1_210' title='bbox 2350 2417 2426 2450; x_wconf 68' lang='grc' dir='ltr'><strong>Ψλ</strong></span> <span class='ocrx_word' id='word_1_211' title='bbox 2449 2435 2458 2450; x_wconf 75' lang='grc' dir='ltr'><strong>ι</strong></span> <span class='ocrx_word' id='word_1_212' title='bbox 2482 2438 2490 2450; x_wconf 79' lang='grc' dir='ltr'><strong>ι</strong></span> <span class='ocrx_word' id='word_1_213' title='bbox 2517 2433 2613 2450; x_wconf 57' lang='lat' dir='ltr'><strong>mnu</strong></span> <span class='ocrx_word' id='word_1_214' title='bbox 2647 2415 2948 2450; x_wconf 63' lang='grc' dir='ltr'><strong>Πειρη-κοιλ..</strong></span> 
     </span>
    </p>
   </div>
   <div class='ocr_carea' id='block_1_53' title="bbox 673 2410 2178 2487">
    <p class='ocr_par' dir='ltr' id='par_1_53' title="bbox 673 2410 1048 2487">
     <span class='ocr_line' id='line_1_56' title="bbox 673 2410 1048 2487; baseline 0.003 -22"><span class='ocrx_word' id='word_1_215' title='bbox 673 2410 736 2480; x_wconf 81' lang='grc' dir='ltr'><strong>ψ.</strong></span> <span class='ocrx_word' id='word_1_216' title='bbox 759 2410 1048 2487; x_wconf 46' lang='lat' dir='ltr'><strong>gustathii.</strong></span> 
     </span>
    </p>
   </div>
   <div class='ocr_carea' id='block_1_54' title="bbox 2284 2410 2970 2487">
    <p class='ocr_par' dir='ltr' id='par_1_54' title="bbox 2350 2410 2970 2487">
     <span class='ocr_line' id='line_1_57' title="bbox 2350 2410 2970 2487; baseline 0.003 -15"><span class='ocrx_word' id='word_1_217' title='bbox 2350 2417 2426 2487; x_wconf 73' lang='grc' dir='ltr'>Τὸ</span> <span class='ocrx_word' id='word_1_218' title='bbox 2517 2415 2613 2487; x_wconf 82' lang='grc' dir='ltr'><strong>τοῦ</strong></span> <span class='ocrx_word' id='word_1_219' title='bbox 2646 2410 2970 2487; x_wconf 68' lang='grc' dir='ltr'><strong>Εὐσταθίου.</strong></span> 
     </span>
    </p>
   </div>
   <div class='ocr_carea' id='block_1_55' title="bbox 674 2479 2178 2557">
    <p class='ocr_par' dir='ltr' id='par_1_55' title="bbox 674 2479 963 2536">
     <span class='ocr_line' id='line_1_58' title="bbox 674 2479 963 2536; baseline 0.007 -2"><span class='ocrx_word' id='word_1_220' title='bbox 674 2479 741 2534; x_wconf 83' lang='grc' dir='ltr'><strong>ω.</strong></span> <span class='ocrx_word' id='word_1_221' title='bbox 762 2479 963 2536; x_wconf 84' lang='lat' dir='ltr'><strong>Meum.</strong></span> 
     </span>
    </p>
   </div>
   <div class='ocr_carea' id='block_1_56' title="bbox 2284 2479 2783 2557">
    <p class='ocr_par' dir='ltr' id='par_1_56' title="bbox 2348 2479 2783 2557">
     <span class='ocr_line' id='line_1_59' title="bbox 2348 2479 2783 2557; baseline -0.005 -17"><span class='ocrx_word' id='word_1_222' title='bbox 2348 2486 2424 2540; x_wconf 88' lang='grc' dir='ltr'><strong>Τὸ</strong></span> <span class='ocrx_word' id='word_1_223' title='bbox 2448 2479 2494 2540; x_wconf 84' lang='grc' dir='ltr'><strong>ω</strong></span> <span class='ocrx_word' id='word_1_224' title='bbox 2515 2484 2576 2540; x_wconf 82' lang='grc' dir='ltr'><strong>τὸ</strong></span> <span class='ocrx_word' id='word_1_225' title='bbox 2597 2485 2656 2538; x_wconf 87' lang='grc' dir='ltr'><strong><em>Ἐ</em></strong></span> <span class='ocrx_word' id='word_1_226' title='bbox 2665 2484 2783 2557; x_wconf 84' lang='grc' dir='ltr'><strong>μόν.</strong></span> 
     </span>
    </p>
   </div>
   <div class='ocr_carea' id='block_1_57' title="bbox 678 2572 2178 2655">
    <p class='ocr_par' dir='ltr' id='par_1_57' title="bbox 678 2572 2178 2648">
     <span class='ocr_line' id='line_1_60' title="bbox 678 2572 2178 2648; baseline 0.001 -22"><span class='ocrx_word' id='word_1_227' title='bbox 678 2572 910 2639; x_wconf 82' lang='lat' dir='ltr'><strong>Quando</strong></span> <span class='ocrx_word' id='word_1_228' title='bbox 939 2574 1105 2646; x_wconf 88' lang='lat' dir='ltr'><strong>igitur</strong></span> <span class='ocrx_word' id='word_1_229' title='bbox 1134 2575 1188 2629; x_wconf 90' lang='lat' dir='ltr'><strong>in</strong></span> <span class='ocrx_word' id='word_1_230' title='bbox 1217 2575 1573 2648; x_wconf 87' lang='lat' dir='ltr'><strong>inscriptione</strong></span> <span class='ocrx_word' id='word_1_231' title='bbox 1610 2575 1829 2632; x_wconf 79' lang='lat' dir='ltr'><strong>aﬂixum</strong></span> <span class='ocrx_word' id='word_1_232' title='bbox 1853 2583 1938 2632; x_wconf 86' lang='lat' dir='ltr'><strong>est</strong></span> <span class='ocrx_word' id='word_1_233' title='bbox 1960 2573 2178 2645; x_wconf 86' lang='lat' dir='ltr'><strong>aliquod</strong></span> 
     </span>
    </p>
   </div>
   <div class='ocr_carea' id='block_1_58' title="bbox 2284 2572 3845 2655">
    <p class='ocr_par' dir='ltr' id='par_1_58' title="bbox 2352 2582 3845 2655">
     <span class='ocr_line' id='line_1_61' title="bbox 2352 2582 3845 2655; baseline -0.003 -17"><span class='ocrx_word' id='word_1_234' title='bbox 2352 2585 2484 2638; x_wconf 86' lang='grc' dir='ltr'><strong>Ὅτε</strong></span> <span class='ocrx_word' id='word_1_235' title='bbox 2510 2585 2694 2638; x_wconf 80' lang='grc' dir='ltr'><strong>τοίνυν</strong></span> <span class='ocrx_word' id='word_1_236' title='bbox 2728 2586 2909 2638; x_wconf 82' lang='grc' dir='ltr'><strong>κεῖται</strong></span> <span class='ocrx_word' id='word_1_237' title='bbox 2947 2583 3008 2638; x_wconf 88' lang='grc' dir='ltr'><strong>ἐν</strong></span> <span class='ocrx_word' id='word_1_238' title='bbox 3051 2585 3120 2655; x_wconf 79' lang='grc' dir='ltr'><strong>τῇ</strong></span> <span class='ocrx_word' id='word_1_239' title='bbox 3156 2582 3438 2654; x_wconf 79' lang='grc' dir='ltr'><strong>ἐπιγραφῇ</strong></span> <span class='ocrx_word' id='word_1_240' title='bbox 3486 2599 3538 2635; x_wconf 89' lang='grc' dir='ltr'><strong>τι</strong></span> <span class='ocrx_word' id='word_1_241' title='bbox 3570 2584 3845 2652; x_wconf 83' lang='grc' dir='ltr'><strong>στοιχεῖον,</strong></span> 
     </span>
    </p>
   </div>
   <div class='ocr_carea' id='block_1_59' title="bbox 606 2663 2178 2744">
    <p class='ocr_par' dir='ltr' id='par_1_59' title="bbox 606 2663 2178 2740">
     <span class='ocr_line' id='line_1_62' title="bbox 606 2663 2178 2740; baseline 0.005 -24"><span class='ocrx_word' id='word_1_242' title='bbox 606 2663 961 2729; x_wconf 82' lang='lat' dir='ltr'><strong>elementum.</strong></span> <span class='ocrx_word' id='word_1_243' title='bbox 1005 2666 1294 2735; x_wconf 86' lang='lat' dir='ltr'><strong>cujusnam</strong></span> <span class='ocrx_word' id='word_1_244' title='bbox 1342 2669 1415 2724; x_wconf 92' lang='lat' dir='ltr'><strong>sit</strong></span> <span class='ocrx_word' id='word_1_245' title='bbox 1446 2669 1671 2740; x_wconf 87' lang='lat' dir='ltr'><strong>epistola</strong></span> <span class='ocrx_word' id='word_1_246' title='bbox 1705 2669 1865 2739; x_wconf 84' lang='lat' dir='ltr'><strong>plane</strong></span> <span class='ocrx_word' id='word_1_247' title='bbox 1894 2668 2178 2724; x_wconf 87' lang='lat' dir='ltr'><strong>declarat:</strong></span> 
     </span>
    </p>
   </div>
   <div class='ocr_carea' id='block_1_60' title="bbox 2284 2663 3849 2744">
    <p class='ocr_par' dir='ltr' id='par_1_60' title="bbox 2284 2667 3849 2744">
     <span class='ocr_line' id='line_1_63' title="bbox 2284 2667 3849 2744; baseline -0.003 -15"><span class='ocrx_word' id='word_1_248' title='bbox 2284 2667 2342 2730; x_wconf 79' lang='grc' dir='ltr'><strong>οῦ</strong></span> <span class='ocrx_word' id='word_1_249' title='bbox 2373 2674 2518 2737; x_wconf 85' lang='grc' dir='ltr'><strong>τινός</strong></span> <span class='ocrx_word' id='word_1_250' title='bbox 2547 2676 2696 2728; x_wconf 89' lang='grc' dir='ltr'><strong>ἐστιν</strong></span> <span class='ocrx_word' id='word_1_251' title='bbox 2725 2676 2758 2744; x_wconf 81' lang='grc' dir='ltr'>ἠ</span> <span class='ocrx_word' id='word_1_252' title='bbox 2797 2673 3058 2742; x_wconf 83' lang='grc' dir='ltr'><strong>ἐπιστολὴ</strong></span> <span class='ocrx_word' id='word_1_253' title='bbox 3081 2672 3300 2736; x_wconf 76' lang='grc' dir='ltr'><strong>πάντως</strong></span> <span class='ocrx_word' id='word_1_254' title='bbox 3338 2671 3652 2744; x_wconf 76' lang='grc' dir='ltr'><strong>ἐγνωρίσθη</strong></span> <span class='ocrx_word' id='word_1_255' title='bbox 3671 2689 3686 2702; x_wconf 89' lang='grc'><strong>·</strong></span> <span class='ocrx_word' id='word_1_256' title='bbox 3745 2667 3849 2725; x_wconf 74' lang='grc' dir='ltr'><strong>οἷον</strong></span> 
     </span>
    </p>
   </div>
   <div class='ocr_carea' id='block_1_61' title="bbox 607 2755 2178 2837">
    <p class='ocr_par' dir='ltr' id='par_1_61' title="bbox 607 2755 2178 2829">
     <span class='ocr_line' id='line_1_64' title="bbox 607 2755 2178 2829; baseline 0.004 -23"><span class='ocrx_word' id='word_1_257' title='bbox 607 2755 757 2809; x_wconf 87' lang='lat' dir='ltr'><strong>verbi</strong></span> <span class='ocrx_word' id='word_1_258' title='bbox 786 2757 976 2825; x_wconf 87' lang='lat' dir='ltr'><strong>gratia,</strong></span> <span class='ocrx_word' id='word_1_259' title='bbox 997 2774 1031 2810; x_wconf 91' lang='grc' dir='ltr'><strong>α</strong></span> <span class='ocrx_word' id='word_1_260' title='bbox 1057 2757 1232 2811; x_wconf 86' lang='lat' dir='ltr'><strong>Patris</strong></span> <span class='ocrx_word' id='word_1_261' title='bbox 1253 2759 1461 2826; x_wconf 89' lang='lat' dir='ltr'><strong>nostri;</strong></span> <span class='ocrx_word' id='word_1_262' title='bbox 1497 2770 1554 2816; x_wconf 88' lang='lat' dir='ltr'><strong>et</strong></span> <span class='ocrx_word' id='word_1_263' title='bbox 1576 2761 2004 2829; x_wconf 89' lang='lat' dir='ltr'><strong>unumquodque</strong></span> <span class='ocrx_word' id='word_1_264' title='bbox 2024 2759 2178 2813; x_wconf 91' lang='lat' dir='ltr'><strong>simi-</strong></span> 
     </span>
    </p>
   </div>
   <div class='ocr_carea' id='block_1_62' title="bbox 2284 2755 3851 2837">
    <p class='ocr_par' dir='ltr' id='par_1_62' title="bbox 2284 2764 3851 2837">
     <span class='ocr_line' id='line_1_65' title="bbox 2284 2764 3851 2837; baseline -0.003 -16"><span class='ocrx_word' id='word_1_265' title='bbox 2284 2768 2341 2821; x_wconf 84' lang='grc' dir='ltr'><strong>τὸ</strong></span> <span class='ocrx_word' id='word_1_266' title='bbox 2372 2785 2428 2832; x_wconf 90' lang='grc' dir='ltr'><strong>α,</strong></span> <span class='ocrx_word' id='word_1_267' title='bbox 2461 2767 2557 2820; x_wconf 93' lang='grc' dir='ltr'><strong>τοῦ</strong></span> <span class='ocrx_word' id='word_1_268' title='bbox 2588 2765 2802 2837; x_wconf 74' lang='grc' dir='ltr'><strong>Πατρδς</strong></span> <span class='ocrx_word' id='word_1_269' title='bbox 2827 2765 2985 2837; x_wconf 80' lang='grc' dir='ltr'><strong>ήμῶν</strong></span> <span class='ocrx_word' id='word_1_270' title='bbox 3011 2782 3026 2798; x_wconf 80' lang='grc' dir='ltr'><strong>ο</strong></span> <span class='ocrx_word' id='word_1_271' title='bbox 3055 2765 3151 2820; x_wconf 70' lang='grc' dir='ltr'><strong>καὶ</strong></span> <span class='ocrx_word' id='word_1_272' title='bbox 3171 2765 3402 2819; x_wconf 72' lang='grc' dir='ltr'><strong>ἕκαστον</strong></span> <span class='ocrx_word' id='word_1_273' title='bbox 3423 2764 3718 2828; x_wconf 82' lang='grc' dir='ltr'><strong>ὡσαύτως.</strong></span> <span class='ocrx_word' id='word_1_274' title='bbox 3755 2764 3851 2817; x_wconf 82' lang='grc' dir='ltr'><strong>Πά-</strong></span> 
     </span>
    </p>
   </div>
   <div class='ocr_carea' id='block_1_63' title="bbox 610 2843 2178 2929">
    <p class='ocr_par' dir='ltr' id='par_1_63' title="bbox 610 2843 2178 2919">
     <span class='ocr_line' id='line_1_66' title="bbox 610 2843 2178 2919; baseline 0.003 -24"><span class='ocrx_word' id='word_1_275' title='bbox 610 2843 752 2896; x_wconf 90' lang='lat' dir='ltr'><strong>liter.</strong></span> <span class='ocrx_word' id='word_1_276' title='bbox 791 2845 1018 2909; x_wconf 82' lang='lat' dir='ltr'><strong>Rursus,</strong></span> <span class='ocrx_word' id='word_1_277' title='bbox 1065 2847 1436 2919; x_wconf 79' lang='lat' dir='ltr'><strong>interrogante</strong></span> <span class='ocrx_word' id='word_1_278' title='bbox 1478 2864 1585 2913; x_wconf 90' lang='lat' dir='ltr'><strong>me,</strong></span> <span class='ocrx_word' id='word_1_279' title='bbox 1623 2847 1909 2914; x_wconf 87' lang='lat' dir='ltr'><strong>Quomodo</strong></span> <span class='ocrx_word' id='word_1_280' title='bbox 1935 2847 2076 2902; x_wconf 89' lang='lat' dir='ltr'><strong>valet</strong></span> <span class='ocrx_word' id='word_1_281' title='bbox 2107 2847 2178 2918; x_wconf 72' lang='lat'><strong>[5?</strong></span> 
     </span>
    </p>
   </div>
   <div class='ocr_carea' id='block_1_64' title="bbox 2284 2843 3828 2929">
    <p class='ocr_par' dir='ltr' id='par_1_64' title="bbox 2284 2855 3828 2929">
     <span class='ocr_line' id='line_1_67' title="bbox 2284 2855 3828 2929; baseline -0.003 -17"><span class='ocrx_word' id='word_1_282' title='bbox 2284 2859 2368 2912; x_wconf 89' lang='grc' dir='ltr'><strong>λιν</strong></span> <span class='ocrx_word' id='word_1_283' title='bbox 2396 2857 2713 2929; x_wconf 85' lang='grc' dir='ltr'><strong>ἐρωτῶντός</strong></span> <span class='ocrx_word' id='word_1_284' title='bbox 2747 2874 2874 2928; x_wconf 84' lang='grc' dir='ltr'><strong>μου,</strong></span> <span class='ocrx_word' id='word_1_285' title='bbox 2904 2855 3030 2920; x_wconf 83' lang='grc' dir='ltr'><strong>Πῶς</strong></span> <span class='ocrx_word' id='word_1_286' title='bbox 3059 2856 3172 2928; x_wconf 75' lang='grc' dir='ltr'><strong>ἔχει</strong></span> <span class='ocrx_word' id='word_1_287' title='bbox 3198 2857 3256 2910; x_wconf 79' lang='grc' dir='ltr'><strong>τὸ</strong></span> <span class='ocrx_word' id='word_1_288' title='bbox 3288 2856 3355 2926; x_wconf 90' lang='grc' dir='ltr'><strong>β;</strong></span> <span class='ocrx_word' id='word_1_289' title='bbox 3387 2857 3552 2926; x_wconf 80' lang='grc' dir='ltr'><strong>δῆλον</strong></span> <span class='ocrx_word' id='word_1_290' title='bbox 3583 2856 3667 2908; x_wconf 80' lang='grc' dir='ltr'><strong>ὅτι</strong></span> <span class='ocrx_word' id='word_1_291' title='bbox 3690 2857 3828 2924; x_wconf 75' lang='grc' dir='ltr'><strong>ἐγνω</strong></span> 
     </span>
    </p>
   </div>
   <div class='ocr_carea' id='block_1_65' title="bbox 608 2935 2178 3024">
    <p class='ocr_par' dir='ltr' id='par_1_65' title="bbox 608 2935 2178 3010">
     <span class='ocr_line' id='line_1_68' title="bbox 608 2935 2178 3010; baseline 0.003 -21"><span class='ocrx_word' id='word_1_292' title='bbox 608 2935 814 2989; x_wconf 89' lang='lat' dir='ltr'><strong>clarum</strong></span> <span class='ocrx_word' id='word_1_293' title='bbox 850 2945 934 2990; x_wconf 89' lang='lat' dir='ltr'><strong>est</strong></span> <span class='ocrx_word' id='word_1_294' title='bbox 955 2936 1200 3008; x_wconf 76' lang='lat' dir='ltr'><strong>intelligi,</strong></span> <span class='ocrx_word' id='word_1_295' title='bbox 1233 2938 1302 2993; x_wconf 89' lang='lat' dir='ltr'><strong>de</strong></span> <span class='ocrx_word' id='word_1_296' title='bbox 1337 2939 1752 3010; x_wconf 86' lang='lat' dir='ltr'><strong>archiepiscopo</strong></span> <span class='ocrx_word' id='word_1_297' title='bbox 1782 2955 1902 2994; x_wconf 91' lang='lat' dir='ltr'><strong>esse</strong></span> <span class='ocrx_word' id='word_1_298' title='bbox 1927 2945 2178 3009; x_wconf 73' lang='lat' dir='ltr'><strong>quaestio-</strong></span> 
     </span>
    </p>
   </div>
   <div class='ocr_carea' id='block_1_66' title="bbox 2284 2935 3846 3024">
    <p class='ocr_par' dir='ltr' id='par_1_66' title="bbox 2287 2942 3846 3024">
     <span class='ocr_line' id='line_1_69' title="bbox 2287 2942 3846 3024; baseline -0.003 -22"><span class='ocrx_word' id='word_1_299' title='bbox 2287 2950 2445 3024; x_wconf 88' lang='grc' dir='ltr'><strong>ρίσθη</strong></span> <span class='ocrx_word' id='word_1_300' title='bbox 2477 2950 2608 3020; x_wconf 76' lang='grc' dir='ltr'><strong>περὶ</strong></span> <span class='ocrx_word' id='word_1_301' title='bbox 2637 2948 2732 3003; x_wconf 87' lang='grc' dir='ltr'><strong>τοῦ</strong></span> <span class='ocrx_word' id='word_1_302' title='bbox 2763 2950 3197 3019; x_wconf 80' lang='grc' dir='ltr'><strong>ἀρχιεπισκόπου</strong></span> <span class='ocrx_word' id='word_1_303' title='bbox 3235 2942 3376 3002; x_wconf 80' lang='grc' dir='ltr'><strong>εἶναι</strong></span> <span class='ocrx_word' id='word_1_304' title='bbox 3413 2949 3514 3019; x_wconf 75' lang='grc' dir='ltr'><strong>τὴν</strong></span> <span class='ocrx_word' id='word_1_305' title='bbox 3561 2947 3846 3020; x_wconf 77' lang='grc' dir='ltr'><strong>ἐρώτησιν.</strong></span> 
     </span>
    </p>
   </div>
   <div class='ocr_carea' id='block_1_67' title="bbox 527 3027 2178 3133">
    <p class='ocr_par' dir='ltr' id='par_1_67' title="bbox 527 3027 2178 3104">
     <span class='ocr_line' id='line_1_70' title="bbox 527 3027 2178 3104; baseline 0.004 -24"><span class='ocrx_word' id='word_1_306' title='bbox 527 3088 534 3095; x_wconf 38' lang='grc' dir='ltr'><strong>ε</strong></span> <span class='ocrx_word' id='word_1_307' title='bbox 608 3041 756 3081; x_wconf 90' lang='lat' dir='ltr'><strong>nem.</strong></span> <span class='ocrx_word' id='word_1_308' title='bbox 803 3027 1004 3083; x_wconf 83' lang='lat' dir='ltr'><strong>Eodem</strong></span> <span class='ocrx_word' id='word_1_309' title='bbox 1049 3030 1210 3084; x_wconf 89' lang='lat' dir='ltr'><strong>modo</strong></span> <span class='ocrx_word' id='word_1_310' title='bbox 1251 3045 1377 3085; x_wconf 91' lang='lat' dir='ltr'><strong>cum</strong></span> <span class='ocrx_word' id='word_1_311' title='bbox 1447 3032 1642 3086; x_wconf 90' lang='lat' dir='ltr'><strong>iterum</strong></span> <span class='ocrx_word' id='word_1_312' title='bbox 1689 3031 1984 3104; x_wconf 86' lang='lat' dir='ltr'><strong>interrogo,</strong></span> <span class='ocrx_word' id='word_1_313' title='bbox 2031 3031 2178 3098; x_wconf 86' lang='lat' dir='ltr'><strong>Quo-</strong></span> 
     </span>
    </p>
   </div>
   <div class='ocr_carea' id='block_1_68' title="bbox 2284 3027 3849 3133">
    <p class='ocr_par' dir='ltr' id='par_1_68' title="bbox 2294 3037 3849 3111">
     <span class='ocr_line' id='line_1_71' title="bbox 2294 3037 3849 3111; baseline -0.006 -16"><span class='ocrx_word' id='word_1_314' title='bbox 2294 3042 2528 3109; x_wconf 86' lang='grc' dir='ltr'><strong>Ὁμοίως</strong></span> <span class='ocrx_word' id='word_1_315' title='bbox 2556 3042 2614 3094; x_wconf 87' lang='grc' dir='ltr'><strong>ἐν</strong></span> <span class='ocrx_word' id='word_1_316' title='bbox 2640 3041 2719 3110; x_wconf 82' lang='grc' dir='ltr'><strong>τῷ</strong></span> <span class='ocrx_word' id='word_1_317' title='bbox 2741 3041 2906 3094; x_wconf 81' lang='grc' dir='ltr'><strong>πάλιν</strong></span> <span class='ocrx_word' id='word_1_318' title='bbox 2957 3039 3234 3111; x_wconf 85' lang='grc' dir='ltr'><strong>ἐρωτῆσαί</strong></span> <span class='ocrx_word' id='word_1_319' title='bbox 3271 3055 3360 3110; x_wconf 89' lang='grc' dir='ltr'><strong>με,</strong></span> <span class='ocrx_word' id='word_1_320' title='bbox 3411 3037 3538 3101; x_wconf 83' lang='grc' dir='ltr'><strong>Πῶς</strong></span> <span class='ocrx_word' id='word_1_321' title='bbox 3564 3038 3780 3107; x_wconf 74' lang='grc' dir='ltr'><strong>ἔχουσιν</strong></span> <span class='ocrx_word' id='word_1_322' title='bbox 3805 3037 3849 3088; x_wconf 77' lang='grc' dir='ltr'><strong>οἱ</strong></span> 
     </span>
    </p>
   </div>
   <div class='ocr_carea' id='block_1_69' title="bbox 609 3117 2178 3204">
    <p class='ocr_par' dir='ltr' id='par_1_69' title="bbox 609 3117 2178 3193">
     <span class='ocr_line' id='line_1_72' title="bbox 609 3117 2178 3193; baseline 0.006 -24"><span class='ocrx_word' id='word_1_323' title='bbox 609 3117 771 3172; x_wconf 90' lang='lat' dir='ltr'><strong>modo</strong></span> <span class='ocrx_word' id='word_1_324' title='bbox 803 3120 984 3174; x_wconf 88' lang='lat' dir='ltr'><strong>valent</strong></span> <span class='ocrx_word' id='word_1_325' title='bbox 1007 3121 1100 3189; x_wconf 91' lang='lat' dir='ltr'><strong>qui</strong></span> <span class='ocrx_word' id='word_1_326' title='bbox 1127 3137 1254 3176; x_wconf 83' lang='lat' dir='ltr'><strong>cum</strong></span> <span class='ocrx_word' id='word_1_327' title='bbox 1288 3121 1318 3192; x_wconf 87' lang='grc' dir='ltr'>β</span> <span class='ocrx_word' id='word_1_328' title='bbox 1349 3123 1374 3176; x_wconf 86' lang='lat'><strong>?</strong></span> <span class='ocrx_word' id='word_1_329' title='bbox 1416 3123 1764 3192; x_wconf 89' lang='lat' dir='ltr'><strong>perspicuum</strong></span> <span class='ocrx_word' id='word_1_330' title='bbox 1792 3131 1894 3189; x_wconf 90' lang='lat' dir='ltr'><strong>est,</strong></span> <span class='ocrx_word' id='word_1_331' title='bbox 1934 3123 2077 3193; x_wconf 91' lang='lat' dir='ltr'><strong>quod</strong></span> <span class='ocrx_word' id='word_1_332' title='bbox 2109 3123 2178 3179; x_wconf 87' lang='lat' dir='ltr'><strong>de</strong></span> 
     </span>
    </p>
   </div>
   <div class='ocr_carea' id='block_1_70' title="bbox 2284 3117 3850 3204">
    <p class='ocr_par' dir='ltr' id='par_1_70' title="bbox 2284 3127 3850 3204">
     <span class='ocr_line' id='line_1_73' title="bbox 2284 3127 3850 3204; baseline -0.006 -16"><span class='ocrx_word' id='word_1_333' title='bbox 2284 3135 2414 3204; x_wconf 70' lang='grc' dir='ltr'><strong>περὶ</strong></span> <span class='ocrx_word' id='word_1_334' title='bbox 2435 3132 2497 3186; x_wconf 71' lang='grc' dir='ltr'><strong>τδ</strong></span> <span class='ocrx_word' id='word_1_335' title='bbox 2523 3133 2586 3203; x_wconf 85' lang='grc' dir='ltr'><strong>β;</strong></span> <span class='ocrx_word' id='word_1_336' title='bbox 2621 3131 2856 3203; x_wconf 79' lang='grc' dir='ltr'><strong>φανερὸν</strong></span> <span class='ocrx_word' id='word_1_337' title='bbox 2881 3132 2964 3186; x_wconf 82' lang='grc' dir='ltr'><strong>ὅτι</strong></span> <span class='ocrx_word' id='word_1_338' title='bbox 2997 3130 3129 3203; x_wconf 65' lang='grc' dir='ltr'><strong>περὶ</strong></span> <span class='ocrx_word' id='word_1_339' title='bbox 3149 3129 3257 3184; x_wconf 84' lang='grc' dir='ltr'><strong>τῶν</strong></span> <span class='ocrx_word' id='word_1_340' title='bbox 3287 3130 3456 3184; x_wconf 77' lang='grc' dir='ltr'><strong>ὅντων</strong></span> <span class='ocrx_word' id='word_1_341' title='bbox 3489 3131 3609 3200; x_wconf 79' lang='grc' dir='ltr'><strong>μετ’</strong></span> <span class='ocrx_word' id='word_1_342' title='bbox 3639 3127 3850 3195; x_wconf 82' lang='grc' dir='ltr'><strong>αὑτοῦὴ</strong></span> 
     </span>
    </p>
   </div>
   <div class='ocr_carea' id='block_1_71' title="bbox 608 3208 2178 3286">
    <p class='ocr_par' dir='ltr' id='par_1_71' title="bbox 608 3208 2178 3286">
     <span class='ocr_line' id='line_1_74' title="bbox 608 3208 2178 3286; baseline 0.006 -25"><span class='ocrx_word' id='word_1_343' title='bbox 608 3208 677 3262; x_wconf 90' lang='lat' dir='ltr'><strong>iis</strong></span> <span class='ocrx_word' id='word_1_344' title='bbox 703 3211 793 3278; x_wconf 90' lang='lat' dir='ltr'><strong>qui</strong></span> <span class='ocrx_word' id='word_1_345' title='bbox 833 3225 958 3264; x_wconf 92' lang='lat' dir='ltr'><strong>cum</strong></span> <span class='ocrx_word' id='word_1_346' title='bbox 993 3212 1083 3266; x_wconf 93' lang='lat' dir='ltr'><strong>illo</strong></span> <span class='ocrx_word' id='word_1_347' title='bbox 1114 3221 1264 3275; x_wconf 89' lang='lat' dir='ltr'><strong>sunt,</strong></span> <span class='ocrx_word' id='word_1_348' title='bbox 1311 3213 1382 3268; x_wconf 88' lang='lat' dir='ltr'><strong>sit</strong></span> <span class='ocrx_word' id='word_1_349' title='bbox 1410 3213 1766 3286; x_wconf 81' lang='lat' dir='ltr'><strong>interrogatio</strong></span> <span class='ocrx_word' id='word_1_350' title='bbox 1806 3231 1821 3279; x_wconf 92' lang='lat'><strong>;</strong></span> <span class='ocrx_word' id='word_1_351' title='bbox 1874 3215 2178 3285; x_wconf 87' lang='lat' dir='ltr'><strong>eodemque</strong></span> 
     </span>
    </p>
   </div>
   <div class='ocr_carea' id='block_1_72' title="bbox 609 3303 2173 3377">
    <p class='ocr_par' dir='ltr' id='par_1_72' title="bbox 609 3303 2173 3377">
     <span class='ocr_line' id='line_1_75' title="bbox 609 3303 2173 3377; baseline 0.004 -22"><span class='ocrx_word' id='word_1_352' title='bbox 609 3303 771 3355; x_wconf 92' lang='lat' dir='ltr'><strong>modo</strong></span> <span class='ocrx_word' id='word_1_353' title='bbox 798 3303 852 3354; x_wconf 93' lang='lat' dir='ltr'><strong>in</strong></span> <span class='ocrx_word' id='word_1_354' title='bbox 871 3303 1080 3358; x_wconf 59' lang='lat' dir='ltr'><strong>caeteris</strong></span> <span class='ocrx_word' id='word_1_355' title='bbox 1097 3305 1404 3359; x_wconf 89' lang='lat' dir='ltr'><strong>elementis.</strong></span> <span class='ocrx_word' id='word_1_356' title='bbox 1434 3304 1640 3359; x_wconf 79' lang='lat' dir='ltr'><strong>Rursus</strong></span> <span class='ocrx_word' id='word_1_357' title='bbox 1659 3305 1760 3358; x_wconf 89' lang='lat' dir='ltr'><strong>alia</strong></span> <span class='ocrx_word' id='word_1_358' title='bbox 1783 3305 2134 3377; x_wconf 82' lang='lat' dir='ltr'><strong>interrogatio</strong></span> <span class='ocrx_word' id='word_1_359' title='bbox 2160 3325 2173 3361; x_wconf 93' lang='lat'>:</span> 
     </span>
    </p>
   </div>
   <div class='ocr_carea' id='block_1_73' title="bbox 609 3391 2178 3468">
    <p class='ocr_par' dir='ltr' id='par_1_73' title="bbox 609 3391 2178 3468">
     <span class='ocr_line' id='line_1_76' title="bbox 609 3391 2178 3468; baseline 0.006 -24"><span class='ocrx_word' id='word_1_360' title='bbox 609 3391 752 3456; x_wconf 82' lang='lat' dir='ltr'><strong>Quid</strong></span> <span class='ocrx_word' id='word_1_361' title='bbox 801 3392 1002 3447; x_wconf 88' lang='lat' dir='ltr'><strong>auditis</strong></span> <span class='ocrx_word' id='word_1_362' title='bbox 1031 3393 1100 3448; x_wconf 91' lang='lat' dir='ltr'><strong>de</strong></span> <span class='ocrx_word' id='word_1_363' title='bbox 1143 3411 1184 3446; x_wconf 91' lang='grc' dir='ltr'><strong>π</strong></span> <span class='ocrx_word' id='word_1_364' title='bbox 1213 3394 1295 3449; x_wconf 90' lang='lat' dir='ltr'><strong>vel</strong></span> <span class='ocrx_word' id='word_1_365' title='bbox 1345 3397 1413 3449; x_wconf 90' lang='lat' dir='ltr'><strong>de</strong></span> <span class='ocrx_word' id='word_1_366' title='bbox 1451 3411 1485 3466; x_wconf 87' lang='grc' dir='ltr'><strong>ρ</strong></span> <span class='ocrx_word' id='word_1_367' title='bbox 1522 3395 1608 3450; x_wconf 93' lang='lat' dir='ltr'><strong>vel</strong></span> <span class='ocrx_word' id='word_1_368' title='bbox 1648 3395 1714 3450; x_wconf 92' lang='lat' dir='ltr'><strong>de</strong></span> <span class='ocrx_word' id='word_1_369' title='bbox 1746 3395 1786 3465; x_wconf 81' lang='grc' dir='ltr'>ψ</span> <span class='ocrx_word' id='word_1_370' title='bbox 1812 3395 1836 3448; x_wconf 86' lang='lat'><strong>?</strong></span> <span class='ocrx_word' id='word_1_371' title='bbox 1862 3397 1930 3451; x_wconf 90' lang='lat' dir='ltr'><strong>ad</strong></span> <span class='ocrx_word' id='word_1_372' title='bbox 1968 3397 2178 3468; x_wconf 88' lang='lat' dir='ltr'><strong>singula</strong></span> 
     </span>
    </p>
   </div>
   <div class='ocr_carea' id='block_1_74' title="bbox 607 3483 2180 3558">
    <p class='ocr_par' dir='ltr' id='par_1_74' title="bbox 607 3483 2180 3558">
     <span class='ocr_line' id='line_1_77' title="bbox 607 3483 2180 3558; baseline 0.006 -22"><span class='ocrx_word' id='word_1_373' title='bbox 607 3483 875 3538; x_wconf 85' lang='lat' dir='ltr'><strong>elementa</strong></span> <span class='ocrx_word' id='word_1_374' title='bbox 899 3493 982 3540; x_wconf 88' lang='lat' dir='ltr'><strong>est</strong></span> <span class='ocrx_word' id='word_1_375' title='bbox 1011 3487 1313 3554; x_wconf 87' lang='lat' dir='ltr'><strong>responsio.</strong></span> <span class='ocrx_word' id='word_1_376' title='bbox 1353 3485 1586 3541; x_wconf 79' lang='lat' dir='ltr'><strong>Rursum</strong></span> <span class='ocrx_word' id='word_1_377' title='bbox 1612 3503 1797 3558; x_wconf 70' lang='lat' dir='ltr'><strong>quaaro</strong></span> <span class='ocrx_word' id='word_1_378' title='bbox 1826 3505 1839 3543; x_wconf 91' lang='lat'><strong>:</strong></span> <span class='ocrx_word' id='word_1_379' title='bbox 1881 3488 2015 3555; x_wconf 86' lang='lat' dir='ltr'><strong>Quis</strong></span> <span class='ocrx_word' id='word_1_380' title='bbox 2045 3489 2180 3546; x_wconf 85' lang='lat' dir='ltr'><strong>foris</strong></span> 
     </span>
    </p>
   </div>
   <div class='ocr_carea' id='block_1_75' title="bbox 608 3576 2178 3650">
    <p class='ocr_par' dir='ltr' id='par_1_75' title="bbox 608 3576 2178 3650">
     <span class='ocr_line' id='line_1_78' title="bbox 608 3576 2178 3650; baseline 0.005 -20"><span class='ocrx_word' id='word_1_381' title='bbox 608 3576 834 3631; x_wconf 87' lang='lat' dir='ltr'><strong>advenit</strong></span> <span class='ocrx_word' id='word_1_382' title='bbox 866 3577 889 3630; x_wconf 87' lang='lat'><strong>?</strong></span> <span class='ocrx_word' id='word_1_383' title='bbox 929 3578 1265 3646; x_wconf 89' lang='lat' dir='ltr'><strong>respondere</strong></span> <span class='ocrx_word' id='word_1_384' title='bbox 1299 3594 1394 3633; x_wconf 80' lang='lat' dir='ltr'><strong>vos</strong></span> <span class='ocrx_word' id='word_1_385' title='bbox 1423 3588 1638 3649; x_wconf 86' lang='lat' dir='ltr'><strong>oportet</strong></span> <span class='ocrx_word' id='word_1_386' title='bbox 1665 3581 1818 3650; x_wconf 85' lang='lat' dir='ltr'><strong>juxta</strong></span> <span class='ocrx_word' id='word_1_387' title='bbox 1844 3583 2178 3638; x_wconf 87' lang='lat' dir='ltr'><strong>elementum</strong></span> 
     </span>
    </p>
   </div>
   <div class='ocr_carea' id='block_1_76' title="bbox 611 3670 2177 3743">
    <p class='ocr_par' dir='ltr' id='par_1_76' title="bbox 611 3670 2177 3743">
     <span class='ocr_line' id='line_1_79' title="bbox 611 3670 2177 3743; baseline 0.003 -19"><span class='ocrx_word' id='word_1_388' title='bbox 611 3670 696 3724; x_wconf 86' lang='lat' dir='ltr'><strong>vel</strong></span> <span class='ocrx_word' id='word_1_389' title='bbox 722 3687 756 3740; x_wconf 88' lang='grc' dir='ltr'><strong>η</strong></span> <span class='ocrx_word' id='word_1_390' title='bbox 786 3670 870 3724; x_wconf 86' lang='lat' dir='ltr'><strong>vel</strong></span> <span class='ocrx_word' id='word_1_391' title='bbox 899 3687 928 3722; x_wconf 89' lang='grc' dir='ltr'><strong>ο</strong></span> <span class='ocrx_word' id='word_1_392' title='bbox 951 3670 1034 3724; x_wconf 87' lang='lat' dir='ltr'><strong>vel</strong></span> <span class='ocrx_word' id='word_1_393' title='bbox 1076 3685 1142 3724; x_wconf 81' lang='lat' dir='ltr'><strong>ex</strong></span> <span class='ocrx_word' id='word_1_394' title='bbox 1187 3671 1447 3740; x_wconf 86' lang='lat' dir='ltr'><strong>reliquis;</strong></span> <span class='ocrx_word' id='word_1_395' title='bbox 1477 3681 1592 3736; x_wconf 87' lang='lat' dir='ltr'><strong>aut,</strong></span> <span class='ocrx_word' id='word_1_396' title='bbox 1623 3673 1744 3726; x_wconf 91' lang='lat' dir='ltr'><strong>Non</strong></span> <span class='ocrx_word' id='word_1_397' title='bbox 1774 3673 1926 3728; x_wconf 88' lang='lat' dir='ltr'><strong>venit</strong></span> <span class='ocrx_word' id='word_1_398' title='bbox 1951 3690 1987 3743; x_wconf 86' lang='grc' dir='ltr'><strong>η</strong></span> <span class='ocrx_word' id='word_1_399' title='bbox 2015 3676 2101 3730; x_wconf 90' lang='lat' dir='ltr'><strong>vel</strong></span> <span class='ocrx_word' id='word_1_400' title='bbox 2127 3692 2177 3740; x_wconf 90' lang='grc' dir='ltr'><strong>ο,</strong></span> 
     </span>
    </p>
   </div>
   <div class='ocr_carea' id='block_1_77' title="bbox 611 3761 2182 3834">
    <p class='ocr_par' dir='ltr' id='par_1_77' title="bbox 611 3761 2182 3834">
     <span class='ocr_line' id='line_1_80' title="bbox 611 3761 2182 3834; baseline 0.002 -17"><span class='ocrx_word' id='word_1_401' title='bbox 611 3761 707 3817; x_wconf 91' lang='lat' dir='ltr'><strong>sed</strong></span> <span class='ocrx_word' id='word_1_402' title='bbox 745 3761 836 3831; x_wconf 90' lang='lat' dir='ltr'><strong>qui</strong></span> <span class='ocrx_word' id='word_1_403' title='bbox 867 3777 988 3816; x_wconf 90' lang='lat' dir='ltr'><strong>cum</strong></span> <span class='ocrx_word' id='word_1_404' title='bbox 1022 3779 1057 3831; x_wconf 84' lang='grc' dir='ltr'><strong>η</strong></span> <span class='ocrx_word' id='word_1_405' title='bbox 1083 3761 1167 3816; x_wconf 86' lang='lat' dir='ltr'><strong>vel</strong></span> <span class='ocrx_word' id='word_1_406' title='bbox 1199 3779 1228 3815; x_wconf 86' lang='grc' dir='ltr'><strong>ο</strong></span> <span class='ocrx_word' id='word_1_407' title='bbox 1269 3770 1348 3815; x_wconf 83' lang='lat' dir='ltr'><strong>tot</strong></span> <span class='ocrx_word' id='word_1_408' title='bbox 1393 3778 1621 3818; x_wconf 87' lang='lat' dir='ltr'><strong>numero</strong></span> <span class='ocrx_word' id='word_1_409' title='bbox 1647 3781 1660 3818; x_wconf 95' lang='lat'>:</span> <span class='ocrx_word' id='word_1_410' title='bbox 1701 3765 1844 3834; x_wconf 92' lang='lat' dir='ltr'><strong>quod</strong></span> <span class='ocrx_word' id='word_1_411' title='bbox 1875 3765 1978 3822; x_wconf 89' lang='lat' dir='ltr'><strong>hoc</strong></span> <span class='ocrx_word' id='word_1_412' title='bbox 2003 3767 2087 3822; x_wconf 90' lang='lat' dir='ltr'><strong>vel</strong></span> <span class='ocrx_word' id='word_1_413' title='bbox 2118 3767 2182 3820; x_wconf 90' lang='lat' dir='ltr'><strong>il-</strong></span> 
     </span>
    </p>
   </div>
   <div class='ocr_carea' id='block_1_78' title="bbox 609 3853 2178 3930">
    <p class='ocr_par' dir='ltr' id='par_1_78' title="bbox 609 3853 2178 3930">
     <span class='ocr_line' id='line_1_81' title="bbox 609 3853 2178 3930; baseline 0.006 -22"><span class='ocrx_word' id='word_1_414' title='bbox 609 3853 702 3909; x_wconf 89' lang='lat' dir='ltr'><strong>Iud</strong></span> <span class='ocrx_word' id='word_1_415' title='bbox 756 3855 832 3908; x_wconf 87' lang='lat' dir='ltr'><strong>illi</strong></span> <span class='ocrx_word' id='word_1_416' title='bbox 874 3855 1146 3910; x_wconf 88' lang='lat' dir='ltr'><strong>elemento</strong></span> <span class='ocrx_word' id='word_1_417' title='bbox 1178 3855 1457 3910; x_wconf 86' lang='lat' dir='ltr'><strong>acciderit.</strong></span> <span class='ocrx_word' id='word_1_418' title='bbox 1493 3855 1704 3912; x_wconf 83' lang='lat' dir='ltr'><strong>Rursus</strong></span> <span class='ocrx_word' id='word_1_419' title='bbox 1725 3857 1907 3927; x_wconf 88' lang='lat' dir='ltr'><strong>itaque</strong></span> <span class='ocrx_word' id='word_1_420' title='bbox 1960 3862 2178 3930; x_wconf 87' lang='lat' dir='ltr'><strong>quando</strong></span> 
     </span>
    </p>
   </div>
   <div class='ocr_carea' id='block_1_79' title="bbox 611 3945 2177 4023">
    <p class='ocr_par' dir='ltr' id='par_1_79' title="bbox 611 3945 2177 4023">
     <span class='ocr_line' id='line_1_82' title="bbox 611 3945 2177 4023; baseline 0.006 -25"><span class='ocrx_word' id='word_1_421' title='bbox 611 3959 800 4000; x_wconf 88' lang='lat' dir='ltr'><strong>mors:</strong></span> <span class='ocrx_word' id='word_1_422' title='bbox 849 3945 996 4000; x_wconf 89' lang='lat' dir='ltr'><strong>Obiit</strong></span> <span class='ocrx_word' id='word_1_423' title='bbox 1038 3946 1141 4002; x_wconf 89' lang='lat' dir='ltr'><strong>hoc</strong></span> <span class='ocrx_word' id='word_1_424' title='bbox 1171 3947 1502 4002; x_wconf 90' lang='lat' dir='ltr'><strong>elementum</strong></span> <span class='ocrx_word' id='word_1_425' title='bbox 1537 3965 1550 4014; x_wconf 92' lang='lat'><strong>;</strong></span> <span class='ocrx_word' id='word_1_426' title='bbox 1595 3950 1702 4015; x_wconf 89' lang='lat' dir='ltr'><strong>vel,</strong></span> <span class='ocrx_word' id='word_1_427' title='bbox 1732 3951 1977 4023; x_wconf 65' lang='lat' dir='ltr'><strong>Egrotat</strong></span> <span class='ocrx_word' id='word_1_428' title='bbox 2014 3971 2028 4017; x_wconf 93' lang='lat'><strong>;</strong></span> <span class='ocrx_word' id='word_1_429' title='bbox 2069 3955 2177 4020; x_wconf 89' lang='lat' dir='ltr'><strong>vel,</strong></span> 
     </span>
    </p>
   </div>
   <div class='ocr_carea' id='block_1_80' title="bbox 610 4037 2180 4115">
    <p class='ocr_par' dir='ltr' id='par_1_80' title="bbox 610 4037 2180 4115">
     <span class='ocr_line' id='line_1_83' title="bbox 610 4037 2180 4115; baseline 0.007 -25"><span class='ocrx_word' id='word_1_430' title='bbox 610 4037 767 4092; x_wconf 91' lang='lat' dir='ltr'><strong>Dolet</strong></span> <span class='ocrx_word' id='word_1_431' title='bbox 799 4055 812 4091; x_wconf 88' lang='lat'>:</span> <span class='ocrx_word' id='word_1_432' title='bbox 852 4045 908 4091; x_wconf 91' lang='lat' dir='ltr'><strong>et</strong></span> <span class='ocrx_word' id='word_1_433' title='bbox 955 4037 1060 4092; x_wconf 90' lang='lat' dir='ltr'><strong>alia</strong></span> <span class='ocrx_word' id='word_1_434' title='bbox 1097 4037 1373 4107; x_wconf 64' lang='lat' dir='ltr'><strong>quaelibet.</strong></span> <span class='ocrx_word' id='word_1_435' title='bbox 1409 4038 1564 4105; x_wconf 89' lang='lat' dir='ltr'><strong>Quod</strong></span> <span class='ocrx_word' id='word_1_436' title='bbox 1595 4041 1641 4096; x_wconf 91' lang='lat' dir='ltr'><strong>si</strong></span> <span class='ocrx_word' id='word_1_437' title='bbox 1684 4043 1808 4112; x_wconf 90' lang='lat' dir='ltr'><strong>quis</strong></span> <span class='ocrx_word' id='word_1_438' title='bbox 1847 4053 1930 4100; x_wconf 90' lang='lat' dir='ltr'><strong>est</strong></span> <span class='ocrx_word' id='word_1_439' title='bbox 1965 4046 2055 4115; x_wconf 90' lang='lat' dir='ltr'><strong>qui</strong></span> <span class='ocrx_word' id='word_1_440' title='bbox 2111 4048 2180 4101; x_wconf 91' lang='lat' dir='ltr'><strong>ab</strong></span> 
     </span>
    </p>
   </div>
   <div class='ocr_carea' id='block_1_81' title="bbox 610 4125 2182 4202">
    <p class='ocr_par' dir='ltr' id='par_1_81' title="bbox 610 4125 2182 4202">
     <span class='ocr_line' id='line_1_84' title="bbox 610 4125 2182 4202; baseline 0.006 -22"><span class='ocrx_word' id='word_1_441' title='bbox 610 4125 884 4182; x_wconf 90' lang='lat' dir='ltr'><strong>elemento</strong></span> <span class='ocrx_word' id='word_1_442' title='bbox 921 4127 1124 4197; x_wconf 89' lang='lat' dir='ltr'><strong>aliquid</strong></span> <span class='ocrx_word' id='word_1_443' title='bbox 1156 4143 1350 4198; x_wconf 90' lang='lat' dir='ltr'><strong>passus</strong></span> <span class='ocrx_word' id='word_1_444' title='bbox 1379 4129 1492 4194; x_wconf 91' lang='lat' dir='ltr'><strong>sit;</strong></span> <span class='ocrx_word' id='word_1_445' title='bbox 1537 4145 1738 4186; x_wconf 92' lang='lat' dir='ltr'><strong>nomen</strong></span> <span class='ocrx_word' id='word_1_446' title='bbox 1777 4148 1991 4202; x_wconf 88' lang='lat' dir='ltr'><strong>quoque</strong></span> <span class='ocrx_word' id='word_1_447' title='bbox 2037 4134 2182 4198; x_wconf 88' lang='lat' dir='ltr'><strong>indi-</strong></span> 
     </span>
    </p>
   </div>
   <div class='ocr_carea' id='block_1_82' title="bbox 2284 3221 3851 3298">
    <p class='ocr_par' dir='ltr' id='par_1_82' title="bbox 2284 3221 3851 3298">
     <span class='ocr_line' id='line_1_85' title="bbox 2284 3221 3851 3298; baseline -0.006 -18"><span class='ocrx_word' id='word_1_448' title='bbox 2284 3225 2554 3298; x_wconf 87' lang='grc' dir='ltr'><strong>ἐρώτησις</strong></span> <span class='ocrx_word' id='word_1_449' title='bbox 2575 3241 2591 3256; x_wconf 76' lang='grc' dir='ltr'><strong>ο</strong></span> <span class='ocrx_word' id='word_1_450' title='bbox 2621 3223 2886 3287; x_wconf 82' lang='grc' dir='ltr'><strong>ὡσαύτως</strong></span> <span class='ocrx_word' id='word_1_451' title='bbox 2918 3223 3141 3277; x_wconf 73' lang='grc' dir='ltr'><strong>ἐπὶτῶν</strong></span> <span class='ocrx_word' id='word_1_452' title='bbox 3169 3222 3374 3275; x_wconf 84' lang='grc' dir='ltr'><strong>λοιπῶν</strong></span> <span class='ocrx_word' id='word_1_453' title='bbox 3399 3222 3704 3290; x_wconf 85' lang='grc' dir='ltr'><strong>στοιχείων.</strong></span> <span class='ocrx_word' id='word_1_454' title='bbox 3747 3221 3851 3272; x_wconf 76' lang='lat' dir='ltr'><strong>[lci-</strong></span> 
     </span>
    </p>
   </div>
   <div class='ocr_carea' id='block_1_83' title="bbox 2283 3310 3850 3388">
    <p class='ocr_par' dir='ltr' id='par_1_83' title="bbox 2283 3310 3850 3388">
     <span class='ocr_line' id='line_1_86' title="bbox 2283 3310 3850 3388; baseline -0.007 -16"><span class='ocrx_word' id='word_1_455' title='bbox 2283 3319 2366 3374; x_wconf 85' lang='grc' dir='ltr'><strong>λιν</strong></span> <span class='ocrx_word' id='word_1_456' title='bbox 2395 3320 2562 3388; x_wconf 88' lang='grc' dir='ltr'><strong>ἐτέρα</strong></span> <span class='ocrx_word' id='word_1_457' title='bbox 2594 3315 2864 3388; x_wconf 77' lang='grc' dir='ltr'><strong>ἐρώτησις</strong></span> <span class='ocrx_word' id='word_1_458' title='bbox 2886 3331 2901 3345; x_wconf 89' lang='grc'><strong>·</strong></span> <span class='ocrx_word' id='word_1_459' title='bbox 2933 3313 2999 3367; x_wconf 86' lang='grc' dir='ltr'><strong>Τί</strong></span> <span class='ocrx_word' id='word_1_460' title='bbox 3028 3311 3256 3367; x_wconf 82' lang='grc' dir='ltr'><strong>ἀκούετε</strong></span> <span class='ocrx_word' id='word_1_461' title='bbox 3290 3315 3420 3383; x_wconf 81' lang='grc' dir='ltr'><strong>περὶ</strong></span> <span class='ocrx_word' id='word_1_462' title='bbox 3447 3312 3546 3365; x_wconf 89' lang='grc' dir='ltr'><strong>τοῦ</strong></span> <span class='ocrx_word' id='word_1_463' title='bbox 3565 3328 3638 3364; x_wconf 73' lang='grc' dir='ltr'><strong>πο</strong></span> <span class='ocrx_word' id='word_1_464' title='bbox 3665 3314 3698 3378; x_wconf 81' lang='grc' dir='ltr'>ἢ</span> <span class='ocrx_word' id='word_1_465' title='bbox 3731 3310 3850 3379; x_wconf 82' lang='grc' dir='ltr'><strong>περὶ</strong></span> 
     </span>
    </p>
   </div>
   <div class='ocr_carea' id='block_1_84' title="bbox 2283 3404 3848 3482">
    <p class='ocr_par' dir='ltr' id='par_1_84' title="bbox 2283 3404 3848 3482">
     <span class='ocr_line' id='line_1_87' title="bbox 2283 3404 3848 3482; baseline -0.008 -16"><span class='ocrx_word' id='word_1_466' title='bbox 2283 3412 2378 3466; x_wconf 88' lang='grc' dir='ltr'><strong>τοῦ</strong></span> <span class='ocrx_word' id='word_1_467' title='bbox 2422 3429 2452 3481; x_wconf 93' lang='grc' dir='ltr'><strong>ρ</strong></span> <span class='ocrx_word' id='word_1_468' title='bbox 2473 3427 2487 3442; x_wconf 78' lang='grc'><strong><em>⁸</em></strong></span> <span class='ocrx_word' id='word_1_469' title='bbox 2519 3409 2553 3482; x_wconf 76' lang='grc' dir='ltr'><strong>ἢ</strong></span> <span class='ocrx_word' id='word_1_470' title='bbox 2578 3409 2713 3478; x_wconf 75' lang='grc' dir='ltr'><strong>περὶ</strong></span> <span class='ocrx_word' id='word_1_471' title='bbox 2737 3406 2834 3461; x_wconf 92' lang='grc' dir='ltr'><strong>τοῦ</strong></span> <span class='ocrx_word' id='word_1_472' title='bbox 2862 3407 2936 3477; x_wconf 87' lang='grc' dir='ltr'><strong>ψ;</strong></span> <span class='ocrx_word' id='word_1_473' title='bbox 2965 3406 3100 3479; x_wconf 80' lang='grc' dir='ltr'><strong>πρὸς</strong></span> <span class='ocrx_word' id='word_1_474' title='bbox 3151 3405 3207 3458; x_wconf 81' lang='grc' dir='ltr'><strong>ἓν</strong></span> <span class='ocrx_word' id='word_1_475' title='bbox 3241 3405 3477 3459; x_wconf 76' lang='grc' dir='ltr'><strong>ἕκαστον</strong></span> <span class='ocrx_word' id='word_1_476' title='bbox 3530 3405 3793 3472; x_wconf 79' lang='grc' dir='ltr'><strong>στοιχεῖον</strong></span> <span class='ocrx_word' id='word_1_477' title='bbox 3818 3404 3848 3470; x_wconf 79' lang='grc' dir='ltr'>ἡ</span> 
     </span>
    </p>
   </div>
   <div class='ocr_carea' id='block_1_85' title="bbox 2284 3493 3848 3574">
    <p class='ocr_par' dir='ltr' id='par_1_85' title="bbox 2284 3493 3848 3574">
     <span class='ocr_line' id='line_1_88' title="bbox 2284 3493 3848 3574; baseline -0.007 -17"><span class='ocrx_word' id='word_1_478' title='bbox 2284 3504 2599 3574; x_wconf 85' lang='grc' dir='ltr'><strong>ἀπόκρισις.</strong></span> <span class='ocrx_word' id='word_1_479' title='bbox 2640 3500 2809 3554; x_wconf 85' lang='grc' dir='ltr'><strong>Πάλιν</strong></span> <span class='ocrx_word' id='word_1_480' title='bbox 2863 3498 3076 3573; x_wconf 79' lang='grc' dir='ltr'><strong>ἐρωτῶ,</strong></span> <span class='ocrx_word' id='word_1_481' title='bbox 3120 3499 3218 3562; x_wconf 84' lang='grc' dir='ltr'><strong>Τίς</strong></span> <span class='ocrx_word' id='word_1_482' title='bbox 3273 3493 3437 3568; x_wconf 76' lang='grc' dir='ltr'><strong>ἦλθεν</strong></span> <span class='ocrx_word' id='word_1_483' title='bbox 3470 3498 3534 3548; x_wconf 90' lang='grc' dir='ltr'><strong>ἐκ</strong></span> <span class='ocrx_word' id='word_1_484' title='bbox 3565 3496 3681 3548; x_wconf 85' lang='grc' dir='ltr'><strong>τῶν</strong></span> <span class='ocrx_word' id='word_1_485' title='bbox 3720 3493 3848 3559; x_wconf 59' lang='lat' dir='ltr'><strong>Eiet);</strong></span> 
     </span>
    </p>
   </div>
   <div class='ocr_carea' id='block_1_86' title="bbox 2283 3587 3850 3664">
    <p class='ocr_par' dir='ltr' id='par_1_86' title="bbox 2283 3587 3850 3664">
     <span class='ocr_line' id='line_1_89' title="bbox 2283 3587 3850 3664; baseline -0.006 -16"><span class='ocrx_word' id='word_1_486' title='bbox 2283 3594 2402 3648; x_wconf 84' lang='grc' dir='ltr'><strong>δέον</strong></span> <span class='ocrx_word' id='word_1_487' title='bbox 2430 3594 2578 3664; x_wconf 83' lang='grc' dir='ltr'><strong>ὑμᾶς</strong></span> <span class='ocrx_word' id='word_1_488' title='bbox 2609 3592 2977 3662; x_wconf 84' lang='grc' dir='ltr'><strong>ἀποκριθῆναι</strong></span> <span class='ocrx_word' id='word_1_489' title='bbox 3007 3589 3150 3644; x_wconf 73' lang='grc' dir='ltr'><strong>κατὰ</strong></span> <span class='ocrx_word' id='word_1_490' title='bbox 3174 3588 3235 3642; x_wconf 73' lang='grc' dir='ltr'><strong>τὸ</strong></span> <span class='ocrx_word' id='word_1_491' title='bbox 3271 3590 3540 3659; x_wconf 82' lang='grc' dir='ltr'><strong>στοιχεῖον</strong></span> <span class='ocrx_word' id='word_1_492' title='bbox 3563 3603 3577 3617; x_wconf 86' lang='grc'><strong>·</strong></span> <span class='ocrx_word' id='word_1_493' title='bbox 3621 3588 3656 3655; x_wconf 75' lang='grc' dir='ltr'><strong>ἢ</strong></span> <span class='ocrx_word' id='word_1_494' title='bbox 3693 3587 3850 3640; x_wconf 76' lang='grc' dir='ltr'><strong>ὅτιτὸ</strong></span> 
     </span>
    </p>
   </div>
   <div class='ocr_carea' id='block_1_87' title="bbox 2285 3678 3849 3754">
    <p class='ocr_par' dir='ltr' id='par_1_87' title="bbox 2285 3678 3849 3754">
     <span class='ocr_line' id='line_1_90' title="bbox 2285 3678 3849 3754; baseline -0.006 -16"><span class='ocrx_word' id='word_1_495' title='bbox 2285 3701 2342 3754; x_wconf 87' lang='grc' dir='ltr'><strong>η,</strong></span> <span class='ocrx_word' id='word_1_496' title='bbox 2371 3681 2404 3752; x_wconf 86' lang='grc' dir='ltr'>ἢ</span> <span class='ocrx_word' id='word_1_497' title='bbox 2437 3683 2518 3736; x_wconf 83' lang='grc' dir='ltr'><strong>ὅτι</strong></span> <span class='ocrx_word' id='word_1_498' title='bbox 2549 3681 2612 3735; x_wconf 80' lang='grc' dir='ltr'><strong>τὸ</strong></span> <span class='ocrx_word' id='word_1_499' title='bbox 2637 3699 2686 3744; x_wconf 92' lang='grc' dir='ltr'><strong>ο,</strong></span> <span class='ocrx_word' id='word_1_500' title='bbox 2721 3681 2755 3752; x_wconf 85' lang='grc' dir='ltr'>ἢ</span> <span class='ocrx_word' id='word_1_501' title='bbox 2787 3683 2851 3734; x_wconf 79' lang='grc' dir='ltr'><strong>ἐκ</strong></span> <span class='ocrx_word' id='word_1_502' title='bbox 2881 3679 2990 3733; x_wconf 88' lang='grc' dir='ltr'><strong>τῶν</strong></span> <span class='ocrx_word' id='word_1_503' title='bbox 3025 3679 3262 3732; x_wconf 71' lang='grc' dir='ltr'><strong>λοιπῶνο</strong></span> <span class='ocrx_word' id='word_1_504' title='bbox 3289 3678 3320 3750; x_wconf 80' lang='grc' dir='ltr'>ἦ</span> <span class='ocrx_word' id='word_1_505' title='bbox 3344 3679 3445 3731; x_wconf 76' lang='grc' dir='ltr'><strong>οὐκ</strong></span> <span class='ocrx_word' id='word_1_506' title='bbox 3476 3678 3695 3748; x_wconf 78' lang='grc' dir='ltr'><strong>εἰσῆλθε</strong></span> <span class='ocrx_word' id='word_1_507' title='bbox 3719 3679 3849 3746; x_wconf 80' lang='grc' dir='ltr'><strong>τὺη.</strong></span> 
     </span>
    </p>
   </div>
   <div class='ocr_carea' id='block_1_88' title="bbox 2285 3766 3848 3844">
    <p class='ocr_par' dir='ltr' id='par_1_88' title="bbox 2285 3766 3848 3844">
     <span class='ocr_line' id='line_1_91' title="bbox 2285 3766 3848 3844; baseline -0.008 -17"><span class='ocrx_word' id='word_1_508' title='bbox 2285 3775 2318 3844; x_wconf 79' lang='grc' dir='ltr'>ἢ</span> <span class='ocrx_word' id='word_1_509' title='bbox 2348 3774 2408 3826; x_wconf 82' lang='grc' dir='ltr'><strong>τὸ</strong></span> <span class='ocrx_word' id='word_1_510' title='bbox 2435 3790 2484 3836; x_wconf 94' lang='grc' dir='ltr'><strong>ο,</strong></span> <span class='ocrx_word' id='word_1_511' title='bbox 2519 3772 2639 3826; x_wconf 84' lang='grc' dir='ltr'><strong>ἀλλ’</strong></span> <span class='ocrx_word' id='word_1_512' title='bbox 2663 3773 2713 3826; x_wconf 81' lang='grc' dir='ltr'><strong>οἱ</strong></span> <span class='ocrx_word' id='word_1_513' title='bbox 2747 3771 2876 3841; x_wconf 78' lang='grc' dir='ltr'><strong>περὶ</strong></span> <span class='ocrx_word' id='word_1_514' title='bbox 2899 3769 2960 3822; x_wconf 76' lang='grc' dir='ltr'><strong>τὸ</strong></span> <span class='ocrx_word' id='word_1_515' title='bbox 2985 3769 3097 3840; x_wconf 55' lang='lat' dir='ltr'><strong>mil</strong></span> <span class='ocrx_word' id='word_1_516' title='bbox 3145 3769 3206 3821; x_wconf 83' lang='grc' dir='ltr'><strong>τὸ</strong></span> <span class='ocrx_word' id='word_1_517' title='bbox 3230 3785 3279 3834; x_wconf 91' lang='grc' dir='ltr'><strong>ο,</strong></span> <span class='ocrx_word' id='word_1_518' title='bbox 3334 3768 3482 3821; x_wconf 80' lang='grc' dir='ltr'><strong>τόσοι</strong></span> <span class='ocrx_word' id='word_1_519' title='bbox 3502 3783 3516 3796; x_wconf 87' lang='grc'>·</span> <span class='ocrx_word' id='word_1_520' title='bbox 3546 3768 3631 3820; x_wconf 83' lang='grc' dir='ltr'><strong>ὅτι</strong></span> <span class='ocrx_word' id='word_1_521' title='bbox 3666 3766 3848 3834; x_wconf 81' lang='grc' dir='ltr'><strong>γέγονε</strong></span> 
     </span>
    </p>
   </div>
   <div class='ocr_carea' id='block_1_89' title="bbox 2284 3858 3850 3931">
    <p class='ocr_par' dir='ltr' id='par_1_89' title="bbox 2284 3858 3850 3931">
     <span class='ocr_line' id='line_1_92' title="bbox 2284 3858 3850 3931; baseline -0.005 -13"><span class='ocrx_word' id='word_1_522' title='bbox 2284 3865 2404 3918; x_wconf 86' lang='grc' dir='ltr'><strong>τόδε</strong></span> <span class='ocrx_word' id='word_1_523' title='bbox 2431 3866 2654 3919; x_wconf 82' lang='grc' dir='ltr'><strong>κάκεῖνο</strong></span> <span class='ocrx_word' id='word_1_524' title='bbox 2679 3863 2761 3927; x_wconf 84' lang='grc' dir='ltr'><strong>είς</strong></span> <span class='ocrx_word' id='word_1_525' title='bbox 2784 3862 2843 3915; x_wconf 76' lang='grc' dir='ltr'><strong>τὸ</strong></span> <span class='ocrx_word' id='word_1_526' title='bbox 2867 3861 3015 3914; x_wconf 83' lang='grc' dir='ltr'><strong>δεῖνα</strong></span> <span class='ocrx_word' id='word_1_527' title='bbox 3051 3863 3337 3931; x_wconf 84' lang='grc' dir='ltr'><strong>στοιχεῖον.</strong></span> <span class='ocrx_word' id='word_1_528' title='bbox 3377 3861 3509 3913; x_wconf 85' lang='grc' dir='ltr'><strong>Ὅτε</strong></span> <span class='ocrx_word' id='word_1_529' title='bbox 3539 3859 3634 3912; x_wconf 81' lang='grc' dir='ltr'><strong>οῦν</strong></span> <span class='ocrx_word' id='word_1_530' title='bbox 3691 3858 3850 3912; x_wconf 78' lang='grc' dir='ltr'><strong>θάνα-</strong></span> 
     </span>
    </p>
   </div>
   <div class='ocr_carea' id='block_1_90' title="bbox 2284 3948 3846 4021">
    <p class='ocr_par' dir='ltr' id='par_1_90' title="bbox 2284 3948 3846 4021">
     <span class='ocr_line' id='line_1_93' title="bbox 2284 3948 3846 4021; baseline -0.006 -10"><span class='ocrx_word' id='word_1_531' title='bbox 2284 3975 2376 4020; x_wconf 83' lang='grc' dir='ltr'><strong>τος</strong></span> <span class='ocrx_word' id='word_1_532' title='bbox 2405 3956 2567 4010; x_wconf 86' lang='grc' dir='ltr'><strong>πάλιν</strong></span> <span class='ocrx_word' id='word_1_533' title='bbox 2586 3972 2601 3988; x_wconf 76' lang='grc' dir='ltr'><strong>ο</strong></span> <span class='ocrx_word' id='word_1_534' title='bbox 2619 3953 2900 4010; x_wconf 80' lang='grc' dir='ltr'><strong>Ἀπέθανε·</strong></span> <span class='ocrx_word' id='word_1_535' title='bbox 2927 3952 3048 4005; x_wconf 85' lang='grc' dir='ltr'><strong>τόδε</strong></span> <span class='ocrx_word' id='word_1_536' title='bbox 3081 3951 3142 4005; x_wconf 83' lang='grc' dir='ltr'><strong>τὸ</strong></span> <span class='ocrx_word' id='word_1_537' title='bbox 3165 3953 3452 4021; x_wconf 85' lang='grc' dir='ltr'><strong>στοιχεῖον,</strong></span> <span class='ocrx_word' id='word_1_538' title='bbox 3480 3949 3792 4021; x_wconf 77' lang='grc' dir='ltr'><strong>ἢἋσθενεί,</strong></span> <span class='ocrx_word' id='word_1_539' title='bbox 3815 3948 3846 4017; x_wconf 77' lang='grc' dir='ltr'>ἢ</span> 
     </span>
    </p>
   </div>
   <div class='ocr_carea' id='block_1_91' title="bbox 2285 4038 3850 4113">
    <p class='ocr_par' dir='ltr' id='par_1_91' title="bbox 2285 4038 3850 4113">
     <span class='ocr_line' id='line_1_94' title="bbox 2285 4038 3850 4113; baseline -0.011 -9"><span class='ocrx_word' id='word_1_540' title='bbox 2285 4051 2572 4113; x_wconf 84' lang='grc' dir='ltr'><strong>Λυπεῐται,</strong></span> <span class='ocrx_word' id='word_1_541' title='bbox 2609 4045 2704 4100; x_wconf 74' lang='grc' dir='ltr'><strong>καὶ</strong></span> <span class='ocrx_word' id='word_1_542' title='bbox 2731 4046 2832 4100; x_wconf 82' lang='grc' dir='ltr'><strong>ὅσα</strong></span> <span class='ocrx_word' id='word_1_543' title='bbox 2861 4043 3015 4099; x_wconf 77' lang='grc' dir='ltr'><strong>ἄλλα.</strong></span> <span class='ocrx_word' id='word_1_544' title='bbox 3047 4043 3108 4096; x_wconf 80' lang='grc' dir='ltr'><strong>Εἰ</strong></span> <span class='ocrx_word' id='word_1_545' title='bbox 3133 4043 3191 4097; x_wconf 88' lang='grc' dir='ltr'><strong>δέ</strong></span> <span class='ocrx_word' id='word_1_546' title='bbox 3222 4043 3305 4104; x_wconf 79' lang='grc' dir='ltr'><strong>τίς</strong></span> <span class='ocrx_word' id='word_1_547' title='bbox 3333 4044 3482 4096; x_wconf 87' lang='grc' dir='ltr'><strong>ἐστιν</strong></span> <span class='ocrx_word' id='word_1_548' title='bbox 3511 4043 3577 4096; x_wconf 86' lang='grc' dir='ltr'><strong>ἐκ</strong></span> <span class='ocrx_word' id='word_1_549' title='bbox 3609 4040 3703 4094; x_wconf 86' lang='grc' dir='ltr'><strong>τοῦ</strong></span> <span class='ocrx_word' id='word_1_550' title='bbox 3725 4038 3850 4107; x_wconf 78' lang='grc' dir='ltr'><strong>περὶ</strong></span> 
     </span>
    </p>
   </div>
   <div class='ocr_carea' id='block_1_92' title="bbox 2286 4122 3846 4211">
    <p class='ocr_par' dir='ltr' id='par_1_92' title="bbox 2286 4122 3846 4211">
     <span class='ocr_line' id='line_1_95' title="bbox 2286 4122 3846 4211; baseline -0.009 -15"><span class='ocrx_word' id='word_1_551' title='bbox 2286 4143 2346 4198; x_wconf 81' lang='grc' dir='ltr'><strong>τὸ</strong></span> <span class='ocrx_word' id='word_1_552' title='bbox 2369 4142 2631 4211; x_wconf 82' lang='grc' dir='ltr'><strong>στοιχεῖον</strong></span> <span class='ocrx_word' id='word_1_553' title='bbox 2661 4135 2850 4190; x_wconf 85' lang='grc' dir='ltr'><strong>παθών</strong></span> <span class='ocrx_word' id='word_1_554' title='bbox 2878 4153 2952 4198; x_wconf 87' lang='grc' dir='ltr'><strong>τι,</strong></span> <span class='ocrx_word' id='word_1_555' title='bbox 2981 4135 3075 4188; x_wconf 67' lang='grc' dir='ltr'><strong>καὶ⁸</strong></span> <span class='ocrx_word' id='word_1_556' title='bbox 3101 4133 3163 4187; x_wconf 81' lang='grc' dir='ltr'><strong>τὸ</strong></span> <span class='ocrx_word' id='word_1_557' title='bbox 3191 4133 3362 4203; x_wconf 71' lang='grc' dir='ltr'><strong>ὄνομα</strong></span> <span class='ocrx_word' id='word_1_558' title='bbox 3395 4131 3704 4202; x_wconf 79' lang='grc' dir='ltr'><strong>δηλοῦντες,</strong></span> <span class='ocrx_word' id='word_1_559' title='bbox 3733 4122 3846 4211; x_wconf 78' lang='grc' dir='ltr'><strong>οἷον</strong></span> 
     </span>
    </p>
   </div>
   <div class='ocr_carea' id='block_1_93' title="bbox 609 4210 2178 4299">
    <p class='ocr_par' dir='ltr' id='par_1_93' title="bbox 609 4219 2178 4299">
     <span class='ocr_line' id='line_1_96' title="bbox 609 4219 2178 4299; baseline 0.006 -27"><span class='ocrx_word' id='word_1_560' title='bbox 609 4227 818 4282; x_wconf 86' lang='lat' dir='ltr'><strong>cantes,</strong></span> <span class='ocrx_word' id='word_1_561' title='bbox 867 4219 1018 4275; x_wconf 89' lang='lat' dir='ltr'><strong>verbi</strong></span> <span class='ocrx_word' id='word_1_562' title='bbox 1053 4220 1223 4290; x_wconf 84' lang='lat' dir='ltr'><strong>gratia</strong></span> <span class='ocrx_word' id='word_1_563' title='bbox 1253 4220 1321 4276; x_wconf 91' lang='lat' dir='ltr'><strong>de</strong></span> <span class='ocrx_word' id='word_1_564' title='bbox 1339 4219 1750 4291; x_wconf 78' lang='lat' dir='ltr'><strong>Cltristophoro,</strong></span> <span class='ocrx_word' id='word_1_565' title='bbox 1783 4226 1925 4294; x_wconf 90' lang='lat' dir='ltr'><strong>quod</strong></span> <span class='ocrx_word' id='word_1_566' title='bbox 1956 4227 2178 4299; x_wconf 83' lang='lat' dir='ltr'><strong>aufuge-</strong></span> 
     </span>
    </p>
   </div>
   <div class='ocr_carea' id='block_1_94' title="bbox 2284 4210 3848 4299">
    <p class='ocr_par' dir='ltr' id='par_1_94' title="bbox 2287 4210 3848 4294">
     <span class='ocr_line' id='line_1_97' title="bbox 2287 4210 3848 4294; baseline -0.01 -15"><span class='ocrx_word' id='word_1_567' title='bbox 2287 4227 2379 4279; x_wconf 79' lang='grc' dir='ltr'><strong>ἐπὶ</strong></span> <span class='ocrx_word' id='word_1_568' title='bbox 2398 4210 2496 4278; x_wconf 87' lang='grc' dir='ltr'><strong>τοῦ</strong></span> <span class='ocrx_word' id='word_1_569' title='bbox 2520 4221 2916 4294; x_wconf 82' lang='grc' dir='ltr'><strong>Χριστοφόρου,</strong></span> <span class='ocrx_word' id='word_1_570' title='bbox 2941 4219 3023 4271; x_wconf 85' lang='grc' dir='ltr'><strong>ὅτι</strong></span> <span class='ocrx_word' id='word_1_571' title='bbox 3041 4216 3350 4289; x_wconf 78' lang='grc' dir='ltr'><strong>ἀπέδρασεν</strong></span> <span class='ocrx_word' id='word_1_572' title='bbox 3380 4216 3490 4269; x_wconf 76' lang='grc' dir='ltr'><strong>ἀπὸ</strong></span> <span class='ocrx_word' id='word_1_573' title='bbox 3510 4213 3608 4268; x_wconf 86' lang='grc' dir='ltr'><strong>τοῦ</strong></span> <span class='ocrx_word' id='word_1_574' title='bbox 3637 4231 3686 4278; x_wconf 85' lang='grc' dir='ltr'><strong>ε,</strong></span> <span class='ocrx_word' id='word_1_575' title='bbox 3708 4213 3736 4265; x_wconf 79' lang='grc' dir='ltr'><strong>ὅ</strong></span> <span class='ocrx_word' id='word_1_576' title='bbox 3755 4210 3848 4263; x_wconf 77' lang='grc' dir='ltr'><strong>καὶ</strong></span> 
     </span>
    </p>
   </div>
   <div class='ocr_carea' id='block_1_95' title="bbox 613 4302 2178 4386">
    <p class='ocr_par' dir='ltr' id='par_1_95' title="bbox 613 4311 2178 4386">
     <span class='ocr_line' id='line_1_98' title="bbox 613 4311 2178 4386; baseline 0.005 -20"><span class='ocrx_word' id='word_1_577' title='bbox 613 4312 682 4366; x_wconf 87' lang='lat' dir='ltr'><strong>rit</strong></span> <span class='ocrx_word' id='word_1_578' title='bbox 705 4312 773 4366; x_wconf 90' lang='lat' dir='ltr'><strong>ab</strong></span> <span class='ocrx_word' id='word_1_579' title='bbox 794 4328 841 4376; x_wconf 91' lang='grc' dir='ltr'><strong>ε,</strong></span> <span class='ocrx_word' id='word_1_580' title='bbox 865 4313 1008 4382; x_wconf 89' lang='lat' dir='ltr'><strong>quod</strong></span> <span class='ocrx_word' id='word_1_581' title='bbox 1033 4320 1087 4366; x_wconf 89' lang='lat' dir='ltr'><strong>et</strong></span> <span class='ocrx_word' id='word_1_582' title='bbox 1111 4311 1311 4368; x_wconf 83' lang='lat' dir='ltr'><strong>factum</strong></span> <span class='ocrx_word' id='word_1_583' title='bbox 1337 4313 1589 4368; x_wconf 87' lang='lat' dir='ltr'><strong>est.Cum</strong></span> <span class='ocrx_word' id='word_1_584' title='bbox 1609 4327 1735 4386; x_wconf 87' lang='lat' dir='ltr'><strong>ergo</strong></span> <span class='ocrx_word' id='word_1_585' title='bbox 1754 4316 1946 4372; x_wconf 89' lang='lat' dir='ltr'><strong>missas</strong></span> <span class='ocrx_word' id='word_1_586' title='bbox 1971 4333 2000 4372; x_wconf 91' lang='lat' dir='ltr'><strong>a</strong></span> <span class='ocrx_word' id='word_1_587' title='bbox 2023 4320 2178 4376; x_wconf 87' lang='lat' dir='ltr'><strong>nobis</strong></span> 
     </span>
    </p>
   </div>
   <div class='ocr_carea' id='block_1_96' title="bbox 2284 4302 3846 4386">
    <p class='ocr_par' dir='ltr' id='par_1_96' title="bbox 2287 4302 3846 4386">
     <span class='ocr_line' id='line_1_99' title="bbox 2287 4302 3846 4386; baseline -0.011 -15"><span class='ocrx_word' id='word_1_588' title='bbox 2287 4317 2500 4386; x_wconf 84' lang='grc' dir='ltr'><strong>γέγονε.</strong></span> <span class='ocrx_word' id='word_1_589' title='bbox 2533 4309 2940 4382; x_wconf 85' lang='grc' dir='ltr'><strong>Δεχὸμενοιοῦν</strong></span> <span class='ocrx_word' id='word_1_590' title='bbox 2967 4308 3069 4372; x_wconf 81' lang='grc' dir='ltr'><strong>τὰς</strong></span> <span class='ocrx_word' id='word_1_591' title='bbox 3113 4307 3244 4386; x_wconf 77' lang='grc' dir='ltr'><strong>παρ’</strong></span> <span class='ocrx_word' id='word_1_592' title='bbox 3291 4305 3450 4377; x_wconf 79' lang='grc' dir='ltr'><strong>ἡμῶν</strong></span> <span class='ocrx_word' id='word_1_593' title='bbox 3489 4302 3846 4374; x_wconf 77' lang='grc' dir='ltr'><strong>πεμπομένας</strong></span> 
     </span>
    </p>
   </div>
   <div class='ocr_carea' id='block_1_97' title="bbox 615 4391 2178 4473">
    <p class='ocr_par' dir='ltr' id='par_1_97' title="bbox 615 4402 2178 4473">
     <span class='ocr_line' id='line_1_100' title="bbox 615 4402 2178 4473; baseline 0.006 -17"><span class='ocrx_word' id='word_1_594' title='bbox 615 4402 827 4457; x_wconf 86' lang='lat' dir='ltr'><strong>litteras</strong></span> <span class='ocrx_word' id='word_1_595' title='bbox 871 4403 1138 4473; x_wconf 83' lang='lat' dir='ltr'><strong>accipitis,</strong></span> <span class='ocrx_word' id='word_1_596' title='bbox 1175 4403 1219 4458; x_wconf 93' lang='lat' dir='ltr'><strong>si</strong></span> <span class='ocrx_word' id='word_1_597' title='bbox 1240 4418 1304 4458; x_wconf 85' lang='lat' dir='ltr'><strong>ex</strong></span> <span class='ocrx_word' id='word_1_598' title='bbox 1351 4403 1741 4458; x_wconf 89' lang='lat' dir='ltr'><strong>elementorum</strong></span> <span class='ocrx_word' id='word_1_599' title='bbox 1775 4421 2002 4462; x_wconf 89' lang='lat' dir='ltr'><strong>numero</strong></span> <span class='ocrx_word' id='word_1_600' title='bbox 2032 4410 2178 4465; x_wconf 89' lang='lat' dir='ltr'><strong>estis</strong></span> 
     </span>
    </p>
   </div>
   <div class='ocr_carea' id='block_1_98' title="bbox 2284 4391 3846 4473">
    <p class='ocr_par' dir='ltr' id='par_1_98' title="bbox 2287 4391 3846 4469">
     <span class='ocr_line' id='line_1_101' title="bbox 2287 4391 3846 4469; baseline -0.011 -7"><span class='ocrx_word' id='word_1_601' title='bbox 2287 4404 2600 4469; x_wconf 77' lang='grc' dir='ltr'><strong>ἐπιστολὰς,</strong></span> <span class='ocrx_word' id='word_1_602' title='bbox 2625 4405 2844 4466; x_wconf 82' lang='grc' dir='ltr'><strong>πάντως</strong></span> <span class='ocrx_word' id='word_1_603' title='bbox 2877 4401 2974 4455; x_wconf 83' lang='grc' dir='ltr'><strong>ἐάν</strong></span> <span class='ocrx_word' id='word_1_604' title='bbox 3003 4401 3152 4454; x_wconf 83' lang='grc' dir='ltr'><strong>ἐστιν</strong></span> <span class='ocrx_word' id='word_1_605' title='bbox 3183 4400 3249 4452; x_wconf 84' lang='grc' dir='ltr'><strong>ἐκ</strong></span> <span class='ocrx_word' id='word_1_606' title='bbox 3273 4398 3382 4452; x_wconf 84' lang='grc' dir='ltr'><strong>τῶν</strong></span> <span class='ocrx_word' id='word_1_607' title='bbox 3422 4397 3724 4468; x_wconf 84' lang='grc' dir='ltr'><strong>στοιχείων,</strong></span> <span class='ocrx_word' id='word_1_608' title='bbox 3751 4391 3846 4462; x_wconf 76' lang='grc' dir='ltr'><strong>τὴν</strong></span> 
     </span>
    </p>
   </div>
   <div class='ocr_carea' id='block_1_99' title="bbox 610 4489 2178 4569">
    <p class='ocr_par' dir='ltr' id='par_1_99' title="bbox 610 4495 2178 4566">
     <span class='ocr_line' id='line_1_102' title="bbox 610 4495 2178 4566; baseline 0.004 -16"><span class='ocrx_word' id='word_1_609' title='bbox 610 4496 704 4566; x_wconf 89' lang='lat' dir='ltr'><strong>qui</strong></span> <span class='ocrx_word' id='word_1_610' title='bbox 746 4496 932 4562; x_wconf 90' lang='lat' dir='ltr'><strong>mittit,</strong></span> <span class='ocrx_word' id='word_1_611' title='bbox 982 4496 1304 4566; x_wconf 89' lang='lat' dir='ltr'><strong>inscriptum</strong></span> <span class='ocrx_word' id='word_1_612' title='bbox 1336 4495 1668 4552; x_wconf 88' lang='lat' dir='ltr'><strong>elementum</strong></span> <span class='ocrx_word' id='word_1_613' title='bbox 1704 4513 1928 4566; x_wconf 90' lang='lat' dir='ltr'><strong>prorsus</strong></span> <span class='ocrx_word' id='word_1_614' title='bbox 1965 4499 2178 4557; x_wconf 87' lang='lat' dir='ltr'><strong>habebit</strong></span> 
     </span>
    </p>
   </div>
   <div class='ocr_carea' id='block_1_100' title="bbox 2284 4489 3846 4569">
    <p class='ocr_par' dir='ltr' id='par_1_100' title="bbox 2285 4489 3846 4569">
     <span class='ocr_line' id='line_1_103' title="bbox 2285 4489 3846 4569; baseline -0.011 -16"><span class='ocrx_word' id='word_1_615' title='bbox 2285 4495 2602 4569; x_wconf 79' lang='grc' dir='ltr'><strong>ἐπιγραφὴν</strong></span> <span class='ocrx_word' id='word_1_616' title='bbox 2631 4495 2726 4548; x_wconf 88' lang='grc' dir='ltr'><strong>τοῦ</strong></span> <span class='ocrx_word' id='word_1_617' title='bbox 2752 4492 3020 4563; x_wconf 79' lang='grc' dir='ltr'><strong>στοιχείου</strong></span> <span class='ocrx_word' id='word_1_618' title='bbox 3053 4492 3167 4556; x_wconf 76' lang='grc' dir='ltr'><strong>ἕξει</strong></span> <span class='ocrx_word' id='word_1_619' title='bbox 3193 4493 3226 4561; x_wconf 77' lang='grc' dir='ltr'><strong>ἡ</strong></span> <span class='ocrx_word' id='word_1_620' title='bbox 3276 4490 3564 4560; x_wconf 86' lang='grc' dir='ltr'><strong>ἐπιστολή.</strong></span> <span class='ocrx_word' id='word_1_621' title='bbox 3597 4489 3846 4558; x_wconf 69' lang='grc' dir='ltr'><strong>Πέμπτον-</strong></span> 
     </span>
    </p>
   </div>
   <div class='ocr_carea' id='block_1_101' title="bbox 611 4579 2178 4656">
    <p class='ocr_par' dir='ltr' id='par_1_101' title="bbox 611 4584 2178 4656">
     <span class='ocr_line' id='line_1_104' title="bbox 611 4584 2178 4656; baseline 0.004 -17"><span class='ocrx_word' id='word_1_622' title='bbox 611 4586 862 4656; x_wconf 88' lang='lat' dir='ltr'><strong>epistola.</strong></span> <span class='ocrx_word' id='word_1_623' title='bbox 901 4585 1012 4641; x_wconf 78' lang='lat' dir='ltr'><strong>Vos</strong></span> <span class='ocrx_word' id='word_1_624' title='bbox 1044 4599 1262 4656; x_wconf 91' lang='lat' dir='ltr'><strong>quoque</strong></span> <span class='ocrx_word' id='word_1_625' title='bbox 1289 4584 1381 4656; x_wconf 92' lang='lat' dir='ltr'><strong>qui</strong></span> <span class='ocrx_word' id='word_1_626' title='bbox 1411 4585 1543 4641; x_wconf 88' lang='lat' dir='ltr'><strong>estis</strong></span> <span class='ocrx_word' id='word_1_627' title='bbox 1585 4600 1650 4641; x_wconf 85' lang='lat' dir='ltr'><strong>ex</strong></span> <span class='ocrx_word' id='word_1_628' title='bbox 1706 4587 2010 4655; x_wconf 90' lang='lat' dir='ltr'><strong>elementis,</strong></span> <span class='ocrx_word' id='word_1_629' title='bbox 2058 4604 2178 4644; x_wconf 90' lang='lat' dir='ltr'><strong>cum</strong></span> 
     </span>
    </p>
   </div>
   <div class='ocr_carea' id='block_1_102' title="bbox 2284 4579 3845 4656">
    <p class='ocr_par' dir='ltr' id='par_1_102' title="bbox 2284 4579 3845 4654">
     <span class='ocr_line' id='line_1_105' title="bbox 2284 4579 3845 4654; baseline -0.009 -10"><span class='ocrx_word' id='word_1_630' title='bbox 2284 4607 2376 4654; x_wconf 85' lang='grc' dir='ltr'><strong>τες</strong></span> <span class='ocrx_word' id='word_1_631' title='bbox 2406 4585 2500 4642; x_wconf 82' lang='grc' dir='ltr'><strong>οὖν</strong></span> <span class='ocrx_word' id='word_1_632' title='bbox 2530 4586 2626 4640; x_wconf 74' lang='grc' dir='ltr'><strong>καὶ</strong></span> <span class='ocrx_word' id='word_1_633' title='bbox 2655 4585 2808 4638; x_wconf 69' lang='grc' dir='ltr'><strong>αὐτοὶ</strong></span> <span class='ocrx_word' id='word_1_634' title='bbox 2843 4585 2944 4643; x_wconf 82' lang='grc' dir='ltr'><strong>τὰς</strong></span> <span class='ocrx_word' id='word_1_635' title='bbox 2969 4584 3036 4636; x_wconf 82' lang='grc' dir='ltr'><strong>ἐκ</strong></span> <span class='ocrx_word' id='word_1_636' title='bbox 3058 4581 3168 4634; x_wconf 86' lang='grc' dir='ltr'><strong>τῶν</strong></span> <span class='ocrx_word' id='word_1_637' title='bbox 3193 4581 3375 4634; x_wconf 79' lang='grc' dir='ltr'><strong>αὐτῶν</strong></span> <span class='ocrx_word' id='word_1_638' title='bbox 3408 4579 3691 4650; x_wconf 72' lang='grc' dir='ltr'><strong>στοιχείων</strong></span> <span class='ocrx_word' id='word_1_639' title='bbox 3723 4581 3845 4632; x_wconf 87' lang='grc' dir='ltr'><strong>ἐπι-</strong></span> 
     </span>
    </p>
   </div>
   <div class='ocr_carea' id='block_1_103' title="bbox 613 4671 2178 4751">
    <p class='ocr_par' dir='ltr' id='par_1_103' title="bbox 613 4676 2178 4751">
     <span class='ocr_line' id='line_1_106' title="bbox 613 4676 2178 4751; baseline 0.002 -18"><span class='ocrx_word' id='word_1_640' title='bbox 613 4678 820 4734; x_wconf 90' lang='lat' dir='ltr'><strong>litteras</strong></span> <span class='ocrx_word' id='word_1_641' title='bbox 845 4677 1081 4740; x_wconf 89' lang='lat' dir='ltr'><strong>mittitis,</strong></span> <span class='ocrx_word' id='word_1_642' title='bbox 1105 4677 1277 4746; x_wconf 91' lang='lat' dir='ltr'><strong>ipsum</strong></span> <span class='ocrx_word' id='word_1_643' title='bbox 1301 4676 1631 4732; x_wconf 90' lang='lat' dir='ltr'><strong>elementum</strong></span> <span class='ocrx_word' id='word_1_644' title='bbox 1663 4677 1718 4732; x_wconf 89' lang='lat' dir='ltr'><strong>in</strong></span> <span class='ocrx_word' id='word_1_645' title='bbox 1746 4679 1965 4748; x_wconf 89' lang='lat' dir='ltr'><strong>propria</strong></span> <span class='ocrx_word' id='word_1_646' title='bbox 1981 4680 2178 4751; x_wconf 87' lang='lat' dir='ltr'><strong>episto-</strong></span> 
     </span>
    </p>
   </div>
   <div class='ocr_carea' id='block_1_104' title="bbox 2284 4671 3840 4751">
    <p class='ocr_par' dir='ltr' id='par_1_104' title="bbox 2287 4671 3840 4746">
     <span class='ocr_line' id='line_1_107' title="bbox 2287 4671 3840 4746; baseline -0.008 -9"><span class='ocrx_word' id='word_1_647' title='bbox 2287 4681 2502 4746; x_wconf 84' lang='grc' dir='ltr'><strong>στολὰς,</strong></span> <span class='ocrx_word' id='word_1_648' title='bbox 2533 4679 2595 4732; x_wconf 78' lang='grc' dir='ltr'><strong>τὸ</strong></span> <span class='ocrx_word' id='word_1_649' title='bbox 2623 4677 2755 4732; x_wconf 80' lang='grc' dir='ltr'><strong>αὐτὸ</strong></span> <span class='ocrx_word' id='word_1_650' title='bbox 2785 4675 3049 4745; x_wconf 84' lang='grc' dir='ltr'><strong>στοιχεῖον</strong></span> <span class='ocrx_word' id='word_1_651' title='bbox 3083 4672 3241 4727; x_wconf 84' lang='grc' dir='ltr'><strong>θέσθε</strong></span> <span class='ocrx_word' id='word_1_652' title='bbox 3266 4674 3324 4726; x_wconf 91' lang='grc' dir='ltr'><strong>ἐν</strong></span> <span class='ocrx_word' id='word_1_653' title='bbox 3347 4673 3414 4743; x_wconf 76' lang='grc' dir='ltr'><strong>τῇ</strong></span> <span class='ocrx_word' id='word_1_654' title='bbox 3440 4671 3550 4742; x_wconf 78' lang='grc' dir='ltr'><strong>ίδίᾳ</strong></span> <span class='ocrx_word' id='word_1_655' title='bbox 3567 4671 3840 4741; x_wconf 74' lang='grc' dir='ltr'><strong>ἐπιστολῇ.</strong></span> 
     </span>
    </p>
   </div>
   <div class='ocr_carea' id='block_1_105' title="bbox 613 4763 2178 4841">
    <p class='ocr_par' dir='ltr' id='par_1_105' title="bbox 613 4769 2178 4841">
     <span class='ocr_line' id='line_1_108' title="bbox 613 4769 2178 4841; baseline 0.003 -17"><span class='ocrx_word' id='word_1_656' title='bbox 613 4773 664 4825; x_wconf 88' lang='lat' dir='ltr'><strong>la</strong></span> <span class='ocrx_word' id='word_1_657' title='bbox 697 4771 904 4841; x_wconf 90' lang='lat' dir='ltr'><strong>ponite.</strong></span> <span class='ocrx_word' id='word_1_658' title='bbox 934 4769 1090 4836; x_wconf 84' lang='lat' dir='ltr'><strong>Quod</strong></span> <span class='ocrx_word' id='word_1_659' title='bbox 1125 4770 1168 4824; x_wconf 90' lang='lat' dir='ltr'><strong>si</strong></span> <span class='ocrx_word' id='word_1_660' title='bbox 1207 4769 1457 4841; x_wconf 86' lang='lat' dir='ltr'><strong>ignorent</strong></span> <span class='ocrx_word' id='word_1_661' title='bbox 1485 4769 1575 4838; x_wconf 92' lang='lat' dir='ltr'><strong>qui</strong></span> <span class='ocrx_word' id='word_1_662' title='bbox 1595 4770 1838 4833; x_wconf 87' lang='lat' dir='ltr'><strong>mittunt,</strong></span> <span class='ocrx_word' id='word_1_663' title='bbox 1869 4786 1965 4827; x_wconf 88' lang='lat' dir='ltr'><strong>vos</strong></span> <span class='ocrx_word' id='word_1_664' title='bbox 1987 4772 2178 4830; x_wconf 91' lang='lat' dir='ltr'><strong>inscri-</strong></span> 
     </span>
    </p>
   </div>
   <div class='ocr_carea' id='block_1_106' title="bbox 2284 4763 3846 4841">
    <p class='ocr_par' dir='ltr' id='par_1_106' title="bbox 2285 4763 3846 4840">
     <span class='ocr_line' id='line_1_109' title="bbox 2285 4763 3846 4840; baseline -0.008 -11"><span class='ocrx_word' id='word_1_665' title='bbox 2285 4774 2402 4830; x_wconf 80' lang='grc' dir='ltr'><strong>Κᾶν</strong></span> <span class='ocrx_word' id='word_1_666' title='bbox 2439 4773 2496 4827; x_wconf 83' lang='grc' dir='ltr'><strong>δέ</strong></span> <span class='ocrx_word' id='word_1_667' title='bbox 2541 4768 2812 4840; x_wconf 81' lang='grc' dir='ltr'><strong>ἀγνοῶσιν</strong></span> <span class='ocrx_word' id='word_1_668' title='bbox 2849 4766 2901 4820; x_wconf 70' lang='lat' dir='ltr'><strong>oi</strong></span> <span class='ocrx_word' id='word_1_669' title='bbox 2932 4765 3266 4836; x_wconf 83' lang='grc' dir='ltr'><strong>πέμποντες,</strong></span> <span class='ocrx_word' id='word_1_670' title='bbox 3301 4763 3463 4835; x_wconf 78' lang='grc' dir='ltr'><strong>ὑμεῖς</strong></span> <span class='ocrx_word' id='word_1_671' title='bbox 3517 4763 3722 4817; x_wconf 76' lang='grc' dir='ltr'><strong>λειοῦτε</strong></span> <span class='ocrx_word' id='word_1_672' title='bbox 3751 4763 3846 4834; x_wconf 77' lang='grc' dir='ltr'><strong>τὴν</strong></span> 
     </span>
    </p>
   </div>
   <div class='ocr_carea' id='block_1_107' title="bbox 615 4855 2178 4937">
    <p class='ocr_par' dir='ltr' id='par_1_107' title="bbox 615 4860 2178 4936">
     <span class='ocr_line' id='line_1_110' title="bbox 615 4860 2178 4936; baseline 0.003 -20"><span class='ocrx_word' id='word_1_673' title='bbox 615 4863 855 4933; x_wconf 88' lang='lat' dir='ltr'><strong>ptionem</strong></span> <span class='ocrx_word' id='word_1_674' title='bbox 881 4861 1195 4933; x_wconf 80' lang='lat' dir='ltr'><strong>expungite,</strong></span> <span class='ocrx_word' id='word_1_675' title='bbox 1217 4869 1272 4916; x_wconf 88' lang='lat' dir='ltr'><strong>et</strong></span> <span class='ocrx_word' id='word_1_676' title='bbox 1293 4860 1582 4916; x_wconf 89' lang='lat' dir='ltr'><strong>scribentis</strong></span> <span class='ocrx_word' id='word_1_677' title='bbox 1603 4861 1930 4918; x_wconf 87' lang='lat' dir='ltr'><strong>elementum</strong></span> <span class='ocrx_word' id='word_1_678' title='bbox 1956 4867 2178 4936; x_wconf 84' lang='lat' dir='ltr'><strong>apponi-</strong></span> 
     </span>
    </p>
   </div>
   <div class='ocr_carea' id='block_1_108' title="bbox 2284 4855 3847 4937">
    <p class='ocr_par' dir='ltr' id='par_1_108' title="bbox 2285 4855 3847 4937">
     <span class='ocr_line' id='line_1_111' title="bbox 2285 4855 3847 4937; baseline -0.009 -16"><span class='ocrx_word' id='word_1_679' title='bbox 2285 4862 2617 4937; x_wconf 81' lang='grc' dir='ltr'><strong>ἐπιγραφὴν,</strong></span> <span class='ocrx_word' id='word_1_680' title='bbox 2655 4861 2750 4915; x_wconf 82' lang='grc' dir='ltr'><strong>καὶ</strong></span> <span class='ocrx_word' id='word_1_681' title='bbox 2783 4857 3043 4914; x_wconf 83' lang='grc' dir='ltr'><strong>ἐντιθεῖτε</strong></span> <span class='ocrx_word' id='word_1_682' title='bbox 3075 4856 3138 4910; x_wconf 81' lang='grc' dir='ltr'><strong>τὸ</strong></span> <span class='ocrx_word' id='word_1_683' title='bbox 3185 4857 3454 4927; x_wconf 79' lang='grc' dir='ltr'><strong>στοιχεῖον</strong></span> <span class='ocrx_word' id='word_1_684' title='bbox 3487 4855 3584 4909; x_wconf 87' lang='grc' dir='ltr'><strong>τοῦ</strong></span> <span class='ocrx_word' id='word_1_685' title='bbox 3617 4856 3847 4910; x_wconf 79' lang='grc' dir='ltr'><strong>ἐπιστεί-</strong></span> 
     </span>
    </p>
   </div>
   <div class='ocr_carea' id='block_1_109' title="bbox 617 4948 2178 5026">
    <p class='ocr_par' dir='ltr' id='par_1_109' title="bbox 617 4951 2178 5022">
     <span class='ocr_line' id='line_1_112' title="bbox 617 4951 2178 5022; baseline 0.004 -16"><span class='ocrx_word' id='word_1_686' title='bbox 617 4963 689 5006; x_wconf 92' lang='lat' dir='ltr'><strong>te.</strong></span> <span class='ocrx_word' id='word_1_687' title='bbox 720 4951 790 5006; x_wconf 83' lang='lat' dir='ltr'><strong>At</strong></span> <span class='ocrx_word' id='word_1_688' title='bbox 822 4953 866 5007; x_wconf 93' lang='lat' dir='ltr'><strong>si</strong></span> <span class='ocrx_word' id='word_1_689' title='bbox 897 4967 961 5007; x_wconf 77' lang='lat' dir='ltr'><strong>ex</strong></span> <span class='ocrx_word' id='word_1_690' title='bbox 999 4952 1394 5007; x_wconf 84' lang='lat' dir='ltr'><strong>elementorum</strong></span> <span class='ocrx_word' id='word_1_691' title='bbox 1433 4965 1663 5006; x_wconf 90' lang='lat' dir='ltr'><strong>numero</strong></span> <span class='ocrx_word' id='word_1_692' title='bbox 1690 4967 1799 5006; x_wconf 88' lang='lat' dir='ltr'><strong>non</strong></span> <span class='ocrx_word' id='word_1_693' title='bbox 1833 4962 1939 5022; x_wconf 88' lang='lat' dir='ltr'><strong>est,</strong></span> <span class='ocrx_word' id='word_1_694' title='bbox 1968 4965 2178 5012; x_wconf 85' lang='lat' dir='ltr'><strong>maneat</strong></span> 
     </span>
    </p>
   </div>
   <div class='ocr_carea' id='block_1_110' title="bbox 2284 4948 3840 5026">
    <p class='ocr_par' dir='ltr' id='par_1_110' title="bbox 2284 4948 3840 5026">
     <span class='ocr_line' id='line_1_113' title="bbox 2284 4948 3840 5026; baseline -0.009 -12"><span class='ocrx_word' id='word_1_695' title='bbox 2284 4960 2495 5021; x_wconf 88' lang='grc' dir='ltr'><strong>λαντος.</strong></span> <span class='ocrx_word' id='word_1_696' title='bbox 2523 4955 2586 5008; x_wconf 79' lang='lat' dir='ltr'><strong>Ei</strong></span> <span class='ocrx_word' id='word_1_697' title='bbox 2608 4953 2666 5007; x_wconf 86' lang='grc' dir='ltr'><strong>δέ</strong></span> <span class='ocrx_word' id='word_1_698' title='bbox 2696 4952 2798 5006; x_wconf 84' lang='grc' dir='ltr'><strong>οὐκ</strong></span> <span class='ocrx_word' id='word_1_699' title='bbox 2827 4951 2976 5004; x_wconf 77' lang='grc' dir='ltr'><strong>ἐστιν</strong></span> <span class='ocrx_word' id='word_1_700' title='bbox 2998 4951 3063 5002; x_wconf 82' lang='grc' dir='ltr'><strong>ἐκ</strong></span> <span class='ocrx_word' id='word_1_701' title='bbox 3095 4949 3204 5002; x_wconf 83' lang='grc' dir='ltr'><strong>τῶν</strong></span> <span class='ocrx_word' id='word_1_702' title='bbox 3239 4948 3543 5020; x_wconf 75' lang='grc' dir='ltr'><strong>στοιχείων,</strong></span> <span class='ocrx_word' id='word_1_703' title='bbox 3581 4949 3840 5026; x_wconf 78' lang='grc' dir='ltr'><strong>μενέτωή</strong></span> 
     </span>
    </p>
   </div>
   <div class='ocr_carea' id='block_1_111' title="bbox 615 5039 2178 5120">
    <p class='ocr_par' dir='ltr' id='par_1_111' title="bbox 615 5042 2178 5114">
     <span class='ocr_line' id='line_1_114' title="bbox 615 5042 2178 5114; baseline 0.005 -18"><span class='ocrx_word' id='word_1_704' title='bbox 615 5042 900 5113; x_wconf 90' lang='lat' dir='ltr'><strong>inscriptio</strong></span> <span class='ocrx_word' id='word_1_705' title='bbox 949 5059 964 5108; x_wconf 93' lang='lat'><strong>;</strong></span> <span class='ocrx_word' id='word_1_706' title='bbox 998 5043 1453 5113; x_wconf 86' lang='lat' dir='ltr'><strong>quemadmodum</strong></span> <span class='ocrx_word' id='word_1_707' title='bbox 1483 5052 1538 5098; x_wconf 89' lang='lat' dir='ltr'><strong>et</strong></span> <span class='ocrx_word' id='word_1_708' title='bbox 1579 5043 1696 5114; x_wconf 91' lang='lat' dir='ltr'><strong>ipse</strong></span> <span class='ocrx_word' id='word_1_709' title='bbox 1721 5043 1850 5099; x_wconf 89' lang='lat' dir='ltr'><strong>dum</strong></span> <span class='ocrx_word' id='word_1_710' title='bbox 1885 5047 2085 5102; x_wconf 90' lang='lat' dir='ltr'><strong>scribo.</strong></span> <span class='ocrx_word' id='word_1_711' title='bbox 2126 5048 2178 5104; x_wconf 92' lang='lat' dir='ltr'><strong>Si</strong></span> 
     </span>
    </p>
   </div>
   <div class='ocr_carea' id='block_1_112' title="bbox 2284 5039 3843 5120">
    <p class='ocr_par' dir='ltr' id='par_1_112' title="bbox 2285 5039 3843 5120">
     <span class='ocr_line' id='line_1_115' title="bbox 2285 5039 3843 5120; baseline -0.011 -14"><span class='ocrx_word' id='word_1_712' title='bbox 2285 5049 2564 5120; x_wconf 81' lang='grc' dir='ltr'><strong>ἐπιγραφή</strong></span> <span class='ocrx_word' id='word_1_713' title='bbox 2595 5064 2608 5077; x_wconf 91' lang='grc'><strong>·</strong></span> <span class='ocrx_word' id='word_1_714' title='bbox 2641 5044 2833 5113; x_wconf 86' lang='grc' dir='ltr'><strong>ὥσπερ</strong></span> <span class='ocrx_word' id='word_1_715' title='bbox 2865 5041 2960 5098; x_wconf 77' lang='grc' dir='ltr'><strong>καὶ</strong></span> <span class='ocrx_word' id='word_1_716' title='bbox 2986 5043 3044 5098; x_wconf 89' lang='grc' dir='ltr'><strong>ἐν</strong></span> <span class='ocrx_word' id='word_1_717' title='bbox 3082 5040 3162 5112; x_wconf 83' lang='grc' dir='ltr'><strong>τῷ</strong></span> <span class='ocrx_word' id='word_1_718' title='bbox 3208 5040 3447 5112; x_wconf 80' lang='grc' dir='ltr'><strong>γράφειν</strong></span> <span class='ocrx_word' id='word_1_719' title='bbox 3473 5057 3568 5110; x_wconf 81' lang='grc' dir='ltr'><strong>με.</strong></span> <span class='ocrx_word' id='word_1_720' title='bbox 3602 5040 3726 5093; x_wconf 81' lang='grc' dir='ltr'><strong>Ἐὰν</strong></span> <span class='ocrx_word' id='word_1_721' title='bbox 3745 5039 3843 5092; x_wconf 82' lang='grc' dir='ltr'><strong>οὐκ</strong></span> 
     </span>
    </p>
   </div>
   <div class='ocr_carea' id='block_1_113' title="bbox 613 5130 2178 5208">
    <p class='ocr_par' dir='ltr' id='par_1_113' title="bbox 613 5131 2178 5204">
     <span class='ocr_line' id='line_1_116' title="bbox 613 5131 2178 5204; baseline 0.003 -17"><span class='ocrx_word' id='word_1_722' title='bbox 613 5147 724 5187; x_wconf 89' lang='lat' dir='ltr'><strong>non</strong></span> <span class='ocrx_word' id='word_1_723' title='bbox 757 5142 927 5188; x_wconf 81' lang='lat' dir='ltr'><strong>estex</strong></span> <span class='ocrx_word' id='word_1_724' title='bbox 947 5133 1249 5196; x_wconf 82' lang='lat' dir='ltr'><strong>elementis,</strong></span> <span class='ocrx_word' id='word_1_725' title='bbox 1277 5141 1497 5186; x_wconf 86' lang='lat' dir='ltr'><strong>maneat</strong></span> <span class='ocrx_word' id='word_1_726' title='bbox 1523 5131 1808 5204; x_wconf 90' lang='lat' dir='ltr'><strong>inscriptio</strong></span> <span class='ocrx_word' id='word_1_727' title='bbox 1833 5135 1902 5190; x_wconf 92' lang='lat' dir='ltr'><strong>ad</strong></span> <span class='ocrx_word' id='word_1_728' title='bbox 1948 5151 2074 5191; x_wconf 92' lang='lat' dir='ltr'><strong>eum</strong></span> <span class='ocrx_word' id='word_1_729' title='bbox 2115 5139 2178 5192; x_wconf 87' lang='lat' dir='ltr'><strong>ad</strong></span> 
     </span>
    </p>
   </div>
   <div class='ocr_carea' id='block_1_114' title="bbox 2284 5130 3842 5208">
    <p class='ocr_par' dir='ltr' id='par_1_114' title="bbox 2284 5130 3842 5208">
     <span class='ocr_line' id='line_1_117' title="bbox 2284 5130 3842 5208; baseline -0.009 -11"><span class='ocrx_word' id='word_1_730' title='bbox 2284 5145 2431 5197; x_wconf 80' lang='grc' dir='ltr'><strong>ἐστιν</strong></span> <span class='ocrx_word' id='word_1_731' title='bbox 2455 5143 2518 5195; x_wconf 87' lang='grc' dir='ltr'><strong>ἐκ</strong></span> <span class='ocrx_word' id='word_1_732' title='bbox 2545 5139 2654 5193; x_wconf 85' lang='grc' dir='ltr'><strong>τῶν</strong></span> <span class='ocrx_word' id='word_1_733' title='bbox 2689 5135 2989 5208; x_wconf 68' lang='grc' dir='ltr'><strong>στοιχείων,</strong></span> <span class='ocrx_word' id='word_1_734' title='bbox 3039 5134 3250 5206; x_wconf 84' lang='grc' dir='ltr'><strong>μενέτω</strong></span> <span class='ocrx_word' id='word_1_735' title='bbox 3297 5135 3333 5203; x_wconf 80' lang='grc' dir='ltr'><strong>ἠ</strong></span> <span class='ocrx_word' id='word_1_736' title='bbox 3374 5132 3659 5205; x_wconf 76' lang='grc' dir='ltr'><strong>ἐπιγραφὴ</strong></span> <span class='ocrx_word' id='word_1_737' title='bbox 3708 5130 3842 5202; x_wconf 73' lang='grc' dir='ltr'><strong>πρὸς</strong></span> 
     </span>
    </p>
   </div>
   <div class='ocr_carea' id='block_1_115' title="bbox 613 5221 2178 5304">
    <p class='ocr_par' dir='ltr' id='par_1_115' title="bbox 613 5223 2178 5298">
     <span class='ocr_line' id='line_1_118' title="bbox 613 5223 2178 5298; baseline 0.001 -17"><span class='ocrx_word' id='word_1_738' title='bbox 613 5241 780 5298; x_wconf 89' lang='lat' dir='ltr'><strong>quem</strong></span> <span class='ocrx_word' id='word_1_739' title='bbox 823 5232 909 5280; x_wconf 87' lang='lat' dir='ltr'><strong>est</strong></span> <span class='ocrx_word' id='word_1_740' title='bbox 959 5224 1208 5296; x_wconf 88' lang='lat' dir='ltr'><strong>epistola.</strong></span> <span class='ocrx_word' id='word_1_741' title='bbox 1239 5223 1446 5279; x_wconf 89' lang='lat' dir='ltr'><strong>Rursus</strong></span> <span class='ocrx_word' id='word_1_742' title='bbox 1486 5225 1912 5292; x_wconf 87' lang='lat' dir='ltr'><strong>observandum,</strong></span> <span class='ocrx_word' id='word_1_743' title='bbox 1955 5228 2098 5297; x_wconf 92' lang='lat' dir='ltr'><strong>quod</strong></span> <span class='ocrx_word' id='word_1_744' title='bbox 2128 5229 2178 5284; x_wconf 92' lang='lat' dir='ltr'><strong>in</strong></span> 
     </span>
    </p>
   </div>
   <div class='ocr_carea' id='block_1_116' title="bbox 2284 5221 3843 5304">
    <p class='ocr_par' dir='ltr' id='par_1_116' title="bbox 2284 5221 3843 5304">
     <span class='ocr_line' id='line_1_119' title="bbox 2284 5221 3843 5304; baseline -0.013 -17"><span class='ocrx_word' id='word_1_745' title='bbox 2284 5235 2342 5288; x_wconf 80' lang='grc' dir='ltr'><strong>ὃν</strong></span> <span class='ocrx_word' id='word_1_746' title='bbox 2365 5235 2398 5304; x_wconf 80' lang='grc' dir='ltr'>ἡ</span> <span class='ocrx_word' id='word_1_747' title='bbox 2422 5229 2702 5300; x_wconf 84' lang='grc' dir='ltr'><strong>ἐπιστολή.</strong></span> <span class='ocrx_word' id='word_1_748' title='bbox 2733 5225 2902 5282; x_wconf 78' lang='grc' dir='ltr'><strong>Πάλιν</strong></span> <span class='ocrx_word' id='word_1_749' title='bbox 2933 5223 3198 5278; x_wconf 80' lang='grc' dir='ltr'><strong>σκεπτέον</strong></span> <span class='ocrx_word' id='word_1_750' title='bbox 3221 5223 3310 5276; x_wconf 82' lang='grc' dir='ltr'><strong>ὅτι</strong></span> <span class='ocrx_word' id='word_1_751' title='bbox 3339 5221 3428 5291; x_wconf 81' lang='grc' dir='ltr'><strong>ἐφ’</strong></span> <span class='ocrx_word' id='word_1_752' title='bbox 3455 5221 3692 5291; x_wconf 77' lang='grc' dir='ltr'><strong>ἑκάστης</strong></span> <span class='ocrx_word' id='word_1_753' title='bbox 3745 5233 3843 5287; x_wconf 79' lang='grc' dir='ltr'><strong>μου</strong></span> 
     </span>
    </p>
   </div>
   <div class='ocr_carea' id='block_1_117' title="bbox 614 5307 2178 5396">
    <p class='ocr_par' dir='ltr' id='par_1_117' title="bbox 614 5315 2178 5388">
     <span class='ocr_line' id='line_1_120' title="bbox 614 5315 2178 5388; baseline 0.001 -14"><span class='ocrx_word' id='word_1_754' title='bbox 614 5331 938 5388; x_wconf 86' lang='lat' dir='ltr'><strong>unaquaque</strong></span> <span class='ocrx_word' id='word_1_755' title='bbox 990 5315 1220 5387; x_wconf 90' lang='lat' dir='ltr'><strong>epistola</strong></span> <span class='ocrx_word' id='word_1_756' title='bbox 1259 5331 1378 5372; x_wconf 90' lang='lat' dir='ltr'><strong>mea</strong></span> <span class='ocrx_word' id='word_1_757' title='bbox 1427 5315 1495 5370; x_wconf 88' lang='lat' dir='ltr'><strong>ad</strong></span> <span class='ocrx_word' id='word_1_758' title='bbox 1526 5331 1621 5372; x_wconf 87' lang='lat' dir='ltr'><strong>eos</strong></span> <span class='ocrx_word' id='word_1_759' title='bbox 1653 5317 1744 5385; x_wconf 90' lang='lat' dir='ltr'><strong>qui</strong></span> <span class='ocrx_word' id='word_1_760' title='bbox 1775 5325 1903 5372; x_wconf 87' lang='lat' dir='ltr'><strong>sunt</strong></span> <span class='ocrx_word' id='word_1_761' title='bbox 1929 5318 2031 5373; x_wconf 92' lang='lat' dir='ltr'><strong>sub</strong></span> <span class='ocrx_word' id='word_1_762' title='bbox 2073 5319 2178 5376; x_wconf 90' lang='lat' dir='ltr'><strong>ele-</strong></span> 
     </span>
    </p>
   </div>
   <div class='ocr_carea' id='block_1_118' title="bbox 2284 5307 3845 5396">
    <p class='ocr_par' dir='ltr' id='par_1_118' title="bbox 2284 5307 3845 5396">
     <span class='ocr_line' id='line_1_121' title="bbox 2284 5307 3845 5396; baseline -0.014 -15"><span class='ocrx_word' id='word_1_763' title='bbox 2284 5324 2572 5396; x_wconf 81' lang='grc' dir='ltr'><strong>ἐπιστολῆς</strong></span> <span class='ocrx_word' id='word_1_764' title='bbox 2604 5320 2739 5392; x_wconf 78' lang='grc' dir='ltr'><strong>πρὸς</strong></span> <span class='ocrx_word' id='word_1_765' title='bbox 2766 5317 2892 5382; x_wconf 80' lang='grc' dir='ltr'><strong>τοὺς</strong></span> <span class='ocrx_word' id='word_1_766' title='bbox 2917 5317 3078 5380; x_wconf 74' lang='grc' dir='ltr'><strong>ὄντας</strong></span> <span class='ocrx_word' id='word_1_767' title='bbox 3123 5312 3230 5368; x_wconf 82' lang='grc' dir='ltr'><strong>ὑπὸ</strong></span> <span class='ocrx_word' id='word_1_768' title='bbox 3268 5313 3336 5367; x_wconf 78' lang='grc' dir='ltr'><strong>τὰ</strong></span> <span class='ocrx_word' id='word_1_769' title='bbox 3367 5315 3623 5382; x_wconf 85' lang='grc' dir='ltr'><strong>στοιχεῖα,</strong></span> <span class='ocrx_word' id='word_1_770' title='bbox 3671 5307 3845 5368; x_wconf 79' lang='grc' dir='ltr'><strong>οὕτως</strong></span> 
     </span>
    </p>
   </div>
   <div class='ocr_carea' id='block_1_119' title="bbox 615 5401 2178 5492">
    <p class='ocr_par' dir='ltr' id='par_1_119' title="bbox 615 5408 2178 5482">
     <span class='ocr_line' id='line_1_122' title="bbox 615 5408 2178 5482; baseline 0.002 -17"><span class='ocrx_word' id='word_1_771' title='bbox 615 5411 836 5476; x_wconf 90' lang='lat' dir='ltr'><strong>mentis,</strong></span> <span class='ocrx_word' id='word_1_772' title='bbox 871 5409 950 5465; x_wconf 88' lang='lat' dir='ltr'><strong>sic</strong></span> <span class='ocrx_word' id='word_1_773' title='bbox 979 5408 1202 5466; x_wconf 85' lang='lat' dir='ltr'><strong>habebit</strong></span> <span class='ocrx_word' id='word_1_774' title='bbox 1231 5408 1512 5480; x_wconf 90' lang='lat' dir='ltr'><strong>inscriptio</strong></span> <span class='ocrx_word' id='word_1_775' title='bbox 1537 5426 1550 5462; x_wconf 88' lang='lat'><strong>:</strong></span> <span class='ocrx_word' id='word_1_776' title='bbox 1589 5427 1634 5462; x_wconf 89' lang='grc' dir='ltr'><strong>ω</strong></span> <span class='ocrx_word' id='word_1_777' title='bbox 1661 5409 1728 5464; x_wconf 89' lang='lat' dir='ltr'><strong>ad</strong></span> <span class='ocrx_word' id='word_1_778' title='bbox 1761 5427 1794 5462; x_wconf 89' lang='grc' dir='ltr'><strong>α</strong></span> <span class='ocrx_word' id='word_1_779' title='bbox 1817 5417 1870 5464; x_wconf 87' lang='lat' dir='ltr'><strong>et</strong></span> <span class='ocrx_word' id='word_1_780' title='bbox 1902 5410 2178 5482; x_wconf 84' lang='lat' dir='ltr'><strong>deinceps.</strong></span> 
     </span>
    </p>
   </div>
   <div class='ocr_carea' id='block_1_120' title="bbox 2284 5401 3846 5492">
    <p class='ocr_par' dir='ltr' id='par_1_120' title="bbox 2285 5401 3846 5492">
     <span class='ocr_line' id='line_1_123' title="bbox 2285 5401 3846 5492; baseline -0.013 -15"><span class='ocrx_word' id='word_1_781' title='bbox 2285 5415 2782 5492; x_wconf 74' lang='grc' dir='ltr'><strong>ἓξειήέπιγραφὴ.</strong></span> <span class='ocrx_word' id='word_1_782' title='bbox 2839 5412 2914 5466; x_wconf 83' lang='grc' dir='ltr'>Τὸ</span> <span class='ocrx_word' id='word_1_783' title='bbox 2963 5430 3030 5478; x_wconf 89' lang='grc' dir='ltr'><strong>ω,</strong></span> <span class='ocrx_word' id='word_1_784' title='bbox 3081 5409 3159 5482; x_wconf 79' lang='grc' dir='ltr'><strong>τῷ</strong></span> <span class='ocrx_word' id='word_1_785' title='bbox 3185 5427 3251 5464; x_wconf 87' lang='grc' dir='ltr'><strong>α·</strong></span> <span class='ocrx_word' id='word_1_786' title='bbox 3305 5410 3403 5463; x_wconf 72' lang='grc' dir='ltr'><strong>καὶ</strong></span> <span class='ocrx_word' id='word_1_787' title='bbox 3449 5405 3704 5475; x_wconf 71' lang='grc' dir='ltr'><strong>καθεξῆς.</strong></span> <span class='ocrx_word' id='word_1_788' title='bbox 3735 5401 3846 5456; x_wconf 67' lang='grc' dir='ltr'><strong>Καὶ</strong></span> 
     </span>
    </p>
   </div>
   <div class='ocr_carea' id='block_1_121' title="bbox 613 5493 2178 5584">
    <p class='ocr_par' dir='ltr' id='par_1_121' title="bbox 613 5499 2178 5572">
     <span class='ocr_line' id='line_1_124' title="bbox 613 5499 2178 5572; baseline 0.001 -15"><span class='ocrx_word' id='word_1_789' title='bbox 613 5510 670 5557; x_wconf 91' lang='lat' dir='ltr'><strong>et</strong></span> <span class='ocrx_word' id='word_1_790' title='bbox 703 5501 770 5556; x_wconf 88' lang='lat' dir='ltr'><strong>ad</strong></span> <span class='ocrx_word' id='word_1_791' title='bbox 806 5516 892 5556; x_wconf 91' lang='lat' dir='ltr'><strong>me</strong></span> <span class='ocrx_word' id='word_1_792' title='bbox 944 5501 1121 5556; x_wconf 72' lang='lat' dir='ltr'><strong>missa:</strong></span> <span class='ocrx_word' id='word_1_793' title='bbox 1164 5499 1404 5572; x_wconf 73' lang='lat' dir='ltr'><strong>epistola:</strong></span> <span class='ocrx_word' id='word_1_794' title='bbox 1455 5501 1535 5555; x_wconf 89' lang='lat' dir='ltr'><strong>sic</strong></span> <span class='ocrx_word' id='word_1_795' title='bbox 1563 5499 1800 5555; x_wconf 88' lang='lat' dir='ltr'><strong>habeant</strong></span> <span class='ocrx_word' id='word_1_796' title='bbox 1827 5518 1862 5554; x_wconf 90' lang='grc' dir='ltr'><strong>α</strong></span> <span class='ocrx_word' id='word_1_797' title='bbox 1898 5501 2003 5556; x_wconf 81' lang='lat' dir='ltr'><strong>vel‘</strong></span> <span class='ocrx_word' id='word_1_798' title='bbox 2027 5521 2056 5556; x_wconf 87' lang='grc' dir='ltr'>υ</span> <span class='ocrx_word' id='word_1_799' title='bbox 2098 5505 2178 5560; x_wconf 91' lang='lat' dir='ltr'><strong>vel</strong></span> 
     </span>
    </p>
   </div>
   <div class='ocr_carea' id='block_1_122' title="bbox 2284 5493 3840 5584">
    <p class='ocr_par' dir='ltr' id='par_1_122' title="bbox 2284 5493 3840 5584">
     <span class='ocr_line' id='line_1_125' title="bbox 2284 5493 3840 5584; baseline -0.017 -14"><span class='ocrx_word' id='word_1_800' title='bbox 2284 5507 2637 5584; x_wconf 86' lang='grc' dir='ltr'><strong>πεμπόμεναί</strong></span> <span class='ocrx_word' id='word_1_801' title='bbox 2673 5523 2764 5578; x_wconf 88' lang='grc' dir='ltr'><strong>μοι</strong></span> <span class='ocrx_word' id='word_1_802' title='bbox 2789 5506 2844 5558; x_wconf 86' lang='grc' dir='ltr'><strong>αῑ</strong></span> <span class='ocrx_word' id='word_1_803' title='bbox 2879 5501 3158 5557; x_wconf 74' lang='grc' dir='ltr'><strong>ἐπιστολαὶ</strong></span> <span class='ocrx_word' id='word_1_804' title='bbox 3192 5498 3368 5564; x_wconf 78' lang='grc' dir='ltr'><strong>οὕτως</strong></span> <span class='ocrx_word' id='word_1_805' title='bbox 3393 5499 3660 5570; x_wconf 75' lang='grc' dir='ltr'><strong>ἐχέτωσαν</strong></span> <span class='ocrx_word' id='word_1_806' title='bbox 3681 5493 3750 5547; x_wconf 76' lang='grc' dir='ltr'><strong>τὸ</strong></span> <span class='ocrx_word' id='word_1_807' title='bbox 3785 5510 3840 5556; x_wconf 84' lang='grc' dir='ltr'><strong>α,</strong></span> 
     </span>
    </p>
   </div>
   <div class='ocr_carea' id='block_1_123' title="bbox 614 5584 2178 5680">
    <p class='ocr_par' dir='ltr' id='par_1_123' title="bbox 614 5591 2178 5664">
     <span class='ocr_line' id='line_1_126' title="bbox 614 5591 2178 5664; baseline 0.003 -18"><span class='ocrx_word' id='word_1_808' title='bbox 614 5591 761 5647; x_wconf 84' lang='lat' dir='ltr'><strong>aliud</strong></span> <span class='ocrx_word' id='word_1_809' title='bbox 797 5607 863 5646; x_wconf 82' lang='lat' dir='ltr'><strong>ex</strong></span> <span class='ocrx_word' id='word_1_810' title='bbox 902 5591 1208 5648; x_wconf 90' lang='lat' dir='ltr'><strong>elementis.</strong></span> <span class='ocrx_word' id='word_1_811' title='bbox 1244 5591 1536 5647; x_wconf 88' lang='lat' dir='ltr'><strong>Sciendum</strong></span> <span class='ocrx_word' id='word_1_812' title='bbox 1568 5591 1670 5645; x_wconf 88' lang='lat' dir='ltr'><strong>hoc</strong></span> <span class='ocrx_word' id='word_1_813' title='bbox 1703 5592 1887 5659; x_wconf 90' lang='lat' dir='ltr'><strong>etiam,</strong></span> <span class='ocrx_word' id='word_1_814' title='bbox 1923 5594 2178 5664; x_wconf 91' lang='lat' dir='ltr'><strong>quoniam</strong></span> 
     </span>
    </p>
   </div>
   <div class='ocr_carea' id='block_1_124' title="bbox 2284 5584 3842 5680">
    <p class='ocr_par' dir='ltr' id='par_1_124' title="bbox 2284 5584 3842 5680">
     <span class='ocr_line' id='line_1_127' title="bbox 2284 5584 3842 5680; baseline -0.014 -19"><span class='ocrx_word' id='word_1_815' title='bbox 2284 5609 2316 5680; x_wconf 80' lang='grc' dir='ltr'><strong>ἦ</strong></span> <span class='ocrx_word' id='word_1_816' title='bbox 2347 5605 2408 5660; x_wconf 74' lang='grc' dir='ltr'><strong>τὸ</strong></span> <span class='ocrx_word' id='word_1_817' title='bbox 2436 5622 2488 5671; x_wconf 85' lang='grc' dir='ltr'><strong>υ,</strong></span> <span class='ocrx_word' id='word_1_818' title='bbox 2526 5601 2561 5673; x_wconf 75' lang='grc' dir='ltr'>ἢ</span> <span class='ocrx_word' id='word_1_819' title='bbox 2593 5599 2722 5658; x_wconf 74' lang='grc' dir='ltr'><strong>ἄλλο</strong></span> <span class='ocrx_word' id='word_1_820' title='bbox 2749 5597 2858 5652; x_wconf 85' lang='grc' dir='ltr'><strong>τῶν</strong></span> <span class='ocrx_word' id='word_1_821' title='bbox 2891 5593 3191 5665; x_wconf 88' lang='grc' dir='ltr'><strong>στοιχείων.</strong></span> <span class='ocrx_word' id='word_1_822' title='bbox 3216 5591 3492 5647; x_wconf 87' lang='grc' dir='ltr'><strong>Γνωστέον</strong></span> <span class='ocrx_word' id='word_1_823' title='bbox 3525 5589 3616 5645; x_wconf 73' lang='grc' dir='ltr'><strong>καὶ</strong></span> <span class='ocrx_word' id='word_1_824' title='bbox 3656 5584 3842 5640; x_wconf 83' lang='grc' dir='ltr'><strong>τοῦτο·</strong></span> 
     </span>
    </p>
   </div>
   <div class='ocr_carea' id='block_1_125' title="bbox 687 5745 1728 5815">
    <p class='ocr_par' dir='ltr' id='par_1_125' title="bbox 687 5745 1728 5815">
     <span class='ocr_line' id='line_1_128' title="bbox 687 5745 1728 5815; baseline 0.001 -14"><span class='ocrx_word' id='word_1_825' title='bbox 687 5747 731 5779; x_wconf 70' lang='grc' dir='ltr'><strong>ιι</strong></span> <span class='ocrx_word' id='word_1_826' title='bbox 764 5745 952 5801; x_wconf 80' lang='lat' dir='ltr'><strong>Matth.</strong></span> <span class='ocrx_word' id='word_1_827' title='bbox 997 5763 1050 5815; x_wconf 73' lang='grc' dir='ltr'><strong>χ,</strong></span> <span class='ocrx_word' id='word_1_828' title='bbox 1094 5747 1182 5801; x_wconf 76' lang='lat' dir='ltr'><strong>ta.</strong></span> <span class='ocrx_word' id='word_1_829' title='bbox 1259 5747 1302 5780; x_wconf 69' lang='grc' dir='ltr'><strong>ιε</strong></span> <span class='ocrx_word' id='word_1_830' title='bbox 1335 5746 1526 5802; x_wconf 88' lang='lat' dir='ltr'><strong>Matth.</strong></span> <span class='ocrx_word' id='word_1_831' title='bbox 1565 5763 1638 5812; x_wconf 75' lang='lat' dir='ltr'><strong>vr,</strong></span> <span class='ocrx_word' id='word_1_832' title='bbox 1675 5747 1728 5802; x_wconf 85' lang='lat'><strong>9.</strong></span> 
     </span>
    </p>
   </div>
  </div>
