4044 6366
278 334 406 400 1001

1491 347 2036 414 EPISTOLARUM
2071 357 2218 419 LIB.
2261 355 2309 414 Ι.

3390 349 3530 418 1062

269 445 356 498 ὅτι
392 443 586 536 ἐπειδὴ
611 446 707 500 καὶ
722 445 898 502 ταῦτα
919 448 990 502 τά
1019 449 1146 521 τρία
1181 451 1290 505 εἰσὶ
1325 453 1650 527 γράμματα,
1680 457 1843 514 ἅτινά
1870 518 1871 523 η

1971 480 2032 520 ne
2059 476 2168 520 tres
2194 481 2412 536 quoque
2443 464 2636 521 littera:
2663 472 2814 518 extra
2851 477 3141 518 numerum
3169 462 3354 534 viginti
3389 480 3524 535 qua-

271 536 414 590 είσιν
435 535 544 602 ἐξω
573 537 684 591 τῶν
714 539 1174 612 εἰκοσιτεσσάρων
1198 545 1478 616 στοιχείων
1498 549 1560 602 τὸ
1609 568 1670 616 ς,
1697 550 1760 604 τὸ
1789 555 1848 619 ιι,

271 627 336 682 τὸ
368 645 412 682 π
432 645 446 660 ·
475 628 539 682 τὸ
567 648 608 696 ς·
634 629 788 716 δηλοῖ
799 632 929 696 τοὺς
955 632 1328 706 ἀθετήσαντας
1351 639 1558 704 πάντας
1583 641 1681 696 καὶ
1716 644 1854 716 πρό·

1951 562 2072 610 tuor
2119 556 2513 610 elementorum
2554 561 2702 620 sunt,
2735 570 2798 618 ς·.
2834 557 2892 620 ιι.
2925 570 2985 606 π.
3041 551 3174 607 illud
3217 570 3278 617 ς.
3333 551 3530 608 fratres

1949 652 2170 700 nostros
2202 659 2394 700 omnes
2421 643 2747 715 signiﬁcare,
2777 643 2894 714 qui,
2939 642 3095 712 prius
3131 642 3216 698 vel
3234 642 3530 720 posterius,

271 730 434 785 τερον
465 716 582 808 ,καὶ
619 715 850 808 ὕστερον
901 720 1033 774 ποτὲ
1077 721 1340 794 ἀδελφοὺς
1367 726 1526 798 ἡμῶν
1554 747 1568 760 ·
1593 730 1655 784 τὸ
1685 751 1725 797 ι,
1754 715 1852 788 τὸν

1971 737 2238 808 ιιίίιυεηιιο
2271 735 2604 807 ρι’τενειίοειί
2625 743 2753 790 sunt
2781 751 2796 801 ;
2833 739 2871 804 ιι
2903 750 3034 790 vero
3060 715 3424 805 patriarcham
3447 750 3464 800 ;
3489 751 3534 787 π

275 805 656 898 πατριάρχην·
686 807 748 861 τὸ
780 827 844 874 π,
883 809 976 862 τὸν
1007 811 1336 883 κρατοῦντα.
1376 815 1546 872 Ὅταν
1568 819 1662 874 οῦν
1694 822 1854 893 χρεία

1971 828 2184 897 Ieinque
2224 827 2628 898 imperatorem.
2669 826 2806 882 Cum
2832 843 2963 898 ergo
3001 842 3090 882 res
3129 827 3328 898 exiget,
3352 836 3413 882 ut
3441 831 3525 882 vel

277 893 501 990 γένηται
529 896 640 950 εῖτε
673 897 952 990 ἐρωτῆσαί
984 917 1074 970 με,
1107 902 1220 956 εἴτε
1271 904 1516 977 δηλῶσαι
1557 909 1704 980 ὑμᾶς
1725 913 1856 984 περὶ

1971 934 2054 990 ego
2077 893 2428 990 interrogem,
2455 919 2539 974 vel
2564 933 2663 973 vos
2683 917 2751 974 de
2774 893 2940 974 unoe
2965 918 3144 975 tribus
3171 893 3486 990 signiﬁcetis
3510 934 3526 983 ;

276 985 399 1049 ἑνὸς
425 987 536 1042 τῶν
563 989 766 1061 τριῶν·
792 991 880 1046 διά
913 991 1010 1046 τοῦ
1057 995 1386 1067 γράμματος
1414 996 1570 1055 ἐσται
1611 1004 1644 1074 ἠ
1677 1002 1854 1076 δήλω-

279 1089 389 1138 σις.

527 1195 660 1249 MB'.
688 1226 756 1238 --
783 1199 970 1268 Ἀννῃ
1004 1201 1374 1272 μοναζούσῃ.
1408 1203 1606 1278 [ρκγκ]

1953 1026 2050 1081 per
2083 1010 2316 1067 litteram
2350 1010 2444 1066 ﬁet
2473 1010 2756 1066 indicium.

2351 1204 2506 1261 XLII.
2541 1236 2612 1246 --
2651 1208 2816 1261 Amice
2864 1205 3148 1260 monacha’.

1511 1341 1673 1392 Docet
1689 1341 1932 1404 quomodo
1953 1343 2018 1392 sit
2039 1343 2295 1396 orandum.

353 1435 610 1491 Ἐδόκουν
631 1437 1082 1510 τετελευτηκέναι
1129 1442 1228 1514 τὴν
1275 1443 1556 1518 μακαρίαν
1593 1464 1695 1517 μου
1749 1464 1857 1519 μη·
1923 1501 1926 1504 .

281 1525 414 1596 τέρα
436 1543 450 1556 ο
498 1527 679 1599 ἐκείνη
721 1528 780 1582 δὲ
813 1529 894 1584 ἔτι
924 1532 1064 1604 ὑπὲρ
1096 1534 1200 1605 γῆς
1227 1536 1398 1599 ἐστιν,
1449 1536 1527 1600 ὡς
1587 1536 1755 1592 ἔοικε.
1784 1537 1854 1592 Τί

283 1614 394 1685 γὰρ
421 1615 490 1670 ἂν
521 1616 714 1688 ἔμελλε
739 1619 901 1676 πλέον
941 1626 1138 1688 ποιεῖν,
1177 1623 1255 1689 ὡς
1287 1627 1427 1698 αύτὴ
1461 1628 1602 1700 πρός
1651 1645 1720 1696 με
1760 1629 1857 1683 τὸν

2031 1448 2294 1506 Putabam
2348 1450 2493 1506 diem
2535 1450 2739 1506 obiisse
2788 1450 3005 1505 beatam
3047 1458 3276 1505 matrem
3311 1463 3530 1516 meam;

1962 1539 2053 1595 illa
2081 1557 2213 1596 vero
2243 1541 2426 1598 adhuc
2467 1541 2522 1596 in
2556 1550 2698 1596 terra
2725 1550 2826 1607 est,
2861 1550 2922 1596 ut
2949 1550 3193 1612 apparet.
3224 1540 3364 1606 Quid
3387 1541 3535 1596 enim

1962 1629 2172 1685 factura
2203 1640 2322 1686 erat
2350 1631 2607 1700 amplius,
2653 1647 2813 1702 quam
2862 1640 2918 1686 tu
2964 1646 3090 1702 erga
3135 1645 3225 1686 me
3276 1630 3537 1685 humilem

281 1708 540 1822 ταπεινδν
600 1714 842 1784 μητρικῇ
894 1715 1196 1788 κηδεμονίᾳ
1246 1717 1567 1790 φερομένης
1621 1718 1769 1773 Ἀλλ’
1805 1720 1857 1774 εἰ

1971 1729 2213 1776 materna
2248 1721 2614 1777 sollicitudine
2657 1730 2778 1777 acta
2823 1722 3006 1778 facis?
3051 1722 3250 1778 Verum
3294 1723 3394 1778 etsi
3437 1737 3539 1794 ego

283 1796 442 1865 κάγὼ
480 1799 838 1871 ἁμαρτωλὸς,
887 1805 1038 1873 ὅμως
1070 1805 1310 1860 πιστεύω
1353 1806 1434 1878 τῷ
1481 1807 1670 1880 Κυρίῳ
1729 1809 1862 1865 ἀντ·-

283 1888 629 1958 αμείψασθαί
663 1908 724 1944 σε
772 1892 882 1946 τῶν
915 1894 1058 1966 ὑπὲρ
1083 1895 1182 1966 τῆς
1214 1895 1565 1970 ἀναξιότητος
1598 1899 1756 1971 ἡμῶν
1802 1901 1864 1956 ού

280 1978 384 2050 τὴν
413 1981 684 2049 τυχοῦσαν
707 1983 888 2054 χάριν,
931 1987 1028 2038 καὶ
1071 1987 1347 2053 ἐπίτευξιν
1399 1981 1478 2044 ὧν
1537 1991 1724 2056 ποθεῖς
1767 1993 1864 2048 καὶ

280 2069 476 2134 αἰτεῖς.
509 2072 657 2141 Πλὴν
685 2073 886 2137 ἱκανῶς
913 2074 1026 2145 ἔχει
1054 2076 1122 2130 τὰ
1153 2079 1520 2150 γεγενημένα.
1555 2079 1726 2146 Τοῦτο
1754 2082 1864 2154 γάρ

281 2160 378 2213 καὶ
397 2159 486 2216 διὰ
499 2163 607 2218 τῶν
635 2163 1024 2234 προλαϐόντων
1041 2169 1386 2240 γραμμάτων
1405 2171 1862 2246 ἀπελογησάμην.

283 2251 437 2322 Αὐτὴ
473 2252 533 2306 δὲ
583 2256 894 2311 τούναντίον
929 2259 1283 2331 προσέθηκας
1311 2262 1516 2331 μᾶλλον
1570 2264 1669 2320 τοῦ
1701 2266 1863 2322 ἐκδα-

283 2351 567 2406 ωνᾶσθαι
599 2352 659 2406 ἐν
683 2355 748 2424 τῇ
783 2354 1050 2410 ἐπιδόσει.
1083 2356 1256 2412 Πόθεν
1307 2358 1365 2412 δὲ
1395 2359 1490 2413 καὶ
1515 2360 1616 2414 οὐκ
1648 2361 1867 2433 ἐμέλλο-

288 2459 391 2514 μεν
427 2444 553 2512 ἄρτι
605 2447 974 2518 μνημονεύειν
1009 2465 1104 2503 σου
1138 2450 1242 2520 τῆς
1273 2451 1627 2519 θεοσεϐείας;
1663 2456 1729 2508 ἐκ
1757 2455 1868 2510 τῶν

285 2533 676 2606 περιδολαίων,
713 2539 778 2591 ἐκ
798 2537 895 2592 τοῦ
934 2539 1083 2611 ἱεροῦ
1103 2541 1476 2613 ἀναθήματος,
1509 2545 1574 2597 ἐκ
1599 2549 1697 2616 τῆς
1719 2545 1865 2618 βρώ-

287 2625 430 2690 σεὼς
463 2643 524 2680 τε
572 2628 668 2682 καὶ
699 2629 933 2697 πόσεως,
971 2631 1308 2703 πανταχόθεν
1351 2635 1502 2704 ἡμᾶς
1547 2636 1867 2707 ἐξέστησας.

285 2719 389 2773 Διά
422 2719 582 2774 τοῦτο
605 2721 700 2776 καὶ
728 2722 882 2787 τέλος
910 2723 1096 2788 ἐπίθες
1121 2727 1236 2788 τοῖς
1261 2725 1456 2797 δώροις
1483 2742 1496 2757 ·
1523 2727 1618 2780 καὶ
1645 2726 1866 2794 εὔελπις

283 2809 382 2864 ἔσο
417 2813 542 2883 περὶ
580 2811 681 2883 τῆς
711 2813 860 2879 θείας
889 2815 1192 2886 ἀμείψεως.
1228 2816 1494 2889 Ἀψευδὴς
1513 2821 1622 2890 γὰρ
1650 2821 1679 2873 ὁ
1711 2821 1868 2892 εἰρη-

285 2901 425 2968 κὼς,
459 2903 554 2956 καὶ
577 2903 720 2974 ὑπὲρ
749 2905 956 2976 ψυχροῦ
988 2907 1252 2980 ποτηρίου
1282 2908 1508 2978 μισθοὺς
1531 2911 1864 2968 ἀποδιδόναι.

284 2995 594 3050 Λυπεῖσθαι
625 2997 683 3050 δὲ
729 2997 896 3068 φαίης
916 3000 974 3053 ἐν
1004 3001 1069 3072 τῇ
1106 3000 1345 3070 φροντίδι
1371 3001 1464 3054 τοῦ
1486 3002 1680 3056 τέκνου
1701 3043 1716 3066 ,
1759 3004 1869 3058 ἀπτ-

1964 1823 2240 1884 peccator,
2265 1813 2483 1870 conﬁdo
2514 1822 2693 1870 tamen
2725 1814 2783 1868 in
2823 1812 3076 1881 Domino,
3107 1815 3405 1870 relaturum
3439 1813 3534 1870 tibi

1964 1919 2067 1974 pro
2097 1903 2421 1974 indignitate
2453 1917 2571 1958 mea
2625 1901 2850 1974 gratiam
2887 1917 2995 1958 non
3031 1903 3228 1966 levem,
3256 1918 3321 1958 ac
3347 1918 3538 1958 eorum

1964 2009 2087 2064 quae
2113 1994 2266 2064 cupis
2281 1993 2560 2064 etexpetis
2581 1993 2945 2063 adeptionem.
2977 1993 3244 2048 Caeterum
3267 1993 3541 2049 suﬁiciunt

1964 2098 2084 2154 qum
2111 2083 2251 2139 facta
2277 2091 2428 2139 sunt.
2456 2081 2592 2155 Hoc.
2612 2082 2761 2138 enim
2789 2083 3160 2154 superioribus
3204 2097 3420 2152 quoque
3454 2081 3543 2138 lit-

1966 2174 2100 2229 teris
2126 2173 2404 2244 respondi.
2429 2173 2498 2228 At
2528 2181 2587 2227 tu
2624 2181 2814 2228 contra
2857 2172 3104 2242 adiecisti
3135 2173 3317 2242 potius
3340 2181 3400 2227 ut
3429 2173 3541 2226 lar-

1965 2262 2228 2334 gitionum
2263 2269 2514 2331 sumptus
2538 2276 2788 2333 augeres.
2813 2261 3098 2317 Undenam
3121 2261 3266 2316 enim
3293 2272 3540 2332 poteram

1967 2369 2116 2410 nunc
2160 2353 2320 2410 etiam
2353 2351 2571 2424 pietatis
2602 2361 2707 2408 tua:
2735 2367 2846 2408 non
2877 2353 3192 2409 meminisse
3217 2356 3240 2408 ‘.'
3269 2353 3348 2408 Ex
3373 2354 3541 2409 vesti-

1966 2443 2190 2511 mentis,
2221 2457 2292 2497 ex
2323 2456 2480 2498 sacro
2507 2442 2756 2510 donario,
2788 2457 2854 2497 ex
2883 2443 3006 2498 cibo
3037 2452 3092 2498 et
3115 2454 3269 2513 potu,
3303 2445 3544 2514 undique

1973 2542 2253 2604 stuporem
2280 2532 2441 2588 nobis
2471 2532 2728 2602 iniecisti.
2749 2531 3109 2600 Quamobrem
3135 2535 3298 2590 ﬁnem
3325 2537 3542 2591 tandem

1967 2622 2291 2678 muneribus
2307 2622 2529 2692 impone
2549 2638 2564 2689 ;
2589 2633 2644 2676 et
2664 2622 2732 2676 de
2751 2621 2933 2677 divina
2972 2623 3330 2679 retributione
3350 2639 3543 2679 secura

1965 2722 2104 2769 esto.
2158 2712 2331 2768 Verax
2369 2711 2517 2766 enim
2551 2720 2636 2766 est
2685 2712 2776 2782 qui
2811 2712 2966 2777 dixit,
2998 2713 3161 2768 etiam
3205 2729 3305 2784 pro
3337 2712 3546 2786 frigidae

1967 2804 2166 2878 poculo
2204 2804 2514 2860 mercedem
2536 2818 2596 2860 se
2639 2803 2975 2858 redditurum
3004 2804 3070 2858 δ’.
3119 2803 3346 2859 Tristari
3379 2805 3460 2860 ais
3491 2814 3546 2860 te

1967 2897 2037 2952 ob
2067 2897 2135 2954 de
2163 2895 2274 2950 ﬁlio
2305 2895 2746 2962 sollicitudinem,
2778 2910 2897 2965 qua:
2924 2895 3016 2950 tibi
3059 2896 3125 2950 ad
3153 2905 3546 2968 congruentem

1969 2990 2168 3046 anima:
2209 3003 2395 3044 curam
2424 2987 2597 3043 otium
2626 3002 2738 3041 non
2785 2986 3070 3057 permittit.
3098 2987 3169 3042 At
3193 2995 3370 3058 potest
3405 2988 3547 3042 Deus

288 3089 552 3158 ασχολίαν
575 3088 880 3162 ἐμποιούσῃ
912 3108 993 3144 σοι
1022 3091 1124 3162 τῆς
1149 3091 1379 3164 δεούσης
1407 3094 1536 3163 περὶ
1562 3093 1662 3164 τὴν
1689 3095 1868 3168 ψυχὴν

1971 3091 2025 3139 et
2052 3083 2250 3154 egregii
2286 3081 2379 3136 ﬁlii
2411 3095 2498 3136 res
2526 3080 2628 3135 rite
2659 3080 2996 3152 dispensare,
3022 3089 3080 3135 et
3120 3087 3181 3134 ut
3211 3080 3407 3134 animae
3436 3079 3546 3134 uti-

290 3180 588 3251 μερίμνης.
640 3183 751 3235 Καὶ
797 3181 1021 3246 δυνατὸς
1049 3183 1078 3234 ό
1133 3183 1266 3248 Θεὸς
1304 3185 1400 3238 καὶ
1441 3183 1540 3255 τὴν
1571 3185 1664 3240 τοῦ
1700 3187 1867 3242 καλοῦ

285 3268 486 3324 τέκνου
543 3269 812 3342 διοίκησιν
856 3272 1298 3344 ἀπεργάσασθαι,
1345 3275 1440 3328 καὶ
1485 3275 1545 3328 σὲ
1589 3277 1684 3330 ἐπὶ
1727 3278 1864 3332 πᾶσι

294 3361 500 3432 σχολὴν
532 3362 690 3430 ἄγειν
725 3365 857 3435 περὶ
877 3363 986 3418 τῶν
1017 3365 1354 3436 ψυχωφελῶν
1383 3369 1866 3440 καταστήσασθαι·

291 3451 374 3516 ὡς
396 3451 589 3525 ἑτοίμη
610 3455 810 3526 καρδίᾳ
840 3455 974 3527 πρὸς
1003 3456 1102 3527 τὴν
1127 3456 1308 3522 ἔξοδον
1332 3457 1426 3511 τοῦ
1452 3457 1708 3529 σώματος
1735 3479 1872 3531 παρ-

295 3546 575 3601 ίστασθαι.
632 3548 936 3618 Νηστεύειν
956 3549 1012 3602 δὲ
1042 3548 1136 3603 καὶ
1159 3549 1624 3621 ταλαιπωρεῖσθαι
1647 3591 1662 3616 ,
1711 3551 1872 3622 σῶμα

293 3636 498 3709 ἔχουσα
519 3639 740 3711 νοσερὸν
761 3641 821 3693 ού
847 3639 982 3712 δύνῃ
998 3655 1013 3670 ·
1033 3639 1135 3694 κᾶν
1161 3639 1335 3711 τούτῳ
1355 3639 1417 3706 il.
1445 3641 1630 3714 τοῦτο]
1651 3642 1875 3707 ἀλύπως

295 3731 458 3804 φέρε,
504 3731 575 3786 τὰ
626 3733 831 3786 δυνατά
885 3732 1196 3786 είσοίσουσα
1257 3735 1336 3804 τῷ
1390 3734 1602 3805 Κυρίῳ,
1638 3733 1737 3789 καὶ
1793 3733 1874 3806 τῷ

299 3823 639 3894 πλεονασμῷ
693 3827 794 3896 τῆς
834 3823 1342 3896 ταπεινοφροσύνης
1369 3824 1429 3878 τὸ
1461 3826 1527 3878 ἐκ
1553 3825 1652 3896 τῆς
1699 3826 1875 3897 ἀσκή-

299 3930 442 3977 σεως
474 3914 654 3969 ἐνδέον
701 3915 1115 3986 ἀναπληροῦσα.
1171 3914 1578 3986 Προσεύχεσθαι
1634 3916 1692 3970 δὲ
1725 3917 1876 3980 ὅπως

299 4021 366 4059 σε
396 4007 524 4076 χρὴ,
549 4005 832 4075 ἐπιζητεῖς
867 4005 1272 4076 ἐκδιδαχθῆναι.
1319 4007 1430 4059 Καὶ
1477 4006 1635 4060 τοῦτο
1666 4006 1828 4070 αὐτὸς
1847 4007 1876 4060 ὁ

300 4095 511 4167 Κύριος
539 4096 812 4162 ὲξεδίδαξε
836 4096 924 4150 διὰ
955 4097 1052 4167 τῆς
1081 4095 1200 4161 τοῦ,
1227 4095 1420 4164 Πάτερ
1447 4094 1638 4165 ἡμῶν,
1670 4097 1878 4166 ἐπιφω-

299 4189 539 4259 νήσεως,
568 4190 663 4242 καὶ
691 4188 784 4242 τοῦ
815 4188 984 4259 μηδὲν
1007 4190 1180 4244 αἰτεῖν
1215 4188 1574 4260 πρόσκαιρον,
1602 4189 1739 4242 ἀλλά
1775 4189 1876 4260 τὴν

301 4279 585 4351 βασιλείαν
608 4279 912 4347 αύτοῦ,καὶ
957 4283 1057 4352 τὴν
1102 4278 1452 4350 δικαιοσύνην
1493 4280 1593 4350 τὴν
1633 4277 1873 4336 αἰώνιον.

299 4377 456 4450 Πλὴν
491 4379 574 4432 ὅτι
625 4379 938 4432 τετύπωται
969 4377 1078 4431 ὑπὸ
1113 4377 1220 4432 τῶν
1251 4377 1525 4448 πατέρων,
1581 4375 1800 4447 πρῶτον
1841 4377 1876 4446 ἡ

1970 3177 2040 3232 lia
2074 3175 2128 3230 in
2156 3174 2414 3232 omnibus
2461 3172 2798 3229 consecteris
2825 3171 3061 3238 ellicere,
3092 3183 3355 3242 utparato
3383 3171 3548 3227 corde

1969 3269 2220 3340 corporis
2287 3268 2492 3322 exitum
2555 3265 2891 3337 praestolere.
2948 3263 3206 3336 Jejunare
3263 3274 3443 3319 autem
3493 3273 3550 3318 et

1971 3362 2184 3418 labores
2214 3359 2322 3430 pati
2347 3400 2362 3425 ,
2406 3373 2530 3414 cum
2554 3358 2809 3412 morboso
2835 3355 2910 3410 sis
2933 3370 3180 3425 corpore,
3209 3371 3317 3409 non
3345 3363 3498 3426 potes
3531 3371 3546 3408 :

1969 3463 2026 3508 et
2052 3454 2155 3508 hoc
2196 3453 2375 3522 ipsum
2408 3466 2564 3520 aequo
2593 3449 2674 3504 fer
2706 3446 2921 3513 animo,
2965 3462 3084 3517 qum
3130 3456 3286 3518 potes
3313 3447 3551 3502 offerens

1972 3547 2220 3609 Domino,
2241 3543 2607 3614 supplensque
2630 3539 2951 3595 humilitatis
2971 3539 3302 3594 abundantia
3331 3539 3381 3594 id
3405 3540 3552 3610 quod

1971 3639 2126 3695 deest
2173 3633 2573 3692 exercitationi.
2618 3631 2788 3688 Orare
2860 3647 3028 3702 porro
3096 3631 3552 3701 quemadmodum
3657 3697 3664 3702 ι

1973 3731 2193 3798 debeas,
2235 3727 2416 3784 doceri
2451 3725 2684 3796 expetis.
2718 3724 2832 3780 Hoc
2858 3738 3077 3794 quoque
3125 3722 3386 3778 Dominus
3437 3723 3554 3793 ipse

1972 3825 2192 3881 edocuit
2225 3837 2322 3892 per
2347 3819 2766 3882 invocationem,
2805 3815 2971 3870 Pater
3002 3824 3175 3869 noster
3196 3815 3242 3847 "
3267 3831 3284 3881 ;
3310 3824 3365 3871 et
3389 3813 3556 3870 cadu-

1973 3931 2097 3972 cum
2126 3913 2262 3969 nihil
2293 3910 2588 3982 petendum
2636 3907 2959 3969 admonens,
2999 3906 3092 3960 sed
3126 3921 3353 3976 regnum
3386 3905 3556 3976 ipsius

1975 4015 2032 4064 et
2055 4004 2324 4077 iustitiam
2353 3999 2766 4070 sempiternam.
2793 3997 3161 4066 Praeterquam
3211 3996 3353 4066 quod
3384 4011 3414 4050 a
3450 3994 3555 4050 Pa-

1975 4099 2154 4154 tribus
2182 4093 2499 4168 praescripta
2522 4099 2606 4145 est
2644 4089 2883 4160 primum
2925 4087 3220 4159 gratiarum
3262 4089 3405 4142 actio
3430 4101 3557 4160 erga

1979 4189 2146 4246 Deum
2183 4184 2421 4254 ;deinde
2457 4189 2806 4253 peccatorum
2829 4178 2974 4250 apud
3012 4177 3190 4248 ipsum
3235 4177 3509 4234 confessio
3538 4194 3554 4244 ;

1975 4286 2157 4336 actum
2173 4276 2391 4332 demum
2408 4270 2720 4342 postulatio,
2735 4277 2848 4324 tum
2862 4268 2928 4324 ad
2945 4283 3133 4324 eorum
3153 4267 3553 4334 remissionem,

1977 4382 2092 4428 tum
2110 4369 2178 4426 ad
2209 4373 2526 4424 exterarum
2554 4362 2869 4420 salutarium
2890 4377 3076 4418 rerum
3099 4361 3554 4432 impetrationem.

300 4471 586 4536 51;.Oebv
623 4471 942 4542 εὐχαριστία
995 4485 1010 4500 ·
1059 4469 1252 4524 ἔπειτα
1293 4472 1327 4540 ἠ
1370 4468 1482 4523 τῶν
1535 4469 1950 4540 ἁμαρτημάτων
1987 4466 2127 4536 πρὸς
2175 4461 2355 4552 αὑτὸν
2399 4459 2784 4532 ἐξαγόρευσις·
2841 4455 2937 4552 καὶ
2971 4453 3114 4508 οὕτω
3141 4455 3176 4526 ἠ
3210 4454 3428 4542 αἴτησις
3453 4456 3556 4526 τῆς

299 4563 486 4617 αὐτῶν
506 4563 774 4632 ἀφέσεως,
831 4561 927 4617 καὶ
976 4561 1077 4630 τῆς
1129 4561 1238 4614 τῶν
1280 4561 1454 4616 ἄλλων
1505 4559 1865 4632 σωτηριωδῶν
1895 4559 2114 4631 τρόπων
2139 4551 2487 4618 ἐπιτεύξεως.

377 4654 495 4707 Ἐπ’
525 4655 593 4708 ἂν
624 4650 717 4708 οὗν
760 4653 960 4724 μέλλῃς
993 4651 1414 4722 προσεύχεσθαι,
1455 4651 1770 4722 εὐχαρίστει
1799 4649 1871 4720 τῷ

2051 4647 2185 4702 Cum
2217 4643 2384 4715 igitur
2405 4649 2626 4697 oratura
2653 4653 2736 4704 es,
2765 4635 2966 4707 gratias
2999 4649 3097 4705 age
3132 4633 3383 4700 Domino,
3408 4634 3554 4704 quod

301 4745 501 4816 Κυρίῳ
526 4744 622 4797 καὶ
647 4741 916 4816 Δεσπόττι,
943 4746 1024 4798 ὅτι
1051 4745 1116 4798 ἐκ
1137 4741 1232 4796 τοῦ
1261 4742 1335 4812 μὴ
1359 4741 1513 4805 ὄντος
1543 4743 1623 4804 εἰς
1647 4739 1709 4793 τὺ
1739 4735 1880 4794 εἶναι

300 4834 601 4904 παρήγαγέ
634 4851 694 4886 σε
713 4849 726 4864 ·
763 4835 848 4888 ὅτι
867 4833 1212 4904 ἐλυτρώσατό
1242 4849 1302 4884 σε
1335 4833 1400 4886 ἐκ
1425 4830 1608 4901 πάσης
1635 4829 1876 4900 πλάνης·

299 4925 544 4986 καλέσας
571 4924 667 4978 καὶ
713 4925 955 4992 ἀξιώσας
984 4925 1082 4994 τῆς
1112 4922 1309 4976 ἑαυτοῦ
1337 4921 1688 4991 ἐπιγνώσεως
1723 4920 1882 4991 μέτο-

303 5029 406 5086 χον
435 5013 710 5082 γενέσθαι,
763 5013 971 5083 πλάνης
1019 5011 1266 5082 ἐθνικῆς,
1317 5011 1527 5081 πλάνης
1571 5009 1879 5082 αἱρετικῆς·

303 5100 430 5158 εἶτα
455 5106 535 5159 ὅτι
560 5105 654 5158 καὶ
681 5103 777 5158 τοῦ
801 5103 1089 5175 μοναδικοῦ
1131 5105 1226 5156 καὶ
1254 5101 1543 5170 ίσαγγέλου
1579 5100 1696 5171 βίου
1729 5100 1882 5163 ἐντός

307 5213 372 5250 σε
401 5194 816 5267 παρεσκεύασεν
868 5195 1106 5265 ὑπάρξαι
1142 5194 1282 5265 μετά
1309 5192 1408 5264 τὴν
1435 5191 1530 5246 τοῦ
1561 5190 1878 5246 κοινωνικοῦ

308 5287 433 5358 βίου
466 5287 765 5342 ἀπόλαυσιν
785 5303 798 5317 ·
821 5279 896 5342 ὧν
931 5287 966 5358 ἠ
988 5285 1168 5340 ἔννοια
1191 5286 1352 5356 ἱκανὴ
1376 5282 1763 5354 καταμαλάξαι
1780 5282 1880 5352 τὴν

304 5378 491 5448 ψυχὴν
515 5379 653 5450 πρὸς
677 5377 971 5444 κατά-θυξιν
1002 5379 1097 5433 καὶ
1117 5377 1370 5449 δακρύων
1398 5375 1728 5449 προσϐολήν.
1758 5374 1880 5444 Ἀφ’

306 5463 387 5526 ὧν
418 5472 698 5543 φωτισμὸς
715 5471 966 5543 καρδίας,
989 5472 1269 5542 γλυκύτης
1315 5469 1648 5540 πνεύματος,
1686 5467 1881 5521 ἐπιθυ-

313 5562 418 5632 μία
443 5561 602 5619 Θεοῦ.
635 5561 854 5634 Ταύτης
873 5563 1293 5634 ἐνυπαρχούσης
1332 5563 1400 5633 τῇ
1445 5559 1669 5631 καρδίᾳ,
1701 5558 1884 5628 πάσης

312 5653 517 5717 κακίας
545 5654 693 5708 ἐστὶν
721 5655 984 5727 ἀποϐολή.
1002 5655 1168 5710 Ὅταν
1183 5653 1357 5718 οὕτως
1382 5651 1731 5725 εὐχαριστίας
1752 5651 1886 5704 ἀναν

315 5741 542 5815 πέμψῃς
569 5743 648 5814 τῷ
678 5743 818 5817 Θεῷ,
847 5744 1141 5819 ἐξαγόρευε
1169 5743 1319 5815 αὐτῷ
1346 5742 1602 5813 λέγουσα·
1629 5741 1701 5795 Σὺ
1717 5737 1883 5807 οἶδας,

1976 4751 2044 4793 ex
2074 4734 2246 4790 nihilo
2291 4741 2351 4788 ut
2392 4745 2540 4786 esses
2569 4739 2620 4786 te
2663 4726 2919 4799 produxit
2954 4745 2967 4780 :
3005 4725 3150 4796 quod
3199 4725 3267 4780 ab
3299 4724 3448 4780 omni
3499 4733 3554 4780 te

1977 4841 2165 4885 errore
2232 4823 2506 4887 liberavit,
2561 4834 2764 4876 vocans
2818 4828 2871 4874 te
2920 4827 2977 4873 et
3034 4817 3116 4871 sui
3191 4815 3557 4886 cognitionem

1977 4917 2320 4989 impertiens,
2368 4914 2438 4969 ab
2468 4926 2655 4968 errore
2695 4909 2904 4982 gentili,
2942 4908 3011 4963 ab
3054 4921 3242 4963 errore
3276 4906 3556 4962 haeretica.

1983 5008 2188 5063 Deinde
2233 5003 2377 5076 quod
2425 5002 2494 5057 ad
2532 4999 2888 5056 monasticam
2934 4997 3306 5068 :equalemque
3349 4996 3559 5068 angelis

1982 5102 2147 5160 vitam
2201 5107 2273 5163 te,
2326 5104 2447 5166 post
2492 5090 2768 5148 saecularis
2816 5089 2939 5145 vitae
2987 5088 3232 5154 delicias,
3261 5086 3556 5144 revocavit.

1983 5192 2228 5260 Quorum
2253 5187 2510 5259 cogitatio
2539 5184 2652 5255 ipsa
2689 5183 2883 5237 idonea
2913 5190 2995 5236 est
3035 5188 3096 5235 ut
3119 5178 3358 5234 animam
3384 5177 3558 5233 emol-

1983 5286 2080 5342 liat
2117 5282 2186 5338 ad
2237 5277 2712 5348 compunctionem
2763 5275 3234 5344 lacrymarumque
3287 5267 3559 5340 profusio-

1983 5391 2149 5441 nem;
2185 5389 2251 5428 ex
2291 5371 2489 5442 quibus
2519 5367 2701 5425 cordis
2749 5366 3093 5430 illuminatio,
3129 5361 3366 5418 suavitas
3397 5357 3560 5428 spiri-

1983 5479 2092 5533 tus,
2157 5465 2248 5521 Dei
2301 5461 2652 5519 desiderium.
2717 5457 2890 5529 l~luius
2941 5457 2996 5511 in
3035 5454 3200 5510 corde
3245 5448 3556 5522 praesentia,

1987 5557 2230 5615 omnium
2261 5554 2516 5610 vitiorum
2541 5559 2626 5606 est
2646 5547 2967 5620 proﬁigatio.
3002 5545 3140 5600 Cum
3166 5543 3232 5597 ad
3265 5541 3412 5596 hunc
3437 5553 3557 5592 mo-

1986 5649 2119 5704 dum
2165 5644 2364 5718 gratias
2414 5642 2588 5714 egeris
2633 5641 2764 5704 Deo,
2798 5636 3061 5692 conﬁtere
3091 5633 3168 5688 illi
3199 5631 3426 5686 dicens:
3471 5625 3556 5683 Tu

1989 5736 2154 5802 nosti,
2201 5733 2450 5798 Domine,
2481 5746 2643 5803 quam
2671 5729 2842 5784 multa
2868 5727 2962 5796 tibi
2995 5723 3288 5796 peccarim,
3314 5728 3370 5778 et
3394 5735 3556 5791 quam
