4044 6366
597 277 734 346 1063

1764 294 1823 354 S.
1865 294 2258 356 THEODORI
2301 293 2656 355 STUDIT/E

3705 298 3834 362 1031

589 397 760 468 multa
792 406 1013 463 peccem
1041 392 1094 448 in
1141 394 1328 463 horas,
1371 397 1542 454 hocce
1569 409 1874 471 peccatum,
1907 414 1962 459 et
1995 405 2155 458 hocce

2264 402 2533 468 Δέσποτα,
2564 405 2665 458 ὅσα
2700 419 2784 457 σοι
2811 405 3061 476 ήμαρτον
3081 421 3094 435 ·
3122 407 3217 461 καὶ
3258 406 3358 460 ὅσα
3383 406 3695 479 ἁμαρτάνω
3721 411 3839 464 καθ’

586 487 897 554 delictum;
929 495 985 541 et
1015 502 1139 557 quae
1183 487 1294 544 scis
1333 491 1806 563 qumqueignoras
1834 496 2159 566 recogitans,

589 579 688 634 sed
718 579 809 634 illa
827 589 1030 635 temere
1063 595 1173 635 non
1199 581 1467 646 recolens,
1484 598 1604 652 quze
1631 599 1888 654 expressa
1909 588 2162 642 recorda-

602 683 751 727 tione
775 671 1013 726 animam
1041 672 1264 727 laedunt.
1290 671 1356 726 Et
1380 673 1508 726 hinc
1531 673 1628 728 tibi
1646 673 1966 732 humilitatis
1993 679 2163 748 gratia

585 763 867 818 exorietur
909 779 1033 820 cum
1077 764 1258 819 cordis
1290 764 1639 833 contritione,
1670 776 1928 839 metuque
1967 770 2163 826 divina:

587 853 866 910 vindictae.
917 853 1044 908 Post
1089 855 1206 909 haec
1234 853 1472 924 postula,
1502 855 1720 927 plange,
1749 873 1841 913 ora
1872 859 2163 915 Dominum

589 951 744 1000 tuum
772 959 871 1014 pro
892 943 1087 998 horum
1105 943 1447 1011 remissione,
1475 959 1575 1014 pro
1593 946 1811 1012 virium,
1828 957 1886 1003 ut
1909 949 1984 1002 illi
2010 949 2165 1003 dein-

587 1051 720 1106 ceps
749 1036 984 1106 placeas,
1015 1035 1466 1103 confirmatione;
1496 1036 1685 1092 dicens
1715 1055 1728 1092 :
1757 1039 1875 1093 Non
1907 1040 2162 1110 amplius,

586 1125 817 1181 Domine
843 1125 938 1190 mi,
964 1124 1213 1188 Domine.
1245 1125 1469 1181 irritabo
1497 1135 1550 1182 te
1571 1145 1586 1181 :
1605 1144 1716 1182 non
1747 1131 1982 1200 amplius
2002 1131 2164 1200 quid-

585 1231 749 1287 quam
780 1218 1101 1274 desiderabo
1122 1226 1322 1288 prtcter
1350 1227 1402 1274 te
1427 1220 1518 1289 qui
1548 1236 1676 1275 vere
1691 1236 1750 1276 es
1773 1223 2038 1277 amabilis.
2075 1223 2161 1289 Et,

586 1310 634 1364 si
677 1309 949 1364 offendam
1000 1326 1241 1372 rursum,
1271 1311 1500 1381 supplex
1553 1311 1622 1365 (io
1675 1313 1978 1369 visceribus
2029 1314 2160 1379 tuis,

589 1409 652 1454 ut
710 1399 845 1454 mihi
877 1400 1042 1454 robur
1075 1400 1254 1465 detur,
1303 1417 1413 1472 quo
1457 1403 1549 1457 tibi
1579 1403 1788 1472 placere
1825 1419 2162 1461 assuescam.

589 1487 648 1543 Si
676 1490 806 1560 quid
828 1491 976 1546 aliud
1005 1491 1190 1546 animo
1219 1491 1316 1546 tibi
1341 1501 1595 1548 occurret
1626 1493 1828 1548 bonum
1862 1494 2006 1563 quod
2031 1511 2162 1566 aga-

589 1591 700 1646 tur,
741 1583 990 1653 impense
1027 1585 1331 1652 postulans.
1365 1583 1462 1639 llis
1494 1583 1650 1651 actis,
1677 1585 1868 1641 invoca
1918 1597 2161 1642 sanctam

590 1676 895 1748 Deiparam,
934 1686 993 1732 ut
1041 1678 1119 1732 tui
1154 1677 1498 1745 misereatur,
1549 1688 1768 1734 sanctos
1814 1681 2054 1752 angelos,
2106 1690 2164 1738 et

582 1785 747 1840 quem
775 1771 898 1824 vita:
929 1779 1036 1825 tuae
1081 1771 1366 1824 custodem
1397 1771 1566 1826 babes
1593 1771 1866 1841 angelum,
1890 1781 1952 1826 ut
1980 1780 2034 1827 te
2058 1788 2160 1828 cu-

582 1861 782 1916 stodiat
797 1869 853 1915 et
875 1869 1151 1932 protegat:
1176 1860 1594 1927 Pmcursorem,
1622 1863 1918 1932 apostolos,
1940 1871 2160 1919 sanctos

583 1964 796 2016 omnes,
823 1958 879 2004 et
915 1964 1052 2020 quos
1095 1949 1369 2020 praecipue
1416 1950 1668 2007 invocare
1709 1953 2066 2019 consuevisti,
2103 1963 2161 2010 et

583 2039 734 2095 illum
767 2041 926 2110 cujus
975 2042 1235 2096 memoria
1265 2057 1334 2096 eo
1361 2043 1450 2098 die
1479 2043 1674 2114 agitur.
1701 2044 1828 2100 Haec
1844 2045 2007 2118 igitur
2031 2063 2158 2102 ora-

583 2135 749 2188 tionis
783 2132 893 2188 vim
927 2134 1129 2188 habere
1159 2134 1291 2188 mibi
1349 2135 1606 2191 videntur
1639 2153 1652 2202 ;
1712 2140 1926 2194 tametsi
1983 2155 2156 2195 unus-

579 2223 811 2293 quisque
853 2223 976 2278 aliis
1015 2223 1196 2280 verbis
1241 2233 1299 2280 et
1324 2241 1436 2280 non
1486 2226 1680 2282 iisdem
1726 2243 1956 2298 prorsus
1979 2239 2150 2289 oret:

2265 495 2504 564 ἑκάστην
2529 493 2678 563 ὥραν
2699 510 2714 526 ο
2746 493 2908 565 τήνδε
2942 495 3044 564 τὴν
3071 495 3374 566 ἁμαρτίαν,
3401 499 3498 552 καὶ
3537 498 3700 570 τήνδε
3745 503 3840 572 τὴν

2263 584 2648 655 πλημμέλειαν
2667 601 2682 616 ο
2715 584 2810 640 καὶ
2836 584 2906 638 τά
2930 586 2989 638 ἐν
3011 587 3214 654 γνώσει
3243 587 3342 642 καὶ
3363 589 3561 661 ἀγνοίᾳ
3589 591 3841 660 ἀναλογιο

2263 677 2487 749 ζομένη.
2525 679 2672 749 Πλὴν
2706 679 2782 751 μή
2831 680 3189 751 ἀνιστοροῦσα
3236 681 3312 746 ώς
3341 681 3506 753 ἔτυχε
3531 683 3601 736 τά
3634 682 3840 755 tnqu

2263 772 2329 824 ἐκ
2356 769 2458 838 τῆς
2483 769 2747 839 ἐναργοῦς
2775 770 3140 844 ὑπομνήσεως
3181 773 3520 843 ἐμποιοῦντα
3559 777 3631 846 τῇ
3669 775 3837 847 ψυχῇ.

2263 861 2578 916 Κάντεῦθεν
2627 861 2880 915 ἀνατελεί
2926 877 3011 916 σοι
3079 863 3586 936 ταπεινοφροσύνης
3656 867 3839 937 χάρις,

2267 952 2407 1023 μετά
2433 952 2776 1024 συντριμμοῦ
2801 953 3055 1026 καρδίας,
3091 953 3185 1008 καὶ
3205 955 3374 1023 φόϐου
3429 957 3840 1022 ἀνταποδόσεως

2263 1041 2420 1096 Θεοῦ.
2483 1041 2644 1096 Μετά
2689 1043 2850 1096 τοῦτο
2894 1043 3144 1114 αίτησον,
3179 1045 3458 1112 στέναξον,
3490 1046 3724 1118 δεήθητι
3751 1047 3840 1100 τοῦ

2263 1133 2470 1204 Κυρίου
2498 1149 2592 1185 σου
2623 1132 2725 1204 τήν
2748 1133 2954 1188 τούτων
2980 1133 3203 1203 ἄφεσιν,
3228 1135 3330 1204 τὴν
3371 1137 3510 1208 πρὸς
3557 1139 3620 1191 τὸ
3649 1137 3841 1208 μέλλον

2264 1225 2402 1295 πρὸς
2443 1224 2502 1277 τὸ
2534 1225 2850 1293 εὐαρεστεῖν
2901 1224 3052 1296 αὐτῷ
3099 1226 3513 1297 ἐνδυνάμωσινο
3561 1227 3836 1297 λέγουσαι

2263 1313 2482 1378 Οὐκέτι,
2507 1313 2682 1384 Κύριέ
2703 1331 2828 1384 μου,
2852 1313 3049 1384 Κύριε,
3079 1315 3399 1386 παροργίζω
3421 1314 3836 1392 [Ῑ.παροργίσω]

2264 1421 2346 1469 σε,
2373 1403 2557 1458 οὐκέτι
2589 1404 2803 1474 φιλήσω
2829 1404 2961 1459 ἄλλο
2992 1423 3048 1459 τι
3079 1405 3232 1477 παρά
3263 1406 3323 1460 σέ
3350 1409 3444 1460 τὸν
3483 1408 3655 1468 ὕντως
3701 1408 3840 1478 ἀγα-

2262 1492 2467 1562 πητόν’
2501 1493 2602 1547 κάν
2619 1510 2678 1547 τε
2710 1495 3245 1566 παροργίσωπὰλιν,
3277 1496 3702 1568 προσπίπτουσὰ
3724 1501 3841 1568 ειμι

2260 1587 2375 1648 τοῖς
2407 1587 2714 1656 οίκτιρμοῖς
2741 1603 2858 1650 σου,
2913 1587 3135 1656 δοθῆναί
3169 1605 3262 1659 μοι
3293 1590 3448 1659 ἰσχὺν
3491 1591 3553 1642 ἐν
3603 1589 3716 1656 ἕξει
3749 1607 3841 1658 γε-

2261 1677 2451 1731 νέσθαι
2487 1676 2580 1730 τοῦ
2607 1678 2928 1746 εὐαρεστεῖν
2957 1695 3063 1732 σοι.
3087 1679 3155 1732 Εί
3175 1697 3230 1732 τι
3258 1679 3388 1733 ἀλλο
3413 1679 3557 1733 κατά
3607 1680 3733 1734 νοῦδ
3751 1698 3837 1734 σοι

2263 1769 2595 1840 παρίσταται
2617 1769 2917 1840 ἀνυσθῆναι
2960 1769 3184 1838 ἀγαθὸν,
3243 1770 3467 1841 θερμῶς
3513 1770 3834 1842 αίτουμένη.

2259 1861 2370 1914 Καὶ
2399 1861 2537 1932 μετά
2560 1861 2732 1914 ταῦτα
2748 1860 3010 1914 ἐπικαλοῦ
3025 1862 3126 1929 τὴν
3143 1861 3304 1930 ἁγίαν
3323 1861 3588 1915 Θεοτόκον
3617 1862 3836 1933 ἐλεῆσαί

2261 1967 2320 2005 σε
2345 1967 2359 1982 ⁸
2383 1952 2511 2014 τοὺς
2534 1951 2724 2019 ἁγίους
2743 1951 3034 2020 ἀγγέλους,
3067 1953 3163 2006 καὶ
3187 1953 3246 2007 ὃν
3273 1953 3416 2023 ἔχεις
3437 1955 3540 2024 τῆς
3569 1953 3716 2025 ζωῆς
3743 1972 3835 2009 σου

2258 2042 2477 2112 φύλακα
2527 2042 2796 2110 ἀγγελονο
2841 2041 2928 2094 ἵνα
2973 2059 3034 2094 σε
3066 2046 3278 2115 φρουρῇ
3329 2044 3425 2096 καὶ
3479 2045 3695 2116 σκέπῃ·
3745 2044 3835 2098 τδν

2256 2134 2595 2204 Πρόδρομον,
2621 2132 2750 2195 τοὺς
2782 2133 3138 2196 ἀποστόλους,
3194 2134 3322 2198 τοὺς
3364 2134 3555 2203 ἁγίους
3600 2138 3832 2200 πάντας,

2256 2224 2362 2279 καὶ
2382 2223 2476 2288 οὓς
2503 2224 2646 2294 ἔχεις
2678 2221 2975 2294 ἐξαιρέτως
2999 2223 3248 2295 συνήθως
3300 2225 3709 2294 ἐπικαλεῖσθαι,
3735 2228 3833 2280 καὶ

577 2315 1018 2385 quandoquidem
1065 2331 1170 2372 nec
1217 2317 1335 2387 ipse
1377 2317 1468 2388 qui
1516 2328 1656 2385 orat,
1695 2321 1887 2376 eadem
1936 2337 2154 2392 semper

2256 2315 2345 2370 τὸν
2366 2314 2506 2369 κατά
2551 2313 2649 2386 τήν
2679 2314 2894 2386 ἡμέραν
2945 2316 3442 2386 μνημονευόμενον.
3499 2317 3688 2372 Ταῦτα
3743 2315 3834 2373 οῦν

579 2405 821 2475 loquitur
853 2424 868 2460 :
896 2407 981 2462 vis
1005 2415 1187 2461 autem
1218 2407 1404 2463 eadem
1435 2409 1740 2464 necessaria
1770 2419 1853 2466 est
1876 2413 2148 2481 omnibus,
2206 2420 2208 2422 '

580 2504 642 2550 ut
665 2496 938 2552 existimo.
972 2497 1102 2552 Vale
1124 2497 1325 2567 itaque,
1349 2508 1713 2569 congruenter
1737 2516 1917 2567 orans,
1944 2511 2000 2557 et
2024 2518 2150 2572 pro-

579 2585 771 2642 ﬁciens
815 2603 1224 2660 usquequaque,
1279 2598 1554 2659 totamque
1599 2599 1652 2646 te
1699 2607 1796 2662 per
1840 2602 2146 2649 accuratam

578 2678 746 2734 vitam
776 2679 1008 2734 Domino
1030 2680 1336 2750 placentem
1367 2681 1588 2736 exhibe.

2257 2426 2350 2481 μοι
2399 2409 2553 2462 δοκεῖ
2581 2406 2726 2478 ἐχειν
2757 2407 2857 2477 τῆς
2897 2408 3214 2479 προσευχῆς
3262 2409 3362 2479 τὴν
3403 2409 3676 2479 δύναμιν⁹
3731 2410 3834 2463 κᾶν

2255 2501 2490 2563 ἕκαστος
2515 2497 2696 2562 ἄλλοις
2724 2497 2905 2567 λόγοις
2949 2499 3045 2551 καὶ
3089 2498 3211 2571 οὐχὶ
3259 2502 3374 2563 τοῖς
3401 2499 3590 2564 αὐτοῖς
3618 2499 3834 2564 πάντως

2253 2589 2624 2664 προσεύχηται
2644 2605 2659 2620 ⁸
2687 2589 2770 2643 ὅτι
2801 2589 2941 2660 μηδέ
2994 2589 3157 2654 αὐτὸς
3198 2589 3377 2661 ἐαυτῷ
3404 2592 3434 2644 ό
3460 2591 3832 2663 προσευχόμε-

2253 2700 2345 2747 νος
2369 2681 2438 2736 τά
2465 2679 2606 2736 αὐτὰ
2637 2679 2934 2749 φθέγγεται
2957 2679 3190 2734 πάντοτε
3213 2698 3226 2711 ·
3241 2681 3277 2752 ή
3296 2679 3353 2734 δὲ
3374 2679 3608 2752 δύναμις
3631 2683 3667 2753 ή
3691 2682 3827 2750 αὐτὴ

573 2771 855 2840 ἀναγκαία
881 2764 1014 2826 πᾶσι
1039 2772 1348 2842 λελόγισται
1382 2791 1493 2843 μοι.
1525 2773 1864 2846 Φυλαχθείης
1893 2771 1987 2830 οῦν
2011 2776 2426 2850 προσευχομένη
2454 2773 2524 2828 τά
2589 2773 2799 2836 δέοντα,
2859 2773 2957 2828 καὶ
3005 2771 3358 2844 βελτιουμένη
3380 2775 3666 2842 ἐκάστοτε,
3725 2779 3820 2832 καὶ

577 2865 712 2937 ὃλην
737 2865 937 2937 ἑαυτὴν
973 2868 1296 2938 παριστῶσα
1341 2865 1430 2920 διὰ
1457 2869 1557 2940 τῆς
1589 2869 1854 2940 ἀκριϐοῦς
1910 2869 2154 2940 βιώσεως
2189 2871 2533 2944 ἀρέσκουσαν
2562 2865 2642 2938 τῷ
2673 2865 2883 2937 Κυρίῳ.

729 3023 912 3082 XLlll.
944 3056 1012 3067 —
1031 3022 1258 3094 Josepho
1288 3024 1447 3094 fratri
1479 3031 1530 3080 et
1560 3025 1974 3096 archiepiscopo.

2255 3023 2376 3079 ΜΓ.
2399 3049 2470 3062 --
2501 3017 2724 3088 Ἰωσὴφ
2753 3017 2994 3088 ἀδελφῷ
3015 3020 3113 3075 καί
3141 3020 3611 3092 ἁρχιεπισκόπῳ.
3633 3015 3821 3094 [ρλα¹.]

1313 3137 1444 3187 Sede
1467 3135 1902 3188 Thessalonicensi
1921 3142 2182 3188 extrusum
2203 3133 2408 3186 solatur.
2447 3132 2646 3196 (Baron.
2675 3145 2757 3182 an.
2791 3130 2904 3192 809,
2928 3145 2982 3180 n.
3004 3131 3110 3194 47.)

648 3244 718 3298 Ει
749 3242 897 3314 prior
924 3239 1152 3311 epistola
1205 3239 1460 3293 fraterna:
1491 3253 1555 3292 ac
1581 3248 1823 3308 paternae
1853 3247 1959 3294 tua;
1992 3253 2148 3293 sanc-

2321 3233 2434 3288 Καὶ
2469 3235 2504 3305 ή
2539 3231 2732 3306 πρώτη
2760 3232 3017 3303 ἐπιστολὴ
3051 3233 3150 3304 τῆς
3172 3232 3470 3304 ἀδελφικῆς
3502 3235 3602 3289 καὶ
3637 3253 3830 3308 πατρι-

578 3335 768 3410 titatis,
801 3331 1030 3399 tametsi
1074 3329 1254 3383 brevis
1285 3342 1538 3400 _numero
1595 3328 1957 3398 syllabarum:
1985 3329 2155 3385 abun-

2262 3326 2366 3397 κῆς
2404 3341 2499 3380 σου
2531 3323 2866 3395 ἁγιωσύνης,
2899 3325 2947 3377 εί
2977 3326 3072 3378 καὶ
3095 3324 3268 3396 μικρά
3288 3321 3357 3397 ἦν
3388 3324 3468 3396 τῷ
3498 3326 3694 3398 πλήθει
3719 3327 3828 3380 τῶν

577 3427 742 3482 dabat
771 3437 948 3480 tamen
995 3421 1265 3494 allegorici
1297 3435 1492 3476 sensus
1528 3422 1722 3491 copia;
1759 3431 1813 3477 et
1846 3422 2116 3491 posterior
2137 3461 2152 3486 ,

2261 3416 2559 3482 συλλαϐῶν,
2596 3415 2712 3470 ἀλλ’
2749 3411 2846 3469 οῦν
2897 3431 2962 3484 γε
3020 3416 3329 3486 ἀπήρτιστο
3382 3417 3463 3488 τῷ
3507 3418 3704 3473 πλάτει
3730 3419 3826 3488 τῆς

576 3516 727 3573 omni
785 3515 1010 3570 scientia
1059 3524 1223 3584 atque
1275 3510 1621 3578 humilitate,
1672 3511 1893 3566 unicum
1951 3512 2155 3567 habens

2259 3507 2633 3580 ἀλληγορικῆς
2664 3506 2924 3571 διανοίας.
2960 3506 3070 3560 Καὶ
3102 3508 3136 3578 ή
3170 3507 3435 3580 δευτέρα,
3460 3511 3645 3581 πὰσης
3687 3509 3827 3578 γνιῖι-

575 3605 1117 3676 reprebendendum,
1169 3616 1321 3658 meas
1357 3600 1592 3656 infelicis
1645 3601 1895 3673 indignas
1946 3601 2155 3658 laudes.

577 3696 692 3768 Ego
722 3713 851 3752 vero
915 3711 1024 3750 non
1072 3709 1184 3764 per
1225 3692 1602 3764 antiphrasim,
1671 3692 1834 3759 absit,
1890 3693 1986 3749 sed
2029 3710 2156 3750 vere

579 3797 811 3854 prorsus
851 3781 937 3836 bis
992 3781 1329 3850 temporibus
1382 3781 1587 3835 nostris
1619 3780 1672 3835 in
1714 3782 2154 3854 archiepiscopali

573 3873 834 3946 dignitate
849 3872 1065 3928 elucere
1090 3881 1142 3927 te
1163 3911 1180 3938 ,
1212 3879 1523 3926 sanctorum
1555 3869 1771 3928 Patrum
1803 3873 1994 3941 instar,
2019 3875 2154 3930 dixi.

575 3963 686 4018 Nec
710 3964 980 4029 aberrem,
1019 3961 1065 4017 si
1098 3962 1402 4018 columnam
1429 3970 1484 4017 et
1509 3961 1924 4019 fundamentum
1967 3967 2154 4022 Eccle-

577 4054 675 4111 sia:
739 4063 791 4109 te
823 4067 1036 4117 vocem,
1096 4051 1168 4106 mi
1225 4050 1394 4106 frater
1433 4051 1666 4123 egregie.
1717 4051 1974 4124 Quisquis
2005 4056 2154 4112 enim

573 4162 678 4218 pro
699 4147 932 4202 veritate
981 4147 1226 4202 decertat
1265 4156 1318 4202 et
1366 4145 1594 4218 patitur,
1637 4145 1886 4200 columen
1917 4149 2036 4219 ejus
2072 4156 2154 4203 est

574 4253 638 4290 ac
670 4235 965 4307 fastigium.
993 4235 1140 4293 Belle
1161 4249 1342 4295 autem
1365 4239 1738 4309 accidit,quod
1767 4240 2154 4309 quaterniones

575 4326 881 4396 inspexisti.
905 4324 1261 4383 Occasionem
1291 4329 1436 4384 enim
1470 4331 1700 4401 praebuit
1727 4331 1881 4387 nobis
1908 4346 2152 4387 commo-

579 4419 738 4486 nitio,
775 4435 874 4476 seu
948 4421 1132 4490 potius
1155 4422 1330 4492 jussio
1363 4433 1473 4490 tua,
1528 4433 1588 4478 ut
1637 4425 1864 4495 hujusce
1900 4423 2153 4495 proposi-

578 4511 743 4566 tionis
793 4510 1171 4567 refutationem
1203 4513 1556 4584 aggrederer,
1607 4529 1771 4585 quam
1805 4528 1930 4569 cum
1983 4513 2104 4568 aliis
2131 4555 2148 4578 ,

2259 3614 2399 3661 σεως
2461 3596 2555 3650 καὶ
2600 3595 3005 3658 ταπεινώσεως,
3031 3593 3091 3647 ἓν
3129 3593 3329 3666 ἔχουσα
3389 3595 3552 3664 μόνον
3606 3596 3824 3666 ψεκτὸν.

2256 3687 2384 3750 τοὺς
2447 3691 2578 3756 περὶ
2638 3685 2738 3754 ἐμὲ
2805 3683 2899 3738 τὸν
2958 3684 3192 3739 δείλαιον
3255 3684 3491 3751 ἀναξίως
3550 3687 3819 3752 ἐπαίνους.

2270 3776 2414 3847 Ἐγὼ
2441 3777 2498 3831 δὲ
2526 3778 2586 3830 οὐ
2621 3776 2744 3830 κατ’
2772 3776 3120 3847 ἀντίφρασιν,
3155 3775 3230 3848 μή
3255 3776 3486 3846 γένοιτο.
3534 3778 3679 3832 Ἀλλ’
3700 3779 3825 3849 ἀλη-

2256 3868 2398 3941 θείᾳ,
2434 3867 2714 3940 ἐκλάμψαι
2737 3885 2794 3922 σε
2824 3869 2882 3922 ἐν
2911 3871 2977 3940 τῇ
2997 3868 3124 3922 καθ’
3149 3870 3299 3940 ήμᾶς
3325 3871 3512 3942 γενεᾷ,
3539 3872 3600 3925 ἐν
3625 3870 3703 3942 τῷ
3729 3871 3826 3939 τῆς

2255 3959 2667 4031 ἀρχιερωσύνης
2705 3958 2973 4030 ἀξιώματι
2996 3998 3012 4023 ,
3055 3959 3188 4015 καθ’
3223 3960 3486 4031 ὁμοίωσιν
3515 3961 3631 4016 τῶν
3659 3962 3824 4030 ἀγίων

2255 4052 2536 4122 Ιίατέρων,
2567 4051 2786 4122 εἴρηκα.
2813 4051 2925 4104 Καὶ
2977 4049 3077 4104 οὐκ
3127 4051 3194 4105 ἂν
3241 4051 3576 4122 ἁμάρτοιμι,
3637 4052 3822 4104 στύλον

2254 4142 2351 4196 καὶ
2379 4141 2662 4212 ἑδραίωμα
2687 4140 2971 4211 κεκληκώς
3004 4158 3065 4194 σε
3091 4142 3192 4212 τῆς
3233 4143 3566 4214 Ἐκκλησίας
3587 4187 3604 4210 ,
3640 4145 3820 4198 καλλι-

2256 4233 2350 4286 στέ
2405 4250 2506 4301 μου
2551 4233 2771 4302 ἀδελφέ.
2802 4233 2916 4296 Πᾶς
2945 4235 3054 4304 γὰρ
3091 4233 3120 4286 ό
3151 4233 3294 4306 ὑπὲρ
3321 4235 3584 4305 ἀληθείας
3611 4236 3820 4290 ἐνιστά-

2257 4341 2415 4393 μενος
2467 4324 2564 4378 καὶ
2616 4323 2902 4378 πανθάνων
2923 4361 2940 4387 ,
2981 4322 3215 4395 ἔρεισμα
3265 4325 3358 4378 καὶ
3396 4323 3600 4396 ὕψωμα
3654 4325 3819 4394 αὐτῆς

2251 4417 2536 4488 τυγχάνει.
2573 4411 2650 4472 Εὖ
2697 4416 2754 4469 δὲ
2789 4415 3033 4484 γέγονεν,
3061 4416 3145 4470 ὅτι
3167 4416 3461 4487 ἐπεσκέψω
3491 4418 3592 4481 τὰς
3627 4417 3819 4488 τετρα-

2251 4512 2368 4575 δας.
2413 4511 2656 4581 ’Υπῆρξε
2686 4512 2795 4582 γὰρ
2835 4511 2966 4581 ἡμῖν
3061 4511 3370 4582 ὑπόμνησις
3417 4509 3622 4580 μᾶλλον
3648 4509 3704 4562 δὲ
3728 4508 3816 4560 κέ-

579 4601 798 4657 bortatu
847 4599 1022 4658 Patris
1047 4602 1260 4669 nostri,
1293 4604 1350 4657 in
1381 4604 1650 4673 praedictis
1704 4600 2150 4674 quate‘rnionibus

2256 4601 2430 4666 λευσίς
2458 4619 2574 4669 σου,
2600 4600 2919 4664 ἐπιστασίας
2966 4603 3062 4655 καὶ
3097 4599 3392 4664 διαλύσεως
3438 4601 3538 4669 τῆς
3572 4599 3816 4670 τοιαύτης

580 4692 698 4747 :nisi
733 4693 1003 4747 sanctitati
1032 4702 1138 4748 tuae
1164 4708 1182 4756 ;
1211 4693 1414 4748 nullam
1445 4709 1619 4749 meam
1645 4693 1918 4764 propriam
1947 4693 2000 4748 in
2029 4702 2144 4749 toto

2256 4694 2563 4765 προτάσεως
2592 4692 2816 4762 ἀφορμὴ
2862 4692 2930 4762 ἥν
2965 4691 3086 4762 μεθ’
3113 4692 3320 4762 ἐτέρων
3376 4689 3813 4763 ὑποϐληθέντων,

583 4795 742 4851 opere
797 4783 1124 4838 sententiam
1164 4783 1443 4850 intexens;
1495 4785 1751 4854 quoniam
1780 4799 1883 4840 nec
1914 4785 2030 4856 lege
2053 4785 2144 4854 ju-

577 4874 738 4936 stius,
794 4889 898 4930 nec
945 4890 1155 4930 canone
1184 4875 1386 4930 rectius
1415 4875 1708 4946 quidquam
1739 4891 1864 4932 esse
1924 4883 2142 4947 potest:

504 4949 506 4954 ’
581 4963 677 5019 sed
713 4964 1017 5020 divinorum
1045 4967 1421 5022 tantummodo
1448 4965 1690 5034 Patrum,
1747 4967 1997 5038 quamvis
2023 4968 2146 5023 ine-

577 5064 690 5125 pte,
707 5055 1032 5112 documenta
1065 5065 1122 5112 et
1147 5069 1416 5128 praecepta
1442 5058 1726 5128 proferens
1751 5069 1916 5130 atque
1943 5075 2146 5115 conne-

578 5153 751 5211 ctens,
783 5148 1222 5216 proutoppositae
1252 5147 1636 5219 propositionis
1657 5150 1794 5204 ratio
1815 5150 2144 5220 postulabat.

575 5236 652 5290 Ac
711 5235 817 5291 nisi
879 5235 1170 5293 lectionem
1217 5240 1417 5296 laboris
1446 5251 1597 5297 metu
1647 5242 1901 5313 refugias,
1937 5243 2063 5307 erit,
2087 5241 2142 5294 ni

575 5327 749 5404 fallor,
791 5342 973 5398 operae
1001 5329 1260 5400 pretium.
1291 5332 1445 5399 Quod
1473 5342 1655 5388 autem
1685 5348 1787 5402 pax
1821 5333 2024 5401 Optima
2071 5333 2142 5386 sit

573 5421 849 5477 communi
879 5435 1181 5487 consensu;
1218 5438 1342 5479 amo
1369 5426 1514 5478 enim
1544 5425 1688 5478 illam
1751 5425 1964 5480 tametsi
2013 5439 2143 5494 pec-

577 5519 730 5566 cator
750 5526 900 5579 sum;
933 5516 1151 5584 etquod
1175 5515 1228 5570 in
1262 5530 1380 5570 eam
1408 5516 1736 5570 ﬂectendum
1771 5516 1877 5582 sit,
1911 5514 2142 5570 fecimus

575 5601 628 5656 id
680 5601 784 5673 ipsi
817 5613 1088 5674 quatenus
1119 5605 1337 5673 licebat,
1391 5621 1638 5679 magnam
1697 5607 1878 5663 oneris
1933 5615 2140 5676 partem

575 5695 936 5761 excutientes,
1013 5698 1169 5768 juxta
1233 5698 1478 5754 divinum
1561 5696 1818 5772 Cyrillum
1865 5718 1878 5754 :
1940 5699 2140 5770 partim

2241 4786 2309 4840 δι’
2343 4786 2704 4856 ὑπομνήσεως
2730 4783 2823 4838 τοῦ
2853 4786 3066 4856 Πατρὸς
3093 4785 3277 4856 ήμῶν,
3311 4787 3372 4838 ἐν
3401 4787 3528 4850 ταῖς
3573 4800 3815 4856 προγρα-

2243 4877 2459 4945 φείσαις
2486 4876 2744 4945 τετράσιν
2769 4874 3070 4929 ἀπέστειλα
3097 4878 3165 4947 τῇ
3200 4873 3452 4947 ἀγιότητί
3480 4892 3578 4930 σου
3602 4892 3618 4908 ·
3652 4875 3814 4947 μηδὲν

2242 4968 2300 5036 ἐξ
2330 4966 2524 5020 ἑαυτοῦ
2555 4969 2610 5020 ἐν
2639 4966 2745 5036 ὅλῳ
2777 4967 2856 5037 τῷ
2885 4967 3226 5038 συντάγματι
3271 4967 3532 5039 φρόνημα
3563 4969 3808 5021 eleuata-

2251 5057 2450 5126 μικώςο
2487 5057 2568 5110 ὅτι
2595 5058 2730 5128 μηδὲ
2763 5057 2919 5129 θέμις
2949 5057 3044 5112 τοῦ
3069 5059 3236 5130 νόμου
3263 5059 3659 5132 νομιμώτερον,
3682 5058 3812 5130 μηδὲ

2247 5147 2342 5201 τοῦ
2373 5147 2598 5211 κανόνος
2629 5148 2916 5220 εὐθύτερον
2946 5149 3192 5218 γίνεσθαι
3219 5167 3232 5180 ·
3263 5151 3296 5221 ἢ
3325 5152 3488 5220 μόνον
3507 5153 3570 5206 τὸ
3603 5153 3813 5220 ὑφεῖναι

2251 5240 2344 5294 καὶ
2403 5239 2637 5309 συνάψαι
2668 5241 2740 5293 τὰ
2770 5241 2879 5294 τῶν
2917 5240 3076 5296 θείων
3112 5241 3394 5314 Πατέρων,
3418 5244 3525 5298 κᾶν
3563 5244 3804 5316 ἀμαθῶς,

2245 5331 2396 5400 διδάγ
2411 5331 2560 5402 ματά
2595 5349 2654 5386 τε
2702 5332 2796 5386 καὶ
2841 5334 3306 5405 παραγγέλματα,
3335 5337 3418 5400 εἰς
3445 5336 3586 5408 ὅπερ
3611 5339 3642 5404 ή
3673 5337 3808 5407 πρό-

2244 5439 2397 5486 τασις
2432 5423 2658 5477 ἐκκαλεῖ
2687 5423 2786 5492 τῆς
2815 5424 3160 5490 ἀντιθέσεως.
3193 5428 3306 5481 Καὶ
3339 5429 3389 5482 εί
3428 5430 3506 5500 μὴ
3547 5427 3812 5499 παραιτή-

2250 5531 2397 5567 σοιτο
2443 5514 2532 5568 διὰ
2564 5515 2733 5568 κόπον
2771 5515 3107 5585 ἀναγνῶναι,
3142 5515 3239 5572 οἷδ’
3269 5523 3352 5574 ὅτι
3389 5520 3807 5590 λυσιτελήσειεν.

2250 5605 2372 5658 Ὅτι
2403 5603 2460 5657 δέ
2511 5605 2544 5675 ἡ
2593 5605 2786 5676 εἰρήνη
2835 5605 2973 5678 καλή
3023 5607 3474 5680 ὁμολογουμένως
3497 5626 3513 5641 ο
3544 5608 3674 5679 φιλῶ
3698 5609 3811 5676 γάρ

2249 5694 2438 5767 αὐτὴν,
2472 5693 2574 5750 κᾶν
2630 5695 2952 5770 ἁμαρτωλός
2999 5697 3152 5768 εἰμι·
3185 5699 3280 5753 καὶ
3335 5699 3422 5754 ὅτι
3467 5701 3598 5771 πρὸς
3637 5697 3810 5770 αὐτὴν
