4044 6366
239 297 260 360 1
271 301 378 365 085

1477 321 2016 385 EPISTOLARUM
2055 325 2206 388 LIB.
2238 326 2286 387 Ι.

3379 340 3518 406 1066

235 415 563 518 ἀποκλιτέον
615 437 630 452 ·
674 423 780 490 ἕως
843 426 976 499 ἐξῆν
1032 431 1441 504 πεπράχαμεν·
1495 435 1667 488 πολλά
1727 434 1823 488 τοῦ

1936 438 2150 507 quidem
2181 439 2404 510 quando
2440 441 2673 511 primum
2714 443 2966 500 adulterii
3004 449 3376 518 ropulatorem
3416 458 3515 513 ab.

234 509 436 581 φόρτου
463 513 1010 589 ἀποσκευασάμενοι,
1037 525 1180 580 κατὰ
1205 526 1302 580 τὸν
1334 525 1480 580 θεῖον
1510 525 1781 597 Κύριλλον
1801 542 1814 555 ·

232 600 326 654 τοῦ
363 601 468 670 μὲν
512 604 680 676 ἡνίκα
729 609 794 663 τὸ
825 611 1094 689 πρότερον
1119 615 1332 686 ήθὼουν
1365 617 1460 671 τὸν
1493 603 1819 687 μοιχοζεύκ-

231 709 356 766 την,
381 697 651 766 παρόντος
674 717 776 771 μου
799 703 936 771 ἐκεῖ,
962 707 1051 770 καὶ
1083 707 1227 764 καθὰ
1247 708 1820 779 συνεύουλευσάμεθα,

233 785 729 872 αποσιωπήσαντες
748 809 764 825 ·
805 795 839 866 ὴ
871 796 929 850 δὲ
978 799 1158 870 σιωπὴ
1194 800 1364 872 μέρος
1389 801 1780 869 συγκαθέσεως
1803 818 1819 834 ·

229 869 301 948 ἧς
352 879 447 934 καὶ
497 881 830 956 δραξάμενοι
857 889 906 942 oi
953 887 1014 955 te
1049 869 1325 956 ἐναντίας.
1352 891 1429 956 ὡς
1474 887 1654 958 οἶσθα,
1683 894 1821 961 ἀπο-

237 969 438 1024 κλείειν
481 972 632 1046 ήμᾶς
687 978 990 1050 ἐπειρῶντο
1025 983 1126 1052 τῆς
1183 983 1496 1046 ὲνστάσεως
1521 999 1534 1014 ·
1568 984 1728 1038 τοῦτο
1755 986 1814 1040 δὲ

237 1061 465 1118 ἐπειδὰν
509 1065 792 1136 ἐκροτεῖτο
834 1071 867 1140 ἡ
905 1071 1137 1142 δευτέρα
1185 1072 1438 1138 sorsum;
1469 1073 1637 1129 αύτοῦ
1667 1075 1826 1147 παρὰ

237 1151 347 1205 τῶν
405 1157 768 1224 πατησαντων
807 1159 938 1224 τοὺς
998 1162 1202 1232 νόμους
1227 1163 1322 1217 τοῦ
1351 1163 1513 1230 Θεοῦ,
1554 1165 1826 1234 λεγόντων

238 1241 432 1310 ἡμῶν·
473 1244 557 1299 ὅτι
619 1249 802 1319 στήτω
854 1250 1014 1320 μόνον
1047 1253 1144 1323 τῆς
1191 1255 1505 1325 ἱερουργίας
1535 1257 1828 1312 ἀπολαύων

237 1333 342 1406 τῆς
397 1340 587 1407 τιμῆς,
620 1341 765 1394 κατὰ
794 1341 886 1396 τὸν
918 1344 1125 1399 κανόνα
1161 1347 1257 1400 τοῦ
1300 1348 1458 1416 ἁγίου
1493 1349 1776 1404 Βασιλείου
1809 1367 1824 1381 ·

238 1428 345 1500 ἥδη
405 1431 993 1506 συλλειτουργήσαντος
1049 1438 1214 1496 αὐτοῦ
1261 1443 1318 1496 ὲν
1355 1444 1469 1504 τοῖς
1499 1441 1650 1496 δυσὶν
1683 1443 1828 1498 έτεσι

237 1517 319 1588 τῷ
350 1521 665 1598 πατριάρχῃ
691 1538 706 1552 ·
741 1522 771 1577 δ
798 1519 868 1596 ἦν
901 1525 1155 1596 φοϐερὸν,
1192 1529 1288 1584 καὶ
1319 1530 1462 1602 ὑπὲρ
1489 1533 1826 1603 οίκονομίανε

251 1607 359 1664 Ἐῶ
415 1610 596 1681 λέγειν
647 1612 750 1679 τὰς
824 1614 1296 1688 ψευδοπροφάσεις
1344 1621 1445 1692 τῆς
1495 1623 1592 1676 ἀπ’
1653 1623 1822 1678 αὑτοῦ

239 1701 464 1774 φυγῆς.
493 1705 590 1760 καὶ
639 1706 723 1771 τὸ.
755 1706 832 1772 ὡς
871 1708 1024 1780 παρὰ
1053 1711 1429 1783 πρεσϐυτέρου
1459 1713 1560 1778 τὰς
1597 1714 1830 1785 εὐλογή-

1923 527 2230 585 solvebaat.
2261 543 2390 582 cum
2433 529 2510 584 ibi
2535 545 2738 595 essem,
2774 540 2832 587 et
2860 541 3011 588 certo
3039 536 3271 591 consilio
3313 547 3520 598 tacere-

1923 632 2083 684 mus;
2139 618 2420 674 silentium
2463 629 2645 676 autem
2685 636 2810 692 pars
2847 631 2930 678 est
2967 637 3272 681 consensus
3313 645 3327 682 :
3374 637 3521 700 quod

1924 709 2250 780 arripientes
2277 727 2494 782 quoque
2535 713 2868 780 adversarii,
2923 725 2988 770 ut
3037 717 3202 785 nosti,
3254 719 3520 778 interclu-

1921 801 2056 856 dere
2080 802 2242 858 nobis
2275 803 2683 861 dimicationem
2709 806 2892 861 conati
2925 813 3086 862 sunt:
3115 811 3314 879 partim
3353 814 3518 869 etiam

1919 910 2036 964 quo
2093 905 2338 966 tempore
2399 897 2567 952 altera
2626 898 2749 968 eius
2795 899 3064 955 absolutio
3114 916 3144 954 a
3197 901 3374 974 legum
3421 906 3517 962 Dei

1925 985 2403 1042 conculcatoribus
2463 987 2867 1054 celebrabatur;
2938 987 3249 1047 dicentibus
3305 995 3515 1052 nobis:

1927 1075 2212 1136 Ahstineat
2239 1078 2660 1133 tantummodoa
2681 1079 2968 1143 sacrificio,
2994 1084 3207 1140 retenta
3225 1085 3514 1156 dignitate,

1925 1167 2078 1238 juxta
2107 1183 2374 1224 canonem
2405 1171 2581 1225 sancti
2623 1170 2809 1227 Basilii
2833 1174 2900 1230 ⁸⁸.
2947 1175 3087 1232 Cum
3157 1177 3247 1233 ille
3297 1178 3519 1233 biennio

1924 1258 2036 1328 jam
2087 1273 2196 1312 una
2228 1273 2351 1312 cum
2394 1260 2698 1330 patriarcha
2739 1262 3142 1334 ministrasset;
3177 1267 3326 1338 quod
3357 1277 3509 1322 certe

1927 1348 2273 1406 formidabile
2300 1361 2424 1406 erat
2447 1389 2463 1415 ,
2521 1360 2580 1407 et
2615 1369 2778 1424 supra
2811 1356 3303 1427 diSpensationem.
3366 1359 3518 1414 Mitto

1927 1442 2112 1498 dicere
2174 1442 2344 1499 falsos
2411 1453 2707 1514 praetentus
2743 1462 2846 1502 cur
2891 1465 3018 1504 eum
3071 1449 3425 1521 fugeremus,
3462 1459 3518 1504 et

1921 1532 2071 1601 quod
2099 1543 2357 1602 tanquam
2385 1535 2688 1606 presbyteri
2730 1539 3207 1596 benedictionibus
3237 1541 3292 1595 in
3321 1541 3515 1596 convi-

1905 1625 2034 1682 viis
2053 1625 2620 1693 communicaremus;
2676 1635 2735 1684 et
2768 1630 3089 1699 patriarchae
3117 1647 3514 1688 commemora-

1934 1717 2160 1772 tionem.
2221 1718 2478 1772 Attamen
2507 1720 2754 1789 quamvis
2806 1722 2944 1776 adeo
2973 1738 3080 1777 nos
3104 1738 3206 1793 per
3233 1723 3518 1794 dispensa-

243 1809 364 1858 σεις
409 1795 467 1848 ὲν
494 1799 614 1862 ταῖς
642 1798 922 1854 ἑστιάσεσι
965 1805 1268 1869 κοινωνεῖν,
1297 1805 1402 1877 τήν
1447 1823 1507 1859 τε
1547 1807 1829 1880 ἀναφορὰν

1936 1810 2140 1864 tionem
2193 1809 2632 1876 demitteremus,
2687 1812 2761 1867 illi
2824 1824 3019 1868 contra
3070 1814 3370 1884 pertinacia
3420 1829 3519 1870 sua

237 1885 335 1941 τοῦ
364 1887 730 1960 πατριάρχου.
776 1890 918 1945 Ἀλλ’
952 1892 1103 1963 ὅμως
1131 1893 1181 1950 εί
1208 1895 1302 1950 καὶ
1326 1897 1487 1968 ἡμεῖς
1510 1897 1578 1953 δι’
1612 1899 1827 1953 οἰκονο-

239 1977 376 2048 μίαν
415 1979 671 2034 τοσοῦτον
713 1983 1092 2056 κατηγόμεθα.
1127 1987 1355 2042 Ἐκεῖνοι
1393 1989 1711 2044 τούναντίον
1755 1995 1824 2064 τῇ

238 2072 573 2146 σκληρότητι
623 2077 1017 2149 συνεπαίροντο
1053 2080 1121 2150 τῇ
1190 2080 1439 2152 ἁμαρτίᾳ
1470 2096 1483 2112 ·
1516 2081 1613 2136 τοῦ
1682 2081 1819 2137 Θεοῦ

236 2165 488 2234 κρεῖττόν
520 2183 572 2224 τι
597 2167 1079 2240 προϐλεψαμένου,
1113 2171 1202 2228 ἵνα
1240 2171 1337 2226 καὶ
1365 2174 1530 2244 ἡμεῖς
1558 2175 1608 2230 οἱ
1637 2191 1829 2230 ταπει-

237 2256 321 2310 νοὶ
375 2256 456 2328 μὴ
501 2257 763 2328 ἀνόνητον
791 2259 892 2330 τὴν
923 2261 1150 2333 πρώτην
1187 2261 1406 2335 ὲξορίαν
1454 2266 1774 2339 ύποίσωμεν
1811 2285 1824 2300 ·

1937 1898 1990 1952 in
2022 1906 2248 1968 peccato
2269 1898 2679 1956 .ell‘erebantur:
2711 1902 2824 1957 Deo
2851 1903 3050 1958 melius
3071 1904 3334 1974 quiddam
3391 1920 3522 1975 pro-

1935 1990 2172 2054 vidente,
2210 2001 2269 2047 ut
2299 2005 2402 2046 nec
2435 2005 2534 2046 nos
2552 1992 2784 2048 humiles
2805 1996 2958 2064 prius
2978 1997 3232 2053 exsilium
3257 2006 3509 2053 nostrum

1933 2083 2096 2140 inane
2115 2083 2494 2147 redderemus,
2523 2099 2627 2139 nec
2675 2084 2960 2141 inductum
2989 2087 3044 2142 in
3071 2089 3261 2144 orbem
3289 2090 3510 2148 adulte-

1930 2173 2074 2232 rium
2104 2172 2270 2229 nimia
2301 2172 2532 2229 forsitan
2573 2189 2703 2246 erga
2723 2175 2850 2246 ejus
2883 2178 3265 2248 copulatorem
3289 2179 3518 2250 dispen-

1925 2266 2138 2324 satione
2169 2265 2536 2332 minueretur,

250 2348 391 2418 μηδὲ
423 2351 456 2419 ἡ
480 2347 820 2422 τολμηθεῖσα
861 2351 956 2404 ἐπὶ
1016 2353 1114 2407 τοῦ
1182 2355 1392 2426 κόσμου
1437 2357 1656 2428 μοιχεία
1692 2358 1770 2422 ὡς
1830 2358 1993 2429 ἔτυχε
2025 2357 2112 2412 διὰ
2157 2357 2259 2426 τῆς
2287 2356 2382 2412 τοῦ
2416 2355 2750 2426 συνάψαντος
2777 2356 2947 2430 αὐτὴν
2981 2361 3380 2433 περισσοτέρας
3438 2364 3520 2415 οῖ-

241 2439 509 2508 κονομίας
535 2443 1017 2514 κατασμικρυνθῇ.

311 2531 477 2586 Ὥστε
503 2531 695 2604 καιρὸς
714 2534 838 2604 ἄρτι
866 2536 1043 2590 έκεῖνο
1063 2535 1233 2606 ἡμᾶς,
1252 2538 1604 2610 ὴγαπημένε,
1626 2539 1826 2610 λέγειν·

235 2624 388 2689 Ἕως
445 2624 580 2679 πότε
636 2626 1220 2699 οίκονομήσεις,καί·
1269 2629 1646 2702 οίγοδομῆσαί
1693 2649 1829 2686 ποτε

237 2713 648 2787 προθυμήθητι.
681 2717 798 2771 Καὶ
827 2717 970 2771 κατὰ
1002 2718 1092 2771 τὸν
1126 2717 1272 2773 θεῖον
1313 2719 1635 2788 Βασίλειον,
1663 2722 1828 2793 ἀκρι-

237 2806 368 2877 ϐείᾳ
433 2807 676 2861 κανόνων
737 2809 888 2879 ἡμᾶς
943 2807 1240 2865 δουλεύειν.
1277 2810 1467 2864 Ἀλλοι
1513 2812 1624 2884 γὰρ
1677 2813 1829 2882 λόγοι

240 2896 352 2967 πρὸ
382 2897 643 2968 πολέμου..
677 2899 774 2952 καὶ
799 2899 956 2953 ἄλλοι
990 2898 1130 2970 μετὰ
1155 2901 1396 2970 πόλεμον
1428 2919 1442 2934 ·
1480 2903 1540 2955 ὲν
1570 2903 1825 2975 ὑπομονῇ

2004 2537 2185 2605 Quare
2240 2548 2388 2590 nunc
2439 2541 2658 2605 tempus
2709 2545 2814 2601 est,
2873 2535 3197 2596 charissime
3273 2546 3335 2592 ut
3387 2538 3519 2594 illud

1931 2640 2259 2698 usurpemus
2304 2643 2318 2680 :
2356 2624 2654 2695 Quousque
2723 2626 2948 2684 tandem
3015 2628 3401 2698 dispensabis?
3440 2641 3515 2694 et,

1935 2719 2228 2777 Editicare
2249 2716 2544 2786 aliquando
2568 2716 2770 2787 incipe.
2802 2717 2889 2782 Et,
2903 2719 3060 2788 juxta
3075 2718 3329 2778 divinum
3357 2719 3521 2776 Basi-

1933 2811 2088 2876 lium,
2145 2811 2416 2864 accuratae
2471 2823 2746 2864 sationum
2777 2807 3152 2863 observationi
3187 2809 3520 2875 serviamus;

1933 2905 2025 2962 alii
2071 2904 2220 2964 enim
2255 2917 2542 2960 sermones
2589 2903 2716 2958 ante
2739 2900 2968 2964 bellum.
3001 2909 3065 2955 et
3113 2900 3207 2960 alii
3249 2909 3382 2971 post
3409 2900 3524 2956 bel-

235 3006 304 3042 τε
333 2989 607 3059 διεξάγειν
630 2992 728 3055 τὰς
757 2993 974 3064 ἡμέρας
993 2993 1175 3063 ἡμῶν,
1204 2994 1390 3060 καθὼς
1407 2995 1824 3068 νενουθέτηκας.

1937 2999 2076 3056 lum:
2111 3007 2274 3068 atque
2320 3005 2380 3051 ut
2439 2995 2494 3050 in
2521 2993 2784 3066 patientia
2810 2993 2937 3049 dies
2977 2999 3197 3050 nostros
3237 2991 3524 3055 ducamus,

238 3083 340 3140 καὶ
398 3083 652 3155 εὔχεσθαι
700 3086 841 3156 ὑπὲρ
883 3086 995 3140 τῶν
1039 3086 1372 3153 διωξάντων.
1412 3089 1722 3143 ’Λσπασταὶ
1769 3089 1828 3144 δὲ

243 3175 338 3244 μοὶ
372 3176 469 3231 καὶ
496 3177 943 3248 ὀμογνωμονικαὶ
969 3179 1028 3234 αῖ
1073 3181 1225 3251 τρεῖς
1255 3197 1351 3233 σου
1379 3180 1561 3252 τίμιαι
1593 3179 1680 3254 [In
1707 3197 1819 3238 ms.

241 3267 380 3338 Reg.
407 3267 602 3340 τίμιε.]
631 3269 854 3340 ῥήσεις·
887 3270 923 3342 ἦ
968 3287 1029 3324 τε
1078 3271 1176 3324 τοῦ
1231 3271 1300 3325 δι’
1353 3272 1474 3336 ἑνὸς
1531 3272 1828 3344 ἀνθρώπου

241 3360 566 3416 ύπόπτωσιν
597 3361 672 3432 μὴ
703 3362 911 3434 σχίζειν
941 3363 1406 3433 τὰςῈκκλησίας.
1433 3365 1509 3418 Ἦ
1535 3382 1596 3420 τε
1627 3365 1721 3420 τοῦ
1756 3367 1831 3437 μὴ

245 3457 639 3522 συγκοινωνεῖν
678 3457 744 3525 τῇ
774 3455 927 3510 λύσει
969 3456 1064 3510 τοῦ
1099 3457 1346 3510 τοιούτου
1371 3473 1384 3487 ·
1415 3457 1512 3511 καὶ
1540 3459 1574 3528 ἡ
1603 3460 1669 3514 ὲκ
1700 3475 1833 3512 παν-

244 3542 339 3606 τὸς
367 3543 696 3622 ἀδιαϐλήτου
733 3546 926 3618 ἱερέως
951 3546 1398 3617 μεταλαμόάνειν
1431 3563 1444 3578 ·
1475 3547 1648 3613 οὕτως
1677 3549 1833 3620 ἐχού-

248 3651 354 3706 σης
411 3636 630 3700 πάντως
685 3639 784 3708 τῆς
841 3639 1104 3701 διανοίας.
1141 3640 1255 3693 Καὶ
1300 3640 1574 3708 σύγγνωθί
1633 3659 1756 3711 μοι,
1790 3636 1835 3696 ὦ

245 3726 468 3797 ἁδελφὲ,
501 3729 563 3781 ού
591 3727 951 3794 διδακτικῶς,
988 3731 1126 3784 ἀλλὰ
1161 3731 1296 3802 πρὸς
1329 3732 1392 3786 τὸ
1433 3735 1587 3804 κοινῇ
1630 3735 1838 3805 συμφέ-

251 3838 346 3892 ρον
383 3821 764 3894 διατρανοῦντι
801 3823 895 3877 τδν
921 3823 1102 3893 λόγον.
1134 3825 1296 3879 Κατὰ
1347 3824 1448 3896 τὴν
1479 3825 1740 3897 πρώτην,
1774 3828 1836 3882 ού

244 3912 319 3966 δι’
348 3911 449 3964 ἕνα
501 3913 787 3984 ἄνθρωπον
825 3914 1198 3986 ἀποσχίζομεν
1240 3915 1339 3986 τῆς
1371 3916 1701 3987 Ἐκκλησίας
1738 3919 1838 3985 τῆς

1929 3092 2072 3147 sicut
2115 3087 2473 3152 admonuisti,
2541 3096 2598 3142 et
2641 3100 2864 3140 oremus
2908 3099 3008 3155 pro
3045 3083 3522 3156 persecutoribus.

1929 3180 2339 3252 Amplectendae
2385 3189 2570 3234 autem
2597 3177 2732 3232 mihi
2768 3185 2900 3232 sunt
2949 3185 3008 3231 et
3073 3174 3520 3240 retinendzetres

1931 3274 2162 3346 egregiae
2197 3272 2484 3328 sententia:
2512 3281 2655 3326 tute:
2683 3268 2762 3325 Ne
2809 3277 3031 3340 propter
3057 3267 3226 3322 uni-us
3288 3267 3526 3324 hominis

1931 3367 2144 3437 lapsum
2183 3365 2495 3422 dividantur
2551 3361 2845 3428 Ecclesiae;
2901 3377 2972 3416 ne
3013 3359 3158 3414 illius
3197 3357 3524 3422 absolutioni

1933 3457 2435 3524 communiccmus;
2473 3463 2528 3509 et
2557 3463 2616 3510 ut
2653 3454 2722 3510 ab
2749 3453 2902 3508 omni
2936 3451 3218 3521 iuculpato
3262 3450 3524 3506 sacerdo-

1937 3559 1990 3606 te
2024 3549 2438 3624 participemus.
2469 3547 2522 3604 Is
2547 3547 2693 3603 enim
2753 3545 2980 3600 omnino
3031 3553 3115 3602 est
3188 3559 3406 3600 sensus.
3459 3541 3527 3596 Et

1937 3642 2158 3714 ignosce
2213 3641 2370 3706 mihi,
2401 3640 2586 3704 frater,
2623 3654 2732 3693 non
2759 3637 2988 3692 docendi
3027 3635 3232 3698 studio,
3255 3634 3352 3690 sed
3378 3649 3528 3688 com-

1939 3733 2124 3788 munis
2152 3731 2403 3790 utilitatis
2432 3745 2594 3786 causa
2639 3745 2753 3784 rem
2810 3728 2984 3786 fusius
3013 3728 3330 3800 explicauti.
3371 3725 3528 3797 Quod

1937 3824 2005 3879 ad
2035 3824 2274 3900 primum
2317 3822 2534 3886 attinet,
2593 3821 2744 3876 haud
2782 3835 2916 3876 sane
2955 3830 3188 3892 propter
3215 3839 3390 3882 unum
3423 3824 3525 3880 ho-

1941 3917 2146 3970 minem
2185 3913 2576 3969 discessionem
2623 3911 2856 3967 facimus
2910 3912 2980 3968 ab
3016 3912 3259 3968 Ecclesia
3297 3929 3420 3983 qua;
3459 3915 3526 3970 ad

248 4003 361 4058 ἀπὸ
416 4003 602 4077 uappa
644 4006 743 4059 καὶ
771 4005 994 4076 δυσμῶν
1026 4006 1120 4061 καὶ
1151 4007 1429 4076 Θαλάσσης
1455 4025 1470 4040 ·
1524 4009 1621 4064 καὶ
1657 4011 1831 4080 μέντοι

1940 4006 2294 4076 Aquilonem,
2371 4014 2428 4060 et
2476 4019 2598 4076 quae
2651 4004 2726 4058 ad
2771 4002 3149 4070 Occidentem,
3207 4015 3263 4061 et
3301 4022 3423 4076 quae
3461 4007 3528 4062 ad

247 4097 347 4151 καὶ
388 4096 493 4166 τῆς
536 4097 808 4161 ἐνταῦθα,
851 4098 1096 4168 δηλονῦτι
1146 4100 1286 4173 πλὴν
1333 4100 1446 4154 τῶν
1495 4117 1831 4171 μοιχοκυρω-

1943 4114 2128 4156 mare:
2170 4098 2264 4153 sed
2315 4112 2498 4167 neque
2519 4097 2589 4152 ab
2618 4112 2680 4151 ea
2721 4112 2844 4170 quae
2871 4096 2932 4151 in
2973 4097 3058 4152 his
3085 4097 3218 4153 locis
3237 4109 3353 4165 est;
3383 4115 3527 4170 prte-

248 4187 382 4243 τῶν.
418 4189 494 4242 Οὐ
550 4186 855 4260 γὰροῦτοι
899 4190 1198 4261 Ἐκκλησία
1243 4192 1474 4263 Κυρίου.
1517 4192 1581 4245 Ei
1611 4191 1669 4246 δὲ
1717 4191 1831 4246 Ἐκ-

1943 4201 2187 4262 terquam
2251 4190 2320 4244 ab
2361 4189 2447 4243 his
2500 4190 2591 4260 qui
2653 4189 2981 4246 adulterium
3021 4191 3372 4246 confirmant.
3410 4191 3527 4246 Non

249 4278 480 4350 κλησία,
506 4278 882 4350 ἀποσχίζομεν
907 4279 1008 4350 τῆς
1044 4280 1372 4352 Ἐκκλησίας
1387 4281 1454 4335 δι’
1487 4281 1583 4334 ἕνα
1625 4281 1831 4352 ἄνθρω-

1943 4284 2087 4340 enim
2119 4283 2192 4338 illi
2218 4293 2346 4338 sunt
2382 4281 2620 4338 Ecclesia
2671 4281 2886 4338 Domini
2923 4299 2936 4349 ;
2972 4283 3120 4352 quod
3169 4283 3214 4338 si
3262 4283 3525 4346 Ecclesia.

251 4392 357 4429 πον
393 4375 740 4446 συνημμένον
769 4375 932 4446 αὐτῇ,
969 4374 1114 4444 λέγω
1144 4376 1200 4430 δὲ
1229 4377 1746 4454 τὸνδμοιχοζεύκτην
1766 4377 1831 4447 μὶ

1949 4375 2257 4430 recedimus
2279 4375 2466 4446 utique
2503 4374 2571 4429 ab
2610 4373 2851 4431 Ecclesia
2887 4384 3110 4446 propter
3142 4392 3310 4430 umuu
3352 4376 3531 4430 homi-

252 4465 634 4538 προσιέμενοι.
674 4466 894 4536 Ἐπειδὴ
941 4465 998 4520 δὲ
1021 4467 1130 4520 οὐκ
1172 4467 1472 4538 Ἐκκλησία
1501 4465 1662 4531 Θεοῦ,
1704 4468 1841 4522 ἀπο·

256 4558 535 4630 σχίζουσιν
562 4559 716 4612 αὐτοὶ
743 4560 819 4622 ὡς
841 4557 1082 4629 ἀληθῶς,
1104 4559 1172 4614 δι’
1193 4561 1290 4613 ἕνα
1319 4559 1608 4630 ἄνθρωπον
1636 4577 1844 4630 συνημ-

256 4652 422 4721 μένον
483 4652 689 4715 αὐτοῖς,
737 4654 806 4724 τῇ
872 4650 1181 4723 Ἐκκλησία
1229 4651 1326 4705 τοῦ
1389 4651 1554 4706 Θεοῦ·
1612 4652 1844 4716 ἐκείνοις

253 4743 616 4814 παρεοικότες
663 4745 776 4808 τοῖς
827 4745 886 4797 ἒν
945 4741 1026 4813 τῷ
1086 4744 1446 4815 χρονογράφῳ
1518 4743 1801 4814 κειμένοις
1828 4760 1842 4774 ·

253 4836 420 4906 ήμῶν
457 4836 538 4908 μὴ
568 4835 907 4908 σχιζομένων
949 4837 1118 4907 αὐτῆς
1143 4836 1230 4890 διὰ
1262 4836 1354 4890 τὸν
1384 4837 1648 4890 τοιοῦτον.
1686 4836 1844 4890 Κατὰ

253 4928 360 4999 τὴν
391 4927 652 4999 δευτέραν
677 4929 737 4982 ού
763 4927 1131 4998 κοινωνοῦμεν
1157 4930 1222 4998 τῇ
1252 4927 1406 4981 λύσει
1437 4926 1629 4993 αὐτοῦ,
1659 4927 1846 4997 δηλον-

255 5021 344 5074 ότι
392 5019 470 5091 μὴ
505 5020 892 5084 κοινωνοῦντες
921 5021 1036 5084 τοῖς
1073 5019 1358 5091 προδήλως
1392 5019 1623 5074 λύσασιν
1655 5019 1840 5074 αὐτόν.

257 5111 324 5164 El
354 5111 415 5164 δὲ
439 5110 672 5176 ἐκείνοις
691 5109 950 5166 κοινωνοῦ
960 5128 1080 5182 μεν,
1101 5109 1580 5182 συγκοινωνοῦμεν
1603 5114 1669 5182 τῇ
1687 5110 1842 5166 λύσει

255 5205 455 5260 αὑτοῦ.
495 5204 636 5258 Ἀλλ’
676 5206 800 5260 insi.
825 5205 1056 5268 ἐκείνοις
1085 5204 1408 5276 Θεοπρεπῶς
1439 5207 1499 5259 ού
1533 5222 1842 5275 συγκοινω-

258 5299 470 5368 νοῦμεν
525 5296 773 5360 λύσασιν,
804 5297 1061 5366 ἀσφαλῶς
1097 5296 1208 5368 ἄρα
1257 5297 1318 5350 οὐ
1369 5298 1846 5368 συγκοινωνοῦμεν

257 5393 328 5462 τῇ
365 5389 523 5442 λύσει
548 5389 736 5443 αὐτοῦ.
769 5390 927 5444 Κατὰ
949 5390 1048 5459 τὴν
1077 5390 1267 5461 τρίτην
1293 5404 1306 5418 ·
1338 5390 1401 5441 ὲκ
1434 5389 1637 5455 παντὸς
1657 5391 1848 5462 ἱερέως

258 5481 596 5552 ἀδιαϐλήτου
649 5480 1159 5552 μεταλαμδάνομεν.
1193 5480 1292 5534 Διὰ
1337 5482 1495 5537 τοῦτο
1537 5484 1594 5537 δὲ
1645 5487 1708 5538 ὲκ
1751 5484 1847 5538 τοῦ

270 5575 482 5645 Ἰωσὴφ
543 5574 603 5627 ού
666 5574 1204 5645 μεταλαμϐάνομεν,
1254 5575 1330 5638 ὡς
1409 5576 1846 5648 διαϐεϐλημένου

259 5664 433 5719 αὑτοῦ
485 5665 753 5736 δημοσίᾳ·
785 5664 1200 5736 διαϐεϐλημένοι
1261 5664 1306 5718 δ’
1340 5665 1405 5718 ἃν
1455 5660 1564 5719 εἶεν
1628 5669 1844 5732 πάντως

335 5782 383 5812 ⁸⁸
424 5781 508 5835 Ad
537 5779 982 5845 Amphilochium,
1025 5795 1146 5843 can,
1189 5780 1273 5831 '70.

555 5877 825 5938 ΡΑτιιοι..
862 5875 986 5936 Gn.
1045 5877 1272 5938 XCIX.

1950 4482 2077 4522 nem
2105 4482 2228 4522 cum
2262 4482 2324 4521 ea
2350 4467 2686 4538 colligatum,
2729 4467 2960 4522 adulteri
3009 4466 3216 4522 scilicet
3253 4468 3532 4543 supulato—

1954 4576 2068 4618 rem
2105 4576 2214 4616 non
2267 4560 2642 4618 admittentes.
2693 4560 2804 4618 Sed
2847 4561 3102 4632 quoniam
3133 4561 3376 4616 Ecclesia
3438 4561 3530 4614 Dei

1952 4669 2063 4708 non
2087 4662 2245 4718 sunt,
2289 4662 2618 4724 separantur
2669 4653 2773 4724 ipsi
2839 4668 3051 4718 revera,
3087 4662 3310 4724 propter
3360 4668 3531 4707 unum

1953 4744 2231 4800 hominem
2257 4744 2393 4814 ipsis
2422 4745 2818 4808 consociatum,
2861 4746 2932 4800 ab
2963 4745 3207 4800 Ecclesia
3271 4743 3366 4798 Dei
3401 4762 3416 4798 :
3457 4744 3533 4798 si-

1945 4839 2109 4896 miles
2136 4852 2327 4894 eorum
2355 4837 2424 4892 de
2475 4836 2674 4907 quibus
2715 4836 2860 4904 apud
2887 4837 3372 4907 chronographum
3421 4836 3507 4907 agi

1949 4937 2036 4983 tur
2061 4946 2074 4984 :
2107 4928 2266 4983 nobis
2290 4927 2358 4982 ab
2383 4942 2446 4982 ea
2487 4935 2709 4996 propter
2739 4925 2928 5004 illum.
2957 4925 3182 4981 minime
3225 4925 3530 4981 secedenti-

1946 5019 2068 5076 bus.
2124 5017 2280 5085 Quod
2311 5017 2379 5074 ad
2411 5016 2730 5082 secundam,
2772 5033 2883 5072 non
2906 5018 3374 5073 communicamus
3416 5018 3534 5087 ejus

1951 5109 2303 5175 absolutioni,
2327 5108 2593 5179 siquidem
2647 5124 2756 5162 non
2807 5109 3276 5168 communicamus
3313 5127 3435 5166 cum
3472 5111 3534 5165 iis

1952 5203 2044 5275 qui
2072 5219 2198 5258 eum
2240 5202 2532 5257 manifeste
2572 5201 2948 5258 absolverunt.
2987 5201 3145 5268 Quod
3173 5201 3220 5257 si
3252 5203 3338 5257 his
3381 5217 3505 5258 com

1954 5296 2343 5360 municemus;
2389 5302 2448 5351 et
2484 5294 2630 5350 illius
2685 5309 2820 5350 sane
2858 5294 3190 5351 absolutioni
3229 5293 3507 5351 communi

1955 5398 2163 5438 camus.
2210 5381 2318 5437 Sed
2357 5381 2798 5453 quandoquidem
2830 5398 2955 5438 cum
3015 5383 3082 5440 iis
3152 5384 3244 5454 qui
3283 5381 3508 5437 absolve

1958 5483 2087 5529 runt
2113 5475 2518 5530 communicare
2568 5475 2938 5531 detrectamus
2964 5475 3106 5532 sicut
3139 5475 3285 5530 Deus
3345 5472 3534 5542 exigit,

1959 5573 2119 5643 plane
2159 5571 2323 5644 igitur
2365 5585 2473 5624 non
2506 5570 2975 5625 communieamus
3013 5569 3133 5639 ejus
3185 5565 3536 5623 absolutioni.

1954 5664 2110 5730 Quod
2164 5663 2230 5719 ad
2285 5657 2540 5728 tertiam;
2602 5663 2671 5716 ab
2716 5662 2867 5716 omni
2919 5660 3206 5716 sacerdote
3263 5658 3542 5728 inculpato

3145 5869 3220 5930 3's
