4044 6366
572 281 709 348 1067

1754 284 1818 346 8.
1853 281 2249 345 THEODORI
2280 280 2629 345 STUDITB

3695 282 3823 350 1068

568 392 980 464 participamus.
1038 387 1337 462 Propterea
1399 400 1583 447 autem
1630 392 1700 447 ah
1763 391 2008 462 Josepho
2048 406 2160 447 non

2267 390 2359 445 καὶ
2389 391 2440 445 οί
2474 392 2656 461 τούτῳ
2682 388 3238 465 συλλειτουργοῦντες
3273 391 3575 466 καθημένῳ
3631 395 3762 449 δντι.
3790 398 3839 452 Et

573 485 988 557 participamus,
1028 480 1174 552 quod
1207 483 1429 555 publice
1468 483 1635 538 fuerit
1675 490 1919 537 notatus.
1977 475 2162 537 Notati

570 593 702 651 ergo
732 585 788 632 et
825 576 903 632 illi
939 589 1170 646 prorsus
1193 575 1288 646 qui
1345 591 1470 632 cum
1528 589 1596 631 eo
1648 574 1997 640 ministrant;
2038 587 2164 629 cum

568 669 855 740 depositus
886 667 1076 723 fuerit.
1114 665 1270 733 Quod
1315 666 1359 723 si
1407 666 1479 723 ab
1499 665 1587 721 his
1607 665 2001 737 participemus
2039 673 2163 721 tan-

568 776 733 832 quam
757 757 1162 830 abinculpatis,
1218 756 1531 827 inculpatus
1574 756 1683 811 erit
1756 765 1812 812 et
1866 755 2162 829 Josephus,

568 854 661 924 qui
702 868 828 909 cum
855 852 937 907 eis
986 848 1283 907 sacrificat.
1334 847 1607 916 Quoniam
1639 856 1824 905 autem
1877 849 1925 905 is
1972 864 2164 906 revera

570 957 793 1003 notatus
820 945 944 1008 fuit,
971 954 1026 1000 et
1057 943 1125 999 ab
1176 957 1245 999 eo
1284 957 1397 997 non
1436 940 1864 1013 participamus;
1916 942 2165 1013 profecto

569 1053 674 1093 nec
709 1036 780 1091 ab
826 1035 896 1090 iis
937 1033 1033 1105 qui
1068 1048 1196 1089 cum
1227 1047 1294 1088 eo
1321 1031 1675 1099 ministrant;
1700 1047 1826 1087 cum
1856 1031 1975 1103 pari
2001 1032 2164 1088 modo

570 1130 741 1188 notati
772 1128 904 1185 sint.
939 1127 1276 1183 Confirmata
1297 1135 1386 1181 est
1407 1125 1572 1197 igitur
1604 1124 1883 1181 sententia
1908 1124 2166 1182 sanctita-

574 1222 644 1277 tis
682 1231 812 1288 tuai,
861 1227 1027 1290 atque
1081 1217 1159 1273 ita
1210 1216 1615 1273 consentimus.
1668 1216 1750 1272 Ac
1798 1216 2007 1272 utinam
2066 1231 2164 1288 per

570 1314 779 1368 hancce
796 1310 1065 1367 sinceram
1091 1309 1181 1364 hic
1203 1306 1554 1364 concordiam
1578 1316 1847 1372 nostram,
1877 1308 1937 1363 in
1972 1308 2163 1366 futuro

572 1405 777 1461 saeculo
804 1416 1088 1474 nunquam
1136 1400 1484 1466 divellamur,
1517 1399 1593 1456 mi
1617 1399 1788 1456 frater
1817 1400 2159 1469 charissime,

570 1510 632 1557 ut
678 1499 826 1573 digni
848 1499 1024 1555 simus
1046 1506 1104 1554 et
1123 1512 1227 1554 nos
1270 1496 1510 1553 humiles
1533 1496 1756 1567 aliquod
1801 1495 2025 1552 Patrum
2059 1512 2162 1554 no-

569 1600 814 1648 strorum
839 1588 1065 1645 virtutis
1113 1586 1407 1660 vestigium
1447 1585 1776 1643 consectari.
1829 1586 1908 1642 De
1942 1585 2163 1644 civitate

2263 481 2322 536 δὲ
2369 484 2438 537 ἐκ
2474 483 2585 538 τῶν
2623 482 2888 539 τοιούτων
2918 485 3434 559 μεταλαμϐάνομεν,
3465 486 3543 553 ὡς
3585 488 3647 555 ἐξ
3700 488 3840 544 ἀδια-

2264 574 2475 647 ϐλήτων
2503 617 2521 643 ,
2549 576 2876 648 ἀδιάϐλητος
2916 578 2986 633 ἀν
3033 580 3119 652 ειη
3170 581 3266 634 καὶ
3304 580 3333 633 ό
3378 581 3579 654 Ἰωσὴφ
3647 582 3840 636 συλλεισ

2264 666 2512 737 τουργῶν
2541 667 2749 732 αὐτοῖς.
2784 669 2940 725 Ἐπεὶ
2964 670 3023 725 δὲ
3048 670 3477 743 διαϐεϐλημένος
3506 672 3584 736 ὡς
3609 672 3835 745 ἀληθῶς,

2267 760 2362 813 καὶ
2415 760 2550 832 παρ’
2580 758 2748 815 αὐτοῦ
2778 763 2840 816 ού
2873 762 3391 835 μεταλαμϐάνομεν,
3430 764 3679 837 δηλονότι
3729 767 3839 821 οὐδὲ

2265 854 2331 906 ὲκ
2354 852 2467 907 τῶν
2507 854 3043 926 συνιερουργούντων
3059 855 3231 926 αὐτῷ,
3248 855 3515 923 ὡσαύτως
3545 858 3717 913 ὄντων
3735 860 3839 914 δια·

2264 944 2638 1017 ϐεϐλημὲνων.
2670 946 2948 1019 "lippum;
2971 948 3154 1002 τοίνυν
3173 950 3205 1002 ό
3228 948 3389 1019 λόγος
3414 951 3513 1022 τῆς
3543 950 3841 1023 ἁγιωσύνης

2266 1052 2364 1091 σου
2388 1051 2403 1067 ⁸
2439 1036 2538 1091 καὶ
2580 1036 2757 1102 οὕτως
2795 1038 3240 1110 συμφρονοῦμεν.
3264 1039 3376 1095 Kal
3392 1040 3561 1096 ’ἔστω
3612 1043 3750 1113 ἡμῖν
3788 1044 3838 1097 τὸ

2263 1128 2644 1184 ἀδιάσπαστον
2664 1130 2755 1185 διὰ
2781 1131 2882 1202 τῆς
2916 1129 3156 1186 ἐνταῦθα
3183 1132 3420 1205 ἀληθοῦς
3445 1136 3772 1206 συμφωνίας
3792 1138 3840 1190 ἑν

2262 1216 2340 1291 τῷ
2407 1218 2660 1291 μέλλοντι
2707 1220 2887 1286 αίῶνι,
2941 1221 3172 1292 φίλτατέ
3215 1238 3321 1292 μου
3376 1225 3613 1295 ἀδελφε,
3642 1227 3721 1291 ὡς
3783 1226 3839 1281 ἀν

2266 1308 2640 1382 ἀξιωθείημεν
2674 1311 2771 1366 καλ⁵
2792 1313 2955 1384 ἠμεῑς
2997 1313 3049 1367 οί
3080 1314 3331 1369 ταπεινοὶ
3355 1316 3774 1387 ἀπενέγκασθαι
3795 1335 3837 1373 τι

2263 1403 2408 1474 ίχνος
2433 1402 2862 1477 κατορθώματος
2882 1408 2996 1470 τοῖς
3018 1407 3301 1478 [πατράσιν
3338 1407 3497 1480 ημῶν
3541 1408 3838 1467 ἀκόλουθον.

2262 1493 2401 1566 Περὶ
2444 1492 2503 1547 δι
2543 1496 2646 1566 τῆς
2689 1494 2903 1561 πόλεώς
2931 1512 3027 1550 σου
3073 1497 3265 1552 στύλον
3296 1499 3513 1571 ἀνῆψας
3543 1499 3837 1567 εὐσεϐείας,

2260 1584 2324 1639 ού
2356 1584 2721 1657 σϐεννύμενον
2748 1586 2906 1659 παρὰ
2938 1587 3232 1659 ἀνθρώπου
3259 1590 3365 1656 ἕως
3404 1591 3621 1656 αἰῶνος.
3649 1593 3760 1649 Ka't
3785 1595 3836 1648 ού

568 1692 754 1739 autem
814 1691 905 1738 tua
947 1681 1261 1739 columnam
1318 1678 1617 1735 accendisti
1672 1679 1892 1750 pietatis
1921 1719 1937 1747 ,
1992 1695 2159 1752 quam

2267 1676 2557 1731 λυπεῖσθαι
2587 1677 2719 1750 χρὴ,
2780 1678 2921 1735 ἀλλά
2960 1680 3163 1752 μᾶλλον
3207 1682 3418 1754 χαίρειν
3438 1700 3454 1717 ο
3483 1681 3677 1758 ὥσπερ
3700 1684 3843 1755 κάγὼ

566 1775 865 1831 obscurare
916 1772 1104 1829 nullus
1152 1786 1393 1843 unquam
1440 1770 1634 1841 possit.
1672 1744 1873 1842 Neque
1898 1744 1984 1827 est
2008 1744 2162 1844 quod

2269 1770 2299 1822 ὁ
2329 1766 2499 1832 τάλας
2530 1744 2704 1840 eumsi-ﬁ
2732 1744 2977 1823 διαλύσει
3017 1770 3113 1824 τοῦ
3142 1744 3402 1826 ταπεινοῦ
3430 1790 3533 1845 μου
3575 1744 3841 1849 μοναστη-

567 1882 711 1940 εετε
745 1867 910 1922 feras.
964 1866 1110 1934 Quin
1154 1864 1338 1920 lis-tare
1385 1862 1598 1935 potius,
1650 1862 1731 1919 uti
1782 1872 1841 1919 et
1867 1878 1970 1937 ego
2002 1865 2169 1922 miser

569 1960 626 2015 in
689 1957 1050 2029 dissipatione
1130 1956 1356 2012 humilis
1416 1955 1735 2012 monasterii
1796 1957 1953 2024 mei;
2037 1957 2167 2030 quia

568 2057 793 2119 propter
824 2046 1115 2103 Dominum
1172 2045 1291 2102 hare
1338 2044 1649 2101 dissolutio.
1704 2044 1893 2117 Neque
1938 2046 2012 2103 oh
2045 2061 2167 2103 eam

571 2158 819 2212 causam,
843 2142 991 2215 quod
1022 2153 1131 2198 tam
1150 2141 1306 2197 multi
1333 2140 1581 2197 steterint
1605 2155 1784 2212 genua
1806 2156 1920 2197 non
1932 2157 2168 2198 curvan-

570 2247 699 2299 tes,
760 2252 957 2309 magna
1018 2237 1137 2292 laus
1177 2243 1262 2291 est
1303 2249 1320 2289 :
1373 2233 1474 2289 sed
1514 2233 1602 2290 vel
1649 2233 1694 2289 si
1749 2249 1913 2290 unus.
1976 2233 2168 2291 Melior

567 2328 838 2400 siquidem
885 2342 1030 2384 unus
1071 2326 1290 2382 Domini
1336 2325 1545 2381 faciens
1586 2324 1956 2391 voluntatem,
2002 2343 2164 2399 quam

565 2421 757 2477 decem
825 2419 996 2475 millia
1048 2417 1527 2491 praevaricantium
1585 2416 1654 2473 ⁸⁷.
1709 2417 1822 2474 Nec
1879 2435 2011 2475 vero
2048 2419 2167 2491 ipse

566 2528 731 2569 causa
760 2527 822 2568 es
844 2511 1061 2575 illorum
1088 2509 1472 2581 dispersionis,
1501 2509 1633 2565 licet
1654 2509 1707 2565 id
1740 2511 1987 2581 garriant
2019 2527 2165 2567 non-

565 2605 725 2669 nulli,
796 2604 895 2659 sed
951 2616 1054 2675 ego
1108 2602 1335 2657 infelix!
1387 2601 1504 2655 Erit
1532 2611 1717 2657 autem
1750 2603 1931 2671 nobis,
1966 2604 2011 2659 si
2042 2620 2169 2676 per-

570 2697 735 2762 feras,
788 2694 1074 2765 utriusque
1133 2693 1214 2748 rei
1245 2692 1584 2748 communio.
1648 2690 1693 2746 Τ
1697 2703 1996 2765 antamque
2048 2695 2167 2765 ipse

556 2788 880 2844 mercedem
924 2786 1110 2858 capies
1150 2788 1209 2840 in
1263 2784 1447 2841 divina
1514 2784 1746 2840 fratrum
1787 2785 2166 2856 dispersione;

569 2890 829 2953 quantam
890 2896 993 2953 ego
1054 2878 1345 2934 nanciscar
1392 2878 1450 2932 in
1495 2877 1563 2934 iis
1610 2877 1706 2949 qui
1762 2878 2167 2935 Thessalonica:

572 2977 769 3050 reliqui
810 2985 940 3033 sunt
976 2976 1149 3050 legem
1187 2976 1429 3033 divinam
1473 2984 1779 3032 servantes.
1824 2975 1902 3033 Do
1930 2978 2166 3035 carceris

570 3079 752 3125 autem
776 3070 885 3126 mei
912 3070 1141 3127 custode
1169 3070 1308 3126 nihil
1336 3069 1532 3125 attinet
1557 3068 1726 3141 loqui,
1761 3086 1887 3126 cum
1922 3072 2046 3128 talis
2071 3071 2163 3139 sit,

570 3173 627 3218 et
675 3180 799 3220 cum
844 3164 1087 3236 Josepho
1116 3165 1300 3220 animo
1329 3163 1829 3234 coniunctissimus.
1874 3164 2164 3237 Nunquam

570 3270 753 3310 cesses
783 3271 881 3326 pro
907 3255 1223 3311 humilitate
1253 3269 1375 3310 mea
1412 3252 1573 3310 enixe
1599 3255 1846 3324 precari,
1892 3254 2064 3312 frater
2090 3256 2164 3312 mi

571 3362 638 3402 ac
692 3345 856 3402 Pater
902 3349 1118 3421 egregie
1147 3357 1203 3403 et
1237 3348 1603 3404 sanctissime.
1669 3348 1820 3405 Scito
1850 3358 2163 3406 accusatum

575 3440 745 3496 fuisse
804 3441 1189 3506 Thcosostum,
1232 3442 1377 3511 quod
1424 3440 1494 3497 ab
1544 3456 1611 3497 eo
1648 3457 1758 3497 non
1792 3441 2161 3511 participaret,

571 3531 663 3603 qui
695 3532 880 3588 sedem
916 3541 1063 3587 tuam
1094 3532 1353 3605 sacrilege
1378 3532 1596 3600 invasit,
1636 3534 2000 3605 eumdemque
2022 3545 2163 3592 stre-

572 3638 682 3677 niue
740 3622 1072 3678 monasterio
1135 3638 1236 3678 suo
1285 3623 1501 3694 pulsum
1562 3622 1754 3681 luisse.
1834 3626 2163 3683 Athanasius

572 3713 739 3769 frater
782 3722 970 3769 noster
1019 3729 1235 3770 rursum
1273 3723 1466 3785 captus
1501 3724 1587 3771 est
1616 3726 1673 3772 et
1710 3716 1838 3773 illuc
1871 3718 2159 3790 relegatus.

570 3805 770 3861 Custos
796 3820 970 3873 meus,
1002 3820 1127 3862 cum
1148 3806 1398 3873 exiisset,
1434 3808 1618 3863 attulit
1643 3808 1826 3865 mihia
1849 3812 2160 3881 patriarcha

571 3896 1003 3953 salutationem:
1061 3896 1310 3971 Ignoscet
1381 3899 1481 3955 tibi
1549 3900 1730 3966 Deus,
1788 3902 2004 3973 inquit,
2068 3904 2158 3961 hic

571 3990 773 4046 habere
808 3998 862 4045 te
887 3990 1208 4046 volebamus
1236 3990 1303 4046 ad
1338 3991 1599 4048 auxilium
1629 4004 1901 4051 nostrum.
1928 3994 2156 4063 Abiisti,

567 4091 624 4139 et
657 4083 781 4139 istic
824 4083 1153 4149 consedisti,
1194 4084 1415 4140 invideo
1458 4085 1579 4141 tibi.
1626 4086 1785 4153 Quod
1832 4102 1956 4143 cum
2003 4088 2161 4144 audi-

567 4176 794 4241 vissem,
824 4177 942 4232 risi.
977 4175 1166 4248 Neque
1191 4178 1337 4233 enim
1361 4194 1498 4249 opus
1526 4188 1644 4234 erat
1673 4181 2009 4252 respondere
2036 4198 2154 4250 me,

570 4267 683 4328 nisi
731 4272 834 4325 hoc
862 4279 1109 4336 tantum;
1155 4269 1299 4339 quod
1353 4270 1398 4324 si
1427 4269 1674 4337 invidet,
1731 4282 1887 4328 exeat
1932 4283 1988 4329 et
2017 4274 2153 4347 ipse.

571 4367 849 4422 ltelaxavit
892 4379 1057 4436 porro
1087 4363 1413 4427 custodiam.
1468 4364 1705 4421 invitans
1732 4366 1800 4422 ad
1838 4369 2152 4439 requietem.

2272 1858 2393 1931 ρίου
2424 1874 2441 1891 ⁶
2470 1860 2555 1914 ὅτι
2588 1859 2679 1915 διά
2707 1861 2914 1933 Κύριον
2940 1862 2974 1934 ἡ
3030 1862 3307 1928 διάλυσις.
3338 1865 3451 1919 Kal
3481 1866 3582 1939 οὐχ
3615 1867 3697 1923 ὅτι
3722 1884 3842 1923 τοσ⁸

2269 1951 2416 2007 οῦτοι
2448 1950 2688 2024 ἔστησαν
2718 1953 2796 2026 μὴ
2821 1956 3340 2028 κατακαμφθέντες,
3381 1957 3528 2031 μέγα
3566 1959 3629 2014 τὸ
3667 1960 3838 2026 κλέος·

2267 2044 2384 2100 ἀλλ’
2414 2046 2464 2099 ei
2504 2046 2602 2102 καὶ
2626 2039 2730 2111 εἷς.
2768 2047 3059 2119 Κρείσσων
3096 2050 3207 2122 γὰρ
3239 2044 3323 2116 εἷς
3362 2051 3612 2108 ποιῶντδ
3641 2052 3844 2126 θέλημα

2268 2138 2499 2208 Κυρίου,
2535 2137 2569 2211 ἦ
2610 2138 2801 2213 μύριοι
2854 2140 3310 2214 παραϐαίνοντες.
3362 2144 3476 2201 Kal
3529 2146 3631 2201 οὐκ
3677 2148 3842 2214 αἴτιος

2268 2229 2435 2295 αὐτὸς
2468 2230 2567 2303 τῆς
2607 2230 2821 2297 λύσεως
2861 2232 3067 2302 αὐτῶν,
3094 2235 3146 2289 εί
3198 2235 3295 2291 καὶ
3330 2235 3635 2309 φλυαροῦσι
3663 2255 3839 2303 τινες·

2266 2320 2383 2375 ἀλλ’
2408 2320 2521 2392 ἐγὼ
2548 2323 2580 2377 ό
2605 2322 2891 2396 δύστηνος.
2919 2326 3018 2399 Εῐη
3061 2326 3119 2382 δὲ
3168 2328 3306 2400 ἡμῖν
3355 2330 3611 2384 κοινωνία
3634 2368 3651 2396 ,
3687 2330 3841 2402 εἴπερ

2268 2411 2472 2486 ἀνέχῃ,
2500 2413 2589 2467 ἐπ’
2612 2413 2967 2487 ἀμφοτέροις.
3003 2418 3116 2472 Kal
3172 2417 3428 2473 τοσοῦτον
3481 2420 3626 2488 ἕξοις
3687 2424 3837 2487 αὐτὸς

2266 2504 2360 2560 τὸν
2391 2505 2586 2577 μισθὸν
2618 2507 2679 2561 ὲν
2729 2510 2796 2579 τῇ
2833 2508 3006 2581 ἑνθέῳ
3033 2508 3279 2564 διαλύσει
3301 2510 3412 2565 τῶν
3431 2511 3702 2584 ἀδελφῶν,
3726 2515 3841 2568 ὅσον

2267 2596 2379 2663 ἐγὼ
2403 2597 2626 2669 εὕροιμι
2654 2598 2714 2653 ὲν
2741 2601 2809 2673 τῇ
2840 2599 2982 2654 κατά
3009 2601 3177 2673 νόμον
3203 2602 3341 2657 Θεοῦ
3398 2605 3712 2676 καταλείψει
3754 2607 3842 2677 τῆς

2268 2689 2691 2763 Θεσσαλονίκης.
2720 2692 2859 2765 Περὶ
2901 2692 2957 2747 δὲ
3006 2694 3100 2748 τοῦ
3157 2695 3454 2766 φυλακίτου
3503 2715 3603 2770 μου
3670 2699 3845 2764 οὗδεῖς

2267 2779 2426 2850 λόγος
2448 2822 2463 2846 ,
2489 2782 2732 2836 τοιούτου
2770 2782 2938 2837 αὑτοῦ
2972 2784 3265 2855 ἀνθρώπου
3307 2786 3481 2854 δντος,
3508 2787 3604 2840 καὶ
3637 2789 3843 2859 συμφύ-

2268 2892 2367 2946 χου
2398 2875 2494 2928 τοῦ
2534 2877 2757 2947 Ἰωσήφ.
2780 2876 2872 2947 Μὴ
2927 2876 3229 2942 διαλείποις
3258 2878 3705 2952 ύπερευχόμενος
3754 2879 3843 2948 τῆς

2268 2966 2653 3031 ταπεινώσεως
2683 2986 2787 3039 μου
2837 2969 3122 3040 κραταιῶς
3142 3012 3158 3036 ,
3178 2971 3556 3043 ἀδελφοπάτορ
3585 2988 3691 3043 μου
3720 2970 3842 3025 καλὲ

2272 3062 2363 3117 καὶ
2418 3062 2703 3117 όσιὼτατε.
2758 3063 3002 3117 Γίνωσκε
3047 3064 3375 3119 ὲνσταθέντα
3409 3065 3503 3119 τὸν
3536 3065 3843 3120 Θεόσωστον

2273 3151 2368 3207 τοῦ
2403 3152 2478 3224 μὴ
2499 3154 2825 3225 κοινωνῆσαι
2846 3154 3008 3208 αὐτὸν
3036 3155 3102 3209 ὲκ
3129 3154 3226 3209 τοῦ
3257 3155 3490 3227 ἀνιέρως
3532 3155 3843 3219 ἀνελθόντος

2271 3247 2352 3311 εἰς
2404 3245 2498 3299 τὸν
2540 3244 2729 3317 θρόνον
2762 3263 2856 3300 σου
2880 3262 2895 3276 ·
2934 3249 3030 3303 καὶ
3079 3246 3446 3324 ὲκδιωχθέντα
3488 3249 3756 3314 νεανικῶς
3785 3250 3845 3303 ἐκ

2268 3336 2366 3392 τοῦ
2426 3338 2791 3410 μοναστηρίου
2852 3339 3039 3395 αὐτοῦ.
3070 3341 3136 3394 Οί
3200 3340 3333 3413 περὶ
3381 3340 3473 3394 τὸν
3518 3340 3835 3396 ’Δθανὰσιον

2270 3427 2490 3499 ἀδελφοὶ
2548 3429 2735 3499 ἡμῶν,
2787 3429 2976 3502 ἀκμὴν
3029 3429 3363 3501 κρατοῦνται
3418 3432 3842 3503 περιωρισμένοι

2269 3521 2470 3576 ἐκεῖσε.
2515 3520 2575 3574 '0
2606 3520 2912 3593 φυλακίτης
2941 3539 3046 3592 μου
3080 3522 3332 3589 ἐξελθὼν,
3368 3524 3545 3596 ἤγαγὲ
3566 3541 3657 3587 μοι
3689 3540 3846 3595 προσ-

2269 3611 2497 3683 κύνησιν
2557 3614 2623 3667 ἐκ
2677 3611 2773 3665 τοῦ
2832 3615 3177 3687 πατριάρχου
3229 3615 3503 3685 λέγοντος.
3536 3617 3616 3670 ὅτι
3650 3617 3681 3669 ό
3716 3616 3844 3679 Θεὸς

2271 3703 2624 3776 συγχωρήσει
2678 3719 2803 3758 σοι·
2833 3704 2954 3769 τοῦ,
2990 3706 3273 3777 ηὐχόμεθα
3323 3706 3469 3777 ἔχειν
3527 3724 3585 3760 σε
3611 3701 3717 3761 ὦδε
3768 3710 3843 3769 είς

2270 3794 2523 3866 βοήθειαν
2575 3795 2756 3866 ἡμῶν.
2799 3794 3084 3863 Ἐξῆλθες,
3145 3796 3241 3850 καὶ
3300 3798 3565 3861 ἑκάθισας
3610 3797 3836 3851 αύτόθι·

2267 3887 2383 3953 καὶ,
2415 3888 2498 3943 ὅτι
2535 3886 2718 3957 φθονῶ
2752 3904 2836 3943 σε.
2878 3888 2990 3943 Καὶ
3037 3888 3277 3954 ἀκούσας
3307 3890 3565 3959 ἐγέλασα.
3629 3891 3707 3944 Ού
3740 3890 3842 3961 γὰρ

2264 3976 2336 4054 ἦν
2375 3980 2536 4051 χρεία
2577 3980 2715 4045 τέως
2762 3979 3133 4052 ἀποκριθῆναί
3166 3999 3233 4052 με
3257 3997 3272 4013 ο
3306 3982 3338 4055 ἢ
3377 3983 3559 4053 μόνον.
3588 3982 3710 4035 Ὀτι
3754 3983 3842 4034 ἐὰν

2266 4070 2461 4144 φθονῇ,
2496 4071 2687 4144 ἐξέλθῃ
2717 4072 2994 4137 κάκεῖνος.
3045 4071 3357 4143 Ἐχαύνωσε
3398 4074 3457 4128 δὲ
3490 4073 3583 4127 καὶ
3612 4074 3712 4145 τὴν
3744 4090 3837 4143 φυ-

2264 4158 2438 4230 λακὴν
2486 4160 2930 4231 προτρεπόμενος
2955 4162 3034 4226 είς
3063 4161 3397 4217 ἀνάπαυσιν.
3437 4162 3703 4235 Ἐξήγαγε
3738 4163 3843 4234 γάρ

2267 4269 2362 4324 μοι
2389 4253 2482 4306 καὶ
2517 4254 2581 4305 ἐκ
2610 4252 2706 4307 τοῦ
2737 4251 2966 4324 Συμεὼν
2994 4254 3370 4327 προσκύνησιν
3389 4270 3403 4285 ο
3433 4256 3530 4309 καὶ
3558 4258 3637 4309 ὅτι
3662 4255 3845 4326 βούλεο

2264 4362 2356 4399 ται
2388 4343 2708 4416 λαλῆσαιτῷ
2726 4344 2956 4415 βασιλεῖ,
2970 4345 3055 4400 ὅτι
3075 4348 3414 4412 κεκοπίακας
3426 4349 3484 4403 ὲν
3513 4350 3581 4421 τῇ
3606 4348 3842 4419 φυλακῇ.

570 4459 771 4537 Attulit
822 4457 967 4512 enim
1033 4454 1171 4510 mihi
1226 4464 1281 4510 et
1308 4471 1340 4510 a
1369 4453 1626 4512 Simeone
1655 4438 2062 4527 salutationem,
2102 4472 2155 4517 et

2267 4439 2378 4493 Kal
2409 4440 2474 4492 ὲκ
2512 4438 2605 4492 τοῦ
2628 4439 2884 4493 Λεοντίου
2932 4441 3408 4513 τεταπεινωμένην
3451 4441 3843 4513 προσκύνησιν,

566 4552 712 4622 quod
767 4549 948 4605 dicere
996 4548 1313 4618 imperatori
1371 4548 1520 4615 velit,
1578 4557 1628 4604 te
1669 4549 1724 4603 in
1753 4566 1975 4607 carcere
2020 4553 2161 4609 male

567 4640 791 4704 habere,
825 4646 880 4694 et
902 4653 932 4691 a
962 4636 1190 4692 Leontio
1224 4636 1489 4692 humilem
1521 4637 1926 4694 salutationem.
1961 4640 2160 4698 Passus

568 4747 712 4795 sum,
744 4731 838 4795 ait,
893 4728 1278 4784 necessitatem
1329 4750 1342 4785 :
1402 4743 1513 4783 non
1551 4745 1639 4785 me
1677 4742 1897 4803 separet
1950 4731 2095 4789 Deus
2128 4750 2159 4788 a

569 4836 824 4877 sermone
888 4830 1001 4876 tuo.
1050 4818 1117 4874 Et
1141 4834 1263 4892 ego,
1335 4819 1475 4884 haec,
1531 4820 1777 4892 inquam,
1824 4825 1893 4879 ab
1930 4825 2023 4881 illo
2047 4840 2159 4881 non

568 4914 804 4985 requiro.
841 4913 1152 4985 Coegerunt
1180 4920 1365 4968 autem
1397 4912 1549 4968 illum
1594 4914 1677 4971 ire
1712 4915 1778 4970 ad
1812 4932 2157 4973 (economum

569 5016 623 5063 et
652 5006 941 5063 Arsenium
964 5015 1021 5060 et
1040 5003 1308 5060 Joannem
1334 5045 1350 5070 ,
1382 5020 1447 5061 ac
1473 5005 1679 5073 dicere,
1712 5008 1859 5078 quod
1898 5007 2161 5065 Dominus

570 5098 828 5154 Tarasius
873 5096 1023 5151 illum
1082 5096 1413 5163 absolverit,
1443 5107 1501 5154 et
1535 5099 1681 5169 quod
1709 5099 1872 5155 modo
1900 5100 2157 5156 viderim.

571 5191 641 5247 At
664 5190 740 5245 illi
787 5205 913 5245 eum
968 5202 1161 5243 revera
1187 5186 1434 5259 colaphis
1480 5190 1855 5262 exploserunt.
1910 5191 2015 5258 Qui
2042 5209 2161 5249 me-

571 5299 695 5339 cum
749 5291 873 5349 Θδῑ,
930 5291 1205 5352 pastorem
1240 5295 1424 5336 meum
1474 5297 1572 5352 per
1618 5298 1707 5340 me
1735 5285 1935 5341 salutat
1963 5301 2161 5358 magno

572 5376 793 5431 affectu.

1002 5480 1185 5538 XLIV.
1213 5513 1281 5524 -—
1304 5482 1486 5555 Sergio
1513 5485 1735 5541 consuli.

1383 5576 1669 5627 Gratulatur
1688 5578 1737 5625 ei
1760 5576 2034 5640 dignitates
2054 5576 2101 5626 in
2124 5580 2236 5631 aula
2273 5595 2284 5629 :

566 5636 569 5639 Ι
640 5661 723 5727 Tu
754 5661 970 5732 quidem
997 5701 1011 5725 ,
1062 5669 1121 5716 ut
1152 5660 1311 5717 audio
1334 5700 1350 5718 .
1393 5659 1530 5716 alios
1560 5674 1627 5716 ex
1650 5660 1772 5718 aliis
1807 5661 2042 5720 honores
2072 5676 2162 5719 ca-

646 5771 689 5803 ³⁷
727 5772 895 5828 Eceli.
931 5790 1040 5839 xvi,
1070 5775 1125 5828 5.

2264 4529 2519 4600 λέγοντος
2542 4546 2556 4559 ’
2591 4531 2673 4584 ὅτι
2715 4531 2965 4603 ἀνάγκην
3015 4531 3252 4587 ἔπαθον·
3289 4533 3384 4587 καὶ
3410 4536 3486 4604 μὴ
3518 4534 3843 4603 συγχωρήσῃ

2267 4640 2338 4695 με
2358 4626 2387 4677 ό
2416 4624 2548 4689 Θεὸς
2582 4623 2673 4679 τοῦ
2707 4624 2867 4695 λόγου
2923 4643 3040 4681 σου.
3075 4627 3186 4681 Kal
3219 4621 3373 4681 εῐπον
3415 4626 3496 4681 ὃτι
3537 4627 3600 4680 οὐ
3630 4626 3845 4698 χρῄζων

2262 4714 2436 4771 ταῦτα
2466 4716 2562 4769 ἀπ’
2597 4717 3150 4787 αύτοῦ.Ἦνάγκασαν
3176 4718 3233 4772 δὲ
3262 4717 3426 4772 αὐτὸν
3468 4716 3731 4772 ἀπελθεῖν
3763 4716 3842 4780 είς

2263 4825 2322 4862 τε
2358 4809 2450 4863 τὸν
2475 4809 2785 4878 οἰκονόμον,
2818 4811 2915 4864 καὶ
2952 4811 3045 4864 τὸν
3078 4809 3379 4881 ’Δρσένιον,
3402 4811 3505 4865 καὶ
3536 4810 3629 4865 τὸν
3666 4807 3847 4865 Ἰωάν-

2266 4917 2388 4971 νην,
2411 4898 2638 4969 λέγοντα
2666 4916 2679 4929 ·
2706 4901 2789 4954 ὅτι
2820 4903 2847 4954 ὁ
2875 4900 3034 4973 κῦρις
3063 4902 3336 4973 Ταράσιος
3364 4900 3635 4956 ἀπέλυσεν
3658 4899 3843 4955 αὐτόν·

2264 4993 2363 5046 καὶ
2392 4993 2476 5046 ὅτι
2511 4992 2638 5064 agn
2673 4991 2966 5063 ἀνέϐλεψα.
2996 4992 3107 5047 Καὶ
3145 4993 3537 5065 ἀπερῤάπισαν
3568 4992 3735 5047 αὐτὸν
3772 4990 3848 5059 τῷ

2265 5081 2402 5138 δντι.
2448 5084 2507 5138 ’0
2559 5085 2660 5139 σὺν
2710 5084 2835 5155 ἐμοὶ
2887 5083 3289 5157 προσαγορεύει
3343 5085 3495 5157 πόθῳ
3547 5083 3728 5156 πολλῷ
3759 5082 3848 5135 τὸν

2267 5176 2504 5248 ποιμένα
2540 5195 2642 5249 μου
2677 5177 2737 5245 ἐξ
2758 5177 2914 5249 ἐμοῦ.
3459 5190 3465 5194 ’

2552 5486 2683 5541 ΜΔ.
2724 5518 2792 5529 —
2824 5486 3046 5555 Σεργίῳ
3086 5484 3310 5552 ὑπάτῳ.
3370 5482 3567 5556 [ρμγ¹.]

2323 5580 2648 5643 hortaturque
2671 5584 2727 5628 ut
2758 5576 2891 5628 bene
2918 5584 3047 5641 agat.

2337 5664 2510 5729 Αὐτὸς
2543 5664 2665 5736 μὲν,
2683 5662 2759 5727 ὡς
2794 5661 3073 5733 μανθάνω,
3099 5661 3351 5735 ἀμείϐεις
3376 5658 3549 5734 ἀρχάς
3571 5656 3628 5723 ἐξ
3660 5657 3856 5730 ἀρχῶν
