4044 6366
276 259 404 324 1069

1472 259 2009 324 EPISTOLARUM
2050 260 2194 320 LIB.
2238 260 2279 321 I.

3368 254 3505 322 1070

270 374 410 446 παρὰ
437 372 514 445 τῷ
546 373 696 430 κάτω
725 374 988 446 Καίσαρι,
1018 375 1116 432 καὶ
1146 374 1298 446 παρὰ
1327 375 1664 448 προαίρεσιν.
1685 379 1826 448 ἠγα-

1948 375 2107 431 iessis
2135 374 2282 445 apud
2305 373 2574 429 Caesarem
2596 381 2866 437 nostrum,
2882 369 3046 440 idque
3073 383 3270 440 preter
3295 383 3504 438 votum.

272 468 475 539 πημένε
508 483 596 538 μοι
635 466 774 538 ὁμοῦ
803 468 898 521 καὶ
931 467 1248 538 τιμιώτατε.
1293 466 1434 536 Ἐγὼ
1473 467 1532 520 δὲ
1567 469 1596 522 ό
1639 484 1829 522 ταπει-

1928 467 2125 522 dilecte
2169 468 2246 522 mi
2296 465 2504 537 pariter
2551 481 2617 521 ac
2655 465 3136 522 reverendissime.
3185 466 3300 538 Ego
3377 483 3510 522 vero

271 562 351 626 νὺς
395 561 454 614 ού
514 559 884 631 διαλιμπάνω,
916 559 994 629 τῷ
1034 558 1150 613 ἄνω
1195 560 1291 612 καὶ
1339 560 1556 614 πάντων
1614 557 1827 630 βασιλεῖ

1948 556 2156 612 iumilis
2183 565 2375 626 optare
2424 571 2534 611 non
2560 555 2754 611 desino
2774 597 2789 620 ,
2839 563 2896 612 te
2923 555 3159 611 amicum
3184 554 3508 612 familiarem

272 653 416 722 φίλον
444 651 644 705 οίκείὀν
677 668 736 706 σε
761 651 830 706 δι’
859 652 1144 716 εὐσεϐείας
1167 651 1455 722 ὑπάρχειν.
1477 649 1622 704 Διότι
1643 651 1829 718 κρεῖσ-

1933 647 2144 703 οωιεειί
2187 647 2432 703 omnium
2466 647 2579 719 regi
2630 662 2728 718 per
2755 646 3010 717 pietatem
3046 661 3186 702 esse.
3238 645 3510 713 Quoniam

273 762 356 799 σον
396 743 490 797 καὶ
530 742 591 796 τὸ
630 743 923 797 πολλοστὸν
955 743 1212 813 τετάχθαι
1259 741 1402 797 κατά
1429 743 1493 796 τὸ
1529 741 1831 812 ἀκρότατον

1948 739 2128 794 nelius
2182 747 2269 795 est
2313 738 2607 795 millesimo
2649 747 2708 794 et
2741 739 2987 793 omnium
3036 746 3311 808 postremo
3365 735 3512 806 apud

272 835 490 905 ἔσχατον
516 833 595 904 τῷ
614 833 879 905 οὐρανίῳ,
915 834 948 904 ἢ
987 834 1128 889 κατὰ
1170 833 1230 887 τὸ
1263 833 1568 907 πρώτιστον
1607 833 1686 904 τῷ
1711 833 1834 886 ὲπι-

273 926 416 998 γείῳ.
453 925 702 979 Πιστεύω
739 925 796 979 δὲ
852 925 1007 990 εἰδώς
1067 942 1160 981 σου
1193 926 1252 979 τὺ
1303 926 1694 997 φιλομέριμνον
1733 925 1834 997 τῆς

275 1005 558 1089 σωτηρίας,
590 1018 759 1088 μηδὲν
817 1017 1305 1089 παραξημιοῦσθαι
1351 1019 1430 1081 είς
1457 1017 1658 1089 ψυχὴν.
1693 1016 1832 1075 ἀλλὰ

273 1108 359 1178 καὶ
396 1105 858 1180 παρακερδαίνειν
893 1107 958 1160 ὲκ
989 1107 1083 1160 τοῦ
1113 1107 1457 1178 ἀξιώματοςο
1492 1107 1664 1174 ὅντων,
1705 1107 1832 1180 τρό⁶

274 1216 384 1254 πων
434 1199 534 1252 οὐκ
569 1197 768 1266 ὀλίγων
817 1199 898 1262 είς
945 1197 1297 1253 λυσιτέλειαν.
1344 1198 1586 1271 Ἥρκεσε
1618 1199 1729 1269 γὰρ
1755 1195 1834 1268 τῷ

277 1289 470 1362 πτωχῷ
517 1291 773 1346 ὑποτελεῖ
811 1291 874 1345 ού
911 1291 1070 1362 μόνον
1115 1290 1284 1363 ἀνοχὴ
1313 1291 1498 1363 φόρων
1522 1307 1538 1322 ·
1568 1289 1708 1346 ἀλλά
1740 1290 1836 1345 καὶ

270 1383 387 1452 ῦψις
439 1382 672 1454 εὐμενὴς
728 1381 816 1436 τοῦ
870 1382 937 1436 τὰ
983 1381 1236 1453 βασιλικά
1265 1382 1523 1453 χρήματα
1563 1379 1832 1451 αἴροντος.

270 1473 362 1526 καὶ
426 1471 576 1542 φωνὴ
616 1470 752 1542 ὴπίσ
787 1510 804 1536 ,
838 1471 934 1526 καὶ
974 1470 1218 1542 φθόγγος
1253 1471 1655 1544 χαιρετιστικός
1680 1486 1696 1502 ⁸
1740 1469 1836 1524 καὶ

270 1563 420 1616 οῦπω
459 1563 616 1630 λέγω⁴
650 1562 804 1617 λύσιν
841 1563 1140 1634 συνδέσμου
1178 1563 1416 1628 ἀδικίας,
1438 1563 1576 1618 ἄλλα
1619 1580 1682 1616 τε
1734 1563 1837 1616 ὅσα

272 1655 726 1708 ἐπακολουθοῦσιν
750 1654 988 1726 εὐχερῶς
1011 1657 1184 1709 ποιεῖν
1218 1653 1298 1725 τῷ
1326 1654 1548 1726 ἄρχοντι
1567 1653 1643 1724 τῷ
1675 1653 1837 1726 ἀρχο-

1933 829 2210 886 ςωιθειειιι
2237 869 2254 895 ,
2315 844 2478 900 quam
2535 828 2781 884 omnium
2835 827 3011 898 primo
3057 827 3202 896 apud
3234 836 3513 882 terrenum

1933 937 2113 994 regem
2159 921 2280 976 loco
2326 921 2558 976 censeri.
2605 919 2752 976 Bona
2777 928 2957 975 autem
2983 935 3078 989 spe
3107 933 3258 982 sum,
3291 932 3515 989 perspe.

1933 1022 2081 1076 ctum
2145 1013 2358 1069 habens
2421 1012 2569 1084 quod
2625 1027 2812 1068 curam
2861 1010 3054 1066 salutis
3098 1025 3296 1083 geras,
3366 1009 3514 1066 nulla

1933 1121 1999 1161 ex
2058 1114 2214 1176 parte
2269 1105 2391 1162 laedi
2449 1105 2689 1161 animam
2745 1113 2914 1170 tuam,
2957 1104 3056 1160 sed
3093 1103 3304 1158 lucrum
3349 1103 3516 1158 etiam

1934 1195 2115 1253 facere
2142 1213 2209 1252 ex
2240 1197 2500 1269 dignitate
2537 1214 2552 1254 :
2593 1213 2718 1253 cum
2765 1196 2874 1253 sint
2921 1211 3032 1252 non
3081 1195 3242 1266 pauci
3285 1194 3354 1250 ad
3387 1209 3516 1264 pro-

1937 1288 2227 1346 ficiendum
2279 1289 2448 1345 modi.
2498 1288 2708 1346 Sufﬁcit
2761 1289 2909 1344 enim
2938 1286 3164 1360 pauperi
3203 1285 3514 1351 tributario,

1937 1397 2048 1438 non
2115 1381 2291 1438 solum
2345 1381 2670 1437 tributorum
2742 1381 2992 1437 remissio
3039 1397 3064 1434 ι.
3107 1395 3296 1434 verum
3347 1378 3516 1434 etiam

1938 1471 2207 1542 benignus
2231 1478 2485 1540 aspectus
2510 1471 2654 1526 illius
2689 1470 2782 1540 qui
2809 1469 3068 1540 pecunias
3089 1468 3264 1540 regias
3291 1467 3514 1538 colligit,

1937 1570 1994 1616 et
2022 1573 2128 1614 vox
2160 1559 2301 1614 lenis
2340 1567 2396 1614 et
2421 1559 2631 1614 salvere
2656 1558 2898 1628 iubentis
2925 1572 3133 1612 sonus:
3173 1571 3236 1611 ac
3271 1557 3514 1612 nondum

1939 1653 2064 1710 dico
2118 1651 2450 1708 solutionem
2490 1651 2689 1707 vinculi
2731 1649 3052 1720 iniquitatis,
3105 1659 3163 1704 et
3213 1649 3316 1704 alia
3369 1665 3518 1720 quaa—

273 1743 439 1814 μὲνῳ.
473 1743 563 1812 Μὴ
587 1743 767 1796 τοίνυν
784 1721 966 1813 ἑφθῶν
999 1739 1129 1815 δύνῃ
1154 1737 1212 1797 εῦ
1247 1721 1464 1809 atomis,
1495 1721 1728 1797 σεαυτὸν.
1749 1721 1838 1798 διὰ

1948 1758 2162 1814 cunque
2208 1757 2238 1796 a
2288 1741 2536 1812 principe
2577 1755 2706 1811 erga
2731 1741 2978 1796 subditos
3031 1739 3150 1796 fieri
3190 1740 3386 1794 solent.
3439 1739 3519 1793 Ne

269 1831 364 1900 τῆς
397 1831 478 1892 είς
506 1828 726 1899 ἑτέρους
759 1830 1130 1900 χρηστότητος
1171 1829 1456 1901 ἀμελοίης,
1488 1829 1662 1900 Κύριέ
1694 1847 1796 1901 μου
1819 1845 1836 1862 ο

265 1919 379 1974 ἀλλ’
399 1920 476 1985 ῶς
503 1921 722 1984 συνετὸς
749 1921 845 1975 καλ⁸
875 1919 1031 1985 είδὼς
1076 1921 1270 1992 μικρὸν
1303 1919 1531 1993 ὕστερον
1555 1920 1840 1988 ἐξελεύσε-

201 2031 204 2034 .
274 2011 392 2066 σθαι
421 2013 571 2084 ἡμᾶς
603 2012 757 2066 τοῦδε
783 2012 876 2067 τοῦ
901 2012 1040 2083 βίον,
1071 2013 1236 2084 μηδὲν
1259 2012 1388 2068 ἄλλο
1416 2013 1772 2085 συναίροντας
1802 2011 1836 2083 ἢ

272 2105 365 2168 τὰς
418 2103 649 2174 πράξεις
672 2120 688 2134 ο
713 2103 992 2168 τοιαύταις
1041 2104 1137 2158 καὶ
1190 2103 1564 2176 προσκείμεθα
1589 2144 1606 2168 ,
1645 2103 1744 2168 τὰς
1780 2102 1838 2157 δὲ

275 2195 363 2248 καὶ
392 2194 820 2266 θησαυρίζοιμεν
849 2211 863 2226 ο
891 2194 1134 2264 δηλονότι
1165 2193 1266 2258 τὰς
1286 2195 1494 2264 ἐφόδιον
1521 2196 1655 2265 ἡμῖν
1692 2194 1838 2266 ζωῆς

273 2287 516 2351 αίωνίου,
545 2287 640 2340 καὶ
685 2287 1038 2349 ἀπολαύσεως
1077 2288 1409 2360 ἀπορρήτων
1458 2287 1681 2357 ἀγαθῶν
1711 2288 1841 2358 μελ-

273 2377 470 2442 λούσας
527 2376 763 2432 ἕσεσθαι.
797 2378 926 2444 Ναὶ,
966 2379 1268 2449 παρακαλῶ
1305 2379 1368 2432 τὸ
1417 2379 1552 2450 ὲμὺν
1591 2373 1751 2448 αἷμα,
1779 2379 1841 2433 τὸ

272 2469 402 2539 ὲμδν
458 2468 681 2540 πόθημα
708 2511 724 2536 ,
773 2471 833 2523 τὸ
873 2469 1087 2542 ἀγαθῆς
1135 2470 1301 2533 ὅντως
1351 2469 1507 2541 ῥίζης
1555 2461 1860 2541 βλάστημα

251 2561 474 2630 ,Ἅννης
510 2559 744 2630 ἐκείνης,
777 2560 876 2631 τῆς
914 2560 1038 2630 ἐμοὶ
1086 2560 1391 2630 σεϐασμίας
1425 2560 1519 2614 καὶ
1560 2561 1842 2632 ἐρασμιω-

271 2647 438 2718 τάτης
467 2648 552 2702 ὅτι
589 2648 843 2718 μάλιστα,
884 2650 1021 2702 πᾶσι
1048 2649 1108 2702 δὲ
1139 2651 1253 2712 τοῖς
1281 2648 1578 2721 γνωρίμοις
1597 2652 1844 2704 ἐπαινου-

277 2739 443 2811 μένης
478 2739 569 2795 διά
593 2740 917 2812 σεμνότητα,
934 2742 1033 2812 τῆς
1054 2743 1192 2814 ἐμῆς
1219 2740 1296 2806 ὡς
1315 2741 1528 2812 ἀληθῶς
1559 2743 1842 2816 μακαρίας

273 2834 485 2905 μητρὸς
503 2833 912 2905 ἀμφοτέρωθεν.

1947 1831 2112 1903 igitur
2137 1831 2193 1884 in
2217 1829 2417 1894 quibus
2439 1837 2596 1898 potes
2625 1829 2968 1893 benefacere,
3005 1828 3261 1898 teipsum,
3296 1827 3520 1881 Domine

1943 1923 2042 1988 mi,
2097 1929 2323 1992 propter
2389 1920 2690 1976 bonitatem
2743 1919 2798 1973 in
2823 1919 2981 1983 alios,
3035 1918 3368 1990 neglexeris;
3420 1915 3519 1970 sed

1941 2021 2202 2084 tanquam
2243 2012 2486 2083 prudens
2541 2021 2597 2067 et
2621 2013 2802 2068 sciens
2838 2027 2941 2068 nos
2970 2027 3038 2067 ex
3081 2011 3183 2068 hac
3211 2010 3324 2066 vita
3361 2009 3520 2080 paulo

1945 2120 2072 2160 mox
2112 2118 2470 2166 excessuros.
2523 2102 2659 2159 nihil
2703 2103 2852 2159 aliud
2883 2101 3195 2158 auferentes
3237 2100 3520 2158 nobiscum

1944 2203 2144 2267 praeter
2171 2194 2417 2250 actiones
2445 2214 2459 2251 :
2507 2195 2563 2249 in
2592 2195 2691 2250 has
2721 2193 2949 2265 proinde
2975 2191 3350 2248 incumbamus
3376 2231 3390 2256 ,
3423 2190 3524 2246 has

1941 2295 1998 2342 et
2024 2286 2458 2342 thesaurizemus
2487 2303 2502 2340 :
2535 2285 2738 2356 quippe
2764 2299 2884 2355 quae
2912 2283 3171 2338 viaticum
3209 2281 3368 2337 nobis
3399 2279 3522 2336 vita

1937 2387 2159 2434 aeternae
2191 2387 2248 2434 et
2275 2378 2548 2433 fruitionis
2572 2378 2838 2432 bonorum
2862 2373 3303 2432 inenarrabilium
3327 2373 3522 2429 futura:

1941 2477 2090 2524 sunt.
2112 2467 2226 2534 Nat,
2256 2469 2487 2524 obsecro
2525 2477 2577 2524 te
2607 2469 2927 2540 sanguinem
2956 2482 3160 2532 meum,
3191 2463 3521 2522 desiderium

1946 2576 2129 2617 meum
2156 2601 2173 2627 ,
2223 2562 2381 2618 home
2409 2562 2635 2618 omnino
2670 2561 2867 2618 radicis
2899 2576 3120 2632 germen
3157 2560 3328 2614 Anna:
3355 2557 3522 2622 illius,

1947 2669 2066 2723 qua:
2095 2663 2150 2709 et
2173 2654 2304 2710 mihi
2331 2656 2642 2711 veneranda
2673 2665 2727 2710 et
2755 2655 3057 2710 adamamla
3091 2669 3253 2722 supra
3277 2651 3522 2716 modum,

1949 2747 2208 2803 omnibus
2249 2763 2379 2803 vero
2433 2749 2523 2819 qui
2587 2765 2709 2804 eam
2765 2757 2969 2803 norunt
3025 2747 3240 2802 laudata
3302 2752 3525 2816 propter

1953 2839 2329 2908 honestatem;
2364 2857 2498 2897 mea;
2524 2857 2709 2896 revera
2744 2841 3132 2898 lieataasnatris
3160 2838 3436 2908 utrinque.

277 2903 402 2982 Tres
427 2903 665 2996 epistola:
699 2903 964 2997 sequentes
997 2925 1183 2981 desunt
1217 2927 1271 2982 in
1295 2927 1442 3006 libris
1475 2903 1604 3006 nisa.
1637 2929 1823 3006 quibus
1843 2931 1924 3006 usi
1942 2948 2124 3006 sumus
2152 2949 2186 3006 :_
2203 2903 2406 2989 tantum
2452 2937 2817 3006 inscriptiones
2865 2945 3118 2991 notantur
3157 2934 3260 2988 ista
3317 2903 3434 2986 Ioco
3475 2936 3527 2985 at

1286 2997 1467 3054 ordine
1495 2999 1549 3053 in
1579 2997 1676 3054 ms.
1719 2998 1924 3070 collegii
1950 3005 2116 3058 nostri
2151 3002 2498 3060 Parisiensis.

630 3115 681 3168 Μ
690 3113 766 3166 E'.
787 3141 857 3153 —
888 3111 1236 3182 Ναυκρατίῳ
1289 3110 1500 3179 τέκνῳ.

639 3202 784 3272 hlq'.
819 3236 890 3246 —
913 3207 1092 3274 Ἀννῃ
1131 3204 1459 3275 ἡγουμένῃ.

631 3301 760 3355 MZ'.
797 3329 868 3340 —
890 3299 1240 3369 Ναυκρατίῳ
1265 3299 1473 3365 τέκνῳ.

567 3440 784 3495 ΜΗἎ-
811 3440 1144 3504 Ἀθανασίῳ
1160 3439 1367 3504 τέκνῳ.
1397 3438 1572 3511 [σιβ’.,

2372 3118 2532 3174 XLV.
2565 3152 2632 3167 --
2661 3122 2956 3176 Naucratio
2999 3123 3130 3190 ﬁlio.

2317 3209 2500 3266 XLVI.
2529 3243 2600 3254 —-
2629 3213 2796 3268 Amne
2841 3215 3152 3285 pra-posita.

2341 3298 2550 3356 XLVII.
2585 3333 2650 3343 —
2677 3303 2972 3358 Naucratio
2999 3304 3131 3374 filio.

2349 3441 2580 3498 XLVIII.
2608 3476 2677 3485 -
2699 3445 2988 3501 Athanasio
3013 3445 3146 3514 ﬁlio.

307 3534 634 3608 Sententiam
659 3556 1062 3616 Mmcbianorum,
1087 3554 1320 3606 haeresim
1343 3567 1456 3606 esse
1480 3556 1720 3618 ostendit,
1754 3561 1807 3606 et
1831 3555 2218 3608 orthodoxorum
2239 3562 2511 3610 certamina
2533 3561 2793 3612 describit.
2823 3563 3040 3630 .(Baron.
3067 3576 3177 3614 mm.
3201 3563 3318 3627 809,
3341 3578 3392 3616 η.
3427 3566 3530 3629 30.)

356 3663 650 3735 Ἐνέτυχόν
685 3679 780 3716 σου
804 3664 916 3726 τοῖς
947 3661 1292 3734 γράμμασιν,
1329 3661 1525 3732 ἀδελφὲ
1556 3661 1855 3734 ἠγαπημέ-

270 3772 353 3821 νε,
418 3753 800 3826 μακροθύμως
832 3769 846 3784 ·
878 3754 974 3807 καὶ
1008 3753 1235 3826 ἐξέστην
1291 3754 1386 3808 ἐπὶ
1429 3757 1501 3825 τῇ
1547 3753 1724 3826 ἀθρόᾳ
1759 3771 1853 3807 σου

275 3845 558 3916 μεταϐολῇ
591 3844 731 3899 λίαν.
776 3845 998 3915 Ἀφήσω
1049 3845 1112 3899 τὸ
1158 3845 1424 3918 πρότερον
1457 3862 1470 3876 ·
1498 3847 1581 3900 ὅτι
1632 3846 1851 3916 συνοψι-

273 3937 423 4000 σθείς
457 3953 554 4007 μοι
574 3933 952 4006 ῶμοφὼνησας
981 3935 1194 4006 αἵρεσιν
1241 3931 1382 3988 εἶναι
1419 3934 1516 4006 τὴν
1541 3936 1858 4006 Μοιχειανιο

269 4029 376 4099 κῆν
399 4027 775 4099 ψευδοδοξίαν⁹
812 4026 1034 4094 ἄγνοιαν
1058 4026 1494 4098 προϐαλλόμενος
1514 4029 1610 4082 καλ⁷
1640 4028 1738 4097 τὴν
1763 4029 1856 4081 ἀπ’

269 4119 456 4174 ἄλλων
495 4119 785 4188 συντυχίαν
813 4135 826 4148 '
859 4118 974 4172 ἀλλ’
1003 4121 1085 4173 ὅτι
1108 4135 1172 4186 γε
1199 4119 1295 4174 καὶ
1332 4120 1471 4188 μετά
1510 4119 1680 4194 ταῦτα
1722 4120 1856 4174 ἀναο

268 4211 440 4278 γνοὺς
467 4207 571 4279 τὴν
597 4207 956 4276 Πεντάλογον,
989 4207 1092 4261 ἀπέ
1107 4225 1277 4279 ,οῃνας
1305 4208 1475 4278 αὐτὴν
1506 4209 1858 4278 πεντάφωτον

271 4295 444 4354 εἶναι.
477 4299 596 4352 Νῦν
631 4299 713 4364 δὲ,
739 4297 814 4357 ὡς
842 4298 1018 4352 έοικεν
1045 4337 1056 4363 ,
1093 4297 1387 4362 ἀντιθέτως
1414 4299 1586 4370 αὐτὴν
1615 4300 1856 4366 ὑπολαμο

2023 3662 2213 3735 Magna
2269 3680 2393 3721 cum
2446 3667 2710 3738 patientia
2766 3667 2870 3740 legi
2909 3669 3121 3726 litteras
3157 3679 3304 3734 tuas,
3363 3671 3535 3730 frater

1950 3757 2330 3815 charissima:
2387 3769 2443 3815 et
2509 3761 2665 3816 valde
2724 3760 2977 3833 obstupui
3049 3762 3118 3817 ad
3189 3764 3531 3835 repentinam

1953 3851 2307 3906 mutationem
2373 3861 2544 3906 tuam.
2607 3852 2760 3908 Mitto
2817 3854 3002 3924 priora
3049 3853 3163 3918 illa,
3217 3855 3364 3925 quod
3407 3871 3533 3913 cum

1958 3955 2143 3996 coram
2186 3957 2402 3996 mecum
2445 3957 2628 4005 esses,
2691 3942 2941 3998 haeresim
2977 3959 3104 4000 esse
3143 3945 3428 4003 confessus
3473 3964 3534 4004 es

1961 4033 2372 4090 Moechianicam
2417 4033 2610 4090 falsam
2653 4035 3010 4106 opinionem;
3073 4036 3342 4094 inscitiam
3395 4056 3534 4109 ρι-εε-

1959 4125 2148 4180 dicans
2176 4135 2232 4180 et
2279 4125 2509 4202 aliorum
2547 4125 2638 4196 qui
2671 4135 3077 4183 convenerant:
3131 4137 3319 4198 postea
3367 4131 3532 4187 etiam

1959 4228 2081 4268 cum
2112 4213 2466 4286 Pentalogum
2497 4215 2749 4286 legisses,
2779 4217 3168 4288 quintuplicem
3198 4235 3323 4274 eum
3355 4219 3532 4277 lucem

1959 4319 2079 4358 esse
2101 4305 2488 4374 pronuntiasti.
2511 4305 2556 4360 Ν
2563 4321 2668 4362 unc
2697 4321 2846 4372 vero,
2860 4315 2920 4362 ut
2940 4317 3183 4383 apparet,
3208 4308 3533 4383 impugnan-

269 4389 466 4453 ϐἀνεις
500 4405 516 4418 °
559 4387 686 4456 ὃλην
731 4405 822 4441 σου
869 4389 969 4458 τὴν
993 4389 1210 4459 όμιλίαν
1237 4389 1428 4460 ὁμοίαν
1460 4407 1543 4444 σοι
1579 4391 1679 4461 τῆς
1727 4392 1846 4460 πρὶν

1958 4395 2086 4450 dum
2138 4397 2234 4452 tibi
2301 4398 2450 4453 illum
2507 4399 2921 4455 sumisztotam
2975 4377 3301 4470 orationem
3349 4377 3531 4467 fuant,

269 4481 531 4548 ἀγνοίας,
566 4480 770 4551 μᾶλλον
813 4479 869 4532 δὲ
922 4481 1014 4534 καὶ
1066 4481 1228 4534 πλέον
1254 4482 1704 4554 ἀπεχθανομένην
1741 4487 1854 4547 τοῖς

267 4573 377 4626 ὑπὸ
423 4573 536 4643 τῆς
583 4571 965 4636 ταπεινώσεώς
995 4589 1094 4643 μου
1137 4571 1346 4644 ῥηθεῖσι
1374 4573 1632 4637 πνεύσας.
1669 4575 1777 4627 Καὶ
1807 4575 1857 4627 εί

269 4664 372 4734 μὲν
397 4663 544 4735 ἐμοῦ
577 4663 756 4732 λόγια,
795 4663 982 4734 ἐπειδὴ
1014 4664 1306 4732 σκοτεινὸς,
1337 4665 1488 4718 οὐδὲν
1520 4665 1851 4736 θαυμαστόν.

276 4755 514 4824 Ἐπειδὴ
566 4755 623 4808 δὲ
660 4753 749 4808 διὰ
795 4757 978 4826 φωνῆς
1028 4757 1258 4827 Κυρίου,
1309 4757 1620 4811 ἀποστόλων
1660 4775 1719 4811 τε
1761 4761 1857 4812 καὶ

264 4845 604 4916 προφητῶν,
634 4844 770 4917 πρὸς
791 4843 1002 4907 τούτοις
1032 4843 1090 4897 δὲ
1118 4845 1210 4898 καὶ
1239 4843 1524 4916 θεοφόροις
1581 4846 1857 4916 Πατράσιν

262 4936 744 5000 ἐναποδέδεικται,
776 4937 859 4989 ὅτι
907 4936 1120 5008 αἵρεσις
1150 4935 1510 5007 χαλεπωτάτη
1535 4953 1550 4969 ο
1607 4936 1859 5007 βλεπέτω

265 5045 365 5080 σου
385 5029 420 5098 ἡ
445 5027 690 5092 σύνεσις,
712 5028 808 5082 καὶ
831 5029 879 5081 εί
906 5027 1148 5081 τινοσοῦν
1164 5027 1326 5082 ἄλλου
1349 5028 1858 5098 ὁμογνωμονοῦντός

265 5135 376 5184 σοι,
415 5117 532 5172 ποῦ
581 5117 950 5190 προσκρούειν
1005 5118 1250 5190 μέλλετε.
1297 5119 1370 5172 Ai
1421 5117 1529 5190 γὰρ
1554 5119 1858 5190 παρ’ύμῶν

263 5211 579 5279 προτάσεις
615 5209 744 5279 περὶ
765 5208 860 5262 τοῦ
888 5210 963 5281 μὴ
995 5203 1136 5263 εἶναι
1167 5211 1400 5280 αἳρεσιν,
1430 5211 1730 5280 σύγγνωτε,
1760 5209 1860 5263 οὐκ

261 5298 332 5352 ἐκ
359 5297 562 5366 φωνῆς
590 5297 818 5368 Κυρίου,
849 5297 968 5352 οὐδὲ
991 5299 1056 5352 ἐκ
1081 5297 1344 5370 στόματος
1371 5300 1556 5368 ἁγίου·
1593 5315 1860 5370 προφητι-

260 5389 386 5452 κῶς
413 5389 476 5442 δὲ
500 5390 702 5453 εἰπεῖν,
739 5391 804 5443 ὲκ
825 5389 930 5461 γῆς
968 5389 1296 5460 φωνοῦντων
1325 5393 1421 5446 καὶ
1465 5393 1530 5445 ὲκ
1563 5391 1741 5462 νόμων
1763 5390 1860 5444 ἀλ-

259 5482 526 5536 λοκότων
557 5522 571 5549 ,
603 5481 842 5554 πληθύος
882 5500 941 5537 τε
988 5484 1085 5556 τῆς
1136 5483 1287 5557 φόϐῳ
1323 5484 1652 5557 ἀνθρωπίνῳ
1685 5485 1860 5538 πάντα

341 5640 392 5671 “
429 5638 538 5692 lsa.
580 5655 724 5705 xxix,
759 5641 812 5695 4.

1959 4487 2199 4557 pristinae
2250 4488 2393 4543 illius
2459 4489 2778 4560 ignorantia:
2823 4498 2930 4546 tute
2957 4489 3210 4558 similem,
3264 4507 3328 4547 ac
3361 4493 3534 4548 multo

1958 4578 2120 4632 etiam
2193 4579 2366 4650 magis
2437 4579 2690 4636 infestam
2745 4581 3068 4639 humilitatis
3135 4589 3272 4638 mea
3331 4581 3532 4650 dictis,

1958 4667 2231 4722 elfutiens.
2291 4665 2360 4723 Et
2419 4668 2637 4738 quidem
2681 4670 2727 4724 si
2778 4671 2942 4725 verba
2998 4687 3117 4727 mea
3153 4681 3379 4738 essent;
3409 4673 3535 4744 quia

1957 4757 2224 4812 obscurus
2277 4774 2416 4823 sum,
2469 4759 2607 4814 nihil
2661 4761 2856 4815 mirum
2904 4771 3068 4818 esset.
3124 4762 3261 4818 Cum
3309 4779 3440 4820 vero
3466 4779 3537 4820 ex

1959 4847 2174 4902 Domini
2206 4863 2338 4904 voce
2363 4889 2378 4915 ,
2441 4851 2917 4922 apostolorumque
2960 4863 3016 4908 et
3051 4855 3464 4924 prophetarum,
3503 4871 3535 4912 a

1958 4938 2211 4994 Patribus
2247 4941 2409 4994 etiam
2449 4939 2560 4996 Deo
2593 4942 2766 5011 plenis
2793 4944 3223 5000 demonstratum
3255 4947 3356 5011 sit,
3419 4946 3536 5002 hat-

1963 5028 2124 5082 resim
2165 5043 2285 5084 esse
2319 5029 2694 5100 gravissimam
2723 5047 2736 5096 ;
2792 5033 2973 5088 videat
3022 5035 3305 5102 prudentia
3335 5046 3446 5100 tua.
3478 5045 3538 5091 et

1961 5120 2209 5192 quisquis
2229 5121 2370 5178 alius
2404 5131 2488 5178 est
2510 5124 2602 5194 qui
2630 5134 2808 5180 tecum
2837 5127 3072 5190 sentiat.
3105 5144 3215 5198 quo
3253 5129 3532 5200 redigendi

1963 5210 2104 5267 sitis.
2153 5211 2490 5284 Argumenta
2532 5213 2678 5268 enim
2730 5215 2840 5284 illa,
2889 5218 3086 5287 quibus
3131 5220 3382 5276 haeresim
3425 5235 3534 5275 non

1962 5315 2086 5356 esse
2121 5302 2486 5368 contenditis,
2529 5303 2812 5376 ignoscite.
2840 5323 2950 5361 non
2985 5323 3051 5364 ex
3079 5309 3288 5364 Domini
3320 5310 3534 5372 verbis,

1964 5408 2146 5463 neque
2169 5407 2237 5449 ex
2264 5409 2358 5450 ore
2391 5402 2581 5452 sancto
2613 5396 2931 5468 deprompta
2971 5409 3098 5454 sunt
3127 5418 3142 5466 ;
3177 5401 3292 5466 sed,
3321 5409 3380 5454 ut
3411 5414 3535 5454 cum

1968 5483 2234 5556 propheta
2283 5484 2473 5555 loquar
2531 5485 2597 5550 η.
2655 5503 2718 5546 ex
2748 5497 2889 5542 terra
2942 5487 3311 5556 clamantium,
3365 5496 3424 5544 ct
3469 5501 3537 5542 ex
