4044 6366
543 239 684 309 1071

1679 245 1742 307 S.
1782 240 2177 305 THEODORI
2219 239 2568 302 STUDIT/E

3651 242 3784 308 1072

531 355 748 426 legibus
766 351 986 419 alienis.
1008 353 1470 425 multitudineque
1498 354 1681 410 omnia
1706 354 1950 410 humano
1972 362 2122 410 metu

2226 352 2405 422 λέγειν
2429 354 2889 429 ἐπιτρεπομένης.
2931 356 3102 429 Φαίης
3130 339 3240 431 γὰρ
3277 359 3392 421 ὅτι.
3425 361 3628 422 πάντες
3662 366 3797 432 φίλοι

529 445 675 515 loqui
729 443 1020 516 permissa.
1065 443 1162 500 Ais
1189 445 1336 500 enim
1417 445 1626 501 amicos
1647 459 1848 500 omnes
1881 460 1947 500 ac
1975 445 2116 516 pios,

526 538 828 607 doctosque
850 536 1006 607 juxta
1035 545 1092 593 et
1118 538 1368 594 indoctos
1394 576 1409 603 ,
1437 538 1680 608 percelli,
1714 552 1838 593 cum
1869 538 2119 594 haeresim

526 628 762 686 audiunt
803 645 963 686 esse:
1008 630 1127 688 haec
1172 642 1361 688 contra
1417 641 1795 704 Opponentes:
1835 631 1972 686 Cum
2021 632 2119 685 ad-

527 733 782 778 versetur
849 738 1034 790 nemo,
1075 724 1336 781 doeeatve
1365 725 1648 791 moechari,
1707 732 1768 779 et
1825 723 2120 795 sacrilegos

528 815 846 882 absolvere;
887 816 1162 886 quomodo
1199 816 1486 872 haereticos
1529 816 1653 892 illos
1681 816 2124 887 appellabimus?

528 904 989 979 Transgressores
1027 907 1173 962 enim
1209 907 1596 962 mandatorum
1644 906 1859 962 Domini
1903 917 1958 964 et
1997 923 2120 963 con-

529 995 836 1056 culcatores
846 1011 1119 1055 canonum
1135 999 1453 1054 divinorum
1466 1042 1480 1066 ,
1497 1008 1554 1055 et
1577 1000 1873 1072 sacrilegos
1897 1015 2118 1070 aequum

528 1098 615 1146 est
641 1089 916 1162 appellare
963 1103 1062 1146 eos
1081 1089 1316 1156 scilicet,
1352 1105 1462 1146 non
1485 1099 1668 1146 autem
1689 1092 1994 1148 haereticos.
2015 1091 2117 1158 Qui

529 1195 660 1257 ergo
681 1183 1081 1255 possimusnen
1101 1185 1511 1255 obstupescere,
1537 1185 1772 1256 primum
1785 1185 2116 1255 diligentiam

529 1285 768 1333 vestram
787 1314 803 1339 ,
833 1291 956 1346 qua:
981 1276 1173 1332 eadem
1201 1285 1371 1348 atque
1407 1277 1486 1332 illi
1520 1276 1820 1332 identidem
1865 1276 2117 1346 producit

529 1369 588 1427 in
615 1369 955 1436 medium,et
985 1385 1115 1427 vera
1133 1365 1278 1427 inde‘
1295 1383 1558 1442 responsa
1593 1370 1762 1425 refert
1788 1409 1802 1433 ,
1835 1385 1958 1439 quae
1983 1384 2118 1440 pue-

533 1461 612 1520 ris
645 1463 778 1534 ipsis
807 1464 1142 1536 persuadere
1167 1465 1425 1536 possint?
1453 1464 1660 1520 Deinde
1691 1478 1880 1518 rursus
1902 1463 2115 1528 eadem,

529 1557 680 1614 velut
707 1555 875 1614 oblita
901 1573 1022 1629 qua:
1039 1557 1195 1629 prius
1223 1543 1465 1624 audivit,
1514 1555 1724 1630 profert
1755 1571 1878 1613 cum
1907 1555 2119 1610 acriore

2223 448 2317 501 καὶ
2356 447 2624 514 εὐσεϐεῖς,
2663 450 2960 518 γνωστικοί
2987 468 3046 505 τε
3083 451 3180 506 καὶ
3207 453 3798 526 ίδιῶται,ἐκμείνονται

2221 541 2521 607 ἀκούοντες
2563 544 2648 599 ὅτι
2676 545 2887 616 αἵρεσις
2917 561 2932 576 ·
2964 545 3316 616 παράστασιν
3359 546 3536 602 ταῦτα
3577 551 3801 620 προϐαλ-

2221 636 2462 708 λόμενοι,
2491 639 2576 692 ὅτι
2621 639 2850 710 μηδενὸς
2887 640 3294 712 ἀνθισταμένου
3333 643 3426 696 καὶ
3461 642 3800 709 διδάσκοντος

2219 728 2316 783 τοῦ
2351 729 2626 800 μοιχεύειν
2653 730 2748 784 καὶ
2778 731 2927 784 λύειν
2956 733 3086 796 τοὺς
3121 732 3389 803 ἀνιέρους.
3425 734 3550 798 Πῶς
3586 737 3801 789 καλέσο·

2223 838 2324 892 μεν
2361 821 2559 886 αὐτοὺς
2597 823 2950 896 αίρετικοόςς
2989 827 3323 898 [Ιαραδάτας
3351 828 3463 898 γὰρ
3514 829 3626 883 τῶν
3656 832 3802 885 ἐντο-

2222 913 2329 967 λῶν
2368 914 2465 968 τοῦ
2494 916 2735 986 Κυρίου,
2777 917 2868 970 καὶ
2901 919 3294 989 καταωτητάς
3321 919 3429 973 τῶν
3459 920 3622 975 θείων
3651 925 3804 977 κανό-

2221 1024 2349 1073 νων,
2385 1009 2480 1062 καὶ
2501 1009 2616 1064 ἀνιέ
2626 1027 2773 1080 ρους,
2800 1010 3030 1066 δίκαιον.
3052 1011 3175 1075 Πῶς
3204 1009 3298 1067 οὖν
3319 1005 3422 1068 οὐκ
3439 1013 3589 1070 ἐστιν
3603 1017 3802 1070 ἐκπλα-

2229 1099 2394 1171 γῆναι
2444 1100 2662 1174 πρῶτον
2687 1103 2768 1166 είς
2815 1102 2915 1174 τὴν
2969 1101 3129 1174 ἡμῶν
3181 1104 3498 1175 ἐμμέλειαν,
3555 1107 3627 1160 τά
3672 1109 3803 1162 αὗτά

2219 1193 2481 1258 πολλάκις
2505 1194 2667 1264 δῆθεν
2693 1195 2920 1250 ἐκείνων
2956 1199 3364 1268 προσάγουσαν,
3399 1199 3494 1253 καὶ
3537 1201 3801 1254 ἀντακούο

2219 1302 2386 1340 ουσαν
2407 1287 2639 1358 τάληθῆ.
2663 1287 2702 1342 ἀ
2729 1289 2824 1342 καὶ
2852 1289 3052 1354 παῖδας
3078 1290 3289 1344 πείθειν
3321 1291 3526 1346 δύναιτ’
3562 1295 3651 1349 ἀν.
3679 1291 3802 1348 Εἶτα

2219 1379 2377 1444 αὖθις
2403 1380 2472 1434 τὰ
2525 1381 2704 1444 αὐτὰ,
2735 1379 2929 1452 ὥσπερ
2982 1381 3385 1453 ἐπιλαϐομένην
3431 1383 3499 1437 τά
3542 1386 3802 1457 πρότερον

2220 1473 2578 1538 ἀκουσθέντα,
2603 1475 2922 1543 ἐπάγουσαν
2959 1473 3101 1544 μετά
3127 1475 3500 1546 σφοδροτέρας
3539 1477 3641 1547 τῆς
3673 1480 3804 1533 ἀπο-

2223 1566 2345 1638 ρίας
2371 1568 2466 1619 καὶ
2498 1566 2790 1636 καθάψεως
2817 1568 2848 1637 ἡ
2859 1565 2976 1637 μῶν
3009 1565 3091 1630 ὡς
3124 1566 3336 1637 ἀλόγως
3363 1569 3632 1638 λεγόντων
3656 1573 3802 1642 αἴρε-

529 1646 904 1705 controversia
953 1656 1009 1703 et
1072 1647 1507 1718 reprehensione
1583 1654 1790 1710 nostra,
1859 1652 2117 1712 tanquam

2226 1673 2307 1709 σιν
2334 1671 2348 1686 ν
2384 1655 2531 1710 οὕτω
2569 1654 2631 1728 [1⁵.
2665 1657 2850 1729 τοῦτο]
2909 1652 3010 1728 μέν
3037 1673 3122 1710 τοι
3151 1656 3210 1711 τὸ
3251 1658 3381 1729 περὶ
3417 1659 3562 1730 ὑμᾶς
3602 1661 3803 1733 ἐκπλη-

530 1737 812 1795 immerito
831 1739 1091 1794 haeresim
1121 1753 1245 1794 esse
1275 1738 1635 1794 afﬁrmemus.
1680 1737 1825 1802 lloc,
1857 1737 2076 1807 inquam
2101 1775 2117 1800 ,

529 1839 638 1898 est,
663 1831 720 1885 in
759 1845 872 1901 quo
890 1831 1149 1887 demirari
1179 1847 1277 1888 vos
1305 1847 1490 1904 cogor.

601 1920 760 1990 Quod
782 1937 913 1978 vero
937 1921 1005 1978 ad
1039 1922 1190 1994 ipsos
1217 1920 1559 1979 adversarios
1581 1923 1804 1986 attinet,
1833 1922 1949 1976 haec
1974 1922 2116 1976 dico:

530 2007 783 2080 Quonam
809 2021 990 2083 pacto,
1025 2011 1173 2083 quod
1205 2013 1470 2084 synodice
1501 2013 1937 2084 promulgarunt,
1972 2009 2118 2082 quod

531 2107 934 2165 confirmath
959 2107 1060 2164 sub
1097 2121 1287 2163 eorum
1334 2107 1686 2162 anathemate
1717 2107 1811 2177 qui
1857 2106 2116 2179 dogmati,

534 2201 640 2258 hoc
673 2211 762 2257 esst
797 2201 1190 2272 dispensationi
1249 2200 1492 2272 ipsorum
1519 2215 1578 2255 se
1621 2209 1929 2270 opponunt,
1975 2198 2120 2270 quod

533 2293 832 2350 etiamnum
870 2291 1290 2364 quotidie‘l‘actis
1317 2291 1452 2363 ipsis
1489 2289 1784 2356 docent,id
1820 2291 2120 2362 prmdicare

532 2394 590 2443 et
635 2386 832 2442 docere
856 2400 915 2440 se
953 2382 1204 2456 negant?
1239 2382 1414 2450 Quam
1460 2383 1625 2455 igitur
1648 2381 1718 2437 ob
1747 2395 1963 2435 causam
2017 2393 2122 2450 ego

537 2477 760 2534 humilis
785 2477 1030 2533 inclusus
1067 2476 1156 2532 hic
1195 2469 1440 2531 teneor?
1477 2475 1585 2530 Cur
1653 2473 1896 2530 inclusus
1959 2473 2120 2527 Pater

535 2581 696 2624 meus
757 2567 1018 2623 arumnis
1082 2565 1312 2622 allectus
1375 2575 1490 2630 est,
1545 2565 1619 2621 ab
1685 2566 1808 2620 aliis
1868 2580 2119 2637 segrega-

538 2671 627 2716 tus
697 2659 970 2730 primum,
1031 2659 1230 2715 deinde
1306 2659 1360 2714 in
1429 2674 1554 2714 eum
1622 2659 1866 2714 intrusus
1937 2659 2116 2712 locum

539 2751 630 2808 ubi
689 2765 839 2806 nunc
891 2762 976 2808 est
1010 2751 1035 2805 2
1070 2750 1185 2805 Cur
1231 2752 1675 2822 archiepiscopus
1729 2751 1972 2822 ipsorum
2027 2751 2119 2820 ju-

538 2843 680 2900 dicio
717 2844 1018 2915 depositus,
1048 2843 1188 2900 et'in
1225 2857 1320 2898 eas
1348 2844 1624 2915 angustias
1651 2843 1919 2905 redactus,
1953 2850 2014 2894 ut
2038 2842 2119 2895 ci-

537 2937 668 2993 bum
731 2946 878 2994 certa
939 2951 1196 2991 mensura
1259 2945 1502 3006 caperet,
1557 2935 1824 2990 ministris
1884 2934 2114 3004 imperio

537 3028 800 3095 astrictts,
847 3035 963 3083 tum
995 3027 1048 3082 in
1100 3027 1302 3098 palatio
1327 3027 1590 3095 inclusus,
1622 3043 1685 3081 ac
1728 3040 1904 3096 nuper
1953 3024 2116 3080 etiam
2148 3057 2195 3121 ρ

540 3121 599 3176 in
629 3119 880 3176 exsilium
910 3120 1163 3191 eiectus?
1196 3121 1308 3176 Cur
1341 3121 1641 3175 reverentia
1667 3129 1757 3174 tua
1787 3135 1910 3174 cum
1943 3118 2124 3173 fratri-

540 3211 645 3267 bus
692 3212 953 3268 custodia:
984 3200 1178 3267 tradita
1215 3211 1614 3266 Thessalonica
1649 3228 1664 3264 :
1695 3218 1751 3265 et
1787 3209 2125 3266 Theosostus

542 3303 866 3374 pnepositus
885 3319 951 3360 ex
980 3304 1170 3360 eadem
1203 3303 1423 3358 civitate
1449 3303 1638 3373 pulsus
1669 3317 1791 3357 cum
1823 3302 2122 3373 discipulis:

541 3407 598 3453 et
619 3397 756 3452 alter
785 3396 988 3452 ibidem
1015 3395 1344 3467 praepositus
1389 3395 1674 3452 immodice
1699 3395 2128 3450 diverberatus?

541 3491 654 3545 Cur
681 3488 1010 3545 Naucratius
1041 3498 1096 3542 et
1125 3487 1385 3543 Arsenius
1418 3487 1614 3542 fratres
1670 3495 1820 3540 arcta
1877 3485 2124 3541 custodia

545 3586 652 3639 huc
674 3595 843 3653 usque
863 3581 1199 3641 detinentur.
1226 3579 1450 3650 parique
1474 3580 1634 3634 modo
1661 3578 1892 3633 Basilius
1914 3590 1969 3634 et
1987 3577 2094 3634 Gre
2109 3607 2126 3618 -

542 3675 765 3746 gorius?
796 3671 907 3730 Cur
928 3672 1241 3744 Stephanus
1270 3672 1359 3726 ille
1407 3671 1625 3726 virtutis
1650 3686 1840 3726 amans
1864 3671 2125 3742 praeposi-

545 3777 632 3822 tus
644 3781 768 3822 eum
783 3764 1063 3835 discipulis
1077 3763 1468 3834 quinquaginta
1485 3778 1586 3818 suo
1598 3773 1820 3818 exactus
1845 3772 2125 3818 monaste-

543 3857 665 3913 rio:
689 3871 816 3913 cum
847 3872 955 3911 una
984 3871 1108 3912 cum
1139 3864 1358 3910 centum
1391 3863 1446 3909 et
1468 3855 1677 3922 decem,
1702 3865 1756 3910 et
1787 3870 1912 3910 cum
1936 3871 2003 3909 eo
2031 3856 2122 3925 qui

541 3948 836 4019 episcOpus
883 3958 1009 4003 ante
1067 3946 1270 4012 fuerat,
1337 3947 1821 4019 mrechosynodum
1866 3957 2124 4017 tanquam

541 4039 818 4114 Evangelii
852 4039 1216 4096 infractricem
1238 4042 1586 4095 anathemate
1618 4039 1954 4105 damnasset,
1983 4041 2126 4095 sicut

539 4132 720 4188 missa:
745 4131 821 4187 ab
834 4147 902 4187 eo
929 4131 1128 4187 litterae
1157 4132 1591 4188 testantur?Cur
1611 4132 1879 4187 Antonius
1909 4132 2123 4203 religio-

543 4223 793 4280 sissimus
821 4224 1146 4294 praepositus
1170 4225 1227 4279 in
1255 4225 1558 4280 custodiam
1583 4223 1728 4294 apud
1777 4223 2120 4280 Ammorium

535 4311 700 4368 datus
724 4351 742 4377 ,
765 4311 1108 4384 cumgidem
1132 4327 1245 4381 quo
1275 4311 1524 4382 superior
1553 4309 1716 4365 modo
1739 4311 2123 4383 mcechosyno—

2227 1747 2436 1803 κτικὸν.

2299 1924 2436 1995 Περὶ
2463 1924 2526 1999 δέ,
2551 1921 2661 1979 τῶν
2686 1926 2964 1994 ἐναντίων,
2997 1927 3182 1981 ἐκεῖνα
3216 1928 3335 1999 εἰμὶ
3359 1927 3536 1998 λέγων
3563 1947 3577 1962 ο
3609 1929 3755 1997 Πῶς,
3775 1930 3803 1983 δ

2224 2013 2502 2084 ἐκήρυξαν
2521 1997 2857 2080 λσυνοδικῶς,
2878 2018 2974 2070 καὶ
2999 1997 3339 2072 ἐΰεόαίωσαν
3375 1997 3467 2073 ὑπ’
3499 2020 3802 2090 ἀναθέματι

2223 2104 2334 2158 τῶν
2372 2105 2802 2160 ἀντιπιπτόντων
2851 2107 2928 2179 τῷ
2971 2107 3225 2179 δόγματι,
3276 2111 3394 2182 ἦτοι
3427 2113 3492 2182 τῇ
3523 2113 3802 2184 οἰκονομία

2227 2193 2431 2248 αὐτῶν⁹
2447 2196 2543 2248 καὶ
2567 2195 2648 2248 ἔτι
2679 2197 3029 2268 καθεκάστην
3058 2200 3396 2270 ἐμπράκτως
3416 2201 3799 2256 διδασκόντων

2231 2286 2306 2357 μὴ
2335 2286 2668 2357 κηρύσσειν,
2702 2289 2837 2360 μηδὲ
2865 2290 3141 2345 διδάσκειν
3171 2291 3441 2361 λέγουσιν.
3485 2294 3629 2366 ὑπὲρ
3666 2294 3803 2358 τίνος

2219 2378 2339 2446 ἐγὼ
2361 2381 2390 2433 6
2411 2381 2666 2444 ταπεινὸς
2695 2382 2935 2436 ἐνταῦθα
2969 2384 3358 2452 ἀπόκλειστος;
3399 2385 3574 2457 ’Υπέρ
3611 2388 3757 2451 τίνος
3778 2390 3804 2440 6

2227 2467 2418 2540 Πατήρ
2463 2487 2566 2540 μου
2593 2472 2620 2524 6
2649 2471 2960 2539 ἑγκλειστος
3003 2474 3487 2546 τεταλαιπώρηται
3509 2515 3526 2542 ,
3561 2493 3805 2547 μεμονω-

2230 2561 2388 2630 μένος
2416 2560 2476 2616 τὸ
2504 2563 2634 2633 πρίν
2655 2580 2668 2593 ο
2689 2561 2881 2616 ἔπειτα
2914 2565 3369 2636 παρερριμμένος
3394 2568 3453 2622 ὲν
3478 2559 3522 2635 ᾧ
3553 2568 3808 2640 περιώρι-

2228 2667 2352 2706 σται
2385 2653 2570 2725 τόπῳ;
2619 2655 2759 2726 ὑπὲρ
2809 2656 2954 2720 τίνος
3003 2657 3031 2710 6
3076 2658 3514 2727 ἀρχιεπίσκοπος
3559 2660 3638 2723 ὡς
3687 2663 3803 2715 κατ’

2225 2743 2425 2808 αὐτοὺς
2450 2745 2666 2817 καθῃρη
2677 2747 2837 2816 μένος
2866 2748 2961 2800 καὶ
3002 2749 3061 2802 ἐν
3100 2749 3270 2821 πολλῇ
3293 2751 3628 2823 στενοχωρίᾳ
3664 2769 3806 2823 ’παρο

2227 2836 2458 2908 ἀγγελίᾳ
2506 2853 2565 2890 τε
2610 2843 2703 2892 καὶ
2749 2838 3052 2911 ἀσφαλείᾳ»
3100 2841 3176 2905 ὡς
3231 2841 3327 2894 καὶ
3372 2843 3580 2914 τροφὴν
3626 2844 3806 2914 μέτρῳ

2227 2927 2526 2997 λαμϐάνειν
2557 2919 2741 2985 αὐτόν.
2806 2930 3372 3003 Παρακελευσθέντων
3399 2932 3510 2987 τῶν
3551 2936 3804 3005 τροφοδοο

2225 3017 2369 3072 τῶν·
2402 3013 2522 3072 εἶτα
2557 3019 2615 3072 ἐν
2659 3020 2738 3091 τῷ
2789 3021 3042 3093 παλατίῳ
3082 3023 3556 3093 μετεγκλεισθειςο
3585 3024 3715 3096 ἀρτι
3749 3041 3805 3078 τε

2227 3115 2287 3165 ἐν
2319 3110 2471 3183 ξενίᾳ.
2522 3113 2936 3184 παραῤῥιφείς;
2991 3114 3135 3186 ὑπὲρ
3177 3115 3323 3179 τίνος
3356 3118 3391 3188 ἠ
3424 3117 3679 3190 τιμιότης
3716 3135 3806 3172 σου

2227 3203 2324 3256 σὺν
2377 3205 2490 3267 τοῖς
2541 3203 2794 3275 ἀδελφοῖς
2851 3206 2908 3260 ἐν
2963 3207 3336 3281 Θεσσαλονίκῃ
3393 3211 3803 3281 φρουρουμένηο

2225 3291 2539 3357 Θεόσωστός
2565 3311 2624 3347 τε
2663 3298 2690 3349 6
2721 3296 3027 3368 ἡγούμενος
3055 3299 3390 3371 διωκόμενος
3421 3301 3520 3354 σὺν
3546 3303 3662 3364 τοῖς
3693 3319 3797 3369 me

2224 3387 2413 3454 τηταίς
2447 3387 2512 3438 ἐκ
2545 3386 2648 3457 τῆς
2677 3389 2848 3459 αὐτῆς
2908 3391 3144 3455 πόλεως’
3191 3391 3376 3462 ἕτερός
3405 3409 3467 3445 τε
3507 3393 3807 3463 ἡγούμενος

2225 3475 2484 3547 ἀμέτρως
2510 3481 2880 3549 μαστιγωθεὶς
2915 3482 3025 3535 τῶν
3059 3484 3275 3551 ἐκεῖσε;
3309 3484 3449 3554 ὑπὲρ
3481 3485 3626 3548 τίνος
3661 3486 3807 3540 Nau-

2226 3566 2450 3636 κράτιός
2500 3584 2561 3620 τε
2612 3570 2708 3622 καὶ
2753 3571 3034 3642 Ἀρσένιος
3076 3574 3126 3625 oi
3181 3571 3423 3642 ἀδελφοὶ,
3481 3574 3586 3637 ἕως
3645 3574 3808 3645 δεῦρο

2224 3657 2483 3726 ἀσφαλῶς
2513 3659 3065 3732 καταφρουρούμενοι
3085 3700 3100 3726 ,
3139 3661 3419 3728 Βασίλειός
3453 3681 3512 3717 τε
3543 3666 3636 3717 καὶ
3665 3665 3807 3736 Γρη-

2218 3749 2410 3826 ἵόριος
2451 3751 2746 3819 ὡσαύτως;
2793 3753 2932 3825 ὑπὲρ
2980 3756 3126 3818 τίνος
3167 3753 3442 3826 Στέφανος
3485 3757 3513 3809 ό
3553 3757 3806 3827 ἐνάρετος

2226 3841 2549 3912 ἡγούμενος,
2599 3844 2698 3897 σὺν
2751 3850 3094 3916 πεντήκοντα
3141 3848 3413 3922 μαθηταῖς
3463 3857 3808 3921 μεταναστὰς

2226 3936 2291 3987 ἐκ
2329 3935 2424 3988 τοῦ
2477 3936 2680 3990 οἰκείου
2734 3941 3160 4010 φροντιστηρίου
3209 3943 3305 3995 σὺν
3335 3943 3528 3996 ἑκατόν
3559 3962 3618 3998 τε
3651 3946 3804 4008 δέκα,

2225 4026 2343 4098 ἅμα
2375 4029 2664 4100 ἐπισκόπῳ
2697 4030 2992 4101 πρότερον,
3023 4032 3445 4102 ἀναθεματικὼς
3476 4036 3576 4106 τὴν
3620 4053 3806 4106 μοιχο-

2229 4121 2467 4187 σύνοδον,
2511 4119 2586 4184 ὡς
2610 4121 2670 4174 τὸ
2703 4122 3039 4191 Εὑαγγέλιον
3066 4123 3342 4178 λὺσασαν’
3388 4126 3533 4180 καθά
3561 4130 3806 4199 περιέχει

2224 4215 2286 4270 τὸ
2311 4216 2625 4271 ἀποσταλὲν
2659 4221 2793 4290 παρ’
2821 4219 2984 4273 αὐτοῦ
3025 4225 3438 4292 γραμματεῖον;
3489 4224 3628 4295 ὑπὲρ
3661 4227 3805 4288 τίνος

2238 4307 2526 4373 Ἀντώνιος
2555 4311 2583 4362 6
2608 4309 3004 4376 εὐλαϐέστατος
3037 4313 3366 4383 ἡγούμενος,
3394 4313 3454 4366 ἐν
3478 4316 3691 4385 φρουρᾷ
3726 4315 3804 4377 είς

533 4401 671 4458 dum
695 4413 807 4455 una
823 4415 955 4456 cum
983 4401 1241 4458 fratribus
1277 4401 1394 4458 suis
1417 4400 1930 4457 auathematizasset
1957 4403 1982 4456 ?
2015 4403 2122 4459 Cur

2227 4397 2288 4452 τὸ
2337 4399 2674 4472 ’Δμμόριον·
2720 4401 2923 4472 ὁμοίως
2972 4401 3071 4456 τοῦ
3106 4403 3376 4474 προτέρου
3429 4405 3527 4458 σὺν
3568 4410 3633 4475 τῇ
3686 4407 3805 4458 κατ’

543 4487 872 4550 Ennianus
908 4492 1078 4550 frater
1107 4509 1137 4549 a
1159 4491 1562 4550 Nicomediensi
1597 4493 1654 4548 in
1683 4491 1950 4565 Thyniam
2000 4495 2121 4551 vin-

535 4595 662 4644 ctus
693 4586 896 4644 ductus
915 4596 1020 4652 est,
1050 4585 1474 4656 verberibusque
1499 4593 1554 4640 et
1582 4585 1829 4642 ludibriis
1876 4587 2123 4656 all‘ectus,

541 4680 757 4752 direpto
775 4681 852 4736 ab
877 4679 944 4736 iis
971 4679 1064 4751 qui
1096 4679 1404 4750 irruperant
1431 4679 1788 4744 monasterio,
1814 4681 2036 4750 perinde
2063 4697 2128 4737 ac

543 4771 588 4826 si
619 4770 858 4826 hostium
887 4768 1060 4840 spolia
1089 4768 1318 4824 fuissent
1345 4765 1369 4821 ?
1406 4767 1516 4822 Cur
1546 4768 1599 4822 in
1617 4767 1899 4824 Chersone
1941 4785 2126 4840 perse-

533 4862 823 4919 cutionem
861 4875 1059 4933 passus
1094 4857 1216 4916 "Leo
1267 4859 1540 4930 piissimus
1589 4857 1916 4932 Episcopus,
1970 4861 2128 4918 Vale-

535 4953 692 5010 lades
709 4960 1097 5026 cognomento,
1123 4960 1180 5008 et
1199 4952 1469 5007 Antonius
1501 4953 1832 5009 reverendus
1870 4955 2127 5026 praeposi-

539 5057 772 5103 tuscum
799 5045 923 5101 aliis
949 5044 1164 5101 duobus
1188 5045 1432 5101 custodia
1466 5055 1654 5118 septus
1673 5046 1700 5099 ?
1725 5045 1903 5102 Curin
1933 5046 2127 5118 Lipara

546 5139 720 5194 insula
738 5139 887 5194 ultra
916 5137 1152 5194 Siciliam
1185 5139 1355 5208 posita
1395 5137 1591 5193 fratres
1638 5137 1808 5193 nostri
1859 5138 1914 5192 in
1944 5147 2126 5194 custo-

545 5232 632 5288 dia
657 5231 866 5288 detenti
891 5231 915 5285 ?
941 5231 1052 5288 Cur
1085 5231 1305 5287 Letolus
1335 5232 1390 5286 in
1418 5233 1700 5287 (Ihersone
1739 5237 2001 5298 retentus,
2037 5229 2124 5284 in-

545 5325 720 5396 deque
777 5324 880 5381 sub
929 5323 1174 5379 cuStodia
1204 5325 1274 5379 ad
1317 5324 1700 5395 imperatorem
1755 5322 1977 5388 missus,
2008 5333 2122 5378 tum

547 5415 784 5490 Byzantii
805 5418 860 5472 in
881 5432 1158 5474 carcerem
1176 5416 1474 5487 conjectus,
1499 5425 1553 5470 et
1575 5414 1663 5470 aiii
1696 5415 1897 5485 pariter
1924 5416 1978 5472 in
2006 5433 2126 5473 mo-

546 5512 798 5567 nasteriis
829 5511 1031 5567 detenti
1065 5512 1090 5564 ?
1127 5509 1310 5563 Dicam
1364 5523 1555 5562 rursus
1603 5507 1670 5562 de
1722 5509 1881 5564 nobis
1925 5509 2115 5566 tribus.

545 5601 656 5654 Cur
693 5600 757 5654 ad
799 5600 1054 5671 Agathi“
1085 5596 1240 5652 nobis
1259 5596 1345 5650 illa
1373 5610 1470 5666 per
1502 5595 1817 5665 Spatharios
1845 5598 1913 5652 ab
1946 5597 2118 5668 impc-

2232 4491 2398 4546 αὐτὸν
2427 4491 2750 4564 ἀδελφότητι
2795 4493 3214 4564 ἀναθεματικὼς
3243 4495 3342 4568 τὴν
3393 4497 3803 4568 μοιχοσύνοδονς

2234 4584 2374 4656 ὑπὲρ
2399 4586 2543 4649 τίνος
2576 4588 2626 4639 οἱ
2654 4588 2783 4659 περὶ
2808 4588 2900 4641 τὸν
2945 4587 3174 4658 ἀδελφὺν
3200 4589 3522 4660 Δίμιλιανὸν
3549 4591 3608 4643 ἐν
3635 4591 3806 4661 Θυνίςρ⁵

2234 4681 2385 4750 παρὰ
2431 4679 2526 4734 τοῦ
2566 4681 2922 4752 Νικομηδέως
2957 4683 3204 4750 δεθέντες
3243 4685 3337 4739 καὶ
3369 4686 3652 4756 ἀχθέντες,
3687 4690 3804 4742 πείο

2238 4773 2337 4843 ράν
2385 4789 2442 4825 τε
2483 4773 2760 4842 μαστίγων
2795 4776 2890 4829 καὶ
2920 4776 3256 4846 ἐμπαιγμῶν
3303 4777 3594 4843 λαϐόντες·
3634 4797 3806 4832 κατα-

2233 4862 2394 4934 ληῖσα
2403 4863 2580 4932 μένων
2607 4863 2716 4916 τῶν
2738 4864 3176 4919 ἐπεισπεσόντων
3196 4867 3379 4931 αὐτοῖς
3394 4867 3466 4920 τά
3494 4867 3595 4938 τῆς
3616 4869 3804 4940 μονῆς,

2232 4956 2306 5019 ὡς
2339 4954 2610 5026 πολεμικά
2645 4955 2901 5028 λάφυρα;
2949 4957 3094 5031 ὑπὲρ
3133 4958 3281 5024 τίνος
3330 4963 3390 5014 ἐν
3431 4963 3679 5032 Χερσῶνι
3715 4961 3804 5014 δε-

2229 5045 2528 5117 διωγμένος
2559 5047 2709 5100 Λέων
2735 5049 2766 5100 6
2796 5046 3212 5116 θεοσεϐέστατος
3250 5051 3554 5117 ἐπίσκοπος
3586 5054 3646 5107 τὸ
3682 5054 3803 5108 ἐπί-

2231 5137 2366 5209 κλην
2394 5137 2700 5209 Βαλελάδης
2721 5155 2736 5171 ο
2787 5138 3070 5206 Ἀντώνιός
3101 5159 3161 5196 τε
3190 5145 3219 5197 6
3250 5145 3616 5216 τετιμημένος
3638 5146 3804 5215 ἡγού-

2235 5247 2392 5300 μενος
2420 5231 2518 5284 σὺν
2564 5230 2716 5286 δυσὶν
2756 5231 2937 5299 ἀλλοις
2967 5238 3452 5308 πεφρουρημένοςς
3483 5238 3623 5309 ὑπὲρ
3658 5238 3801 5298 τίνες

2230 5321 2288 5372 ἐν
2319 5319 2557 5390 Λιπάρει
2585 5323 2652 5393 τῇ
2688 5323 3017 5394 ὑπερέκεινα
3060 5327 3310 5392 Σικελίας
3329 5368 3346 5394 ,
3391 5329 3612 5400 ἀδελφοὶ
3643 5330 3805 5400 ἡμῶν

2229 5412 2286 5462 ἐν
2317 5410 2533 5483 φυλακῇ
2564 5413 2928 5484 τηρούμενοις
2979 5418 3122 5491 ὑπὲρ
3151 5419 3297 5485 τίνος
3335 5422 3386 5474 οί
3421 5423 3552 5494 περὶ
3579 5424 3804 5492 Λητόῑον

2230 5505 2287 5557 ἐν
2325 5504 2575 5575 Χερσῶνι
2621 5509 3162 5581 παραφυλαχθέντες,
3202 5513 3456 5570 κάκεῖθεν
3492 5516 3550 5567 ἐν
3588 5516 3806 5584 φυλακῇ

2230 5597 2726 5667 παραπεμφθέντες
2775 5601 2911 5670 πρὸς
2954 5603 3047 5657 τὸν
3103 5605 3348 5673 βασιλέα,
3396 5601 3514 5661 εἶτα
3573 5606 3807 5675 φυλακι-

620 5715 665 5745 ⁴⁵⁹
699 5712 1084 5767 Monasterinm.
1153 5709 1288 5766 Vide
1328 5708 1837 5781 Constantinopolim
1891 5713 2089 5770 Christ.
2151 5719 2246 5774 lib.
2287 5734 2359 5777 tv,
2396 5731 2518 5785 pag.
2551 5716 2669 5770 180.

3995 4067 3997 4094 ι

3995 4113 3997 4152 l

3995 4327 3997 4346 τ
