  <div class='ocr_page' id='page_1' title='image "/cluster/home/n/w/nwhite01/storage/ocr_20150623/99/hvd.32044024464356/544.png"; bbox 0 0 4044 6366; ppageno 0'>
   <div class='ocr_carea' id='block_1_1' title="bbox 316 466 451 529">
    <p class='ocr_par' dir='ltr' id='par_1_1' title="bbox 316 466 451 529">
     <span class='ocr_line' id='line_1_1' title="bbox 316 466 451 529; baseline 0.007 -1"><span class='ocrx_word' id='word_1_1' title='bbox 316 466 451 529; x_wconf 81' lang='grc' dir='ltr'>1οῖ3</span> 
     </span>
    </p>
   </div>
   <div class='ocr_carea' id='block_1_2' title="bbox 1535 459 2342 524">
    <p class='ocr_par' dir='ltr' id='par_1_2' title="bbox 1535 459 2342 524">
     <span class='ocr_line' id='line_1_2' title="bbox 1535 459 2342 524; baseline -0.005 -1"><span class='ocrx_word' id='word_1_2' title='bbox 1535 459 2071 524; x_wconf 82' lang='lat' dir='ltr'><strong>EPISTOLARUM</strong></span> <span class='ocrx_word' id='word_1_3' title='bbox 2105 459 2250 520; x_wconf 85' lang='lat' dir='ltr'><strong>LIB.</strong></span> <span class='ocrx_word' id='word_1_4' title='bbox 2292 459 2342 519; x_wconf 92' lang='grc' dir='ltr'><strong>Ι.</strong></span> 
     </span>
    </p>
   </div>
   <div class='ocr_carea' id='block_1_3' title="bbox 3431 460 3566 533">
    <p class='ocr_par' dir='ltr' id='par_1_3' title="bbox 3431 460 3566 533">
     <span class='ocr_line' id='line_1_3' title="bbox 3431 460 3566 533; baseline -0.052 0"><span class='ocrx_word' id='word_1_5' title='bbox 3431 460 3566 533; x_wconf 68' lang='grc'><strong>1074</strong></span> 
     </span>
    </p>
   </div>
   <div class='ocr_carea' id='block_1_4' title="bbox 311 565 1884 646">
    <p class='ocr_par' dir='ltr' id='par_1_4' title="bbox 311 572 1884 646">
     <span class='ocr_line' id='line_1_4' title="bbox 311 572 1884 646; baseline -0.003 -15"><span class='ocrx_word' id='word_1_6' title='bbox 311 579 528 638; x_wconf 74' lang='grc' dir='ltr'>σθέντες</span> <span class='ocrx_word' id='word_1_7' title='bbox 573 576 631 627; x_wconf 86' lang='grc' dir='ltr'><strong>ἐν</strong></span> <span class='ocrx_word' id='word_1_8' title='bbox 681 578 758 645; x_wconf 74' lang='grc' dir='ltr'>τῷ</span> <span class='ocrx_word' id='word_1_9' title='bbox 817 572 1120 641; x_wconf 73' lang='grc' dir='ltr'>Βυζαντίῳο</span> <span class='ocrx_word' id='word_1_10' title='bbox 1187 573 1280 625; x_wconf 78' lang='grc' dir='ltr'><strong>καὶ</strong></span> <span class='ocrx_word' id='word_1_11' title='bbox 1346 573 1771 646; x_wconf 67' lang='grc' dir='ltr'>συντηρούμενοι</span> <span class='ocrx_word' id='word_1_12' title='bbox 1825 575 1884 626; x_wconf 86' lang='grc' dir='ltr'><strong>ἐν</strong></span> 
     </span>
    </p>
   </div>
   <div class='ocr_carea' id='block_1_5' title="bbox 1985 565 3568 646">
    <p class='ocr_par' dir='ltr' id='par_1_5' title="bbox 1991 565 3568 638">
     <span class='ocr_line' id='line_1_5' title="bbox 1991 565 3568 638; baseline -0.004 -12"><span class='ocrx_word' id='word_1_13' title='bbox 1991 579 2170 626; x_wconf 89' lang='lat' dir='ltr'><strong>ratore</strong></span> <span class='ocrx_word' id='word_1_14' title='bbox 2203 568 2558 625; x_wconf 86' lang='lat' dir='ltr'><strong>denuntiata:</strong></span> <span class='ocrx_word' id='word_1_15' title='bbox 2591 565 3185 624; x_wconf 69' lang='lat' dir='ltr'><strong>Vosanatbematizati</strong></span> <span class='ocrx_word' id='word_1_16' title='bbox 3246 570 3400 638; x_wconf 79' lang='lat' dir='ltr'><strong>estis,</strong></span> <span class='ocrx_word' id='word_1_17' title='bbox 3443 582 3500 628; x_wconf 74' lang='grc' dir='ltr'><strong>ει</strong></span> <span class='ocrx_word' id='word_1_18' title='bbox 3536 591 3568 629; x_wconf 66' lang='grc' dir='ltr'><strong>ει</strong></span> 
     </span>
    </p>
   </div>
   <div class='ocr_carea' id='block_1_6' title="bbox 311 664 1880 738">
    <p class='ocr_par' dir='ltr' id='par_1_6' title="bbox 311 664 1880 738">
     <span class='ocr_line' id='line_1_6' title="bbox 311 664 1880 738; baseline -0.001 -17"><span class='ocrx_word' id='word_1_19' title='bbox 311 667 733 738; x_wconf 74' lang='grc' dir='ltr'>μοναστηρίοιςς</span> <span class='ocrx_word' id='word_1_20' title='bbox 770 664 924 719; x_wconf 83' lang='grc' dir='ltr'><strong>Εἴπω</strong></span> <span class='ocrx_word' id='word_1_21' title='bbox 967 664 1134 718; x_wconf 82' lang='grc' dir='ltr'>πάλιν</span> <span class='ocrx_word' id='word_1_22' title='bbox 1164 664 1232 717; x_wconf 83' lang='grc' dir='ltr'>τὰ</span> <span class='ocrx_word' id='word_1_23' title='bbox 1265 667 1344 726; x_wconf 80' lang='grc' dir='ltr'>εἰς</span> <span class='ocrx_word' id='word_1_24' title='bbox 1371 665 1522 734; x_wconf 78' lang='grc' dir='ltr'>ἡμᾶς</span> <span class='ocrx_word' id='word_1_25' title='bbox 1552 667 1678 730; x_wconf 84' lang='grc' dir='ltr'>τοὺς</span> <span class='ocrx_word' id='word_1_26' title='bbox 1707 668 1880 737; x_wconf 81' lang='grc' dir='ltr'><strong>τρεῖς.</strong></span> 
     </span>
    </p>
   </div>
   <div class='ocr_carea' id='block_1_7' title="bbox 319 756 1887 830">
    <p class='ocr_par' dir='ltr' id='par_1_7' title="bbox 319 756 1887 830">
     <span class='ocr_line' id='line_1_7' title="bbox 319 756 1887 830; baseline -0.001 -17"><span class='ocrx_word' id='word_1_27' title='bbox 319 762 493 830; x_wconf 81' lang='grc' dir='ltr'>’Υπὲρ</span> <span class='ocrx_word' id='word_1_28' title='bbox 525 759 668 823; x_wconf 85' lang='grc' dir='ltr'>τίνος</span> <span class='ocrx_word' id='word_1_29' title='bbox 697 759 776 821; x_wconf 76' lang='grc' dir='ltr'><strong>είς</strong></span> <span class='ocrx_word' id='word_1_30' title='bbox 807 757 875 810; x_wconf 81' lang='grc' dir='ltr'><strong>τὰ</strong></span> <span class='ocrx_word' id='word_1_31' title='bbox 917 756 1148 824; x_wconf 78' lang='grc' dir='ltr'>’Δγαθοῦ</span> <span class='ocrx_word' id='word_1_32' title='bbox 1183 756 1336 827; x_wconf 75' lang='grc' dir='ltr'>παρὰ</span> <span class='ocrx_word' id='word_1_33' title='bbox 1363 756 1458 810; x_wconf 81' lang='grc' dir='ltr'>τοῦ</span> <span class='ocrx_word' id='word_1_34' title='bbox 1497 756 1761 827; x_wconf 85' lang='grc' dir='ltr'>βασιλέως</span> <span class='ocrx_word' id='word_1_35' title='bbox 1797 756 1887 812; x_wconf 81' lang='grc' dir='ltr'>διὰ</span> 
     </span>
    </p>
   </div>
   <div class='ocr_carea' id='block_1_8' title="bbox 309 846 1882 920">
    <p class='ocr_par' dir='ltr' id='par_1_8' title="bbox 309 846 1882 920">
     <span class='ocr_line' id='line_1_8' title="bbox 309 846 1882 920; baseline -0.003 -15"><span class='ocrx_word' id='word_1_36' title='bbox 309 853 415 905; x_wconf 86' lang='grc' dir='ltr'><strong>τῶν</strong></span> <span class='ocrx_word' id='word_1_37' title='bbox 445 848 774 920; x_wconf 82' lang='grc' dir='ltr'>Σπαθαρίων</span> <span class='ocrx_word' id='word_1_38' title='bbox 818 846 1126 918; x_wconf 84' lang='grc' dir='ltr'>δηλωθέντα</span> <span class='ocrx_word' id='word_1_39' title='bbox 1162 849 1324 918; x_wconf 82' lang='grc' dir='ltr'>ἡμῖν·</span> <span class='ocrx_word' id='word_1_40' title='bbox 1361 847 1436 910; x_wconf 84' lang='grc' dir='ltr'>ὼς</span> <span class='ocrx_word' id='word_1_41' title='bbox 1482 847 1640 916; x_wconf 82' lang='grc' dir='ltr'><strong>ὑμεῖς</strong></span> <span class='ocrx_word' id='word_1_42' title='bbox 1686 846 1882 902; x_wconf 80' lang='grc' dir='ltr'>ἀναθε-</span> 
     </span>
    </p>
   </div>
   <div class='ocr_carea' id='block_1_9' title="bbox 311 936 1881 1014">
    <p class='ocr_par' dir='ltr' id='par_1_9' title="bbox 311 936 1881 1014">
     <span class='ocr_line' id='line_1_9' title="bbox 311 936 1881 1014; baseline -0.005 -17"><span class='ocrx_word' id='word_1_43' title='bbox 311 943 642 1014; x_wconf 84' lang='grc' dir='ltr'>ματισμένοι</span> <span class='ocrx_word' id='word_1_44' title='bbox 692 941 840 1005; x_wconf 82' lang='grc' dir='ltr'>ἐστὲ,</span> <span class='ocrx_word' id='word_1_45' title='bbox 876 940 969 992; x_wconf 67' lang='grc' dir='ltr'><strong>καὶ</strong></span> <span class='ocrx_word' id='word_1_46' title='bbox 1002 937 1382 1009; x_wconf 78' lang='grc' dir='ltr'>καθῃρημένοι</span> <span class='ocrx_word' id='word_1_47' title='bbox 1423 937 1577 1009; x_wconf 72' lang='grc' dir='ltr'>παρὰ</span> <span class='ocrx_word' id='word_1_48' title='bbox 1620 936 1719 1006; x_wconf 82' lang='grc' dir='ltr'><strong>τῆς</strong></span> <span class='ocrx_word' id='word_1_49' title='bbox 1760 953 1881 989; x_wconf 90' lang='grc' dir='ltr'>συν-</span> 
     </span>
    </p>
   </div>
   <div class='ocr_carea' id='block_1_10' title="bbox 305 1027 1878 1104">
    <p class='ocr_par' dir='ltr' id='par_1_10' title="bbox 305 1027 1878 1104">
     <span class='ocr_line' id='line_1_10' title="bbox 305 1027 1878 1104; baseline -0.006 -14"><span class='ocrx_word' id='word_1_50' title='bbox 305 1037 460 1101; x_wconf 84' lang='grc' dir='ltr'>όδου;</span> <span class='ocrx_word' id='word_1_51' title='bbox 498 1034 640 1100; x_wconf 80' lang='grc' dir='ltr'>ὑπὲρ</span> <span class='ocrx_word' id='word_1_52' title='bbox 663 1033 808 1096; x_wconf 86' lang='grc' dir='ltr'>τίνος</span> <span class='ocrx_word' id='word_1_53' title='bbox 836 1034 870 1104; x_wconf 76' lang='grc' dir='ltr'>ἡ</span> <span class='ocrx_word' id='word_1_54' title='bbox 903 1033 984 1095; x_wconf 81' lang='grc' dir='ltr'><strong>είς</strong></span> <span class='ocrx_word' id='word_1_55' title='bbox 1009 1031 1101 1085; x_wconf 77' lang='grc' dir='ltr'><strong>τὸν</strong></span> <span class='ocrx_word' id='word_1_56' title='bbox 1143 1031 1299 1098; x_wconf 78' lang='grc' dir='ltr'>ἅγιον</span> <span class='ocrx_word' id='word_1_57' title='bbox 1347 1030 1623 1101; x_wconf 85' lang='grc' dir='ltr'>Μὰμαντα</span> <span class='ocrx_word' id='word_1_58' title='bbox 1661 1027 1878 1099; x_wconf 80' lang='grc' dir='ltr'>φυλακὴ</span> 
     </span>
    </p>
   </div>
   <div class='ocr_carea' id='block_1_11' title="bbox 310 1124 1881 1200">
    <p class='ocr_par' dir='ltr' id='par_1_11' title="bbox 310 1124 1881 1200">
     <span class='ocr_line' id='line_1_11' title="bbox 310 1124 1881 1200; baseline -0.003 -18"><span class='ocrx_word' id='word_1_59' title='bbox 310 1128 720 1200; x_wconf 85' lang='grc' dir='ltr'>μεμονωμένων</span> <span class='ocrx_word' id='word_1_60' title='bbox 751 1125 862 1180; x_wconf 86' lang='grc' dir='ltr'><strong>τῶν</strong></span> <span class='ocrx_word' id='word_1_61' title='bbox 889 1125 1090 1197; x_wconf 85' lang='grc' dir='ltr'>τριῶν;</span> <span class='ocrx_word' id='word_1_62' title='bbox 1121 1125 1262 1195; x_wconf 80' lang='grc' dir='ltr'>ὑπὲρ</span> <span class='ocrx_word' id='word_1_63' title='bbox 1296 1124 1441 1188; x_wconf 89' lang='grc' dir='ltr'>τίνος</span> <span class='ocrx_word' id='word_1_64' title='bbox 1466 1125 1499 1195; x_wconf 86' lang='grc' dir='ltr'><strong>ή</strong></span> <span class='ocrx_word' id='word_1_65' title='bbox 1535 1125 1716 1177; x_wconf 81' lang='grc' dir='ltr'>ἐκεῖσε</span> <span class='ocrx_word' id='word_1_66' title='bbox 1744 1141 1881 1194; x_wconf 82' lang='grc' dir='ltr'>παρ·</span> 
     </span>
    </p>
   </div>
   <div class='ocr_carea' id='block_1_12' title="bbox 306 1214 1881 1286">
    <p class='ocr_par' dir='ltr' id='par_1_12' title="bbox 306 1214 1881 1286">
     <span class='ocr_line' id='line_1_12' title="bbox 306 1214 1881 1286; baseline -0.004 -13"><span class='ocrx_word' id='word_1_67' title='bbox 306 1219 463 1274; x_wconf 90' lang='grc' dir='ltr'>ουσία</span> <span class='ocrx_word' id='word_1_68' title='bbox 508 1218 620 1271; x_wconf 88' lang='grc' dir='ltr'><strong>τῶν</strong></span> <span class='ocrx_word' id='word_1_69' title='bbox 661 1216 840 1270; x_wconf 80' lang='grc' dir='ltr'>αὐτῶν</span> <span class='ocrx_word' id='word_1_70' title='bbox 873 1215 1224 1285; x_wconf 87' lang='grc' dir='ltr'>Σπαθαρίων,</span> <span class='ocrx_word' id='word_1_71' title='bbox 1277 1215 1374 1269; x_wconf 81' lang='grc' dir='ltr'><strong>σὺν</strong></span> <span class='ocrx_word' id='word_1_72' title='bbox 1405 1214 1551 1286; x_wconf 81' lang='grc' dir='ltr'>τρισὶ</span> <span class='ocrx_word' id='word_1_73' title='bbox 1578 1217 1690 1278; x_wconf 89' lang='grc' dir='ltr'>τοῖς</span> <span class='ocrx_word' id='word_1_74' title='bbox 1729 1215 1881 1286; x_wconf 83' lang='grc' dir='ltr'>παρὰ</span> 
     </span>
    </p>
   </div>
   <div class='ocr_carea' id='block_1_13' title="bbox 307 1305 1880 1378">
    <p class='ocr_par' dir='ltr' id='par_1_13' title="bbox 307 1305 1880 1378">
     <span class='ocr_line' id='line_1_13' title="bbox 307 1305 1880 1378; baseline -0.004 -14"><span class='ocrx_word' id='word_1_75' title='bbox 307 1309 402 1364; x_wconf 84' lang='grc' dir='ltr'>τοῦ</span> <span class='ocrx_word' id='word_1_76' title='bbox 435 1308 712 1374; x_wconf 79' lang='grc' dir='ltr'><strong>ἀντιδόξου</strong></span> <span class='ocrx_word' id='word_1_77' title='bbox 753 1307 1175 1378; x_wconf 77' lang='grc' dir='ltr'><strong>ἐπιφερομένοις</strong></span> <span class='ocrx_word' id='word_1_78' title='bbox 1225 1305 1708 1375; x_wconf 80' lang='grc' dir='ltr'>ὑπαναγνωστικὺν</span> <span class='ocrx_word' id='word_1_79' title='bbox 1746 1305 1880 1358; x_wconf 83' lang='grc' dir='ltr'>καθ-</span> 
     </span>
    </p>
   </div>
   <div class='ocr_carea' id='block_1_14' title="bbox 306 1392 1882 1471">
    <p class='ocr_par' dir='ltr' id='par_1_14' title="bbox 306 1392 1882 1471">
     <span class='ocr_line' id='line_1_14' title="bbox 306 1392 1882 1471; baseline -0.006 -18"><span class='ocrx_word' id='word_1_80' title='bbox 306 1401 588 1471; x_wconf 78' lang='grc' dir='ltr'>αιρέσεως,</span> <span class='ocrx_word' id='word_1_81' title='bbox 618 1398 714 1452; x_wconf 73' lang='grc' dir='ltr'><strong>καὶ</strong></span> <span class='ocrx_word' id='word_1_82' title='bbox 737 1395 1181 1466; x_wconf 82' lang='grc' dir='ltr'>ἁναθεματίσεως</span> <span class='ocrx_word' id='word_1_83' title='bbox 1223 1393 1378 1466; x_wconf 83' lang='grc' dir='ltr'>ἡμῶν</span> <span class='ocrx_word' id='word_1_84' title='bbox 1397 1411 1409 1424; x_wconf 85' lang='grc'><em>’</em></span> <span class='ocrx_word' id='word_1_85' title='bbox 1437 1394 1600 1448; x_wconf 85' lang='grc' dir='ltr'>πὰλιν</span> <span class='ocrx_word' id='word_1_86' title='bbox 1640 1393 1735 1446; x_wconf 75' lang='grc' dir='ltr'>καὶ</span> <span class='ocrx_word' id='word_1_87' title='bbox 1760 1392 1882 1445; x_wconf 78' lang='grc' dir='ltr'>ἐπεὶ</span> 
     </span>
    </p>
   </div>
   <div class='ocr_carea' id='block_1_15' title="bbox 309 1482 1883 1564">
    <p class='ocr_par' dir='ltr' id='par_1_15' title="bbox 309 1482 1883 1564">
     <span class='ocr_line' id='line_1_15' title="bbox 309 1482 1883 1564; baseline -0.005 -20"><span class='ocrx_word' id='word_1_88' title='bbox 309 1491 762 1564; x_wconf 76' lang='grc' dir='ltr'>περιεφράξαμεν</span> <span class='ocrx_word' id='word_1_89' title='bbox 789 1490 855 1544; x_wconf 81' lang='grc' dir='ltr'>τὰ</span> <span class='ocrx_word' id='word_1_90' title='bbox 883 1482 997 1543; x_wconf 80' lang='grc' dir='ltr'>ὦτα</span> <span class='ocrx_word' id='word_1_91' title='bbox 1022 1488 1116 1540; x_wconf 73' lang='grc' dir='ltr'><strong>καὶ</strong></span> <span class='ocrx_word' id='word_1_92' title='bbox 1147 1486 1239 1540; x_wconf 83' lang='grc' dir='ltr'>τοῦ</span> <span class='ocrx_word' id='word_1_93' title='bbox 1266 1487 1532 1552; x_wconf 74' lang='grc' dir='ltr'>ἁκοῦσαις</span> <span class='ocrx_word' id='word_1_94' title='bbox 1563 1485 1703 1555; x_wconf 81' lang='grc' dir='ltr'>ὑπὲρ</span> <span class='ocrx_word' id='word_1_95' title='bbox 1738 1485 1883 1548; x_wconf 86' lang='grc' dir='ltr'>τίνος</span> 
     </span>
    </p>
   </div>
   <div class='ocr_carea' id='block_1_16' title="bbox 307 1574 1904 1655">
    <p class='ocr_par' dir='ltr' id='par_1_16' title="bbox 307 1574 1904 1655">
     <span class='ocr_line' id='line_1_16' title="bbox 307 1574 1904 1655; baseline -0.006 -18"><span class='ocrx_word' id='word_1_96' title='bbox 307 1585 471 1655; x_wconf 76' lang='grc' dir='ltr'>ἡμεῖς</span> <span class='ocrx_word' id='word_1_97' title='bbox 523 1584 621 1652; x_wconf 81' lang='grc' dir='ltr'>μὲν</span> <span class='ocrx_word' id='word_1_98' title='bbox 651 1580 920 1651; x_wconf 82' lang='grc' dir='ltr'>ἐξόριστοι</span> <span class='ocrx_word' id='word_1_99' title='bbox 951 1578 1105 1641; x_wconf 81' lang='grc' dir='ltr'>ἄλλος</span> <span class='ocrx_word' id='word_1_100' title='bbox 1137 1577 1390 1648; x_wconf 77' lang='grc' dir='ltr'><strong>ἀλλαχοῦ,</strong></span> <span class='ocrx_word' id='word_1_101' title='bbox 1436 1577 1531 1630; x_wconf 74' lang='grc' dir='ltr'><strong>καὶ</strong></span> <span class='ocrx_word' id='word_1_102' title='bbox 1565 1574 1904 1654; x_wconf 44' lang='grc' dir='ltr'>ἐναπόκλειοξ</span> 
     </span>
    </p>
   </div>
   <div class='ocr_carea' id='block_1_17' title="bbox 308 1645 1936 1770">
    <p class='ocr_par' dir='ltr' id='par_1_17' title="bbox 308 1645 1936 1770">
     <span class='ocr_line' id='line_1_17' title="bbox 308 1645 1936 1770; baseline -0.025 -41"><span class='ocrx_word' id='word_1_103' title='bbox 308 1645 461 1729; x_wconf 74' lang='grc' dir='ltr'>στοι·</span> <span class='ocrx_word' id='word_1_104' title='bbox 498 1645 538 1728; x_wconf 44' lang='grc' dir='ltr'><strong>ὃ.</strong></span> <span class='ocrx_word' id='word_1_105' title='bbox 571 1692 627 1727; x_wconf 84' lang='grc' dir='ltr'><strong>τε</strong></span> <span class='ocrx_word' id='word_1_106' title='bbox 669 1645 988 1752; x_wconf 26' lang='grc' dir='ltr'>ονίδέίνόμος,</span> <span class='ocrx_word' id='word_1_107' title='bbox 1023 1671 1119 1726; x_wconf 75' lang='grc' dir='ltr'><strong>καὶ</strong></span> <span class='ocrx_word' id='word_1_108' title='bbox 1145 1673 1180 1770; x_wconf 60' lang='lat'><strong>:3</strong></span> <span class='ocrx_word' id='word_1_109' title='bbox 1219 1645 1490 1770; x_wconf 34' lang='grc' dir='ltr'><strong>Ἀ’ῥτξέῖῗος</strong></span> <span class='ocrx_word' id='word_1_110' title='bbox 1531 1669 1580 1722; x_wconf 73' lang='grc' dir='ltr'><strong>οι</strong></span> <span class='ocrx_word' id='word_1_111' title='bbox 1614 1645 1936 1770; x_wconf 34' lang='grc' dir='ltr'><strong>ἐδελφοέ,ἅρ</strong></span> 
     </span>
    </p>
   </div>
   <div class='ocr_carea' id='block_1_18' title="bbox 304 1757 1884 1832">
    <p class='ocr_par' dir='ltr' id='par_1_18' title="bbox 304 1757 1884 1832">
     <span class='ocr_line' id='line_1_18' title="bbox 304 1757 1884 1832; baseline -0.004 -15"><span class='ocrx_word' id='word_1_112' title='bbox 304 1765 547 1832; x_wconf 79' lang='grc' dir='ltr'>διωγμὸς</span> <span class='ocrx_word' id='word_1_113' title='bbox 573 1762 628 1816; x_wconf 90' lang='grc' dir='ltr'><strong>δέ</strong></span> <span class='ocrx_word' id='word_1_114' title='bbox 657 1761 764 1816; x_wconf 87' lang='grc' dir='ltr'><strong>τῶν</strong></span> <span class='ocrx_word' id='word_1_115' title='bbox 790 1761 967 1815; x_wconf 84' lang='grc' dir='ltr'>ἁλλων</span> <span class='ocrx_word' id='word_1_116' title='bbox 1001 1760 1111 1814; x_wconf 76' lang='grc' dir='ltr'><strong>ἀπὸ</strong></span> <span class='ocrx_word' id='word_1_117' title='bbox 1140 1759 1238 1813; x_wconf 80' lang='grc' dir='ltr'>δύο</span> <span class='ocrx_word' id='word_1_118' title='bbox 1263 1759 1358 1814; x_wconf 73' lang='grc' dir='ltr'><strong>καὶ</strong></span> <span class='ocrx_word' id='word_1_119' title='bbox 1384 1759 1520 1813; x_wconf 81' lang='grc' dir='ltr'>δέκα</span> <span class='ocrx_word' id='word_1_120' title='bbox 1551 1757 1744 1829; x_wconf 77' lang='grc' dir='ltr'>μιλίων</span> <span class='ocrx_word' id='word_1_121' title='bbox 1786 1758 1884 1826; x_wconf 84' lang='grc' dir='ltr'><strong>τῆς</strong></span> 
     </span>
    </p>
   </div>
   <div class='ocr_carea' id='block_1_19' title="bbox 309 1848 1887 1921">
    <p class='ocr_par' dir='ltr' id='par_1_19' title="bbox 309 1848 1887 1921">
     <span class='ocr_line' id='line_1_19' title="bbox 309 1848 1887 1921; baseline -0.006 -12"><span class='ocrx_word' id='word_1_122' title='bbox 309 1853 941 1916; x_wconf 78' lang='grc' dir='ltr'>Κωνσταντινουπὸλεως</span> <span class='ocrx_word' id='word_1_123' title='bbox 972 1867 986 1882; x_wconf 91' lang='grc'><strong>·</strong></span> <span class='ocrx_word' id='word_1_124' title='bbox 1042 1851 1118 1915; x_wconf 83' lang='grc' dir='ltr'>ὡς</span> <span class='ocrx_word' id='word_1_125' title='bbox 1166 1853 1292 1914; x_wconf 79' lang='grc' dir='ltr'>τοὺς</span> <span class='ocrx_word' id='word_1_126' title='bbox 1367 1849 1467 1921; x_wconf 79' lang='grc' dir='ltr'>μὲν</span> <span class='ocrx_word' id='word_1_127' title='bbox 1522 1850 1581 1903; x_wconf 83' lang='grc' dir='ltr'><strong>ἐν</strong></span> <span class='ocrx_word' id='word_1_128' title='bbox 1635 1848 1887 1920; x_wconf 76' lang='grc' dir='ltr'><strong>σπηλαίῳ</strong></span> 
     </span>
    </p>
   </div>
   <div class='ocr_carea' id='block_1_20' title="bbox 1993 659 3568 736">
    <p class='ocr_par' dir='ltr' id='par_1_20' title="bbox 1993 659 3568 736">
     <span class='ocr_line' id='line_1_20' title="bbox 1993 659 3568 736; baseline -0.001 -17"><span class='ocrx_word' id='word_1_129' title='bbox 1993 663 2200 736; x_wconf 83' lang='lat' dir='ltr'><strong>synodo</strong></span> <span class='ocrx_word' id='word_1_130' title='bbox 2227 659 2636 733; x_wconf 86' lang='lat' dir='ltr'><strong>depositi?Cur</strong></span> <span class='ocrx_word' id='word_1_131' title='bbox 2685 661 2773 716; x_wconf 90' lang='lat' dir='ltr'><strong>illa</strong></span> <span class='ocrx_word' id='word_1_132' title='bbox 2809 663 2876 718; x_wconf 88' lang='lat' dir='ltr'><strong>ad</strong></span> <span class='ocrx_word' id='word_1_133' title='bbox 2924 672 3178 720; x_wconf 80' lang='lat' dir='ltr'><strong>sanctum</strong></span> <span class='ocrx_word' id='word_1_134' title='bbox 3241 663 3568 728; x_wconf 55' lang='lat' dir='ltr'><strong>“amantem</strong></span> 
     </span>
    </p>
   </div>
   <div class='ocr_carea' id='block_1_21' title="bbox 1993 750 3568 824">
    <p class='ocr_par' dir='ltr' id='par_1_21' title="bbox 1993 750 3568 824">
     <span class='ocr_line' id='line_1_21' title="bbox 1993 750 3568 824; baseline -0.002 -16"><span class='ocrx_word' id='word_1_135' title='bbox 1993 751 2260 818; x_wconf 87' lang='lat' dir='ltr'><strong>custodia,</strong></span> <span class='ocrx_word' id='word_1_136' title='bbox 2287 751 2448 807; x_wconf 85' lang='lat' dir='ltr'><strong>nobis</strong></span> <span class='ocrx_word' id='word_1_137' title='bbox 2499 751 2673 808; x_wconf 89' lang='lat' dir='ltr'><strong>tribus</strong></span> <span class='ocrx_word' id='word_1_138' title='bbox 2727 751 3017 824; x_wconf 74' lang='lat' dir='ltr'><strong>segregatis</strong></span> <span class='ocrx_word' id='word_1_139' title='bbox 3050 751 3074 805; x_wconf 86' lang='lat'><strong>?</strong></span> <span class='ocrx_word' id='word_1_140' title='bbox 3104 750 3214 807; x_wconf 89' lang='lat' dir='ltr'><strong>Cur</strong></span> <span class='ocrx_word' id='word_1_141' title='bbox 3241 753 3434 812; x_wconf 81' lang='lat' dir='ltr'><strong>eodem</strong></span> <span class='ocrx_word' id='word_1_142' title='bbox 3468 754 3568 810; x_wconf 58' lang='lat' dir='ltr'><strong>ad»</strong></span> 
     </span>
    </p>
   </div>
   <div class='ocr_carea' id='block_1_22' title="bbox 1994 840 3569 918">
    <p class='ocr_par' dir='ltr' id='par_1_22' title="bbox 1994 840 3569 918">
     <span class='ocr_line' id='line_1_22' title="bbox 1994 840 3569 918; baseline 0.001 -20"><span class='ocrx_word' id='word_1_143' title='bbox 1994 851 2263 918; x_wconf 77' lang='lat' dir='ltr'><strong>venerunt</strong></span> <span class='ocrx_word' id='word_1_144' title='bbox 2285 841 2446 897; x_wconf 92' lang='lat' dir='ltr'><strong>iidem</strong></span> <span class='ocrx_word' id='word_1_145' title='bbox 2473 840 2747 912; x_wconf 87' lang='lat' dir='ltr'><strong>Spatharii</strong></span> <span class='ocrx_word' id='word_1_146' title='bbox 2795 855 2922 895; x_wconf 89' lang='lat' dir='ltr'><strong>cum</strong></span> <span class='ocrx_word' id='word_1_147' title='bbox 2961 841 3134 896; x_wconf 80' lang='lat' dir='ltr'><strong>tribus</strong></span> <span class='ocrx_word' id='word_1_148' title='bbox 3161 840 3253 914; x_wconf 84' lang='lat' dir='ltr'><strong>qui</strong></span> <span class='ocrx_word' id='word_1_149' title='bbox 3281 841 3352 902; x_wconf 86' lang='lat' dir='ltr'><strong>ab</strong></span> <span class='ocrx_word' id='word_1_150' title='bbox 3375 842 3569 899; x_wconf 84' lang='lat' dir='ltr'><strong>adver-</strong></span> 
     </span>
    </p>
   </div>
   <div class='ocr_carea' id='block_1_23' title="bbox 1993 931 3572 1004">
    <p class='ocr_par' dir='ltr' id='par_1_23' title="bbox 1993 931 3572 1004">
     <span class='ocr_line' id='line_1_23' title="bbox 1993 931 3572 1004; baseline 0 -14"><span class='ocrx_word' id='word_1_151' title='bbox 1993 935 2139 990; x_wconf 89' lang='lat' dir='ltr'><strong>sario</strong></span> <span class='ocrx_word' id='word_1_152' title='bbox 2204 932 2560 1004; x_wconf 75' lang='lat' dir='ltr'><strong>depositionis</strong></span> <span class='ocrx_word' id='word_1_153' title='bbox 2632 942 2685 988; x_wconf 91' lang='lat' dir='ltr'><strong>et</strong></span> <span class='ocrx_word' id='word_1_154' title='bbox 2734 931 3312 989; x_wconf 84' lang='lat' dir='ltr'><strong>excommunicationis</strong></span> <span class='ocrx_word' id='word_1_155' title='bbox 3369 943 3572 990; x_wconf 71' lang='lat' dir='ltr'><strong>nostra</strong></span> 
     </span>
    </p>
   </div>
   <div class='ocr_carea' id='block_1_24' title="bbox 1997 1023 3570 1090">
    <p class='ocr_par' dir='ltr' id='par_1_24' title="bbox 1997 1023 3570 1090">
     <span class='ocr_line' id='line_1_24' title="bbox 1997 1023 3570 1090; baseline 0.001 -9"><span class='ocrx_word' id='word_1_156' title='bbox 1997 1026 2206 1081; x_wconf 91' lang='lat' dir='ltr'><strong>tabulas</strong></span> <span class='ocrx_word' id='word_1_157' title='bbox 2227 1024 2540 1089; x_wconf 78' lang='lat' dir='ltr'><strong>allerebant,</strong></span> <span class='ocrx_word' id='word_1_158' title='bbox 2568 1031 2626 1078; x_wconf 93' lang='lat' dir='ltr'><strong>ut</strong></span> <span class='ocrx_word' id='word_1_159' title='bbox 2646 1025 2842 1080; x_wconf 88' lang='lat' dir='ltr'><strong>iterum</strong></span> <span class='ocrx_word' id='word_1_160' title='bbox 2864 1023 3200 1090; x_wconf 82' lang='lat' dir='ltr'><strong>audiremus,</strong></span> <span class='ocrx_word' id='word_1_161' title='bbox 3225 1025 3443 1082; x_wconf 87' lang='lat' dir='ltr'><strong>tametsi</strong></span> <span class='ocrx_word' id='word_1_162' title='bbox 3468 1040 3570 1082; x_wconf 83' lang='lat' dir='ltr'><strong>au-</strong></span> 
     </span>
    </p>
   </div>
   <div class='ocr_carea' id='block_1_25' title="bbox 1992 1113 3571 1187">
    <p class='ocr_par' dir='ltr' id='par_1_25' title="bbox 1992 1113 3571 1187">
     <span class='ocr_line' id='line_1_25' title="bbox 1992 1113 3571 1187; baseline 0.001 -17"><span class='ocrx_word' id='word_1_163' title='bbox 1992 1133 2080 1172; x_wconf 88' lang='lat' dir='ltr'><strong>res</strong></span> <span class='ocrx_word' id='word_1_164' title='bbox 2115 1117 2536 1172; x_wconf 88' lang='lat' dir='ltr'><strong>occludcbamus</strong></span> <span class='ocrx_word' id='word_1_165' title='bbox 2555 1115 2578 1168; x_wconf 89' lang='lat'><strong>?</strong></span> <span class='ocrx_word' id='word_1_166' title='bbox 2599 1113 2711 1170; x_wconf 89' lang='lat' dir='ltr'><strong>Cur</strong></span> <span class='ocrx_word' id='word_1_167' title='bbox 2737 1130 2838 1169; x_wconf 92' lang='lat' dir='ltr'><strong>nos</strong></span> <span class='ocrx_word' id='word_1_168' title='bbox 2859 1113 2948 1170; x_wconf 86' lang='lat' dir='ltr'><strong>alii</strong></span> <span class='ocrx_word' id='word_1_169' title='bbox 2972 1114 3078 1170; x_wconf 90' lang='lat' dir='ltr'><strong>alio</strong></span> <span class='ocrx_word' id='word_1_170' title='bbox 3103 1115 3323 1187; x_wconf 77' lang='lat' dir='ltr'><strong>relegati</strong></span> <span class='ocrx_word' id='word_1_171' title='bbox 3345 1123 3402 1171; x_wconf 88' lang='lat' dir='ltr'><strong>et</strong></span> <span class='ocrx_word' id='word_1_172' title='bbox 3431 1131 3571 1172; x_wconf 85' lang='lat' dir='ltr'><strong>con-</strong></span> 
     </span>
    </p>
   </div>
   <div class='ocr_carea' id='block_1_26' title="bbox 1991 1206 3570 1275">
    <p class='ocr_par' dir='ltr' id='par_1_26' title="bbox 1991 1206 3570 1275">
     <span class='ocr_line' id='line_1_26' title="bbox 1991 1206 3570 1275; baseline 0.001 -12"><span class='ocrx_word' id='word_1_173' title='bbox 1991 1208 2148 1275; x_wconf 88' lang='lat' dir='ltr'><strong>clusi,</strong></span> <span class='ocrx_word' id='word_1_174' title='bbox 2207 1218 2321 1263; x_wconf 92' lang='lat' dir='ltr'><strong>tum</strong></span> <span class='ocrx_word' id='word_1_175' title='bbox 2372 1223 2710 1273; x_wconf 85' lang='lat' dir='ltr'><strong>oeconomus,</strong></span> <span class='ocrx_word' id='word_1_176' title='bbox 2743 1215 2859 1262; x_wconf 88' lang='lat' dir='ltr'><strong>tum</strong></span> <span class='ocrx_word' id='word_1_177' title='bbox 2910 1206 3171 1266; x_wconf 83' lang='lat' dir='ltr'><strong>Arsenius</strong></span> <span class='ocrx_word' id='word_1_178' title='bbox 3202 1206 3398 1266; x_wconf 79' lang='lat' dir='ltr'><strong>fratres</strong></span> <span class='ocrx_word' id='word_1_179' title='bbox 3431 1226 3446 1262; x_wconf 77' lang='grc' dir='ltr'><strong>ι</strong></span> <span class='ocrx_word' id='word_1_180' title='bbox 3479 1208 3570 1266; x_wconf 83' lang='lat' dir='ltr'><strong>alii</strong></span> 
     </span>
    </p>
   </div>
   <div class='ocr_carea' id='block_1_27' title="bbox 1989 1300 3569 1373">
    <p class='ocr_par' dir='ltr' id='par_1_27' title="bbox 1989 1300 3569 1373">
     <span class='ocr_line' id='line_1_27' title="bbox 1989 1300 3569 1373; baseline 0 -15"><span class='ocrx_word' id='word_1_181' title='bbox 1989 1305 2054 1359; x_wconf 87' lang='lat' dir='ltr'><strong>ad</strong></span> <span class='ocrx_word' id='word_1_182' title='bbox 2084 1305 2368 1360; x_wconf 83' lang='lat' dir='ltr'><strong>duodecim</strong></span> <span class='ocrx_word' id='word_1_183' title='bbox 2396 1303 2464 1359; x_wconf 84' lang='lat' dir='ltr'><strong>ab</strong></span> <span class='ocrx_word' id='word_1_184' title='bbox 2494 1303 2630 1358; x_wconf 87' lang='lat' dir='ltr'><strong>urbe</strong></span> <span class='ocrx_word' id='word_1_185' title='bbox 2655 1300 3124 1372; x_wconf 82' lang='lat' dir='ltr'><strong>Constantinopoli</strong></span> <span class='ocrx_word' id='word_1_186' title='bbox 3149 1301 3318 1362; x_wconf 82' lang='lat' dir='ltr'><strong>millia</strong></span> <span class='ocrx_word' id='word_1_187' title='bbox 3347 1317 3569 1373; x_wconf 82' lang='lat' dir='ltr'><strong>passum</strong></span> 
     </span>
    </p>
   </div>
   <div class='ocr_carea' id='block_1_28' title="bbox 1991 1393 3574 1470">
    <p class='ocr_par' dir='ltr' id='par_1_28' title="bbox 1991 1393 3574 1470">
     <span class='ocr_line' id='line_1_28' title="bbox 1991 1393 3574 1470; baseline 0.001 -20"><span class='ocrx_word' id='word_1_188' title='bbox 1991 1397 2126 1467; x_wconf 83' lang='lat' dir='ltr'><strong>pulsi</strong></span> <span class='ocrx_word' id='word_1_189' title='bbox 2156 1415 2168 1450; x_wconf 94' lang='lat'>:</span> <span class='ocrx_word' id='word_1_190' title='bbox 2197 1397 2334 1451; x_wconf 89' lang='lat' dir='ltr'><strong>adeo</strong></span> <span class='ocrx_word' id='word_1_191' title='bbox 2381 1405 2440 1450; x_wconf 91' lang='lat' dir='ltr'><strong>ut</strong></span> <span class='ocrx_word' id='word_1_192' title='bbox 2461 1395 2681 1466; x_wconf 85' lang='lat' dir='ltr'><strong>quidam</strong></span> <span class='ocrx_word' id='word_1_193' title='bbox 2716 1395 2771 1450; x_wconf 92' lang='lat' dir='ltr'><strong>in</strong></span> <span class='ocrx_word' id='word_1_194' title='bbox 2803 1394 3063 1465; x_wconf 87' lang='lat' dir='ltr'><strong>spelunca</strong></span> <span class='ocrx_word' id='word_1_195' title='bbox 3097 1393 3438 1462; x_wconf 81' lang='lat' dir='ltr'><strong>delitescant,</strong></span> <span class='ocrx_word' id='word_1_196' title='bbox 3462 1411 3574 1470; x_wconf 85' lang='lat' dir='ltr'><strong>quo</strong></span> 
     </span>
    </p>
   </div>
   <div class='ocr_carea' id='block_1_29' title="bbox 1990 1485 3574 1552">
    <p class='ocr_par' dir='ltr' id='par_1_29' title="bbox 1990 1485 3574 1552">
     <span class='ocr_line' id='line_1_29' title="bbox 1990 1485 3574 1552; baseline -0.001 -8"><span class='ocrx_word' id='word_1_197' title='bbox 1990 1489 2148 1544; x_wconf 84' lang='lat' dir='ltr'><strong>nobis</strong></span> <span class='ocrx_word' id='word_1_198' title='bbox 2180 1489 2318 1543; x_wconf 89' lang='lat' dir='ltr'><strong>clam</strong></span> <span class='ocrx_word' id='word_1_199' title='bbox 2375 1488 2705 1552; x_wconf 79' lang='lat' dir='ltr'><strong>ministrent,</strong></span> <span class='ocrx_word' id='word_1_200' title='bbox 2740 1487 2874 1542; x_wconf 88' lang='lat' dir='ltr'><strong>laica</strong></span> <span class='ocrx_word' id='word_1_201' title='bbox 2905 1495 3059 1542; x_wconf 91' lang='lat' dir='ltr'><strong>veste</strong></span> <span class='ocrx_word' id='word_1_202' title='bbox 3084 1485 3261 1546; x_wconf 85' lang='lat' dir='ltr'><strong>induti</strong></span> <span class='ocrx_word' id='word_1_203' title='bbox 3293 1504 3312 1548; x_wconf 82' lang='lat'><strong>:_</strong></span> <span class='ocrx_word' id='word_1_204' title='bbox 3341 1485 3434 1542; x_wconf 86' lang='lat' dir='ltr'><strong>alii</strong></span> <span class='ocrx_word' id='word_1_205' title='bbox 3458 1496 3574 1545; x_wconf 89' lang='lat' dir='ltr'><strong>toto</strong></span> 
     </span>
    </p>
   </div>
   <div class='ocr_carea' id='block_1_30' title="bbox 1989 1577 3571 1653">
    <p class='ocr_par' dir='ltr' id='par_1_30' title="bbox 1989 1577 3571 1653">
     <span class='ocr_line' id='line_1_30' title="bbox 1989 1577 3571 1653; baseline 0.003 -19"><span class='ocrx_word' id='word_1_206' title='bbox 1989 1579 2076 1634; x_wconf 87' lang='lat' dir='ltr'><strong>die</strong></span> <span class='ocrx_word' id='word_1_207' title='bbox 2117 1580 2171 1633; x_wconf 90' lang='lat' dir='ltr'><strong>in</strong></span> <span class='ocrx_word' id='word_1_208' title='bbox 2213 1579 2478 1649; x_wconf 79' lang='lat' dir='ltr'><strong>sepulcris</strong></span> <span class='ocrx_word' id='word_1_209' title='bbox 2539 1580 2758 1644; x_wconf 83' lang='lat' dir='ltr'><strong>lateant,</strong></span> <span class='ocrx_word' id='word_1_210' title='bbox 2801 1587 2876 1644; x_wconf 89' lang='lat' dir='ltr'><strong>et,</strong></span> <span class='ocrx_word' id='word_1_211' title='bbox 2897 1577 3023 1650; x_wconf 88' lang='lat' dir='ltr'><strong>quia</strong></span> <span class='ocrx_word' id='word_1_212' title='bbox 3070 1577 3314 1638; x_wconf 83' lang='lat' dir='ltr'><strong>interdiu</strong></span> <span class='ocrx_word' id='word_1_213' title='bbox 3344 1595 3571 1653; x_wconf 80' lang='lat' dir='ltr'><strong>compa-</strong></span> 
     </span>
    </p>
   </div>
   <div class='ocr_carea' id='block_1_31' title="bbox 1989 1671 3574 1738">
    <p class='ocr_par' dir='ltr' id='par_1_31' title="bbox 1989 1671 3574 1738">
     <span class='ocr_line' id='line_1_31' title="bbox 1989 1671 3574 1738; baseline -0.001 -10"><span class='ocrx_word' id='word_1_214' title='bbox 1989 1688 2111 1728; x_wconf 90' lang='lat' dir='ltr'><strong>rcre</strong></span> <span class='ocrx_word' id='word_1_215' title='bbox 2134 1688 2242 1726; x_wconf 90' lang='lat' dir='ltr'><strong>non</strong></span> <span class='ocrx_word' id='word_1_216' title='bbox 2301 1673 2525 1738; x_wconf 84' lang='lat' dir='ltr'><strong>audent,</strong></span> <span class='ocrx_word' id='word_1_217' title='bbox 2571 1681 2736 1726; x_wconf 81' lang='lat' dir='ltr'><strong>noctu</strong></span> <span class='ocrx_word' id='word_1_218' title='bbox 2772 1671 2914 1727; x_wconf 90' lang='lat' dir='ltr'><strong>inter</strong></span> <span class='ocrx_word' id='word_1_219' title='bbox 2964 1687 3024 1732; x_wconf 90' lang='lat' dir='ltr'><strong>sc</strong></span> <span class='ocrx_word' id='word_1_220' title='bbox 3058 1673 3574 1732; x_wconf 76' lang='lat' dir='ltr'><strong>concursenHCur</strong></span> 
     </span>
    </p>
   </div>
   <div class='ocr_carea' id='block_1_32' title="bbox 1987 1761 3575 1836">
    <p class='ocr_par' dir='ltr' id='par_1_32' title="bbox 1987 1761 3575 1836">
     <span class='ocr_line' id='line_1_32' title="bbox 1987 1761 3575 1836; baseline 0.003 -22"><span class='ocrx_word' id='word_1_221' title='bbox 1987 1772 2254 1832; x_wconf 85' lang='lat' dir='ltr'><strong>quotquot</strong></span> <span class='ocrx_word' id='word_1_222' title='bbox 2287 1779 2320 1818; x_wconf 91' lang='lat' dir='ltr'><strong>a</strong></span> <span class='ocrx_word' id='word_1_223' title='bbox 2350 1761 2612 1818; x_wconf 88' lang='lat' dir='ltr'><strong>militibus</strong></span> <span class='ocrx_word' id='word_1_224' title='bbox 2665 1761 2900 1818; x_wconf 82' lang='lat' dir='ltr'><strong>inveniri</strong></span> <span class='ocrx_word' id='word_1_225' title='bbox 2961 1770 3278 1833; x_wconf 87' lang='lat' dir='ltr'><strong>potuerunt,</strong></span> <span class='ocrx_word' id='word_1_226' title='bbox 3324 1762 3468 1836; x_wconf 88' lang='lat' dir='ltr'><strong>capti</strong></span> <span class='ocrx_word' id='word_1_227' title='bbox 3514 1770 3575 1820; x_wconf 85' lang='lat' dir='ltr'><strong>et</strong></span> 
     </span>
    </p>
   </div>
   <div class='ocr_carea' id='block_1_33' title="bbox 1991 1853 3570 1928">
    <p class='ocr_par' dir='ltr' id='par_1_33' title="bbox 1991 1853 3570 1928">
     <span class='ocr_line' id='line_1_33' title="bbox 1991 1853 3570 1928; baseline 0.001 -20"><span class='ocrx_word' id='word_1_228' title='bbox 1991 1855 2046 1916; x_wconf 87' lang='lat' dir='ltr'><strong>in</strong></span> <span class='ocrx_word' id='word_1_229' title='bbox 2091 1871 2338 1910; x_wconf 73' lang='lat' dir='ltr'><strong>carceres</strong></span> <span class='ocrx_word' id='word_1_230' title='bbox 2372 1854 2628 1925; x_wconf 85' lang='lat' dir='ltr'><strong>conjecti,</strong></span> <span class='ocrx_word' id='word_1_231' title='bbox 2666 1854 2864 1910; x_wconf 86' lang='lat' dir='ltr'><strong>deinde</strong></span> <span class='ocrx_word' id='word_1_232' title='bbox 2889 1855 2958 1910; x_wconf 88' lang='lat' dir='ltr'><strong>ab</strong></span> <span class='ocrx_word' id='word_1_233' title='bbox 3005 1855 3141 1912; x_wconf 88' lang='lat' dir='ltr'><strong>urbe</strong></span> <span class='ocrx_word' id='word_1_234' title='bbox 3185 1854 3414 1928; x_wconf 67' lang='lat' dir='ltr'><strong>proiecti</strong></span> <span class='ocrx_word' id='word_1_235' title='bbox 3448 1853 3570 1910; x_wconf 77' lang='lat' dir='ltr'><strong>fue-</strong></span> 
     </span>
    </p>
   </div>
   <div class='ocr_carea' id='block_1_34' title="bbox 308 1935 1884 2018">
    <p class='ocr_par' dir='ltr' id='par_1_34' title="bbox 308 1941 1884 2016">
     <span class='ocr_line' id='line_1_34' title="bbox 308 1941 1884 2016; baseline -0.003 -17"><span class='ocrx_word' id='word_1_236' title='bbox 308 1945 726 2016; x_wconf 74' lang='grc' dir='ltr'>κατακρυϐἧναι</span> <span class='ocrx_word' id='word_1_237' title='bbox 792 1943 881 1997; x_wconf 81' lang='grc' dir='ltr'>διὰ</span> <span class='ocrx_word' id='word_1_238' title='bbox 946 1944 1048 2012; x_wconf 78' lang='grc' dir='ltr'><strong>τὴν</strong></span> <span class='ocrx_word' id='word_1_239' title='bbox 1113 1944 1250 2013; x_wconf 76' lang='grc' dir='ltr'>πρὸς</span> <span class='ocrx_word' id='word_1_240' title='bbox 1310 1943 1460 2013; x_wconf 75' lang='grc' dir='ltr'>ἡμᾶς</span> <span class='ocrx_word' id='word_1_241' title='bbox 1515 1941 1884 2004; x_wconf 88' lang='grc' dir='ltr'>λανθανόντως</span> 
     </span>
    </p>
   </div>
   <div class='ocr_carea' id='block_1_35' title="bbox 1985 1935 3573 2018">
    <p class='ocr_par' dir='ltr' id='par_1_35' title="bbox 1992 1941 3573 2018">
     <span class='ocr_line' id='line_1_35' title="bbox 1992 1941 3573 2018; baseline -0.001 -18"><span class='ocrx_word' id='word_1_242' title='bbox 1992 1947 2173 2001; x_wconf 87' lang='lat' dir='ltr'><strong>runt?</strong></span> <span class='ocrx_word' id='word_1_243' title='bbox 2209 1947 2385 2017; x_wconf 84' lang='lat' dir='ltr'><strong>Atque</strong></span> <span class='ocrx_word' id='word_1_244' title='bbox 2424 1957 2482 2002; x_wconf 92' lang='lat' dir='ltr'><strong>ut</strong></span> <span class='ocrx_word' id='word_1_245' title='bbox 2507 1945 2661 2000; x_wconf 87' lang='lat' dir='ltr'><strong>initia</strong></span> <span class='ocrx_word' id='word_1_246' title='bbox 2693 1945 2808 2016; x_wconf 89' lang='lat' dir='ltr'><strong>ipsa</strong></span> <span class='ocrx_word' id='word_1_247' title='bbox 2859 1945 3242 2018; x_wconf 65' lang='lat' dir='ltr'><strong>perstringam,</strong></span> <span class='ocrx_word' id='word_1_248' title='bbox 3295 1960 3395 2002; x_wconf 86' lang='lat' dir='ltr'><strong>cur</strong></span> <span class='ocrx_word' id='word_1_249' title='bbox 3442 1941 3573 2004; x_wconf 86' lang='lat' dir='ltr'><strong>Stu-</strong></span> 
     </span>
    </p>
   </div>
   <div class='ocr_carea' id='block_1_36' title="bbox 305 2033 1884 2108">
    <p class='ocr_par' dir='ltr' id='par_1_36' title="bbox 305 2033 1884 2108">
     <span class='ocr_line' id='line_1_36' title="bbox 305 2033 1884 2108; baseline -0.002 -18"><span class='ocrx_word' id='word_1_250' title='bbox 305 2036 608 2103; x_wconf 68' lang='grc' dir='ltr'>διακονίαν,</span> <span class='ocrx_word' id='word_1_251' title='bbox 644 2037 1200 2108; x_wconf 79' lang='grc' dir='ltr'>μεταμφιασαμένους</span> <span class='ocrx_word' id='word_1_252' title='bbox 1245 2035 1448 2106; x_wconf 76' lang='grc' dir='ltr'>ἐσθῆτα</span> <span class='ocrx_word' id='word_1_253' title='bbox 1492 2035 1718 2088; x_wconf 88' lang='grc' dir='ltr'>λαῖκῶν.</span> <span class='ocrx_word' id='word_1_254' title='bbox 1762 2033 1884 2087; x_wconf 94' lang='grc' dir='ltr'><strong>Τῶν</strong></span> 
     </span>
    </p>
   </div>
   <div class='ocr_carea' id='block_1_37' title="bbox 306 2126 1886 2200">
    <p class='ocr_par' dir='ltr' id='par_1_37' title="bbox 306 2126 1886 2200">
     <span class='ocr_line' id='line_1_37' title="bbox 306 2126 1886 2200; baseline -0.002 -17"><span class='ocrx_word' id='word_1_255' title='bbox 306 2131 363 2184; x_wconf 73' lang='grc' dir='ltr'>δὲ</span> <span class='ocrx_word' id='word_1_256' title='bbox 403 2130 532 2200; x_wconf 84' lang='grc' dir='ltr'>ὅλην</span> <span class='ocrx_word' id='word_1_257' title='bbox 563 2129 780 2200; x_wconf 75' lang='grc' dir='ltr'>ἡμέραν</span> <span class='ocrx_word' id='word_1_258' title='bbox 813 2129 916 2182; x_wconf 81' lang='grc' dir='ltr'><strong>ὑπὸ</strong></span> <span class='ocrx_word' id='word_1_259' title='bbox 957 2129 1139 2183; x_wconf 81' lang='grc' dir='ltr'>πλάκα</span> <span class='ocrx_word' id='word_1_260' title='bbox 1187 2127 1525 2192; x_wconf 83' lang='grc' dir='ltr'>ὑποδύντων,</span> <span class='ocrx_word' id='word_1_261' title='bbox 1565 2127 1660 2181; x_wconf 74' lang='grc' dir='ltr'><strong>καὶ</strong></span> <span class='ocrx_word' id='word_1_262' title='bbox 1698 2126 1886 2198; x_wconf 80' lang='grc' dir='ltr'>ἐπειδὴ</span> 
     </span>
    </p>
   </div>
   <div class='ocr_carea' id='block_1_38' title="bbox 306 2216 1886 2293">
    <p class='ocr_par' dir='ltr' id='par_1_38' title="bbox 306 2216 1886 2293">
     <span class='ocr_line' id='line_1_38' title="bbox 306 2216 1886 2293; baseline -0.002 -20"><span class='ocrx_word' id='word_1_263' title='bbox 306 2222 411 2273; x_wconf 82' lang='grc' dir='ltr'><strong>οὐκ</strong></span> <span class='ocrx_word' id='word_1_264' title='bbox 458 2216 527 2292; x_wconf 76' lang='grc' dir='ltr'>ἦν</span> <span class='ocrx_word' id='word_1_265' title='bbox 577 2222 638 2274; x_wconf 86' lang='grc' dir='ltr'><strong>ἐν</strong></span> <span class='ocrx_word' id='word_1_266' title='bbox 673 2221 860 2293; x_wconf 75' lang='grc' dir='ltr'>ἡμέρᾳ</span> <span class='ocrx_word' id='word_1_267' title='bbox 907 2221 1230 2291; x_wconf 76' lang='grc' dir='ltr'>ἐμφανίσαι,</span> <span class='ocrx_word' id='word_1_268' title='bbox 1283 2219 1439 2274; x_wconf 74' lang='grc' dir='ltr'>νυκτὶ</span> <span class='ocrx_word' id='word_1_269' title='bbox 1491 2220 1572 2282; x_wconf 89' lang='grc' dir='ltr'><strong>είς</strong></span> <span class='ocrx_word' id='word_1_270' title='bbox 1621 2217 1886 2289; x_wconf 76' lang='grc' dir='ltr'><strong>ἀλλήλους</strong></span> 
     </span>
    </p>
   </div>
   <div class='ocr_carea' id='block_1_39' title="bbox 307 2309 1888 2382">
    <p class='ocr_par' dir='ltr' id='par_1_39' title="bbox 307 2309 1888 2382">
     <span class='ocr_line' id='line_1_39' title="bbox 307 2309 1888 2382; baseline -0.001 -20"><span class='ocrx_word' id='word_1_271' title='bbox 307 2310 773 2382; x_wconf 79' lang='grc' dir='ltr'>περιτρεχόντων;</span> <span class='ocrx_word' id='word_1_272' title='bbox 828 2309 1000 2382; x_wconf 78' lang='grc' dir='ltr'>’Υπὲρ</span> <span class='ocrx_word' id='word_1_273' title='bbox 1046 2309 1192 2374; x_wconf 90' lang='grc' dir='ltr'>τίνος</span> <span class='ocrx_word' id='word_1_274' title='bbox 1237 2310 1288 2363; x_wconf 84' lang='grc' dir='ltr'><strong>οί</strong></span> <span class='ocrx_word' id='word_1_275' title='bbox 1333 2309 1712 2381; x_wconf 76' lang='grc' dir='ltr'>εὑρισκόμενοι</span> <span class='ocrx_word' id='word_1_276' title='bbox 1752 2325 1888 2380; x_wconf 77' lang='grc' dir='ltr'>κραο</span> 
     </span>
    </p>
   </div>
   <div class='ocr_carea' id='block_1_40' title="bbox 308 2398 1886 2474">
    <p class='ocr_par' dir='ltr' id='par_1_40' title="bbox 308 2398 1886 2474">
     <span class='ocr_line' id='line_1_40' title="bbox 308 2398 1886 2474; baseline -0.001 -20"><span class='ocrx_word' id='word_1_277' title='bbox 308 2400 564 2472; x_wconf 81' lang='grc' dir='ltr'>τούμενοι</span> <span class='ocrx_word' id='word_1_278' title='bbox 611 2400 717 2454; x_wconf 83' lang='grc' dir='ltr'><strong>ὑπὸ</strong></span> <span class='ocrx_word' id='word_1_279' title='bbox 761 2400 1133 2474; x_wconf 83' lang='grc' dir='ltr'><strong>στρατιωτῶν,</strong></span> <span class='ocrx_word' id='word_1_280' title='bbox 1186 2399 1282 2454; x_wconf 62' lang='grc' dir='ltr'><strong>κεν.)⁵</strong></span> <span class='ocrx_word' id='word_1_281' title='bbox 1336 2401 1396 2452; x_wconf 86' lang='grc' dir='ltr'><strong>ἐν</strong></span> <span class='ocrx_word' id='word_1_282' title='bbox 1440 2399 1519 2469; x_wconf 82' lang='grc' dir='ltr'>τῷ</span> <span class='ocrx_word' id='word_1_283' title='bbox 1563 2398 1886 2471; x_wconf 73' lang='grc' dir='ltr'>πραιτωρίῳ</span> 
     </span>
    </p>
   </div>
   <div class='ocr_carea' id='block_1_41' title="bbox 309 2489 1888 2566">
    <p class='ocr_par' dir='ltr' id='par_1_41' title="bbox 309 2489 1888 2566">
     <span class='ocr_line' id='line_1_41' title="bbox 309 2489 1888 2566; baseline -0.001 -21"><span class='ocrx_word' id='word_1_284' title='bbox 309 2493 734 2561; x_wconf 81' lang='grc' dir='ltr'>φυλακισθέντες</span> <span class='ocrx_word' id='word_1_285' title='bbox 755 2509 768 2524; x_wconf 69' lang='grc' dir='ltr'><strong><em>ο</em></strong></span> <span class='ocrx_word' id='word_1_286' title='bbox 817 2490 936 2546; x_wconf 76' lang='grc' dir='ltr'>εἶτα</span> <span class='ocrx_word' id='word_1_287' title='bbox 966 2491 1333 2566; x_wconf 81' lang='grc' dir='ltr'>ἐξορισθέντες</span> <span class='ocrx_word' id='word_1_288' title='bbox 1359 2492 1461 2562; x_wconf 79' lang='grc' dir='ltr'>τῆς</span> <span class='ocrx_word' id='word_1_289' title='bbox 1495 2489 1734 2558; x_wconf 86' lang='grc' dir='ltr'>πόλεως;</span> <span class='ocrx_word' id='word_1_290' title='bbox 1776 2491 1888 2545; x_wconf 75' lang='grc' dir='ltr'><strong>Καὶ</strong></span> 
     </span>
    </p>
   </div>
   <div class='ocr_carea' id='block_1_42' title="bbox 310 2581 1887 2653">
    <p class='ocr_par' dir='ltr' id='par_1_42' title="bbox 310 2581 1887 2653">
     <span class='ocr_line' id='line_1_42' title="bbox 310 2581 1887 2653; baseline -0.001 -17"><span class='ocrx_word' id='word_1_291' title='bbox 310 2584 400 2637; x_wconf 86' lang='grc' dir='ltr'><strong>ἵνα</strong></span> <span class='ocrx_word' id='word_1_292' title='bbox 433 2583 499 2637; x_wconf 86' lang='grc' dir='ltr'>τὰ</span> <span class='ocrx_word' id='word_1_293' title='bbox 539 2584 660 2636; x_wconf 84' lang='grc' dir='ltr'>κατ’</span> <span class='ocrx_word' id='word_1_294' title='bbox 704 2581 882 2653; x_wconf 85' lang='grc' dir='ltr'>ἁρχὰς</span> <span class='ocrx_word' id='word_1_295' title='bbox 928 2583 1108 2637; x_wconf 76' lang='grc' dir='ltr'>εἴπω·</span> <span class='ocrx_word' id='word_1_296' title='bbox 1152 2581 1294 2651; x_wconf 81' lang='grc' dir='ltr'>ὑπὲρ</span> <span class='ocrx_word' id='word_1_297' title='bbox 1331 2581 1475 2645; x_wconf 86' lang='grc' dir='ltr'>τίνος</span> <span class='ocrx_word' id='word_1_298' title='bbox 1523 2581 1590 2634; x_wconf 85' lang='grc' dir='ltr'>τὰ</span> <span class='ocrx_word' id='word_1_299' title='bbox 1635 2581 1887 2636; x_wconf 85' lang='grc' dir='ltr'>Στουδίου</span> 
     </span>
    </p>
   </div>
   <div class='ocr_carea' id='block_1_43' title="bbox 311 2672 1886 2745">
    <p class='ocr_par' dir='ltr' id='par_1_43' title="bbox 311 2672 1886 2745">
     <span class='ocr_line' id='line_1_43' title="bbox 311 2672 1886 2745; baseline -0.002 -17"><span class='ocrx_word' id='word_1_300' title='bbox 311 2677 419 2729; x_wconf 73' lang='grc' dir='ltr'><strong>ὑπὸ</strong></span> <span class='ocrx_word' id='word_1_301' title='bbox 467 2674 690 2744; x_wconf 77' lang='grc' dir='ltr'>στίφους</span> <span class='ocrx_word' id='word_1_302' title='bbox 744 2674 1094 2745; x_wconf 86' lang='grc' dir='ltr'>στρατιωτῶν</span> <span class='ocrx_word' id='word_1_303' title='bbox 1140 2673 1296 2741; x_wconf 74' lang='grc' dir='ltr'>ἄφνω</span> <span class='ocrx_word' id='word_1_304' title='bbox 1341 2672 1678 2726; x_wconf 77' lang='grc' dir='ltr'>ἐπελθόντων</span> <span class='ocrx_word' id='word_1_305' title='bbox 1717 2689 1886 2744; x_wconf 83' lang='grc' dir='ltr'>φρου-</span> 
     </span>
    </p>
   </div>
   <div class='ocr_carea' id='block_1_44' title="bbox 312 2764 1887 2837">
    <p class='ocr_par' dir='ltr' id='par_1_44' title="bbox 312 2764 1887 2837">
     <span class='ocr_line' id='line_1_44' title="bbox 312 2764 1887 2837; baseline -0.001 -19"><span class='ocrx_word' id='word_1_306' title='bbox 312 2765 594 2837; x_wconf 84' lang='grc' dir='ltr'>ρούμενα·</span> <span class='ocrx_word' id='word_1_307' title='bbox 643 2764 720 2829; x_wconf 82' lang='grc' dir='ltr'>ὡς</span> <span class='ocrx_word' id='word_1_308' title='bbox 753 2764 891 2836; x_wconf 81' lang='grc' dir='ltr'>μηδὲ</span> <span class='ocrx_word' id='word_1_309' title='bbox 935 2765 1195 2818; x_wconf 79' lang='grc' dir='ltr'>ἀναπνεῖν</span> <span class='ocrx_word' id='word_1_310' title='bbox 1240 2764 1423 2834; x_wconf 77' lang='grc' dir='ltr'>ἡμᾶς’</span> <span class='ocrx_word' id='word_1_311' title='bbox 1458 2766 1557 2834; x_wconf 78' lang='grc' dir='ltr'>τήν</span> <span class='ocrx_word' id='word_1_312' title='bbox 1604 2781 1663 2818; x_wconf 86' lang='grc' dir='ltr'><strong>τε</strong></span> <span class='ocrx_word' id='word_1_313' title='bbox 1704 2765 1887 2818; x_wconf 79' lang='grc' dir='ltr'>ἐκεῖσε</span> 
     </span>
    </p>
   </div>
   <div class='ocr_carea' id='block_1_45' title="bbox 306 2855 1888 2927">
    <p class='ocr_par' dir='ltr' id='par_1_45' title="bbox 306 2855 1888 2927">
     <span class='ocr_line' id='line_1_45' title="bbox 306 2855 1888 2927; baseline -0.003 -13"><span class='ocrx_word' id='word_1_314' title='bbox 306 2857 499 2926; x_wconf 73' lang='grc' dir='ltr'>ἄφιξιν</span> <span class='ocrx_word' id='word_1_315' title='bbox 527 2855 621 2911; x_wconf 80' lang='grc' dir='ltr'>τοῦ</span> <span class='ocrx_word' id='word_1_316' title='bbox 652 2856 890 2920; x_wconf 75' lang='grc' dir='ltr'>Νικαίας</span> <span class='ocrx_word' id='word_1_317' title='bbox 933 2859 1028 2910; x_wconf 77' lang='grc' dir='ltr'>καὶ</span> <span class='ocrx_word' id='word_1_318' title='bbox 1071 2857 1464 2927; x_wconf 84' lang='grc' dir='ltr'>Χρυσοπόλεως</span> <span class='ocrx_word' id='word_1_319' title='bbox 1486 2898 1500 2923; x_wconf 94' lang='grc'><strong>,</strong></span> <span class='ocrx_word' id='word_1_320' title='bbox 1534 2857 1614 2919; x_wconf 85' lang='grc' dir='ltr'><strong>είς</strong></span> <span class='ocrx_word' id='word_1_321' title='bbox 1641 2856 1701 2909; x_wconf 82' lang='grc' dir='ltr'>τὸ</span> <span class='ocrx_word' id='word_1_322' title='bbox 1733 2856 1888 2921; x_wconf 77' lang='grc' dir='ltr'>δέξα-</span> 
     </span>
    </p>
   </div>
   <div class='ocr_carea' id='block_1_46' title="bbox 195 2948 1887 3022">
    <p class='ocr_par' dir='ltr' id='par_1_46' title="bbox 195 2948 1887 3022">
     <span class='ocr_line' id='line_1_46' title="bbox 195 2948 1887 3022; baseline -0.001 -19"><span class='ocrx_word' id='word_1_323' title='bbox 195 2949 212 2960; x_wconf 85' lang='grc'><em>’</em></span> <span class='ocrx_word' id='word_1_324' title='bbox 311 2951 437 3005; x_wconf 85' lang='grc' dir='ltr'>σθαι</span> <span class='ocrx_word' id='word_1_325' title='bbox 481 2951 629 3022; x_wconf 77' lang='grc' dir='ltr'>ἡμᾶς</span> <span class='ocrx_word' id='word_1_326' title='bbox 685 2950 781 3002; x_wconf 85' lang='grc' dir='ltr'><strong>τὸν</strong></span> <span class='ocrx_word' id='word_1_327' title='bbox 823 2949 1244 3020; x_wconf 77' lang='grc' dir='ltr'>μοιχοζεύκτηνο</span> <span class='ocrx_word' id='word_1_328' title='bbox 1293 2949 1370 3014; x_wconf 83' lang='grc' dir='ltr'>ὡς</span> <span class='ocrx_word' id='word_1_329' title='bbox 1423 2949 1577 3019; x_wconf 82' lang='grc' dir='ltr'>παρὰ</span> <span class='ocrx_word' id='word_1_330' title='bbox 1613 2948 1708 3003; x_wconf 82' lang='grc' dir='ltr'>τοῦ</span> <span class='ocrx_word' id='word_1_331' title='bbox 1749 2966 1887 3021; x_wconf 85' lang='grc' dir='ltr'>προ-</span> 
     </span>
    </p>
   </div>
   <div class='ocr_carea' id='block_1_47' title="bbox 305 3039 1888 3111">
    <p class='ocr_par' dir='ltr' id='par_1_47' title="bbox 305 3039 1888 3111">
     <span class='ocr_line' id='line_1_47' title="bbox 305 3039 1888 3111; baseline -0.003 -16"><span class='ocrx_word' id='word_1_332' title='bbox 305 3040 666 3111; x_wconf 80' lang='grc' dir='ltr'>ηγησαμένου</span> <span class='ocrx_word' id='word_1_333' title='bbox 712 3040 1056 3111; x_wconf 79' lang='grc' dir='ltr'>πατριάρχου</span> <span class='ocrx_word' id='word_1_334' title='bbox 1107 3039 1483 3110; x_wconf 83' lang='grc' dir='ltr'>ἐπιτραπέντα</span> <span class='ocrx_word' id='word_1_335' title='bbox 1529 3041 1750 3111; x_wconf 78' lang='grc' dir='ltr'>ποιῆσαι</span> <span class='ocrx_word' id='word_1_336' title='bbox 1788 3039 1888 3108; x_wconf 81' lang='grc' dir='ltr'>τὴν</span> 
     </span>
    </p>
   </div>
   <div class='ocr_carea' id='block_1_48' title="bbox 308 3130 1886 3203">
    <p class='ocr_par' dir='ltr' id='par_1_48' title="bbox 308 3130 1886 3203">
     <span class='ocr_line' id='line_1_48' title="bbox 308 3130 1886 3203; baseline -0.001 -18"><span class='ocrx_word' id='word_1_337' title='bbox 308 3131 726 3203; x_wconf 78' lang='grc' dir='ltr'>μοιχοζευξίαν;</span> <span class='ocrx_word' id='word_1_338' title='bbox 755 3131 1078 3197; x_wconf 78' lang='grc' dir='ltr'>Καὶ,Ἐπεὶ,</span> <span class='ocrx_word' id='word_1_339' title='bbox 1110 3133 1297 3203; x_wconf 80' lang='grc' dir='ltr'>φησὶν,</span> <span class='ocrx_word' id='word_1_340' title='bbox 1323 3132 1476 3200; x_wconf 73' lang='grc' dir='ltr'>ἅγιος</span> <span class='ocrx_word' id='word_1_341' title='bbox 1506 3133 1534 3185; x_wconf 88' lang='grc' dir='ltr'><strong>ό</strong></span> <span class='ocrx_word' id='word_1_342' title='bbox 1564 3130 1886 3202; x_wconf 77' lang='grc' dir='ltr'>ἐπιτρέψας,</span> 
     </span>
    </p>
   </div>
   <div class='ocr_carea' id='block_1_49' title="bbox 302 3218 1884 3294">
    <p class='ocr_par' dir='ltr' id='par_1_49' title="bbox 302 3218 1884 3294">
     <span class='ocr_line' id='line_1_49' title="bbox 302 3218 1884 3294; baseline -0.003 -19"><span class='ocrx_word' id='word_1_343' title='bbox 302 3223 382 3286; x_wconf 69' lang='grc' dir='ltr'>ὡς</span> <span class='ocrx_word' id='word_1_344' title='bbox 411 3223 440 3274; x_wconf 88' lang='grc' dir='ltr'><strong>ό</strong></span> <span class='ocrx_word' id='word_1_345' title='bbox 479 3222 868 3294; x_wconf 76' lang='grc' dir='ltr'>Χρυσόστομος</span> <span class='ocrx_word' id='word_1_346' title='bbox 894 3221 1052 3290; x_wconf 90' lang='grc' dir='ltr'>ἁγίου</span> <span class='ocrx_word' id='word_1_347' title='bbox 1083 3223 1233 3275; x_wconf 76' lang='grc' dir='ltr'>ἐστὶν</span> <span class='ocrx_word' id='word_1_348' title='bbox 1267 3219 1583 3291; x_wconf 84' lang='grc' dir='ltr'>οίκονομία’</span> <span class='ocrx_word' id='word_1_349' title='bbox 1617 3221 1710 3274; x_wconf 72' lang='grc' dir='ltr'><strong>καὶ</strong></span> <span class='ocrx_word' id='word_1_350' title='bbox 1737 3218 1884 3285; x_wconf 69' lang='grc' dir='ltr'>δέξαι</span> 
     </span>
    </p>
   </div>
   <div class='ocr_carea' id='block_1_50' title="bbox 309 3309 1885 3384">
    <p class='ocr_par' dir='ltr' id='par_1_50' title="bbox 309 3309 1885 3384">
     <span class='ocr_line' id='line_1_50' title="bbox 309 3309 1885 3384; baseline -0.003 -17"><span class='ocrx_word' id='word_1_351' title='bbox 309 3314 404 3367; x_wconf 84' lang='grc' dir='ltr'><strong>σθε</strong></span> <span class='ocrx_word' id='word_1_352' title='bbox 439 3312 664 3384; x_wconf 80' lang='grc' dir='ltr'>ταύτην.</span> <span class='ocrx_word' id='word_1_353' title='bbox 703 3312 877 3382; x_wconf 82' lang='grc' dir='ltr'>’Υπὲρ</span> <span class='ocrx_word' id='word_1_354' title='bbox 905 3312 1048 3375; x_wconf 86' lang='grc' dir='ltr'>τίνος</span> <span class='ocrx_word' id='word_1_355' title='bbox 1081 3312 1112 3381; x_wconf 77' lang='grc' dir='ltr'>ἡ</span> <span class='ocrx_word' id='word_1_356' title='bbox 1139 3313 1196 3365; x_wconf 92' lang='grc' dir='ltr'><strong>ἐν</strong></span> <span class='ocrx_word' id='word_1_357' title='bbox 1226 3312 1382 3364; x_wconf 71' lang='grc' dir='ltr'>νυκτὶ</span> <span class='ocrx_word' id='word_1_358' title='bbox 1413 3311 1573 3382; x_wconf 79' lang='grc' dir='ltr'>ἄρσις</span> <span class='ocrx_word' id='word_1_359' title='bbox 1597 3310 1754 3382; x_wconf 82' lang='grc' dir='ltr'>ἡμῶν</span> <span class='ocrx_word' id='word_1_360' title='bbox 1773 3309 1885 3363; x_wconf 79' lang='grc' dir='ltr'><strong>τῶν</strong></span> 
     </span>
    </p>
   </div>
   <div class='ocr_carea' id='block_1_51' title="bbox 304 3402 1885 3477">
    <p class='ocr_par' dir='ltr' id='par_1_51' title="bbox 304 3402 1885 3477">
     <span class='ocr_line' id='line_1_51' title="bbox 304 3402 1885 3477; baseline 0.001 -21"><span class='ocrx_word' id='word_1_361' title='bbox 304 3407 589 3477; x_wconf 79' lang='grc' dir='ltr'>τεσσάρων</span> <span class='ocrx_word' id='word_1_362' title='bbox 635 3407 699 3458; x_wconf 80' lang='grc' dir='ltr'><strong>ἐκ</strong></span> <span class='ocrx_word' id='word_1_363' title='bbox 733 3403 842 3457; x_wconf 90' lang='grc' dir='ltr'><strong>τῶν</strong></span> <span class='ocrx_word' id='word_1_364' title='bbox 872 3405 1050 3457; x_wconf 76' lang='grc' dir='ltr'>ἐκεῖσε</span> <span class='ocrx_word' id='word_1_365' title='bbox 1087 3403 1154 3456; x_wconf 88' lang='grc' dir='ltr'>δι’</span> <span class='ocrx_word' id='word_1_366' title='bbox 1185 3402 1445 3474; x_wconf 70' lang='grc' dir='ltr'>ἄρχοντος</span> <span class='ocrx_word' id='word_1_367' title='bbox 1492 3402 1586 3456; x_wconf 75' lang='grc' dir='ltr'>καὶ</span> <span class='ocrx_word' id='word_1_368' title='bbox 1617 3420 1885 3474; x_wconf 86' lang='grc' dir='ltr'>στρατιω-</span> 
     </span>
    </p>
   </div>
   <div class='ocr_carea' id='block_1_52' title="bbox 305 3491 1886 3567">
    <p class='ocr_par' dir='ltr' id='par_1_52' title="bbox 305 3491 1886 3567">
     <span class='ocr_line' id='line_1_52' title="bbox 305 3491 1886 3567; baseline 0 -20"><span class='ocrx_word' id='word_1_369' title='bbox 305 3493 440 3556; x_wconf 85' lang='grc' dir='ltr'>τῶν,</span> <span class='ocrx_word' id='word_1_370' title='bbox 472 3495 568 3547; x_wconf 73' lang='lat' dir='ltr'><strong>xci.</strong></span> <span class='ocrx_word' id='word_1_371' title='bbox 599 3495 902 3564; x_wconf 78' lang='grc' dir='ltr'>ἀπαγωγῆς</span> <span class='ocrx_word' id='word_1_372' title='bbox 933 3491 1144 3567; x_wconf 76' lang='lat' dir='ltr'><strong>[melius</strong></span> <span class='ocrx_word' id='word_1_373' title='bbox 1173 3491 1471 3566; x_wconf 80' lang='grc' dir='ltr'>ἀπαγωγὴ]</span> <span class='ocrx_word' id='word_1_374' title='bbox 1499 3494 1634 3565; x_wconf 70' lang='grc' dir='ltr'>πρὸς</span> <span class='ocrx_word' id='word_1_375' title='bbox 1662 3495 1757 3549; x_wconf 81' lang='grc' dir='ltr'><strong>τὸν</strong></span> <span class='ocrx_word' id='word_1_376' title='bbox 1785 3496 1886 3548; x_wconf 84' lang='grc' dir='ltr'><strong>Συ-</strong></span> 
     </span>
    </p>
   </div>
   <div class='ocr_carea' id='block_1_53' title="bbox 309 3579 1885 3656">
    <p class='ocr_par' dir='ltr' id='par_1_53' title="bbox 309 3579 1885 3656">
     <span class='ocr_line' id='line_1_53' title="bbox 309 3579 1885 3656; baseline 0.001 -18"><span class='ocrx_word' id='word_1_377' title='bbox 309 3583 462 3656; x_wconf 86' lang='grc' dir='ltr'>μεὼν</span> <span class='ocrx_word' id='word_1_378' title='bbox 511 3583 601 3638; x_wconf 82' lang='grc' dir='ltr'><strong>τὸν</strong></span> <span class='ocrx_word' id='word_1_379' title='bbox 643 3585 744 3638; x_wconf 76' lang='grc' dir='ltr'><strong>οὐκ</strong></span> <span class='ocrx_word' id='word_1_380' title='bbox 792 3579 888 3638; x_wconf 77' lang='grc' dir='ltr'>οἷδ’</span> <span class='ocrx_word' id='word_1_381' title='bbox 938 3586 1085 3649; x_wconf 82' lang='grc' dir='ltr'>ὅπως</span> <span class='ocrx_word' id='word_1_382' title='bbox 1131 3585 1267 3640; x_wconf 84' lang='grc' dir='ltr'>εῖπω</span> <span class='ocrx_word' id='word_1_383' title='bbox 1289 3600 1302 3616; x_wconf 90' lang='grc'><strong>·</strong></span> <span class='ocrx_word' id='word_1_384' title='bbox 1356 3584 1452 3638; x_wconf 73' lang='grc' dir='ltr'><strong>καὶ</strong></span> <span class='ocrx_word' id='word_1_385' title='bbox 1497 3585 1565 3639; x_wconf 81' lang='grc' dir='ltr'>τὰ</span> <span class='ocrx_word' id='word_1_386' title='bbox 1612 3584 1681 3640; x_wconf 85' lang='grc' dir='ltr'>δι’</span> <span class='ocrx_word' id='word_1_387' title='bbox 1719 3583 1885 3640; x_wconf 81' lang='grc' dir='ltr'>αὐτοῦ</span> 
     </span>
    </p>
   </div>
   <div class='ocr_carea' id='block_1_54' title="bbox 307 3674 1886 3749">
    <p class='ocr_par' dir='ltr' id='par_1_54' title="bbox 307 3674 1886 3749">
     <span class='ocr_line' id='line_1_54' title="bbox 307 3674 1886 3749; baseline 0.002 -21"><span class='ocrx_word' id='word_1_388' title='bbox 307 3675 464 3748; x_wconf 81' lang='grc' dir='ltr'><strong>παρὰ</strong></span> <span class='ocrx_word' id='word_1_389' title='bbox 489 3675 582 3730; x_wconf 79' lang='grc' dir='ltr'>τοῦ</span> <span class='ocrx_word' id='word_1_390' title='bbox 613 3675 876 3747; x_wconf 83' lang='grc' dir='ltr'>βασιλέως</span> <span class='ocrx_word' id='word_1_391' title='bbox 903 3676 1233 3746; x_wconf 79' lang='grc' dir='ltr'>δηλωθέντα,</span> <span class='ocrx_word' id='word_1_392' title='bbox 1267 3677 1345 3741; x_wconf 84' lang='grc' dir='ltr'><strong>είς</strong></span> <span class='ocrx_word' id='word_1_393' title='bbox 1371 3674 1433 3730; x_wconf 77' lang='grc' dir='ltr'>τὸ</span> <span class='ocrx_word' id='word_1_394' title='bbox 1460 3675 1716 3742; x_wconf 81' lang='grc' dir='ltr'>δέξασθαι</span> <span class='ocrx_word' id='word_1_395' title='bbox 1740 3678 1886 3749; x_wconf 78' lang='grc' dir='ltr'>ἡμᾶς</span> 
     </span>
    </p>
   </div>
   <div class='ocr_carea' id='block_1_55' title="bbox 309 3767 1882 3842">
    <p class='ocr_par' dir='ltr' id='par_1_55' title="bbox 309 3767 1882 3842">
     <span class='ocr_line' id='line_1_55' title="bbox 309 3767 1882 3842; baseline 0 -21"><span class='ocrx_word' id='word_1_396' title='bbox 309 3767 782 3840; x_wconf 82' lang='grc' dir='ltr'>μετανενοηκότας</span> <span class='ocrx_word' id='word_1_397' title='bbox 803 3785 816 3799; x_wconf 66' lang='grc' dir='ltr'>θ</span> <span class='ocrx_word' id='word_1_398' title='bbox 851 3769 947 3822; x_wconf 72' lang='grc' dir='ltr'><strong>καὶ</strong></span> <span class='ocrx_word' id='word_1_399' title='bbox 975 3769 1054 3832; x_wconf 85' lang='grc' dir='ltr'><strong>είς</strong></span> <span class='ocrx_word' id='word_1_400' title='bbox 1083 3771 1220 3839; x_wconf 85' lang='grc' dir='ltr'>ὅπερ</span> <span class='ocrx_word' id='word_1_401' title='bbox 1247 3769 1354 3833; x_wconf 79' lang='grc' dir='ltr'>ἓως</span> <span class='ocrx_word' id='word_1_402' title='bbox 1377 3768 1537 3842; x_wconf 86' lang='grc' dir='ltr'>δεῦρο</span> <span class='ocrx_word' id='word_1_403' title='bbox 1562 3768 1882 3841; x_wconf 77' lang='grc' dir='ltr'>ἐνέστημεν,</span> 
     </span>
    </p>
   </div>
   <div class='ocr_carea' id='block_1_56' title="bbox 300 3858 1886 3930">
    <p class='ocr_par' dir='ltr' id='par_1_56' title="bbox 300 3858 1886 3930">
     <span class='ocr_line' id='line_1_56' title="bbox 300 3858 1886 3930; baseline 0.002 -17"><span class='ocrx_word' id='word_1_404' title='bbox 300 3859 382 3922; x_wconf 84' lang='grc' dir='ltr'>ὡς</span> <span class='ocrx_word' id='word_1_405' title='bbox 403 3860 717 3930; x_wconf 83' lang='grc' dir='ltr'>οἰκονομίας</span> <span class='ocrx_word' id='word_1_406' title='bbox 746 3860 1082 3930; x_wconf 76' lang='grc' dir='ltr'>γενομένηςς</span> <span class='ocrx_word' id='word_1_407' title='bbox 1137 3859 1303 3930; x_wconf 80' lang='grc' dir='ltr'>’Υπὲρ</span> <span class='ocrx_word' id='word_1_408' title='bbox 1349 3858 1492 3923; x_wconf 83' lang='grc' dir='ltr'>τίνος</span> <span class='ocrx_word' id='word_1_409' title='bbox 1522 3858 1684 3913; x_wconf 85' lang='grc' dir='ltr'>πάλιν</span> <span class='ocrx_word' id='word_1_410' title='bbox 1719 3860 1886 3916; x_wconf 73' lang='grc' dir='ltr'>κατάρ-</span> 
     </span>
    </p>
   </div>
   <div class='ocr_carea' id='block_1_57' title="bbox 305 3955 1881 4028">
    <p class='ocr_par' dir='ltr' id='par_1_57' title="bbox 305 3955 1881 4028">
     <span class='ocr_line' id='line_1_57' title="bbox 305 3955 1881 4028; baseline -0.001 -19"><span class='ocrx_word' id='word_1_411' title='bbox 305 3955 550 4009; x_wconf 66' lang='grc' dir='ltr'>κλειστοι</span> <span class='ocrx_word' id='word_1_412' title='bbox 580 3957 660 4018; x_wconf 84' lang='grc' dir='ltr'><strong>είς</strong></span> <span class='ocrx_word' id='word_1_413' title='bbox 696 3955 787 4009; x_wconf 73' lang='grc' dir='ltr'>τὸν</span> <span class='ocrx_word' id='word_1_414' title='bbox 827 3956 982 4023; x_wconf 79' lang='grc' dir='ltr'>ἁγιον</span> <span class='ocrx_word' id='word_1_415' title='bbox 1027 3957 1284 4028; x_wconf 84' lang='grc' dir='ltr'>Σέργιον’</span> <span class='ocrx_word' id='word_1_416' title='bbox 1324 3955 1419 4010; x_wconf 77' lang='grc' dir='ltr'>καὶ</span> <span class='ocrx_word' id='word_1_417' title='bbox 1450 3955 1612 4010; x_wconf 85' lang='grc' dir='ltr'>πάλιν</span> <span class='ocrx_word' id='word_1_418' title='bbox 1644 3956 1739 4010; x_wconf 77' lang='grc' dir='ltr'>τοῦ</span> <span class='ocrx_word' id='word_1_419' title='bbox 1780 3957 1881 4009; x_wconf 89' lang='grc' dir='ltr'><strong>Συ-</strong></span> 
     </span>
    </p>
   </div>
   <div class='ocr_carea' id='block_1_58' title="bbox 306 4043 1887 4118">
    <p class='ocr_par' dir='ltr' id='par_1_58' title="bbox 306 4043 1887 4118">
     <span class='ocr_line' id='line_1_58' title="bbox 306 4043 1887 4118; baseline 0.005 -22"><span class='ocrx_word' id='word_1_420' title='bbox 306 4043 458 4113; x_wconf 81' lang='grc' dir='ltr'>μεὼν</span> <span class='ocrx_word' id='word_1_421' title='bbox 515 4048 693 4098; x_wconf 84' lang='grc' dir='ltr'>ἐκεῖσε</span> <span class='ocrx_word' id='word_1_422' title='bbox 741 4048 892 4116; x_wconf 83' lang='grc' dir='ltr'><strong>παρὰ</strong></span> <span class='ocrx_word' id='word_1_423' title='bbox 942 4046 1034 4100; x_wconf 84' lang='grc' dir='ltr'><strong>τοῦ</strong></span> <span class='ocrx_word' id='word_1_424' title='bbox 1086 4046 1351 4118; x_wconf 85' lang='grc' dir='ltr'>βασιλέως</span> <span class='ocrx_word' id='word_1_425' title='bbox 1399 4048 1586 4117; x_wconf 78' lang='grc' dir='ltr'>ἄφιξις</span> <span class='ocrx_word' id='word_1_426' title='bbox 1629 4050 1710 4114; x_wconf 84' lang='grc' dir='ltr'><strong>είς</strong></span> <span class='ocrx_word' id='word_1_427' title='bbox 1753 4049 1887 4104; x_wconf 72' lang='grc' dir='ltr'>αὐτὸ</span> 
     </span>
    </p>
   </div>
   <div class='ocr_carea' id='block_1_59' title="bbox 303 4137 1886 4214">
    <p class='ocr_par' dir='ltr' id='par_1_59' title="bbox 303 4137 1886 4214">
     <span class='ocr_line' id='line_1_59' title="bbox 303 4137 1886 4214; baseline 0.006 -25"><span class='ocrx_word' id='word_1_428' title='bbox 303 4137 498 4190; x_wconf 66' lang='grc' dir='ltr'>τοῦτα·</span> <span class='ocrx_word' id='word_1_429' title='bbox 518 4138 690 4211; x_wconf 84' lang='grc' dir='ltr'>’Υπὲρ</span> <span class='ocrx_word' id='word_1_430' title='bbox 719 4140 865 4202; x_wconf 86' lang='grc' dir='ltr'>τίνος</span> <span class='ocrx_word' id='word_1_431' title='bbox 893 4142 926 4212; x_wconf 86' lang='grc' dir='ltr'>ἡ</span> <span class='ocrx_word' id='word_1_432' title='bbox 957 4141 1024 4196; x_wconf 85' lang='grc' dir='ltr'>δι’</span> <span class='ocrx_word' id='word_1_433' title='bbox 1053 4143 1330 4214; x_wconf 85' lang='grc' dir='ltr'>ἀρχόντων</span> <span class='ocrx_word' id='word_1_434' title='bbox 1359 4145 1705 4214; x_wconf 85' lang='grc' dir='ltr'>παράστασις</span> <span class='ocrx_word' id='word_1_435' title='bbox 1728 4145 1886 4214; x_wconf 84' lang='grc' dir='ltr'>ἡμῶν</span> 
     </span>
    </p>
   </div>
   <div class='ocr_carea' id='block_1_60' title="bbox 302 4226 1886 4303">
    <p class='ocr_par' dir='ltr' id='par_1_60' title="bbox 302 4226 1886 4303">
     <span class='ocr_line' id='line_1_60' title="bbox 302 4226 1886 4303; baseline 0.006 -26"><span class='ocrx_word' id='word_1_436' title='bbox 302 4229 366 4277; x_wconf 78' lang='grc' dir='ltr'><strong>ἐν</strong></span> <span class='ocrx_word' id='word_1_437' title='bbox 415 4228 484 4296; x_wconf 80' lang='grc' dir='ltr'>τῇ</span> <span class='ocrx_word' id='word_1_438' title='bbox 537 4226 950 4300; x_wconf 79' lang='grc' dir='ltr'>πολυανθρώπῳ</span> <span class='ocrx_word' id='word_1_439' title='bbox 998 4231 1219 4300; x_wconf 82' lang='grc' dir='ltr'>συνόδῳ,</span> <span class='ocrx_word' id='word_1_440' title='bbox 1267 4231 1752 4303; x_wconf 79' lang='grc' dir='ltr'>συγκαθεζομένων</span> <span class='ocrx_word' id='word_1_441' title='bbox 1790 4234 1886 4288; x_wconf 77' lang='grc' dir='ltr'>καὶ</span> 
     </span>
    </p>
   </div>
   <div class='ocr_carea' id='block_1_61' title="bbox 304 4316 1886 4393">
    <p class='ocr_par' dir='ltr' id='par_1_61' title="bbox 304 4316 1886 4393">
     <span class='ocr_line' id='line_1_61' title="bbox 304 4316 1886 4393; baseline 0.006 -25"><span class='ocrx_word' id='word_1_442' title='bbox 304 4316 482 4386; x_wconf 84' lang='grc' dir='ltr'>τριῶν</span> <span class='ocrx_word' id='word_1_443' title='bbox 507 4317 614 4370; x_wconf 84' lang='grc' dir='ltr'><strong>τῶν</strong></span> <span class='ocrx_word' id='word_1_444' title='bbox 645 4320 920 4388; x_wconf 88' lang='grc' dir='ltr'>μεγίστων</span> <span class='ocrx_word' id='word_1_445' title='bbox 946 4320 1309 4392; x_wconf 80' lang='grc' dir='ltr'>ἁξιωμὰτων;</span> <span class='ocrx_word' id='word_1_446' title='bbox 1357 4321 1527 4393; x_wconf 81' lang='grc' dir='ltr'>’Υπέρ</span> <span class='ocrx_word' id='word_1_447' title='bbox 1555 4322 1696 4387; x_wconf 86' lang='grc' dir='ltr'>τίνος</span> <span class='ocrx_word' id='word_1_448' title='bbox 1723 4322 1832 4392; x_wconf 87' lang='grc' dir='ltr'>ἐγὼ</span> <span class='ocrx_word' id='word_1_449' title='bbox 1858 4325 1886 4377; x_wconf 84' lang='grc' dir='ltr'><strong>ὁ</strong></span> 
     </span>
    </p>
   </div>
   <div class='ocr_carea' id='block_1_62' title="bbox 299 4409 1886 4487">
    <p class='ocr_par' dir='ltr' id='par_1_62' title="bbox 299 4409 1886 4487">
     <span class='ocr_line' id='line_1_62' title="bbox 299 4409 1886 4487; baseline 0.006 -28"><span class='ocrx_word' id='word_1_450' title='bbox 299 4409 564 4472; x_wconf 82' lang='grc' dir='ltr'>ταπεινὸς</span> <span class='ocrx_word' id='word_1_451' title='bbox 587 4411 767 4464; x_wconf 84' lang='grc' dir='ltr'>ἐκεῖσε</span> <span class='ocrx_word' id='word_1_452' title='bbox 803 4411 1295 4483; x_wconf 58' lang='grc' dir='ltr'><strong>ὑϐριζόμενοςαώ⁸</strong></span> <span class='ocrx_word' id='word_1_453' title='bbox 1323 4415 1582 4469; x_wconf 83' lang='grc' dir='ltr'>κυκλόθεν</span> <span class='ocrx_word' id='word_1_454' title='bbox 1611 4433 1886 4487; x_wconf 82' lang='grc' dir='ltr'>περιστοι-</span> 
     </span>
    </p>
   </div>
   <div class='ocr_carea' id='block_1_63' title="bbox 302 4499 1884 4576">
    <p class='ocr_par' dir='ltr' id='par_1_63' title="bbox 302 4499 1884 4576">
     <span class='ocr_line' id='line_1_63' title="bbox 302 4499 1884 4576; baseline 0.007 -27"><span class='ocrx_word' id='word_1_455' title='bbox 302 4499 624 4570; x_wconf 75' lang='grc' dir='ltr'>χιζόμενοςς</span> <span class='ocrx_word' id='word_1_456' title='bbox 659 4502 752 4555; x_wconf 70' lang='grc' dir='ltr'>καὶ</span> <span class='ocrx_word' id='word_1_457' title='bbox 779 4503 994 4558; x_wconf 85' lang='grc' dir='ltr'>ἁκούων</span> <span class='ocrx_word' id='word_1_458' title='bbox 1016 4519 1029 4534; x_wconf 85' lang='lat'><strong><em>°</em></strong></span> <span class='ocrx_word' id='word_1_459' title='bbox 1068 4505 1183 4559; x_wconf 80' lang='grc' dir='ltr'><strong>Οὐκ</strong></span> <span class='ocrx_word' id='word_1_460' title='bbox 1228 4501 1375 4570; x_wconf 73' lang='grc' dir='ltr'>οἶδας</span> <span class='ocrx_word' id='word_1_461' title='bbox 1403 4506 1455 4560; x_wconf 88' lang='grc' dir='ltr'><strong>τί</strong></span> <span class='ocrx_word' id='word_1_462' title='bbox 1494 4507 1791 4576; x_wconf 85' lang='grc' dir='ltr'>φλυαρεῖς,</span> <span class='ocrx_word' id='word_1_463' title='bbox 1831 4507 1884 4560; x_wconf 86' lang='grc' dir='ltr'><strong>τί</strong></span> 
     </span>
    </p>
   </div>
   <div class='ocr_carea' id='block_1_64' title="bbox 1987 2037 3571 2108">
    <p class='ocr_par' dir='ltr' id='par_1_64' title="bbox 1987 2037 3571 2108">
     <span class='ocr_line' id='line_1_64' title="bbox 1987 2037 3571 2108; baseline 0.001 -15"><span class='ocrx_word' id='word_1_464' title='bbox 1987 2040 2205 2093; x_wconf 84' lang='lat' dir='ltr'><strong>dianum</strong></span> <span class='ocrx_word' id='word_1_465' title='bbox 2238 2055 2269 2093; x_wconf 91' lang='lat' dir='ltr'><strong>a</strong></span> <span class='ocrx_word' id='word_1_466' title='bbox 2307 2039 2536 2094; x_wconf 86' lang='lat' dir='ltr'><strong>militum</strong></span> <span class='ocrx_word' id='word_1_467' title='bbox 2585 2054 2751 2092; x_wconf 91' lang='lat' dir='ltr'><strong>manu</strong></span> <span class='ocrx_word' id='word_1_468' title='bbox 2805 2038 2988 2093; x_wconf 88' lang='lat' dir='ltr'><strong>subito</strong></span> <span class='ocrx_word' id='word_1_469' title='bbox 3043 2037 3282 2096; x_wconf 79' lang='lat' dir='ltr'><strong>immissa</strong></span> <span class='ocrx_word' id='word_1_470' title='bbox 3338 2051 3571 2108; x_wconf 83' lang='lat' dir='ltr'><strong>occupa-</strong></span> 
     </span>
    </p>
   </div>
   <div class='ocr_carea' id='block_1_65' title="bbox 1990 2123 3569 2197">
    <p class='ocr_par' dir='ltr' id='par_1_65' title="bbox 1990 2123 3569 2197">
     <span class='ocr_line' id='line_1_65' title="bbox 1990 2123 3569 2197; baseline 0 -17"><span class='ocrx_word' id='word_1_471' title='bbox 1990 2137 2122 2193; x_wconf 88' lang='lat' dir='ltr'><strong>tum,</strong></span> <span class='ocrx_word' id='word_1_472' title='bbox 2168 2128 2238 2182; x_wconf 92' lang='lat' dir='ltr'><strong>ita</strong></span> <span class='ocrx_word' id='word_1_473' title='bbox 2263 2136 2321 2181; x_wconf 89' lang='lat' dir='ltr'><strong>ut</strong></span> <span class='ocrx_word' id='word_1_474' title='bbox 2343 2127 2607 2197; x_wconf 81' lang='lat' dir='ltr'><strong>respirare</strong></span> <span class='ocrx_word' id='word_1_475' title='bbox 2651 2127 2808 2182; x_wconf 89' lang='lat' dir='ltr'><strong>nobis</strong></span> <span class='ocrx_word' id='word_1_476' title='bbox 2834 2126 2919 2182; x_wconf 80' lang='lat' dir='ltr'><strong>vix</strong></span> <span class='ocrx_word' id='word_1_477' title='bbox 2947 2126 3136 2184; x_wconf 75' lang='lat' dir='ltr'><strong>liceret</strong></span> <span class='ocrx_word' id='word_1_478' title='bbox 3159 2142 3175 2182; x_wconf 89' lang='lat'><strong>:</strong></span> <span class='ocrx_word' id='word_1_479' title='bbox 3207 2135 3265 2182; x_wconf 86' lang='lat' dir='ltr'><strong>et</strong></span> <span class='ocrx_word' id='word_1_480' title='bbox 3285 2123 3480 2184; x_wconf 58' lang='lat' dir='ltr'><strong>Nicen</strong></span> <span class='ocrx_word' id='word_1_481' title='bbox 3508 2134 3569 2181; x_wconf 84' lang='lat' dir='ltr'><strong>et</strong></span> 
     </span>
    </p>
   </div>
   <div class='ocr_carea' id='block_1_66' title="bbox 1988 2217 3572 2290">
    <p class='ocr_par' dir='ltr' id='par_1_66' title="bbox 1988 2217 3572 2290">
     <span class='ocr_line' id='line_1_66' title="bbox 1988 2217 3572 2290; baseline 0.001 -18"><span class='ocrx_word' id='word_1_482' title='bbox 1988 2217 2338 2290; x_wconf 77' lang='lat' dir='ltr'><strong>Chrys0polis</strong></span> <span class='ocrx_word' id='word_1_483' title='bbox 2388 2217 2634 2288; x_wconf 89' lang='lat' dir='ltr'><strong>episc0pi</strong></span> <span class='ocrx_word' id='word_1_484' title='bbox 2665 2233 2732 2273; x_wconf 90' lang='lat' dir='ltr'><strong>eo</strong></span> <span class='ocrx_word' id='word_1_485' title='bbox 2779 2217 3164 2284; x_wconf 80' lang='lat' dir='ltr'><strong>adventarunt,</strong></span> <span class='ocrx_word' id='word_1_486' title='bbox 3218 2225 3278 2272; x_wconf 90' lang='lat' dir='ltr'><strong>ut</strong></span> <span class='ocrx_word' id='word_1_487' title='bbox 3334 2217 3572 2274; x_wconf 88' lang='lat' dir='ltr'><strong>adulteri</strong></span> 
     </span>
    </p>
   </div>
   <div class='ocr_carea' id='block_1_67' title="bbox 1987 2309 3573 2382">
    <p class='ocr_par' dir='ltr' id='par_1_67' title="bbox 1987 2309 3573 2382">
     <span class='ocr_line' id='line_1_67' title="bbox 1987 2309 3573 2382; baseline 0.001 -18"><span class='ocrx_word' id='word_1_488' title='bbox 1987 2310 2357 2380; x_wconf 90' lang='lat' dir='ltr'><strong>copulatorcm</strong></span> <span class='ocrx_word' id='word_1_489' title='bbox 2387 2310 2820 2382; x_wconf 89' lang='lat' dir='ltr'><strong>suscipercmus,</strong></span> <span class='ocrx_word' id='word_1_490' title='bbox 2842 2309 3006 2364; x_wconf 81' lang='lat' dir='ltr'><strong>veluti</strong></span> <span class='ocrx_word' id='word_1_491' title='bbox 3034 2309 3126 2379; x_wconf 92' lang='lat' dir='ltr'><strong>qui</strong></span> <span class='ocrx_word' id='word_1_492' title='bbox 3159 2325 3192 2366; x_wconf 88' lang='lat' dir='ltr'><strong>a</strong></span> <span class='ocrx_word' id='word_1_493' title='bbox 3227 2309 3573 2380; x_wconf 78' lang='lat' dir='ltr'><strong>praecedente</strong></span> 
     </span>
    </p>
   </div>
   <div class='ocr_carea' id='block_1_68' title="bbox 1987 2399 3572 2474">
    <p class='ocr_par' dir='ltr' id='par_1_68' title="bbox 1987 2399 3572 2474">
     <span class='ocr_line' id='line_1_68' title="bbox 1987 2399 3572 2474; baseline 0.003 -21"><span class='ocrx_word' id='word_1_494' title='bbox 1987 2400 2291 2468; x_wconf 85' lang='lat' dir='ltr'><strong>patriarcha</strong></span> <span class='ocrx_word' id='word_1_495' title='bbox 2319 2401 2506 2471; x_wconf 87' lang='lat' dir='ltr'><strong>jussus</strong></span> <span class='ocrx_word' id='word_1_496' title='bbox 2526 2399 2778 2455; x_wconf 88' lang='lat' dir='ltr'><strong>adulterii</strong></span> <span class='ocrx_word' id='word_1_497' title='bbox 2799 2399 3201 2469; x_wconf 86' lang='lat' dir='ltr'><strong>copulationem</strong></span> <span class='ocrx_word' id='word_1_498' title='bbox 3231 2399 3572 2474; x_wconf 72' lang='lat' dir='ltr'><strong>peregisset?</strong></span> 
     </span>
    </p>
   </div>
   <div class='ocr_carea' id='block_1_69' title="bbox 1989 2491 3572 2564">
    <p class='ocr_par' dir='ltr' id='par_1_69' title="bbox 1989 2491 3572 2564">
     <span class='ocr_line' id='line_1_69' title="bbox 1989 2491 3572 2564; baseline 0 -18"><span class='ocrx_word' id='word_1_499' title='bbox 1989 2491 2408 2557; x_wconf 78' lang='lat' dir='ltr'><strong>EtzQuoniam,</strong></span> <span class='ocrx_word' id='word_1_500' title='bbox 2447 2492 2706 2557; x_wconf 88' lang='lat' dir='ltr'><strong>aiebant,</strong></span> <span class='ocrx_word' id='word_1_501' title='bbox 2765 2500 2986 2547; x_wconf 87' lang='lat' dir='ltr'><strong>sanctus</strong></span> <span class='ocrx_word' id='word_1_502' title='bbox 3045 2496 3137 2562; x_wconf 85' lang='lat' dir='ltr'><strong>qui</strong></span> <span class='ocrx_word' id='word_1_503' title='bbox 3192 2491 3374 2564; x_wconf 82' lang='lat' dir='ltr'><strong>jussit,</strong></span> <span class='ocrx_word' id='word_1_504' title='bbox 3427 2491 3572 2548; x_wconf 88' lang='lat' dir='ltr'><strong>sicut</strong></span> 
     </span>
    </p>
   </div>
   <div class='ocr_carea' id='block_1_70' title="bbox 1987 2580 3570 2653">
    <p class='ocr_par' dir='ltr' id='par_1_70' title="bbox 1987 2580 3570 2653">
     <span class='ocr_line' id='line_1_70' title="bbox 1987 2580 3570 2653; baseline 0 -17"><span class='ocrx_word' id='word_1_505' title='bbox 1987 2581 2444 2653; x_wconf 84' lang='lat' dir='ltr'><strong>Chrysostomus;</strong></span> <span class='ocrx_word' id='word_1_506' title='bbox 2486 2581 2659 2637; x_wconf 88' lang='lat' dir='ltr'><strong>sancti</strong></span> <span class='ocrx_word' id='word_1_507' title='bbox 2691 2590 2777 2636; x_wconf 89' lang='lat' dir='ltr'><strong>est</strong></span> <span class='ocrx_word' id='word_1_508' title='bbox 2801 2580 3139 2651; x_wconf 88' lang='lat' dir='ltr'><strong>dispensatio</strong></span> <span class='ocrx_word' id='word_1_509' title='bbox 3169 2599 3184 2636; x_wconf 84' lang='lat'><strong><em>:</em></strong></span> <span class='ocrx_word' id='word_1_510' title='bbox 3218 2596 3388 2652; x_wconf 88' lang='lat' dir='ltr'><strong>quare</strong></span> <span class='ocrx_word' id='word_1_511' title='bbox 3425 2580 3570 2638; x_wconf 85' lang='lat' dir='ltr'><strong>illam</strong></span> 
     </span>
    </p>
   </div>
   <div class='ocr_carea' id='block_1_71' title="bbox 1990 2674 3573 2745">
    <p class='ocr_par' dir='ltr' id='par_1_71' title="bbox 1990 2674 3573 2745">
     <span class='ocr_line' id='line_1_71' title="bbox 1990 2674 3573 2745; baseline 0.002 -16"><span class='ocrx_word' id='word_1_512' title='bbox 1990 2674 2236 2744; x_wconf 89' lang='lat' dir='ltr'><strong>recipite.</strong></span> <span class='ocrx_word' id='word_1_513' title='bbox 2291 2675 2402 2729; x_wconf 90' lang='lat' dir='ltr'><strong>Cur</strong></span> <span class='ocrx_word' id='word_1_514' title='bbox 2429 2683 2593 2730; x_wconf 91' lang='lat' dir='ltr'><strong>noctu</strong></span> <span class='ocrx_word' id='word_1_515' title='bbox 2637 2690 2739 2729; x_wconf 91' lang='lat' dir='ltr'><strong>nos</strong></span> <span class='ocrx_word' id='word_1_516' title='bbox 2777 2683 3013 2744; x_wconf 89' lang='lat' dir='ltr'><strong>quatuor</strong></span> <span class='ocrx_word' id='word_1_517' title='bbox 3042 2674 3170 2732; x_wconf 87' lang='lat' dir='ltr'><strong>inde</strong></span> <span class='ocrx_word' id='word_1_518' title='bbox 3222 2674 3418 2732; x_wconf 82' lang='lat' dir='ltr'><strong>sublati</strong></span> <span class='ocrx_word' id='word_1_519' title='bbox 3474 2691 3573 2745; x_wconf 83' lang='lat' dir='ltr'><strong>per</strong></span> 
     </span>
    </p>
   </div>
   <div class='ocr_carea' id='block_1_72' title="bbox 1989 2765 3576 2836">
    <p class='ocr_par' dir='ltr' id='par_1_72' title="bbox 1989 2765 3576 2836">
     <span class='ocr_line' id='line_1_72' title="bbox 1989 2765 3576 2836; baseline 0 -17"><span class='ocrx_word' id='word_1_520' title='bbox 1989 2766 2181 2820; x_wconf 90' lang='lat' dir='ltr'><strong>ducem</strong></span> <span class='ocrx_word' id='word_1_521' title='bbox 2243 2781 2307 2821; x_wconf 90' lang='lat' dir='ltr'><strong>ac</strong></span> <span class='ocrx_word' id='word_1_522' title='bbox 2365 2766 2588 2828; x_wconf 88' lang='lat' dir='ltr'><strong>milites,</strong></span> <span class='ocrx_word' id='word_1_523' title='bbox 2638 2774 2801 2836; x_wconf 91' lang='lat' dir='ltr'><strong>atque</strong></span> <span class='ocrx_word' id='word_1_524' title='bbox 2863 2765 2931 2820; x_wconf 91' lang='lat' dir='ltr'><strong>ad</strong></span> <span class='ocrx_word' id='word_1_525' title='bbox 2979 2765 3288 2824; x_wconf 87' lang='lat' dir='ltr'><strong>Simeonem</strong></span> <span class='ocrx_word' id='word_1_526' title='bbox 3325 2765 3576 2834; x_wconf 70' lang='lat' dir='ltr'><strong>abducti,</strong></span> 
     </span>
    </p>
   </div>
   <div class='ocr_carea' id='block_1_73' title="bbox 1989 2856 3568 2928">
    <p class='ocr_par' dir='ltr' id='par_1_73' title="bbox 1989 2856 3568 2928">
     <span class='ocr_line' id='line_1_73' title="bbox 1989 2856 3568 2928; baseline 0.001 -19"><span class='ocrx_word' id='word_1_527' title='bbox 1989 2871 2149 2927; x_wconf 88' lang='lat' dir='ltr'><strong>quem</strong></span> <span class='ocrx_word' id='word_1_528' title='bbox 2197 2856 2381 2912; x_wconf 90' lang='lat' dir='ltr'><strong>nescio</strong></span> <span class='ocrx_word' id='word_1_529' title='bbox 2413 2872 2523 2927; x_wconf 86' lang='lat' dir='ltr'><strong>quo</strong></span> <span class='ocrx_word' id='word_1_530' title='bbox 2546 2857 2766 2912; x_wconf 90' lang='lat' dir='ltr'><strong>nomine</strong></span> <span class='ocrx_word' id='word_1_531' title='bbox 2795 2857 3088 2928; x_wconf 86' lang='lat' dir='ltr'><strong>appellem,</strong></span> <span class='ocrx_word' id='word_1_532' title='bbox 3121 2867 3179 2916; x_wconf 88' lang='lat' dir='ltr'><strong>et</strong></span> <span class='ocrx_word' id='word_1_533' title='bbox 3205 2871 3328 2927; x_wconf 70' lang='lat' dir='ltr'><strong>qua:</strong></span> <span class='ocrx_word' id='word_1_534' title='bbox 3370 2871 3468 2927; x_wconf 87' lang='lat' dir='ltr'><strong>per</strong></span> <span class='ocrx_word' id='word_1_535' title='bbox 3498 2856 3568 2911; x_wconf 91' lang='lat' dir='ltr'><strong>il-</strong></span> 
     </span>
    </p>
   </div>
   <div class='ocr_carea' id='block_1_74' title="bbox 1990 2946 3569 3018">
    <p class='ocr_par' dir='ltr' id='par_1_74' title="bbox 1990 2946 3569 3018">
     <span class='ocr_line' id='line_1_74' title="bbox 1990 2946 3569 3018; baseline 0.003 -18"><span class='ocrx_word' id='word_1_536' title='bbox 1990 2948 2100 3001; x_wconf 92' lang='lat' dir='ltr'><strong>lum</strong></span> <span class='ocrx_word' id='word_1_537' title='bbox 2147 2947 2304 3002; x_wconf 88' lang='lat' dir='ltr'><strong>nobis</strong></span> <span class='ocrx_word' id='word_1_538' title='bbox 2363 2947 2432 3001; x_wconf 89' lang='lat' dir='ltr'><strong>ab</strong></span> <span class='ocrx_word' id='word_1_539' title='bbox 2489 2946 2814 3017; x_wconf 86' lang='lat' dir='ltr'><strong>imperatore</strong></span> <span class='ocrx_word' id='word_1_540' title='bbox 2864 2947 3188 3018; x_wconf 78' lang='lat' dir='ltr'><strong>signiﬁcata,</strong></span> <span class='ocrx_word' id='word_1_541' title='bbox 3245 2955 3308 3001; x_wconf 88' lang='lat' dir='ltr'><strong>ut</strong></span> <span class='ocrx_word' id='word_1_542' title='bbox 3361 2954 3569 3004; x_wconf 81' lang='lat' dir='ltr'><strong>mutata</strong></span> 
     </span>
    </p>
   </div>
   <div class='ocr_carea' id='block_1_75' title="bbox 1991 3038 3568 3108">
    <p class='ocr_par' dir='ltr' id='par_1_75' title="bbox 1991 3038 3568 3108">
     <span class='ocr_line' id='line_1_75' title="bbox 1991 3038 3568 3108; baseline 0.004 -16"><span class='ocrx_word' id='word_1_543' title='bbox 1991 3038 2261 3093; x_wconf 89' lang='lat' dir='ltr'><strong>sententia</strong></span> <span class='ocrx_word' id='word_1_544' title='bbox 2297 3039 2367 3094; x_wconf 92' lang='lat' dir='ltr'><strong>ab</strong></span> <span class='ocrx_word' id='word_1_545' title='bbox 2395 3038 2644 3094; x_wconf 87' lang='lat' dir='ltr'><strong>instituto</strong></span> <span class='ocrx_word' id='word_1_546' title='bbox 2697 3039 3107 3103; x_wconf 79' lang='lat' dir='ltr'><strong>desistet-emus,</strong></span> <span class='ocrx_word' id='word_1_547' title='bbox 3140 3047 3396 3108; x_wconf 83' lang='lat' dir='ltr'><strong>tanquam</strong></span> <span class='ocrx_word' id='word_1_548' title='bbox 3427 3038 3568 3098; x_wconf 79' lang='lat' dir='ltr'><strong>facta</strong></span> 
     </span>
    </p>
   </div>
   <div class='ocr_carea' id='block_1_76' title="bbox 1989 3125 3569 3198">
    <p class='ocr_par' dir='ltr' id='par_1_76' title="bbox 1989 3125 3569 3198">
     <span class='ocr_line' id='line_1_76' title="bbox 1989 3125 3569 3198; baseline 0.001 -15"><span class='ocrx_word' id='word_1_549' title='bbox 1989 3126 2398 3198; x_wconf 82' lang='lat' dir='ltr'><strong>dispensatione</strong></span> <span class='ocrx_word' id='word_1_550' title='bbox 2438 3147 2450 3182; x_wconf 87' lang='lat'><strong>:</strong></span> <span class='ocrx_word' id='word_1_551' title='bbox 2490 3126 2576 3182; x_wconf 92' lang='lat' dir='ltr'><strong>cui</strong></span> <span class='ocrx_word' id='word_1_552' title='bbox 2611 3125 2684 3182; x_wconf 89' lang='lat' dir='ltr'><strong>rei</strong></span> <span class='ocrx_word' id='word_1_553' title='bbox 2707 3128 2774 3182; x_wconf 86' lang='lat' dir='ltr'><strong>ad</strong></span> <span class='ocrx_word' id='word_1_554' title='bbox 2797 3128 2944 3193; x_wconf 83' lang='lat' dir='ltr'><strong>hunc</strong></span> <span class='ocrx_word' id='word_1_555' title='bbox 2971 3143 3142 3198; x_wconf 87' lang='lat' dir='ltr'><strong>usque</strong></span> <span class='ocrx_word' id='word_1_556' title='bbox 3169 3127 3314 3184; x_wconf 90' lang='lat' dir='ltr'><strong>diem</strong></span> <span class='ocrx_word' id='word_1_557' title='bbox 3362 3129 3569 3184; x_wconf 86' lang='lat' dir='ltr'><strong>restiti-</strong></span> 
     </span>
    </p>
   </div>
   <div class='ocr_carea' id='block_1_77' title="bbox 1993 3218 3570 3290">
    <p class='ocr_par' dir='ltr' id='par_1_77' title="bbox 1993 3218 3570 3290">
     <span class='ocr_line' id='line_1_77' title="bbox 1993 3218 3570 3290; baseline 0.002 -16"><span class='ocrx_word' id='word_1_558' title='bbox 1993 3235 2114 3275; x_wconf 89' lang='lat' dir='ltr'><strong>mus</strong></span> <span class='ocrx_word' id='word_1_559' title='bbox 2141 3219 2164 3272; x_wconf 89' lang='lat'><strong>?</strong></span> <span class='ocrx_word' id='word_1_560' title='bbox 2193 3219 2304 3274; x_wconf 86' lang='lat' dir='ltr'><strong>Cur</strong></span> <span class='ocrx_word' id='word_1_561' title='bbox 2329 3218 2526 3274; x_wconf 89' lang='lat' dir='ltr'><strong>iterum</strong></span> <span class='ocrx_word' id='word_1_562' title='bbox 2553 3218 2620 3274; x_wconf 90' lang='lat' dir='ltr'><strong>ad</strong></span> <span class='ocrx_word' id='word_1_563' title='bbox 2649 3225 2901 3274; x_wconf 88' lang='lat' dir='ltr'><strong>sanctqu</strong></span> <span class='ocrx_word' id='word_1_564' title='bbox 2939 3218 3184 3290; x_wconf 78' lang='lat' dir='ltr'><strong>Sergium</strong></span> <span class='ocrx_word' id='word_1_565' title='bbox 3215 3220 3411 3278; x_wconf 86' lang='lat' dir='ltr'><strong>inclusi</strong></span> <span class='ocrx_word' id='word_1_566' title='bbox 3463 3221 3570 3277; x_wconf 80' lang='lat' dir='ltr'><strong>fui-</strong></span> 
     </span>
    </p>
   </div>
   <div class='ocr_carea' id='block_1_78' title="bbox 1937 3305 3569 3386">
    <p class='ocr_par' dir='ltr' id='par_1_78' title="bbox 1937 3305 3569 3386">
     <span class='ocr_line' id='line_1_78' title="bbox 1937 3305 3569 3386; baseline 0.001 -18"><span class='ocrx_word' id='word_1_567' title='bbox 1937 3305 1954 3319; x_wconf 78' lang='grc'><strong><em>⁸</em></strong></span> <span class='ocrx_word' id='word_1_568' title='bbox 1987 3329 2111 3368; x_wconf 82' lang='lat' dir='ltr'><strong>mus</strong></span> <span class='ocrx_word' id='word_1_569' title='bbox 2135 3333 2149 3369; x_wconf 84' lang='lat'><strong>:</strong></span> <span class='ocrx_word' id='word_1_570' title='bbox 2172 3322 2227 3370; x_wconf 92' lang='lat' dir='ltr'><strong>et</strong></span> <span class='ocrx_word' id='word_1_571' title='bbox 2251 3329 2441 3369; x_wconf 87' lang='lat' dir='ltr'><strong>rursus</strong></span> <span class='ocrx_word' id='word_1_572' title='bbox 2468 3311 2693 3368; x_wconf 89' lang='lat' dir='ltr'><strong>Simeon</strong></span> <span class='ocrx_word' id='word_1_573' title='bbox 2716 3313 2930 3378; x_wconf 85' lang='lat' dir='ltr'><strong>eodem,</strong></span> <span class='ocrx_word' id='word_1_574' title='bbox 2957 3313 3183 3383; x_wconf 74' lang='lat' dir='ltr'><strong>iubente</strong></span> <span class='ocrx_word' id='word_1_575' title='bbox 3212 3314 3569 3386; x_wconf 73' lang='lat' dir='ltr'><strong>imperatore,</strong></span> 
     </span>
    </p>
   </div>
   <div class='ocr_carea' id='block_1_79' title="bbox 1985 3404 3570 3478">
    <p class='ocr_par' dir='ltr' id='par_1_79' title="bbox 1985 3404 3570 3478">
     <span class='ocr_line' id='line_1_79' title="bbox 1985 3404 3570 3478; baseline 0.004 -21"><span class='ocrx_word' id='word_1_576' title='bbox 1985 3404 2262 3476; x_wconf 81' lang='lat' dir='ltr'><strong>profectus</strong></span> <span class='ocrx_word' id='word_1_577' title='bbox 2285 3405 2529 3462; x_wconf 90' lang='lat' dir='ltr'><strong>eamdem</strong></span> <span class='ocrx_word' id='word_1_578' title='bbox 2558 3408 2628 3462; x_wconf 93' lang='lat' dir='ltr'><strong>ob</strong></span> <span class='ocrx_word' id='word_1_579' title='bbox 2649 3407 2904 3462; x_wconf 85' lang='lat' dir='ltr'><strong>causam?</strong></span> <span class='ocrx_word' id='word_1_580' title='bbox 2923 3407 3032 3462; x_wconf 79' lang='lat' dir='ltr'><strong>Cur</strong></span> <span class='ocrx_word' id='word_1_581' title='bbox 3055 3421 3150 3478; x_wconf 91' lang='lat' dir='ltr'><strong>per</strong></span> <span class='ocrx_word' id='word_1_582' title='bbox 3175 3406 3343 3464; x_wconf 84' lang='lat' dir='ltr'><strong>duces</strong></span> <span class='ocrx_word' id='word_1_583' title='bbox 3367 3423 3570 3478; x_wconf 71' lang='lat' dir='ltr'><strong>reprac-</strong></span> 
     </span>
    </p>
   </div>
   <div class='ocr_carea' id='block_1_80' title="bbox 1987 3493 3572 3571">
    <p class='ocr_par' dir='ltr' id='par_1_80' title="bbox 1987 3493 3572 3571">
     <span class='ocr_line' id='line_1_80' title="bbox 1987 3493 3572 3571; baseline 0.004 -19"><span class='ocrx_word' id='word_1_584' title='bbox 1987 3496 2189 3552; x_wconf 88' lang='lat' dir='ltr'><strong>sentati</strong></span> <span class='ocrx_word' id='word_1_585' title='bbox 2225 3512 2328 3554; x_wconf 91' lang='lat' dir='ltr'><strong>nos</strong></span> <span class='ocrx_word' id='word_1_586' title='bbox 2385 3497 2440 3554; x_wconf 91' lang='lat' dir='ltr'><strong>in</strong></span> <span class='ocrx_word' id='word_1_587' title='bbox 2504 3500 2713 3571; x_wconf 83' lang='lat' dir='ltr'><strong>synodo</strong></span> <span class='ocrx_word' id='word_1_588' title='bbox 2762 3513 3075 3565; x_wconf 88' lang='lat' dir='ltr'><strong>numerosa,</strong></span> <span class='ocrx_word' id='word_1_589' title='bbox 3107 3498 3163 3554; x_wconf 85' lang='lat' dir='ltr'><strong>in</strong></span> <span class='ocrx_word' id='word_1_590' title='bbox 3203 3493 3310 3569; x_wconf 77' lang='lat' dir='ltr'><strong>qua</strong></span> <span class='ocrx_word' id='word_1_591' title='bbox 3359 3509 3418 3559; x_wconf 84' lang='lat' dir='ltr'><strong>et</strong></span> <span class='ocrx_word' id='word_1_592' title='bbox 3461 3509 3572 3558; x_wconf 74' lang='lat' dir='ltr'><strong>tres</strong></span> 
     </span>
    </p>
   </div>
   <div class='ocr_carea' id='block_1_81' title="bbox 1989 3589 3569 3664">
    <p class='ocr_par' dir='ltr' id='par_1_81' title="bbox 1989 3589 3569 3664">
     <span class='ocr_line' id='line_1_81' title="bbox 1989 3589 3569 3664; baseline 0 -22"><span class='ocrx_word' id='word_1_593' title='bbox 1989 3589 2240 3646; x_wconf 61' lang='lat' dir='ltr'><strong>maxima</strong></span> <span class='ocrx_word' id='word_1_594' title='bbox 2257 3589 2546 3661; x_wconf 77' lang='lat' dir='ltr'><strong>dignitates</strong></span> <span class='ocrx_word' id='word_1_595' title='bbox 2558 3591 2946 3648; x_wconf 84' lang='lat' dir='ltr'><strong>considebant?</strong></span> <span class='ocrx_word' id='word_1_596' title='bbox 2972 3589 3082 3646; x_wconf 86' lang='lat' dir='ltr'><strong>Cur</strong></span> <span class='ocrx_word' id='word_1_597' title='bbox 3093 3605 3192 3664; x_wconf 72' lang='lat' dir='ltr'><strong>ego</strong></span> <span class='ocrx_word' id='word_1_598' title='bbox 3203 3591 3422 3648; x_wconf 80' lang='lat' dir='ltr'><strong>humilis</strong></span> <span class='ocrx_word' id='word_1_599' title='bbox 3433 3607 3569 3652; x_wconf 66' lang='lat' dir='ltr'><strong>eun.</strong></span> 
     </span>
    </p>
   </div>
   <div class='ocr_carea' id='block_1_82' title="bbox 1998 3683 3568 3756">
    <p class='ocr_par' dir='ltr' id='par_1_82' title="bbox 1998 3683 3568 3756">
     <span class='ocr_line' id='line_1_82' title="bbox 1998 3683 3568 3756; baseline 0.006 -19"><span class='ocrx_word' id='word_1_600' title='bbox 1998 3683 2286 3738; x_wconf 89' lang='lat' dir='ltr'><strong>tumeliose</strong></span> <span class='ocrx_word' id='word_1_601' title='bbox 2315 3683 2390 3738; x_wconf 89' lang='lat' dir='ltr'><strong>ibi</strong></span> <span class='ocrx_word' id='word_1_602' title='bbox 2412 3692 2696 3749; x_wconf 89' lang='lat' dir='ltr'><strong>tractatus,</strong></span> <span class='ocrx_word' id='word_1_603' title='bbox 2723 3695 2779 3741; x_wconf 91' lang='lat' dir='ltr'><strong>et</strong></span> <span class='ocrx_word' id='word_1_604' title='bbox 2807 3685 3046 3756; x_wconf 88' lang='lat' dir='ltr'><strong>undique</strong></span> <span class='ocrx_word' id='word_1_605' title='bbox 3068 3685 3372 3746; x_wconf 79' lang='lat' dir='ltr'><strong>obvallattts</strong></span> <span class='ocrx_word' id='word_1_606' title='bbox 3392 3687 3417 3740; x_wconf 81' lang='lat'><strong>?</strong></span> <span class='ocrx_word' id='word_1_607' title='bbox 3435 3686 3568 3746; x_wconf 81' lang='lat' dir='ltr'><strong>illud</strong></span> 
     </span>
    </p>
   </div>
   <div class='ocr_carea' id='block_1_83' title="bbox 1987 3776 3565 3850">
    <p class='ocr_par' dir='ltr' id='par_1_83' title="bbox 1987 3776 3565 3850">
     <span class='ocr_line' id='line_1_83' title="bbox 1987 3776 3565 3850; baseline 0.005 -20"><span class='ocrx_word' id='word_1_608' title='bbox 1987 3776 2220 3832; x_wconf 83' lang='lat' dir='ltr'><strong>subinde</strong></span> <span class='ocrx_word' id='word_1_609' title='bbox 2243 3777 2472 3833; x_wconf 88' lang='lat' dir='ltr'><strong>audiens</strong></span> <span class='ocrx_word' id='word_1_610' title='bbox 2502 3794 2517 3832; x_wconf 89' lang='lat'><strong>:</strong></span> <span class='ocrx_word' id='word_1_611' title='bbox 2549 3777 2739 3835; x_wconf 86' lang='lat' dir='ltr'><strong>Nescis</strong></span> <span class='ocrx_word' id='word_1_612' title='bbox 2765 3778 2896 3850; x_wconf 88' lang='lat' dir='ltr'><strong>quid</strong></span> <span class='ocrx_word' id='word_1_613' title='bbox 2926 3778 3168 3849; x_wconf 75' lang='lat' dir='ltr'><strong>nugeris,</strong></span> <span class='ocrx_word' id='word_1_614' title='bbox 3199 3778 3334 3850; x_wconf 79' lang='lat' dir='ltr'><strong>quid</strong></span> <span class='ocrx_word' id='word_1_615' title='bbox 3367 3778 3518 3844; x_wconf 78' lang='lat' dir='ltr'><strong>dicas</strong></span> <span class='ocrx_word' id='word_1_616' title='bbox 3545 3794 3565 3846; x_wconf 69' lang='grc' dir='ltr'><strong>ς</strong></span> 
     </span>
    </p>
   </div>
   <div class='ocr_carea' id='block_1_84' title="bbox 1985 3867 3566 3937">
    <p class='ocr_par' dir='ltr' id='par_1_84' title="bbox 1985 3867 3566 3937">
     <span class='ocr_line' id='line_1_84' title="bbox 1985 3867 3566 3937; baseline 0.002 -16"><span class='ocrx_word' id='word_1_617' title='bbox 1985 3881 2108 3922; x_wconf 90' lang='lat' dir='ltr'><strong>cum</strong></span> <span class='ocrx_word' id='word_1_618' title='bbox 2137 3882 2238 3937; x_wconf 78' lang='lat' dir='ltr'><strong>ego</strong></span> <span class='ocrx_word' id='word_1_619' title='bbox 2268 3867 2620 3924; x_wconf 89' lang='lat' dir='ltr'><strong>inclamarem</strong></span> <span class='ocrx_word' id='word_1_620' title='bbox 2652 3887 2665 3923; x_wconf 91' lang='lat'><strong>:</strong></span> <span class='ocrx_word' id='word_1_621' title='bbox 2695 3867 2947 3925; x_wconf 86' lang='lat' dir='ltr'><strong>Concidit</strong></span> <span class='ocrx_word' id='word_1_622' title='bbox 2971 3867 3304 3937; x_wconf 76' lang='lat' dir='ltr'><strong>Przecursor,</strong></span> <span class='ocrx_word' id='word_1_623' title='bbox 3335 3869 3566 3926; x_wconf 81' lang='lat' dir='ltr'><strong>solvitur</strong></span> 
     </span>
    </p>
   </div>
   <div class='ocr_carea' id='block_1_85' title="bbox 1986 3953 3558 4029">
    <p class='ocr_par' dir='ltr' id='par_1_85' title="bbox 1986 3953 3558 4029">
     <span class='ocr_line' id='line_1_85' title="bbox 1986 3953 3558 4029; baseline 0.004 -19"><span class='ocrx_word' id='word_1_624' title='bbox 1986 3953 2357 4028; x_wconf 79' lang='lat' dir='ltr'><strong>Evangelium,</strong></span> <span class='ocrx_word' id='word_1_625' title='bbox 2386 3973 2496 4012; x_wconf 91' lang='lat' dir='ltr'><strong>non</strong></span> <span class='ocrx_word' id='word_1_626' title='bbox 2517 3965 2601 4012; x_wconf 90' lang='lat' dir='ltr'><strong>est</strong></span> <span class='ocrx_word' id='word_1_627' title='bbox 2625 3957 2997 4028; x_wconf 84' lang='lat' dir='ltr'><strong>dispensatio;</strong></span> <span class='ocrx_word' id='word_1_628' title='bbox 3029 3967 3086 4013; x_wconf 89' lang='lat' dir='ltr'><strong>et</strong></span> <span class='ocrx_word' id='word_1_629' title='bbox 3111 3957 3187 4012; x_wconf 93' lang='lat' dir='ltr'><strong>illi</strong></span> <span class='ocrx_word' id='word_1_630' title='bbox 3222 3959 3426 4029; x_wconf 70' lang='lat' dir='ltr'><strong>saepius</strong></span> <span class='ocrx_word' id='word_1_631' title='bbox 3455 3959 3558 4018; x_wconf 88' lang='lat' dir='ltr'><strong>ite-</strong></span> 
     </span>
    </p>
   </div>
   <div class='ocr_carea' id='block_1_86' title="bbox 1987 4048 3564 4122">
    <p class='ocr_par' dir='ltr' id='par_1_86' title="bbox 1987 4048 3564 4122">
     <span class='ocr_line' id='line_1_86' title="bbox 1987 4048 3564 4122; baseline 0.004 -18"><span class='ocrx_word' id='word_1_632' title='bbox 1987 4056 2173 4104; x_wconf 85' lang='lat' dir='ltr'><strong>rarent</strong></span> <span class='ocrx_word' id='word_1_633' title='bbox 2203 4066 2216 4102; x_wconf 91' lang='lat'>:</span> <span class='ocrx_word' id='word_1_634' title='bbox 2253 4048 2590 4119; x_wconf 86' lang='lat' dir='ltr'><strong>Dispensatio</strong></span> <span class='ocrx_word' id='word_1_635' title='bbox 2618 4057 2701 4104; x_wconf 90' lang='lat' dir='ltr'><strong>est</strong></span> <span class='ocrx_word' id='word_1_636' title='bbox 2737 4065 2752 4116; x_wconf 86' lang='lat'><strong>;</strong></span> <span class='ocrx_word' id='word_1_637' title='bbox 2783 4058 2946 4120; x_wconf 89' lang='lat' dir='ltr'><strong>atque</strong></span> <span class='ocrx_word' id='word_1_638' title='bbox 2995 4048 3070 4104; x_wconf 94' lang='lat' dir='ltr'><strong>ita</strong></span> <span class='ocrx_word' id='word_1_639' title='bbox 3109 4049 3288 4104; x_wconf 86' lang='lat' dir='ltr'><strong>sancti</strong></span> <span class='ocrx_word' id='word_1_640' title='bbox 3337 4049 3564 4122; x_wconf 79' lang='lat' dir='ltr'><strong>dispen-</strong></span> 
     </span>
    </p>
   </div>
   <div class='ocr_carea' id='block_1_87' title="bbox 1984 4139 3558 4211">
    <p class='ocr_par' dir='ltr' id='par_1_87' title="bbox 1984 4139 3558 4211">
     <span class='ocr_line' id='line_1_87' title="bbox 1984 4139 3558 4211; baseline 0.004 -16"><span class='ocrx_word' id='word_1_641' title='bbox 1984 4149 2174 4196; x_wconf 89' lang='lat' dir='ltr'><strong>sarunt</strong></span> <span class='ocrx_word' id='word_1_642' title='bbox 2200 4147 2256 4193; x_wconf 92' lang='lat' dir='ltr'><strong>et</strong></span> <span class='ocrx_word' id='word_1_643' title='bbox 2286 4139 2600 4209; x_wconf 67' lang='lat' dir='ltr'><strong>praecedens</strong></span> <span class='ocrx_word' id='word_1_644' title='bbox 2632 4148 2856 4195; x_wconf 88' lang='lat' dir='ltr'><strong>sanctus</strong></span> <span class='ocrx_word' id='word_1_645' title='bbox 2884 4139 3212 4211; x_wconf 83' lang='lat' dir='ltr'><strong>patriarcha.</strong></span> <span class='ocrx_word' id='word_1_646' title='bbox 3245 4139 3327 4195; x_wconf 88' lang='lat' dir='ltr'><strong>En</strong></span> <span class='ocrx_word' id='word_1_647' title='bbox 3384 4149 3558 4200; x_wconf 77' lang='lat' dir='ltr'><strong>testes</strong></span> 
     </span>
    </p>
   </div>
   <div class='ocr_carea' id='block_1_88' title="bbox 1986 4230 3563 4302">
    <p class='ocr_par' dir='ltr' id='par_1_88' title="bbox 1986 4230 3563 4302">
     <span class='ocr_line' id='line_1_88' title="bbox 1986 4230 3563 4302; baseline 0.004 -19"><span class='ocrx_word' id='word_1_648' title='bbox 1986 4230 2129 4300; x_wconf 91' lang='lat' dir='ltr'><strong>quod</strong></span> <span class='ocrx_word' id='word_1_649' title='bbox 2163 4230 2256 4284; x_wconf 91' lang='lat' dir='ltr'><strong>ille</strong></span> <span class='ocrx_word' id='word_1_650' title='bbox 2283 4230 2514 4285; x_wconf 88' lang='lat' dir='ltr'><strong>adulteri</strong></span> <span class='ocrx_word' id='word_1_651' title='bbox 2542 4230 2939 4300; x_wconf 89' lang='lat' dir='ltr'><strong>copulationem</strong></span> <span class='ocrx_word' id='word_1_652' title='bbox 2989 4231 3330 4302; x_wconf 68' lang='lat' dir='ltr'><strong>praeceperit.</strong></span> <span class='ocrx_word' id='word_1_653' title='bbox 3373 4231 3563 4300; x_wconf 79' lang='lat' dir='ltr'><strong>Quan-</strong></span> 
     </span>
    </p>
   </div>
   <div class='ocr_carea' id='block_1_89' title="bbox 1985 4316 3559 4388">
    <p class='ocr_par' dir='ltr' id='par_1_89' title="bbox 1985 4316 3559 4388">
     <span class='ocr_line' id='line_1_89' title="bbox 1985 4316 3559 4388; baseline 0.001 -16"><span class='ocrx_word' id='word_1_654' title='bbox 1985 4334 2148 4388; x_wconf 89' lang='lat' dir='ltr'><strong>quam</strong></span> <span class='ocrx_word' id='word_1_655' title='bbox 2181 4318 2254 4372; x_wconf 90' lang='lat' dir='ltr'><strong>illi</strong></span> <span class='ocrx_word' id='word_1_656' title='bbox 2289 4333 2398 4372; x_wconf 91' lang='lat' dir='ltr'><strong>non</strong></span> <span class='ocrx_word' id='word_1_657' title='bbox 2424 4317 2503 4373; x_wconf 92' lang='lat' dir='ltr'><strong>sic</strong></span> <span class='ocrx_word' id='word_1_658' title='bbox 2523 4333 2641 4371; x_wconf 90' lang='lat' dir='ltr'><strong>eam</strong></span> <span class='ocrx_word' id='word_1_659' title='bbox 2667 4317 3011 4388; x_wconf 88' lang='lat' dir='ltr'><strong>appellabant</strong></span> <span class='ocrx_word' id='word_1_660' title='bbox 3035 4333 3050 4383; x_wconf 89' lang='lat'><strong>;</strong></span> <span class='ocrx_word' id='word_1_661' title='bbox 3074 4317 3207 4388; x_wconf 88' lang='lat' dir='ltr'><strong>quin</strong></span> <span class='ocrx_word' id='word_1_662' title='bbox 3231 4316 3559 4385; x_wconf 79' lang='lat' dir='ltr'><strong>fremebant,</strong></span> 
     </span>
    </p>
   </div>
   <div class='ocr_carea' id='block_1_90' title="bbox 1985 4407 3560 4479">
    <p class='ocr_par' dir='ltr' id='par_1_90' title="bbox 1985 4407 3560 4479">
     <span class='ocr_line' id='line_1_90' title="bbox 1985 4407 3560 4479; baseline -0.001 -15"><span class='ocrx_word' id='word_1_663' title='bbox 1985 4420 2039 4465; x_wconf 90' lang='lat' dir='ltr'><strong>ct</strong></span> <span class='ocrx_word' id='word_1_664' title='bbox 2066 4411 2317 4466; x_wconf 90' lang='lat' dir='ltr'><strong>dentibus</strong></span> <span class='ocrx_word' id='word_1_665' title='bbox 2364 4409 2684 4473; x_wconf 85' lang='lat' dir='ltr'><strong>stridebant,</strong></span> <span class='ocrx_word' id='word_1_666' title='bbox 2726 4425 2849 4463; x_wconf 91' lang='lat' dir='ltr'><strong>cum</strong></span> <span class='ocrx_word' id='word_1_667' title='bbox 2909 4407 3137 4464; x_wconf 88' lang='lat' dir='ltr'><strong>adulteri</strong></span> <span class='ocrx_word' id='word_1_668' title='bbox 3190 4409 3560 4479; x_wconf 80' lang='lat' dir='ltr'><strong>capulatorem</strong></span> 
     </span>
    </p>
   </div>
   <div class='ocr_carea' id='block_1_91' title="bbox 1987 4499 3560 4572">
    <p class='ocr_par' dir='ltr' id='par_1_91' title="bbox 1987 4499 3560 4572">
     <span class='ocr_line' id='line_1_91' title="bbox 1987 4499 3560 4572; baseline -0.001 -16"><span class='ocrx_word' id='word_1_669' title='bbox 1987 4503 2257 4557; x_wconf 88' lang='lat' dir='ltr'><strong>audirent.</strong></span> <span class='ocrx_word' id='word_1_670' title='bbox 2305 4500 2416 4556; x_wconf 89' lang='lat' dir='ltr'><strong>Cur</strong></span> <span class='ocrx_word' id='word_1_671' title='bbox 2468 4501 2755 4556; x_wconf 85' lang='lat' dir='ltr'><strong>anathema</strong></span> <span class='ocrx_word' id='word_1_672' title='bbox 2787 4500 2872 4564; x_wconf 87' lang='lat' dir='ltr'><strong>iis,</strong></span> <span class='ocrx_word' id='word_1_673' title='bbox 2901 4499 2993 4570; x_wconf 90' lang='lat' dir='ltr'><strong>qui</strong></span> <span class='ocrx_word' id='word_1_674' title='bbox 3013 4508 3326 4556; x_wconf 88' lang='lat' dir='ltr'><strong>sanctorum</strong></span> <span class='ocrx_word' id='word_1_675' title='bbox 3347 4501 3560 4572; x_wconf 89' lang='lat' dir='ltr'><strong>dispen-</strong></span> 
     </span>
    </p>
   </div>
   <div class='ocr_carea' id='block_1_92' title="bbox 302 4588 1884 4666">
    <p class='ocr_par' dir='ltr' id='par_1_92' title="bbox 302 4588 1881 4665">
     <span class='ocr_line' id='line_1_92' title="bbox 302 4588 1881 4665; baseline 0.005 -25"><span class='ocrx_word' id='word_1_676' title='bbox 302 4588 508 4653; x_wconf 76' lang='grc' dir='ltr'>λαλεῖς.</span> <span class='ocrx_word' id='word_1_677' title='bbox 548 4589 788 4653; x_wconf 87' lang='grc' dir='ltr'>Βοῶντός</span> <span class='ocrx_word' id='word_1_678' title='bbox 840 4607 974 4661; x_wconf 86' lang='grc' dir='ltr'>μου·</span> <span class='ocrx_word' id='word_1_679' title='bbox 1009 4593 1204 4646; x_wconf 81' lang='grc' dir='ltr'>Πίπτει</span> <span class='ocrx_word' id='word_1_680' title='bbox 1240 4595 1270 4646; x_wconf 88' lang='grc' dir='ltr'><strong>ό</strong></span> <span class='ocrx_word' id='word_1_681' title='bbox 1315 4594 1627 4665; x_wconf 86' lang='grc' dir='ltr'>Πρόδρομος</span> <span class='ocrx_word' id='word_1_682' title='bbox 1648 4610 1662 4625; x_wconf 79' lang='grc'><strong><em>⁸</em></strong></span> <span class='ocrx_word' id='word_1_683' title='bbox 1695 4594 1881 4648; x_wconf 87' lang='grc' dir='ltr'>λύεται</span> 
     </span>
    </p>
   </div>
   <div class='ocr_carea' id='block_1_93' title="bbox 1985 4588 3559 4666">
    <p class='ocr_par' dir='ltr' id='par_1_93' title="bbox 1987 4591 3559 4658">
     <span class='ocr_line' id='line_1_93' title="bbox 1987 4591 3559 4658; baseline -0.001 -10"><span class='ocrx_word' id='word_1_684' title='bbox 1987 4594 2224 4649; x_wconf 87' lang='lat' dir='ltr'><strong>sationes</strong></span> <span class='ocrx_word' id='word_1_685' title='bbox 2249 4610 2354 4648; x_wconf 87' lang='lat' dir='ltr'><strong>non</strong></span> <span class='ocrx_word' id='word_1_686' title='bbox 2385 4593 2698 4658; x_wconf 88' lang='lat' dir='ltr'><strong>admittunt,</strong></span> <span class='ocrx_word' id='word_1_687' title='bbox 2725 4592 2868 4648; x_wconf 88' lang='lat' dir='ltr'><strong>clara</strong></span> <span class='ocrx_word' id='word_1_688' title='bbox 2897 4607 3030 4647; x_wconf 90' lang='lat' dir='ltr'><strong>voce</strong></span> <span class='ocrx_word' id='word_1_689' title='bbox 3056 4591 3432 4647; x_wconf 89' lang='lat' dir='ltr'><strong>denuntiatum</strong></span> <span class='ocrx_word' id='word_1_690' title='bbox 3463 4610 3476 4646; x_wconf 90' lang='lat'><strong>:</strong></span> <span class='ocrx_word' id='word_1_691' title='bbox 3501 4603 3559 4647; x_wconf 91' lang='lat' dir='ltr'><strong>et</strong></span> 
     </span>
    </p>
   </div>
   <div class='ocr_carea' id='block_1_94' title="bbox 298 4680 1879 4755">
    <p class='ocr_par' dir='ltr' id='par_1_94' title="bbox 298 4680 1879 4755">
     <span class='ocr_line' id='line_1_94' title="bbox 298 4680 1879 4755; baseline 0.006 -24"><span class='ocrx_word' id='word_1_692' title='bbox 298 4680 368 4731; x_wconf 75' lang='grc' dir='ltr'>τὸ</span> <span class='ocrx_word' id='word_1_693' title='bbox 401 4680 765 4749; x_wconf 77' lang='grc' dir='ltr'>Εὑαγγέλιον·</span> <span class='ocrx_word' id='word_1_694' title='bbox 811 4683 911 4736; x_wconf 82' lang='grc' dir='ltr'><strong>οὐκ</strong></span> <span class='ocrx_word' id='word_1_695' title='bbox 959 4684 1107 4738; x_wconf 75' lang='grc' dir='ltr'>ἔστιν</span> <span class='ocrx_word' id='word_1_696' title='bbox 1143 4685 1460 4755; x_wconf 74' lang='grc' dir='ltr'>οἰκονομίαο</span> <span class='ocrx_word' id='word_1_697' title='bbox 1513 4684 1780 4740; x_wconf 86' lang='grc' dir='ltr'>κάκείνων</span> <span class='ocrx_word' id='word_1_698' title='bbox 1817 4686 1879 4739; x_wconf 76' lang='grc' dir='ltr'>τὸ</span> 
     </span>
    </p>
   </div>
   <div class='ocr_carea' id='block_1_95' title="bbox 300 4769 1884 4846">
    <p class='ocr_par' dir='ltr' id='par_1_95' title="bbox 300 4769 1884 4846">
     <span class='ocr_line' id='line_1_95' title="bbox 300 4769 1884 4846; baseline 0.004 -23"><span class='ocrx_word' id='word_1_699' title='bbox 300 4769 582 4839; x_wconf 81' lang='grc' dir='ltr'>ἐπιλέγειν</span> <span class='ocrx_word' id='word_1_700' title='bbox 627 4773 783 4840; x_wconf 80' lang='grc' dir='ltr'>πολὺ,</span> <span class='ocrx_word' id='word_1_701' title='bbox 841 4774 923 4828; x_wconf 83' lang='grc' dir='ltr'><strong>ὅτι</strong></span> <span class='ocrx_word' id='word_1_702' title='bbox 965 4776 1278 4846; x_wconf 87' lang='grc' dir='ltr'>οίκονομία·</span> <span class='ocrx_word' id='word_1_703' title='bbox 1313 4777 1407 4829; x_wconf 74' lang='grc' dir='ltr'><strong>καὶ</strong></span> <span class='ocrx_word' id='word_1_704' title='bbox 1446 4774 1617 4841; x_wconf 76' lang='grc' dir='ltr'>οὕτως</span> <span class='ocrx_word' id='word_1_705' title='bbox 1647 4778 1697 4831; x_wconf 86' lang='grc' dir='ltr'>οι</span> <span class='ocrx_word' id='word_1_706' title='bbox 1738 4779 1884 4843; x_wconf 81' lang='grc' dir='ltr'>ἁγιοι</span> 
     </span>
    </p>
   </div>
   <div class='ocr_carea' id='block_1_96' title="bbox 298 4861 1880 4938">
    <p class='ocr_par' dir='ltr' id='par_1_96' title="bbox 298 4861 1880 4938">
     <span class='ocr_line' id='line_1_96' title="bbox 298 4861 1880 4938; baseline 0.005 -24"><span class='ocrx_word' id='word_1_707' title='bbox 298 4861 688 4934; x_wconf 77' lang='grc' dir='ltr'>ᾠκονόμησαν,</span> <span class='ocrx_word' id='word_1_708' title='bbox 746 4864 846 4920; x_wconf 72' lang='grc' dir='ltr'><strong>καὶ</strong></span> <span class='ocrx_word' id='word_1_709' title='bbox 884 4867 913 4918; x_wconf 86' lang='grc' dir='ltr'><strong>ό</strong></span> <span class='ocrx_word' id='word_1_710' title='bbox 956 4867 1013 4920; x_wconf 89' lang='grc' dir='ltr'><strong>ἐν</strong></span> <span class='ocrx_word' id='word_1_711' title='bbox 1045 4866 1218 4936; x_wconf 85' lang='grc' dir='ltr'>ἁγίοις</span> <span class='ocrx_word' id='word_1_712' title='bbox 1264 4868 1740 4938; x_wconf 84' lang='grc' dir='ltr'>προηγησάμενος.</span> <span class='ocrx_word' id='word_1_713' title='bbox 1779 4867 1880 4922; x_wconf 85' lang='grc' dir='ltr'>Ἰδε</span> 
     </span>
    </p>
   </div>
   <div class='ocr_carea' id='block_1_97' title="bbox 303 4952 1882 5031">
    <p class='ocr_par' dir='ltr' id='par_1_97' title="bbox 303 4952 1882 5031">
     <span class='ocr_line' id='line_1_97' title="bbox 303 4952 1882 5031; baseline 0.007 -28"><span class='ocrx_word' id='word_1_714' title='bbox 303 4952 590 5024; x_wconf 87' lang='grc' dir='ltr'>μάρτυρες</span> <span class='ocrx_word' id='word_1_715' title='bbox 617 4954 700 5008; x_wconf 81' lang='grc' dir='ltr'><strong>ὅτι</strong></span> <span class='ocrx_word' id='word_1_716' title='bbox 749 4956 1015 5028; x_wconf 77' lang='grc' dir='ltr'>ἐπέτρεψε</span> <span class='ocrx_word' id='word_1_717' title='bbox 1045 4959 1144 5028; x_wconf 80' lang='grc' dir='ltr'>τὴν</span> <span class='ocrx_word' id='word_1_718' title='bbox 1191 4958 1598 5031; x_wconf 76' lang='grc' dir='ltr'>μοιχοζευξίανο</span> <span class='ocrx_word' id='word_1_719' title='bbox 1641 4960 1745 5014; x_wconf 81' lang='grc' dir='ltr'><strong>κᾶν</strong></span> <span class='ocrx_word' id='word_1_720' title='bbox 1781 4960 1882 5014; x_wconf 75' lang='grc' dir='ltr'><strong>οὐκ</strong></span> 
     </span>
    </p>
   </div>
   <div class='ocr_carea' id='block_1_98' title="bbox 269 5043 1884 5124">
    <p class='ocr_par' dir='ltr' id='par_1_98' title="bbox 269 5043 1884 5124">
     <span class='ocr_line' id='line_1_98' title="bbox 269 5043 1884 5124; baseline 0.007 -29"><span class='ocrx_word' id='word_1_721' title='bbox 269 5043 494 5112; x_wconf 81' lang='grc' dir='ltr'>’ἔλεγον</span> <span class='ocrx_word' id='word_1_722' title='bbox 533 5046 702 5117; x_wconf 77' lang='grc' dir='ltr'>αὐτὴν</span> <span class='ocrx_word' id='word_1_723' title='bbox 739 5046 914 5113; x_wconf 77' lang='grc' dir='ltr'>οὕτως</span> <span class='ocrx_word' id='word_1_724' title='bbox 939 5089 953 5114; x_wconf 92' lang='grc'><strong>,</strong></span> <span class='ocrx_word' id='word_1_725' title='bbox 1004 5050 1139 5103; x_wconf 84' lang='grc' dir='ltr'>ἀλλὰ</span> <span class='ocrx_word' id='word_1_726' title='bbox 1166 5052 1262 5105; x_wconf 74' lang='grc' dir='ltr'><strong>καὶ</strong></span> <span class='ocrx_word' id='word_1_727' title='bbox 1288 5051 1347 5104; x_wconf 82' lang='grc' dir='ltr'><strong>τὸ</strong></span> <span class='ocrx_word' id='word_1_728' title='bbox 1395 5053 1573 5105; x_wconf 88' lang='grc' dir='ltr'>εἰπεῖν</span> <span class='ocrx_word' id='word_1_729' title='bbox 1607 5051 1884 5124; x_wconf 79' lang='grc' dir='ltr'>μοιχοζεύ-</span> 
     </span>
    </p>
   </div>
   <div class='ocr_carea' id='block_1_99' title="bbox 301 5137 1878 5216">
    <p class='ocr_par' dir='ltr' id='par_1_99' title="bbox 301 5137 1878 5216">
     <span class='ocr_line' id='line_1_99' title="bbox 301 5137 1878 5216; baseline 0.008 -30"><span class='ocrx_word' id='word_1_730' title='bbox 301 5153 470 5206; x_wconf 83' lang='grc' dir='ltr'>κτην,</span> <span class='ocrx_word' id='word_1_731' title='bbox 506 5137 816 5211; x_wconf 86' lang='grc' dir='ltr'>διεπρίοντο</span> <span class='ocrx_word' id='word_1_732' title='bbox 863 5143 992 5207; x_wconf 80' lang='grc' dir='ltr'>τοὺς</span> <span class='ocrx_word' id='word_1_733' title='bbox 1017 5142 1232 5206; x_wconf 85' lang='grc' dir='ltr'>ὀδόντας</span> <span class='ocrx_word' id='word_1_734' title='bbox 1275 5143 1370 5198; x_wconf 82' lang='grc' dir='ltr'>τοῦ</span> <span class='ocrx_word' id='word_1_735' title='bbox 1415 5145 1580 5198; x_wconf 75' lang='grc' dir='ltr'>οἱονεὶ</span> <span class='ocrx_word' id='word_1_736' title='bbox 1621 5146 1878 5216; x_wconf 76' lang='grc' dir='ltr'>ῥοφῆσαι.</span> 
     </span>
    </p>
   </div>
   <div class='ocr_carea' id='block_1_100' title="bbox 312 5229 1878 5308">
    <p class='ocr_par' dir='ltr' id='par_1_100' title="bbox 312 5229 1878 5308">
     <span class='ocr_line' id='line_1_100' title="bbox 312 5229 1878 5308; baseline 0.006 -28"><span class='ocrx_word' id='word_1_737' title='bbox 312 5229 492 5301; x_wconf 82' lang='grc' dir='ltr'>’Υπὲρ</span> <span class='ocrx_word' id='word_1_738' title='bbox 525 5230 669 5296; x_wconf 87' lang='grc' dir='ltr'>τίνος</span> <span class='ocrx_word' id='word_1_739' title='bbox 696 5233 759 5286; x_wconf 81' lang='grc' dir='ltr'><strong>τὸ</strong></span> <span class='ocrx_word' id='word_1_740' title='bbox 781 5233 1031 5306; x_wconf 85' lang='grc' dir='ltr'>ἀνάθεμα</span> <span class='ocrx_word' id='word_1_741' title='bbox 1063 5237 1174 5299; x_wconf 90' lang='grc' dir='ltr'>τοῖς</span> <span class='ocrx_word' id='word_1_742' title='bbox 1219 5237 1296 5307; x_wconf 84' lang='grc' dir='ltr'>μὴ</span> <span class='ocrx_word' id='word_1_743' title='bbox 1325 5235 1632 5308; x_wconf 84' lang='grc' dir='ltr'>δεχομένοις</span> <span class='ocrx_word' id='word_1_744' title='bbox 1663 5237 1762 5301; x_wconf 81' lang='grc' dir='ltr'>τὰς</span> <span class='ocrx_word' id='word_1_745' title='bbox 1798 5237 1878 5290; x_wconf 78' lang='lat' dir='ltr'><strong>ol-</strong></span> 
     </span>
    </p>
   </div>
   <div class='ocr_carea' id='block_1_101' title="bbox 295 5321 1878 5400">
    <p class='ocr_par' dir='ltr' id='par_1_101' title="bbox 295 5321 1878 5400">
     <span class='ocr_line' id='line_1_101' title="bbox 295 5321 1878 5400; baseline 0.004 -26"><span class='ocrx_word' id='word_1_746' title='bbox 295 5321 566 5392; x_wconf 82' lang='grc' dir='ltr'>κονομίας</span> <span class='ocrx_word' id='word_1_747' title='bbox 612 5324 722 5380; x_wconf 86' lang='grc' dir='ltr'><strong>τῶν</strong></span> <span class='ocrx_word' id='word_1_748' title='bbox 769 5326 942 5396; x_wconf 82' lang='grc' dir='ltr'>ἁγίων</span> <span class='ocrx_word' id='word_1_749' title='bbox 997 5327 1301 5398; x_wconf 74' lang='grc' dir='ltr'>διαϐοήτως</span> <span class='ocrx_word' id='word_1_750' title='bbox 1350 5328 1722 5400; x_wconf 86' lang='grc' dir='ltr'>ἁνακραχθέν·</span> <span class='ocrx_word' id='word_1_751' title='bbox 1783 5328 1878 5382; x_wconf 71' lang='grc' dir='ltr'><strong>καὶ</strong></span> 
     </span>
    </p>
   </div>
   <div class='ocr_carea' id='block_1_102' title="bbox 293 5411 1876 5491">
    <p class='ocr_par' dir='ltr' id='par_1_102' title="bbox 293 5411 1876 5491">
     <span class='ocr_line' id='line_1_102' title="bbox 293 5411 1876 5491; baseline 0.006 -27"><span class='ocrx_word' id='word_1_752' title='bbox 293 5411 417 5479; x_wconf 83' lang='grc' dir='ltr'><strong>ἐγὼ</strong></span> <span class='ocrx_word' id='word_1_753' title='bbox 435 5413 532 5466; x_wconf 83' lang='grc' dir='ltr'><strong>σὺν</strong></span> <span class='ocrx_word' id='word_1_754' title='bbox 561 5415 639 5487; x_wconf 79' lang='grc' dir='ltr'>τῷ</span> <span class='ocrx_word' id='word_1_755' title='bbox 663 5417 836 5488; x_wconf 89' lang='grc' dir='ltr'>Πατρί</span> <span class='ocrx_word' id='word_1_756' title='bbox 866 5435 968 5489; x_wconf 90' lang='grc' dir='ltr'><strong>μου</strong></span> <span class='ocrx_word' id='word_1_757' title='bbox 989 5419 1080 5471; x_wconf 80' lang='grc' dir='ltr'>καὶ</span> <span class='ocrx_word' id='word_1_758' title='bbox 1096 5417 1400 5491; x_wconf 75' lang='grc' dir='ltr'>Καλογὴρῳ</span> <span class='ocrx_word' id='word_1_759' title='bbox 1428 5420 1516 5472; x_wconf 87' lang='grc' dir='ltr'>ὑπ’</span> <span class='ocrx_word' id='word_1_760' title='bbox 1551 5420 1876 5490; x_wconf 79' lang='grc' dir='ltr'>ἁρχοντικῆς</span> 
     </span>
    </p>
   </div>
   <div class='ocr_carea' id='block_1_103' title="bbox 295 5504 1877 5582">
    <p class='ocr_par' dir='ltr' id='par_1_103' title="bbox 295 5504 1877 5582">
     <span class='ocr_line' id='line_1_103' title="bbox 295 5504 1877 5582; baseline 0.013 -28"><span class='ocrx_word' id='word_1_761' title='bbox 295 5504 489 5574; x_wconf 71' lang='grc' dir='ltr'>χειρὸς</span> <span class='ocrx_word' id='word_1_762' title='bbox 539 5507 857 5579; x_wconf 70' lang='grc' dir='ltr'>ἁφορισθεὶς</span> <span class='ocrx_word' id='word_1_763' title='bbox 909 5512 973 5563; x_wconf 88' lang='grc' dir='ltr'><strong>ἐκ</strong></span> <span class='ocrx_word' id='word_1_764' title='bbox 1015 5510 1218 5581; x_wconf 83' lang='grc' dir='ltr'>μέσου·</span> <span class='ocrx_word' id='word_1_765' title='bbox 1266 5512 1295 5564; x_wconf 84' lang='grc' dir='ltr'><strong>ό</strong></span> <span class='ocrx_word' id='word_1_766' title='bbox 1343 5512 1398 5565; x_wconf 84' lang='grc' dir='ltr'><strong>δέ</strong></span> <span class='ocrx_word' id='word_1_767' title='bbox 1448 5510 1877 5582; x_wconf 61' lang='grc' dir='ltr'>ἁρχιεπίσκοπος</span> 
     </span>
    </p>
   </div>
   <div class='ocr_carea' id='block_1_104' title="bbox 291 5597 1875 5675">
    <p class='ocr_par' dir='ltr' id='par_1_104' title="bbox 291 5597 1875 5675">
     <span class='ocr_line' id='line_1_104' title="bbox 291 5597 1875 5675; baseline 0.003 -25"><span class='ocrx_word' id='word_1_768' title='bbox 291 5597 744 5666; x_wconf 68' lang='grc' dir='ltr'>ἐναπολειφθείς·</span> <span class='ocrx_word' id='word_1_769' title='bbox 802 5602 895 5654; x_wconf 73' lang='grc' dir='ltr'><strong>καὶ</strong></span> <span class='ocrx_word' id='word_1_770' title='bbox 937 5602 1069 5656; x_wconf 81' lang='grc' dir='ltr'>διότι</span> <span class='ocrx_word' id='word_1_771' title='bbox 1118 5602 1278 5674; x_wconf 87' lang='grc' dir='ltr'>μόνον</span> <span class='ocrx_word' id='word_1_772' title='bbox 1331 5603 1744 5675; x_wconf 81' lang='grc' dir='ltr'>ἐλειτούργησεν</span> <span class='ocrx_word' id='word_1_773' title='bbox 1783 5602 1875 5656; x_wconf 81' lang='grc' dir='ltr'>ὑπ’</span> 
     </span>
    </p>
   </div>
   <div class='ocr_carea' id='block_1_105' title="bbox 291 5687 1875 5765">
    <p class='ocr_par' dir='ltr' id='par_1_105' title="bbox 291 5687 1875 5765">
     <span class='ocr_line' id='line_1_105' title="bbox 291 5687 1875 5765; baseline 0.006 -26"><span class='ocrx_word' id='word_1_774' title='bbox 291 5687 436 5757; x_wconf 72' lang='grc' dir='ltr'>ἐμοῦ</span> <span class='ocrx_word' id='word_1_775' title='bbox 468 5692 836 5762; x_wconf 76' lang='grc' dir='ltr'>παρακληθεὶς</span> <span class='ocrx_word' id='word_1_776' title='bbox 864 5696 943 5758; x_wconf 83' lang='grc' dir='ltr'><strong>είς</strong></span> <span class='ocrx_word' id='word_1_777' title='bbox 963 5695 1030 5748; x_wconf 78' lang='grc' dir='ltr'>τὰ</span> <span class='ocrx_word' id='word_1_778' title='bbox 1057 5695 1415 5760; x_wconf 85' lang='grc' dir='ltr'>Στουδίου,ὼς</span> <span class='ocrx_word' id='word_1_779' title='bbox 1440 5696 1612 5760; x_wconf 84' lang='grc' dir='ltr'>κοινὸς</span> <span class='ocrx_word' id='word_1_780' title='bbox 1639 5694 1875 5765; x_wconf 78' lang='grc' dir='ltr'>πρεσϐύο</span> 
     </span>
    </p>
   </div>
   <div class='ocr_carea' id='block_1_106' title="bbox 291 5781 1872 5857">
    <p class='ocr_par' dir='ltr' id='par_1_106' title="bbox 291 5781 1872 5857">
     <span class='ocr_line' id='line_1_106' title="bbox 291 5781 1872 5857; baseline 0.006 -26"><span class='ocrx_word' id='word_1_781' title='bbox 291 5795 459 5847; x_wconf 84' lang='grc' dir='ltr'>τερος</span> <span class='ocrx_word' id='word_1_782' title='bbox 492 5781 842 5852; x_wconf 71' lang='grc' dir='ltr'>καθαιρεθεὶς</span> <span class='ocrx_word' id='word_1_783' title='bbox 874 5788 995 5839; x_wconf 77' lang='grc' dir='ltr'>κατ’</span> <span class='ocrx_word' id='word_1_784' title='bbox 1024 5787 1254 5852; x_wconf 74' lang='grc' dir='ltr'>αὑτούςς</span> <span class='ocrx_word' id='word_1_785' title='bbox 1304 5787 1406 5839; x_wconf 83' lang='grc' dir='ltr'>Τὸν</span> <span class='ocrx_word' id='word_1_786' title='bbox 1431 5787 1539 5857; x_wconf 81' lang='grc' dir='ltr'>γὰρ</span> <span class='ocrx_word' id='word_1_787' title='bbox 1578 5787 1671 5841; x_wconf 78' lang='grc' dir='ltr'>ὑπ’</span> <span class='ocrx_word' id='word_1_788' title='bbox 1708 5785 1872 5841; x_wconf 82' lang='grc' dir='ltr'>αὐτοῦ</span> 
     </span>
    </p>
   </div>
   <div class='ocr_carea' id='block_1_107' title="bbox 295 5869 1874 5946">
    <p class='ocr_par' dir='ltr' id='par_1_107' title="bbox 295 5869 1874 5946">
     <span class='ocr_line' id='line_1_107' title="bbox 295 5869 1874 5946; baseline 0.004 -22"><span class='ocrx_word' id='word_1_789' title='bbox 295 5869 540 5938; x_wconf 84' lang='grc' dir='ltr'>Χριστοῦ</span> <span class='ocrx_word' id='word_1_790' title='bbox 577 5873 972 5944; x_wconf 81' lang='grc' dir='ltr'>καθαιρεθέντα</span> <span class='ocrx_word' id='word_1_791' title='bbox 1007 5877 1099 5929; x_wconf 74' lang='grc' dir='ltr'><strong>καὶ</strong></span> <span class='ocrx_word' id='word_1_792' title='bbox 1148 5876 1254 5931; x_wconf 87' lang='grc' dir='ltr'><strong>τῶν</strong></span> <span class='ocrx_word' id='word_1_793' title='bbox 1286 5876 1446 5931; x_wconf 78' lang='grc' dir='ltr'>θείων</span> <span class='ocrx_word' id='word_1_794' title='bbox 1481 5875 1720 5930; x_wconf 82' lang='grc' dir='ltr'>κανόνων</span> <span class='ocrx_word' id='word_1_795' title='bbox 1763 5894 1874 5946; x_wconf 82' lang='grc' dir='ltr'>μοι·</span> 
     </span>
    </p>
   </div>
   <div class='ocr_carea' id='block_1_108' title="bbox 1981 4682 3557 4758">
    <p class='ocr_par' dir='ltr' id='par_1_108' title="bbox 1981 4682 3557 4758">
     <span class='ocr_line' id='line_1_108' title="bbox 1981 4682 3557 4758; baseline -0.001 -18"><span class='ocrx_word' id='word_1_796' title='bbox 1981 4701 2081 4757; x_wconf 75' lang='lat' dir='ltr'><strong>ego</strong></span> <span class='ocrx_word' id='word_1_797' title='bbox 2120 4701 2244 4741; x_wconf 91' lang='lat' dir='ltr'><strong>cum</strong></span> <span class='ocrx_word' id='word_1_798' title='bbox 2290 4695 2440 4756; x_wconf 89' lang='lat' dir='ltr'><strong>patre</strong></span> <span class='ocrx_word' id='word_1_799' title='bbox 2465 4700 2586 4740; x_wconf 91' lang='lat' dir='ltr'><strong>meo</strong></span> <span class='ocrx_word' id='word_1_800' title='bbox 2625 4693 2681 4740; x_wconf 91' lang='lat' dir='ltr'><strong>et</strong></span> <span class='ocrx_word' id='word_1_801' title='bbox 2720 4682 3312 4758; x_wconf 78' lang='lat' dir='ltr'><strong>Calogeroaprincipis</strong></span> <span class='ocrx_word' id='word_1_802' title='bbox 3333 4699 3495 4738; x_wconf 91' lang='lat' dir='ltr'><strong>manu</strong></span> <span class='ocrx_word' id='word_1_803' title='bbox 3525 4703 3557 4739; x_wconf 88' lang='lat' dir='ltr'><strong>c</strong></span> 
     </span>
    </p>
   </div>
   <div class='ocr_carea' id='block_1_109' title="bbox 1981 4774 3556 4846">
    <p class='ocr_par' dir='ltr' id='par_1_109' title="bbox 1981 4774 3556 4846">
     <span class='ocr_line' id='line_1_109' title="bbox 1981 4774 3556 4846; baseline -0.003 -15"><span class='ocrx_word' id='word_1_804' title='bbox 1981 4777 2158 4832; x_wconf 92' lang='lat' dir='ltr'><strong>medio</strong></span> <span class='ocrx_word' id='word_1_805' title='bbox 2187 4777 2583 4833; x_wconf 76' lang='lat' dir='ltr'><strong>exterminatus</strong></span> <span class='ocrx_word' id='word_1_806' title='bbox 2613 4794 2629 4843; x_wconf 86' lang='lat'><strong>;</strong></span> <span class='ocrx_word' id='word_1_807' title='bbox 2675 4776 3119 4846; x_wconf 88' lang='lat' dir='ltr'><strong>archiepiscopus</strong></span> <span class='ocrx_word' id='word_1_808' title='bbox 3138 4784 3320 4829; x_wconf 90' lang='lat' dir='ltr'><strong>autem</strong></span> <span class='ocrx_word' id='word_1_809' title='bbox 3343 4774 3556 4846; x_wconf 68' lang='lat' dir='ltr'><strong>deposi-</strong></span> 
     </span>
    </p>
   </div>
   <div class='ocr_carea' id='block_1_110' title="bbox 1983 4864 3555 4940">
    <p class='ocr_par' dir='ltr' id='par_1_110' title="bbox 1983 4864 3555 4940">
     <span class='ocr_line' id='line_1_110' title="bbox 1983 4864 3555 4940; baseline -0.001 -18"><span class='ocrx_word' id='word_1_810' title='bbox 1983 4877 2090 4934; x_wconf 88' lang='lat' dir='ltr'><strong>tus,</strong></span> <span class='ocrx_word' id='word_1_811' title='bbox 2122 4876 2286 4938; x_wconf 90' lang='lat' dir='ltr'><strong>atque</strong></span> <span class='ocrx_word' id='word_1_812' title='bbox 2331 4867 2402 4922; x_wconf 92' lang='lat' dir='ltr'><strong>ob</strong></span> <span class='ocrx_word' id='word_1_813' title='bbox 2431 4883 2552 4923; x_wconf 89' lang='lat' dir='ltr'><strong>eam</strong></span> <span class='ocrx_word' id='word_1_814' title='bbox 2579 4867 2750 4921; x_wconf 88' lang='lat' dir='ltr'><strong>solam</strong></span> <span class='ocrx_word' id='word_1_815' title='bbox 2805 4881 3044 4932; x_wconf 89' lang='lat' dir='ltr'><strong>causam,</strong></span> <span class='ocrx_word' id='word_1_816' title='bbox 3069 4864 3214 4936; x_wconf 89' lang='lat' dir='ltr'><strong>quod</strong></span> <span class='ocrx_word' id='word_1_817' title='bbox 3237 4880 3267 4920; x_wconf 91' lang='lat' dir='ltr'><strong>a</strong></span> <span class='ocrx_word' id='word_1_818' title='bbox 3292 4880 3379 4921; x_wconf 88' lang='lat' dir='ltr'><strong>me</strong></span> <span class='ocrx_word' id='word_1_819' title='bbox 3399 4881 3555 4940; x_wconf 73' lang='lat' dir='ltr'><strong>roga-</strong></span> 
     </span>
    </p>
   </div>
   <div class='ocr_carea' id='block_1_111' title="bbox 1981 4957 3560 5028">
    <p class='ocr_par' dir='ltr' id='par_1_111' title="bbox 1981 4957 3560 5028">
     <span class='ocr_line' id='line_1_111' title="bbox 1981 4957 3560 5028; baseline 0 -13"><span class='ocrx_word' id='word_1_820' title='bbox 1981 4969 2067 5015; x_wconf 91' lang='lat' dir='ltr'><strong>tus</strong></span> <span class='ocrx_word' id='word_1_821' title='bbox 2089 4961 2144 5015; x_wconf 90' lang='lat' dir='ltr'><strong>in</strong></span> <span class='ocrx_word' id='word_1_822' title='bbox 2175 4959 2452 5014; x_wconf 88' lang='lat' dir='ltr'><strong>Studianis</strong></span> <span class='ocrx_word' id='word_1_823' title='bbox 2476 4959 2821 5023; x_wconf 89' lang='lat' dir='ltr'><strong>celebrasset,</strong></span> <span class='ocrx_word' id='word_1_824' title='bbox 2854 4958 3003 5014; x_wconf 88' lang='lat' dir='ltr'><strong>velut</strong></span> <span class='ocrx_word' id='word_1_825' title='bbox 3048 4957 3355 5013; x_wconf 83' lang='lat' dir='ltr'><strong>communis</strong></span> <span class='ocrx_word' id='word_1_826' title='bbox 3400 4973 3560 5028; x_wconf 85' lang='lat' dir='ltr'><strong>pres--</strong></span> 
     </span>
    </p>
   </div>
   <div class='ocr_carea' id='block_1_112' title="bbox 1979 5046 3554 5121">
    <p class='ocr_par' dir='ltr' id='par_1_112' title="bbox 1979 5046 3554 5121">
     <span class='ocr_line' id='line_1_112' title="bbox 1979 5046 3554 5121; baseline -0.001 -15"><span class='ocrx_word' id='word_1_827' title='bbox 1979 5050 2154 5121; x_wconf 87' lang='lat' dir='ltr'><strong>byter,</strong></span> <span class='ocrx_word' id='word_1_828' title='bbox 2182 5049 2421 5121; x_wconf 86' lang='lat' dir='ltr'><strong>ipsorum</strong></span> <span class='ocrx_word' id='word_1_829' title='bbox 2454 5051 2722 5103; x_wconf 85' lang='lat' dir='ltr'><strong>sententia</strong></span> <span class='ocrx_word' id='word_1_830' title='bbox 2745 5048 3064 5120; x_wconf 86' lang='lat' dir='ltr'><strong>depositus?</strong></span> <span class='ocrx_word' id='word_1_831' title='bbox 3090 5048 3305 5104; x_wconf 83' lang='lat' dir='ltr'><strong>Etenim</strong></span> <span class='ocrx_word' id='word_1_832' title='bbox 3335 5063 3364 5103; x_wconf 89' lang='lat' dir='ltr'><strong>a</strong></span> <span class='ocrx_word' id='word_1_833' title='bbox 3396 5046 3554 5106; x_wconf 82' lang='lat' dir='ltr'><strong>Chri-</strong></span> 
     </span>
    </p>
   </div>
   <div class='ocr_carea' id='block_1_113' title="bbox 1979 5141 3553 5214">
    <p class='ocr_par' dir='ltr' id='par_1_113' title="bbox 1979 5141 3553 5214">
     <span class='ocr_line' id='line_1_113' title="bbox 1979 5141 3553 5214; baseline 0.001 -17"><span class='ocrx_word' id='word_1_834' title='bbox 1979 5153 2065 5198; x_wconf 90' lang='lat' dir='ltr'><strong>sto</strong></span> <span class='ocrx_word' id='word_1_835' title='bbox 2090 5143 2208 5214; x_wconf 90' lang='lat' dir='ltr'><strong>ipso</strong></span> <span class='ocrx_word' id='word_1_836' title='bbox 2233 5151 2288 5198; x_wconf 89' lang='lat' dir='ltr'><strong>et</strong></span> <span class='ocrx_word' id='word_1_837' title='bbox 2307 5142 2504 5198; x_wconf 87' lang='lat' dir='ltr'><strong>divinis</strong></span> <span class='ocrx_word' id='word_1_838' title='bbox 2525 5143 2826 5198; x_wconf 88' lang='lat' dir='ltr'><strong>canonibus</strong></span> <span class='ocrx_word' id='word_1_839' title='bbox 2845 5142 3152 5213; x_wconf 89' lang='lat' dir='ltr'><strong>depositum</strong></span> <span class='ocrx_word' id='word_1_840' title='bbox 3183 5141 3438 5198; x_wconf 85' lang='lat' dir='ltr'><strong>adulterii</strong></span> <span class='ocrx_word' id='word_1_841' title='bbox 3463 5157 3553 5198; x_wconf 90' lang='lat' dir='ltr'><strong>co-</strong></span> 
     </span>
    </p>
   </div>
   <div class='ocr_carea' id='block_1_114' title="bbox 1978 5232 3554 5306">
    <p class='ocr_par' dir='ltr' id='par_1_114' title="bbox 1978 5232 3554 5306">
     <span class='ocr_line' id='line_1_114' title="bbox 1978 5232 3554 5306; baseline 0.001 -20"><span class='ocrx_word' id='word_1_842' title='bbox 1978 5233 2277 5303; x_wconf 88' lang='lat' dir='ltr'><strong>pttlatorcm</strong></span> <span class='ocrx_word' id='word_1_843' title='bbox 2333 5232 2706 5297; x_wconf 90' lang='lat' dir='ltr'><strong>absolverunt,</strong></span> <span class='ocrx_word' id='word_1_844' title='bbox 2751 5232 3030 5288; x_wconf 82' lang='lat' dir='ltr'><strong>innoxium</strong></span> <span class='ocrx_word' id='word_1_845' title='bbox 3079 5247 3175 5305; x_wconf 89' lang='lat' dir='ltr'><strong>per</strong></span> <span class='ocrx_word' id='word_1_846' title='bbox 3221 5233 3403 5289; x_wconf 85' lang='lat' dir='ltr'><strong>omnia</strong></span> <span class='ocrx_word' id='word_1_847' title='bbox 3435 5248 3554 5306; x_wconf 83' lang='lat' dir='ltr'><strong>pro-</strong></span> 
     </span>
    </p>
   </div>
   <div class='ocr_carea' id='block_1_115' title="bbox 1978 5323 3548 5396">
    <p class='ocr_par' dir='ltr' id='par_1_115' title="bbox 1978 5323 3548 5396">
     <span class='ocr_line' id='line_1_115' title="bbox 1978 5323 3548 5396; baseline 0.001 -18"><span class='ocrx_word' id='word_1_848' title='bbox 1978 5324 2314 5389; x_wconf 87' lang='lat' dir='ltr'><strong>nuntiantes,</strong></span> <span class='ocrx_word' id='word_1_849' title='bbox 2338 5323 2429 5394; x_wconf 91' lang='lat' dir='ltr'><strong>qui</strong></span> <span class='ocrx_word' id='word_1_850' title='bbox 2457 5333 2654 5379; x_wconf 90' lang='lat' dir='ltr'><strong>etcum</strong></span> <span class='ocrx_word' id='word_1_851' title='bbox 2690 5323 2823 5395; x_wconf 91' lang='lat' dir='ltr'><strong>ipsis</strong></span> <span class='ocrx_word' id='word_1_852' title='bbox 2856 5323 2964 5396; x_wconf 84' lang='lat' dir='ltr'><strong>iam</strong></span> <span class='ocrx_word' id='word_1_853' title='bbox 2996 5331 3156 5381; x_wconf 89' lang='lat' dir='ltr'><strong>antea</strong></span> <span class='ocrx_word' id='word_1_854' title='bbox 3189 5324 3548 5389; x_wconf 80' lang='lat' dir='ltr'><strong>sacriﬁcabat,</strong></span> 
     </span>
    </p>
   </div>
   <div class='ocr_carea' id='block_1_116' title="bbox 1977 5413 3548 5486">
    <p class='ocr_par' dir='ltr' id='par_1_116' title="bbox 1977 5413 3548 5486">
     <span class='ocr_line' id='line_1_116' title="bbox 1977 5413 3548 5486; baseline 0 -18"><span class='ocrx_word' id='word_1_855' title='bbox 1977 5415 2114 5468; x_wconf 88' lang='lat' dir='ltr'><strong>Eum</strong></span> <span class='ocrx_word' id='word_1_856' title='bbox 2142 5429 2270 5469; x_wconf 83' lang='lat' dir='ltr'><strong>vero</strong></span> <span class='ocrx_word' id='word_1_857' title='bbox 2299 5415 2389 5484; x_wconf 91' lang='lat' dir='ltr'><strong>qui</strong></span> <span class='ocrx_word' id='word_1_858' title='bbox 2427 5413 2625 5486; x_wconf 87' lang='lat' dir='ltr'><strong>deponi</strong></span> <span class='ocrx_word' id='word_1_859' title='bbox 2657 5431 2755 5486; x_wconf 83' lang='lat' dir='ltr'><strong>per</strong></span> <span class='ocrx_word' id='word_1_860' title='bbox 2781 5431 3018 5471; x_wconf 84' lang='lat' dir='ltr'><strong>canones</strong></span> <span class='ocrx_word' id='word_1_861' title='bbox 3063 5430 3172 5470; x_wconf 90' lang='lat' dir='ltr'><strong>non</strong></span> <span class='ocrx_word' id='word_1_862' title='bbox 3197 5423 3427 5486; x_wconf 82' lang='lat' dir='ltr'><strong>poterat,</strong></span> <span class='ocrx_word' id='word_1_863' title='bbox 3449 5413 3548 5469; x_wconf 85' lang='lat' dir='ltr'><strong>de-</strong></span> 
     </span>
    </p>
   </div>
   <div class='ocr_carea' id='block_1_117' title="bbox 1976 5505 3550 5576">
    <p class='ocr_par' dir='ltr' id='par_1_117' title="bbox 1976 5505 3550 5576">
     <span class='ocr_line' id='line_1_117' title="bbox 1976 5505 3550 5576; baseline 0.001 -16"><span class='ocrx_word' id='word_1_864' title='bbox 1976 5505 2228 5576; x_wconf 85' lang='lat' dir='ltr'><strong>positioni</strong></span> <span class='ocrx_word' id='word_1_865' title='bbox 2255 5507 2597 5573; x_wconf 77' lang='lat' dir='ltr'><strong>addixerunt,</strong></span> <span class='ocrx_word' id='word_1_866' title='bbox 2621 5524 2778 5562; x_wconf 91' lang='lat' dir='ltr'><strong>suum</strong></span> <span class='ocrx_word' id='word_1_867' title='bbox 2809 5508 2938 5563; x_wconf 88' lang='lat' dir='ltr'><strong>illud</strong></span> <span class='ocrx_word' id='word_1_868' title='bbox 2981 5507 3188 5563; x_wconf 87' lang='lat' dir='ltr'><strong>dictum</strong></span> <span class='ocrx_word' id='word_1_869' title='bbox 3219 5506 3374 5562; x_wconf 80' lang='lat' dir='ltr'><strong>factis</strong></span> <span class='ocrx_word' id='word_1_870' title='bbox 3416 5521 3550 5562; x_wconf 84' lang='lat' dir='ltr'><strong>con-</strong></span> 
     </span>
    </p>
   </div>
   <div class='ocr_carea' id='block_1_118' title="bbox 1978 5597 3544 5670">
    <p class='ocr_par' dir='ltr' id='par_1_118' title="bbox 1978 5597 3544 5670">
     <span class='ocr_line' id='line_1_118' title="bbox 1978 5597 3544 5670; baseline 0.001 -19"><span class='ocrx_word' id='word_1_871' title='bbox 1978 5597 2272 5663; x_wconf 84' lang='lat' dir='ltr'><strong>ﬁrmantes,</strong></span> <span class='ocrx_word' id='word_1_872' title='bbox 2301 5613 2460 5668; x_wconf 91' lang='lat' dir='ltr'><strong>posse</strong></span> <span class='ocrx_word' id='word_1_873' title='bbox 2499 5599 2802 5670; x_wconf 89' lang='lat' dir='ltr'><strong>episcopos,</strong></span> <span class='ocrx_word' id='word_1_874' title='bbox 2833 5609 2992 5670; x_wconf 89' lang='lat' dir='ltr'><strong>prout</strong></span> <span class='ocrx_word' id='word_1_875' title='bbox 3025 5598 3106 5654; x_wconf 85' lang='lat' dir='ltr'><strong>eis</strong></span> <span class='ocrx_word' id='word_1_876' title='bbox 3133 5598 3308 5652; x_wconf 84' lang='lat' dir='ltr'><strong>visum</strong></span> <span class='ocrx_word' id='word_1_877' title='bbox 3362 5597 3544 5663; x_wconf 83' lang='lat' dir='ltr'><strong>fuerit,</strong></span> 
     </span>
    </p>
   </div>
   <div class='ocr_carea' id='block_1_119' title="bbox 1978 5687 3548 5762">
    <p class='ocr_par' dir='ltr' id='par_1_119' title="bbox 1978 5687 3548 5762">
     <span class='ocr_line' id='line_1_119' title="bbox 1978 5687 3548 5762; baseline 0.001 -19"><span class='ocrx_word' id='word_1_878' title='bbox 1978 5688 2052 5743; x_wconf 89' lang='lat' dir='ltr'><strong>uti</strong></span> <span class='ocrx_word' id='word_1_879' title='bbox 2111 5689 2433 5747; x_wconf 88' lang='lat' dir='ltr'><strong>canonibus.</strong></span> <span class='ocrx_word' id='word_1_880' title='bbox 2491 5689 2646 5756; x_wconf 87' lang='lat' dir='ltr'><strong>Quod</strong></span> <span class='ocrx_word' id='word_1_881' title='bbox 2703 5691 2779 5746; x_wconf 93' lang='lat' dir='ltr'><strong>illi</strong></span> <span class='ocrx_word' id='word_1_882' title='bbox 2797 5691 3014 5761; x_wconf 90' lang='lat' dir='ltr'><strong>quidem</strong></span> <span class='ocrx_word' id='word_1_883' title='bbox 3058 5697 3320 5762; x_wconf 84' lang='lat' dir='ltr'><strong>perpetuo</strong></span> <span class='ocrx_word' id='word_1_884' title='bbox 3365 5688 3436 5744; x_wconf 91' lang='lat' dir='ltr'><strong>ita</strong></span> <span class='ocrx_word' id='word_1_885' title='bbox 3469 5687 3548 5745; x_wconf 72' lang='grc' dir='ltr'>ιο.</span> 
     </span>
    </p>
   </div>
   <div class='ocr_carea' id='block_1_120' title="bbox 1975 5777 3542 5848">
    <p class='ocr_par' dir='ltr' id='par_1_120' title="bbox 1975 5777 3542 5848">
     <span class='ocr_line' id='line_1_120' title="bbox 1975 5777 3542 5848; baseline 0.001 -13"><span class='ocrx_word' id='word_1_886' title='bbox 1975 5779 2164 5848; x_wconf 83' lang='lat' dir='ltr'><strong>ciunt;</strong></span> <span class='ocrx_word' id='word_1_887' title='bbox 2193 5795 2290 5834; x_wconf 89' lang='lat' dir='ltr'><strong>nec</strong></span> <span class='ocrx_word' id='word_1_888' title='bbox 2325 5779 2427 5835; x_wconf 91' lang='lat' dir='ltr'><strong>hoc</strong></span> <span class='ocrx_word' id='word_1_889' title='bbox 2469 5780 2656 5835; x_wconf 86' lang='lat' dir='ltr'><strong>saltem</strong></span> <span class='ocrx_word' id='word_1_890' title='bbox 2705 5779 3051 5835; x_wconf 86' lang='lat' dir='ltr'><strong>considerare</strong></span> <span class='ocrx_word' id='word_1_891' title='bbox 3096 5777 3362 5844; x_wconf 79' lang='lat' dir='ltr'><strong>volentes,</strong></span> <span class='ocrx_word' id='word_1_892' title='bbox 3393 5778 3438 5834; x_wconf 79' lang='lat' dir='ltr'><strong>si</strong></span> <span class='ocrx_word' id='word_1_893' title='bbox 3471 5777 3542 5836; x_wconf 77' lang='lat' dir='ltr'><strong>ita</strong></span> 
     </span>
    </p>
   </div>
   <div class='ocr_carea' id='block_1_121' title="bbox 1978 5870 3544 5945">
    <p class='ocr_par' dir='ltr' id='par_1_121' title="bbox 1978 5870 3544 5945">
     <span class='ocr_line' id='line_1_121' title="bbox 1978 5870 3544 5945; baseline 0.002 -18"><span class='ocrx_word' id='word_1_894' title='bbox 1978 5888 2061 5929; x_wconf 88' lang='lat' dir='ltr'><strong>res</strong></span> <span class='ocrx_word' id='word_1_895' title='bbox 2078 5887 2135 5928; x_wconf 88' lang='lat' dir='ltr'><strong>se</strong></span> <span class='ocrx_word' id='word_1_896' title='bbox 2168 5872 2382 5939; x_wconf 88' lang='lat' dir='ltr'><strong>habeat,</strong></span> <span class='ocrx_word' id='word_1_897' title='bbox 2408 5887 2565 5943; x_wconf 72' lang='lat' dir='ltr'><strong>posse</strong></span> <span class='ocrx_word' id='word_1_898' title='bbox 2604 5871 2695 5942; x_wconf 91' lang='lat' dir='ltr'><strong>qui</strong></span> <span class='ocrx_word' id='word_1_899' title='bbox 2733 5870 3046 5944; x_wconf 85' lang='lat' dir='ltr'><strong>episcopum</strong></span> <span class='ocrx_word' id='word_1_900' title='bbox 3075 5871 3544 5945; x_wconf 76' lang='lat' dir='ltr'><strong>deponunt,abet</strong></span> 
     </span>
    </p>
   </div>
  </div>
