4044 6366
506 434 644 504 1075
1696 434 1759 494 8.
1802 431 2109 494 THEODO

2231 432 2575 494 STUDlT/E
3645 425 3772 490 1076

499 564 662 621 quem
701 545 1280 618 deponant,ipsosmet
1299 546 1499 618 deponi
1547 559 1608 604 ut
1646 550 1936 621 impleatur
1963 567 2098 620 apo-

2209 549 2501 621 χοζεύκτην
2543 549 2846 620 ὴθὼωσαν·
2891 548 3146 620 ἀνένοχον
3178 548 3596 620 ἀποφηνάμενοι
3637 550 3776 602 κατὰ

499 638 768 696 stolarum
799 635 1079 692 oraculum
1107 635 1176 692 δ’.

2209 644 2376 697 πάντα
2409 642 2506 696 καὶ
2552 640 2941 713 συνιερουργὸν
2982 642 3166 706 αὐτοῖς
3199 642 3330 695 ὅντα
3355 643 3448 696 καὶ
3490 641 3774 712 πρότερον.

499 729 612 784 Τὸν
636 728 694 783 δέ
723 726 1088 799 ἀκαθαίρετον
1116 728 1182 780 ἐκ
1225 727 1484 794 κανόνων,
1521 727 1842 800 καθαιρέσει
1871 730 2208 787 ,Έῦπέϐαλονο
2277 732 2429 804 ἔργῳ
2490 733 2582 786 τὸν
2641 731 2803 800 λόγον
2849 730 3031 785 αὐτῶν
3069 729 3483 801 βεϐαιούμενοι·
3515 731 3595 795 ὼς
3627 730 3776 794 ἐξου-

503 823 628 877 σίαν
659 821 808 894 ἐχειν
855 821 986 883 τοὺς
1033 819 1504 892 ῖεράρχας,κατά
1549 821 1612 876 τὸ
1649 824 1836 889 αὐτοῖς
1875 823 2093 892 δοκοῦν,
2165 826 2470 897 κεχρῆσθαι
2511 828 2623 889 τοῖς
2678 824 2927 880 κανόσιν.
2993 823 3172 896 Ὅπερ
3213 823 3532 895 ἐνεργοῦσιν
3585 825 3670 887 εἰς
3720 824 3778 878 τδ

503 917 594 972 ἀεί
625 934 640 948 ·
671 916 792 971 οὐδὲ
840 918 1019 971 ἐκεῖνο
1053 917 1285 971 συνιδεῖν
1333 917 1682 990 βουλόμενοι·
1713 921 1818 987 ὅτι,
1885 922 1935 974 εἰ
1971 919 2130 975 τοῦτό
2197 922 2366 987 ἐστιν,
2422 919 2682 991 ἱεράρχην
2733 917 3150 989 καθαιροῦντες,
3174 913 3454 971 ὑπἀὐτοῦ
3487 909 3552 970 οὗ
3582 915 3778 969 καθαιο

507 1009 665 1082 ροῦσι
712 1010 941 1064 δυνατὸν
966 1010 1164 1074 αὐτοὺς
1193 1010 1435 1076 ἐκείνους
1483 1011 1912 1086 καθαιρεθῆναι,
1955 1013 2336 1086 πληρουμένου
2365 1011 2461 1065 τοῦ
2494 1011 2603 1065 τῶν
2634 1011 2945 1065 ἀποστόλων
2969 1009 3174 1078 λογίου.

580 1100 711 1156 Haec
741 1115 840 1156 nos
871 1100 1048 1165 vobis,
1079 1100 1340 1174 episcopi,
1369 1103 1438 1158 de
1477 1105 1781 1161 canonibus
1804 1107 2096 1163 constitui-

2271 1103 2458 1157 Ταῦτα
2504 1103 2600 1158 καὶ
2653 1103 2782 1174 περὶ
2825 1102 3065 1156 κανόνων
3098 1101 3437 1172 διατετάχθω
3481 1099 3613 1170 ύμῖν
3649 1091 3779 1168 παρ’

507 1207 653 1248 mus.
688 1191 798 1247 Vos
827 1208 958 1248 vero
997 1193 1052 1247 in
1084 1193 1166 1249 eis
1213 1208 1628 1264 perseverantes
1673 1198 1806 1254 salvi
1836 1199 2010 1266 eritis,
2043 1209 2099 1256 et

2209 1192 2374 1263 ἡμῶν,
2411 1186 2456 1246 ὧ
2506 1191 2823 1245 ἐπίσκοποι.
2863 1190 3056 1259 ’Υμεῖς
3104 1189 3162 1242 δὲ
3207 1188 3534 1260 ἐμμένοντες
3571 1187 3778 1252 αὐτοῖς,

506 1293 696 1352 pacem
735 1280 1008 1337 habebitis
1031 1299 1046 1349 ;
1069 1298 1181 1339 non
1211 1285 1530 1342 obedientes
1559 1295 1741 1343 autem
1769 1287 2094 1358 puniemini,

2209 1279 2510 1355 σωθήσεσθε
2542 1285 2637 1337 καὶ
2669 1283 2892 1354 εἰρήνην
2922 1280 3102 1345 ἕξετε·
3144 1279 3501 1344 ἀπειθοῦντες
3529 1279 3588 1333 δὲ
3621 1277 3782 1332 κολαο

506 1383 563 1428 et
581 1381 913 1443 perpetuum
947 1373 1089 1428 inter
1117 1390 1216 1431 vos
1245 1375 1446 1431 bellum
1475 1377 1698 1448 geretis,
1718 1378 1946 1448 abiectae
1968 1377 2100 1433 obe-

2209 1375 2469 1448 ςθήσεσθε
2490 1393 2507 1406 ·
2539 1376 2634 1430 καὶ
2681 1375 2922 1446 πόλεμον
2949 1374 3070 1444 μετ’
3106 1371 3355 1441 ἀλλήλων
3384 1372 3558 1426 ἀΐδιον
3591 1371 3744 1438 ἐξετε
3765 1386 3784 1404 ·

507 1461 730 1518 (Ιίοιιιίαε
751 1479 942 1534 poenas
967 1480 1234 1538 congruas
1263 1467 1498 1523 luentes.
1547 1468 1660 1525 Cur
1687 1486 1810 1540 qua:
1839 1478 1964 1540 post
2011 1484 2100 1540 sy-

2209 1468 2358 1540 δῐκην
2414 1467 2516 1537 τῆς
2573 1469 2835 1538 ἀνηκοΐας
2886 1468 2989 1538 τὴν
3047 1467 3434 1536 προσήκουσαν
3481 1465 3781 1528 τιννύντες.

507 1555 712 1611 nodum
740 1564 888 1628 gesta
928 1566 1076 1624 sunt,
1101 1567 1157 1612 et
1179 1559 1424 1613 omnium
1456 1559 1685 1615 fratrum
1718 1576 1817 1630 per
1862 1561 2098 1632 impera-

2215 1559 2390 1632 ’Υπὲρ
2428 1557 2573 1623 τίνος
2599 1559 2666 1613 τά
2701 1558 2839 1630 μετά
2865 1556 2962 1630 τὴν
2997 1556 3234 1622 σύνοδον,
3267 1557 3302 1627 ἦ
3339 1573 3399 1608 τε
3427 1556 3649 1609 πάντων
3675 1555 3786 1609 τῶν

507 1657 683 1704 torem
715 1647 984 1704 discussio
1017 1665 1033 1704 :
1073 1665 1198 1704 cum
1222 1651 1450 1716 diceret,
1475 1667 1578 1707 nos
1621 1653 1840 1723 quidem
1873 1653 2097 1724 deposi-

2209 1651 2451 1722 ἀδελφῶν
2504 1651 2794 1722 ἀνάκρισις
2837 1649 2944 1702 ὑπὸ
3021 1647 3117 1702 τοῦ
3180 1647 3448 1719 βασιλέως
3508 1647 3780 1716 λέγοντος,

510 1751 614 1805 tos,
645 1742 912 1814 synodum
945 1758 1072 1798 vero
1098 1752 1340 1798 sanctam
1369 1758 1512 1807 esse,
1534 1755 1630 1800 eta
1650 1761 1709 1800 se
1729 1747 2098 1818 obsignatam:

2209 1745 2356 1815 ἡμᾶς
2415 1744 2513 1815 μὲν
2571 1742 3012 1814 καθῃρημένους,
3067 1741 3166 1810 τὴν
3210 1740 3268 1794 δὲ
3320 1738 3539 1792 σύνοδον
3592 1738 3782 1807 ἁγίαν,

507 1832 736 1904 perinde
783 1835 936 1904 quasi
983 1845 1294 1890 sanctorum
1340 1835 1675 1906 dispensatio
1704 1845 1851 1892 esset
1884 1837 2097 1892 adulte-

510 1925 630 1980 rina
657 1924 948 1995 copulatio,
971 1932 1028 1980 et
1050 1925 1398 1982 indemnatus
1419 1927 1512 1998 qui
1543 1928 1662 1983 haec
1687 1929 2007 2000 peregerat?
2031 1927 2099 1984 Et

511 2033 637 2073 cum
669 2033 831 2074 nemo
877 2018 1025 2074 illam
1070 2018 1423 2088 admitteret,
1445 2030 1542 2075 aut
1566 2021 1906 2092 singulorum
1940 2038 2096 2077 seor-

512 2124 636 2164 sum
676 2118 771 2164 aut
821 2109 1076 2164 binorum
1135 2117 1486 2166 ternorumve
1530 2111 1711 2172 simul,
1758 2123 1874 2166 tum
1933 2111 2116 2187 etiam.

514 2199 775 2273 plurium,
808 2216 904 2270 per
929 2201 1256 2256 monasteria
1287 2209 1342 2256 et
1369 2209 1543 2256 castra
1577 2202 1829 2268 inclusio,
1863 2201 2104 2256 nonnul-

517 2289 696 2346 lorum
746 2290 910 2344 etiam
960 2289 1169 2362 ﬂagella
1209 2299 1264 2345 et
1301 2290 1575 2346 cruciatus
1592 2295 1623 2357 ξς
1652 2307 1776 2347 cum
1818 2291 1930 2362 jam
1985 2291 2102 2346 haac

517 2381 724 2450 ubique
755 2388 897 2436 terra
926 2381 1170 2452 marique
1215 2391 1344 2438 nota
1401 2384 1513 2439 sint
1556 2383 1828 2455 vulgoque
1875 2386 2098 2454 iactata.

518 2471 691 2537 Quam
743 2469 908 2540 igitur
939 2470 1010 2524 ob
1043 2484 1263 2525 causam
1291 2471 1407 2527 haec
1435 2471 1617 2526 omnia
1647 2481 1708 2525 ut
1730 2470 1919 2541 paucis
1947 2487 2101 2526 com-

519 2562 727 2633 plectar
752 2560 779 2614 Ἰ
807 2559 1002 2614 Nonne
1029 2560 1173 2630 quod
1195 2561 1393 2617 adduci
1419 2576 1529 2616 non
1577 2569 1824 2632 possent,
1861 2570 1921 2616 ut
1949 2560 2103 2616 dice-

523 2661 667 2716 rent,
695 2655 793 2703 aut
839 2649 1190 2715 assentirent,
1219 2650 1678 2720 dispensationem
1707 2651 1875 2706 fuisse
1928 2650 2106 2706 Evan-

515 2742 648 2816 gelii
706 2740 1224 2812 transgressionem,
1274 2758 1434 2812 quam
1499 2744 1647 2799 velut
1703 2745 1991 2799 salutarem
2051 2750 2107 2799 et

521 2831 726 2887 sanctis
746 2846 930 2902 parem
985 2832 1280 2888 adversarii
1323 2833 1781 2898 vociferabantur,
1823 2835 1916 2905 qui
1953 2834 2108 2889 lactis

523 2929 578 2975 et
600 2920 778 2975 verbis
803 2919 1102 2974 etiamnum
1123 2921 1179 2974 in
1201 2937 1267 2977 eo
1288 2924 1612 2988 consistunt,
1638 2924 1690 2979 id
1721 2924 2024 2994 loquentes,
2051 2925 2106 2979 id

523 3019 748 3084 agentes
777 3011 881 3066 ista
929 3014 1356 3083 persecutione?
1384 3015 1632 3081 Quonam
1657 3015 1820 3088 igitur
1845 3026 2001 3087 pacto
2027 3017 2110 3072 di-

2199 1836 2732 1908 ἐπισφραγισθεῖσαν
2773 1833 2865 1887 ὑπ’
2911 1831 3107 1888 αὑτοῦ·
3146 1833 3221 1896 ὡς
3263 1831 3581 1903 οἱκονομξας
3618 1831 3786 1901 οῦσης

2200 1932 2374 2000 ἁγίων
2435 1931 2536 2002 τῆς
2593 1927 3009 2000 μοιχοζευξίας,
3065 1926 3159 1981 καὶ
3207 1926 3635 1994 άκαταγνῶστου
3688 1923 3785 1978 τοῦ

2197 2023 2369 2076 ταῦτα
2397 2021 2774 2087 τετελεκότος;
2807 2019 2918 2073 Καὶ
2965 2017 3154 2090 ἐπειδὴ
3182 2019 3246 2072 οὐ
3279 2017 3706 2088 προσεδέξαντο·
3746 2016 3783 2082 ἡ

2199 2115 2316 2177 ἐνὸς
2347 2115 2603 2178 ἑκάστου,
2627 2112 2660 2183 ἢ
2686 2112 2780 2165 καὶ
2811 2110 2948 2183 ὸμού
2979 2110 3095 2174 δύο,
3125 2112 3159 2182 ἢ
3188 2110 3380 2182 τριῶν,
3409 2109 3444 2181 ἢ
3475 2109 3570 2163 καὶ
3602 2108 3788 2162 πλειό-

2200 2225 2330 2273 νων,
2379 2207 2438 2260 ἑν
2498 2223 2558 2260 τε
2612 2207 2726 2269 τοῖς
2784 2203 3171 2276 μοναστηρίοις
3209 2203 3306 2256 καὶ
3353 2205 3468 2267 τοῖς
3521 2202 3788 2273 κάστροις

2201 2300 2554 2362 κατάκλεισις
2573 2315 2588 2330 ·
2611 2295 2776 2352 τινῶν
2799 2295 2856 2350 δὲ
2886 2295 3256 2367 μαστιγώσεις
3286 2296 3382 2349 καὶ
3411 2294 3787 2364 κουσπισμοί·

2202 2389 2480 2461 πανταχοῦ
2529 2387 2632 2459 γῆς
2669 2405 2730 2441 τε
2768 2387 2862 2441 καὶ
2917 2386 3187 2457 θαλάττης
3237 2384 3791 2457 διατεθρυλλημένων

2203 2483 2442 2549 τούτων;
2487 2481 2661 2552 ’Υπὲρ
2686 2480 2828 2544 τίνος
2863 2475 2956 2534 οὖν
2985 2478 3159 2533 ταῦτα
3187 2479 3395 2545 πάντα,
3429 2479 3517 2534 ἵνα
3550 2477 3792 2533 συνελὼν

2204 2575 2378 2641 sinu);
2429 2574 2542 2644 Οὐχ
2589 2573 2727 2643 ὑπὲρ
2764 2571 2856 2626 τοῦ
2907 2571 2983 2643 μὴ
3030 2571 3425 2641 καταδέχεσθαι
3473 2572 3656 2626 εἰπεῖν
3693 2574 3792 2624 καὶ

2208 2665 2649 2736 συγκαταθέσθαι
2681 2665 2781 2736 τὴν
2812 2663 3130 2736 παράϐασιν
3155 2664 3250 2718 τοῦ
3283 2663 3618 2733 Εὐαγγελῖου
3642 2666 3791 2717 οἰκο-

2205 2759 2436 2829 νομίαν·
2491 2757 2560 2828 ἦν
2608 2755 2682 2820 ὡς
2738 2756 3009 2827 σωτήριον
3048 2755 3144 2808 καὶ
3195 2755 3406 2825 ῑσάγιον
3461 2757 3509 2808 οἱ
3557 2755 3792 2810 ἐναντίοι

2206 2849 2526 2921 ἐξεϐόησαν,
2559 2849 2896 2920 ἐμπράκτως
2931 2849 3026 2901 καὶ
3059 2846 3139 2918 τῷ
3171 2847 3318 2918 λόγῳ
3351 2847 3432 2910 εἰς
3456 2847 3550 2900 τὸν
3581 2847 3793 2917 κόσμον

2207 2944 2302 2998 καὶ
2333 2941 2533 2996 εἰσέτι·
2573 2941 2668 2994 καὶ
2695 2941 2799 3004 ἕως
2841 2939 2908 2994 ἂν
2961 2941 3296 3011 ἐπιμένωσιν
3328 2939 3501 3004 οὕτως
3535 2939 3792 3008 λέγοντες

2209 3037 2305 3091 καὶ
2343 3035 2676 3106 πράττοντες
2713 3033 2800 3088 διά
2835 3033 2928 3087 τὸν
2977 3033 3251 3104 διωγμόν;
3304 3033 3427 3098 Πῶς
3473 3029 3568 3086 οὖν
3600 3049 3790 3102 φασιν,

523 3112 676 3169 cunt,
701 3105 867 3174 quod,
905 3105 1122 3168 nemine
1147 3107 1470 3164 adversante
1529 3118 1623 3164 aut
1660 3109 1908 3175 docente,
1964 3110 2108 3180 ipsos

2209 3129 2291 3183 ὃτι
2325 3105 2550 3200 μηδενὸς
2597 3125 2992 3196 ἀνθισταμένου
3042 3126 3136 3179 καὶ
3167 3125 3512 3188 διδάσκοντος
3561 3124 3792 3179 καλέσοο

523 3211 785 3252 vocemus
839 3197 1125 3254 haereticos
1149 3199 1174 3252 ?
1200 3200 1522 3255 Commenta
1552 3209 1682 3256 sunt
1701 3201 1802 3255 ista
1821 3217 1942 3271 qute
1961 3199 2111 3256 dixi-

524 3307 650 3346 mus
712 3299 768 3346 et
813 3293 1046 3360 somnia,
1073 3311 1142 3348 an
1171 3296 1343 3352 vera?
1372 3297 1442 3352 Et
1465 3296 1724 3366 quoniam
1758 3312 1884 3351 vera
1939 3305 2106 3363 sunt;

524 3383 799 3454 quomodo
836 3399 946 3439 non
1002 3387 1202 3458 ubique
1244 3389 1444 3445 docent
1469 3398 1524 3444 et
1577 3389 1877 3460 praedicant
1931 3389 2111 3445 verbis

524 3474 847 3546 factisque?
873 3475 981 3530 Aut
1026 3480 1300 3548 quomodo
1350 3497 1468 3547 vos,
1497 3481 1601 3536 illis
1629 3498 1740 3537 non
1798 3482 2107 3548 credentes,

524 3569 920 3639 propemodum
965 3585 1089 3626 cum
1123 3571 1254 3641 ipsis
1285 3572 1377 3642 qui
1410 3573 1524 3628 haec
1553 3574 1741 3629 dicunt
1769 3574 1927 3629 statis
1963 3573 2108 3646 (sed,

526 3662 631 3718 etsi
659 3663 992 3720 tacuerimus
1032 3679 1154 3731 nos,
1182 3665 1332 3720 orbis
1362 3665 1478 3736 ipse
1502 3667 1786 3723 veritatem
1837 3665 2126 3737 testatur),

529 3753 865 3809 horrendum
887 3753 1085 3810 silentii
1106 3754 1372 3824 judicium
1394 3755 1446 3810 in
1466 3772 1560 3811 vos
1576 3757 1723 3827 ipsos
1738 3757 2111 3812 attrahentes?

529 3847 898 3914 Quamobrem
933 3862 1031 3920 ego
1093 3846 1314 3902 humilis
1375 3863 1539 3919 cogor
1599 3865 1710 3904 non
1760 3849 1942 3915 silere,
1994 3849 2109 3904 sive

530 3940 756 4010 scripto,
783 3939 898 3996 sive
925 3939 1042 3994 sine
1081 3939 1308 4010 scripto,
1330 3939 1506 4010 quoad
1534 3939 1674 3994 vires
1729 3939 1930 4007 ferunt,
1958 3956 2084 3996 cum

529 4028 726 4082 timore
748 4043 812 4082 ac
836 4035 1093 4094 tremore,
1122 4044 1247 4082 cum
1280 4029 1404 4084 vita:
1455 4028 1775 4084 discrimine
1796 4047 1809 4083 :
1827 4029 1929 4084 etsi
1958 4030 2112 4100 quis-

529 4119 677 4188 piam
713 4127 955 4174 vestrum
1011 4120 1242 4174 fortasse
1285 4136 1398 4174 non
1445 4121 1782 4189 necessario,
1825 4121 2000 4177 dicam
2055 4127 2114 4178 et

526 4223 948 4280 supervacanee,
978 4225 1066 4264 me
1101 4210 1218 4265 haec
1250 4209 1430 4265 facere
1465 4210 1759 4267 existimet.

604 4406 805 4464 Verum
854 4409 922 4464 ad
978 4425 1092 4464 rem
1144 4410 1359 4466 tandem
1391 4412 1572 4467 veniat
1622 4412 1817 4468 oratio.
1867 4411 1981 4478 Ais,
2007 4427 2107 4466 ne-
2141 4449 2186 4504 Π

531 4498 679 4554 mine
703 4497 1024 4554 adversante
1054 4508 1150 4555 aut
1197 4499 1430 4555 docente
1479 4500 1740 4555 mmcltari
1786 4501 2105 4571 sacrilegos-

531 4606 638 4662 que
667 4590 970 4658 absolvere,
1003 4607 1112 4662 quo
1130 4592 1254 4662 jure
1286 4593 1405 4648 illos
1432 4594 1767 4664 appellemus
1791 4593 2108 4648 haereticos?

535 4680 796 4738 Mmchari
843 4697 994 4753 ergo,
1023 4691 1080 4736 et
1123 4683 1418 4754 sacrilegos
1457 4684 1762 4749 absolvere,
1809 4683 1974 4738 verbo
2031 4681 2108 4737 illi

535 4789 723 4829 revera
750 4790 860 4830 non
883 4775 1121 4832 docent:
1151 4791 1274 4830 cum
1299 4789 1400 4830 nec
1431 4785 1623 4846 gentes
1651 4792 1771 4846 qum
1801 4775 1971 4848 legem
1999 4791 2108 4832 non

535 4863 740 4918 habent
760 4865 1023 4921 moechari
1051 4867 1328 4923 doceant:
1367 4880 1544 4935 neque
1589 4882 1690 4921 nos
1741 4866 1886 4921 nude
1911 4867 2012 4922 hoc
2042 4868 2110 4922 ab

537 4954 644 5010 illis
684 4955 789 5010 dici
815 4959 1254 5029 posuimuszsed
1282 4959 1427 5029 quod
1469 4959 1828 5014 adulterinam
1884 4959 2110 5028 conjun-

537 5049 778 5105 ctioncm
833 5052 1220 5120 approbantes,
1253 5060 1461 5122 etquae
1500 5051 1573 5106 illi
1614 5066 1826 5106 aimexa
1857 5060 2008 5117 sunt,
2056 5059 2114 5107 et

538 5158 638 5214 per
671 5157 793 5197 eam
825 5143 958 5198 alias
1009 5145 1291 5215 Evangelii
1345 5145 1802 5218 transgressiones
1824 5161 1947 5199 cum
1973 5143 2113 5199 divi-

536 5249 734 5288 norum
773 5248 1042 5288 canonum
1067 5234 1499 5302 inl'ractionibtts,
1528 5237 1822 5293 salutarem
1845 5251 1965 5292 esse
1995 5236 2111 5292 dis-

537 5327 910 5396 pensationem
941 5326 1227 5397 intcrjecto
1275 5331 1621 5385 anathemate
1653 5330 1996 5397 sancientes;
2027 5339 2114 5385 at-

535 5434 643 5488 que
672 5419 774 5472 hoc
804 5417 979 5488 ipsum
1007 5416 1064 5472 in
1088 5417 1205 5472 dies
1243 5435 1342 5489 per
1361 5419 1548 5475 exsilia
1573 5435 1928 5489 carceresque
1977 5435 2114 5489 quos

535 5508 647 5564 dixi
693 5508 1049 5574 vindicantes,
1086 5509 1439 5582 Evangelium
1492 5511 1756 5565 solverint
1801 5525 1867 5566 ex
1896 5520 2116 5566 sancto-

539 5615 658 5654 runt
707 5601 999 5666 sententia,
1040 5610 1096 5656 et
1119 5602 1319 5656 virtute
1349 5600 1809 5672 dispensationem
1857 5601 1911 5657 in
1966 5601 2114 5656 omni

537 5694 982 5764 praevaricatione
1007 5695 1120 5751 ﬁeri
1147 5704 1436 5752 astruunt:
1467 5694 1816 5752 immutabilia
1845 5695 1934 5753 Dei
1959 5713 2115 5753 man-

611 5859 655 5888 "
683 5858 812 5914 (Ian.
839 5858 871 5913 8
898 5866 1064 5925 (ipost.
1095 5857 1249 5927 juxta
1275 5855 1506 5914 Gt'wcos.

2212 3237 2312 3291 μεν
2359 3221 2559 3283 αὐτοὺς
2605 3215 3255 3290 αῖρετικούς;Φαντασια
3304 3216 3374 3270 τὰ
3423 3215 3793 3288 προλεχθέντα

2209 3313 2304 3366 καὶ
2332 3312 2553 3383 ὄνειροι,
2584 3311 2618 3383 ἢ
2659 3310 2873 3380 ἀληθῆ;
2911 3309 3133 3382 Ἐπειδὴ
3165 3309 3222 3364 δὲ
3249 3308 3428 3381 ἀληθῆ
3468 3349 3484 3375 ,
3522 3308 3642 3372 πῶς
3669 3308 3793 3379 ούχὶ

2209 3405 2554 3459 διδάσκουσιν
2601 3403 2864 3457 ἑκάστοτε
2915 3401 3010 3457 καὶ¹
3067 3400 3434 3474 κηρύττουσιν
3490 3401 3639 3473 ἔργῳ
3697 3399 3794 3454 καὶ

2209 3496 2385 3566 λόγῳ;
2413 3495 2450 3567 ἦ
2477 3495 2595 3559 πῶς
2625 3495 2721 3565 ούχ
2765 3495 2923 3566 ὑμεῖς
2965 3493 3281 3564 πειθόμενοι
3327 3494 3548 3557 αὐτοῖς,
3587 3491 3793 3566 μικροῦ

2209 3589 2318 3642 δεῖν
2371 3591 2488 3660 μετ’
2535 3588 2720 3642 αὐτῶν
2768 3587 2876 3641 τῶν
2909 3587 3183 3656 λεγόντων
3217 3585 3440 3639 ἴστασθε
3489 3586 3508 3656 (
3531 3584 3670 3639 ἀλλὰ
3700 3583 3796 3638 καὶ

2211 3676 2307 3730 ἐὰν
2331 3679 2495 3748 ἡμεῖς
2530 3675 2848 3747 σιωπῶμεν,
2877 3675 2946 3730 τὰ
2983 3675 3197 3747 πέρατα
3229 3674 3329 3746 βοᾷ
3359 3674 3458 3745 τὴν
3483 3674 3796 3745 ἀλήθειαν),

2211 3766 2273 3820 τὸ
2302 3765 2533 3837 φοϐερὸν
2561 3765 2662 3835 τῆς
2701 3765 2914 3836 σιωπῆς
2949 3767 3128 3836 κρῖμα
3164 3763 3250 3833 ἐφ’
3285 3762 3509 3826 ἑαυτοὺς
3539 3760 3796 3815 ἐπισπῶ-

2215 3876 2365 3930 μενοι
2391 3875 2406 3926 ;
2438 3857 2520 3910 Δι’
2549 3857 2616 3930 ἢν
2647 3855 2827 3910 αἰτίαν
2858 3853 2970 3926 ἐγὼ
3001 3857 3029 3910 ὁ
3062 3855 3316 3918 ταπεινὸς
3363 3853 3457 3908 τοῦ
3509 3853 3586 3924 μὴ
3629 3855 3796 3923 σιγᾷν

2211 3951 2600 4021 ἀναγκάζομαι
2633 3948 2926 4020 ἐγγράφως
2962 3965 3021 4002 τε
3055 3947 3152 4002 καὶ
3180 3946 3480 4019 ἀγράφως,
3510 3945 3654 4000 κατά
3692 3947 3797 4016 τὴν

2210 4040 2436 4095 ἐνοῦσάν
2471 4056 2560 4111 μοι
2587 4038 2820 4110 δύναμιν
2839 4078 2854 4104 ,
2888 4038 3028 4108 μετά
3061 4037 3227 4108 φόϐου
3255 4038 3352 4092 καὶ
3379 4037 3584 4110 τρόμου
3605 4076 3621 4102 ,
3651 4036 3795 4108 μετὰ

2211 4131 2571 4204 παρασκευῆς
2609 4131 2842 4185 θανάτου
2865 4147 2880 4161 ·
2929 4130 3032 4186 κάν
3062 4147 3148 4194 τις
3176 4128 3333 4200 ὑμῶν
3365 4130 3497 4194 ἴσως
3531 4121 3636 4184 οὐκ
3659 4133 3794 4184 ἁνα-

2209 4225 2418 4295 γκαξως
2437 4264 2452 4290 ,
2481 4223 2623 4278 εῖπω
2648 4223 2696 4278 δ’
2724 4224 2808 4278 ὅτι
2837 4222 2933 4279 καὶ
2975 4221 3382 4294 περιττολόγως
3405 4222 3577 4277 οῖεται
3614 4221 3793 4277 ταῦτα

2209 4319 2457 4388 ἐνεργεῖν
2493 4333 2584 4387 με.

2297 4405 2437 4458 Ἀλλ’
2468 4405 2563 4458 ἐπὶ
2589 4404 2652 4459 τὸ
2678 4402 3046 4477 προκείμενον
3072 4403 3100 4457 ὁ
3118 4401 3308 4471 λόγος.
3329 4400 3532 4470 Ἐφης,
3564 4398 3795 4471 μηδενὸς

2211 4498 2567 4568 ἐνισταμένου
2639 4497 2737 4551 καὶ
2805 4495 3151 4560 διδάσκοντος
3201 4493 3292 4548 τοῦ
3360 4493 3638 4574 μοιχεύειν
3698 4491 3794 4545 καὶ

2211 4589 2361 4645 λύειν
2395 4592 2522 4654 τοὺς
2552 4589 2966 4662 ἀνιέρους,πῶς
2995 4588 3236 4658 εὐλόγως
3258 4587 3566 4658 καλέσομεν
3594 4585 3793 4648 αὐτοὺς

2211 4683 2560 4756 clipeum-5;;
2591 4683 2888 4754 Μοιχεύειν
2932 4677 3028 4736 οὖν
3059 4683 3155 4736 καὶ
3188 4680 3337 4734 λύειν
3369 4680 3498 4744 τοὺς
3541 4680 3793 4750 ἀνιέρους

2211 4776 2290 4846 τῷ
2322 4776 2485 4846 λόγῳ.
2514 4774 2736 4846 ἀληθὲς,
2769 4775 2828 4828 ού
2855 4774 3200 4829 διδάσκουσιν
3220 4791 3236 4806 ·
3265 4765 3398 4827 ἐπεῖ
3417 4772 3554 4845 μηδέ
3573 4773 3638 4825 τά
3660 4771 3792 4841 ἔθνη

2211 4869 2282 4920 τὰ
2329 4869 2404 4938 μὴ
2455 4867 2619 4937 νόμον
2663 4865 2856 4936 ἔχοντα
2906 4867 3186 4939 μοιχεύειν
3228 4868 3502 4922 διδάσκει·
3537 4867 3632 4922 καὶ
3668 4867 3792 4919 οὐδὲ

2212 4961 2376 5030 ἡμεῖς
2407 4959 2632 5030 γυμνῶς
2661 4960 2822 5014 τοῦτο
2845 4961 3116 5029 ἐπιφωνεῖν
3146 4960 3342 5025 αὐτοὺς
3377 4959 3678 5031 ἐξεθέμεθα
3697 4976 3712 4988 ·
3754 4959 3791 5029 ἦ

2213 5052 2298 5106 ὅτι
2326 5051 2425 5122 τὴν
2457 5051 2836 5122 μοιχοζευξίαν
2869 5050 3220 5124 κυρώσαντες
3250 5053 3347 5106 καὶ
3389 5052 3458 5106 τά
3501 5053 3598 5106 σὺν
3626 5051 3789 5122 αὐτῇ,

2215 5143 2311 5199 καὶ
2351 5143 2419 5198 δι’
2449 5145 2620 5214 αὐτῆς
2649 5143 2846 5215 ἐτέρας
2896 5142 3242 5215 παραϐάσεις
3289 5143 3385 5198 τοῦ
3426 5141 3790 5212 Εὐαγγελίου,

2217 5238 2315 5292 σὺν
2355 5237 2479 5301 ταῖς
2531 5235 2640 5288 τῶν
2689 5235 2850 5290 θείων
2903 5235 3148 5290 κανόνων
3189 5235 3443 5298 λύσεσιν,
3477 5235 3794 5304 οῖκονομξαν

2215 5325 2358 5382 εἶναι
2390 5328 2653 5398 σωτήριον
2701 5326 2795 5379 ὑπ’
2834 5325 3173 5395 άναθέματι·
3220 5323 3318 5378 καὶ
3360 5322 3522 5378 τοῦτο
3553 5323 3794 5378 καθεκά-

2219 5436 2351 5489 στην
2421 5415 2768 5480 ἐκδικοῦντες
2817 5414 2906 5468 διά
2950 5415 3061 5467 τῶν
3107 5412 3522 5486 προλεχθέντων
3565 5410 3794 5480 ἐξοριῶν

2219 5513 2312 5567 καὶ
2368 5507 2648 5579 φυλακῶν,
2694 5508 2758 5562 τὸ
2809 5505 3141 5576 Εὐαγγέλιον
3190 5503 3451 5558 λελύκασι
3495 5504 3635 5557 κατὰ
3692 5502 3798 5572 τὴν

2219 5601 2400 5673 φωνὴν
2443 5601 2552 5655 τῶν
2584 5599 2756 5670 ἁγίων
2777 5617 2792 5630 ·
2820 5599 2916 5653 καὶ
2937 5599 3163 5668 δυνάμει
3205 5597 3298 5650 ἐπὶ
3331 5597 3514 5668 πάσης
3541 5595 3796 5666 παραϐά-

2219 5709 2356 5756 σεως
2400 5689 2716 5763 οἰκονομίαν
2758 5687 3004 5761 γίνεσθαι
3051 5685 3424 5742 ὑποτίθενται·
3486 5685 3586 5750 τὰς
3632 5680 3802 5739 ἀναλ-

4017 3375 4019 3408 l

4017 3469 4019 3508 Ι

4017 3541 4019 3622 l

4017 3697 4019 3732 |

4017 3755 4019 3766 .

4017 3849 4019 3866 i
