4044 6366
246 429 373 493 1077
1447 420 1986 501 EPISTOLARUM
2022 420 2152 480 LIB
2212 419 2259 478 ι.
3339 418 3478 483 1078

239 540 487 605 λοιὼτους
530 537 746 602 ἐντολὰς
789 536 885 590 τοῦ
915 534 1049 591 Θεοῦ
1097 534 1510 601 ἀλλοιώσαντες,
1541 535 1639 588 καί.
1670 551 1797 605 τρεο

1904 534 2027 589 data
2057 537 2332 588 variantes
2366 539 2421 587 et
2448 531 2727 587 mutabilia
2756 538 3081 587 statuentes.
3130 528 3197 585 Et
3229 532 3321 600 qui
3352 547 3478 603 pos-

242 633 376 698 πτάς
437 628 904 692 ἀποδεικνύοντες.
957 627 1069 682 Kal
1122 626 1242 690 πῶς
1313 625 1360 679 δ’
1410 625 1477 680 ἀν
1525 625 1626 679 οὐκ
1690 620 1800 677 εἷεν

1905 625 2018 681 sint
2040 623 2261 679 mobilia
2290 636 2355 678 ac
2374 622 2651 678 mutabilia
2674 637 2784 677 non
2812 636 2952 687 esse,
2979 621 3023 677 si
3047 620 3336 677 salutarem
3367 623 3483 679 dis-

239 720 524 779 ἀλλοιωταί
553 720 654 774 ⁸κιιί.
691 717 927 790 τρεπταὶ
948 756 964 783 ,
1011 716 1126 785 εῐγε
1157 713 1630 788 παραϐαινόμεναι
1653 715 1800 768 οἰκο-

240 815 418 887 νομίαι
448 814 743 883 σωτήριοι,
780 811 929 881 ἔργῳ
958 809 1052 863 καί⁵
1092 808 1238 880 λόγῳ
1268 806 1561 872 συνοδικῶς
1590 806 1801 876 δογμα-

238 905 508 972 τίζονται;
536 903 628 973 Μὴ
658 904 767 973 7&9
812 904 892 965 εἰς
920 900 1175 955 τοσοῦτον
1202 899 1392 970 ψεῦδος
1422 898 1797 972 προκόψωσιν,

239 995 373 1050 ὥστε
407 994 481 1066 μὴ
511 994 692 1062 λέγειν
722 992 921 1055 αὐτοὺς
950 992 1312 1062 πεποιηκέναι
1342 990 1580 1044 σύνοδον.
1622 989 1685 1043 Εἰ
1727 989 1803 1061 μὴ

234 1086 332 1157 τὴν
379 1082 757 1156 μοιχοζευξίαν
816 1084 1086 1153 ὀνομάσαι
1144 1082 1460 1152 οἰκονομίαν
1514 1082 1803 1154 ἰσόρροπον

238 1176 433 1244 ἀγίωνο
481 1176 530 1229 εἰ
573 1174 650 1245 μὴ
694 1173 1093 1241 ἀναθεματίσαι
1117 1172 1246 1237 τοὺς
1284 1173 1359 1245 μὴ
1403 1174 1802 1245 προσιεμένους

236 1266 422 1337 αὐτὴν.
459 1263 524 1319 Εἰ
562 1265 619 1318 δὲ
665 1263 882 1333 λέγουσι
908 1263 983 1333 μὴ
1016 1261 1417 1334 ἀναθεματίσαι
1441 1304 1456 1329 ,
1481 1263 1624 1334 ὑπὲρ
1658 1263 1803 1326 τίνος

236 1357 553 1427 ἀνεϐόησαν,
597 1356 725 1420 Τοῖς
760 1355 835 1427 μὴ
864 1354 1176 1426 δεχομένοις
1213 1356 1314 1418 τὰς
1340 1356 1656 1425 οἰκονομίας
1691 1353 1800 1407 τῶν

235 1449 422 1518 ἀγίων,
454 1447 706 1517 ἀνάθεμα
748 1445 926 1514 loco);
958 1446 1128 1517 Δῆλον
1152 1445 1261 1517 γάρ
1288 1447 1396 1514 ὅτι,
1426 1447 1801 1517 ἐνισταμένων

234 1541 391 1595 τινῶν
421 1539 498 1613 μὴ
527 1539 803 1610 δέχεσθαι,
850 1540 884 1610 ἡ
928 1538 1267 1609 ὲκφώνησιςο
1308 1539 1357 1591 εἰ
1393 1539 1469 1610 μὴ
1503 1538 1797 1610 μεθύομεν.

234 1632 363 1705 Περὶ
394 1631 551 1694 ποίας
583 1630 643 1685 δὲ
686 1630 1000 1694 ὑποθέσεως
1048 1629 1217 1702 ἄλλης
1242 1632 1276 1701 ἡ
1312 1629 1594 1695 ἔνστασις,
1633 1631 1668 1703 ἢ
1700 1630 1801 1700 τῆς

236 1722 636 1796 μοιχοζευξίαςς
671 1721 880 1776 Οὐκοῦν
918 1722 1175 1791 ἀσφαλῶς
1219 1722 1391 1793 αὐτῆς
1414 1722 1583 1777 ἕνεκα
1611 1724 1639 1776 ὁ
1664 1724 1798 1776 ἀνα-

233 1813 563 1885 θεματισμός
582 1830 597 1846 ο
627 1812 703 1877 ὡς
734 1810 901 1882 οὔσης
945 1812 1088 1866 κατά
1115 1812 1213 1876 τάς
1240 1811 1349 1866 τῶν
1376 1812 1547 1881 ἁγίων
1589 1814 1796 1867 οἰκονο-

1902 715 2284 787 pensationem
2348 728 2472 769 esse
2509 714 2727 783 quando
2781 712 3073 775 violantur,
3104 727 3162 766 re
3202 728 3265 768 ac
3315 714 3485 768 verbo

1902 805 2161 877 synodice
2219 805 2459 861 docent?
2484 804 2602 859 Non
2635 802 2781 859 enim
2807 812 2913 857 tam
2943 803 3289 873 impudenter
3326 817 3480 858 men-

1905 896 2128 958 tientur,
2157 903 2217 949 ut
2262 894 2526 966 synodum
2550 909 2579 947 a
2600 908 2660 947 se
2683 902 2929 949 coactam
2982 901 3182 964 negent
3207 911 3221 946 :
3254 890 3297 946 si
3324 891 3481 947 adul-

1905 986 2137 1041 terinam
2168 986 2570 1056 copulationem
2601 983 2757 1041 lateri
2787 984 2962 1040 nolint
3018 984 3477 1055 dispensationem

1905 1078 2108 1133 sanctis
2165 1094 2350 1149 parem
2396 1078 2720 1148 appellasse,
2780 1091 2882 1131 nec
2912 1091 3006 1131 eos
3060 1076 3149 1146 qui
3181 1076 3326 1130 illam
3370 1091 3482 1131 non

1904 1167 2175 1237 recipiunt
2190 1168 2715 1223 excommunieasse.
2739 1165 2893 1233 Quod
2911 1167 2956 1221 si
2979 1167 3483 1223 excommunicasse

1902 1269 2104 1330 negant
2135 1277 2149 1314 :
2176 1275 2435 1330 quorsum
2468 1260 2598 1315 illud
2634 1259 3008 1315 exclamarunt
3036 1277 3050 1313 :
3084 1258 3155 1313 lis
3210 1261 3302 1330 qui
3358 1276 3485 1316 san-

1901 1359 2110 1405 ctorum
2135 1351 2568 1423 dispensationes
2596 1367 2706 1406 non
2744 1353 3038 1423 recipiunt,
3065 1353 3353 1409 anathema
3376 1355 3486 1410 sit?

1902 1437 2256 1511 Perspicuum
2276 1450 2362 1497 est
2395 1443 2565 1509 enim,
2586 1458 2708 1497 rum
2750 1443 3125 1512 recipereillas
3169 1444 3331 1514 aliqui
3366 1445 3484 1499 nol-

1900 1533 2037 1600 lent,
2071 1534 2198 1589 inde
2224 1541 2406 1588 natam
2436 1548 2557 1589 esse
2587 1533 2946 1601 sanctionem,
2976 1534 3080 1589 nisi
3103 1534 3240 1590 ebrii
3270 1551 3480 1591 sumus.

1901 1623 2150 1691 Quanam
2182 1642 2311 1681 vero
2339 1626 2407 1681 de
2432 1640 2491 1679 re
2519 1625 2623 1679 alia
2673 1625 2902 1695 quaestio
2958 1635 3075 1680 erat
3120 1634 3478 1697 praeterquam

1899 1715 1968 1771 de
2001 1716 2231 1770 adulteri
2290 1716 2723 1786 conjunctione?
2753 1714 2983 1786 Pmpter
3032 1716 3177 1771 illam
3209 1733 3337 1789 ergo
3386 1734 3482 1773 ex-

1904 1807 2371 1863 communicatio:
2411 1817 2470 1862 ut
2518 1823 2639 1877 qua:
2681 1807 2831 1876 juxta
2869 1816 3178 1862 sanctorum
3203 1809 3485 1879 dispensa-

234 1875 374 1974 μίας.
412 1875 618 1957 καί-εἰ
656 1875 753 1974 μὲν
803 1875 1101 1973 ἐφάμιλλος
1131 1903 1346 1970 αὑταῖς,
1381 1875 1438 1957 αἰ
1468 1901 1578 1957 τῶν
1621 1903 1796 1972 ἁγίων

1907 1898 2081 1953 tiones
2112 1897 2251 1952 facta
2286 1906 2452 1953 esset.
2506 1875 2574 1953 Et
2600 1875 2816 1968 quidem
2850 1897 2895 1951 si
2930 1912 3115 1951 earum
3148 1875 3339 1954 similis
3390 1900 3480 1965 sit,

229 1995 533 2065 οἰκονομίαι
564 1994 901 2064 παράνομον
936 1994 985 2047 εἰ
1011 1993 1069 2047 δέ
1094 1994 1145 2048 οί
1168 1994 1339 2062 ἀγιοι,
1371 1994 1432 2048 οὐ
1458 1994 1793 2066 παράνομοι,

229 2090 360 2160 ὅπερ
386 2086 590 2159 ἀληθές
610 2104 627 2120 ’
674 2086 832 2142 αὐτοὶ
860 2085 1366 2157 ἀνεθεματίσθησαν
1400 2086 1474 2158 μὴ
1505 2088 1798 2158 προσιέμε-

230 2197 304 2234 νοι
336 2178 434 2251 τὴν
493 2177 905 2250 μοιχοξευξίανο
953 2179 1057 2233 κᾶν
1101 2178 1321 2250 τέχναις
1367 2179 1693 2248 σοφίζωνται
1728 2180 1796 2234 τά

229 2270 429 2342 ἐναργῆ
464 2272 648 2342 ἀφανῆ
692 2270 981 2324 δεικνύειν.
1020 2270 1161 2324 Ἀλλ’
1204 2271 1483 2343 ἀμήχανον
1523 2272 1796 2342 κρυϐῆναι

229 2360 285 2414 τὸ
307 2361 551 2429 γεγονός.
582 2362 704 2414 Ὅτι
736 2360 795 2414 δέ
824 2360 1197 2431 ἀμετάϐλητοι
1236 2362 1293 2414 αἰ
1332 2361 1544 2415 ἐντολαί
1571 2360 1667 2414 τοῦ
1695 2362 1796 2415 Εὑ-

229 2449 482 2519 αγγελίου
510 2489 526 2515 ,
576 2449 741 2504 ἄκουε
786 2448 881 2503 τοῦ
932 2450 1168 2521 μεγάλου
1203 2450 1481 2504 Βασιλείου
1525 2450 1794 2523 βοῶντος·

230 2542 375 2611 Τάχα
405 2540 639 2594 τονῶσαί
690 2557 792 2611 μου
840 2538 941 2612 τὴν
992 2540 1194 2613 ψυχὴν,
1248 2540 1341 2595 καί
1381 2541 1797 2613 νηπτικωτέραν

230 2632 358 2704 πρὸς
384 2632 444 2686 τὸ
474 2631 677 2703 ἐφεξῆς
722 2631 1065 2700 καταστῆσαι
1091 2634 1119 2685 ὁ
1145 2630 1352 2703 Κύριος
1384 2631 1681 2703 ἠϐουλήθη,
1720 2632 1797 2696 ὡς

231 2722 303 2794 μὴ
327 2722 616 2793 προσέχειν
641 2719 975 2791 ἀνθρώποις,
1010 2720 1146 2775 ἀλλά
1169 2720 1260 2776 διά
1287 2721 1396 2775 τῶν
1424 2722 1797 2790 εὐαγγελικῶν

128 2822 131 2823 ⁷
180 2870 187 2877 ,
230 2812 448 2866 ἐντολῶν
478 2809 928 2882 καταρτίζεσθαι.
960 2810 1026 2864 Al
1050 2810 1176 2863 οὔτε
1216 2813 1450 2883 καιροῖς,
1478 2810 1601 2865 οὔτε
1642 2825 1799 2883 περι-

232 2903 480 2957 στάσεσιν
499 2902 859 2973 ἀνθρωπίνων
870 2902 1215 2971 πραγμάτων
1235 2902 1796 2974 συμμεταϐάλλονται,

228 2995 338 3051 ἀλλ’
358 2993 458 3068 [αί]
482 2994 645 3049 αὑταὶ
670 2993 1016 3064 διαμένουσιν
1034 3008 1053 3029 ο
1073 2993 1147 3057 ὡς
1173 2994 1525 3067 προήχθησαν
1554 2996 1662 3049 ἀπὸ
1700 2993 1796 3049 τοῦ

229 3086 488 3157 ἀψευδοῦς
513 3087 608 3140 καὶ
646 3084 913 3157 μακαρίου
948 3085 1215 3154 στόματος
1237 3125 1252 3151 ,
1292 3085 1434 3139 οὕτω
1460 3086 1798 3151 διαιωνίζου-

1896 1986 2112 2057 injustas
2171 1988 2394 2043 fuerunt
2441 1998 2757 2043 sanctorum
2811 1987 3247 2058 dispensationes
3284 2008 3298 2045 :
3330 2000 3387 2045 at
3438 1993 3483 2046 si

1895 2079 2068 2134 sancti
2119 2078 2304 2149 injusti
2362 2095 2471 2133 non
2505 2088 2655 2142 sunt.
2682 2079 2758 2134 uti
2811 2094 3001 2134 revera
3048 2094 3157 2133 non
3173 2085 3310 2134 sunt
3339 2096 3356 2147 ;
3386 2096 3481 2135 ex-

1894 2171 2279 2227 communicati
2297 2171 2373 2226 illi
2393 2171 2612 2226 fuerunt
2631 2172 2775 2243 quod
2790 2172 3151 2227 adulterinam
3189 2173 3485 2244 copulatio-

1895 2278 2019 2318 nem
2041 2278 2151 2319 non
2172 2263 2821 2334 recipiant,quantumvis
2841 2263 3134 2319 artificiose
3152 2264 3202 2319 id
3218 2275 3399 2336 agant,
3424 2275 3485 2322 ut

1901 2371 2025 2425 quae
2071 2355 2357 2425 perspicua
2383 2364 2532 2418 sunt,
2586 2356 2818 2410 obscura
2872 2355 3120 2411 reddant.
3166 2355 3273 2412 Sed
3302 2358 3485 2413 occul-

1899 2447 2004 2502 tari
2035 2447 2224 2517 nequit
2245 2448 2389 2518 quod
2421 2446 2621 2502 factum
2650 2455 2753 2501 est.
2812 2445 2930 2502 Jam
2960 2464 3090 2504 vero
3111 2450 3254 2518 quod
3293 2450 3485 2504 immu-

1897 2539 2078 2595 tabilia
2106 2540 2218 2595 sint
2266 2540 2551 2612 Evangelii
2602 2540 2878 2606 mandata,
2923 2541 3049 2596 andi
3087 2541 3344 2597 Basilium
3372 2542 3485 2596 Ma-

1895 2646 2061 2701 gnum
2143 2631 2470 2685 clamantem
2511 2630 2811 2686 :Fortasse
2883 2630 3168 2688 intendere
3243 2633 3483 2688 animam

1896 2735 2097 2786 meam,
2142 2721 2656 2793 vigilantioremque
2688 2721 2744 2778 in
2779 2730 3059 2792 posterum
3115 2722 3342 2778 reddere
3376 2723 3484 2778 Do-

1905 2814 2097 2869 minus
2152 2813 2348 2880 voluit,
2381 2823 2442 2868 ut
2488 2814 2867 2869 hominesnon
2927 2815 3193 2880 attendat,
3247 2816 3342 2870 sed
3391 2828 3489 2881 per

1895 2902 2210 2973 evangelica
2250 2902 2505 2958 mandata
2520 2903 2985 2974 perﬁciatur,quze
2999 2919 3106 2960 nec
3126 2905 3483 2976 temporibus,

1896 3005 1999 3047 nec
2034 2992 2396 3049 humanarum
2422 3009 2604 3050 rerum
2620 2993 3043 3050 circumstantiis
3057 3006 3483 3062 commutantur,

1901 3099 2091 3139 verum
2137 3084 2326 3139 eadem
2350 3095 2692 3156 permanent,
2715 3086 2939 3143 sicutex
2970 3088 3130 3144 beato
3152 3097 3209 3145 et
3237 3089 3461 3145 minime

233 3197 338 3235 σαι.
382 3180 443 3235 Οἱ
478 3179 537 3233 δὲ
559 3178 627 3233 δι’
650 3179 900 3242 ἐναντίας
922 3179 1261 3250 κηρύξαντες
1286 3179 1386 3250 τὴν
1416 3178 1792 3252 μοιχοζευξίαν

1904 3173 2074 3232 fallaci
2122 3191 2219 3231 ore
2262 3178 2605 3248 prodierunt,
2653 3178 2734 3236 sic
2774 3180 2923 3235 omni
2977 3197 3096 3237 aevo
3132 3197 3487 3253 perseveran-

229 3271 541 3342 οἰκονομίαν
569 3270 857 3341 σωτήριον,
888 3269 941 3323 τί
966 3269 1146 3341 mos)
1176 3268 1420 3342 τρεπτάς
1446 3269 1545 3335 τάς
1568 3271 1794 3335 ἐντολάς

229 3363 319 3415 τοῦ
347 3361 484 3415 Θεοῦ
528 3360 904 3430 ἀπεφήναντος
940 3357 1017 3429 πῆ
1052 3348 1160 3430 μιν
1192 3358 1688 3431 μεταϐαλλομένας,
1714 3361 1794 3433 πῆ

231 3455 286 3511 δέ
308 3454 365 3508 οὐ
400 3450 879 3525 μεταϐαλλομένοις
904 3489 922 3517 ,
971 3448 1087 3504 ἀλλ’
1118 3447 1447 3522 ἐνεργούσας
1477 3448 1790 3521 ἀτρέπτως·

233 3548 437 3618 καιροῖς
465 3544 527 3599 δέ
554 3561 667 3600 τισι
703 3542 798 3598 καὶ
828 3541 1219 3615 περιστάσεσιν
1247 3540 1648 3613 ἀνθρωπίναις,
1682 3539 1793 3594 ὥσ-

234 3654 334 3709 περ
381 3637 590 3707 ἔφασαν
631 3633 791 3691 αὐτοὶ
823 3634 955 3707 περὶ
982 3633 1092 3689 τῶν
1118 3632 1484 3706 κρατούντων,
1519 3631 1794 3706 μεταϐαλ-

231 3727 479 3799 λομένας,
512 3729 608 3784 ³ιαί⁵
639 3727 716 3799 μὴ
742 3727 823 3792 είς
847 3725 1081 3798 ἀνομίαν
1114 3723 1491 3797 λογιζομένας,
1523 3724 1662 3780 ἀλλά
1684 3724 1796 3795 γὰρ

232 3820 322 3874 καὶ
348 3818 604 3874 τοσοῦτον
638 3818 793 3889 ἰσχὺν
825 3816 1080 3888 ἐχούσας,
1110 3814 1187 3880 ὡς
1218 3815 1316 3870 καὶ
1344 3814 1472 3879 τοὺς
1513 3815 1589 3887 μὴ
1634 3830 1798 3886 προσ-

236 3912 480 3983 ιεμένους
514 3910 705 3978 αὒτάς,
735 3911 904 3981 ἧγουν
928 3908 1029 3974 τάς
1058 3908 1400 3981 παραϐάσεις
1422 3908 1522 3972 τὰς
1550 3947 1565 3973 ,
1594 3907 1671 3973 ὥς
1695 3925 1797 3978 φα-

234 4022 337 4076 σιν,
372 4001 684 4074 οἰκονομίας
709 4000 822 4055 τῶν
851 3999 1048 4071 ἁγίων,
1080 4000 1621 4073 ἀναθεματισμένους
1647 3998 1798 4072 παρά

232 4102 297 4174 τῇ
338 4095 637 4168 Ἐκκλησία
665 4090 841 4161 εἶναις

298 4289 573 4361 Συνῆκται
592 4278 685 4340 οῦν
718 4280 967 4339 ἐντεῦθεν
996 4278 1153 4335 οὐδὲν
1170 4278 1381 4352 ἕτερον,
1404 4278 1437 4352 ἢ
1471 4278 1530 4333 τδ
1556 4277 1649 4333 τὸν
1667 4278 1800 4333 Θεδν

231 4378 458 4448 τρεπτὴν
487 4370 628 4439 εἶναι
668 4371 763 4426 καὶ
808 4369 1119 4425 ἀλλοιωτὸν·
1169 4368 1527 4439 ὁμοιουμένου
1582 4368 1677 4423 τοῦ
1715 4368 1803 4422 λέ-

233 4484 414 4537 γοντος
442 4465 525 4539 τῷ
571 4462 760 4534 οἰκείῳ
786 4460 952 4533 λόγῳ,
980 4458 1043 4514 τό
1086 4474 1148 4513 τε
1186 4458 1517 4529 Εὐαγγέλιον
1550 4460 1801 4531 ἀόριστον

1901 3266 1994 3320 tia.
2041 3265 2246 3323 Contra
2288 3282 2438 3335 vero,
2463 3268 2555 3340 qui
2595 3269 2957 3325 adulterinam
3019 3273 3485 3344 conjunctionem,

1897 3356 2186 3413 salutarem
2209 3356 2665 3429 dispensationem
2677 3374 2801 3416 esse
2814 3360 3119 3418 docuerunt
3139 3379 3154 3417 :
3180 3363 3312 3435 quid
3339 3363 3489 3421 aliud

1897 3448 2106 3517 dicunt,
2160 3465 2321 3520 quam
2384 3451 2661 3508 mutabilia
2719 3467 2843 3509 esse
2904 3453 3004 3509 Dei
3056 3456 3327 3523 mandata,
3366 3472 3490 3528 quae

1898 3555 2048 3597 nunc
2104 3541 2327 3613 quidem
2385 3552 2686 3612 mutentur,
2714 3559 2864 3601 nunc
2914 3545 3141 3602 minime
3181 3557 3485 3615 mutentur,

1900 3631 1999 3688 sed
2043 3631 2454 3689 immutabiliter
2503 3642 2786 3707 sgant:et
2827 3637 3105 3693 nonnullis
3153 3640 3489 3710 temporibus

1900 3734 2068 3796 atque
2095 3725 2352 3782 humanis
2376 3726 2827 3796 circumstantiis,
2857 3730 3000 3787 sicut
3020 3729 3122 3803 ipsi
3152 3730 3223 3788 de
3249 3731 3489 3805 impera-

1900 3816 2113 3874 toribus
2162 3818 2420 3875 dixerunt
2473 3829 2776 3888 mutentur,
2801 3831 2858 3879 et
2889 3823 2960 3879 ad
2985 3822 3327 3895 iniquitatem
3376 3842 3488 3882 non

1902 3906 2247 3978 imputentur
2278 3927 2290 3964 :
2322 3925 2541 3967 rursum
2606 3924 2790 3969 autem
2841 3923 3046 3970 tantam
3076 3914 3182 3969 vim
3226 3914 3488 3985 habeant,

1902 4004 1963 4052 ut
1993 3997 2086 4068 qui
2115 4012 2179 4053 ea
2204 4014 2315 4053 non
2339 4000 2666 4072 suscipiunt,
2701 4003 2808 4060 hoc
2833 4013 2937 4071 est,
2989 4004 3467 4076 transgressiones,

1902 4104 2044 4159 quae,
2075 4099 2135 4145 ut
2168 4090 2272 4162 ipsi
2297 4091 2473 4159 aiunt,
2509 4093 2951 4164 dispensationes
2995 4103 3125 4151 sunt
3152 4101 3487 4159 sanctorum.

1902 4183 2255 4239 anathemate
2285 4184 2613 4241 damnentur
2659 4186 2729 4243 ab
2757 4187 2996 4243 Ecclesia
3021 4186 3047 4243 τ

1974 4274 2053 4330 Ex
2086 4274 2174 4331 his
2193 4290 2322 4347 ergo
2357 4276 2647 4334 coniicitur
2677 4278 2813 4334 nihil
2850 4279 2998 4335 aliud
3020 4320 3036 4344 ,
3060 4296 3222 4353 quam
3251 4285 3492 4342 mutabi-

1906 4364 2013 4421 lem
2044 4366 2218 4422 Deum
2255 4383 2380 4424 esse
2410 4386 2425 4423 :
2450 4378 2511 4424 ut
2538 4368 2684 4426 dicto
2705 4385 2807 4426 suo
2834 4370 3026 4428 similis
3052 4373 3135 4431 sit
3161 4376 3256 4447 qui
3292 4378 3493 4436 dixerit

1906 4474 1961 4518 et
1988 4462 2339 4535 Evangelium
2369 4462 2688 4519 indiderens
2717 4479 2841 4520 esse
2865 4464 2932 4519 ad
2971 4465 3201 4524 salutem
3231 4477 3287 4525 et
3312 4471 3494 4541 perdi-

231 4561 360 4634 πρός
386 4576 447 4614 τε
477 4555 753 4628 σωτηρίαν
778 4553 874 4608 καὶ
903 4544 1362 4622 ἀπώλειαν.⁷Δρα
1396 4549 1505 4621 γάρ
1535 4550 1629 4603 ἐπὶ
1661 4550 1796 4605 πάν-

1904 4553 2265 4609 tionem.Num
2289 4553 2437 4609 enim
2462 4552 2517 4608 in
2542 4555 2799 4610 omnibus
2821 4554 3135 4612 hominibus
3154 4600 3171 4625 ,
3192 4566 3248 4613 et
3292 4557 3348 4613 in
3374 4574 3494 4614 om-

232 4671 333 4707 των
354 4650 681 4722 ἀνθρώπων,
711 4645 805 4700 καὶ
840 4644 935 4698 ἐπὶ
961 4643 1144 4714 πάσης
1170 4641 1388 4711 ἐντολῆς
1411 4640 1798 4713 παραϐάσεως,

238 4740 532 4816 οίκονομίαο
562 4739 598 4813 ἢ
623 4738 682 4793 εν
703 4752 813 4791 τισι
846 4733 938 4789 καί
973 4748 1117 4799 τινι;
1147 4731 1258 4785 Kal
1290 4729 1374 4795 τίς
1405 4733 1439 4803 η
1480 4732 1803 4803 ἀποκλήρω-

240 4846 319 4894 σις
346 4831 437 4886 τοῦ
471 4830 566 4886 ἐπί
591 4846 703 4885 τισι
738 4827 838 4900 μέν
870 4824 964 4882 καί
994 4843 1101 4879 τινι
1128 4819 1290 4889 εἶναι,
1324 4823 1415 4876 ἐπὶ
1441 4821 1499 4876 δέ
1545 4839 1656 4876 τισι
1710 4822 1804 4877 καί

234 4938 336 4975 τινι
363 4920 618 4990 οὐδαμῶς
641 4938 658 4988 ;
689 4920 800 4973 Kal
828 4916 967 4990 πρὸς
988 4915 1152 4971 τίνων
1177 4911 1289 4988 ἄρα
1319 4913 1415 4968 xal
1441 4914 1592 4987 παρά
1622 4914 1804 4968 πόσων

234 5016 293 5069 τὸ
327 5014 668 5084 οίκονομεῖν;
707 5011 868 5083 Παρά
897 5008 1168 5082 ίεραρχῶν
1200 5007 1399 5079 μόνων,
1420 5007 1454 5078 ἢ
1474 5008 1569 5061 καί
1590 5008 1802 5079 ἰερέων;

236 5103 531 5169 Συνοδικῶς
558 5103 593 5175 ἢ
644 5102 737 5156 καὶ
788 5101 969 5165 ίδικῶς
1023 5100 1298 5165 ἐκαστονς
1338 5097 1451 5154 Kal
1482 5100 1534 5151 εἰ
1571 5098 1663 5152 ἐπὶ
1706 5099 1818 5153 τῶν

240 5195 502 5266 βασιλέων
534 5194 731 5268 μόνων,
758 5192 852 5248 ἐπὶ
883 5193 984 5263 τῆς
1019 5190 1266 5263 μοιχείας
1307 5189 1476 5262 μόνης
1497 5229 1515 5255 ,
1546 5189 1581 5261 ἢ
1607 5190 1705 5245 καὶ
1732 5191 1820 5259 ιφ,

238 5290 475 5359 ἑκάστης
529 5286 914 5359 παρανομίας;
956 5285 1065 5339 Kal
1110 5282 1229 5349 πῶς
1272 5282 1366 5337 ἐπὶ
1408 5280 1515 5335 τῶν
1550 5281 1818 5354 βασιλέων

240 5379 617 5453 ὑποχωροῦσιν
660 5381 717 5435 αἰ
755 5378 848 5434 τοῦ
898 5376 1034 5433 Θεοῦ
1081 5375 1329 5444 ἐντολαίς
1380 5376 1414 5447 ἢ
1470 5377 1707 5440 πάντως,
1739 5376 1816 5442 ὡς

222 5473 335 5545 ,τῆς
373 5472 651 5545 βασιλεως
692 5470 857 5526 αὐτοῦ
886 5470 1037 5532 τέλος
1083 5468 1334 5540 ἐχούσηςο
1382 5468 1463 5523 ὅτι
1494 5468 1628 5539 μηδὲ
1658 5468 1810 5539 βασι-

239 5562 372 5629 λέως
426 5563 700 5637 ὑποχωρεῖ
743 5564 930 5634 νόμος,
976 5561 1053 5634 μὴ
1104 5560 1294 5630 ἐτέρου
1338 5558 1601 5630 βασιλέως
1644 5560 1808 5615 αὑτὸν

240 5652 655 5725 διαδεχομένου;
726 5652 890 5707 Ἀλλά
942 5651 1051 5724 γάρ
1109 5649 1204 5704 καὶΙ
1252 5648 1411 5703 τοῦτο
1467 5646 1804 5721 ἀπορητέονο

242 5742 425 5816 ἐπειδή
465 5763 628 5817 φησιν
652 5746 681 5800 ὁ
706 5744 847 5811 θεῖος
889 5742 1236 5807 Ἀιιιξόστολος⁸
1278 5743 1344 5796 οι
1392 5740 1629 5810 ἄνδρες,
1660 5743 1806 5813 ἀγα-

242 5829 388 5889 πᾶτε
409 5831 514 5901 τὰς
542 5831 771 5891 ἑαυτῶν
797 5832 1105 5907 γυναῖκας,
1142 5828 1336 5896 καθὼς
1359 5829 1456 5886 καί
1491 5832 1524 5886 ό
1553 5832 1806 5904 Χριστὸς

1907 4645 1964 4701 ιιί
2006 4646 2243 4700 mandati
2311 4644 2740 4716 transgressione
2791 4646 3129 4717 dispensatio
3167 4656 3275 4713 est,
3332 4665 3400 4703 an
3435 4650 3491 4706 in

1906 4737 2227 4808 quibusdam
2262 4776 2277 4798 .
2310 4743 2367 4791 et
2403 4736 2457 4791 in
2479 4736 2705 4807 aliquo?
2728 4736 2794 4791 Et
2822 4752 3072 4807 quaenam
3103 4752 3223 4794 sors
3252 4738 3354 4795 ista
3383 4750 3489 4805 est,

1906 4837 1968 4883 ut
1983 4827 2038 4882 in
2057 4827 2378 4898 quibusdam
2395 4827 2468 4883 sit
2485 4835 2541 4882 et
2565 4826 2619 4882 in
2652 4826 2853 4898 aliquo,
2876 4826 2930 4881 in
2959 4826 3229 4897 aliquibus
3244 4837 3300 4885 et
3322 4829 3377 4886 in
3397 4829 3494 4884 ali-

1906 4933 2017 4990 quo
2034 4933 2373 4988 nequaquam
2401 4918 2425 4972 ?
2442 4917 2822 4989 Aquibusnam
2841 4932 2971 4990 ergo
2990 4960 3006 4985 ,
3022 4928 3117 4975 eta
3132 4935 3292 4990 quam
3309 4922 3494 4977 multis

1920 5009 2037 5065 haec
2081 5008 2462 5079 dispensatio?
2503 5008 2590 5065 Ab
2648 5008 2889 5080 epis0pis
2936 5010 3093 5077 solis,
3139 5025 3208 5066 an
3261 5012 3429 5067 etiam
3462 5028 3491 5066 a

1917 5099 2290 5156 sacerdotibus
2315 5100 2340 5155 ?
2361 5098 2627 5170 Synodice
2671 5115 2741 5154 an
2762 5100 3016 5171 privatim
3067 5105 3394 5174 utrumque?
3428 5102 3495 5158 Et

1917 5192 1965 5247 si
2004 5193 2061 5249 in
2090 5193 2309 5264 regibus
2337 5200 2553 5249 tantum
2575 5232 2595 5258 ,
2620 5207 2690 5247 an
2739 5192 2796 5250 in
2834 5192 3105 5249 adulterio
3142 5194 3313 5250 solo?
3333 5212 3404 5250 an
3435 5196 3491 5251 in

1916 5286 2157 5358 qualibet
2192 5285 2481 5356 iniquitate
2508 5286 2532 5340 ?
2555 5284 2623 5343 Et
2649 5284 2923 5356 quomodo
2944 5284 2999 5340 in
3027 5286 3244 5358 regibus
3275 5298 3496 5343 cessant

1918 5378 2010 5434 Dei
2040 5379 2292 5435 mandata
2313 5378 2343 5434 ?
2367 5378 2448 5433 An
2478 5379 2702 5435 omnino
2748 5379 2899 5451 quasi
2940 5379 3101 5438 linem
3136 5379 3336 5436 habeat
3372 5382 3494 5453 ejus

1908 5469 2194 5541 imperium
2234 5486 2255 5527 ι,
2286 5470 2733 5541 quandoquidem
2771 5486 2876 5529 nec
2921 5471 3266 5543 imperatoris
3314 5484 3494 5530 cessat

1906 5561 2014 5627 lex,
2041 5560 2145 5616 nisi
2176 5560 2472 5632 imperator
2496 5562 2633 5617 alter
2662 5562 2956 5618 succedat?
2987 5561 3094 5617 Sed
3116 5568 3173 5617 et
3211 5561 3316 5617 ltoc
3351 5578 3493 5633 quo-

1903 5668 2008 5723 que
2039 5651 2402 5724 indagandum
2430 5661 2514 5709 est
2540 5671 2553 5709 :
2583 5669 2706 5710 cum
2738 5652 3123 5710 dicatdivinus
3163 5651 3488 5724 Apostolus:

1918 5746 2045 5809 Viri,
2070 5744 2271 5814 diligite
2313 5762 2498 5801 uxores
2531 5755 2728 5800 vestras
2766 5747 2901 5800 sicut
2931 5754 2981 5801 et
3022 5745 3259 5800 Christus
3309 5747 3485 5803 dilexit

1915 5836 2224 5903 Ecclesium,
2249 5846 2296 5892 et
2321 5838 2545 5907 scipsum
2569 5838 2791 5894 tradidit
2808 5854 2901 5910 pro
2917 5854 3001 5905 ca,
3037 5847 3090 5893 ut
3122 5838 3268 5897 illam
3297 5842 3467 5897 sancti
