4044 6366
487 361 623 425 1079

1677 353 1736 412 S.
1777 347 2174 412 TIIEODORI
2204 348 2552 410 STUDITIE

3615 336 3746 399 1080

483 472 682 541 litaret,
717 468 978 522 mandans
1001 467 1210 521 lauacro
1235 481 1387 537 aqua:
1417 466 1472 519 in
1511 466 1660 518 verbo
1695 478 1711 516 :
1749 473 1805 516 ut
1857 460 2067 514 ealcibe-
2101 514 2104 523 ,

2219 461 2451 530 γάπησε
2498 460 2614 528 τὴν
2651 458 3023 526 Ἐκκλησίαν
3046 471 3060 485 °
3091 455 3188 508 καί
3234 451 3458 507 ἑαυτὸν
3500 451 3749 520 παρέδω-

486 572 560 618 ret
581 564 690 632 ipse
719 561 818 614 sibi
845 559 1126 630 gloriosam
1164 557 1473 620 Ecclesium,
1519 572 1618 609 non
1645 555 1918 607 habentem
1955 567 2068 604 ma-

487 656 663 711 culam
690 663 784 708 aut
814 669 1023 724 rugam,
1057 660 1151 705 aut
1182 650 1384 720 aliquid
1426 647 1748 718 hujusmodi,
1795 646 1886 700 sed
1909 655 1964 700 ut
1999 645 2068 699 sit

485 760 670 807 sancta
703 760 750 805 et
775 747 1121 804 immaculata
1152 746 1233 812 '°;
1264 743 1555 814 quomodo,
1603 756 1725 812 quae
1751 756 1901 796 nunc
1949 740 2073 810 qui-

488 848 611 903 dem
647 845 974 902 adulterium
1017 852 1074 898 et
1110 841 1359 896 adulterii
1393 838 1836 910 conjunctionem
1871 837 2071 891 admit-

491 948 588 1006 tat,
621 940 741 995 aliis
770 948 951 994 autem
996 952 1123 992 mox
1156 935 1494 1006 temporibus
1520 933 1728 990 similes
1754 934 1889 988 alias
1919 933 2075 998 ;sine

490 1032 700 1086 macula
728 1041 784 1086 et
813 1031 931 1085 sine
976 1043 1106 1099 ruga
1135 1028 1420 1098 persistat,
1453 1042 1517 1082 ac
1540 1041 1650 1082 non
1681 1025 1948 1081 lutulenta
1978 1039 2078 1093 po-

493 1125 602 1180 tius
627 1133 682 1178 et
713 1122 965 1178 sordibus
1022 1121 1218 1182 obsita.
1257 1121 1403 1190 quod
1446 1120 1628 1175 dicere
1676 1117 2080 1190 perhorresco?

495 1217 753 1272 Decidant
776 1217 890 1270 bmc
913 1213 1071 1269 nobis
1092 1215 1218 1269 novi
1247 1210 1619 1282 evangelista,
1645 1226 1707 1265 se
1737 1211 1885 1280 ipsos
1930 1209 2078 1263 enim

490 1308 584 1378 qui
641 1305 766 1362 talia
811 1304 1100 1375 rccipiunt,
1155 1301 1452 1356 Ecclesiam
1513 1299 1602 1354 Dei
1644 1304 1866 1360 vocant,
1903 1305 1957 1349 ct
1984 1310 2081 1349 eos

493 1400 589 1470 qui
629 1399 819 1454 eadem
851 1413 962 1451 non
993 1396 1250 1466 probant.
1284 1392 1537 1448 Ecclesiae
1588 1388 1929 1444 adversaries
1983 1387 2079 1441 de-

494 1501 751 1548 cernunt.
783 1488 888 1544 Sed
913 1503 1101 1542 revera
1134 1485 1288 1557 iuxta
1315 1483 1662 1555 pmpbetam,
1704 1479 1906 1536 Stultus
1930 1481 2081 1550 fatua

498 1583 758 1654 loquetur,
771 1587 818 1635 et
843 1597 930 1632 cor
949 1579 1062 1647 ejus
1087 1594 1221 1632 vana
1244 1575 1512 1645 cogitabit,
1539 1583 1594 1626 ut
1617 1573 1854 1642 perﬁciat
1881 1571 2082 1640 iniqui-

499 1683 681 1735 tatem,
710 1682 758 1726 et
783 1672 1064 1743 loquantur
1078 1671 1149 1724 ad
1175 1669 1349 1723 Deum.
1376 1665 1740 1737 fraudulenter
1762 1666 1828 1716 ⁸⁸.
1850 1660 2086 1716 Pessima

501 1764 684 1833 itaque
713 1763 940 1820 haeresis
966 1763 1082 1817 haec
1108 1770 1210 1816 est.
1239 1760 1416 1830 Atque
1450 1757 1584 1814 illud
1615 1755 1912 1812 beatissimi
1946 1755 2090 1823 Apo-

2167 571 2276 608 κεν
2321 553 2471 621 ὑπὲρ
2517 551 2727 619 αὐτῆς,
2763 550 2864 603 ἵνα
2901 547 3096 616 αὐτὴν
3147 544 3372 616 ἁγιάσῃ
3425 545 3753 611 καθαρίσας

2169 645 2251 711 τῷ
2275 643 2508 712 λουτρῷ
2537 643 2644 697 τοῦ
2675 642 2894 707 ὕδατος
2914 641 2983 694 ὲν
2999 640 3245 709 ῥήματιο
3267 639 3368 691 ἵνα
3391 635 3753 705 παιηστήση

2171 737 2369 804 αὐτὴν
2396 733 2870 801 ἐαυτιῖίένὸοξον
2897 731 3014 799 τὴν
3054 730 3450 796 Ἐκκλησίαν,
3470 727 3560 799 μὴ
3587 728 3757 796 ἐχου-

2173 845 2295 884 σαν
2323 827 2548 881 σπῖλον
2581 825 2618 893 ἢ
2643 823 2884 896 ῥυτίδα,
2916 821 2955 891 ἦ
3003 838 3059 874 τι
3110 817 3228 874 τῶν
3261 817 3579 872 τοιούτων·
3622 817 3758 870 ἀλλ’

2174 922 2275 975 ἵνα
2316 915 2356 992 ᾗ
2391 919 2530 990 ἁγία
2556 919 2651 972 καί
2683 917 2942 986 ἄμωμος.
2976 913 3100 976 Πῶς
3131 907 3239 983 ἆρα
3262 910 3360 966 νῦν
3391 910 3494 981 μὲν
3517 907 3616 980 τὴν
3647 926 3763 980 μοι-

2177 1015 2329 1086 χείαν
2381 1013 2478 1066 καὶ
2534 1009 2913 1082 μοιχοζευξίαν
2963 1003 3386 1078 προσηκαμένη,
3419 1004 3479 1056 ἓν
3537 1001 3597 1056 δὲ
3654 1003 3763 1064 τοῖς

2183 1103 2344 1175 πέριξ
2393 1101 2606 1173 χρόνοις
2659 1100 2852 1170 ἑτέρας
2905 1096 3263 1168 ὲφαμίλλους,
3322 1092 3654 1163 διαμείναιεν
3704 1090 3768 1144 ἂν

2182 1197 2407 1259 anna;
2433 1212 2493 1248 τε
2527 1195 2622 1248 καὶ
2648 1191 2956 1264 ἀρῤύτιδος,
2987 1190 3102 1244 ἀλλ’
3121 1189 3246 1260 οὐχὶ
3275 1185 3768 1260 βεὸορὸορωμένη;

2181 1289 2210 1342 ὃ
2259 1286 2354 1340 καὶ
2407 1285 2616 1356 φρίττω
2663 1283 2856 1352 λέγων.
2903 1279 3342 1351 Διακρινέτωσαν
3388 1277 3521 1347 ἡμῖν
3574 1273 3625 1327 οι
3674 1271 3772 1326 νῦν

2183 1375 2595 1446 εὐαγγελισταίο
2647 1372 2874 1436 tamab;
2926 1373 3036 1442 γὰρ
3084 1369 3288 1432 ταύτας
3337 1367 3771 1439 προσηκάμενοι,

2199 1467 2525 1538 Ἐκκλησίαν
2549 1465 2684 1520 Θεοῦ
2712 1465 3074 1535 ὀνομάζουσιν
3092 1479 3104 1493 ·
3136 1460 3452 1522 ἀντιθέτους
3483 1458 3619 1527 αὐτῇ
3649 1456 3775 1521 τοὺς

2192 1564 2268 1635 μὴ
2323 1561 2718 1634 προσιεμένους
2749 1558 2921 1622 αὑτὰς
2972 1555 3371 1625 διακρίναντες.
3411 1551 3552 1606 Ἀλλ’
3585 1551 3777 1614 ὅντως,

2191 1656 2333 1710 κατὰ
2359 1655 2452 1708 τὸν
2493 1653 2883 1725 προτήτηνίο
2915 1650 3117 1721 μωρὸς
3159 1648 3326 1718 μωρὰ
3364 1643 3649 1712 λαλήσει,
3680 1643 3780 1696 καί

2193 1750 2232 1817 ἡ
2279 1747 2494 1816 καρδία
2538 1747 2725 1801 αὑτοῦ
2762 1745 2983 1816 μάταια
3020 1741 3230 1810 νοήσει
3253 1781 3268 1805 ,
3314 1741 3420 1795 τοῦ
3463 1736 3784 1795 συντελεῖν

501 1855 628 1912 stoli
664 1869 928 1924 usurpare
961 1852 1175 1909 esthoc
1200 1853 1356 1906 loco:
1393 1851 1560 1908 Miror
1587 1851 1724 1920 quod
1739 1849 1814 1903 sic
1847 1857 1953 1900 tam
1987 1846 2088 1899 cito

2211 1841 2407 1910 ἱνολια,
2455 1839 2557 1893 καί
2613 1838 2828 1893 λαλεῖν
2878 1837 3030 1905 πρὸς
3082 1835 3190 1888 τὸν
3247 1833 3397 1888 Θεὸν
3447 1831 3783 1899 πλάνησιν.

503 1947 884 2017 transferimini
914 1945 979 2000 ab
996 1962 1055 2000 eo
1072 1945 1160 2016 qui
1191 1961 1277 1999 vos
1301 1944 1501 1998 vocavit
1523 1943 1578 1995 in
1603 1942 1834 2011 gratiam
1864 1938 2088 2003 Christi,

502 2040 558 2092 in
584 2039 732 2094 aliud
774 2038 1155 2109 Erangelium:
1185 2037 1324 2100 quod
1357 2051 1457 2089 non
1491 2044 1568 2088 est
1604 2033 1772 2095 aliud,
1815 2033 1912 2085 nisi
1970 2038 2090 2084 sunt

501 2129 672 2200 aliqui
699 2131 788 2200 qui
821 2145 908 2183 vos
929 2132 1262 2189 conturbant,
1295 2137 1344 2181 et
1376 2126 1554 2180 volunt
1575 2133 1869 2178 convertere
1910 2122 2092 2176 Euan-

505 2223 702 2292 getiam
755 2221 973 2277 Christi.
1021 2221 1124 2276 Sed
1161 2220 1280 2274 licet
1334 2236 1424 2273 nos
1451 2260 1464 2280 .
1499 2227 1593 2271 aut
1626 2216 1847 2287 angelus
1872 2216 1936 2268 de
1967 2214 2093 2268 caelo

504 2315 818 2386 evangeliset
862 2315 1022 2381 vobis,
1048 2323 1401 2383 pneterquam
1432 2311 1570 2380 quod
1607 2307 2093 2379 euangelizavimus

505 2405 672 2472 vobis,
699 2407 982 2460 anathema
1022 2406 1090 2459 sit
1119 2405 1186 2457 ⁸³.

2195 1932 2569 2000 Χιλεπωτάτη
2601 1927 2693 1984 οὖν
2717 1930 2930 2002 αἵρεσις
2963 1927 3125 1998 αὕτη,
3158 1926 3253 1980 καὶ
3282 1925 3343 1978 τὸ
3371 1923 3467 1978 τοῦ
3505 1939 3786 1994 μακαριω-

2196 2025 2360 2078 τάτου
2401 2023 2729 2077 Ἀποστόλου
2769 2022 2914 2077 ἔστιν
2947 2019 3182 2074 ἐνταῦθα
3237 2019 3442 2084 λέγειν·
3507 2012 3788 2083 Θσυμὰζω

2199 2117 2290 2170 ὅτι
2326 2118 2517 2181 οὑτως
2572 2114 2803 2184 ταχέως
2837 2112 3226 2182 μετατίθεσθε
3279 2111 3402 2164 ἀπὸ
3450 2105 3560 2162 τοῦ
3611 2106 3789 2159 καλέ-

2199 2225 2428 2273 σαντος
2487 2205 2644 2278 ὑμᾶς
2698 2211 2767 2262 ἐν
2847 2206 3042 2277 χάριτι
3110 2201 3370 2274 Χριστοῦ
3441 2202 3530 2268 είς
3587 2199 3792 2266 ἕτερον

2195 2301 2608 2372 Εὐαγγέλιυνο
2665 2301 2697 2356 ὃ
2747 2302 2859 2355 οὐκ
2905 2299 3077 2354 ἐστιν
3127 2298 3322 2352 ἄλλο’
3375 2298 3430 2350 εί
3483 2292 3572 2365 μή
3631 2290 3792 2358 τινές

2212 2401 2371 2452 είσιν
2401 2398 2457 2451 οί
2501 2395 2914 2464 ταράσσοντες
2940 2390 3117 2462 ὑμᾶς·
3148 2391 3242 2444 καί
3275 2387 3593 2452 ἐθέλοντες
3618 2398 3769 2453 μετα

506 2503 766 2572 στρέψαι
803 2503 872 2556 τὸ
913 2501 1283 2572 Eiram-va
1323 2499 1432 2554 τοῦ
1454 2498 1737 2569 Χριστοῦ.
1770 2496 1960 2552 Ἀλλὰ
1985 2495 2084 2551 καὶ
2115 2495 2222 2550 ἐὰν
2240 2493 2411 2564 ἡμεῖς
2471 2494 2642 2549 αὐτοὶ
2705 2493 2744 2562 ἢ
2800 2492 3056 2564 ἄγγελος
3077 2489 3149 2556 ἐξ
3169 2485 3434 2558 οὐρανοῦ
3458 2484 3602 2556 ὑμῖν
3623 2485 3798 2555 ebur

509 2598 808 2672 γελίζηται
847 2597 984 2666 παρ’
1014 2595 1048 2650 ὃ
1077 2592 1592 2664 εὐηγγελισάμεθα
1633 2591 1799 2661 ὑμῖν,
1835 2589 2108 2660 ἀνάθεμα
2145 2590 2322 2643 ἔστω.

583 2691 951 2758 Praeterquam
978 2693 1161 2741 autem
1196 2683 1607 2755 evangellzavit,
1637 2697 1748 2736 non
1789 2681 2103 2752 Apostolus,

508 2781 604 2838 sed
631 2778 882 2836 Christus
911 2775 1049 2847 ipse,
1096 2774 1493 2847 evangelizavlt
1524 2773 1685 2828 nobis
1718 2772 2104 2844 mtecbosydo-

510 2872 614 2925 dus
641 2866 870 2924 adulteri
897 2865 1362 2933 coniunctionem,
1400 2879 1466 2919 ex
1499 2879 1606 2934 qua
1629 2862 1959 2918 adulterium
1994 2903 2008 2926 ,
2031 2851 2107 2916 let

512 2959 887 3019 multimodam
919 2957 986 3013 ad
1025 2955 1412 3012 mmchandum
1446 2955 1820 3010 inductionem
1850 2996 1865 3020 ,
1903 2953 2110 3008 saluta-

513 3071 630 3111 rem
659 3067 781 3110 esse
802 3050 1273 3122 dispensationem
1299 3065 1318 3102 :
1348 3057 1403 3103 et
1445 3049 1549 3103 hoc
1581 3048 1666 3102 illa
1709 3048 1910 3117 ubique
1940 3059 2111 3101 evan-

2279 2679 2416 2750 Παρ⁶
2439 2677 2468 2732 ὃ
2515 2677 2572 2731 δὲ
2611 2675 3029 2746 εὐηγγελίσατο,
3079 2675 3179 2746 οὐχ
3227 2674 3257 2726 ό
3307 2673 3655 2738 Ἀπόστολος,
3682 2673 3800 2728 ἀλλ’

2209 2771 2371 2836 αὐτὸς
2409 2773 2437 2825 ό
2470 2770 2727 2843 Χριστὸς,
2759 2769 3160 2842 εὐηγγελίσατο
3191 2770 3224 2841 ή
3255 2767 3635 2839 μοιχοσύνοδος
3694 2768 3796 2839 τὴν
3849 2799 3856 2806 -

2214 2863 2614 2936 μοιχοζευξίαν,
2652 2863 2710 2928 ὲξ
2745 2857 2874 2936 ἦςή
2913 2861 3152 2933 μοιχεία,
3188 2862 3285 2914 καὶ
3339 2860 3442 2932 τὴν
3488 2860 3628 2932 πρὸς
3672 2862 3798 2923 τους

2216 2956 2589 3027 μοιχωμένους
2647 2955 3004 3026 πολυτρόπως
3066 2953 3376 3025 ἀπαγωγὴν
3406 2997 3420 3018 ,
3485 2954 3800 3024 οἰκονομίαν

2216 3051 2360 3121 σωτή
2372 3067 2502 3120 ριον.
2540 3050 2650 3102 Καὶ
2673 3048 2835 3102 τοῦτό
2865 3050 3014 3102 ἐστιν
3040 3047 3506 3118 εὐαγγελιζνιμένη
3537 3047 3798 3100 ἑκάστοτε

512 3148 708 3220 gelizat
737 3143 920 3201 verbis
950 3142 1218 3212 factisque
1248 3140 1536 3211 ;quamvis
1559 3140 1756 3196 callide
1799 3138 2104 3195 dissimulet

2211 3143 2356 3212 ἔργῳ
2376 3141 2470 3194 καὶ
2492 3140 2659 3211 λόγῳ,
2691 3139 2797 3194 κᾶν
2827 3141 3193 3212 προσποιῆται
3215 3139 3448 3210 δολερῶς
3469 3138 3798 3206 ὗπολωφεῐνο

516 3247 596 3303 ut,
627 3245 910 3308 postquam
950 3233 1218 3304 plurimos
1247 3230 1531 3300 deceperit
1578 3239 1634 3284 et
1690 3229 2064 3299 illaqueaverit
2095 3269 2110 3294 ,

515 3340 632 3384 tum
661 3327 974 3397 Corybanta
1001 3335 1164 3378 suum
1200 3336 1394 3376 sursus
1421 3321 1644 3376 exaltet.
1666 3319 1710 3376 A
1759 3335 1868 3390 qua
1903 3320 2110 3375 utinam

517 3418 688 3473 miser
714 3429 816 3486 ego
849 3414 1040 3484 procul
1064 3412 1287 3483 fugiam,
1311 3421 1369 3466 et
1407 3408 1595 3482 lugere
1623 3427 1740 3476 vos,
1777 3419 1835 3465 ut
1861 3419 2116 3481 peccator

518 3524 638 3572 oro,
672 3507 798 3563 licet
822 3504 1130 3560 auscultare
1168 3504 1303 3558 mihi
1328 3503 1554 3558 nolitis!
1589 3501 1666 3556 En
1695 3503 1883 3574 igitur,
1922 3502 2112 3567 frater,

517 3614 584 3654 es
612 3596 904 3669 Evangelio
934 3605 992 3652 et
1035 3597 1319 3666 apostolis,
1353 3595 1608 3650 similiter
1647 3606 1702 3650 et
1733 3611 1796 3650 es
1836 3595 2112 3662 Patribus,

518 3689 734 3746 ostendi
765 3690 884 3756 tibi,
919 3689 965 3745 si
991 3689 1156 3744 modo
1202 3689 1364 3743 ﬁdem
1397 3689 1601 3744 habere
1629 3689 1713 3745 vis
1750 3689 1932 3744 verbis
1960 3689 2105 3745 veri-

523 3784 669 3848 tatis,
697 3783 1182 3854 mmehosynodum
1211 3795 1406 3837 omnes
1426 3781 1653 3837 haeresis
1681 3797 1945 3837 numeros
1999 3783 2116 3836 sine

521 3876 890 3932 controversia
927 3876 1212 3946 explesse,
1275 3876 1343 3929 ab
1394 3874 1667 3930 adulterio
1713 3874 2113 3944 incipientem:

525 3967 740 4024 tametsi
775 3969 1053 4039 paululum
1093 3967 1351 4038 quiddam
1403 3966 1460 4022 in
1497 3967 1678 4022 medio
1705 3967 2026 4030 substraxit,
2050 3982 2117 4022 eo

522 4061 668 4134 quod
705 4061 1061 4116 adulterinam
1105 4069 1317 4115 tantum
1366 4059 1813 4128 conjunction‘em
1863 4059 2117 4113 nomina-

523 4157 624 4217 vit,
650 4155 737 4210 vel
764 4154 944 4226 potius
995 4152 1327 4224 praedicavit,
1363 4152 1832 4222 dispensationem
1884 4166 2008 4207 esse
2059 4150 2115 4205 in

525 4247 768 4304 Ecclesia
799 4246 918 4302 Dei.
953 4246 1060 4300 Nec
1081 4261 1214 4301 vero
1262 4245 1462 4300 mirere
1498 4245 1542 4299 sl
1575 4259 1680 4300 vox
1713 4258 1824 4298 una
1861 4241 2116 4297 bmresim

528 4340 701 4410 pariat
729 4356 744 4394 :
771 4353 895 4393 cum
917 4337 1208 4392 Dominum
1238 4337 1514 4392 dicentem
1535 4336 1724 4390 audias
1752 4353 1764 4389 :
1796 4335 1911 4390 Iota
1931 4351 2114 4398 unum,

2217 3232 2304 3285 ἴνα
2349 3232 2488 3302 μετᾶ
2541 3232 2640 3304 τὴν
2688 3233 2862 3302 Θήραν
2885 3231 2996 3284 τῶν
3021 3229 3435 3303 ἁπατηθέντων,
3463 3229 3558 3284 τὸν
3600 3231 3803 3302 ἑαυτῆς

2215 3323 2540 3394 Κορύϐαντα
2575 3321 2733 3388 αὖθις
2776 3321 3129 3397 ὲπανυψώσῃ.
3164 3315 3270 3387 Ἦς
3319 3322 3416 3394 τὴν
3465 3325 3663 3392 πεῖραν
3699 3319 3804 3390 φύ-

2215 3432 2368 3486 γοιμι
2406 3416 2505 3487 μὲν
2531 3415 2642 3484 ἐγὼ
2668 3417 2696 3469 ὁ
2725 3415 2911 3480 τάλαςο
2948 3419 3141 3486 φυγεῖν
3179 3433 3238 3468 τε
3285 3414 3519 3485 εὖχομαι
3550 3415 3693 3483 ὑμᾶς
3727 3413 3803 3475 ὼς

2215 3507 2543 3578 ἁμαρτωλος
2570 3523 2586 3540 ο
2615 3507 2717 3562 κᾶν
2750 3509 2812 3562 οὐ
2848 3503 3128 3578 βούλοισθε
3159 3509 3445 3578 προσέχειν
3492 3524 3583 3576 μοι
3609 3509 3623 3561 l
3672 3505 3806 3560 Ἰδοὺ

2215 3596 2308 3654 οὖν
2347 3598 2477 3669 ἐγὼ,
2508 3600 2724 3668 ἁδελφὲ,
2759 3599 3132 3669 εὐαγγελικῶς
3167 3615 3226 3653 τε
3283 3605 3378 3653 καὶ
3426 3597 3807 3660 ἀποστολικῶς

2215 3691 2355 3764 ὁμοῦ
2375 3709 2432 3745 τε
2467 3692 2564 3745 καὶ
2598 3691 2886 3764 Πατρικῶς
2915 3692 3240 3762 παρέστησά
3266 3707 3373 3757 σοι,
3406 3692 3568 3762 εἴπερ
3592 3690 3807 3761 βούλοιο

2219 3783 2505 3837 πείθεσθαι
2541 3783 2718 3852 λόγοις
2753 3784 3038 3855 ἀληθείας
3064 3785 3146 3839 ὅτι
3184 3785 3395 3856 αἵρεσιν
3418 3783 3806 3855 ἀναμφιϐόλως

2218 3876 2584 3947 πεπλήρωκεν
2616 3878 2650 3948 ή
2679 3875 3081 3947 μοιχοσύνοδος,
3112 3878 3378 3946 ἀρχίιείσα
3407 3876 3516 3928 ἀπὸ
3546 3877 3648 3945 τῆς
3681 3890 3805 3942 μοιο

2218 3969 2371 4040 χείας
2400 3987 2414 4001 ·
2463 3971 2513 4024 ει
2559 3972 2654 4024 καὶ
2692 3971 2780 4025 διὰ
2831 3971 2998 4040 μέσου
3035 3970 3394 4040 ὕπελώφησεν
3421 3970 3485 4021 ὲκ
3518 3969 3682 4039 μόνου
3713 3965 3809 4020 τοῦ

2217 4063 2506 4132 ὀνομάσαι,
2548 4063 2748 4134 μᾶλλον
2777 4063 2835 4117 δὲ
2866 4063 3102 4136 κηρύξαι
3153 4063 3252 4135 τὴν
3292 4060 3691 4134 μοιχοζευξίαν,
3730 4062 3809 4114 ol-

2220 4156 2484 4226 κονομίαν
2537 4157 2594 4210 ἐν
2648 4158 2717 4227 τῇ
2766 4155 3067 4227 Ἐκκλησία
3097 4155 3189 4208 τοῦ
3225 4153 3356 4207 Θεοῦ
3387 4152 3659 4223 γίνεσθαι.
3692 4153 3809 4206 Καὶ

2224 4247 2300 4318 μὴ
2339 4247 2648 4318 Θαυμάσης,
2683 4249 2732 4301 εί
2767 4247 2867 4318 μία
2921 4247 3074 4318 φωνὴ
3112 4248 3288 4300 τίκτει
3325 4245 3558 4317 αἰρεσιν
3592 4242 3810 4298 ἁκούων

2221 4337 2317 4392 τοῦ
2379 4339 2585 4410 Κυρίου
2636 4340 2891 4405 λέγοντος
2923 4355 2938 4372 σ
2975 4338 3140 4393 Ἰῶτιι
3171 4337 3242 4393 ἓν
3278 4335 3316 4408 ἢ
3341 4338 3454 4407 μία
3481 4337 3690 4406 κεραία
3738 4336 3812 4390 οὐ

534 4441 628 4485 aut
652 4445 786 4484 unus
817 4445 953 4498 apes;
1002 4445 1106 4483 non
1139 4428 1426 4496 prwteribit
1457 4441 1489 4480 α
1527 4427 1659 4498 lege,
1721 4435 1881 4480 donec
1937 4427 2104 4481 omnia

2217 4431 2304 4502 μὴ
2353 4432 2619 4503 παρέλθῃ
2648 4432 2768 4487 ἀπὸ
2806 4431 2914 4486 τοῦ
2956 4434 3172 4503 νόμου,
3205 4431 3316 4498 ἕως
3362 4430 3442 4485 ἂν
3495 4433 3692 4484 πάντα
3721 4427 3815 4499 τέι

528 4523 661 4594 {iant
709 4521 776 4576 ιι.

601 4620 669 4673 Et
717 4631 849 4674 cave
919 4614 1128 4672 dicas:
1187 4613 1326 4680 Quid
1380 4623 1519 4686 opus
1572 4621 1658 4670 est
1719 4613 1886 4669 nimis
1957 4613 2120 4668 anxie

531 4711 804 4775 laborare,
842 4717 897 4765 et
925 4724 1022 4780 per
1053 4723 1218 4763 unam
1242 4707 1536 4764 dictionem
1574 4708 1764 4765 doctas
1793 4707 2127 4779 speculatio-

533 4815 633 4856 nes
673 4815 950 4864 revocare,
977 4810 1142 4870 atque
1165 4800 1268 4855 hoc
1299 4801 1498 4856 illudve
1527 4801 1874 4866 concludere,
1897 4815 1970 4856 ne
1989 4800 2130 4855 forte

535 4893 806 4964 impingas
873 4893 928 4948 in
991 4892 1244 4948 hzeresim
1317 4893 1806 4949 Gnosimacborum
1843 4934 1856 4958 ,
1915 4893 1982 4949 de
2023 4907 2130 4963 qua

535 4987 653 5042 haec
681 4995 872 5041 auctor
896 4986 974 5040 ’δι
994 4986 1347 5042 Gnosimachi
1376 4997 1525 5054 sunt,
1555 4987 1646 5057 qui
1679 4987 1825 5042 omni
1859 4983 2129 5042 Christia-

533 5093 732 5134 norum
786 5077 1046 5149 agnitioni
1080 5080 1444 5136 adversantur
1467 5120 1483 5146 ,
1539 5091 1600 5136 ut
1622 5095 1821 5136 vanum
1861 5089 1917 5136 et
1948 5081 2129 5134 minus

535 5172 908 5228 necessarium
937 5172 1179 5228 laborem
1203 5188 1324 5230 esse
1364 5175 1549 5230 dicant
1582 5189 1796 5239 eorum,
1840 5172 1932 5244 qui
1956 5173 2010 5227 in
2041 5173 2128 5228 di-

534 5265 678 5320 vinis
725 5263 950 5335 scriptis
991 5265 1224 5335 aliquam
1257 5267 1553 5337 exquirunt
1581 5267 1911 5322 scientiam:
1948 5278 2128 5334 neque

535 5358 682 5412 enim
715 5355 884 5413 Deum
910 5357 1058 5414 aliud
1088 5373 1118 5413 a
1159 5357 1484 5414 Christianis
1506 5361 1804 5431 postulare,
1829 5359 1934 5414 nisi
1958 5359 2130 5412 bonas

533 5445 800 5508 actiunes.
838 5451 1185 5523 Quapropter
1214 5453 1536 5523 simpliciter
1570 5469 1845 5524 quemque
1874 5450 2131 5507 incedere

536 5542 732 5600 melius
763 5551 870 5610 est,
893 5559 1057 5616 quam
1091 5544 1145 5599 in
1189 5545 1440 5616 dogmate
1481 5545 1857 5618 cognoscendo
1909 5543 2134 5599 multam

537 5649 726 5691 curam
765 5651 991 5708 ponere.
1040 5636 1123 5694 Ad
1160 5638 1307 5695 hunc
1337 5653 1466 5711 ergo
1507 5637 1726 5693 modum
1765 5634 2138 5693 Gnosimaclti.

2143 4489 2196 4549 D

2220 4541 2412 4594 νηται.

2296 4619 2449 4690 Μηδὲ
2489 4618 2615 4691 δόξῃ
2654 4635 2734 4672 σοι
2766 4618 2973 4689 λέγειν⁸
3002 4618 3098 4682 Τίς
3128 4617 3288 4691 χρεία
3315 4615 3814 4690 πολυπραγμονεῖν,

2228 4713 2320 4766 καὶ
2361 4713 2449 4766 διὰ
2503 4715 2632 4783 μιᾶς
2669 4711 2869 4777 λέξεως
2911 4712 3298 4784 ἀνασειράζειν
3347 4713 3447 4775 τὰς
3502 4711 3814 4781 γνωστικὲς

2232 4806 2490 4877 Θεωρίας,
2524 4806 2616 4858 καὶ
2641 4806 2897 4874 συνάγειν
2939 4805 3098 4860 τοῦτο
3129 4807 3383 4871 κάκεῖνο;
3417 4805 3502 4858 ἵνα
3538 4804 3610 4875 μὴ
3636 4804 3817 4873 ἐμπέ-

2237 4916 2335 4969 σης
2393 4900 2472 4961 είς
2523 4898 2623 4969 τὴν
2662 4898 2970 4970 λεγομένην
3020 4899 3130 4952 τῶν
3164 4898 3534 4968 Γνωσιμάχων
3577 4896 3816 4966 αἵρεσιν,

2241 4990 2370 5059 περὶ
2397 4984 2464 5060 ἦς
2501 5005 2668 5058 φησιν
2697 4989 2725 5041 ὁ
2756 4988 3093 5060 συγγράφων
3113 5003 3128 5018 ⁶
3167 4989 3508 5059 Γνωσιμάχοι
3556 4987 3602 5041 oi
3664 4988 3820 5058 πασῃ

2239 5081 2436 5149 γνώσει
2471 5079 2565 5133 τοῦ
2599 5081 2642 5133 Χ
2652 5080 3033 5152 ριστιανισμοῠ
3063 5079 3504 5146 ἀντιπίπτοντες,
3543 5081 3598 5132 ὲν
3621 5079 3702 5151 τῷ
3728 5077 3816 5130 λέ-

2239 5189 2356 5242 γειν
2383 5173 2582 5236 αὐτοὺς
2617 5175 2700 5228 ὅτι
2732 5173 2992 5244 περισσόν
3031 5191 3082 5228 τι
3117 5172 3367 5227 ποιοῦσιν
3398 5171 3448 5226 οἱ
3478 5170 3707 5241 γνώσεις
3736 5188 3816 5223 τι-

2209 5264 2335 5326 we;
2380 5262 2738 5334 ἐκζητοῦντες
2787 5266 2847 5317 ὲν
2869 5267 2992 5327 ταῖς
3020 5263 3192 5329 Θείαις
3226 5264 3492 5336 Γραφαῖς·
3528 5264 3676 5318 οὐδὲν
3709 5264 3818 5334 γὰρ

2237 5356 2366 5410 ἄλλο
2405 5354 2559 5427 ζητεί
2592 5358 2620 5409 ὁ
2658 5355 2793 5419 Θεὸς
2824 5357 2974 5428 παρὰ
3027 5356 3381 5428 Χριστιανοῢ,
3415 5353 3462 5409 εί
3493 5355 3566 5425 μὴ
3591 5355 3819 5426 πράξεις

2235 5446 2429 5511 καλάς.
2480 5446 2709 5515 Ἀγαθὸν
2759 5442 2853 5501 οὖν
2895 5449 3014 5501 ἐστι
3047 5449 3247 5519 μᾶλλον
3287 5445 3669 5519 ἁπλουᾰτέρως
3698 5445 3819 5498 τινὰ

2237 5537 2587 5612 πορεύεσθαι,
2626 5540 2718 5592 καὶ
2779 5540 2948 5611 μηδὲν
2993 5540 3172 5612 δόγμα
3202 5539 3512 5609 γνωπικῆς
3555 5554 3818 5608 πραγμα-

2247 5633 2398 5697 τείας
2434 5631 2932 5704 πολυπραγμονεῖν.
2962 5631 3120 5687 Οὓτω
3143 5633 3240 5704 μὲν
3259 5627 3352 5687 οὖν
3379 5632 3430 5687 οἱ
3459 5628 3818 5702 Γνωσιμάχοι.

613 5821 658 5854 ⁸³
696 5820 893 5894 Ephcs.
933 5841 993 5888 v,
1020 5822 1243 5880 25-27.
1315 5825 1356 5858 ⁸⁸
1386 5824 1490 5880 lsa.
1518 5841 1694 5889 xxxii,
1725 5824 1777 5880 6.
1856 5826 1901 5860 "
1951 5822 2127 5880 Calai.
2181 5839 2218 5888 ι,
2269 5820 2390 5878 6-8.
2467 5823 2512 5856 ⁸³
2541 5820 2728 5876 Matth.
2761 5838 2813 5886 v,
2854 5821 2935 5879 l8.
3013 5824 3311 5882 “Dant-asc.
3337 5825 3408 5882 De
3436 5825 3626 5881 intres.
