4044 6366
275 432 409 499 1031

1489 432 2024 496 EPISTOI.ABUM
2060 434 2208 495 LIB.
2249 434 2297 494 Ι.

3400 429 3540 496 1082

265 555 367 616 Δὸς
389 547 483 605 οὖν
517 549 697 614 αὐτὸς,
723 550 880 621 είπερ
908 550 1074 620 ἔχεις,
1106 551 1170 604 ὲκ
1200 549 1360 604 θείων
1389 551 1604 620 φωνῶ-ι,
1646 552 1728 604 ὅτι
1755 553 1853 622 οὐχ

1959 551 2098 607 Doce
2133 566 2263 608 vero
2288 561 2366 615 tu,
2415 550 2457 605 si
2491 558 2664 620 potes,
2686 563 2750 604 ev
2778 548 2978 602 divinis
3008 546 3223 603 Litteris
3285 549 3536 607 haeresim

269 646 503 716 αἵρεσις⁸
535 642 627 696 καὶ
659 643 731 713 μή
767 659 858 712 μοι
905 642 1108 712 πλῆθος
1135 645 1380 717 ὲποίσῃς,
1408 645 1542 716 μηδὲ
1583 646 1712 706 τοὺς
1753 662 1842 697 vu-

269 736 549 808 κτερινοὺς
583 733 857 796 θεοσεϐεῖς
887 732 1064 804 αὔχει,
1094 735 1427 801 γνωστικούς
1449 753 1509 788 τε
1542 734 1633 798 οὒς
1665 735 1844 804 λέγεις

266 829 362 882 καὶ
415 824 630 888 ἰδιώτας
687 824 782 878 καὶ
820 824 1029 892 φίλους.
1088 826 1150 878 Εἰ
1179 828 1288 896 γὰρ
1321 826 1592 890 θεοσεὸεϊς
1616 869 1628 888 ,
1673 827 1774 882 ποῦ
1808 829 1842 899 ή

268 919 584 992 cruminam;
644 917 751 970 Kal.
783 919 830 970 εί
860 917 1152 986 γνωστικοὶ
1203 919 1318 988 (καὶ
1349 919 1447 989 ούχ
1490 920 1570 972 ὅτι
1599 920 1697 973 οὐκ
1737 921 1844 972 alat

266 1013 432 1082 λέγω·
468 1010 714 1082 ὁμολογῶ
748 1010 856 1080 γάρ
885 1011 1115 1073 πολλοὺς
1140 1012 1236 1065 καὶ
1265 1013 1405 1083 ὑπὲρ
1435 1013 1536 1083 ἐμὲ
1585 1013 1678 1065 τὸν
1712 1011 1848 1066 ἰδιώ-

265 1120 390 1174 τηνο
407 1103 520 1156 ἀλλ’
540 1103 698 1172 είπερ
725 1101 933 1154 ἕθουσιν
956 1101 1260 1170 ἀλήθειαν),
1292 1102 1506 1168 δείξωσι
1533 1103 1849 1172 γνωστικώς

267 1197 327 1262 ἐξ
349 1195 520 1263 αὐτῆς
547 1193 643 1263 τῆς
672 1191 956 1262 ἀληθείας,
987 1193 1080 1246 καὶ
1110 1193 1215 1265 μὴν
1244 1195 1339 1246 καὶ
1377 1196 1441 1248 ὲκ
1469 1195 1848 1264 παραδειγμάι

266 1304 402 1347 των,
441 1285 498 1351 ἐξ
526 1283 879 1355 ἁρμοζόντων
915 1285 992 1345 δὲ,
1019 1284 1154 1338 ἀλλὰ
1184 1285 1258 1356 μὴ
1292 1286 1351 1350 ἐξ
1375 1287 1724 1356 ἀσυμϐάτων,
1755 1286 1849 1339 καὶ

268 1377 609 1430 ὑπεναντίων
661 1378 727 1446 τῇ
761 1375 990 1446 ἀληθείᾳ
1045 1377 1140 1429 καὶ
1177 1379 1292 1440 τοῖς
1331 1377 1710 1440 ἀποστολικοῖς
1756 1381 1849 1430 καὶ

273 1468 570 1536 Πατρικοϊς
601 1464 810 1518 κανόσι.
866 1465 974 1517 Καὶ
1007 1466 1056 1517 εί
1086 1465 1232 1535 φίλοι
1259 1465 1402 1519 κατὰ
1431 1465 1582 1530 Θεὸν,
1615 1466 1732 1530 πῶς
1783 1467 1848 1536 τῇ

265 1557 528 1628 κοινωνίᾳ
557 1556 663 1609 τῶν
687 1556 1010 1626 ὲτεροδὲξων
1032 1557 1446 1620 κοινωνοῦντεςς
1473 1558 1548 1611 Ού
1573 1558 1681 1627 γάρ
1704 1557 1849 1625 φίλοι

265 1649 317 1701 οἱ
340 1648 570 1701 τοιοῦτοι
599 1647 843 1716 ἀληθινοὶ
866 1646 960 1700 καὶ
983 1647 1185 1700 πιστοί.
1223 1646 1462 1716 Πρόσεχε
1489 1643 1601 1711 οὖν,
1627 1646 1846 1714 ἀδελφὲ,

265 1740 320 1793 τί
361 1741 390 1793 ὁ
425 1739 564 1803 θεῖος
595 1738 872 1800 Βασίλειος
903 1737 1049 1806 λέγει
1080 1738 1218 1809 πρὸς
1245 1739 1370 1802 τοὺς
1393 1739 1451 1791 ὲν
1484 1737 1680 1809 πλήθει
1730 1735 1851 1807 κρί-

262 1847 460 1894 νοντας
483 1831 584 1900 τὴν
607 1829 886 1898 ἀλήθειαν.
1570 1852 1574 1854 ἡ

1951 659 2060 698 non
2117 658 2238 699 esse
2281 651 2379 697 :et
2410 657 2479 696 ne
2514 641 2644 696 mihi
2677 639 3078 695 multitudinem
3121 638 3380 708 obiicias,
3439 656 3543 696 nec

1956 743 2254 788 nocturnos
2285 731 2380 786 Dei
2418 731 2656 786 cultores
2697 729 2892 800 iactes,
2941 729 3237 798 doctusque
3258 744 3396 798 quos
3435 730 3542 793 ais,

1947 835 2002 880 et
2029 825 2252 880 amicos.
2289 825 2424 878 Nam
2455 824 2497 878 si
2529 822 2694 878 Deum
2719 823 2926 888 colunt,
2959 821 3050 876 ubi
3075 821 3336 891 loquendi
3365 821 3538 877 liber-

1947 917 2075 972 tas?
2114 917 2177 970 Et
2203 957 2218 980 ,
2255 916 2297 971 si
2354 914 2522 979 ducti,
2572 929 2748 983 neque
2799 927 2900 993 ego
2940 911 3154 966 inﬁcior
3205 911 3340 967 tales
3369 926 3532 968 esse:

1951 1009 2148 1064 multos
2196 1009 2342 1064 enim
2378 1007 2645 1064 conﬁteor
2672 1025 2760 1063 me
2813 1007 3066 1077 imperito
3109 1007 3419 1064 doctiores:
3446 1009 3544 1062 sed

1949 1103 1994 1156 si
2025 1102 2303 1156 veritatem
2336 1109 2543 1165 tenent,
2575 1099 2810 1155 scienter
2859 1100 3152 1155 ostendant
3202 1115 3266 1154 ex
3305 1099 3418 1170 ipsa
3447 1114 3547 1154 ve-

1952 1194 2131 1254 ritate.
2168 1203 2332 1264 atque
2357 1195 2494 1248 adeo
2541 1193 2610 1248 ab
2639 1193 2922 1263 exemplis,
2962 1193 3107 1262 aptis
3140 1192 3283 1257 dico,
3313 1193 3408 1248 sed
3430 1208 3541 1246 non

1950 1301 2014 1340 ex
2063 1284 2276 1352 alienis,
2310 1286 2710 1355 contrariisque
2741 1285 2977 1351 veritati,
3005 1291 3062 1339 et
3099 1285 3415 1354 apostolicis
3436 1301 3536 1357 pa-

1953 1378 2232 1448 ternisque
2263 1377 2584 1432 canonibus.
2618 1375 2703 1443 Et,
2742 1376 2784 1431 si
2817 1375 2985 1430 amici
3009 1375 3310 1430 secundum
3346 1376 3540 1438 Deum.

1951 1470 2225 1537 quomodo
2283 1469 2668 1524 haereticorum
2721 1466 3094 1521 communioni
3159 1468 3484 1536 participant
3519 1468 3546 1521 ἲ

1950 1562 2134 1631 Neque
2160 1562 2306 1615 enim
2331 1569 2457 1616 sunt
2483 1562 2616 1615 tales
2648 1559 2808 1614 amici
2835 1559 2947 1614 veri
2979 1567 3036 1612 ct
3065 1558 3275 1614 ﬁdeles.
3307 1559 3544 1615 Attende

1951 1653 2154 1722 itaque,
2199 1652 2367 1707 frater
2401 1691 2414 1714 ,
2451 1652 2578 1722 quid
2613 1652 2830 1706 divinus
2885 1650 3118 1706 Basilius
3147 1650 3268 1722 (24)
3311 1652 3456 1708 dicat
3483 1653 3540 1707 in

1954 1759 2050 1800 eos
2084 1745 2178 1815 qui
2208 1744 2492 1800 veritatem
2525 1743 2828 1798 metiuntur
2855 1756 2922 1798 ex
2953 1743 3322 1800 multitudine.

350 1923 409 1976 ὐ
447 1923 524 1992 μὴ
557 1920 787 1992 τολμῶν,
819 1921 974 1990 φησὶ,
1013 1919 1196 1972 δοῦναι
1229 1918 1384 1987 λόγον
1417 1921 1518 1992 τῆς
1549 1921 1848 1992 προκειμέ.

2025 1922 2128 1989 Qui
2159 1922 2226 1976 de
2261 1919 2433 1992 posita
2460 1920 2764 1990 quaestione
2785 1957 2803 1983 ,
2842 1917 2936 1984 ait,
2997 1918 3262 1974 rationem
3313 1920 3542 1976 reddere

263 2030 368 2084 νης
409 2014 708 2085 ζητήσεως.
757 2013 889 2083 μηδὲ
921 2011 1170 2084 εὐπορῶν
1223 2011 1574 2079 ἀποδείξεως,
1633 2015 1728 2067 καὶ
1759 2015 1848 2070 διὰ

261 2106 426 2159 τοῦτο
460 2103 821 2172 καταφεύγων
854 2105 932 2168 εἰς
961 2103 1188 2172 πλῆθος,
1223 2104 1480 2174 ὁμολογεῖ
1505 2104 1602 2176 τὴν
1653 2101 1847 2179 ἧτταν,

261 2197 342 2261 ὡς
379 2196 532 2249 οὐδὲν
566 2195 704 2265 ἔχων
756 2194 1070 2267 παρρησίας
1097 2196 1331 2265 ἐφόδιον.
1361 2197 1467 2251 Καὶ
1486 2197 1618 2266 μεθ’
1641 2197 1812 2268 ἔτερα
1832 2217 1845 2229 ·

263 2287 510 2354 Δειξάτω
552 2305 642 2357 μοι
669 2287 862 2352 κάλλος
898 2287 1155 2358 ἀληθείας
1190 2289 1294 2342 κᾶν
1323 2285 1426 2352 εἷς,
1454 2289 1548 2343 καὶ
1586 2289 1851 2360 σύντομος

265 2382 433 2444 εὐθὺς
467 2381 500 2450 ἠ
535 2380 727 2435 πειθώ.
767 2381 976 2450 Πλῆθος
1010 2380 1066 2433 δὲ
1095 2382 1264 2452 χωρὶς
1296 2380 1623 2449 ἀποδείξεως
1656 2383 1850 2436 αὐθεν-

262 2470 416 2537 τοῦν,
463 2471 700 2542 φοϐῆσαι
752 2471 851 2541 μὲν
907 2471 1110 2536 ἱκανὸν,
1170 2473 1354 2524 πεῖσαι
1388 2472 1445 2525 δὲ
1492 2473 1749 2543 οὐδαμοῦ.
1779 2475 1850 2528 ’Ἢ

265 2563 436 2617 πόσαι
465 2562 724 2634 μυριάδες
751 2561 1001 2616 πείσουσί
1034 2579 1100 2631 με
1137 2561 1234 2634 τὴν
1262 2562 1474 2634 ἡμέραν
1503 2562 1673 2618 νύκτα
1699 2565 1850 2636 νομί-

268 2675 385 2720 σαι,
423 2653 549 2726 ἢτδ
602 2654 837 2725 χαλκοῦν
887 2654 1131 2725 νόμισμα
1183 2654 1422 2724 χρυσοῦν
1473 2655 1696 2718 εἰδέναι,
1756 2657 1849 2710 καὶ

264 2745 414 2801 οὕτω
461 2744 739 2814 δέχεσθαι,
789 2745 821 2816 ἢ
875 2745 1196 2816 προσίεσθαι
1229 2745 1552 2817 δηλητήριον
1584 2747 1849 2819 πρόδηλον

266 2839 392 2890 ἀντὶ
435 2835 773 2903 καταλλήλου
832 2837 1072 2908 τροφῆς;
1113 2833 1243 2890 Εἶτα
1275 2837 1484 2909 γηΐνων
1534 2837 1634 2908 μὲν
1689 2839 1849 2893 ἕνεκα

271 2930 622 3000 πραγμάτιον
650 2927 752 2980 οὑκ
790 2927 1225 2998 αἰδεσθησόμεθα
1249 2927 1456 2998 πλῆθος
1477 2927 1844 2999 ψευδομένων·

267 3023 540 3094 οὐρανίων
568 3023 626 3076 δὲ
655 3023 818 3094 χάριν
838 3023 1124 3094 δογμάτων
1146 3023 1410 3094 νεύμασιν
1437 3026 1849 3092 ἀναποδείκτῑις

267 3113 642 3183 ἀκολουθήσωο
671 3113 781 3166 τῶν
815 3113 983 3168 πάλαι
1014 3116 1105 3169 καὶ
1131 3116 1412 3187 πρόπαλαι
1455 3117 1592 3188 μετὰ
1648 3119 1845 3190 πολλῆς

273 3206 619 3308 συμφωνίας,
648 3206 746 3259 καὶ
775 3205 875 3276 τῆς
903 3207 1010 3260 τῶν
1049 3207 1218 3275 ἁγίων
1249 3208 1482 3277 Γραφῶν
1523 3211 1847 3282 μαρτυρίας,
1875 3248 1919 3308 C

273 3297 690 3370 παραδοθέντων
746 3299 1106 3369 ἀναχωρήσας
1146 3315 1162 3364 ;
1197 3300 1333 3352 ΔΟὐκ
1385 3301 1700 3372 ἠκούσαμεν
1757 3303 1850 3356 τοῦ

272 3392 487 3463 Κυρίου
513 3389 786 3457 λέγοντος*
834 3389 1055 3444 Πολλοὶ
1086 3389 1321 3457 κλητοί,
1370 3393 1558 3461 ὀλίγοι
1587 3392 1656 3446 δὲ
1694 3393 1855 3448 exle-

274 3485 410 3538 κτοί
424 3501 444 3550 ;
469 3483 578 3536 Καὶ
617 3482 778 3537 πάλιν
805 3497 819 3511 ⁸
857 3482 1048 3552 Στενὴ
1073 3485 1169 3536 καί
1198 3484 1556 3555 τεθλιμμένη
1583 3486 1622 3552 ἡ
1650 3485 1789 3552 ὁδὸς
1812 3487 1851 3552 ἡ

271 3575 600 3644 ἀπάγουσα
630 3577 718 3640 εις
764 3573 880 3644 τὴν
910 3573 1084 3642 ζωὴν,
1115 3576 1210 3628 καὶ
1242 3576 1434 3644 ὀλίγοι
1481 3577 1643 3629 εἰσιν
1667 3580 1721 3632 οι
1752 3581 1852 3633 εὑο

267 3669 596 3739 ρίσκοντες
627 3667 859 3736 αὐτήν;
887 3667 982 3730 Τίς
1008 3666 1103 3720 οὖν
1145 3667 1255 3723 τῶν
1283 3663 1341 3720 εὖ
1377 3667 1719 3738 φρονούντων
1755 3670 1857 3723 οὐκ

273 3760 496 3832 εὔχεται
524 3759 630 3813 τῶν
665 3759 862 3828 ὀλίγων
887 3754 1027 3813 εἶναι
1054 3760 1162 3813 τῶν
1191 3760 1276 3813 διὰ
1303 3760 1401 3830 τῆς
1430 3761 1626 3831 στενῆς
1656 3761 1854 3815 είσιὸνο

273 3869 386 3905 των
419 3853 499 3914 είς
535 3851 828 3921 σωτηρίαν,
861 3850 895 3921 ἦ
939 3849 1048 3903 τῶν
1077 3850 1285 3904 πολλῶν
1319 3850 1428 3903 τῶν
1459 3850 1550 3904 διὰ
1590 3852 1687 3920 τῆς
1719 3852 1857 3905 πλα-

272 3945 428 4005 τείας
457 3945 536 4008 είς
565 3941 842 3997 ἀπώλειαν
871 3943 1236 4015 ὡθουμένων;
1267 3940 1366 4006 Τίς
1409 3943 1454 3996 δ’
1483 3944 1584 3997 οὐκ
1627 3943 1696 3996 ἂν
1755 3947 1858 3998 ἐπ-

273 4035 372 4091 εθύ
381 4053 575 4106 μησεν,
603 4037 652 4088 εί
671 4035 812 4088 κατὰ
830 4034 923 4088 τὸν
945 4036 1134 4106 καιρὸν
1158 4032 1349 4105 ἔτυχεν
1369 4034 1433 4089 ἂν
1452 4031 1552 4106 τῆς
1577 4033 1858 4106 ἀθλήσεως

273 4128 374 4182 τοῦ
411 4127 684 4198 μακαρίου
717 4127 1014 4196 Στεφάνου,
1043 4126 1142 4194 τῆς
1194 4127 1402 4180 ἐκείνου
1445 4127 1666 4198 μερίδος
1708 4128 1859 4195 γενέο

275 4221 406 4274 σθαι
460 4219 554 4273 τοῦ
611 4220 777 4290 μόνου
829 4219 940 4281 τοῖς
985 4217 1154 4282 λίθοις
1185 4217 1539 4288 βαλλομένου,
1568 4215 1662 4272 τοῦ
1689 4221 1855 4273 πᾶσιν

274 4315 359 4376 είς
387 4311 603 4380 γέλωτα
636 4309 1023 4380 προκειμένου,
1057 4309 1090 4379 ἢ
1140 4307 1250 4361 τῶν
1278 4309 1502 4362 ’πολλῶν
1537 4309 1645 4362 τῶν
1683 4309 1858 4379 οἰομέ-

274 4417 387 4456 νων
434 4401 496 4454 τὸ
553 4399 868 4466 ἀξιόπιστον
895 4399 1040 4468 ἔχειν
1080 4401 1143 4451 ὲκ
1185 4398 1284 4468 τῆς
1329 4398 1505 4468 κακῆς
1530 4397 1854 4460 αὐθεντίαςς

275 4489 375 4556 Εἷς
413 4491 714 4562 εὐδοκιμῶν
747 4492 829 4555 εἰς
859 4489 918 4544 τὸ
961 4489 1113 4544 eam
1165 4491 1556 4563 προτιμότερος
1593 4490 1732 4561 ὑπὲρ
1765 4507 1858 4560 μυο

280 4585 476 4656 ριάδας
527 4581 787 4653 αὐθαδείᾳ
840 4582 1264 4653 σεμνυνομένας.
1325 4582 1412 4644 Ὡς
1460 4581 1552 4635 καὶ
1610 4580 1702 4632 ἐπὶ
1757 4581 1856 4650 τῆς

279 4680 530 4742 Παλαιᾶς
563 4677 838 4747 Διαθήκης
871 4676 1218 4746 εὑρίσκομεν,
1251 4678 1308 4729 ὲν
1361 4670 1394 4749 ᾗ
1455 4672 1689 4744 χιλιάδες
1745 4672 1858 4724 ἔπι-

278 4789 418 4826 πτον
459 4769 554 4823 τοῦ
583 4768 714 4824 λαοῦ
770 4767 1016 4838 θεηλάτῳ
1050 4768 1256 4838 πληγῇο
1282 4769 1476 4833 Μόνος
1533 4763 1602 4818 δὲ
1654 4763 1860 4830 Φινεὲς

276 4867 455 4932 ἔστη,
483 4862 581 4918 καί
606 4859 953 4927 ἐξιλάσατοο
982 4860 1081 4914 καὶ
1104 4861 1411 4914 ἐκόπασεν
1431 4860 1470 4926 ή
1494 4856 1764 4926 θραῦσις.
1799 4856 1862 4908 Et

277 4958 339 5012 δὲ
381 4951 536 5009 εἶπεν
579 4955 810 5016 ἐκεῖνος·
859 4953 987 5016 Πῶς
1011 4953 1266 5023 τολμήσω
1295 4952 1432 5022 πρὸς
1454 4952 1522 5004 τὰ
1556 4947 1862 5019 συμφώνως

279 5047 392 5101 ὑπὸ
438 5047 710 5100 τοσούτων
743 5046 1045 5115 γινόμενα;
1093 5044 1211 5106 πῶς
1265 5039 1522 5103 ἐναντίως
1575 5039 1864 5108 ύπόθωμαι

276 5141 464 5212 ψῆφον
525 5139 636 5194 τῶν
675 5138 848 5202 οὕτως
897 5137 1202 5209 κρινάντων
1255 5133 1395 5206 ζῇνς
1438 5132 1551 5187 οὔτ’
1584 5131 1650 5186 ἂν
1700 5130 1862 5194 αὐτὸς

277 5232 631 5305 ἠρίστευσεν,
681 5231 795 5284 οὔτ’
826 5232 894 5284 ἂν
944 5231 1005 5283 τὸ
1048 5228 1219 5282 κακὸν
1269 5228 1516 5297 ἔστησεν,
1562 5224 1761 5279 οὒτ’ἃν
1813 5224 1862 5278 οί

278 5323 466 5377 λοιποὶ
526 5321 900 5392 διεσώθησαν,
961 5317 1075 5374 οὒτ’
1123 5319 1190 5374 ἂν
1249 5320 1381 5381 Θεὸς
1407 5318 1504 5388 τὴν
1575 5317 1878 5394 εὐμένειαν

280 5413 604 5486 ἐχαρίσατο.
675 5411 857 5466 Καλδν
921 5406 1054 5475 οὖν,
1111 5409 1272 5464 καλὸν
1305 5451 1319 5475 ,
1381 5408 1579 5462 καὶτὸ
1628 5407 1723 5461 ἕνα
1787 5406 1865 5460 δι-

278 5507 460 5569 καίως
515 5502 990 5577 παρρησιάζεσθαι
1017 5542 1032 5568 ,
1090 5501 1188 5555 καὶ
1214 5501 1312 5572 τὴν
1337 5499 1446 5553 τῶν
1477 5499 1684 5553 πολλῶν
1725 5517 1866 5571 συμ-

1951 2031 2062 2070 non
2089 2015 2272 2079 audet,
2313 2021 2366 2066 et
2395 2014 2480 2067 cui
2510 2027 2622 2065 non
2654 2010 2896 2082 suppetit
2931 2009 3326 2064 demonstratio
3345 2051 3360 2075 ,
3386 2011 3544 2065 ideo-

1909 2179 1919 2188 ,
1957 2122 2064 2176 que
2109 2105 2415 2176 perfugium
2447 2104 2611 2157 habet
2663 2103 2717 2156 in
2748 2101 3096 2156 multitudine
3121 2118 3135 2167 ;
3164 2101 3208 2156 is
3233 2117 3292 2157 se
3334 2101 3539 2157 victum

1951 2198 2170 2261 fatetur,
2205 2202 2264 2250 ut
2300 2195 2392 2266 qui
2425 2195 2634 2248 nullum
2668 2193 2864 2248 habeat
2894 2191 3105 2247 ﬁducia:
3135 2192 3536 2262 adiumentum.

1951 2291 2020 2345 El
2048 2301 2162 2356 post
2197 2289 2307 2342 alia
2340 2304 2358 2342 :
2389 2285 2652 2342 Ostendat
2689 2285 2818 2340 mihi
2865 2285 2951 2340 vel
2986 2300 3126 2338 unus
3175 2283 3541 2354 pulchritudi-

1951 2395 2075 2435 nem
2107 2379 2368 2443 veritatis,
2401 2385 2456 2432 et
2491 2383 2738 2446 prompta
2763 2389 2884 2430 mox
2926 2374 3032 2429 erit
3060 2375 3362 2445 persuasio.
3397 2374 3539 2429 Mul-

1951 2473 2126 2527 titudo
2150 2479 2333 2525 autem
2364 2470 2484 2524 sine
2533 2467 3001 2523 demonstratione
3023 2468 3403 2522 auctoritatem
3432 2469 3537 2523 sibi

1951 2564 2257 2628 vindicans,
2285 2570 2490 2616 terrere
2532 2560 2749 2630 quidem
2787 2567 2963 2629 potest
2995 2599 3010 2622 ,
3051 2559 3376 2629 persuadere
3426 2576 3537 2615 non

1951 2663 2152 2726 potest.
2203 2654 2314 2706 Aut
2343 2661 2476 2722 quot
2517 2650 2798 2705 hominum
2848 2649 3273 2720 myriadesmihi
3307 2665 3536 2719 persua-

1949 2745 2135 2810 deant,
2167 2753 2226 2798 ιιι
2251 2743 2397 2798 diem
2429 2751 2653 2796 noctem
2697 2748 2914 2811 putem,
2947 2739 3031 2793 vel
3065 2746 3121 2792 ut
3147 2753 3350 2794 aereum
3379 2754 3540 2794 num-

1951 2849 2100 2889 mum
2144 2849 2245 2904 pro
2298 2847 2466 2888 aureo
2497 2833 2722 2887 habeam
2753 2839 2810 2885 et
2842 2829 3106 2901 accipiam
3142 2867 3156 2892 ,
3191 2829 3277 2884 vel.
3327 2838 3537 2884 certum

1950 2939 2222 2980 venenum
2242 2922 2488 2978 hauriam
2527 2937 2626 2993 pro
2655 2921 2778 2977 cibo
2807 2921 3150 2991 congruenti?
3187 2921 3326 2992 Ergo
3366 2929 3542 2976 terre-

1949 3029 2146 3068 narum
2182 3013 2400 3084 quidem
2430 3026 2611 3066 rerum
2629 3027 2789 3067 causa
2810 3011 3211 3067 multitudinem
3229 3010 3364 3065 nihil
3387 3024 3545 3067 vero-

1949 3106 2050 3162 bor
2101 3107 2148 3162 si
2207 3107 2550 3171 mentiatur;
2591 3105 2648 3159 in
2684 3105 2998 3161 caelestibus
3061 3115 3244 3160 autem
3306 3105 3540 3160 decretis

1951 3199 2253 3268 simplicem
2283 3197 2490 3268 absque
2544 3196 3006 3252 demonstratione
3047 3205 3243 3250 nutum
3282 3211 3479 3266 sequar
3515 3213 3532 3264 ;

1956 3292 2024 3346 ab
2055 3292 2122 3347 iis
2155 3291 2419 3346 recedens
2446 3305 2567 3360 quae
2589 3289 2700 3359 iam
2730 3289 2857 3343 olim
2918 3303 3112 3359 magno
3147 3281 3423 3343 consensu
3467 3302 3532 3343 ex

1955 3383 2264 3438 divinorum
2310 3381 2638 3450 scriptorum
2675 3380 2987 3436 teSIimonio
3041 3380 3239 3435 tradita
3278 3381 3543 3435 fuerunt?

1956 3472 2074 3530 Non
2136 3473 2444 3529 audivimus
2489 3473 2782 3526 Dominum
2814 3471 3084 3527 dicentem
3111 3490 3124 3527 :
3157 3471 3316 3526 Multi
3348 3473 3540 3537 uocati,

1955 3565 2112 3634 pauci
2141 3581 2258 3618 vero
2287 3564 2438 3618 electi
2465 3565 2535 3618 ³⁵.
2559 3562 2624 3618 Ει
2656 3564 2853 3619 iterum
2889 3581 2902 3618 :
2937 3567 3174 3633 Angusta
3199 3575 3246 3618 et
3279 3573 3430 3619 arcta
3463 3577 3540 3619 est

1956 3657 2041 3709 uia
2083 3672 2198 3727 (pun
2227 3657 2370 3710 ducit
2413 3658 2482 3708 ad
2511 3657 2677 3710 vitam
2701 3674 2719 3713 :
2743 3666 2789 3710 ct
2825 3657 2980 3725 pauci
3012 3665 3133 3710 sunt
3157 3657 3246 3728 qui
3273 3658 3542 3712 inueniunt

1957 3764 2075 3802 eam
2105 3749 2194 3801 "‘?
2224 3748 2359 3814 Quis
2385 3763 2514 3820 ergo
2547 3764 2694 3803 same
2717 3748 3058 3820 mentis'non
3076 3747 3281 3803 mavult
3306 3763 3370 3804 ex
3406 3764 3543 3820 pau-

1956 3840 2035 3895 cis
2101 3856 2246 3906 esse,
2280 3840 2375 3910 qui
2424 3856 2522 3910 per
2568 3849 2852 3912 angustam
2885 3841 3162 3895 introeant
3195 3840 3249 3894 in
3289 3839 3542 3907 salutem,

1957 3948 2118 4004 quam
2145 3949 2210 3987 ex
2236 3933 2420 3987 multis
2447 3933 2540 4003 qui
2573 3948 2670 4002 per
2696 3933 2860 3986 latam
2903 3934 3151 3988 ferantur
3175 3932 3244 3988 ad
3279 3934 3543 4003 perditio-

1956 4040 2084 4080 nem
2116 4026 2140 4078 ?
2166 4025 2275 4079 Aut
2303 4025 2425 4095 quis
2462 4039 2573 4079 non
2609 4024 2778 4096 magis
2799 4033 3062 4094 Optasset,
3095 4023 3142 4078 si
3179 4033 3422 4096 tempore
3452 4025 3543 4080 illo

1957 4117 2182 4172 vixisset
2211 4132 2321 4185 quo
2355 4116 2548 4170 beatus
2594 4115 2908 4186 Stephanus
2961 4124 3238 4170 certamen
3289 4115 3453 4182 obiit,
3487 4115 3540 4170 in

1957 4209 2103 4266 illius
2131 4220 2286 4280 parte
2323 4209 2537 4264 censeri
2563 4209 2656 4279 qui
2698 4208 2846 4264 solus
2893 4207 3169 4278 lapidibus
3227 4207 3540 4278 petebatur,

1957 4303 2050 4373 qui
2123 4303 2366 4357 omnium
2422 4301 2658 4356 ludibrio
2693 4301 2973 4370 expositus
3027 4309 3174 4366 erat,
3211 4314 3375 4369 quam
3401 4299 3544 4354 inter

1958 4396 2160 4451 multos
2222 4395 2342 4450 illos
2393 4394 2485 4464 qui
2537 4402 2760 4464 propter
2823 4393 3084 4462 injustam
3134 4393 3539 4452 auctoritatem.

1959 4488 2304 4544 verisimilem
2334 4501 2554 4542 causam
2595 4486 2840 4541 obtinere
2864 4484 3224 4540 videbantur?
3249 4484 3426 4540 Pluris
3457 4494 3542 4542 est

1960 4595 2103 4634 unus
2133 4580 2244 4633 Deo
2275 4579 2516 4648 placens,
2549 4591 2714 4646 quam
2751 4575 3022 4647 myriades
3052 4591 3173 4630 sese
3219 4584 3541 4646 arroganter

1956 4670 2300 4740 iactantiam.
2318 4667 2792 4735 Quemadmodum
2816 4676 2872 4722 et
2897 4682 2963 4722 ex
2985 4665 3166 4721 Veteri
3189 4665 3540 4722 Testamento

1961 4763 2248 4827 discimus,
2270 4777 2393 4815 cum
2438 4760 2604 4814 millia
2646 4760 2818 4814 multa
2843 4773 2875 4814 e
2901 4758 3101 4828 populo
3147 4758 3301 4828 plaga
3333 4757 3540 4813 caelesti

1959 4854 2241 4914 caderent,
2279 4853 2345 4907 Et
2382 4847 2602 4906 Pltinees
2642 4849 2785 4905 solus
2833 4849 3005 4913 stetit,
3040 4848 3312 4919 Deumque
3358 4848 3543 4903 alaea-

1963 4947 2060 5012 uit,
2085 4954 2134 4999 et
2187 4945 2405 4998 cessavit
2453 4943 2725 5013 quassatio
2755 4942 2827 4996 ⁸⁷.
2887 4940 3044 5007 Quod
3085 4941 3130 4996 si
3161 4939 3386 4995 dixisset
3411 4939 3540 4995 ille:

1967 5036 2072 5103 Qui
2127 5036 2302 5093 ausim
2347 5051 2449 5108 ego
2499 5036 2759 5092 adversus
2819 5049 2880 5090 ea
2912 5049 3035 5106 qua:
3097 5042 3206 5088 tam
3239 5031 3396 5088 multi
3435 5047 3544 5087 uno

1966 5144 2241 5185 consensu
2297 5128 2504 5184 faciunt
2535 5128 2678 5198 ?qui
2709 5126 2950 5196 reirager
3000 5125 3066 5182 iis
3108 5125 3199 5196 qui
3233 5124 3313 5180 sic
3363 5124 3545 5180 vivere

1967 5222 2330 5277 decreverunt
2358 5221 2382 5274 ἲ
2413 5235 2517 5276 nec
2545 5221 2820 5292 egregium
2855 5219 3070 5275 facinus
3115 5218 3384 5276 edidisset
3405 5217 3542 5289 ipse,

1968 5327 2071 5368 nec
2115 5311 2445 5368 inhibuisset
2473 5311 2697 5374 malum,
2753 5325 2931 5380 neque
2961 5318 3165 5366 servati
3195 5309 3378 5364 caeteri
3409 5307 3546 5362 tuis-

1969 5414 2112 5468 sent,
2145 5419 2322 5474 neque
2356 5403 2498 5460 Deus
2525 5403 2960 5462 benevolentiam
3009 5417 3162 5458 suam
3218 5399 3546 5472 impertivis-

1971 5506 2076 5554 set.
2111 5495 2390 5568 Optimum
2417 5511 2569 5568 ergo,
2611 5494 2904 5568 optimum,
2931 5493 3018 5550 vel
3048 5505 3220 5548 unum
3270 5488 3548 5546 hominem

357 5647 408 5681 ⁵⁸
438 5647 626 5702 Matth.
660 5661 748 5712 xx,
815 5643 902 5699 16.
993 5643 1039 5675 ⁵⁸
1066 5641 1257 5700 Matth.
1310 5657 1406 5705 vn,
1443 5637 1525 5694 ll.
1604 5639 1648 5670 ³⁷
1695 5635 1854 5693 Num.

1954 5655 2030 5703 tv,
2060 5639 2128 5706 τ,
2168 5637 2308 5692 Psal.
2331 5653 2417 5705 cv,
2443 5635 2532 5691 50.

1809 5753 2040 5809 NOT/E.

362 5851 477 5920 (ει)
506 5851 609 5906 Alii
651 5851 997 5908 Tlicodorcto
1025 5852 1292 5919 tribuunt,
1327 5852 1416 5906 alii
1461 5849 1722 5906 Eutherio
1753 5847 2067 5922 Tyauorunt
2105 5846 2382 5917 episcOpo.
2409 5844 2618 5899 Vidcsis
2640 5840 2970 5897 (iarncrium
3010 5843 3060 5894 in
3096 5839 3349 5895 Auctario
3379 5840 3549 5896 Tlico-

268 5909 354 5982 Ido
366 5909 481 5991 reti,
501 5938 626 5996 pag.
661 5925 787 5979 698.
