4044 6366
563 359 702 424 1083

1747 364 1809 428 8.
1849 365 2250 428 THEODORI
2282 364 2630 428 STUDITzﬁ

3689 364 3820 438 1084

554 474 682 545 jure
705 473 928 541 audere,
958 483 1014 530 et
1050 473 1309 544 injustam
1333 474 1628 531 multorum
1656 477 2004 532 concordiam
2025 478 2134 534 dis-

2238 478 2444 547 φωνίαν
2495 477 2676 531 ἄδικον
2722 473 2970 529 λύεσθαι.
3009 475 3176 530 Ἀλλὰ
3225 476 3292 531 σὺ
3325 476 3425 547 μιν
3462 493 3816 548 προτιμησον,

559 561 796 618 solvere.
823 559 903 615 'l‘n
934 576 1084 626 vero,
1109 561 1154 616 si
1185 562 1398 618 videtur
1423 602 1439 626 ,
1472 571 1688 618 servato
1719 563 1834 620 Noe
1891 567 2144 624 submer—

559 667 676 709 sam
705 652 1111 708 multitudinem
1149 662 1461 724 antepone:
1503 655 1634 708 mihi
1680 665 1858 711 autem
1890 659 2142 728 permitte

559 753 622 802 ut
657 761 781 802 cum
819 745 1007 817 paucis
1052 745 1121 800 ad
1159 760 1347 800 arcam
1378 747 1684 802 convolem.
1719 747 1783 803 Et
1808 765 2052 818 rursum,
2095 750 2141 807 si

564 837 767 908 placet,
825 839 1060 912 adjunge
1107 848 1162 895 te
1215 838 1545 894 multitudini
1605 839 2140 912 Sodomorum:ego

557 945 690 984 vero
734 946 857 986 cum
888 931 988 987 Lot
1036 931 1221 998 abibo,
1245 931 1496 1002 quamvis
1539 931 1690 986 solus
1727 917 1900 987 turbae
1932 932 2142 987 utiliter

567 1037 630 1075 se
659 1023 948 1078 subducat.
989 1021 1280 1079 Enimvero
1313 1023 1446 1078 mihi
1475 1024 1639 1080 etiam
1671 1023 1966 1080 reverenda
1999 1023 2141 1078 mul-

559 1113 753 1178 titudo,
795 1128 904 1168 non
945 1113 1356 1184 inquisitionem
1400 1113 1630 1185 fugiens.
1663 1113 1759 1169 sed
1791 1113 2139 1169 demonstra-

557 1204 760 1259 tionem
793 1205 1042 1274 przebens
1066 1219 1081 1258 :
1105 1220 1214 1259 non
1240 1219 1423 1260 amare
1452 1205 1748 1270 ulciscens,
1782 1203 1880 1260 sed
1909 1212 2137 1274 paterne

556 1294 878 1366 castigans:
922 1310 1034 1351 non
1083 1296 1323 1351 novitate
1382 1296 1624 1368 gaudens
1655 1336 1670 1360 ,
1715 1296 1810 1352 sed
1853 1303 2135 1366 paternam

558 1387 802 1443 retinens
848 1385 1239 1443 hereditatem.
1285 1388 1588 1454 Quamnam
1645 1402 1775 1442 vero
1835 1371 2166 1442 multitudiJ

556 1496 684 1536 nem
718 1480 853 1536 mihi
886 1481 1146 1552 praedicas
1165 1481 1188 1536 ?
1205 1480 1486 1537 blanditiis
1507 1488 1564 1536 et
1585 1479 1904 1535 muneribus
1931 1479 2142 1534 condu-

557 1572 747 1629 ctam?
780 1572 1054 1644 imperitia
1109 1581 1166 1628 et
1226 1572 1532 1644 ignorantia
1597 1571 1845 1642 captam?
1898 1579 2049 1626 metu
2083 1578 2139 1626 et

480 1721 483 1724 _
557 1673 768 1721 terrore
815 1665 1334 1736 prostratam?quae
1370 1665 1593 1720 brevem
1639 1663 1852 1730 peccati
1911 1678 2132 1719 usuram

558 1765 780 1812 aeternae
819 1757 945 1812 vita:
972 1754 1258 1827 praetulit?
1289 1755 1434 1824 quod
1463 1753 1617 1809 multi
1655 1761 1842 1825 aperte
1893 1751 2134 1809 confessi

2242 571 2290 622 εί
2323 568 2488 633 δοκεῖ,
2515 566 2611 620 τοῦ
2639 565 2948 639 σωζομένου
2979 567 3103 621 Νῶε
3131 568 3192 621 τὸ
3222 568 3558 640 ύποϐρύχιον
3597 571 3815 641 πλῆθος·

2241 657 2365 728 ἐμοὶ
2407 656 2466 709 δὲ
2515 655 2873 732 συγχώρησον
2924 657 3036 720 τοῖς
3081 655 3286 726 ὀλίγοις
3314 661 3381 729 τῇ
3409 659 3636 731 κιϐωτῷ
3661 677 3820 730 προσ-

2239 751 2488 822 δραμεῖν.
2523 751 2629 802 Καὶ
2674 749 2858 814 πάλιν,
2903 752 2952 804 εί
3003 750 3206 821 βούλει,
3247 751 3408 818 τάξον
3460 753 3658 808 σαυτὸν
3687 755 3819 824 μετὰ

2239 840 2346 894 τῶν
2372 841 2583 894 πολλῶν
2613 842 2672 894 ὲν
2700 841 2978 911 Σοδόμοις·
3011 841 3122 911 ἐγὼ
3144 843 3200 896 δὲ
3235 844 3542 907 συνοδέυσω
3565 843 3645 915 τῷ
3676 843 3815 906 Λὼτ,

2241 931 2344 986 κᾶν
2377 932 2537 1004 μόνος
2562 930 2671 985 τῶν
2699 932 2874 1003 ὄχλων
2903 933 3291 1004 συμφερόντως
3315 933 3644 1007 χωρίζηται.
3673 936 3818 1006 Πλὴν

2239 1024 2366 1096 ἐμοὶ
2411 1027 2507 1079 καὶ
2537 1025 2742 1096 πλῆθος
2773 1025 3079 1096 αἰδέσιμον,
3113 1027 3172 1080 ού
3198 1026 3260 1080 τδ
3290 1027 3496 1097 φεῦγον
3549 1027 3817 1093 ἐξέτασιν,

2239 1116 2376 1171 ἀλλὰ
2407 1117 2469 1170 τὸ
2513 1117 2752 1186 παρέχον
2781 1115 3078 1182 ἀπόδειξινο
3112 1117 3172 1171 ού
3209 1116 3271 1170 τὸ
3298 1118 3512 1190 πικρῶς
3549 1119 3821 1189 ἀμυνόμεο

2238 1221 2348 1272 νον,
2384 1204 2524 1260 ἀλλὰ
2550 1206 2613 1259 τὸ
2641 1205 2923 1277 πατρικῶς
2968 1205 3348 1278 διορθούμενον
3381 1223 3396 1237 ·
3430 1209 3494 1262 ού
3541 1209 3605 1262 τὸ
3628 1212 3818 1280 χαῖρον

2240 1295 2587 1367 καινοτομίᾳ,
2607 1295 2745 1350 ἀλλὰ
2772 1295 2832 1349 τὸ
2849 1295 3121 1366 φυλάσσον
3145 1297 3408 1370 πατρῴαν
3429 1298 3816 1370 κληρονομίαν.

2238 1385 2394 1438 Ποῖον
2417 1385 2474 1438 δέ
2529 1403 2621 1456 μοι
2659 1387 2752 1439 καὶ
2787 1386 2988 1456 πλῆθος
3017 1385 3231 1456 λέγεις;
3264 1388 3326 1442 τὸ
3359 1389 3634 1460 μισθωθὲν
3667 1392 3819 1445 κολα-

2239 1476 2365 1549 κείᾳ
2392 1477 2488 1531 καὶ
2513 1476 2707 1547 δώροις
2731 1493 2746 1544 ;
2778 1477 2840 1530 τὸ
2879 1477 3087 1533 κλαπὲν
3109 1479 3322 1551 ἀμαθία
3351 1497 3410 1533 τε
3452 1482 3549 1536 καὶ
3585 1483 3816 1555 ἀγνοίας

2235 1567 2298 1620 τὸ
2331 1568 2620 1633 πεπτωκὸς
2647 1567 2818 1640 δειλίᾳ
2845 1569 2944 1624 καὶ
2973 1570 3122 1640 φόϐῳ
3148 1587 3162 1637 ;
3185 1571 3246 1625 τδ
3275 1574 3626 1643 προτιμῆσαν
3651 1576 3820 1646 πρόσ-

2237 1675 2428 1728 καιρον
2470 1659 2744 1730 ἁμαρτίας
2794 1659 3096 1715 ἀπόλαυσιν
3138 1661 3240 1730 τῆς
3287 1661 3510 1716 αἰωνίου
3569 1662 3750 1732 ζωῆςς
3781 1663 3820 1718 ἃ.

2238 1747 2424 1800 πολλοὶ
2453 1748 2703 1818 φανερῶς
2746 1749 3128 1821 ὡμολόγησαν.
3155 1751 3360 1821 Πλήθει
3381 1753 3442 1806 τὸ
3466 1752 3662 1822 ψεῦδος
3691 1770 3820 1821 κρα-

557 1850 709 1898 sunt.
757 1841 1099 1899 Multitudine
1141 1842 1482 1898 mendacium
1533 1841 1819 1898 defendis?
1851 1842 1980 1897 hinc
2008 1841 2135 1896 mali

2238 1839 2451 1906 τύνεις;
2494 1840 2702 1906 ἔδειξας
2749 1841 2845 1896 τοῦ
2890 1841 3066 1897 δεινοῦ
3095 1844 3196 1914 τὴν
3223 1845 3496 1908 ἐπίτασιν.
3528 1846 3681 1916 Ὀσῳ
3709 1847 3818 1915 γὰρ

555 1933 666 1986 vim
691 1932 974 1988 declarasti
995 1949 1010 2000 ;
1028 1947 1136 2003 quo
1159 1931 1306 1987 enim
1338 1932 1404 1988 ad
1426 1931 1610 2004 plures
1630 1931 1829 1988 malum
1847 1932 2131 2004 pertingit,

558 2028 711 2076 tanto
748 2021 922 2090 major
949 2028 1035 2076 est
1055 2020 1354 2076 calamitas.

629 2113 705 2168 De
736 2111 822 2169 his
849 2127 978 2184 ergo
1006 2112 1064 2168 in
1093 2113 1240 2168 hunc
1273 2112 1517 2168 modum.
1539 2111 1776 2170 Ceteras
1797 2121 1978 2169 autem
2008 2121 2132 2170 tuas

556 2204 960 2276 propositiones
1018 2205 1269 2275 persequi
1299 2219 1767 2275 supervacaneum
1797 2205 1958 2271 foret,
1991 2206 2132 2261 dile-

556 2303 666 2357 cte,
707 2302 818 2348 tum
852 2293 977 2364 quia
1006 2293 1224 2349 modum
1263 2294 1506 2365 epistola;
1536 2297 1825 2364 excedunt,
1861 2306 1975 2352 tum
2001 2299 2128 2367 quia

558 2394 709 2441 recto
743 2400 909 2441 sensu
964 2385 1107 2442 dicta
1153 2386 1546 2458 accipientibus
1601 2388 1758 2445 obvia
1805 2397 1969 2445 erunt
2005 2405 2129 2460 quae

557 2477 834 2533 dicuntur.

956 2593 1146 2650 XLIX.
1166 2623 1238 2636 -—
1289 2595 1577 2651 Naucratio
1605 2597 1736 2662 ﬁlio.

2233 1927 2454 1994 πλείους
2497 1931 2556 1984 ὲν
2597 1929 2676 2002 τῷ
2703 1930 2880 2002 κακῷ,
2917 1931 3158 2004 τοσούτῳ
3206 1933 3409 2004 μείζων
3438 1935 3474 2008 η
3534 1935 3815 2006 συμφορά.

2303 2109 2460 2166 Οὕτω
2488 2110 2588 2184 μὲν
2613 2110 2680 2184 δὴ
2707 2111 2902 2168 ταῦτα.
2951 2112 3111 2169 ’ἰέναι
3143 2114 3201 2170 δὲ
3233 2115 3329 2170 ἐπὶ
3364 2117 3468 2180 τὰς
3497 2115 3694 2188 ἑτέρας
3717 2133 3816 2170 σου

2234 2200 2550 2272 προτάσεις,
2579 2200 2856 2270 παρέλκον
2879 2202 2948 2256 ἂν
2987 2204 3096 2274 είη,
3129 2203 3404 2275 ἀγαπητὲ.
3432 2203 3525 2258 διὰ
3549 2203 3610 2256 τὺ
3633 2203 3816 2256 ἐκϐαίο

2235 2308 2346 2346 νειν
2391 2291 2488 2344 τοῦ
2539 2293 2740 2363 μέτρου
2773 2293 2874 2364 τῆς
2903 2294 3214 2364 ἐπιστολῆς,
3250 2295 3344 2349 καὶ
3388 2294 3563 2358 ἄλλως
3595 2295 3676 2348 ὅτι
3701 2296 3816 2357 τοῖς

2237 2383 2576 2457 εὐαισθήτως
2611 2385 2927 2456 δεχομένοις
2951 2388 3074 2452 τοὺς
3103 2387 3293 2456 λόγους
3319 2387 3673 2460 εύαπάντητα
3704 2384 3815 2441 εἶεν

2239 2479 2314 2534 τὰ
2338 2479 2632 2550 λεγόμενα.

2584 2593 2719 2651 ΜΘ⁹.
2753 2623 2821 2634 -
2845 2593 3198 2663 Ναυκρατίῳ
3219 2593 3428 2662 τέκνῳ.
3451 2591 3636 2667 [σκε’.]

557 2703 633 2756 Ad
668 2706 970 2773 eloquentis
992 2708 1210 2759 studium
1241 2708 1480 2759 hortatur.
1504 2709 1628 2773 Tum
1654 2710 1842 2773 aliquot
1867 2709 2172 2759 Studitarum
2194 2708 2429 2773 virtutem
2473 2707 2804 2773 commendat.
2832 2707 3042 2773 Demum
3067 2706 3337 2769 respondet
3357 2706 3652 2758 ouibusdam
3673 2709 3812 2758 inter

1303 2773 1488 2834 rogatis
1506 2771 1568 2820 de
1589 2767 1932 2822 communione
1956 2785 2066 2820 cum
2085 2773 2349 2822 haereticis.
2377 2770 2575 2834 (Baron.
2601 2782 2681 2817 an.
2705 2768 2817 2827 809,
2843 2781 2895 2818 τι.
2921 2767 3025 2830 4t.)

625 2871 773 2927 Dicis
819 2887 966 2928 nunc
1020 2872 1156 2928 mihi
1210 2881 1264 2928 et
1309 2873 1605 2930 identidem
1629 2875 1762 2930 alias
1797 2875 2127 2946 exposuisti,

558 2965 630 3020 fili
662 2965 736 3020 mi
764 2964 1247 3032 desideratissime,
1277 2980 1388 3020 non
1417 2966 1674 3036 quiddam
1708 2965 2042 3038 superﬂuum
2075 2973 2132 3021 ct

559 3059 722 3113 inane
787 3057 956 3124 dictu,
1014 3057 1112 3114 sed
1157 3068 1522 3130 opportunum
1550 3069 1606 3115 et
1651 3060 2030 3126 conveniens,
2076 3065 2134 3114 et

561 3149 706 3220 quod
733 3149 800 3205 ad
856 3149 1144 3205 utilitatem
1191 3151 1359 3206 animi
1398 3150 1665 3215 conferat,
1707 3152 1847 3208 sicut
1897 3160 1952 3206 et
1985 3165 2134 3206 nunc

556 3243 708 3298 facis.
741 3241 850 3314 Ego
873 3257 1002 3298 vero
1039 3243 1356 3314 gravitatem
1387 3252 1533 3298 tuam
1560 3243 1807 3307 laudans,
1836 3242 2134 3318 amplector

554 3332 718 3387 etiam
749 3333 1027 3388 meliorem
1049 3334 1246 3405 stylum
1275 3343 1426 3388 tuum
1449 3350 1636 3403 :quem
1660 3335 1952 3404 plurim-um
1975 3349 2136 3390 orna-

555 3424 659 3488 bis,
689 3424 733 3478 si
766 3423 1127 3494 grammaticae
1159 3424 1364 3480 scholia
1389 3424 1575 3494 legere
1605 3425 1870 3495 potueris.
1906 3424 2136 3496 Oportet

554 3516 702 3570 enim
742 3523 801 3570 ut
848 3515 1064 3571 dicendi
1111 3516 1420 3572 facultatem
1477 3532 1741 3587 usumque
1773 3517 2016 3573 obtineat
2043 3517 2134 3588 qui

555 3616 758 3665 rectam
807 3608 1114 3666 doctrinam
1163 3608 1440 3676 defendit,
1475 3618 1531 3666 et
1581 3618 1791 3666 certare
1844 3609 1958 3665 vult
2005 3625 2132 3665 cum

557 3716 720 3772 prave
759 3701 1142 3758 sentientibus.
1175 3701 1310 3757 Nam
1338 3718 1462 3759 cum
1497 3719 1754 3776 magnum
1782 3703 1917 3774 quid
1939 3717 2006 3758 ex
2032 3703 2135 3759 hac

555 3792 749 3850 notitia
777 3808 838 3850 se
864 3801 1145 3852 assecutus
1174 3795 1278 3851 rati
1317 3795 1638 3868 glorientur,
1682 3797 1810 3852 dum
1855 3795 2134 3852 oblectant

561 3903 660 3943 eos
698 3887 900 3958 quibus
928 3888 1185 3958 pruriunt
1217 3904 1380 3946 aures
1413 3907 1428 3947 :
1460 3897 1891 3946 consentaneum
1920 3897 2006 3945 est
2037 3903 2132 3944 eos

551 3976 644 4046 qui
678 3987 826 4033 recta
856 3977 1120 4045 sentiunt,
1157 3993 1262 4033 nec
1290 3979 1558 4034 sermonis
1602 3979 1812 4035 viribus
1843 3978 2132 4035 destitutos

553 4083 676 4125 esse
712 4109 728 4136 ,
764 4075 825 4124 ut
877 4067 1152 4125 minantes
1208 4067 1448 4140 ipsorum
1499 4068 1696 4126 arietes
1741 4069 2018 4138 dejiciant.
2052 4069 2132 4125 Ita

553 4157 686 4214 mihi
709 4158 887 4230 placet
915 4173 980 4214 ea
1006 4157 1062 4212 in
1089 4173 1150 4214 re
1191 4158 1499 4215 confirmari
1550 4167 1625 4223 te,
1657 4159 1750 4214 tili.
1781 4157 2014 4216 Prorsus
2035 4175 2133 4215 au-

554 4256 664 4303 tem
700 4247 844 4318 quod
905 4247 962 4303 in
998 4257 1050 4304 te
1089 4250 1286 4321 cupio,
1339 4265 1449 4306 non
1513 4249 1721 4322 pariter
1749 4249 1804 4305 in
1830 4250 2079 4321 quolibet
2112 4267 2126 4305 :

556 4347 839 4410 propterea
864 4338 1009 4409 quod
1030 4339 1169 4394 alius
1199 4339 1357 4394 aliter
1371 4357 1430 4395 se
1453 4340 1650 4408 habet,
1682 4340 1847 4410 idque
1884 4340 2127 4411 expedit.

561 4429 855 4486 Dormiisse
900 4445 1064 4500 porro
1095 4430 1234 4486 dicis
1285 4429 1482 4486 fratres
1533 4431 1844 4502 Philippum
1873 4441 1929 4488 et
1953 4433 2132 4488 Philo-

559 4535 708 4576 nem.
749 4521 816 4575 l-it
861 4520 1020 4587 bene,
1051 4519 1197 4591 quod
1227 4530 1456 4590 uterque
1491 4520 1637 4577 bono
1669 4522 1795 4579 fine.
1822 4523 1943 4579 Non
1981 4524 2127 4594 quod

2299 2873 2517 2945 Φθέγγῃ
2575 2872 2672 2927 καὶ
2717 2870 2978 2943 διήγησαι
3017 2887 3107 2942 μοι
3145 2870 3428 2935 ἑκάστοτε,
3469 2871 3658 2926 τέκνον
3713 2889 3813 2941 μου

2231 2965 2626 3038 περιπόθητον,
2687 2964 2841 3018 οὐδέν
2887 2981 2940 3017 τι
2981 2963 3235 3035 περιττὸν
3284 2963 3380 3018 καὶ
3421 2963 3811 3034 είκαιομυθὲς⁸

2230 3054 2348 3108 ἀλλ’
2374 3053 2634 3123 εῠκαιρον
2680 3053 2776 3107 καὶ
2827 3052 3136 3124 πρεπῶδες,
3169 3053 3264 3106 καὶ
3314 3053 3485 3124 φέρον
3513 3056 3595 3116 εἰς
3622 3053 3812 3123 δνησιν

2233 3143 2431 3215 ψυχῆς,
2463 3143 2655 3215 ὥσπερ
2685 3143 2780 3198 καὶ
2807 3143 2877 3199 τὰ
2915 3142 3034 3199 νῦν.
3078 3143 3220 3214 Ἐγὼ
3251 3144 3308 3198 δέ
3342 3161 3439 3198 σου
3486 3144 3548 3198 τὸ
3593 3142 3814 3198 εὔτονον

2236 3235 2497 3298 ἐπαινῶν,
2521 3234 2864 3307 ἀποδέχομαι
2885 3235 2978 3290 καὶ
2998 3234 3098 3306 τὴν
3123 3234 3539 3306 προκόπτουσαν
3556 3232 3811 3299 διάλεξιν·

2235 3324 2302 3395 ἥν
2329 3323 2412 3377 ὅτι
2453 3322 2690 3393 μάλιστα
2733 3322 2983 3383 καλυνεϊς
3003 3362 3022 3389 ,
3056 3323 3154 3378 ἐὰν
3179 3323 3249 3377 τά
3285 3321 3387 3393 τῆς
3421 3321 3813 3395 γραμματικῆς

2237 3413 2422 3486 σχόλια
2465 3413 2704 3485 δυνηθῇς
2745 3413 2981 3469 ἐπιέναι.
3019 3415 3114 3468 Δεῖ
3147 3413 3256 3484 γὰρ
3299 3413 3394 3468 καὶ
3433 3413 3534 3484 τῆς
3575 3414 3636 3466 ὲν
3671 3413 3812 3484 λόγῳ

2233 3507 2515 3578 δυνάμεως
2557 3507 2653 3560 καὶ
2687 3507 2883 3577 πείρας
2909 3506 3158 3577 μετέχειν
3186 3505 3278 3560 τὸν
3311 3503 3626 3577 όρθοδοξίας
3684 3505 3812 3559 ἀντ-

2235 3597 2517 3670 εχόμενον,
2547 3599 2643 3652 καὶ
2660 3596 3044 3668 ἀντιφέρεσθαι
3069 3599 3181 3660 τοῖς
3202 3597 3513 3662 κακοδόξοις
3547 3598 3810 3669 βουλόμε-

2233 3707 2346 3745 νον.
2389 3689 2608 3762 Ἐπειδὴ
2637 3690 2747 3762 γὰρ
2770 3690 2966 3744 ἐκεῖνοι
2997 3692 3065 3763 τῇ
3093 3689 3342 3744 ἐντεῦθεν
3369 3689 3576 3760 είδήσει
3597 3690 3808 3745 δοκοῦν-

2233 3782 2329 3847 τές
2349 3800 2404 3838 τι
2431 3783 2578 3855 μέγα
2597 3782 2764 3854 ἔχειν,
2783 3781 3270 3853 κατακομπάζουσι
3295 3784 3424 3847 τοὺς
3444 3782 3810 3852 κνηθομένους

2232 3875 2332 3939 τὰς
2357 3875 2530 3940 ἀκοὰς
2561 3874 2984 3945 γαργαλίζοντες
3003 3890 3019 3906 ο
3051 3874 3338 3930 κάλλιστον
3355 3877 3468 3939 τοῖς
3498 3874 3809 3946 όρθόφροσι.

2236 3964 2372 4038 μηδὲ
2394 3967 2461 4037 τῇ
2489 3964 2584 4021 τοῦ
2604 3965 2764 4034 λόγου
2797 3963 2944 4035 ἰσχύϊ
2967 3963 3202 4030 ἐλλιπῶς
3225 3965 3390 4036 ἔχειν,
3411 3964 3510 4020 καὶ
3541 3965 3809 4020 καταϐάλ-

2231 4055 2346 4110 λειν
2390 4055 2574 4112 αὐτῶν
2623 4056 2726 4122 τὰς
2777 4055 3104 4122 εύθυϐόλους
3152 4055 3450 4121 ἑλεπόλεις.
3501 4055 3662 4112 Οὕτω
3719 4073 3808 4128 μοι

2233 4147 2388 4218 φίλον
2429 4147 2797 4221 δυναμούσθαί
2830 4165 2914 4217 σε,
2943 4149 3152 4205 τέκνον.
3186 4149 3262 4205 οὐ
3290 4149 3511 4214 πάντως
3539 4148 3600 4205 δὲ
3641 4149 3672 4204 δ
3718 4148 3808 4203 ἐπὶ

2235 4241 2320 4296 σοὶ
2375 4240 2658 4313 βούλομαι,
2712 4241 2808 4298 καὶ
2835 4242 2932 4296 επὶ
2963 4242 3185 4306 παντός·
3222 4240 3311 4296 διὰ
3337 4241 3401 4296 τδ
3431 4240 3594 4297 ἄλλον
3640 4239 3807 4304 ἄλλως

2232 4331 2378 4403 ἔχειν
2425 4330 2572 4386 κατὰ
2620 4331 2735 4398 ἕξιν
2761 4347 2778 4365 ο
2811 4333 2908 4388 καὶ
2965 4332 3287 4405 συμφέρειν.
3345 4331 3691 4403 Κεκοίμηται
3726 4331 3805 4398 δὲ,

2231 4421 2392 4494 ἔφης,
2424 4423 2455 4477 ό
2504 4421 2735 4492 ἁδελφὸς
2784 4423 3070 4491 Φίλιππος,
3121 4423 3218 4478 καὶ
3261 4423 3457 4479 Φίλων.
3504 4424 3618 4478 Καὶ
3660 4419 3804 4491 εὖγε.

2231 4515 2358 4586 εὖγε
2379 4530 2398 4548 ο
2425 4515 2511 4571 ὅτι
2550 4515 2852 4588 ἀμφότεροι
2876 4515 3020 4572 τέλει
3052 4515 3264 4588 ἀγαθῷ.
3297 4515 3412 4587 Οὐχ
3453 4515 3538 4570 ὅτι
3563 4515 3634 4570 τὰ
3671 4531 3802 4584 προ-ο

555 4631 618 4671 ca
651 4629 775 4686 qua:
804 4621 932 4668 ante
964 4612 1149 4678 linem,
1182 4611 1562 4682 vituperanda.
1617 4615 1905 4680 Quomodo
1955 4615 2123 4683 enim,

2235 4608 2411 4662 τέλεια
2453 4607 2632 4678 ψεκτὰ
2674 4608 2818 4681 (πῶς
2866 4611 2974 4681 γὰρ
3026 4608 3078 4664 oi
3125 4607 3493 4679 ἀπειπάμενοι
3523 4608 3709 4678 κόσμῳ
3741 4605 3803 4677 li.

555 4722 678 4762 cum
727 4706 1136 4762 renuntiassent
1161 4705 1385 4772 mundo,
1417 4713 1472 4762 et
1518 4706 1694 4773 carni,
1729 4716 1786 4764 et
1813 4708 2066 4781 sanguini
2106 4725 2122 4775 ;

2231 4694 2462 4769 κόσμον]
2495 4696 2674 4769 σάρκα
2702 4697 2799 4752 καὶ
2821 4691 2981 4768 αἷμα,
3027 4696 3124 4752 καὶ
3151 4696 3328 4768 εύαφῆ
3379 4697 3482 4768 τὴν
3529 4697 3630 4766 τῆς
3677 4696 3808 4749 ὐπο-

554 4807 605 4852 et
643 4812 811 4852 suave
836 4797 941 4853 sibi
969 4797 1293 4854 obedientize
1333 4798 1522 4871 jugum
1558 4798 1999 4870 imposuissent?
2031 4800 2127 4856 sed

2235 4791 2406 4862 ταγῆς
2447 4789 2680 4863 ζεύγλην
2732 4793 2943 4856 ἑαυτοῖς
2991 4790 3399 4862 ύποθέμενοι;),
3433 4789 3550 4845 ἀλλ’
3580 4791 3664 4845 ὅτι
3713 4789 3806 4844 τοῦ

553 4885 678 4956 quia
708 4893 1036 4957 postremam
1073 4887 1468 4944 beatitudinem
1505 4888 1688 4960 adepti
1728 4896 1860 4945 sunt
1904 4897 2131 4961 propter

2235 4883 2538 4956 ἀκροτάτου
2573 4881 2927 4954 μακαρισμοῦ
2979 4881 3315 4953 τετυχήκασι
3364 4882 3456 4938 διὰ
3483 4881 3686 4954 Κύριον
3714 4881 3804 4932 δεο

555 4976 842 5032 Dominum
871 4979 1304 5048 persecutionem
1333 4981 1501 5050 passi,
1527 4980 1711 5037 afﬂicti
1731 5022 1747 5047 ,
1777 4988 1834 5038 et
1871 4981 1928 5036 in
1959 4997 2134 5055 angn-

2235 4976 2544 5048 διωγμένοι,
2595 4973 2922 5046 θλιϐόμενοι,
2973 4975 3071 5029 καὶ
3126 4973 3641 5046 στενοχωρούμενοι.
3698 4973 3806 5026 Καὶ

555 5068 686 5124 stias
709 5067 933 5124 redacti.
967 5070 1145 5140 Atque
1179 5071 1266 5127 bis
1301 5073 1486 5128 nullus
1525 5081 1610 5128 est
1641 5073 1736 5145 qui
1768 5075 2129 5143 contradicat,

2237 5069 2372 5144 πρὸς
2397 5067 2570 5123 ταῦτα
2611 5067 2790 5132 οὐδεὶς
2820 5067 2849 5120 ό
2881 5066 3199 5137 ἀντιλέγων,
3240 5066 3274 5139 ἦ
3301 5067 3352 5121 ot
3377 5066 3440 5120 τὸ
3477 5063 3804 5134 Εὑαγγέλιον

553 5165 750 5229 praeter
776 5172 871 5215 eos
895 5159 988 5230 qui
1019 5160 1368 5231 Evangelium
1407 5171 1855 5235 contempserunt
1884 5164 2121 5223 infames

2235 5161 2562 5233 ὴθετηκότες
2601 5157 2909 5230 δυσώνυμοι
2937 5160 3276 5231 Μοιχειανοί.
3306 5159 3418 5214 Καὶ
3459 5158 3541 5230 τῷ
3579 5157 3675 5228 μιν
3706 5155 3801 5208 Φί-

554 5249 864 5306 Μαιοιιῑοιιὶ.
905 5249 972 5306 Ει
1009 5251 1155 5320 quod
1185 5252 1255 5307 ad
1303 5249 1586 5309 Philonem
1632 5254 1852 5325 quidem
1913 5256 2129 5320 attinet,

2235 5252 2358 5307 λωνι
2385 5252 2538 5322 φίλον
2575 5250 2738 5322 μέχρι
2764 5249 2917 5306 τοῦδε
2961 5251 3160 5322 στῆσαι
3195 5250 3290 5306 τὸν
3341 5251 3564 5310 ἔπαινον
3590 5266 3605 5282 ο
3629 5247 3697 5302 τά
3748 5246 3804 5299 δὲ

557 5342 665 5415 huc
701 5357 871 5412 usque
901 5341 1117 5398 laudem
1169 5343 1290 5414 ejus
1328 5345 1584 5416 prosequi
1632 5347 1857 5417 placuit.
1913 5345 2131 5420 Egregii

2235 5343 2324 5397 τοῦ
2380 5342 2547 5398 καλοῦ
2575 5342 2866 5408 Φιλίππου,
2903 5341 3076 5397 πολλὰ
3120 5341 3547 5413 κατορθώματα,
3579 5340 3616 5395 ἃ.
3645 5338 3806 5399 αὐτὸς

552 5449 682 5489 vero
719 5431 957 5504 Philippi
988 5433 1158 5488 multa
1181 5445 1312 5490 sunt
1335 5437 1592 5504 praeclara
1619 5435 1883 5506 facinora,
1917 5455 2039 5509 quae
2072 5447 2132 5494 tu

2235 5435 2654 5507 προκατέλεξας.
2689 5435 2834 5504 Ἐγὼ
2865 5436 2945 5499 δὲ,
2993 5436 3132 5505 πρὸς
3177 5439 3290 5500 τοῖς
3322 5434 3650 5508 εἰρημένοις,
3709 5432 3806 5486 καὶ

553 5524 670 5595 ipse
707 5524 1090 5596 percensuisti.
1151 5523 1266 5597 Ego
1293 5541 1422 5582 vero
1447 5567 1463 5592 ,
1502 5535 1698 5599 prater
1725 5529 1814 5584 illa
1838 5545 1960 5601 qua:
1990 5529 2132 5585 dicta

2237 5529 2298 5581 τὸ
2343 5527 2618 5583 ἄπλαστον
2671 5526 2840 5583 αὐτοῦ
2890 5528 2986 5582 καὶ
3031 5528 3289 5600 ἀκέραιον
3326 5527 3610 5598 θαυμάζω,
3659 5526 3718 5579 τό
3747 5542 3805 5578 τε

553 5619 684 5668 sunt
715 5651 731 5678 ,
763 5613 1167 5685 simplicitatem
1197 5616 1316 5687 ejus
1356 5625 1409 5672 et
1458 5615 1826 5674 innocentiam
1865 5619 2128 5684 demiror,

2236 5619 2529 5691 ἀόργητον.
2565 5622 2660 5675 καλ⁷
2703 5620 3102 5692 άμνσισίκακον,
3141 5619 3554 5692 φιλοσύμπαθές
3598 5636 3656 5672 τε
3710 5618 3807 5671 καὶ

553 5705 698 5776 quod
733 5706 825 5762 iraa
871 5707 1110 5775 nescius,
1163 5709 1309 5780 quod
1360 5725 1468 5766 non
1516 5726 1727 5767 memor
1778 5711 2126 5782 injuriarum,

2238 5709 2582 5782 φιλάδελφον,
2608 5711 2834 5782 εύήκοόν
2864 5729 2926 5766 τε
2963 5713 3057 5767 καὶ
3089 5711 3439 5783 ἀνολίγωρον,
3471 5709 3568 5764 καὶ
3619 5710 3803 5760 συντό-

557 5796 892 5867 compatiens
914 5807 969 5855 ct
996 5814 1186 5856 amans
1218 5799 1465 5867 fratrum,
1501 5800 1904 5873 obtemperans,
1938 5809 1994 5859 et
2025 5817 2126 5858 nc-

2242 5817 2360 5873 μως
2411 5801 2607 5868 εἰπεῖν,
2645 5801 2873 5870 ἀπαθὲς,
2903 5803 2962 5870 ἐξ
3007 5797 3069 5860 οὗ
3123 5803 3218 5860 καὶ
3269 5803 3333 5859 τὸ
3388 5801 3806 5864 εὐκατάνυκτον.
