4044 6366
555 440 697 507 1087

1745 435 1807 494 S.
1836 429 2228 492 THEODORI
2269 429 2613 489 STUDl'l‘Ji

3667 415 3798 478 1038

551 557 682 612 fecit
724 555 781 610 in
825 549 1282 613 circumcisione;
1325 546 1470 618 quod
1517 559 1746 616 magnus
1789 542 2024 596 Basilius
2067 539 2118 592 in

2255 536 2315 589 οῦ
2341 538 2578 607 μεγάλου
2605 535 2883 590 Βασιλείου
2907 535 2998 586 ἐπὶ
3023 533 3116 587 τοῦ
3143 533 3304 600 ἁγίου
3326 532 3669 602 Πνεύματοςσ
3697 533 3811 605 οἷος

551 648 756 714 Spiritu
786 653 978 700 sancto
1013 665 1026 699 :
1063 643 1214 698 velut
1233 642 1396 696 etiam
1425 638 1569 708 quod
1602 651 1751 691 nunc
1782 635 2001 689 divinus
2022 634 2116 702 Cy.

551 740 726 794 rillus.
775 735 907 803 Quae
949 735 1018 790 ad
1063 743 1279 804 tempus
1319 729 1532 798 aliquod
1569 728 1729 790 facta,
1761 725 1898 780 nihil
1929 725 2128 780 habent

551 825 982 902 reprehensione
1012 826 1258 897 dignum,
1280 838 1383 877 nec
1406 820 1701 876 absurdum
1729 818 1835 873 ulla
1861 833 1925 872 ex
1951 825 2128 886 parte,

553 932 648 977 aut
704 921 1000 976 illicitum:
1049 917 1334 971 remissum
1386 923 1566 968 tamen
1617 911 1874 982 quiddam
1914 919 1969 964 et
2018 924 2130 963 non

554 1015 771 1085 penitus
804 1019 1136 1067 accuratum.
1169 1009 1226 1063 Id
1254 1008 1534 1061 enimvero
1566 1005 1766 1060 dicitur
1796 1004 2133 1074 dispensatio

554 1106 623 1159 ad
665 1115 894 1172 tempus.
929 1101 1114 1170 Neque
1143 1101 1289 1154 enim
1335 1097 1453 1152 ﬁeri
1501 1105 1699 1167 potest,
1723 1105 1783 1152 ut
1829 1096 2074 1151 medicus
2101 1110 2134 1150 e

555 1197 786 1266 vestigio
826 1194 1076 1248 morbum
1107 1192 1173 1245 ab
1217 1207 1361 1261 aegro
1405 1189 1657 1259 depellat,
1693 1204 1871 1258 neque
1897 1197 1954 1242 nt
1978 1188 2134 1243 indo-

556 1289 748 1343 mitnm
774 1303 994 1358 equum,
1035 1294 1128 1340 aut
1169 1286 1374 1340 siccum
1406 1299 1642 1349 ramum,
1674 1283 1823 1337 illum
1854 1284 2008 1338 freno
2033 1283 2134 1337 ob-

557 1389 897 1449 sequentem,
948 1380 1093 1434 hunc
1121 1387 1329 1433 rectum
1373 1377 1556 1431 statim
1593 1376 1784 1430 reddat
1809 1376 1902 1445 qui
1937 1375 1990 1429 in
2019 1375 2136 1430 istis

561 1473 724 1526 rebus
749 1481 993 1527 versatus
1025 1480 1108 1525 est
1140 1489 1154 1523 :
1204 1471 1307 1525 nisi
1337 1470 1596 1540 paulatim
1623 1468 1916 1524 blanditias
1940 1476 1994 1522 et
2050 1482 2139 1522 as-

559 1564 914 1626 sentationes,
934 1571 987 1617 et
1009 1563 1198 1617 molles
1227 1561 1354 1616 item
1384 1559 1794 1616 attrectationes
1810 1567 1867 1615 et
1889 1558 2138 1614 inﬂexio-

559 1671 660 1709 nes
683 1654 959 1708 adhibeat.

632 1746 831 1799 Eodem
877 1746 1038 1799 modo
1090 1745 1264 1800 sancti
1331 1745 1383 1798 in
1417 1743 1919 1815 dispensationibus
1952 1762 1964 1798 :
1999 1753 2059 1799 ut
2087 1753 2141 1798 et

562 1834 618 1887 in
671 1835 771 1888 hac
811 1835 926 1903 ipsa
969 1849 1197 1902 magnus
1236 1833 1485 1904 Cyrillns.
1537 1832 1942 1902 Aliquantisper
1991 1831 2140 1887 enim

2236 631 2328 682 καὶ
2355 630 2413 682 τὸ
2445 629 2540 682 νῦν
2568 628 2661 682 τοῦ
2684 628 2830 681 θείου
2853 626 3142 698 Κυρὶλλου.
3170 626 3236 679 Ἀ
3269 625 3431 696 μέχρι
3457 625 3608 688 τινὸς
3627 625 3813 696 καιροῦ

2233 722 2512 789 γινόμενα,
2543 718 2697 773 οὐδὲν
2725 719 2838 789 ἔχει
2881 718 2940 772 τὸ
2985 716 3254 788 μεμπτὸν,
3285 717 3408 770 οὐδὲ
3459 716 3524 769 τὸ
3567 717 3709 770 κατά
3757 734 3813 770 τι

2235 813 2445 883 ἀπηχὲς
2482 813 2578 866 καὶ
2611 811 2869 880 ἔκνομον’
2907 808 3198 879 ὑφειμένον
3227 809 3273 862 δ’
3303 808 3397 864 οὖν
3416 810 3568 880 ὅμως
3599 809 3694 862 καὶ
3718 809 3819 863 οὒκ

2236 905 2377 971 ἄγαν
2404 902 2652 974 ἀκριϐές.
2689 901 2862 955 Τοῦτο
2883 900 2993 972 γὰρ
3020 902 3052 972 ὴ
3080 900 3363 970 οἰκονομία
3385 901 3419 969 ἡ
3445 902 3583 970 πρὸς
3606 900 3818 970 καιρόν.

2237 996 2390 1065 Μηδὲ
2435 997 2544 1066 γὰρ
2577 995 2803 1050 δυνατὸν
2844 993 3029 1066 ίατρὸν
3060 992 3152 1046 τὸν
3182 992 3583 1064 ὴρῤωστηκότα
3626 991 3822 1046 θᾶττον

2238 1085 2549 1148 ἀπαλλάξαι
2591 1088 2691 1154 τῆς
2721 1084 2902 1146 νόσου,
2937 1083 3065 1154 μήτ’
3097 1081 3167 1136 αὖ
3195 1083 3361 1135 ῖππον
3387 1083 3626 1152 ἀκρατῆ,
3656 1081 3693 1149 ἢ
3723 1080 3821 1150 Eq-

2243 1178 2335 1249 pbv
2361 1176 2614 1248 πτόρθον,
2648 1177 2738 1229 τὸν
2794 1177 2892 1246 μὲν
2941 1173 3242 1244 εύχάλινον,
3291 1173 3384 1226 τὸν
3424 1173 3482 1226 δὲ
3522 1171 3824 1240 εὖθύτομον

2241 1267 2476 1337 ἐξαυτῆς
2529 1267 2996 1338 καταστήσασθαι,
3046 1268 3096 1320 el
3143 1265 3216 1336 μὴ
3261 1266 3373 1328 τοῖς
3422 1263 3566 1318 κατὰ
3627 1263 3825 1333 μικρὸν

2243 1359 2595 1428 ποππυσμοῖς
2626 1375 2686 1411 τε
2729 1357 2826 1412 καὶ
2863 1357 3260 1429 κολακεύμασι,
3301 1355 3576 1426 μαλακαῖς
3621 1370 3682 1405 τε
3729 1353 3827 1406 καὶ

2243 1449 2563 1522 ἐπικλήσεσι
2601 1451 2907 1520 χρώμενον,
2953 1447 3046 1501 τὸν
3102 1446 3211 1502 τῶν
3252 1443 3516 1499 τοιούτων
3565 1441 3827 1513 ἐμπειρό-

2244 1557 2424 1597 τατον.

2317 1740 2474 1793 Οὕτω
2507 1741 2610 1794 κάν
2647 1741 2756 1803 τοῖς
2784 1739 2956 1809 ἁγίοις
2982 1742 3039 1793 ὲν
3067 1741 3187 1804 ταῖς
3217 1738 3552 1808 οἰκονομίαις
3571 1754 3586 1770 ο
3629 1738 3706 1802 ὡς
3737 1740 3829 1793 καὶ

2250 1830 2503 1902 Κυρὶλλῳ
2537 1836 2614 1902 τῷ
2651 1831 2872 1901 μεγάλῳ
2917 1831 2974 1882 ἐν
3018 1829 3177 1900 τῷδε.
3219 1830 3435 1901 Μικρὸν
3466 1831 3575 1898 γὰρ
3607 1831 3828 1893 πάντως

563 1921 825 1973 sustinuit
853 1919 1208 1974 Orientalium
1254 1922 1584 1983 tarditatem,
1610 1937 1703 1976 seu
1726 1921 1917 1975 vitium
1945 1922 2136 1986 animi,

2253 1923 2470 1994 ivépave
2492 1924 2600 1976 τῶν
2627 1925 2982 1978 Ἀνατολικῶν
2997 1925 3054 1978 τὸ
3080 1923 3395 1994 βραδύνουν,
3420 1923 3452 1990 ἢ
3481 1922 3826 1992 προσπαθὲς,

565 2021 625 2066 ιιι
659 2013 972 2068 lucreticum
1009 2029 1116 2067 non
1149 2013 1522 2068 existimarent
1553 2030 1699 2075 cum,
1729 2013 1822 2082 qui
1855 2013 2142 2068 luereticus

567 2106 742 2174 reipsa
776 2115 908 2159 crat.
946 2105 1083 2171 Quid
1115 2106 1260 2159 enim
1319 2106 1496 2174 potius
1525 2115 1729 2175 ageret,
1761 2121 1885 2160 cum
1943 2106 2134 2160 ortho-

567 2197 761 2250 doxam
783 2197 857 2250 illi
887 2197 1044 2252 ﬁdem
1071 2196 1471 2266 profiterentur,
1492 2197 1544 2249 in
1576 2197 1675 2249 hoc
1700 2196 1996 2266 etiamipso
2016 2212 2142 2252 eum

567 2303 728 2358 quem
769 2289 1288 2354 commemorabam,
1347 2288 1870 2344 anathematizantes
1899 2289 1923 2342 ?
1953 2288 2149 2344 Omnis

569 2382 836 2451 siquidem
883 2383 974 2452 qui
1026 2383 1364 2438 orthodoxus
1409 2383 1574 2438 estin
1609 2384 1882 2449 omnibus,
1922 2399 2142 2439 omnem

570 2474 911 2536 haereticum,
945 2473 986 2528 si
1023 2475 1203 2529 minus
1239 2479 1426 2539 vcrho,
1459 2483 1514 2528 at
1553 2475 1756 2530 virtute
1785 2476 2147 2530 anathemati-

569 2569 675 2616 zat.
733 2560 928 2617 Postea
958 2577 1090 2616 vero
1118 2578 1239 2616 cum
1295 2565 1534 2631 perfecta
1575 2563 1706 2632 ipsis
1735 2578 1892 2617 mens
1920 2563 2145 2627 aﬂulsit,

571 2662 705 2708 tunc
749 2669 873 2708 cum
910 2654 1014 2708 illis
1041 2670 1104 2709 ex
1138 2669 1293 2724 aequo
1325 2655 1377 2707 in
1405 2654 1662 2709 omnibus
1682 2664 1902 2710 sanctus
1923 2655 2146 2712 coaluit.

570 2747 768 2798 Annon
796 2752 852 2798 et
883 2759 985 2798 nos
1033 2743 1174 2798 idem
1205 2746 1384 2798 facere
1424 2743 1674 2800 videmur
1700 2745 1724 2798 ?
1749 2745 1840 2815 qui
1872 2746 2148 2801 interdum

572 2835 849 2889 nonnullis
873 2849 1060 2889 eorum
1087 2834 1178 2904 qui
1199 2835 1480 2890 nobiscum
1507 2835 1775 2900 sentiunt,
1808 2837 1860 2890 in
1884 2853 1944 2892 re
1971 2837 2150 2908 aliqua

572 2927 1026 2997 discrepantibus,
1055 2926 1109 2980 in
1148 2943 1252 2996 qua
1287 2943 1394 2981 non
1428 2943 1623 2998 magna
1649 2927 1722 2982 sit
1753 2929 2018 2992 molestia,
2049 2945 2150 3000 pa-

575 3034 808 3088 rumque
832 3035 860 3072 a
896 3033 1109 3074 summo
1134 3019 1258 3089 jure
1301 3019 1614 3074 discedatur
1642 3037 1656 3086 ;
1690 3020 1930 3090 ipsorum
1954 3022 2153 3091 nihilo-

574 3110 757 3166 minus
793 3113 1232 3165 eommunionem
1269 3111 1630 3176 admittimus,
1666 3127 1735 3166 ne
1765 3122 1989 3183 propter
2038 3114 2153 3170 exi-

575 3219 738 3273 guum
757 3204 1054 3274 quidpiam,
1078 3205 1220 3274 quod
1245 3205 1402 3274 paulo
1421 3215 1544 3275 post
1562 3205 1753 3276 corrigi
1776 3216 1956 3276 queat,
1978 3216 2148 3262 totum

577 3295 890 3349 amittamus
927 3313 940 3350 :
993 3297 1137 3364 quod
1181 3296 1397 3364 quidem
1431 3296 1806 3365 imperitorum
1834 3305 1998 3360 esset,
2038 3313 2148 3351 non

579 3400 761 3444 autem
803 3405 990 3444 eorum
1032 3392 1123 3460 qui
1155 3391 1558 3460 dispensatores
1611 3401 1738 3446 sunt
1767 3394 2149 3464 mysteriorum

584 3482 697 3536 Dei.
729 3482 842 3537 Hoc
893 3482 1054 3554 igitur
1078 3492 1162 3537 est
1212 3483 1277 3537 ad
1313 3491 1526 3552 tempus
1551 3498 1833 3539 sermones
1864 3502 2152 3556 moresque

581 3574 895 3643 dispensare
943 3573 995 3628 in
1039 3574 1262 3643 judicio,
1321 3582 1376 3628 et
1421 3575 1670 3639 veritate,
1704 3591 1767 3630 ac
1813 3577 1930 3646 lege
1968 3595 1980 3631 :
2039 3593 2150 3632 non

583 3674 764 3718 autem
799 3666 850 3717 in
887 3665 1267 3733 iniquitate'ac
1297 3665 1580 3721 mendacio
1615 3666 1668 3720 in
1701 3667 2038 3723 universum.
2076 3668 2155 3724 Ne

584 3756 796 3826 linguas
822 3764 1044 3828 exerunt
1073 3756 1178 3812 hoc
1203 3756 1320 3812 loco
1351 3755 1637 3812 Mmchiani
1673 3775 1687 3825 ;
1717 3774 1892 3830 neque
1929 3764 2027 3816 viae
2054 3764 2154 3817 du-

585 3863 702 3899 cem
735 3856 926 3916 putent
955 3864 1077 3901 eum
1101 3847 1191 3918 qui
1220 3849 1520 3918 praecipitet
1548 3867 1561 3914 ;
1593 3865 1690 3906 nec
1715 3851 2156 3923 gubernatorem,

585 3936 676 4006 qui
717 3936 992 4008 demergat
1027 3954 1042 4001 ;
1091 3954 1191 3992 nec
1217 3939 1452 4008 denique
1483 3940 1770 4005 medicum,
1813 3943 1907 4012 qui
1941 3944 2160 4000 morbos

587 4028 846 4095 inducat;
877 4029 1064 4099 quales
1088 4029 1192 4100 ipsi
1235 4030 1404 4087 fuisse
1438 4031 1708 4099 videntur,
1744 4035 1834 4104 qui
1867 4051 1990 4089 cum
2023 4052 2158 4092 mmo

586 4121 692 4175 cho
737 4121 991 4176 mmchati
1053 4131 1200 4187 sunt,
1257 4138 1379 4178 cum
1427 4124 1798 4180 adulterorum
1849 4127 2162 4196 copulatore

587 4213 862 4268 adulteros
904 4214 1317 4284 copulaverunt,
1345 4230 1468 4270 cum
1503 4217 1594 4270 Dei
1625 4228 1943 4273 accusatore
1994 4220 2160 4274 Deum

587 4312 1003 4364 accusaverunt.
1046 4320 1168 4360 cum
1206 4305 1480 4377 Evangelii
1528 4307 1874 4363 destructore
1918 4308 2164 4380 Evange-

590 4395 722 4448 lium
747 4395 1242 4451 condestruxerunt
1269 4412 1423 4452 more
1443 4398 1676 4452 canino:
1704 4400 1783 4454 sic
1813 4401 1960 4456 enim
1985 4403 2166 4472 aptius

589 4485 738 4554 loqui
761 4486 937 4542 liceat.
960 4486 1273 4544 Dioscorum
1294 4498 1473 4544 autem
1491 4489 1915 4546 Alexandrinum
1947 4492 2166 4549 inereti—

2243 2015 2378 2084 πρὸς
2405 2016 2465 2068 τὸ
2490 2017 2764 2084 αἱρετικὸν
2801 2017 2874 2088 μὴ
2910 2015 3312 2086 ὑπολαμϐάνειν
3347 2015 3439 2068 τὸν
3469 2017 3638 2078 ὅντως
3665 2015 3828 2084 αἱρε-

2242 2107 2414 2160 τικόν.
2442 2107 2506 2158 Τί
2529 2107 2638 2178 γὰρ
2667 2103 2736 2178 ἦν
2756 2108 2883 2162 ἄλλο
2908 2108 2969 2162 τὸ
2995 2107 3345 2178 μεσολαϐοῦν,
3386 2106 3474 2160 ἐπ’
3507 2107 3571 2161 ἂν
3597 2106 3824 2176 690066-

2247 2195 2352 2262 ξως
2389 2199 2689 2269 ἐκήρυττον
2741 2198 2841 2270 τὴν
2899 2199 3107 2263 πίστιν,
3153 2199 3257 2254 κάν
3309 2200 3482 2270 τούτῳ
3525 2198 3686 2252 αὑτὸν
3739 2201 3831 2252 τ“ν

2249 2293 2721 2362 μνημονευόμενον
2778 2295 2958 2355 αὐτοῖς
3005 2294 3536 2364 άναθεματὶζοντεςς
3601 2295 3828 2364 Ἐπειδὴ

2249 2385 2355 2448 πᾶς
2377 2384 2676 2455 ὀρθοθοξῶν
2721 2387 2858 2440 κατὰ
2887 2387 3088 2449 πάντα,
3130 2388 3308 2441 πάντα
3341 2387 3618 2458 αἱρετικὸν
3663 2388 3830 2441 δυνά-

2251 2489 2364 2544 μει.
2397 2474 2502 2529 κᾶν
2541 2475 2602 2527 ού
2633 2474 2863 2546 ῥήματι,
2893 2475 3300 2546 άναθεματίζει.
3330 2478 3560 2531 Ἔπειτα
3602 2479 3697 2531 ὅτε
3732 2480 3830 2531 αὑ-

2247 2567 2360 2627 τοῖς
2385 2565 2588 2634 ἀνῆψεν
2619 2567 2647 2618 ό
2669 2566 2872 2629 τέλειος
2910 2566 3054 2631 νοῦς,
3082 2569 3200 2621 τότε
3243 2568 3428 2631 αὐτοῖς
3461 2568 3834 2638 συναφθέντος

2249 2656 2388 2708 κατὰ
2412 2655 2589 2708 πάντα
2619 2655 2714 2710 τοῦ
2738 2656 2892 2724 ἁγίου
2917 2655 3069 2719 ἴσως.
3087 2657 3158 2710 Ἦ
3187 2656 3308 2726 οὐχὶ
3335 2658 3430 2711 καὶ
3447 2659 3606 2728 ἡμεῖς
3631 2659 3694 2710 τὸ
3729 2658 3827 2713 αύο

2249 2743 2310 2798 τὸ
2336 2743 2618 2809 ποιοῦντες
2639 2744 2975 2816 φαινόμεθας
3013 2746 3167 2799 Ἔσθ’
3192 2747 3282 2800 ὅτε
3319 2749 3485 2802 τινῶν
3506 2750 3833 2818 ὁμογνωμό-

2251 2851 2358 2889 νων
2391 2837 2522 2905 ἡμῖν
2568 2837 2710 2890 κατὰ
2755 2853 2805 2890 τι
2851 2835 3296 2908 διαφερομένων·
3323 2837 3453 2891 ἔνθα
3482 2839 3541 2892 οὐ
3583 2840 3732 2892 πολῦ
3776 2839 3832 2892 τὸ

2251 2928 2474 2994 λυποῦν,
2513 2928 2558 3000 ἢ.
2580 2927 2804 2993 ὲξιστῶν
2827 2931 2923 3000 τῆς
2941 2929 3227 3000 ἀκριϐείας
3245 2945 3260 2963 ο
3296 2931 3390 2984 καὶ
3419 2931 3568 3001 ὅμως
3592 2931 3832 2985 καταδε-

2252 3022 2460 3093 χόμεθα
2494 3023 2594 3093 τὴν
2629 3023 2764 3092 πρὸς
2792 3023 2985 3086 αὐτοὺς
3014 3024 3302 3078 κοινωνίαν
3326 3040 3340 3055 °
3388 3024 3477 3078 ἵνα
3513 3025 3584 3096 μὴ
3614 3024 3711 3079 διὰ
3744 3043 3834 3095 μι-

2255 3113 2386 3184 κρόν
2430 3129 2484 3165 τι
2537 3113 2732 3183 μικρὸν
2781 3111 3027 3184 ὕστερον·
3053 3113 3348 3185 δυνάμενον
3393 3115 3835 3187 κατορθωθῆναι,

2255 3201 2610 3270 ἀπολέσωμεν
2634 3204 2697 3256 τὸ
2724 3206 2858 3258 πᾶνο
2886 3202 3046 3258 τοῦτο
3067 3204 3123 3257 δὲ
3143 3205 3404 3276 ἀτέχνων,
3427 3205 3523 3260 καὶ
3539 3206 3598 3258 οὒ
3625 3223 3836 3276 μυστηο

2257 3290 2386 3360 ρίων
2417 3291 2553 3345 Θεοῦ
2579 3294 2898 3364 οἰκονόμων.
2929 3293 3184 3348 Τοιοῦτον
3217 3294 3318 3365 μὲν
3366 3295 3426 3349 τὸ
3474 3294 3606 3367 πρὸς
3643 3296 3838 3366 καιρὸν

2251 3384 2556 3454 οἰκονομεῖν
2599 3387 2728 3450 τοὺς
2767 3385 2962 3454 λόγους
2988 3385 3088 3458 ,καὶ
3127 3387 3254 3451 τοὺς
3283 3387 3517 3459 τρόπους
3552 3388 3608 3441 ἐν
3651 3388 3833 3460 κρίσει

2253 3478 2345 3530 καὶ
2378 3477 2609 3549 ἀληθείᾳ
2646 3481 2738 3532 καὶ
2773 3479 2950 3550 νόμῳο
2982 3479 3098 3534 ἀλλ’
3133 3479 3235 3534 οὐκ
3273 3481 3334 3534 ἐν
3373 3481 3698 3552 παρανομίᾳ
3743 3481 3837 3535 καὶ

2251 3567 2438 3638 ψεύδει
2458 3569 2519 3623 τὸ
2545 3571 2791 3625 καθόλου.
2823 3570 2911 3643 Μὴ
2945 3571 3444 3643 προδαλλέσθωσαν
3464 3573 3560 3636 τάς
3581 3573 3837 3641 γλώσσας

2254 3661 2305 3714 οἱ
2334 3661 2647 3730 Μοιχειανοῖ-
2669 3659 2899 3714 ἐνταῦθα
2916 3677 2930 3691 ’
2956 3662 3091 3732 μηδὲ
3110 3663 3200 3716 τὸν
3221 3662 3582 3733 χειραγωγὸν,
3601 3679 3838 3733 κρημνι·

2257 3755 2388 3824 στὴν
2435 3755 2765 3808 οἰέσθωσανο
2807 3755 2939 3826 μηδὲ
2985 3759 3076 3808 τὸν
3115 3754 3838 3828 κυϐερνήτην,καταποντι-

2259 3847 2410 3916 στήν.
2436 3846 2574 3918 Μηδ’
2618 3846 2684 3901 ἂν
2727 3846 2818 3898 τὸν
2871 3847 3075 3918 ἰατρὸν,
3121 3847 3437 3901 νοσοποιόν·
3481 3840 3628 3918 ᾧπερ
3683 3849 3839 3902 αὐτοὶ

2257 3937 2640 4010 ὡμοιώθησαν,
2663 3939 2740 4009 τῷ
2774 3939 2947 4010 μοιχῷ
2979 3938 3505 4009 συμμοιχεύσαντες,
3535 3938 3610 4009 τῷ
3650 3957 3839 4010 μοιχο-

2260 4027 2461 4100 ζεύκτῃ
2493 4029 2868 4096 συζεύξαντες,
2899 4027 2976 4099 τῷ
3000 4029 3386 4100 θεοκατηγόρῳ
3412 4028 3839 4101 συνθεοκατηγο-

2262 4122 2550 4192 ρήσαντες,
2573 4121 2650 4190 τῷ
2675 4120 3096 4193 εὐαγγελιολύτῃ
3122 4122 3841 4191 συνευαγγελιολυτήσαντες

2263 4213 2537 4277 κυνικῶς·
2569 4212 2709 4267 οὕτω
2752 4214 2859 4284 γὰρ
2913 4214 3121 4284 φράσαι
3168 4215 3511 4284 οἱκειότερον.
3550 4213 3841 4284 Διόσκορον

2261 4305 2320 4358 δὲ
2357 4303 2481 4368 ποῦ,
2509 4305 2543 4376 ἢ
2587 4304 2726 4367 πῶς,
2761 4304 2852 4358 τὸν
2890 4305 3300 4377 Ἀλεξανδρείας
3329 4307 3606 4378 αἱρετικὸν
3631 4305 3840 4377 Κύριλ-

2264 4396 2354 4459 λος
2379 4398 2407 4450 ό
2441 4397 2582 4461 θεῖος
2608 4397 2854 4464 ἐδέξατο,
2891 4397 2968 4462 ὥς
3001 4415 3168 4468 φασιν
3192 4400 3240 4452 οἱ
3274 4398 3611 4468 Μοιχειανοὶ,
3637 4401 3688 4451 οἱ
3713 4398 3840 4468 περὶ

2264 4487 2327 4540 τὸ
2363 4487 2478 4556 φῶς
2523 4489 2806 4551 σκοτεινοὶ,
2856 4489 2906 4542 οἱ
2955 4490 3250 4560 κατήγοροι
3291 4487 3402 4541 τῶν
3438 4471 3644 4556 ἁγίωνς
3699 4487 3838 4542 Οὔτε

590 4594 714 4633 cum
753 4579 1109 4642 ubinam,aut
1129 4581 1399 4650 quomodo
1423 4580 1640 4636 divinus
1657 4582 1888 4653 Cyrillus
1907 4586 2150 4656 suscepit

2268 4577 2536 4650 ἠκούσθη,
2574 4577 2698 4632 οὔτε
2735 4579 2896 4648 φύσιν
2944 4579 3058 4650 ἔχει
3108 4580 3168 4633 τὸ
3214 4579 3410 4650 ψεῦδος
3456 4580 3664 4633 αὐτῶνθ
3705 4579 3839 4633 διότι

591 4681 652 4724 ιιι
682 4669 970 4726 ὸίωοιιίαιιὶ
997 4671 1208 4732 dicunt,
1234 4671 1288 4725 in
1317 4670 1496 4726 media
1520 4671 1641 4726 luce
1669 4673 1820 4737 caeci,
1849 4683 2160 4730 sanctorum

590 4763 968 4818 criminatores
998 4764 1023 4816 ?
1048 4778 1148 4817 nec
1169 4763 1412 4817 auditum
1434 4763 1484 4817 id
1512 4779 1776 4834 unquam,
1803 4781 1904 4820 nec
1925 4766 2160 4835 speciem

593 4852 756 4907 ullam
788 4853 949 4908 habet
979 4852 1205 4907 istorum
1224 4853 1564 4908 mendacium
1591 4870 1607 4918 ;
1635 4869 1755 4908 cum
1783 4855 2055 4924 posterior
2076 4856 2164 4911 ille

593 4941 778 4997 divino
801 4941 1000 5013 Cyrillo
1046 4941 1226 4996 fuerit.
1261 4940 1507 5008 Quonam
1535 4941 1701 5013 igitur
1733 4943 1896 5000 modo
1921 4958 2047 4999 eum
2070 4944 2161 5015 qui

593 5043 718 5106 post
751 5035 922 5089 sancti
959 5035 1168 5089 obitum
1210 5035 1500 5091 hrcreticus
1543 5035 1783 5091 innotuit
1814 5045 2060 5107 tempore
2083 5037 2163 5091 la-

594 5126 872 5181 trocinalis
906 5125 1192 5196 Ephesium
1216 5127 1426 5197 synodi,
1460 5134 1582 5198 post
1622 5128 1836 5182 tertiam
1871 5137 2114 5184 sanctam
2146 5145 2162 5193 ;

595 5217 684 5272 ille
717 5227 956 5280 sanctus,
982 5217 1094 5287 jam
1125 5218 1245 5274 coeli
1291 5219 1447 5274 sedes
1472 5219 1724 5289 adeptus,
1770 5221 2052 5292 suscepit?
2076 5219 2168 5276 Sic

597 5324 793 5379 nempe
818 5308 1174 5374 mentiuntur,
1216 5308 1424 5365 fabulas
1446 5317 1716 5376 texentes,
1751 5320 1812 5366 ut
1838 5310 2165 5382 simplicium

596 5401 808 5456 animas
831 5409 1190 5470 aucupentur.

647 5487 927 5559 Quocirca
958 5493 1108 5546 omni
1154 5500 1270 5548 arte
1310 5508 1375 5549 ac
1409 5492 1635 5549 scientia
1682 5493 1932 5563 satagite,
1963 5503 2024 5548 ut
2046 5507 2164 5549 ser-

595 5593 816 5654 pentem
845 5591 900 5638 et
927 5599 1060 5639 voce
1091 5583 1405 5655 serpentina
1432 5585 1720 5654 loquentes
1750 5584 2055 5647 declinetis,
2070 5600 2164 5654 per

597 5693 736 5745 quos
787 5676 1068 5746 perierunt
1093 5692 1255 5746 quam
1293 5676 1512 5747 plurimi
1535 5691 1566 5730 a
1593 5675 1943 5746 generatione
1974 5675 2030 5729 in
2073 5689 2164 5745 ge-

600 5768 958 5822 nerationem.
1002 5768 1076 5823 De
1116 5770 1237 5825 aliis
1277 5786 1405 5824 vero
1449 5767 1969 5838 interrogationibus
2014 5767 2165 5822 tuis:

605 5857 661 5913 Si
699 5858 987 5929 episcopus
1034 5859 1452 5931 Moechusynodo
1483 5873 1590 5914 non
1615 5857 1947 5924 interfuerit,
1978 5867 2166 5915 vocet-

2272 4669 2730 4742 μεταγενέστερός
2772 4671 2888 4723 ἐστι
2941 4669 3036 4723 τοῦ
3083 4669 3226 4724 θείου
3261 4670 3554 4742 Κυρίλλου.
3595 4669 3723 4734 Πῶς
3747 4666 3838 4724 οὖν

2266 4761 2360 4814 τὸν
2390 4759 2529 4831 μετὰ
2559 4761 2819 4831 κοίμησιν
2844 4759 2938 4813 τοῦ
2965 4761 3124 4829 ἁγίου
3158 4761 3528 4830 γνωρισθέντα
3562 4759 3838 4830 αἱρετικὸν

2268 4853 2327 4906 ὲν
2369 4852 2549 4924 καιρῷ
2597 4853 2696 4921 τῆς
2743 4852 3044 4924 λῃστρικῆς
3087 4852 3308 4906 συνόδου
3342 4854 3400 4906 έν
3433 4852 3666 4923 Ἐφέσῳ,
3703 4849 3837 4922 μετὰ

2267 4942 2366 5014 τὴν
2404 4944 2593 5015 τρίτην
2631 4944 2726 4998 καὶ
2775 4943 2970 5011 ἁγίαν,
3025 4943 3184 5007 αὐτὸς
3238 4944 3268 4996 ὁ
3313 4943 3468 5012 άγιος
3515 4943 3732 5009 ἐδέξατο
3773 4941 3836 4993 τὰ

2268 5033 2616 5102 ὑπερκόσμια
2663 5032 2882 5103 λαχών;
2935 5033 3096 5088 Οὕτω
3137 5033 3494 5104 ψευδοεποῦσι
3543 5031 3838 5104 μυθαρευό-

2271 5141 2459 5195 μενοι,
2499 5125 2648 5189 ὅπως
2691 5125 2998 5196 θηρεύσωσι
3053 5124 3230 5197 ψυχάς
3276 5125 3568 5198 ἀφελότητι
3611 5140 3835 5196 πορευοο

2273 5217 2460 5288 μένας.

2342 5489 2439 5544 Διὰ
2461 5490 2618 5544 τοῦτο
2641 5489 2928 5560 τεχνοῦσθε
2955 5489 3048 5542 καὶ
3078 5486 3410 5559 γνωρίζεσθε
3449 5481 3593 5539 κατᾶ
3621 5485 3798 5540 πάντα
3817 5502 3831 5516 ·

2275 5583 2360 5635 ἵνα
2402 5583 2490 5635 τὸν
2536 5583 2658 5651 ὅφιν
2687 5584 2780 5637 καὶ
2807 5584 2932 5645 τοὺς
2964 5579 3302 5651 όφιοφὼνους
3337 5577 3611 5649 φεύγοιτε,
3643 5576 3728 5646 ἐφ’
3756 5573 3834 5654 οἷς

2272 5674 2554 5736 ὼλέκοντο,
2589 5677 2670 5728 ὅτι
2708 5676 2938 5744 μάλιστα
2985 5675 3229 5727 πλεῖστοι
3272 5672 3383 5727 άπὸ
3411 5671 3611 5741 γενεῶν
3640 5671 3716 5733 είς
3739 5686 3830 5738 γι-

2273 5767 2414 5829 νεάς.
2456 5766 2590 5836 Περὶ
2636 5767 2693 5820 δὲ
2739 5767 2848 5819 τῶν
2887 5765 3062 5820 ἄλλων
3096 5764 3337 5818 πεύσεων
3359 5780 3372 5794 ·
3406 5763 3465 5814 Ei
3492 5764 3519 5815 ό
3545 5762 3835 5822 ἐπίσκοπος

2273 5856 2371 5923 οὐχ
2405 5853 2632 5924 εὓρηται
2682 5857 2760 5918 είς
2793 5856 2891 5925 τὴν
2939 5855 3337 5926 μοιχοσύνοδον,
3371 5851 3560 5920 καλοὲη
3585 5851 3637 5905 δὲ
3667 5850 3832 5919 αὐτὴν
