4044 6366
222 297 242 359 i
253 298 360 362 089

219 499 614 576 μητροπολίτην
657 497 822 552 αὐτοῦ
859 514 875 526 ⁸
909 499 974 553 ὲκ
1018 500 1112 554 τοῦ
1135 500 1518 571 -πρεσϐυτέρου
1541 499 1638 553 τοῦ
1664 501 1784 553 επι-

217 595 420 648 σκόπου
448 591 857 663 όρθοδοξώντος
883 593 934 646 ει
977 594 1082 664 χρὴ
1117 593 1404 646 κοινωνεῖν
1426 609 1440 623 ·
1473 590 1785 662 ἀπεκρίθην

215 687 304 742 καὶ
343 686 414 740 δι’
441 685 646 755 ἑτέρων
695 683 806 739 τῶν
848 686 986 756 πρὸς
1023 685 1241 738 Εὑόδιον
1285 685 1670 755 γραμμάτων,
1701 685 1786 736 ὅτι

214 777 336 843 Ναὶ,
359 777 679 847 οἰκονομίας
725 777 916 848 χάριν·
953 779 1114 847 μόνον
1149 777 1222 848 μὴ
1251 777 1786 847 συλλειτουργοῦντος

214 871 375 926 αὐτοῦ
405 871 722 942 αἱρετικῶς.
745 869 845 930 Εἰς
869 869 1021 922 οὐδὲν
1046 869 1156 936 γάρ
1194 869 1332 932 ἐστι,
1369 870 1786 939 μνημονευομέ-

214 980 304 1016 νου
349 961 446 1015 τοῦ
507 961 810 1014 ἐπισκόπου
863 959 1144 1031 όρθοδόξου
1189 959 1360 1023 ὄντος,
1411 960 1512 1014 κᾶν
1571 961 1782 1014 ἐκείνου

214 1053 360 1124 φόϐῳ
398 1053 676 1122 αἱρετικὸν
705 1053 1069 1121 ἀναφέροντος
1093 1051 1184 1104 τδν
1214 1052 1414 1105 οἰκεῖον
1449 1052 1785 1123 μητροπολί-

212 1159 328 1214 την.
361 1139 473 1193 Τοῦ
521 1139 767 1194 τοιούτου
805 1141 1180 1212 πρεσϐυτέρου
1221 1142 1318 1194 καὶ
1362 1143 1446 1204 εἰς
1483 1141 1783 1211 παννυχίδα

213 1231 684 1307 προσκαλουμένου
709 1273 726 1295 ,
759 1233 928 1286 ἰτέονο
960 1235 1054 1286 καὶ
1092 1231 1418 1304 Ἐκκλησίαν
1449 1234 1584 1307 παρ’
1615 1235 1782 1288 αὐτοῦ

211 1323 498 1396 δεδομένην
523 1323 790 1395 ληπτέονο
832 1326 924 1379 καὶ
950 1327 1030 1388 εἰς
1067 1325 1238 1396 αὐτὴν
1271 1327 1569 1396 ἐρχομένου
1608 1327 1778 1380 αὐτοῦ

212 1415 613 1488 λειτουργῆσαι,
665 1417 1096 1488 παραχωρητέον
1126 1433 1144 1449 ο
1194 1418 1227 1488 ἢ
1265 1418 1361 1471 καὶ
1412 1419 1782 1488 μνημονεῦσαι

212 1509 416 1580 νεκρὸν,
445 1508 728 1580 ὀρθόδοξον
758 1511 962 1581 μέντοι,
993 1511 1375 1580 συγχωρητέον
1402 1528 1416 1542 ο
1469 1513 1563 1562 καὶ
1593 1512 1650 1563 ὲν
1681 1511 1782 1564 αύ-

209 1605 270 1672 τῇ
297 1600 628 1673 λειτουργεῖν
669 1601 760 1656 τὸν
818 1601 1077 1664 λαϐόντα,
1113 1602 1265 1656 οὐδὲν
1304 1601 1597 1656 κωλυτέον.
1631 1602 1692 1656 Εἰ
1722 1604 1780 1657 δὲ

209 1693 482 1763 αἱρετικὸν
505 1693 772 1765 ἀναφέρει
799 1693 930 1746 ὄντα
968 1693 1290 1759 ἐπίσκοπον,
1327 1695 1433 1748 κᾶν
1472 1696 1777 1768 μακαρίζῃ,
1808 1745 1856 1804 Β

211 1783 309 1837 κᾶν
347 1783 626 1856 ὀρθοδοξῇ,
677 1785 780 1856 τῆς
811 1787 908 1856 μὲν
940 1785 1094 1849 θείας
1129 1787 1414 1850 κοινωνίας
1459 1787 1728 1854 ἀφεκτέον
1762 1828 1776 1852 ,

209 1873 301 1945 τῆς
349 1874 406 1928 δὲ
445 1876 634 1946 κοινῆς
663 1877 964 1947 τραπέζης,
1001 1878 1086 1930 ἐπ’
1127 1877 1194 1931 ἂν
1250 1879 1366 1931 ἐκεῖ
1397 1878 1527 1944 ,δέοι
1577 1895 1782 1948 μνημο-

217 1966 410 2021 νεύειν.
440 1962 570 2021 *Ωδε
597 1969 814 2022 δεκτέον
843 1971 985 2040 τάχα
1009 1969 1104 2023 καλ⁵
1121 1969 1451 2038 εὐλογοῦντα
1498 1971 1657 2024 αὑτὸν
1689 1970 1781 2023 καὶ

211 2055 591 2127 ωμψάλλοντα
618 2074 633 2089 ο
665 2057 870 2128 ἐάνπερ
911 2059 1047 2130 μήτε
1107 2058 1392 2130 αἱρετικῷ,
1419 2059 1451 2128 ἢ
1485 2058 1565 2129 τῷ
1598 2057 1782 2128 οἰκείῳ

209 2151 508 2222 ὲπισκόπῳ,
541 2151 650 2204 εἴτε
681 2149 788 2204 τινὶ
815 2150 982 2221 ἄλλῳ,
1015 2154 1377 2222 συνιεπρουργῇ
1405 2150 1473 2220 ’ἢ
1502 2153 1559 2204 ὲν
1584 2152 1782 2219 γνώσει

211 2241 494 2313 μεταδίδοι.
531 2242 595 2295 El
647 2240 818 2295 ἐσθίει
848 2257 935 2304 τις
973 2242 1111 2312 μετὰ
1158 2243 1252 2296 τοῦ
1302 2243 1712 2313 μοιχοζεύκτου,
1743 2243 1778 2314 ἦ

211 2335 326 2407 μεθ’
354 2336 544 2406 ἑτέρου
605 2333 884 2406 αἱρετικοῦ
937 2335 1250 2406 ἀδιαφόρως
1273 2377 1302 2400 ,.
1345 2336 1650 2405 φυλακτέον
1703 2335 1780 2408 μὴ

209 2425 586 2480 συνεστιᾶσθαι
618 2428 729 2491 τοῖς
754 2424 1040 2490 τοιούτοις,
1069 2425 1174 2480 κᾶν
1200 2427 1598 2497 ὑποκρίνωνται
1621 2429 1782 2498 ὀρθο-

207 2517 393 2585 δοξεῖν.
431 2520 512 2573 θύ
537 2519 649 2592 γὰρ
681 2518 1018 2589 φυλάσσουσι
1041 2519 1103 2573 τὸ
1134 2519 1465 2590 πρόσταγμα
1485 2520 1578 2572 τοῦ
1619 2521 1782 2575 Ἀποο

107 2624 116 2634 ·
211 2612 410 2675 στόλου.
436 2611 568 2679 Τοῖς
588 2612 892 2679 τοιούτοις,
920 2611 1192 2681 λέγοντος,
1217 2612 1374 2681 μηδὲ
1396 2615 1771 2668 συνεσθίειν.

211 2703 390 2766 Ηλέον.
427 2705 530 2759 οὐκ
551 2705 1002 2777 ὲξερευνητέονῆ
1041 2706 1180 2778 μετὰ
1195 2705 1300 2784 ,τοῦ
1342 2709 1784 2773 συνεστιαθέντος

211 2797 282 2868 τῷ
327 2796 629 2869 αίρετικιῖν
685 2797 808 2851 ὄσδε
859 2797 1191 2870 συνεστιάθη
1244 2797 1447 2868 ζητεῖν,
1498 2800 1594 2854 καὶ
1646 2800 1785 2871 μετὰ

131 2955 134 2962 ‘
207 2888 354 2944 τοῦδε
405 2890 639 2960 ἕτερος⁹
675 2888 972 2945 κάντεῦθεν
1021 2889 1409 2962 ἀνασειρᾶζειν
1459 2892 1552 2945 τὸν
1602 2891 1782 2960 λόγον,

1435 298 1972 364 EPISTOLABUM
2009 303 2153 362 LIB.
2199 304 2246 363 Ι.

216 405 662 481 ψευδοσύλλογον·
686 407 1017 477 μνημονεύει
1047 406 1102 462 δὲ
1127 408 1219 461 τὸν
1239 409 1298 462 ὲν
1324 408 1460 479 αὐτῇ
1486 407 1782 479 εὑρεθέντα

1887 425 1989 480 que
2048 411 2197 466 illam
2254 408 2450 465 falsum
2505 410 2950 466 conventiculum

3006 429 3022 467 τ
3077 428 3468 474 commemoret

1885 505 2068 566 autem
2090 502 2570 572 metropolitanum
2592 503 2761 571 quiin
2784 519 2846 557 ea
2871 505 3128 560 inventus
3147 517 3251 572 est,
3285 519 3465 566 utrum

1887 611 1914 648 a
1941 581 2268 665 presbytero
2302 593 2542 663 episc0pi
2574 594 2861 650 orthodoxi
2916 597 3164 666 accipere
3219 615 3468 656 commu-

1885 683 2106 738 nionem
2145 682 2441 752 oporteat?
2465 698 2562 752 per
2581 683 2713 737 alias
2743 685 2809 738 ad
2837 683 3100 740 Evodium
3141 687 3348 744 litteras
3381 707 3469 746 re-

1885 776 2102 846 spondi,
2125 775 2643 830 communicandum
2675 790 2796 830 esse
2827 775 3250 846 dispensationis
3273 783 3464 852 gratia,

1884 867 2178 923 dummodo
2211 867 2342 938 ipsis
2385 883 2508 922 cum
2539 867 2812 922 haereticis
2849 884 2956 924 non
3005 871 3292 928 sacriﬁcet.
3326 876 3464 930 Cum

1885 960 2031 1014 enim
2070 959 2361 1030 episcopus
2388 959 2481 1029 qui
2516 967 2981 1014 commemoratur
3003 961 3075 1015 sit
3097 964 3461 1030 orthodoxus,

1885 1067 1985 1122 pro
2018 1051 2190 1107 nihilo
2213 1061 2296 1107 est
2327 1051 2470 1121 quod
2501 1051 2647 1106 illius
2677 1061 2847 1114 metu.
2870 1053 3188 1109 luereticutn
3221 1072 3464 1111 comme-

1884 1151 2062 1197 moret
2082 1141 2562 1211 metropolitanum
2581 1156 2763 1196 suum.
2793 1125 3113 1211 llujusmodi
3145 1145 3463 1214 presbytero

1885 1243 1942 1290 et
1969 1234 2037 1290 ad
2087 1233 2430 1305 pervigilium
2461 1239 2708 1296 vocante,
2745 1235 2988 1290 eundum
3040 1245 3123 1291 est
3153 1253 3168 1302 ;
3201 1246 3254 1291 et
3277 1238 3478 1292 Ecclew

1883 1324 2019 1380 siam
2049 1324 2350 1394 praebente,
2392 1323 2709 1393 accipienda
2739 1332 2824 1378 est
2857 1341 2872 1388 ;
2917 1332 2974 1378 et
3005 1325 3072 1378 ad
3107 1325 3254 1378 illam
3287 1337 3346 1380 ut
3373 1343 3464 1381 sa-

1883 1416 2092 1472 criﬁcet
2133 1416 2412 1482 veniente,
2445 1414 2873 1485 permittendum
2920 1425 3023 1472 est.
3057 1416 3368 1481 Quinetiam
3403 1428 3464 1474 ut

1881 1517 2158 1562 mortuum
2179 1517 2566 1562 commemoret
2589 1507 2883 1561 dummodo
2910 1508 3296 1574 orthodoxam,
3327 1525 3460 1564 con-

1881 1597 2185 1652 cedendum
2232 1604 2317 1650 est
2347 1613 2361 1650 :
2392 1605 2449 1650 et
2502 1595 2557 1650 in
2589 1611 2660 1650 vea
2703 1596 3014 1651 sacriﬁcare
3077 1598 3185 1666 qui
3227 1602 3458 1668 accepit,

1883 1689 2105 1744 minime
2147 1688 2576 1758 prohibendum.
2611 1688 2667 1741 Si
2703 1702 2837 1741 vero
2875 1687 3192 1743 haereticum
3223 1704 3465 1744 comme—

1884 1790 2058 1836 moret
2081 1781 2421 1850 episcopum,
2449 1779 2697 1849 quamvis
2719 1779 2942 1834 beatum
2973 1781 3254 1848 prmdicet,
3278 1797 3468 1850 quau)-

1881 1875 1963 1929 vis
1989 1884 2138 1928 recte
2174 1873 2376 1928 sentiat
2409 1891 2420 1924 :
2457 1871 2687 1926 adi-vina
2721 1871 3106 1926 communione
3128 1873 3313 1941 utique
3339 1872 3466 1926 abs-

1884 1965 2170 2021 tinendum
2221 1973 2325 2030 est,
2382 1963 2491 2017 imo
2519 1971 2576 2016 et
2611 1977 2640 2015 ο
2673 1977 2868 2018 mensa
2908 1962 3208 2028 communi,
3262 1963 3307 2016 si
3358 1961 3468 2015 illic

1881 2073 2096 2128 quoque
2137 2055 2653 2111 commemorandus
2709 2054 2798 2110 sit.
2854 2055 2931 2108 Ita
2983 2055 3330 2124 recipiendus
3378 2056 3468 2110 ille

1883 2151 2110 2205 fortasse
2142 2150 2205 2204 ad
2236 2148 2667 2203 benedictionem
2693 2155 2746 2202 et
2777 2146 2842 2200 ad
2866 2146 3242 2216 psalmodiam,
3270 2146 3314 2200 si
3343 2162 3467 2200 cum

1883 2242 2144 2298 lueretico
2171 2241 2452 2311 episcopo,
2483 2239 2599 2294 sive
2632 2253 2755 2302 suo,
2799 2238 2917 2292 sive
2939 2237 3135 2302 altero,
3159 2251 3268 2290 non
3300 2236 3468 2292 sacri—

1883 2337 2029 2400 ﬁcet,
2060 2351 2164 2390 nec
2185 2333 2260 2388 illi
2285 2333 2465 2389 sciens
2505 2331 2818 2387 distribuat.
2848 2329 2905 2385 Si
2932 2329 3056 2399 quis
3080 2329 3261 2382 cibum
3285 2329 3470 2397 capiat

1883 2443 2008 2483 cum
2073 2419 2302 2481 adulteri
2359 2425 2692 2496 copuiatm'e,
2741 2431 2842 2478 aut
2909 2436 3034 2476 cum
3090 2420 3199 2475 alio
3273 2419 3468 2489 quovis

1883 2520 2144 2576 ha~retico
2173 2518 2548 2573 indifferenter
2569 2534 2589 2570 :
2621 2515 2925 2571 cavendum
2969 2522 3052 2568 est
3079 2527 3152 2566 ne
3183 2527 3308 2567 cum
3343 2511 3469 2566 tali-

1884 2611 1987 2665 bus
2037 2609 2375 2670 comedatur,
2414 2606 2541 2661 licet
2567 2613 2716 2660 recte
2753 2603 2958 2659 sentire
2993 2617 3061 2658 se
3100 2602 3323 2671 ﬁngant.
3347 2601 3468 2655 Non

1883 2701 2030 2757 enim
2065 2701 2358 2755 observant
2406 2704 2740 2768 praeceptum
2769 2694 3018 2764 Apostoli
3053 2710 3066 2747 :
3105 2693 3236 2749 Cum
3277 2691 3470 2760 hujus.

1885 2790 2027 2846 modi
2051 2806 2142 2844 nec
2174 2790 2344 2843 cibum
2383 2803 2587 2842 sumere
2601 2788 2652 2818 ·⁶¹
2688 2785 2980 2841 monentis.
3027 2784 3319 2847 Caeterum,
3353 2799 3464 2836 non

1885 2883 2118 2953 amplius
2148 2881 2473 2948 investigare
2493 2887 2733 2948 oportet,
2758 2885 2849 2932 aut
2873 2877 3183 2946 exquirere,
3214 2885 3396 2929 utrum
3422 2875 3471 2934 is

208 2983 297 3036 καὶ
339 2981 679 3051 ἀφίστασθαι
734 2981 975 3036 πάντων.
1014 2981 1425 3053 Ἐθελόγνωμον
1456 2983 1516 3037 τὺ
1565 2983 1780 3056 χρῆμα,

1887 2972 2191 3032 comederit
2240 2986 2364 3026 cum
2391 2985 2459 3024 eo
2492 2970 2581 3040 qui
2615 2985 2739 3024 cum
2786 2967 3043 3023 haeretico
3090 2967 3270 3022 cibum
3315 2982 3467 3020 sum-

211 3075 297 3126 καὶ
326 3074 386 3127 οὐ
421 3072 538 3126 τῶν
567 3073 762 3143 ἁγίων.
783 3075 972 3142 Μέχρι
999 3073 1109 3145 γὰρ
1139 3075 1378 3140 τούτου,
1403 3077 1556 3145 φησι,
1577 3074 1777 3145 στῆθι,

1887 3068 2072 3142 pserit,
2111 3076 2165 3122 et
2207 3081 2332 3120 cum
2382 3063 2475 3117 illo
2515 3063 2653 3116 alter
2686 3080 2700 3115 :
2751 3071 2913 3130 atque
2957 3059 3028 3114 ita
3064 3059 3228 3112 alium
3269 3074 3335 3112 ex
3363 3056 3472 3110 alio

209 3164 300 3219 καί
361 3167 478 3235 οὐχ
527 3161 867 3235 ύεέερϐήσῃ.
895 3165 990 3236 Μὴ
1043 3163 1155 3237 γὰρ
1211 3165 1312 3218 οὐκ
1351 3164 1578 3236 ᾔδεισαν
1607 3164 1784 3220 ταῦτα

1888 3173 2197 3218 sermonem
2240 3165 2484 3221 nectere,
2516 3164 2572 3209 et
2604 3154 2671 3208 ab
2705 3152 2967 3208 omnibus
2993 3151 3298 3207 abstinere.
3325 3148 3462 3203 P-ro-

211 3256 495 3330 ὲξερευνᾷν
535 3257 636 3312 καὶ
672 3257 1088 3327 διαγγέλλεσθαι
1151 3257 1327 3329 mihi;
1369 3257 1482 3311 ἀλλ’
1510 3257 1781 3329 οὐδαμῶς.

1887 3250 2020 3322 prim
2050 3251 2152 3304 hoc
2196 3245 2488 3302 voluntatis
2519 3253 2623 3307 est,
2657 3253 2712 3298 et
2751 3258 2863 3296 non
2904 3250 3216 3295 sanctorum
3254 3257 3268 3292 :
3306 3239 3474 3308 Usque

211 3349 296 3402 Διὸ
333 3349 434 3403 οὐκ
466 3348 660 3402 ἐσθλὸν
701 3349 1052 3420 μεταϐαίνειν
1097 3350 1222 3421 ὅρια
1252 3349 1288 3404 ἃ
1317 3348 1502 3402 ἔθεντο
1528 3351 1577 3403 οἱ
1609 3350 1787 3404 Πατέ-

1887 3345 2007 3409 huc,
2060 3341 2256 3412 inquit,
2309 3339 2504 3400 venies,
2549 3346 2597 3390 et
2657 3351 2757 3388 non
2820 3334 3064 3403 procedes
3121 3329 3352 3398 amplius
3403 3329 3470 3381 “.

214 3456 299 3510 ρες
327 3439 656 3512 ὴμῶν.Μεθ’
682 3435 744 3495 οὖ
760 3440 818 3494 δὲ
843 3440 942 3493 ούκ
965 3419 1238 3509 ἐσθίομεν,
1263 3440 1384 3493 οὐδὲ
1407 3440 1579 3511 δῶρον
1591 3440 1786 3495 τούτου

1890 3437 2084 3492 Utrum
2109 3434 2255 3488 enim
2280 3431 2398 3486 haec
2419 3430 2491 3483 illi
2521 3427 2850 3496 investigare
2913 3423 3226 3478 nescierunt
3245 3430 3300 3475 et
3317 3419 3478 3474 nobis

210 3511 420 3586 δεκτέον
450 3549 465 3563 ·
499 3533 659 3604 εἴπερ
691 3531 980 3602 διδαχθεὶς,
1019 3531 1178 3598 ἅπαξ
1212 3533 1307 3586 καὶ
1327 3533 1407 3596 δὶς
1439 3533 1785 3604 ἁδιαφοροίη,

1891 3524 2267 3581 denuntiare?
2299 3520 2676 3590 Nequaquam.
2717 3517 2905 3582 Quare
2954 3521 3174 3584 praestat
3212 3511 3477 3566 terminos

213 3622 303 3676 καὶ
321 3626 380 3676 ού
412 3603 668 3678 πείθεται
697 3626 850 3695 ἡμῖν.
887 3625 1002 3678 Οὐκ
1031 3621 1150 3678 οῖδα
1178 3627 1226 3677 εἰ
1253 3623 1329 3696 μὴ
1367 3626 1519 3696 παρὰ
1541 3603 1654 3678 τῶν
1691 3644 1791 3694 φυ-

1892 3632 2002 3672 non
2029 3613 2328 3685 transgredi
2353 3627 2490 3682 quos
2513 3617 2816 3680 posuerunt
2843 3603 3031 3660 Patres
3051 3605 3220 3660 nostri
3249 3605 3293 3635 ⁸³
3334 3603 3475 3657 Cum

211 3712 387 3768 λάκων
412 3716 516 3777 τὰς
544 3714 643 3784 ούχ
677 3713 754 3777 ὡς
792 3706 1066 3783 εὐλογίας,
1097 3715 1212 3768 ἀλλ’
1241 3715 1318 3777 ὼς
1348 3715 1540 3785 χρείας
1568 3715 1789 3786 λαμϐά-

1892 3725 2002 3779 quo
2030 3723 2138 3762 non
2164 3706 2397 3768 edimus,
2429 3718 2532 3757 nec
2553 3717 2751 3756 munus
2785 3700 2902 3768 ejus
2923 3697 3299 3768 accipiendum
3324 3705 3429 3755 est.
3459 3713 3479 3761 ;

213 3822 320 3860 νειν
344 3822 358 3836 ·
389 3805 424 3876 ἢ
463 3805 780 3876 οἰκονομίας
804 3807 1013 3871 ἕνεκεν,
1042 3807 1134 3860 καὶ
1171 3807 1241 3860 τὰ
1273 3808 1425 3879 παρὰ
1455 3807 1565 3860 τῶν
1616 3807 1791 3862 ἄλλων

1893 3801 1937 3857 si
1977 3799 2145 3855 semel
2192 3798 2496 3864 iterumque
2543 3793 2856 3847 admonitus
2905 3797 3242 3853 contemnat,
3297 3803 3482 3857 neque

213 3900 519 3967 φευγόντων
540 3899 721 3968 μέντοι
749 3899 812 3952 τὸ
834 3899 1215 3953 συνεστιᾶσθαι
1243 3901 1541 3970 αἱρετικοῖς
1566 3899 1791 3968 ἀδιαφό-

1893 3894 2052 3948 nobis
2084 3892 2447 3958 obtemperet.
2479 3886 2586 3940 Nisi
2623 3884 2762 3938 forte
2789 3898 2819 3935 a
2849 3880 3192 3943 custodibus,
3238 3895 3348 3933 non
3381 3893 3480 3932 vc-

219 4007 317 4061 ρως
351 4010 364 4024 ·
391 3992 494 4045 οὐκ
523 3988 640 4044 οἶδα
685 3993 733 4044 εἰ
763 3991 838 4062 μὴ
872 3992 1013 4066 τύχῃ
1047 3993 1189 4046 κατὰ
1219 3993 1542 4064 περίστασιν
1586 3993 1680 4046 καὶ
1709 3992 1790 4046 δέ-

1893 3988 1976 4041 lut
2001 3983 2266 4054 eulogias,
2299 3980 2395 4035 sed
2441 3978 2591 4031 velut
2629 3973 2969 4029 necessarios
3007 3988 3158 4035 usus,
3179 3972 3427 4040 aecipere
3463 3989 3480 4024 :

215 4083 402 4148 ξασθαι
441 4083 538 4138 καὶ
571 4061 1118 4154 συνεστιαθῆναι-καὶ
1137 4061 1336 4139 τοῖσδε.
1372 4085 1565 4139 Δοῦναι
1601 4085 1657 4139 δὲ
1683 4087 1791 4150 τοῖς

1895 4087 1988 4133 aut
2025 4068 2464 4144 dispensationis
2517 4066 2708 4138 gratia,
2748 4065 2909 4117 etiam
2955 4065 3022 4117 ab
3047 4063 3191 4125 aliis,
3224 4062 3319 4116 sed
3387 4061 3483 4130 qui

214 4174 472 4238 τοιούτοις
500 4175 596 4229 καὶ
620 4177 734 4238 τοῖς
764 4152 958 4244 φύλαξι
986 4174 1182 4245 βρῶμα
1211 4175 1304 4228 καὶ
1326 4174 1476 4244 πόμα
1500 4175 1558 4227 ού
1583 4175 1791 4245 διακρι-

1895 4185 2019 4224 cum
2059 4163 2329 4221 hzereticis
2357 4158 2669 4232 promiscue
2715 4155 2991 4209 convivari
3033 4153 3340 4223 refugiant:
3372 4152 3483 4204 nisi

215 4265 353 4318 τέον·
379 4265 460 4320 ὅτι
494 4266 589 4319 καὶ
619 4268 786 4320 παντὶ
821 4244 1092 4337 ἀνθρώπῳ
1129 4265 1468 4336 μεταδοτέον.
1497 4267 1590 4330 Εἰς
1613 4267 1668 4320 δὲ
1693 4244 1791 4336 τὴν

1897 4261 2039 4316 forte
2062 4255 2340 4325 contingat
2363 4268 2427 4306 ex
2462 4247 2776 4304 necessaria
2805 4244 3212 4301 circumstantia
3237 4253 3292 4298 et
3315 4245 3484 4298 susci-

229 4357 556 4430 Ἐκκλησῖαν
601 4355 698 4411 τοῦ
737 4334 944 4431 Κυρίου
989 4334 1248 4430 Γρηγορᾶ
1279 4355 1372 4411 τοῦ
1401 4357 1600 4412 ’τέκνου
1633 4334 1791 4431 ἡμῶν

1895 4365 2031 4422 perc
2065 4357 2122 4403 et
2141 4342 2422 4402 convivari
2447 4356 2576 4397 cum
2605 4341 2778 4394 hisce.
2811 4339 2946 4393 Dare
2969 4345 3150 4392 autem
3176 4347 3230 4390 et
3259 4334 3482 4396 talibus,

219 4449 274 4502 οὗ
307 4449 492 4521 τολμῶ
539 4449 715 4503 εἰπεῖν
764 4449 1148 4522 λειτουργῆσαι
1201 4449 1568 4522 πρεσϐύτερον
1591 4451 1748 4522 ήμῶν
1778 4468 1791 4481 ’

1899 4418 1955 4499 et
1985 4439 2305 4497 custodibus
2329 4436 2510 4491 cibum
2535 4449 2598 4488 ac
2617 4442 2804 4504 potum
2831 4434 2950 4488 sine
2969 4429 3285 4486 discrimine
3315 4429 3437 4482 licet
3463 4445 3480 4480 :

217 4537 302 4592 διὰ
353 4516 416 4592 τε
459 4539 599 4612 μετὰ
630 4539 729 4611 τὴν
765 4516 1141 4612 μοιχοσύνοδον
1168 4516 1668 4611 ἐνθρονιασθνῆναιή,
1700 4541 1791 4594 καὶ

1899 4523 2528 4603 quandoquidem-omni
2563 4523 2770 4576 homini
2819 4519 3239 4590 impertiendum
3268 4524 3371 4570 est.
3421 4516 3484 4567 ιιι

221 4631 322 4684 ὑπὸ
338 4631 432 4686 τοῦ
469 4633 1015 4706 συλλειτουργοῦντος
1048 4632 1141 4686 καὶ
1191 4633 1788 4705 συλλειτουργήσαντος

1899 4621 2138 4678 Ecclesia
2172 4633 2334 4689 porro
2366 4615 2572 4671 domini
2621 4614 2873 4684 Gregorii:
2905 4612 2996 4665 ﬁlii
3021 4609 3194 4663 nostri
3229 4617 3289 4661 ut
3311 4606 3480 4660 sacri-

218 4722 295 4793 τῷ
332 4725 712 4800 μοιχοζεύκτῃ,
743 4725 832 4780 διὰ
856 4725 952 4779 τοῦ
987 4725 1488 4796 πρωτομοιχειανοῦ
1523 4725 1791 4798 καθιερω-

1899 4715 2023 4768 ﬁcet
2069 4711 2357 4782 presbyter
2407 4715 2598 4762 noster
2635 4706 2824 4760 dicere
2855 4718 2966 4758 non
2999 4701 3211 4755 audeo:
3247 4714 3314 4753 eo
3335 4697 3482 4766 quod

221 4789 398 4888 θηναι.
424 4789 458 4796 ﬂ
502 4789 512 4790 ί
663 4789 694 4800 ”
1032 4789 1043 4796 ’
1179 4789 1192 4796 ⁷
1270 4789 1302 4796 Π
1689 4789 1701 4798 ’
1800 4847 1807 4850 -
1900 4812 2024 4877 post
2057 4801 2548 4874 moechosynodum
2587 4795 2836 4853 dedicata
2875 4803 2959 4850 est
2993 4795 3070 4848 .ab
3102 4808 3168 4847 eo
3187 4789 3484 4888 qui-sacri-

1901 4897 2086 4954 ﬁcavit
2106 4913 2228 4952 cum
2243 4893 2471 4950 adulteri
2495 4891 2828 4961 copulatore,
2844 4903 2939 4958 per
2954 4883 3483 4956 protomcechianutu

1905 5007 2006 5048 COD
2014 4998 2244 5046 secrata.

643 5131 713 5185 N.
754 5160 822 5172 —
859 5128 940 5195 Τῷ
969 5128 1148 5194 αὐτῷ.
1179 5126 1373 5202 [erant]

2471 5117 2534 5172 L.
2575 5147 2644 5156 —-
2680 5115 2890 5172 Eidem.

1709 5267 1788 5319 De
1811 5266 2053 5332 Digamis.

1944 5370 2169 5434 ~Ardes,
2207 5367 2279 5422 ﬁli
2329 5363 2672 5427 charissime,
2709 5360 2888 5417 studio
2930 5355 3288 5430 percontandi
3315 5361 3369 5408 et
3404 5351 3486 5408 di-

1903 5462 2090 5520 scendi
2138 5475 2258 5532 qua:
2292 5457 2442 5513 utilia
2482 5465 2614 5511 sunt
2649 5474 2664 5510 :
2699 5464 2860 5524 atque
2889 5451 2944 5506 id
2987 5459 3136 5505 certe
3161 5444 3430 5501 laudabile
3465 5460 3478 5494 ;

1906 5569 2094 5610 verum
2153 5566 2253 5624 ego
2306 5548 2584 5608 solvendis
2629 5544 3020 5618 quaestionibus
3061 5541 3175 5596 suis
3224 5553 3328 5608 par
3373 5549 3482 5590 non

292 5373 506 5446 Θερμδς
535 5371 606 5439 εἴ,
636 5375 824 5428 τέκνον
861 5373 1221 5444 ἠγαπημένον
1242 5414 1257 5438 ,
1294 5390 1359 5426 πε
1371 5375 1422 5444 pi.
1456 5369 1552 5426 τοῦ
1580 5346 1793 5444 ἐρωτᾷν

227 5467 318 5519 καὶ
351 5466 642 5537 μανθάνειν
670 5466 739 5519 τὰ
769 5466 1018 5537 χρήσιμα
1045 5482 1058 5496 ·
1087 5467 1182 5518 καὶ
1208 5465 1268 5519 τὸ
1301 5465 1397 5536 μὲν
1425 5465 1614 5536 χρῆμα
1637 5467 1799 5518 ἐπαι-

227 5557 375 5610 νετόν
401 5573 414 5587 ·
452 5558 550 5628 οὐχ
583 5556 770 5622 ἱκανὸς
823 5557 879 5611 δὲ
924 5555 1035 5625 ἐγὼ
1082 5555 1230 5609 λύειν
1268 5555 1368 5618 τὰς
1397 5556 1629 5626 ἀπορίας
1661 5571 1758 5608 σου
1779 5570 1796 5587 ο

297 5736 339 5768 ⁸⁸
375 5735 396 5790 1
431 5736 553 5791 Cor.
587 5754 639 5803 ν,
671 5735 753 5790 Η.
831 5735 876 5768 θ’
921 5735 1022 5791 Job
1049 5749 1272 5795 xxxvm,
1299 5733 1385 5787 il.
1463 5732 1506 5764 ⁵³
1531 5730 1700 5788 Prcr.
1726 5748 1858 5798 χχιι,
1886 5732 1974 5786 28.
