4044 6366
1741 237 2229 306 S.-THEODORI
2267 237 2618 300 STUDITA!

552 385 676 426 sum
705 385 722 435 ;
753 365 1060 425 communis
1087 373 1270 422 tamen
1307 369 1550 435 quaestus
1579 358 1760 417 studio
1795 353 2127 412 conferenda

2238 349 2378 420 5pm;
2409 347 2498 403 διὰ
2524 347 2588 402 τὸ
2614 347 2770 420 κοινῇ
2797 344 3086 419 συμφέρον
3117 341 3460 400 εἰσενεκτέον
3492 340 3596 396 καὶ
3621 341 3723 396 νῦν
3745 344 3814 398 τὰ

550 462 855 516 etiamnum
891 473 1013 530 quas
1057 471 1371 529 possumus.
1421 453 1663 521 Quaestio
1687 460 1778 507 tua
1801 451 1870 506 de
1892 446 2133 521 Digamis

555 552 660 607 fuit
686 570 703 620 ;
727 550 870 622 quod
892 551 961 605 de
986 563 1179 604 eorum
1205 546 1591 618 conjunctione
1610 543 1918 599 dubitatum
1946 536 2132 603 fuerit,

555 644 882 702 coronarine
936 642 1078 698 sicut
1126 639 1432 710 monagami
1479 638 1739 704 debeant,
1795 633 2037 690 annon?
2079 639 2138 688 et

555 753 794 810 quonam
833 744 1016 808 pacto,
1065 733 1111 790 si
1139 733 1360 803 quidem
1389 731 1495 786 hoc
1544 728 1660 794 ﬁat,
1705 727 2134 798 coniungantur,

558 827 842 884 sacerdote
880 825 1000 880 illos
1031 821 1257 878 minime
1295 819 1626 890 copulante:
1662 816 1864 872 famam
1896 829 2042 880 esse,
2067 811 2137 868 ab

559 916 712 987 impii
751 911 1094 971 Constantini
1121 909 1460 980 temporibus
1505 905 1808 963 obtinuisse
1836 912 2136 961 consuetu-

559 1008 743 1064 dinem
773 1006 1016 1076 digamos
1045 999 1365 1066 coronandi,
1397 1014 1466 1054 ex
1503 997 1701 1069 triplici
1735 997 1855 1067 ejus
1883 993 2138 1066 coniugio

560 1107 780 1162 natam;
805 1110 928 1150 cum
958 1092 1208 1163 superior
1239 1099 1366 1146 ante
1392 1090 1542 1145 illum
1578 1088 1841 1145 memoria
1871 1102 1984 1142 non
2011 1085 2137 1141 fue-

560 1190 656 1244 rit.
700 1187 811 1259 Ego
851 1201 1004 1250 vero,
1049 1185 1180 1255 quin
1236 1179 1549 1238 verisimilis
1602 1197 1668 1237 ea
1705 1164 1849 1236 fama
1889 1179 1980 1245 sit,
2023 1193 2136 1234 non

562 1293 833 1350 repugno.
882 1275 1152 1332 Caeterum
1175 1275 1380 1332 debent
1405 1273 1656 1330 veritatis
1677 1271 1909 1330 studiosi
1935 1286 2049 1327 non
2071 1285 2139 1326 ex

563 1378 771 1424 temere
801 1366 1016 1439 vulgata
1068 1366 1230 1432 fama,
1258 1379 1440 1436 neque
1464 1379 1532 1421 ex
1560 1365 1802 1419 humana
1845 1370 2143 1418 consuetu-

559 1459 706 1524 dine,
755 1473 936 1514 rerum
961 1456 1119 1511 tidem
1143 1455 1390 1527 accipere
1423 1473 1440 1522 ;
1467 1455 1565 1510 sed
1588 1469 1656 1509 ex
1681 1453 1814 1524 ipsis
1835 1452 2006 1508 sacris
2027 1450 2142 1506 Lit-

564 1547 696 1604 teris
717 1556 774 1604 et
807 1556 1029 1618 paterna
1063 1555 1228 1616 atque
1261 1545 1525 1601 canonica
1551 1544 1864 1601 traditione.
1897 1543 2142 1614 Diga'mia

561 1655 693 1711 ergo
743 1638 1009 1709 permissa
1056 1637 1205 1694 haud
1250 1635 1417 1692 dubie
1461 1635 1566 1692 fuit
1589 1651 1621 1691 a
1645 1645 1835 1692 sancto
1860 1635 2138 1706 Apostoio,

559 1738 619 1784 et
639 1745 738 1800 per
767 1729 946 1800 ipsum
969 1745 1000 1784 a
1033 1729 1271 1785 Christo.
1307 1725 1504 1783 Verum
1539 1727 1658 1783 haec
1685 1726 1770 1782 lex
1810 1741 1920 1781 non
1945 1735 2049 1793 est,
2078 1733 2142 1780 ut

562 1819 864 1892 Gregorius
882 1818 1190 1891 Theologus
1216 1818 1313 1887 ait,
1331 1818 1427 1874 sed
1455 1817 1827 1889 indulgentia:
1853 1816 2142 1889 indulgen-

565 1912 641 1967 tia
659 1921 840 1967 autem
865 1927 1209 1982 nequaquam
1238 1913 1293 1968 in
1317 1925 1386 1968 eo
1409 1911 1654 1966 cernitur
1670 1909 1814 1980 quod
1836 1910 2140 1981 reprehen-

565 2003 720 2059 sione
734 2011 791 2058 et
816 2002 975 2074 culpa
1001 2011 1186 2058 careat
1206 2019 1220 2057 :
1240 2001 1333 2073 qui
1355 2002 1504 2057 enim
1525 2009 1583 2056 et
1607 2015 1770 2071 quam
1791 2000 1862 2056 ob
1875 2016 2095 2056 causam
2117 2000 2142 2056 ἳ

565 2095 660 2149 sed
715 2094 805 2149 ubi
870 2094 1262 2161 succumbitur,
1311 2108 1574 2163 noxaique
1623 2091 1786 2148 aliine
1834 2101 1939 2160 est,
1991 2093 2140 2164 quod

565 2186 762 2257 agitur.
794 2185 909 2240 Hoc
933 2185 1082 2241 enim
1109 2184 1288 2256 ipsum
1321 2183 1540 2239 divinus
1575 2182 1872 2254 Apostolus
1899 2183 2142 2240 insinua.

566 2277 666 2341 vit,
695 2291 818 2330 cum
843 2276 1050 2331 diceret
1075 2293 1088 2331 :
1119 2275 1178 2332 Si
1198 2292 1254 2330 se
1278 2291 1382 2330 non
1409 2277 1699 2342 continent,
1738 2275 2018 2332 nubant“.
2051 2275 2142 2331 ln-

565 2367 903 2424 continentia
947 2367 1152 2438 quippe
1196 2383 1319 2438 qua
1359 2365 1691 2423 fortitudinis
1733 2369 1900 2424 robur
1937 2368 2140 2434 amisit,

565 2459 723 2514 victae
771 2467 1164 2528 prostratisque
1207 2467 1292 2514 est
1321 2469 1552 2515 natum.
1597 2458 1692 2514 His
1721 2459 1950 2531 permoti
1971 2459 2139 2515 divini

565 2544 754 2603 Patres
803 2547 1048 2619 digamos
1078 2548 1257 2618 pcenis
1300 2549 1673 2619 subiecerunt,
1717 2550 1772 2604 in
1821 2549 2138 2606 Laodicensi

567 2639 788 2708 quidem
819 2639 1009 2710 synodi
1051 2639 1335 2696 indeﬁnite
1357 2641 1425 2704 ",
1453 2657 1580 2697 cum
1615 2641 1846 2697 dicunt:
1876 2641 1949 2697 Ut
1973 2656 2140 2712 parvo

571 2739 816 2799 tempore
859 2739 1052 2786 exacto
1083 2740 1279 2786 vacent
1326 2733 1668 2789 orationibus
1697 2742 1752 2788 et
1785 2732 2008 2802 jejuniis
2041 2749 2057 2785 :
2087 2741 2142 2788 et

568 2820 869 2876 secundum
924 2821 1314 2893 indulgentiam
1369 2824 1810 2879 communionem
1861 2824 2014 2879 reddi
2058 2824 2140 2879 eis

567 2909 947 2968 decrevimus:
992 2929 1221 2985 magnus
1262 2929 1392 2970 vero
1420 2913 1650 2970 Basilius
1691 2916 1915 2971 definite
1940 2915 2004 2970 “.
2049 2915 2142 2970 Sic

566 3003 714 3058 enim
740 3004 825 3109 ait
842 3003 970 3108 :.De
1000 3005 1248 3109 trigamis
1291 3014 1346 3062 et
1373 3006 1666 3079 polygamis
1695 3008 1945 3063 eumdem
1973 3021 2139 3062 cano-
2167 3046 2212 3109 Ο

568 3111 693 3151 nem
724 3095 1054 3152 deﬁnierunt
1081 3097 1290 3177 Patres,
1321 3099 1580 3154 nimirum
1614 3115 1776 3170 quem
1798 3099 1854 3153 in
1881 3099 2139 3170 digamis.

566 3190 920 3260 proportione
945 3208 958 3244 :
979 3207 1180 3249 annum
1211 3194 1357 3250 enim
1386 3196 1440 3251 in
1478 3195 1709 3267 digamis
1737 3213 1752 3250 :
1785 3196 1837 3250 in
1866 3195 1985 3250 aliis
2013 3209 2144 3250 vero

567 3283 707 3337 duos
751 3299 944 3339 annos.
1000 3283 1156 3340 Patet
1184 3285 1349 3358 igitur
1392 3303 1458 3343 ex
1509 3288 1576 3343 iis
1621 3303 1742 3358 quae
1793 3288 1936 3344 dicta
1994 3298 2142 3358 sunt,

567 3373 816 3443 digamiae
842 3384 1097 3445 tanquam
1113 3377 1362 3432 obnoxia:
1382 3379 1692 3450 impositam
1713 3395 1931 3450 penam
1950 3380 2142 3437 fuisse.

568 3462 862 3534 Propterea
907 3467 1052 3522 enim
1087 3477 1143 3522 et
1179 3469 1352 3525 sancti
1399 3470 1583 3526 Patres
1628 3472 1818 3544 synodi
1856 3473 2144 3530 Neocaesa-

567 3555 766 3611 riensis
795 3557 839 3590 "
886 3558 1198 3630 presbytero
1247 3561 1665 3630 interdixerunt,
1717 3579 1786 3620 ne
1837 3565 1892 3620 in
1942 3565 2144 3636 digami

571 3646 780 3718 nuptiis
807 3648 1078 3721 epuletur.

641 3908 776 3963 Cum
811 3909 982 3971 enim,
1013 3908 1290 3981 inquiunt,
1325 3910 1646 3981 pmnitentia
1675 3913 1924 3984 digamus
1963 3923 2139 3985 egeat,

560 4003 688 4072 quis
735 4004 838 4058 erit
873 4004 1155 4076 presbyter
1183 4006 1277 4075 qui
1324 4021 1422 4076 per
1458 4006 1769 4061 convivium
1809 4024 2139 4064 consensum

568 4095 808 4166 praebeat
857 4095 1054 4150 talibus
1099 4095 1344 4167 nuptiis?
1384 4096 1526 4162 Quid
1576 4113 1706 4170 ergo
1745 4113 1809 4153 ex
1858 4099 1944 4153 his
1993 4098 2140 4153 aliud

567 4187 876 4242 necessario
897 4187 1201 4252 coniicitur,
1233 4204 1391 4258 quam
1417 4189 1622 4260 primas
1651 4191 1869 4260 quidem
1899 4192 2138 4262 nuptias,

565 4283 628 4330 ut
657 4291 777 4346 quae
801 4277 1016 4347 proprie
1044 4277 1132 4332 lex
1159 4278 1290 4345 sint,
1323 4279 1520 4335 merito
1544 4279 1796 4336 coronari
1833 4295 1864 4334 a
1889 4283 2141 4337 sacerdo-

2233 439 2378 495 κατά
2412 437 2664 510 δύναμιν.
2707 438 2774 492 Ἡ
2801 437 3074 509 ἐρώτησίς
3097 455 3192 491 σου
3229 436 3493 507 περὶτῶν
3522 433 3775 506 ϐιγάμων
3795 449 3812 466 ⁶

2233 534 2318 589 ὃτι
2365 530 2887 605 άμφισϐητούμενόν
2919 533 3035 585 ἔστι
3071 529 3201 602 περὶ
3231 530 3335 600 τῆς
3367 529 3673 596 συναφείας
3715 528 3816 582 αύ-

2233 623 2364 689 τῶν,
2393 619 2505 694 ἄρα
2545 620 2940 694 στεφανοῦσθαι
2966 622 3164 686 αὐτοὺς
3185 660 3202 686 ,
3226 620 3304 684 ώς
3333 619 3430 674 ἐπὶ
3449 619 3562 674 τῶν
3583 618 3819 691 μονογάρ

2239 730 2389 787 μων,
2414 713 2450 784 ἢ
2507 713 2627 785 pi);
2663 711 2761 766 καὶ
2799 712 2948 780 πῶς,
3006 711 3104 766 ἑάν
3155 709 3314 765 τοῦτο
3362 711 3698 782 γενήσεται,
3731 709 3820 779 είη

2237 805 2529 872 συνάφεια,
2583 803 2659 876 μὴ
2697 804 2802 858 ὑπὸ
2827 803 2923 857 τοῦ
2960 803 3154 875 ἱερέως
3187 803 3572 873 ζευγνυμένων
3597 802 3818 868 αύτῶνς

2233 896 2320 952 ὅτι
2383 895 2610 966 φέρεται
2665 894 2824 964 λόγος
2874 894 2984 952 ἀπὸ
3033 893 3144 948 τῶν
3190 893 3421 965 ἡμερῶν
3447 892 3542 947 τοῦ
3587 893 3820 957 ἀσεϐοῦς

2237 986 2649 1042 κωνσταντίνου
2682 986 2961 1058 κρατῆσαι
2997 984 3101 1057 τὴν
3144 986 3435 1056 συνήθειαν
3464 984 3560 1038 τοῦ
3593 985 3822 1056 διγαμι-

2237 1077 2334 1133 κοῦ
2373 1075 2817 1150 στεφανώματος,
2836 1078 2902 1132 ὲκ
2929 1075 3024 1130 τοῦ
3050 1076 3170 1130 κατ’
3189 1075 3354 1132 αὑτὸν
3373 1077 3820 1148 τριγαμήματοςο

2239 1169 2364 1224 ἐπεὶ
2402 1169 2478 1242 μὴ
2517 1165 2658 1224 εἶναι
2689 1170 2750 1223 ὲν
2779 1171 2900 1233 τοῖς
2924 1169 3045 1240 ξπρδ
3089 1168 3258 1223 αὐτοῦ
3291 1168 3527 1240 χρόνοις.
3580 1168 3727 1237 Ἐγὼ
3767 1169 3824 1223 Gs

2239 1262 2386 1334 ἔχειν
2409 1262 2507 1334 μὲν
2531 1261 2625 1316 τὸν
2651 1260 2808 1331 λόγον
2837 1261 2900 1315 τδ
2922 1260 3115 1315 πιστὸν
3139 1261 3393 1316 ἐντεῦθεν
3421 1261 3523 1316 οὐκ
3562 1263 3823 1318 ἀποδοκι-

2242 1351 2423 1422 μάζω.
2451 1353 2544 1404 Δεῖ
2573 1351 2630 1404 δὲ
2671 1352 2820 1423 ὅμως
2849 1352 2963 1414 τοῖς
2989 1350 3247 1422 ἀληθείας
3289 1352 3552 1424 ἐρασταῖς
3575 1393 3592 1416 ,
3627 1351 3704 1423 μὴ
3757 1353 3824 1405 ἐκ

2241 1442 2436 1512 φορᾶς,
2484 1440 2562 1504 ὼς
2601 1439 2779 1511 ἔτυχε,
2813 1439 3004 1510 λόγου,
3037 1439 3070 1510 ἢ
3129 1439 3424 1510 συνηθείας
3471 1441 3823 1513 ἀνθρωπίνης

2241 1532 2566 1588 πιστοῦσθαι
2587 1531 2657 1586 τά
2685 1532 2988 1604 πράγματα
3009 1547 3024 1563 ·
3040 1531 3228 1597 eam:
3253 1533 3424 1604 αὐτῆς
3449 1533 3549 1604 τῆς
3566 1532 3823 1586 θεοπνεύ-

2247 1640 2374 1678 στου
2412 1625 2656 1695 Γραφῆς,
2685 1624 2775 1676 καὶ
2809 1622 2912 1694 τῆς
2931 1622 3211 1693 [ἰατρικῆς
3233 1621 3329 1677 καὶ
3357 1623 3650 1693 κανονικῖκ
3673 1622 3825 1676 hebd-

2171 1690 2216 1747 Β
2243 1731 2400 1780 σεως.
2414 1690 2482 1768 Ἦ
2612 1709 2706 1769 οὖν
2719 1690 2950 1784 διγαμία
2967 1690 3430 1786 παρακεχώρηται
3450 1690 3692 1783 δηλονότι
3717 1713 3824 1768 duo

2242 1806 2334 1862 τοῦ
2369 1805 2517 1878 ἱεροῦ
2555 1807 2904 1874 ’Δποστόλου,
2935 1807 3033 1859 καὶ
3059 1805 3127 1859 δι’
3155 1804 3318 1858 αὐτοῦ
3351 1807 3502 1876 παρά
3529 1805 3771 1877 Χριστοῦ
3801 1821 3818 1837 ⁸

2248 1897 2312 1953 ού
2372 1899 2482 1970 μὴν
2535 1897 2720 1969 νόμος,
2751 1896 2942 1968 ὥσπερ
2975 1899 3004 1950 6
3031 1895 3298 1964 Θεολόγος
3334 1895 3654 1968 Γρηγορίος,
3680 1896 3823 1951 άλλά

2244 1988 2595 2063 συγχώρησις
2627 2005 2643 2021 ο
2704 1987 3057 2060 συγχώρησις
3107 1988 3165 2042 δὲ
3220 1989 3320 2042 οὐκ
3374 1988 3470 2042 ἐπὶ
3526 1988 3820 2058 ἀμέμπτου

2240 2085 2335 2140 καὶ
2389 2083 2692 2138 άπταίστου
2751 2081 2950 2150 γένοιτ’
2977 2081 3042 2134 ἄν
3078 2096 3092 2111 ⁸
3152 2081 3269 2144 πῶς
3320 2081 3451 2152 γάρ,
3497 2083 3593 2135 καὶ
3626 2081 3818 2145 διατί;

2241 2176 2355 2232 ἀλλ’
2384 2177 2478 2231 ἐπὶ
2499 2175 2672 2246 ἣττης
2703 2174 2850 2237 τινος
2884 2173 2981 2228 καὶ
3031 2173 3312 2244 ἁλωσίμου
3343 2173 3641 2245 δράματος.
3673 2173 3822 2226 Αὐτὸ

2240 2268 2350 2340 γὰρ
2398 2266 2558 2322 τοῦτο
2599 2269 2628 2321 6
2659 2266 2802 2330 θεῖος
2839 2265 3164 2329 Ἀπόστολος
3217 2266 3437 2336 ᾐνίξατο
3502 2263 3717 2318 εἰπών’
3751 2267 3824 2320 ει

2241 2362 2354 2416 οὐκ
2401 2359 2880 2430 ἐγκρατεύονται,
2920 2354 3389 2427 γαμησάτωσαν.
3423 2355 3488 2409 Ἦ
3539 2355 3597 2409 δὲ
3642 2357 3822 2428 ἀκρα-

2243 2452 2334 2508 σία
2373 2452 2432 2506 τὸ
2459 2451 2660 2523 κράτος
2687 2451 2782 2520 τῆς
2830 2451 3080 2522 ἀνδρείας
3123 2448 3460 2516 ἀπολέσασα,
3487 2449 3658 2519 ἥττης
3697 2450 3822 2502 ἐστὶ

2241 2545 2338 2598 καὶ
2378 2541 2753 2608 ἀποπτώσεως
2803 2540 3049 2610 ἔκγονον.
3089 2539 3371 2594 Ἐντεῦθεν
3403 2540 3742 2612 ὁρμηθέντες
3773 2539 3822 2592 οἱ
3923 2575 3926 2582 -

2243 2634 2376 2687 θεῖοι
2433 2632 2700 2704 Πατέρες,
2759 2631 3027 2702 ἐπιτιμίῳ
3076 2630 3347 2685 ὑπέϐαλον
3375 2631 3500 2694 τοὺς
3524 2630 3821 2701 διγάμους,

2241 2728 2290 2780 oi
2343 2726 2442 2795 μὲν
2479 2725 2579 2794 τῆς
2621 2725 2678 2776 ὲν
2707 2724 3002 2793 Λαοδικείᾳ
3039 2722 3260 2776 σύνοδον
3293 2722 3586 2792 ἀορίστως,
3608 2721 3698 2774 διὰ
3728 2718 3821 2774 τοῦ

2240 2819 2416 2870 εἰπεῖν
2442 2831 2456 2847 ·
2508 2815 2721 2883 Ὀλίγου
2763 2815 2959 2886 χρόνου
2989 2813 3350 2886 παρελθόντος
3389 2813 3486 2866 καὶ
3519 2810 3824 2880 σχολάσαν·

2239 2925 2340 2972 τας
2367 2909 2424 2961 ὲν
2452 2909 2573 2970 ταῖς
2601 2909 2940 2978 προσευχαῖς
2967 2907 3063 2958 καὶ
3088 2904 3384 2976 νηστείαις,
3408 2904 3549 2956 κατὰ
3571 2900 3821 2971 συγγνώ-

2246 3016 2355 3072 μην
2387 2996 2736 3052 ἀποδίδοσθαι
2767 2997 2954 3060 αὐτοῖς
2983 2997 3084 3065 τὴν
3123 2996 3408 3050 κοινωνίαν
3438 2993 3724 3066 ώρίσαμεν
3757 3009 3773 3024 υ
3796 2992 3824 3046 ό

2243 3090 2302 3144 δὲ
2341 3091 2512 3161 μέγας
2541 3089 2820 3152 Βασίλειος
2841 3088 3182 3159 ὡρισμένως.
3209 3088 3347 3158 Φησὶ
3369 3087 3476 3158 γάρ
3496 3100 3510 3115 ⁸
3547 3085 3688 3156 Περὶ
3708 3103 3825 3155 τρι-

2243 3182 2440 3253 γάμων
2479 3179 2576 3234 καὶ
2601 3179 2932 3250 πολυγάμων
2963 3179 3056 3234 τὸν
3096 3179 3259 3232 αὐτὸν
3303 3178 3510 3247 ὥρισαν
3540 3176 3750 3231 κανόνα
3775 3176 3823 3229 oi

2245 3273 2512 3345 Πατέρες,
2543 3271 2786 3342 δηλονότι
2814 3270 2880 3324 δν
2929 3271 3024 3324 καὶ
3061 3271 3156 3323 ἐπὶ
3183 3254 3295 3322 τῶν
3334 3269 3602 3339 διγάμων,
3635 3269 3824 3322 άναλό-

2243 3383 2358 3435 γως
2386 3381 2400 3396 °
2429 3364 2678 3418 ἐνιαυτὸν
2718 3363 2818 3435 μὲν
2845 3362 2954 3434 γὰρ
2988 3364 3083 3416 ἐπὶ
3119 3363 3227 3416 τῶν
3257 3363 3503 3432 διγάμων
3528 3379 3542 3392 ·
3576 3361 3732 3415 ἄλλοι
3765 3361 3821 3414 δὲ

2241 3459 2336 3512 δύο
2358 3458 2474 3528 ἔτη.
2499 3457 2779 3510 Δέδεικται
2813 3456 2990 3508 τοίνυν
3021 3457 3085 3508 ὲκ
3108 3455 3218 3510 τῶν
3261 3455 3552 3527 ῥηθέντων,
3593 3453 3676 3518 ὡς
3718 3453 3821 3507 ύπδ

2241 3550 2302 3604 τὺ
2330 3549 2592 3604 πταιστὸν
2623 3550 2882 3618 γεγονυῖα
2926 3551 2958 3618 ἡ
2993 3547 3228 3618 διγαμία
3271 3548 3485 3618 εἰλήφει
3531 3547 3593 3599 τὸ
3640 3546 3822 3600 ἐπιτί-

2245 3658 2386 3713 μιον.
2414 3641 2511 3694 Διά
2557 3640 2718 3694 τοῦτο
2769 3639 2881 3710 γάρ
2927 3641 3020 3694 καὶ
3066 3641 3116 3692 oi.
3159 3639 3262 3708 τῆς
3309 3639 3368 3692 ὲν
3415 3639 3824 3709 Νεοκαισαρείᾳ

2243 3731 2464 3784 συνόδου
2495 3730 2642 3798 ἅγιοι
2675 3730 2922 3802 Πατέρες
2957 3729 3229 3801 άπείρξαν
3259 3728 3473 3782 καὶτοῦ
3504 3729 3824 3800 ὲστιαθῆναι

2246 3821 2626 3894 πρεσϐύτερον
2652 3823 2732 3885 είς
2765 3820 3124 3889 διγαμοῦντος
3157 3820 3356 3890 γάμον.

2313 3914 2604 3982 Λέγοντες,
2621 3913 2775 3966 Ἐπεὶ
2797 3914 3085 3983 μετάνοιαν
3113 3911 3397 3975 αἰτοῦντος
3415 3910 3506 3964 τοῦ
3530 3909 3826 3980 διγαμοῦνο

2239 4023 2350 4070 τος,
2390 4005 2473 4069 τίς
2507 4005 2662 4058 ἔσται
2700 4006 2728 4058 6
2759 4002 3130 4075 πρεσϐύτερος
3174 4004 3202 4056 6
3240 4003 3327 4056 διὰ
3369 4004 3466 4071 τῆς
3527 4004 3823 4066 ἑστιάσεως

2243 4097 2778 4168 συγκατατιθέμενος
2797 4097 2910 4160 τοῖς
2925 4095 3160 4164 γάμοιςς
3198 4096 3262 4147 Τί
3295 4095 3389 4148 οὖν
3420 4095 3481 4147 τὸ
3512 4111 3821 4166 συμπεραι-

2241 4192 2467 4262 νόμενον
2525 4189 2586 4255 ὲξ
2632 4189 2975 4258 ἀναγκαίους
3014 4187 3140 4239 Ὅτι
3165 4189 3194 4240 6
3227 4188 3323 4257 μὲν
3370 4187 3586 4258 πρῶτος
3619 4187 3818 4255 γάμος.

2248 4282 2325 4346 ὼς
2369 4282 2576 4353 κυρίως
2623 4280 2698 4333 ὢν
2757 4280 2943 4350 νόμος,
3012 4279 3240 4341 εἰκότως
3286 4278 3658 4344 ἐστεφάνωται
3717 4277 3824 4330 ὑπὸ

564 4368 646 4422 tio
670 4367 822 4422 velut
850 4367 1078 4423 intactas
1123 4377 1179 4424 et
1209 4369 1606 4436 immaculatas,
1640 4380 1894 4442 tanquam
1935 4388 1966 4427 a
2001 4373 2130 4428 libi-

2241 4373 2342 4444 τῆς
2409 4373 2733 4444 ἱερωσύνης,
2793 4371 2869 4431 ώς
2925 4370 3225 4438 ἀνέπαφος,
3288 4369 3364 4432 ὼς
3421 4369 3684 4440 ἄρρυπος,
3745 4367 3822 4429 ὡς

562 4456 709 4511 dinis
749 4465 878 4511 nota
927 4456 1237 4514 immunes:
1267 4467 1430 4530 atque
1471 4461 1542 4516 ob
1589 4462 1731 4516 hanc
1770 4477 1989 4518 causam
2033 4479 2132 4518 ceu

563 4549 776 4619 peccati
803 4549 1058 4605 victrices
1097 4553 1387 4607 coronari?
1421 4551 1499 4607 Ex
1526 4569 1636 4623 quo
1673 4555 1922 4625 sequitur
1950 4563 2006 4610 et
2047 4571 2136 4610 sa-

561 4657 781 4696 crorum
811 4643 1176 4714 participatio,
1210 4645 1438 4715 ejusque
1463 4645 1554 4716 qui
1589 4648 1891 4712 coronavit,
1941 4657 1997 4704 et
2035 4664 2134 4704 cu-

557 4733 866 4806 juscunque
915 4736 1144 4792 alterius
1183 4739 1516 4804 sacerdotis,
1574 4740 1630 4794 in
1683 4741 1880 4796 talibus
1925 4741 2134 4811 nuptiis

559 4827 908 4881 comessatio.
971 4826 1443 4894 Quemadmodum
1497 4829 1550 4884 in
1579 4831 1726 4886 Cana
1755 4831 1986 4892 Galilzeo:
2026 4832 2132 4888 Do-

561 4915 746 4970 minus
789 4927 845 4970 et
877 4917 1020 4972 Deus
1062 4929 1250 4974 noster
1288 4921 1559 4990 prandere
1602 4921 1857 4994 dignatus
1893 4931 2000 4989 est,
2035 4939 2134 4995 per

563 5023 722 5062 suum
762 5007 891 5064 illud
935 5012 1244 5067 convivium
1271 5013 1535 5083 nuptialia
1569 5015 1801 5085 prandia
1828 5016 2011 5070 omnia
2036 5015 2132 5071 be-

562 5095 846 5151 nedicens.
892 5097 1034 5163 Quin
1065 5113 1122 5154 et
1161 5103 1462 5157 coronarize
1504 5103 1872 5173 impositionis
1903 5104 2136 5160 benedi-

560 5186 801 5242 ctionem
841 5189 1169 5260 anticipans,
1199 5209 1261 5247 ea
1297 5194 1536 5264 primum
1564 5206 1850 5266 parentem
1883 5206 2137 5253 nostrum

559 5278 730 5333 Adam
775 5280 1059 5351 impertiit.
1098 5282 1415 5350 Quomodo?
1438 5275 1508 5342 Et
1548 5289 1745 5343 creavit
1789 5289 1928 5344 Deus
1967 5290 2137 5345 homi-

565 5387 682 5432 nem
713 5388 734 5427 :
762 5373 833 5427 ad
869 5374 1153 5446 imaginem
1189 5376 1287 5432 Dei
1311 5381 1512 5434 ereavit
1558 5380 1730 5444 illum,
1765 5382 2055 5437 masculum
2083 5384 2132 5439 et

561 5463 810 5534 feminam
841 5470 1039 5524 creavit
1067 5486 1154 5524 eos
1181 5486 1200 5524 :
1221 5470 1589 5542 benedixilque
1612 5473 1722 5528 illis
1749 5473 1911 5539 Deus,
1936 5483 1986 5529 et
2009 5476 2088 5530 ait
2110 5491 2131 5532 :

560 5553 811 5625 Crescite,
856 5571 906 5615 et
961 5563 1413 5634 multiplicamini,
1459 5575 1509 5620 et
1560 5565 1757 5635 replete
1805 5574 2022 5632 terram,
2079 5577 2129 5622 et

2241 4465 2516 4526 ἀνάλωτος
2545 4460 2792 4534 πορνικῷ
2823 4461 3007 4525 πάθει,
3040 4463 3135 4515 καὶ
3166 4461 3255 4514 δια
3297 4459 3454 4514 τοῦτο
3491 4459 3568 4524 ὡς
3596 4460 3822 4527 νικητὴς

2239 4557 2341 4626 τῆς
2369 4555 2645 4628 ἁμαρτίας
2687 4555 3156 4625 κατεστεμμένος.
3199 4554 3314 4622 Ἐφ’
3335 4546 3380 4620 ᾧ
3429 4554 3621 4606 ἕπεται
3652 4554 3683 4622 ή
3713 4550 3821 4604 τῶν

2238 4653 2598 4722 ἁγιασμάτων
2649 4650 2957 4722 μετάληψις
2981 4692 2996 4716 ,
3024 4652 3176 4721 καὶή
3225 4649 3317 4704 τοῦ
3355 4648 3818 4717 στεφανώσαντας,

2238 4746 2332 4798 καὶ
2383 4744 2582 4807 παντὸς
2625 4743 2786 4796 άλλου
2841 4742 3137 4814 ἱερατικοῦ,
3161 4744 3219 4795 ὲν
3270 4740 3348 4812 τῷ
3392 4740 3617 4809 τοιούτῳ
3657 4739 3823 4808 γάμῳ

2238 4836 2498 4898 ἑστίασις.
2532 4835 2691 4889 Καθὰ
2719 4836 2809 4890 καὶ
2841 4838 2870 4889 6
2894 4835 3100 4906 Κύριος
3127 4836 3220 4888 καὶ
3245 4835 3377 4897 Θεὸς
3407 4835 3566 4905 ἡμῶν
3586 4836 3642 4886 ἐν
3664 4834 3822 4902 Κανᾷ

2239 4928 2340 4996 τῆς
2389 4927 2678 4988 Γαλιλαίας
2730 4926 2967 4995 ἠξίωσεν
3009 4926 3322 4997 ἀριστῆσαι,
3347 4927 3439 4979 διὰ
3489 4927 3591 4995 τῆς
3639 4927 3820 4978 ἐκεῖσε

2241 5018 2538 5081 ἑστιάσεως
2593 5018 2769 5071 πάντα
2789 5017 2854 5090 μ’.
2889 5019 2997 5070 πᾶν
3027 5015 3110 5088 τὸ]
3153 5018 3391 5086 γαμικὸν
3433 5019 3652 5088 ἄριστον
3682 5033 3821 5070 κατ-

2241 5111 2751 5180 ευλογήσας.Ἀλλά
2802 5110 3020 5180 καὶτῆς
3076 5109 3406 5180 πεφανικῆς
3447 5110 3693 5182 ἀρμογῆς
3725 5109 3822 5162 αύο

2238 5202 2332 5267 τὸς
2386 5201 2678 5274 προλαϐὼν
2726 5201 2825 5274 τὴν
2874 5201 3124 5269 εὐλογίαν
3155 5202 3309 5255 ἔθετο
3343 5201 3438 5256 ἐπὶ
3464 5205 3556 5255 τοῦ
3589 5202 3821 5271 άρχιπὰ-

2231 5312 2389 5366 τορος
2419 5294 2786 5366 ήμῶνἋδάμ·
2822 5293 2968 5358 urbe;
3003 5295 3116 5349 Kal
3147 5294 3445 5362 ἐποίησεν
3482 5297 3516 5348 ό
3543 5294 3681 5359 Θεὸς
3713 5293 3820 5346 τὸν

2230 5385 2922 5455 ἁνθρωπονοκατέικόνα
2942 5386 3090 5440 Θεοῦ
3110 5385 3408 5454 ἐποίησεν
3421 5384 3821 5453 αὐτὸν,ἆρσεν

2227 5480 2326 5536 καί
2341 5479 2500 5549 θῆλυ
2513 5480 2806 5548 ἐποίησεν
2820 5481 3063 5547 αὐτούς·
3083 5479 3178 5534 καὶ
3199 5480 3540 5549 εὐλόγησεν
3548 5475 3769 5542 αὐτοὺς
3787 5477 3821 5528 δ

2229 5570 2613 5642 Θεὸς,λέγνον·
2629 5565 3100 5638 Λὺξὰνεσθεμαὶ
3131 5572 3534 5640 πληθύνεσθε,
3552 5568 3639 5623 καί
3655 5571 3820 5634 πλη-

630 5667 676 5700 ⁸⁸
701 5667 722 5722 l
752 5669 876 5727 Cor.
907 5688 1000 5740 vu,
1029 5673 1085 5730 9.
1157 5675 1204 5708 “
1228 5675 1395 5732 Laod.
1435 5691 1558 5734 can.
1594 5677 1644 5734 i.
1719 5677 1766 5710 “
1784 5676 1842 5733 In
1866 5676 2040 5748 Epist.
2065 5679 2133 5735 ad
2157 5680 2502 5752 Amphiloch.
2528 5697 2652 5739 can.
2683 5682 2738 5738 4.
2812 5683 2858 5715 ⁸⁷
2883 5680 3020 5738 Can.
3047 5682 3094 5736 7.
