4044 6366
208 279 226 341 1
237 281 342 345 093

1426 278 1959 343 EPISTOLARUM
2001 278 2151 340 LIB.
2184 278 2232 338 Ι.

3308 263 3449 332 1094

194 387 428 458 ρώσατε
449 382 564 451 τὴν
580 383 718 454 γῆν,
736 385 836 440 καί
864 386 1371 455 κατακυριεύσατε
1392 385 1600 455 αὐτῆς.
1626 386 1777 457 Αὕτη
1804 430 1811 443 ι

1910 384 2228 439 ‘ominamim’
2263 383 2380 454 eius
2397 381 2466 438 ⁸⁸.
2511 378 2639 436 Haec
2676 371 2842 452 igitur
2888 377 3201 435 benedictio
3237 378 3450 447 copulat

206 478 296 534 οὖν
341 480 374 549 ἡ
404 477 627 546 εσλογία
653 477 757 548 τῆς
784 481 1027 550 γαμικῆς
1074 480 1390 549 συναφείας,
1412 474 1610 551 ἀφ’ἦς
1673 481 1780 534 πᾶ-

208 589 276 627 σα
328 568 637 639 εὐλογιστία
694 571 1069 642 μονογαμικῆς
1117 571 1422 638 συζεύξεως
1450 588 1466 605 ο
1503 573 1627 627 ἐπεὶ
1685 573 1781 626 καὶ

210 662 515 734 μονόγαμος
584 659 777 732 ⁹Δδάμ.
825 661 1214 733 Ἐπιτηρητιίον
1259 662 1317 716 δέ
1338 664 1421 717 ὅτι
1459 665 1557 718 καὶ
1583 665 1618 733 ἡ
1660 679 1783 717 στε-

208 751 410 824 φανικὴ
472 751 762 824 ἐπίκλησις
825 751 1038 805 ἐκεῖθεν
1141 751 1399 824 ὥρμηται
1423 769 1439 785 σ
1500 753 1600 826 τὴν
1684 750 1781 807 τοῦ

214 841 428 915 πρώτου
496 840 787 913 ἀνθρώπου
842 840 1167 905 διάπλασιν,
1226 841 1322 895 καὶ
1375 840 1514 913 πρὸς
1563 841 1662 913 τὴν
1718 843 1784 895 ἐκ

212 935 450 1006 πλευρᾶς
477 934 644 989 αὐτοῦ
683 934 920 1003 γυναῖκα
947 933 1200 1000 σύζευξιν
1232 933 1781 1005 ὖπομνηματίζουσα.

224 1027 285 1081 ὐ
331 1026 388 1079 δέ
430 1023 686 1095 δεύτερος
724 1024 923 1095 γάμος,
980 1025 1031 1077 εἱ
1073 1023 1169 1078 καὶ
1204 1023 1645 1097 συγκεχώρηται,
1667 1022 1783 1078 ἀλλ’

215 1115 617 1187 ἐπιτετίμηται.
645 1114 770 1179 Πῶς
813 1113 923 1185 γὰρ
966 1113 1034 1168 ἂν
1063 1114 1156 1168 καὶ
1184 1115 1575 1185 στεφανώσεως
1611 1114 1783 1179 ἄξιος,

216 1202 504 1279 ἡττηθεὶς,
543 1202 656 1257 ἀλλ’
693 1204 753 1257 οὑ
786 1203 1051 1273 νικήσας;
1092 1201 1176 1268 τίς
1206 1202 1265 1256 δέ
1303 1203 1398 1257 καὶ
1443 1196 1786 1273 δίστεφανώ-

220 1314 326 1351 σων
360 1293 551 1348 τοῦτον
592 1292 987 1365 πρεσσύτερος,
1014 1292 1073 1359 δς
1101 1295 1197 1348 καὶ
1224 1293 1323 1348 τοῦ
1369 1293 1559 1358 ἁπλῶς
1598 1294 1787 1347 ἐστια-

221 1387 374 1456 θῆναι
396 1386 454 1439 ἐν
478 1384 558 1455 τῷ
586 1386 705 1438 κατ’
719 1383 882 1439 αὑτὸν
910 1385 1119 1457 ἀρίστῳ
1135 1384 1423 1457 Πατρικῶς
1446 1384 1782 1459 κεκώλυται;

222 1477 334 1540 πῶς
373 1476 431 1530 δέ
469 1476 565 1531 καὶ
601 1476 817 1547 μεθέξει
844 1479 944 1549 τῆς
991 1477 1143 1541 θείας
1168 1476 1519 1543 κοινωνίας,ό
1550 1476 1619 1531 δι’
1651 1477 1787 1532 αὐτὸ

219 1569 377 1623 τοῦτο
420 1568 708 1640 είργμένος
739 1568 919 1640 χρόνῳ
956 1569 1039 1623 ἐνὶ
1086 1570 1183 1624 καὶ
1218 1568 1340 1623 δυσὶ
1370 1569 1481 1623 τῶν
1511 1568 1788 1638 ἀγιασμά-

219 1680 358 1730 των;
402 1661 546 1727 τίνος
587 1662 646 1716 δὲ
688 1662 722 1733 ἢ
757 1664 874 1728 οίας
908 1664 1007 1735 τῆς
1051 1664 1431 1736 εὐλογιστικῆς
1478 1665 1790 1737 προσευχῆς

221 1719 509 1854 γινομένης
525 1719 629 1854 ⁷ἐπὶ
651 1719 754 1823 της
776 1719 1074 1824 συναφείας
1097 1719 1288 1822 αὑτοῦ,
1331 1719 1791 1854 μηνοῦσηςιᾶλλης
1817 1719 1865 1778 Β

224 1843 376 1915 παρὰ
404 1844 504 1913 τὴν
533 1844 663 1916 μίαν
685 1846 783 1917 τῆς
812 1849 1189 1919 μονογαμικῆς
1231 1847 1325 1901 καὶ⁵
1368 1843 1629 1920 πρώτηςξ
1657 1849 1793 1903 Συν-

226 1935 391 2007 ἦκται
420 1932 513 1992 οὖν
553 1939 618 1991 ἐκ
661 1938 879 1993 πάντων
911 1938 1206 2010 Γραφικῶς
1247 1957 1308 1994 τε
1354 1941 1448 1994 καὶ
1482 1938 1793 2012 Πατρικῶς,

224 2028 493 2100 ἀμέτοχον
539 2024 683 2084 εἶναι
725 2030 1149 2103 στεφανώματος
1180 2033 1280 2105 τὴν
1319 2033 1755 2105 δευτερογαμὶαν
1776 2050 1791 2063 ·

224 2120 308 2174 διὰ
359 2120 521 2175 τοῦτο
554 2122 677 2176 οὐδὲ
708 2122 815 2176 ὑπὸ
854 2124 961 2193 τοῦ,
987 2124 1178 2196 ἱερέως
1218 2124 1597 2197 ζευγνυμένην
1619 2140 1634 2156 ’
1660 2124 1798 2180 ἀλλὰ

230 2212 332 2282 μὴν
383 2212 505 2266 οὐδὲ
552 2214 992 2286 παραδεδομένην
1015 2232 1031 2247 ο
1070 2216 1194 2270 τότε
1225 2216 1283 2271 δέ
1338 2217 1796 2288 προσδεχομένην,

227 2303 465 2372 ὁπηνίκα
493 2302 578 2374 εῖη
607 2303 885 2376 πλήρωσις
910 2307 1004 2361 τοῦ
1029 2308 1277 2362 ὁπωσοῦν
1304 2307 1448 2363 κατὰ
1464 2309 1566 2379 τὴν
1596 2308 1801 2379 ἱερατι-

230 2392 327 2462 κὴν
381 2391 707 2462 δοκιμασίαν
767 2394 1014 2459 δοθέντος
1070 2396 1389 2468 ἐπιτιμίου·
1423 2398 1545 2469 μεθ’
1568 2397 1638 2468 ἢν
1687 2396 1801 2463 ἔξει

230 2479 288 2551 μ’.
312 2478 479 2553 ἕξειν]
516 2483 612 2535 καὶ
643 2483 752 2538 τῶν
785 2484 943 2538 θείων
983 2486 1173 2557 δώρων
1224 2486 1323 2558 τὴν
1370 2486 1674 2559 μετάληψιν
1714 2487 1803 2541 ἑν·-

229 2571 420 2626 τεῦθεν
464 2574 892 2645 εὐλογουμένους
923 2578 1123 2642 αὐτοὺς
1142 2616 1158 2643 ,
1192 2578 1357 2633 οἱονεὶ
1380 2578 1456 2643 ὡς
1481 2580 1575 2634 ἐπὶ
1608 2596 1803 2650 στεφαο

231 2664 482 2734 νώματος
506 2682 521 2697 ⁸
554 2668 696 2722 κατὰ
741 2668 997 2742 δεύτερον
1046 2670 1224 2741 λόγον,
1258 2672 1397 2742 μετὰ
1432 2671 1802 2744 συγχώρησιν.

234 2757 468 2825 Εὑλογία
519 2761 624 2829 γὰρ
674 2758 733 2813 τὸ
777 2759 974 2832 δῶρον,
1004 2760 1307 2831 τηνικαῦτα
1352 2762 1448 2815 καὶ
1509 2762 1803 2831 συναφείας

234 2849 381 2919 παρὰ
404 2848 500 2904 τοῦ
545 2850 735 2921 ἱερέως
776 2852 976 2923 δεῖγμα
1006 2869 1020 2883 ·
1058 2852 1245 2908 ἔκτοτε
1294 2853 1369 2926 μὴ
1417 2854 1805 2926 κεκωλυμένου

234 2937 380 3008 αὑτῷ
429 2938 809 2994 συνεστιᾶσθαι
865 2944 980 3005 τοῖς
1036 2941 1435 3014 διγαμήσασιν’
1469 2942 1545 3008 ὡς
1574 2945 1669 2997 ἐπὶ
1695 2943 1807 2998 τῶν

1879 476 2164 547 nuptialis,
2214 491 2280 531 ex
2325 489 2433 545 qua
2476 471 2789 530 benedictio
2834 470 3013 526 omnis
3058 468 3450 539 monogamicte

1879 566 2314 638 coniunctionis;
2349 579 2703 637 monogamus
2737 562 3003 633 siquidem
3032 561 3225 617 Adam.
3249 560 3453 616 Obser-

1878 660 2119 715 vandum
2148 674 2279 715 vero
2326 670 2413 714 est
2448 658 2577 715 inde
2608 671 2826 728 quoque
2860 662 3034 709 ortam
3071 668 3191 709 esse
3221 668 3453 707 corona-

1880 752 2021 808 riam
2069 750 2499 814 invocationem,
2550 764 2672 821 quae
2720 747 2883 819 primi
2934 745 3169 801 hominis
3217 745 3452 799 creatio-

1880 858 2032 910 nem,
2065 843 2425 914 ejusdemque
2452 857 2576 897 cum
2606 840 2836 895 muliere
2866 854 2931 894 ex
2965 838 3112 893 illius
3136 847 3288 892 costa
3319 851 3452 906 pro-

1882 935 2044 991 ducta
2108 934 2555 1005 coniunctionem
2621 938 3002 1002 repraesentat.
3061 929 3134 984 At
3196 926 3454 983 secunda:

1883 1027 2090 1099 nuptiae
2141 1027 2358 1082 tametsi
2413 1024 2826 1097 permittuntur.
2885 1038 3047 1093 paena
3096 1020 3452 1091 castigantur.

1884 1116 2170 1185 Quomodo
2198 1117 2344 1174 enim
2386 1116 2740 1173 coronatione
2782 1114 2961 1185 digna:
3005 1121 3154 1175 sunt,
3181 1126 3303 1182 qua:
3340 1124 3452 1166 non

1883 1210 2133 1276 vincunt,
2173 1209 2267 1266 sed
2294 1210 2610 1265 vincuntur.
2662 1206 2796 1273 Quis
2827 1221 2992 1277 porro
3036 1205 3321 1276 presbyter
3358 1216 3455 1258 eas

1884 1310 2135 1367 coronet,
2180 1316 2307 1356 cum
2341 1300 2428 1356 vel
2460 1299 2515 1354 in
2554 1314 2741 1354 earum
2773 1296 3018 1369 prandiis
3043 1294 3253 1366 epulari
3289 1310 3321 1349 a
3352 1292 3457 1349 Pa-

1888 1394 2065 1450 tribus
2092 1392 2487 1465 prohibeatur?
2510 1391 2614 1458 Qui
2643 1406 2775 1447 vero
2816 1390 3018 1445 divinae
3053 1386 3457 1443 communionis

1888 1486 2162 1557 particeps
2183 1485 2275 1550 sit,
2298 1484 2392 1554 qui
2412 1485 2515 1539 hoc
2534 1482 2757 1537 nomine
2781 1496 2892 1536 uno
2914 1490 3079 1549 atque
3102 1479 3278 1534 altero
3307 1491 3456 1531 anno

1890 1592 1922 1632 a
1955 1578 2126 1634 sacris
2152 1576 2406 1632 arcetur?
2442 1575 2552 1630 Aut
2579 1588 2826 1645 quaenam
2851 1572 3093 1643 qualisve
3116 1568 3458 1626 benedictio-

1891 1670 1978 1725 nis
1996 1668 2237 1740 precatio
2266 1668 2324 1723 in
2354 1666 2544 1723 earum
2568 1664 2961 1736 conjunctione
2985 1671 3302 1734 usurpetur,
3332 1674 3459 1717 eum

1891 1762 1995 1817 alia
2041 1760 2192 1816 nulla
2238 1759 2310 1815 sit
2359 1767 2559 1829 praeter
2601 1772 2723 1812 eam
2781 1771 2903 1826 quas
2959 1755 3015 1809 in
3069 1754 3264 1825 primis
3303 1761 3358 1807 et
3403 1751 3459 1806 in

1891 1848 2285 1922 monogamicis
2342 1848 2664 1904 adhibetur?
2709 1847 3003 1902 Ostensum
3052 1860 3182 1917 ergo
3235 1857 3463 1914 prorsus

1892 1953 1978 2000 est
2013 1959 2078 1998 ex
2105 1956 2379 1997 sacrarum
2402 1939 2730 1996 Litterarum
2754 1937 3089 2007 Patrumque
3112 1934 3461 1999 auctoritate,

1893 2039 2146 2103 expertes
2175 2045 2391 2088 corona
2415 2028 2684 2086 secundas
2713 2029 2932 2100 nuptias
2956 2043 3099 2092 esse.
3127 2036 3184 2082 et
3210 2034 3465 2097 propter-

1894 2140 1959 2181 ea
2021 2139 2092 2179 ne
2148 2139 2180 2179 a
2230 2123 2516 2179 sacerdote
2562 2121 2783 2191 quidem
2827 2118 3093 2190 copulari.
3149 2115 3465 2183 Quinetiam

1895 2230 2077 2286 neque
2103 2214 2401 2271 extraditas
2430 2213 2551 2269 illas
2585 2213 2774 2278 fuisse,
2817 2212 2910 2267 sed
2957 2220 3072 2266 tum
3118 2211 3337 2267 demum
3379 2208 3473 2263 ad-

1898 2307 2113 2369 missas,
2167 2320 2292 2359 cum
2348 2304 2562 2373 expleta
2621 2302 2786 2357 fuerit
2831 2302 3176 2357 sacerdotum
3235 2299 3470 2355 arbitrio

1900 2398 2146 2469 iniuncta
2173 2395 2495 2467 poenitentia
2525 2410 2539 2448 :
2571 2401 2857 2465 postquam
2915 2401 2971 2447 et
3003 2392 3311 2445 divinorum
3347 2404 3465 2444 mu-

1900 2503 2097 2543 nerum
2129 2485 2599 2557 participationem
2641 2483 2915 2548 obtinent,
2964 2481 3200 2551 indeque
3239 2480 3471 2534 benedi-

1902 2589 2101 2638 cuntur
2117 2580 2266 2635 velut
2281 2580 2334 2634 in
2358 2577 2731 2642 coronatione,
2750 2575 3009 2631 inferiore
3029 2574 3263 2644 quodam
3281 2572 3469 2634 modo,

1905 2683 2029 2745 post
2076 2671 2491 2743 indulgentiam.
2538 2669 2856 2724 Benedictio
2904 2667 3051 2723 enim
3101 2674 3188 2720 est
3242 2678 3472 2728 munus,

1906 2776 2021 2821 tum
2054 2764 2217 2820 etiam
2245 2774 2301 2818 et
2344 2761 2621 2833 specimen
2666 2759 3067 2831 coniunctionis
3106 2773 3204 2827 per
3233 2754 3476 2810 sacerdo-

1907 2867 2038 2923 tem,
2071 2857 2215 2928 quod
2244 2872 2310 2909 ex
2340 2870 2408 2911 eo
2435 2862 2682 2925 tempore
2708 2868 2817 2908 non
2842 2852 3202 2924 prohibeatur
3228 2865 3350 2905 cum
3387 2849 3477 2913 iis,

1907 2948 2001 3019 qui
2040 2948 2108 3004 ad
2141 2948 2410 3003 secundas
2446 2945 2666 3015 nuptias
2706 2945 3023 3008 convolant,
3058 2942 3337 3006 convesci,
3365 2953 3480 2995 non

239 3030 583 3122 μονογάμων.
621 3033 731 3087 Καὶ
769 3032 911 3088 οὕτω
934 3034 1085 3107 νόμῳ
1119 3037 1358 3107 ὁρμᾶται
1412 3035 1808 3109 συγχωρητικῷ

1912 3054 2075 3095 secus
2109 3047 2272 3107 atque
2299 3051 2422 3092 cum
2450 3035 2813 3106 monogamis.
2853 3035 3032 3103 Atque
3059 3032 3164 3086 hoc
3202 3029 3367 3085 modo
3396 3029 3483 3085 di-

237 3122 269 3190 ἡ
320 3121 554 3193 διγαμία
585 3164 600 3191 ,
631 3124 775 3178 κατὰ
823 3126 914 3180 τὸν
974 3127 1327 3181 ’Δπόστολοψ
1353 3128 1701 3197 γινώσκουσα
1742 3128 1813 3183 τὰ

236 3211 515 3286 δευτερεῖα
569 3215 714 3286 ἔχειν
761 3216 861 3288 τῆς
912 3218 1284 3288 μονογαμίας·
1338 3219 1431 3272 καὶ
1477 3219 1552 3288 μὴ
1604 3217 1815 3287 ἀλόγως

239 3308 334 3376 τῆς
360 3303 589 3376 πρώτης
613 3303 949 3377 ἐπιζητοῦσα
975 3306 1044 3361 τὰ
1073 3306 1423 3379 δικαιώματα
1444 3347 1461 3374 ,
1488 3307 1633 3379 ἅπερ
1684 3324 1817 3378 προ-

242 3396 549 3469 απήλαυκε.

310 3490 483 3559 Φαίης
511 3487 557 3541 δ’
579 3488 645 3544 ἄν
661 3505 677 3522 ο
709 3489 819 3545 Καὶ
844 3489 961 3555 πῶς
984 3488 1213 3545 ἔλθωσιν
1240 3491 1335 3546 ἐπὶ
1358 3493 1457 3565 τὴν
1479 3492 1776 3563 συνάφειαν
1800 3511 1815 3560 ;

247 3578 367 3640 Τοῖς
402 3578 771 3649 ἀνθρωπίνοις
818 3581 1155 3652 καθήκουσιν
1183 3581 1375 3655 ὥσπερ
1407 3585 1500 3638 καὶ
1537 3585 1588 3639 οἱ
1630 3586 1821 3655 τρίγαο

252 3688 337 3738 μοι
373 3672 473 3725 καὶ
500 3671 809 3744 πολύγαμοι
839 3689 855 3706 ·
881 3673 1027 3729 οὕτω
1056 3674 1165 3746 γὰρ
1191 3675 1453 3748 κέκληται
1482 3678 1516 3748 ἡ
1556 3678 1695 3748 μετὰ
1723 3678 1822 3750 τὴν

247 3762 438 3834 τρίτην
478 3765 611 3837 πρὸς
640 3765 751 3820 τῶν
781 3766 1062 3839 Πατέρων.
1096 3770 1165 3821 Ἢ
1196 3768 1688 3839 στεφανοῦσθωσαν
1720 3771 1822 3825 κά-

252 3862 442 3916 κεῖνοι.
488 3858 632 3914 Ἀλλ’
664 3859 835 3923 ὅντως
865 3862 898 3931 ἠ
950 3860 1091 3930 ἄγαν
1139 3860 1385 3925 διάλυσις
1416 3861 1525 3915 τῶν
1559 3862 1821 3929 κανόνων,

258 3950 459 4020 μᾶλλον
530 3951 588 4006 δέ
632 4021 647 4025 Α
673 3951 770 4005 τοῦ
842 3951 1172 4022 Εὐαγγελίου
1202 3993 1218 4019 ,
1274 3954 1334 4006 οὐ
1400 3946 1666 4025 διγάμους
1732 3955 1826 4009 νῦν

256 4042 351 4096 καὶ
433 4021 781 4115 τριγῌους,
846 4021 979 4097 ἀλλᾶ
1039 4045 1135 4097 καὶ
1200 4045 1427 4115 μοιχοὺς
1468 4021 1475 4023 ἡ
1522 4021 1825 4116 στεφανοῦ-

257 4134 378 4187 σθαι
450 4135 556 4188 ὑπὸ
622 4137 733 4190 τῶν
797 4136 989 4208 ἱερέων
1032 4136 1371 4206 πεποίηκενο
1402 4137 1478 4202 ώς
1540 4139 1637 4192 καὶ
1700 4140 1827 4203 τοὺς

256 4226 320 4293 τῇ
353 4224 558 4295 ἀντοχῇ
592 4222 687 4277 τοῦ
709 4222 858 4278 θείου
890 4223 1054 4293 νόμου
1094 4224 1169 4295 μὴ
1227 4227 1286 4278 ἐν
1324 4225 1499 4297 τούτῳ
1538 4244 1827 4298 συναιροῦ-

263 4316 459 4385 μένους
509 4316 802 4382 διώκουσα,
841 4317 937 4370 καὶ
993 4316 1488 4387 ἁναθεματίζουσα,
1549 4318 1623 4381 ὡς
1671 4320 1829 4375 ἁλλο-

1915 3133 2091 3206 gamia
2124 3134 2242 3204 lege
2282 3130 2453 3186 utitur
2508 3128 2881 3199 indulgentiae,
2920 3127 3072 3196 iuxta
3117 3123 3480 3194 Apostolum:

1914 3239 2217 3297 agnoscens
2242 3221 2507 3277 secundas
2532 3235 2592 3275 se
2619 3235 2651 3273 a
2678 3217 3020 3289 monogamia
3048 3224 3231 3286 partes
3259 3222 3481 3269 tenere:

1915 3334 2019 3374 nec
2057 3315 2327 3371 immerito
2377 3326 2632 3384 quaerens
2675 3310 2972 3381 primarum
3007 3306 3153 3378 iura,
3208 3319 3331 3375 quae
3371 3303 3485 3374 iam

1917 3420 2044 3466 ante
2076 3407 2338 3481 percepit.

1989 3504 2213 3571 Quaeres
2268 3498 2500 3555 forsitan
2549 3493 2825 3566 quomodo
2874 3504 3004 3563 ergo
3059 3488 3486 3559 coniungantur.

1921 3593 2187 3649 Humanis
2220 3589 2409 3645 olliciis
2447 3588 2589 3642 sicut
2631 3594 2689 3640 et
2732 3581 2944 3654 trigami
2976 3590 3035 3635 .et
3063 3578 3335 3650 polygami
3365 3594 3378 3629 :
3411 3574 3491 3629 sic

1922 3689 2070 3746 enim
2102 3686 2292 3741 Patres
2318 3688 2518 3737 vocant
2551 3692 2646 3733 eos
2673 3676 2766 3746 qui
2789 3674 2929 3729 ultra
2951 3671 3143 3727 tertias
3170 3667 3492 3738 procedunt.

1922 3784 2037 3837 Aut
2067 3785 2217 3834 certe
2258 3781 2590 3830 coronentur
2636 3769 2800 3824 etiam
2849 3765 2959 3820 isti.
3002 3763 3294 3817 Enimvero
3325 3772 3496 3814 cano-

1924 3889 2058 3931 num
2083 3868 2374 3926 immodica
2405 3861 2713 3925 subversio,
2743 3858 2829 3915 vel
2854 3857 3036 3929 potius
3062 3850 3362 3924 Evangelii,
3386 3864 3497 3904 non

1925 3968 2169 4039 digamos
2193 3976 2344 4016 nunc
2366 3967 2419 4014 et
2451 3957 2725 4026 trigamos,
2756 3951 2852 4008 sed
2896 3959 2952 4006 et
2977 3948 3223 4004 moechos
3250 3941 3500 3999 coronari

1926 4034 2059 4114 fecit
2083 4070 2114 4109 a
2143 4048 2517 4108 sacerdotibus
2550 4064 2563 4099 :
2590 4059 2714 4114 qua:
2750 4051 2806 4097 et
2843 4041 2963 4095 illos
3001 4035 3375 4110 persequitur,
3405 4034 3498 4104 qui

1930 4164 2030 4221 pro
2051 4148 2168 4217 lege
2190 4141 2372 4198 divina
2399 4143 2724 4209 pugnantes,
2754 4132 3068 4189 consentire
3092 4130 3149 4184 in
3175 4143 3242 4182 eo
3270 4126 3497 4181 nolunt:

1929 4219 1986 4295 et
2013 4236 2383 4296 anathemate,
2415 4230 2562 4284 velut
2588 4242 2623 4282 a
2658 4224 2879 4281 Christo
2903 4222 3131 4286 alienos,
3159 4219 3384 4273 damnat
3406 4231 3504 4270 eos

1932 4330 2024 4401 qui
2051 4344 2149 4399 pro
2176 4326 2296 4396 eius
2324 4321 2580 4377 mandato
2606 4334 2670 4374 ac
2701 4316 2931 4372 veritate
2963 4313 3272 4384 insurgunt.
3305 4309 3506 4364 Obstu-

259 4408 442 4477 τρίους
502 4407 761 4480 Χριστοῦ,
797 4409 922 4473 τοὺς
964 4408 1105 4481 ὑπὲρ
1160 4408 1379 4479 ἐντολῆς
1427 4408 1523 4462 καὶ
1571 4408 1811 4480 ἀληθείας

1935 4399 2127 4496 pesces
2169 4432 2335 4489 super
2364 4416 2491 4480 hoc,
2535 4411 2734 4467 cmlum
2763 4426 2779 4464 :
2807 4422 3005 4478 supera
3046 4405 3272 4461 deosum
3296 4399 3507 4472 iustitia

262 4502 427 4556 αὑτοῦ
477 4502 886 4575 ἐνισταμένους.
920 4504 1209 4576 Ἔκστηθι,
1240 4506 1458 4577 οὐρανέ,
1488 4505 1582 4559 ἐπὶ
1605 4505 1781 4575 τούτῳ
1817 4522 1831 4536 ·

262 4595 331 4648 τὰ
362 4596 478 4649 ἄνω
502 4596 672 4661 κάτω,
704 4597 737 4668 ἡ
766 4597 1081 4669 δικαιοσύνη
1114 4598 1337 4670 ἀνομία,
1368 4598 1429 4651 τὸ
1462 4598 1579 4669 φῶς
1601 4598 1794 4661 σκότος
1819 4637 1835 4661 ,

265 4690 322 4757 ἐξ
354 4684 430 4744 ὧν
457 4693 505 4744 οἱ
530 4692 844 4762 Μοιχειανοὶ
871 4691 1092 4761 λέγουσι
1122 4693 1216 4746 καὶ
1244 4692 1565 4763 πράττουσι,
1596 4691 1839 4746 δείκνυν-

265 4797 375 4837 ται.
405 4782 581 4836 Τοῦτο
606 4786 722 4846 τοῖς
746 4784 965 4852 τυφλοῖς
993 4784 1087 4837 καὶ
1115 4786 1322 4852 κωφοῖς
1350 4784 1493 4837 κατὰ
1511 4781 1709 4855 ψυχὴν,
1744 4783 1840 4836 καὶ

269 4874 520 4927 ἐντεῦθεν
541 4874 637 4927 τοῦ
681 4874 1054 4947 Ἀντιχρίστου
1079 4874 1147 4928 τὰ
1178 4874 1427 4945 πρόλαὸα
1458 4876 1709 4945 φέρουσι.
1727 4874 1835 4928 Τά-

274 4982 345 5036 χα
374 4966 420 5020 δ’
452 4964 521 5020 ἂν
553 4967 775 5020 κάκεῖνο
816 4967 996 5031 εῐποις
1019 4982 1035 4997 ·
1075 4967 1139 5022 Εί
1167 4967 1229 5021 τὸ
1276 4965 1335 5021 ἓν
1372 4966 1538 5037 μέρος
1575 4967 1659 5037 εἴη
1694 4982 1839 5033 παρ-

275 5057 428 5111 θένον
452 5097 470 5124 ,
506 5059 623 5123 πῶς
658 5060 876 5128 λέγουσι
904 5075 1070 5123 τινες,
1099 5059 1173 5122 ὡς
1220 5058 1282 5113 τὸ
1332 5059 1431 5128 μὲν
1484 5057 1845 5129 στεφανοῦται

275 5151 333 5204 ἐν
364 5153 431 5222 τῇ
459 5151 692 5222 κεφαὶῆ,
729 5152 792 5205 τὺ
826 5152 885 5206 δὲ
922 5150 1031 5206 ἀπὸ
1054 5152 1235 5221 γάμου
1254 5192 1269 5215 ,
1297 5153 1354 5204 ἐν
1382 5151 1461 5222 τῷ
1488 5150 1626 5222 ὤμῳ
1648 5190 1663 5216 ,
1693 5167 1849 5203 νενο-

282 5240 451 5313 μένης
484 5242 583 5312 τῆς
612 5244 945 5312 ι·ἐφανικῆς
968 5239 1130 5311 εὑχῆς
1164 5255 1179 5304 ;
1208 5240 1315 5294 Καί
1340 5258 1430 5311 μοι
1458 5239 1594 5311 πρὸς
1623 5241 1694 5311 τῇ
1726 5240 1851 5293 ἀτο-

282 5331 402 5404 πίᾳ,
434 5332 514 5387 ἔτι
570 5335 669 5388 καὶ
704 5334 912 5403 γελοῖον
940 5333 1209 5402 φαίνεται.
1246 5330 1483 5385 Διδόσθω
1510 5330 1617 5403 γὰρ
1649 5347 1848 5403 τριγα-

293 5426 435 5494 μεῖν’
466 5427 559 5478 καὶ⁸
592 5424 696 5478 ποῦ
742 5424 928 5495 τεθείη
953 5426 981 5478 ό
1009 5424 1308 5494 στέφανοςς
1339 5424 1398 5477 ἐν
1426 5425 1492 5491 τῇ
1525 5423 1689 5494 χειρὶ,
1713 5424 1746 5494 ἢ
1774 5423 1854 5486 εἱς

284 5516 347 5568 τὸ
371 5516 501 5584 γόνυ
530 5533 546 5584 ;
576 5518 692 5587 εῐγε
730 5520 827 5573 καὶ
854 5520 887 5590 ἡ
917 5518 1214 5589 γημαμένη
1244 5510 1357 5569 εἷεν
1382 5515 1492 5568 ἀπὸ
1522 5514 1773 5586 χηρείας,
1794 5515 1853 5567 ἐν

287 5610 363 5680 τῷ
394 5609 526 5680 ὧμῳ
565 5612 656 5666 τὸν
689 5613 951 5683 στέφανον
987 5611 1220 5679 δέξεται.
1250 5609 1459 5663 "Arena
1486 5606 1679 5661 ταῦτα.

366 5722 564 5779 "Cen.
592 5741 631 5791 ι,
656 5724 749 5779 27.

1936 4492 2216 4583 iniquitas,
2242 4508 2334 4562 lux
2361 4504 2624 4568 tenebrae,
2665 4515 2731 4554 ex
2757 4498 2824 4553 iis
2858 4496 2979 4568 qui:
3003 4493 3291 4551 Mmchiani
3318 4492 3511 4547 dicunt

1938 4615 1993 4661 ct
2015 4610 2202 4675 agunt,
2240 4612 2361 4654 esse
2391 4593 2839 4664 comprobantur.
2874 4589 3000 4644 Haec
3029 4585 3189 4642 caecis
3230 4593 3288 4639 et
3327 4592 3513 4637 mente

1940 4671 2132 4765 captis,
2156 4700 2318 4760 atque
2341 4687 2465 4742 ideo
2493 4680 2815 4739 Antichristi
2846 4677 3149 4750 primordia
3175 4671 3511 4745 gerentibus.

1941 4764 2152 4842 Forsan
2195 4791 2250 4838 et
2283 4782 2387 4836 hoc
2436 4778 2625 4834 dices:
2660 4775 2718 4829 Si
2749 4772 2971 4845 quidem
3001 4785 3126 4841 pars
3163 4768 3335 4822 altera
3362 4764 3516 4834 virgo

1941 4880 2033 4942 sit,
2081 4880 2397 4936 coronatur,
2434 4875 2498 4924 ut
2527 4865 2775 4921 nonnulli
2812 4864 3024 4923 dicunt,
3059 4860 3177 4914 haec
3207 4855 3423 4927 quidem
3456 4853 3511 4907 in

1943 4965 2155 5036 capite;
2189 4964 2360 5017 altera
2398 4973 2527 5014 vero
2553 4970 2673 5026 qua).
2697 4952 2905 5023 nuptiis
2931 4951 3044 5021 iam
3083 4946 3369 5018 perfuncta
3408 4952 3513 5007 est,

1946 5034 2281 5121 inbumero,
2315 5052 2444 5107 dum
2475 5046 2760 5105 coronaria
2787 5043 3029 5116 precatio
3058 5039 3355 5112 peragitur.
3385 5034 3519 5090 Mihi

1949 5164 2081 5205 vero
2128 5162 2236 5201 non
2281 5144 2456 5199 solum
2508 5138 2827 5201 absurdum,
2879 5135 2976 5190 sed
3020 5131 3315 5187 ridiculum
3356 5128 3522 5183 etiam

1952 5242 2059 5296 hoc
2087 5239 2321 5294 videtur.
2370 5232 2584 5289 Etenim
2622 5229 2846 5285 tertium
2892 5222 3125 5280 nubenti
3170 5222 3394 5277 ubinam
3426 5233 3523 5288 po.

1954 5341 2117 5387 netur
2144 5324 2382 5384 corona?
2419 5324 2474 5377 in
2505 5337 2690 5383 manu,
2737 5334 2806 5373 an
2838 5316 2905 5371 ad
2946 5312 3123 5387 genu?
3149 5326 3273 5366 cum
3310 5323 3371 5363 ea
3402 5321 3525 5377 qua:

1954 5424 2116 5479 vidua
2153 5419 2332 5482 nubit,
2371 5416 2427 5471 in
2472 5414 2704 5471 humero
2743 5417 3057 5467 coronetur.
3106 5402 3354 5461 Absurda
3396 5408 3527 5455 sunt

1956 5518 2057 5573 ista
2090 5524 2337 5586 prorsus.
