4044 6366
563 271 704 338 1095

562 477 680 534 visa
733 476 1050 532 benedictio
1101 474 1571 547 dividetur?pars
1627 479 1835 546 altera,
1888 490 1948 535 ut
2007 479 2144 540 labis

561 581 762 638 expers
793 566 1122 636 victrixque,
1169 567 1551 634 benedicetur,
1603 569 1774 624 altera
1818 585 1933 626 non
1979 571 2147 626 item?

559 659 814 716 Ridicula
842 674 953 724 res,
990 670 1047 716 et
1071 677 1197 731 qua:
1229 660 1342 717 fieri
1385 662 1535 718 nullo
1565 663 1729 720 modo
1767 665 1958 734 possit.
1989 665 2144 732 Quo-

561 753 728 810 modo
767 769 876 810 una
913 745 1362 810 communionem
1403 756 1657 826 accipiet,
1699 757 1866 812 altera
1901 758 2143 828 privabi-

563 854 678 910 tur,
716 847 920 918 quippe
948 862 1070 918 quae
1113 845 1493 917 pmnitentiam
1533 851 1702 920 agat?
1727 850 1886 916 Quod
1931 853 1976 907 si
2019 869 2144 924 pars

561 935 668 994 ista
690 937 772 994 vir
787 938 882 1002 sit,
909 938 1188 994 virentem
1211 945 1375 1007 caput
1401 939 1666 1004 mulieris,
1687 950 1745 996 et
1763 952 1946 1012 partes
1971 943 2145 998 ambae

563 1029 619 1084 in
653 1045 823 1085 unum
853 1044 1052 1099 corpus
1077 1029 1450 1095 adhaerentes;
1486 1031 1836 1102 participabit
1874 1035 2144 1104 reliquum

561 1136 780 1192 corpus,
805 1129 975 1191 caput
999 1129 1185 1176 autem
1221 1125 1606 1193 nequaquam?
1640 1123 1926 1182 Dividetur
1953 1127 2145 1183 confe-

561 1213 690 1268 stim
745 1213 890 1282 quod
943 1228 1256 1271 connexum
1308 1225 1432 1282 est.
1486 1217 1556 1273 ab
1606 1217 1728 1288 ipso
1773 1219 1868 1290 qui
1925 1223 2147 1291 copulat

563 1304 876 1372 sacerdote;
915 1307 1021 1362 hoc
1048 1307 1270 1376 quidem
1319 1325 1388 1364 ex
1419 1311 1800 1374 concessione,
1850 1313 1896 1366 si
1924 1313 2144 1382 quidem

564 1392 728 1448 detur
760 1403 821 1450 ut
846 1395 898 1450 id
931 1395 1127 1462 faciat;
1165 1408 1330 1468 caput
1359 1400 1506 1454 enim
1534 1401 1772 1471 finisque
1795 1403 2146 1472 conjunctio-

565 1485 758 1541 nisest
783 1495 1036 1542 sanctum
1068 1497 1124 1544 et
1150 1489 1374 1544 unicum
1403 1505 1604 1559 corpus
1633 1506 1701 1544 ac
1729 1493 1950 1561 sanguis
1979 1492 2144 1546 Chri-

563 1575 681 1632 sti?
711 1585 806 1632 aut
840 1578 1116 1632 ambobus
1143 1579 1457 1650 impertiet;
1491 1579 1597 1637 Sed
1633 1581 1915 1638 mittamus
1955 1584 2144 1654 loqua-

562 1668 810 1725 citatem.
855 1669 974 1725 Erit
1017 1671 1164 1726 enim
1215 1671 1318 1727 iste
1363 1673 1658 1729 manifesto
1702 1689 1812 1728 non
1867 1677 2140 1738 sacerdos,

564 1759 661 1814 sed
722 1760 1030 1816 divinarqu
1092 1763 1545 1818 constitutionum
1609 1775 2022 1836 transgressor,
2084 1783 2148 1822 ac

567 1851 800 1920 proinde
827 1851 947 1922 ipso
983 1853 1282 1922 privandus
1307 1855 1655 1920 sacerdotio;
1687 1865 1747 1910 ut
1787 1857 1874 1911 cui
1906 1872 1978 1911 ne
2009 1873 2152 1927 epu-

569 1943 666 1999 lari
709 1943 932 2015 quidem
981 1944 1039 1999 in
1091 1945 1293 2000 talibus
1334 1946 1543 2015 nuptiis
1601 1946 1789 2012 liceat,
1837 1949 2039 2002 nedum
2095 1959 2154 2004 ut

565 2044 779 2092 tantum
809 2036 996 2094 scelus
1030 2037 1355 2092 committat.
1383 2038 1530 2103 Quid
1563 2053 1714 2109 ergo,
1747 2040 1921 2106 dices,
1951 2041 2154 2096 amittit

568 2143 696 2198 pars
744 2128 1024 2201 virginalis
1083 2129 1366 2188 victricem
1425 2146 1690 2186 coronam
1741 2147 1866 2187 cum
1921 2133 2151 2189 benedi-

563 2221 790 2288 ctione;
834 2236 900 2277 ac
931 2236 1047 2277 non
1085 2221 1292 2278 evincit
1327 2223 1514 2292 potius
1553 2239 1682 2294 pars
1722 2239 1832 2279 non
1877 2225 2046 2290 victa,
2092 2233 2154 2280 ut

566 2313 732 2368 simul
769 2313 1150 2381 benedicatur,
1189 2314 1350 2370 simul
1376 2326 1695 2382 coronetur,
1724 2325 1779 2371 et
1803 2317 2152 2372 conmunic-

568 2417 696 2456 nem
725 2402 890 2460 simul
922 2403 1158 2474 accipiat
1182 2419 1312 2475 pars
1339 2405 1507 2460 altera
1534 2421 1632 2476 per
1657 2406 1949 2477 digamiam
1978 2407 2154 2462 victa?

569 2494 629 2551 Si
658 2494 734 2551 ita
769 2505 938 2562 esset,
981 2497 1253 2552 sancitum
1286 2513 1420 2552 sane
1450 2498 1648 2554 fuisset
1677 2499 1900 2555 Patrum
1928 2501 2153 2555 canoni-

570 2588 676 2644 bus
705 2606 720 2644 :
745 2589 846 2645 sed
875 2589 1171 2645 discrimen
1195 2591 1408 2646 nullum
1439 2591 1641 2647 factum
1669 2601 1776 2649 est.
1811 2591 1968 2658 Quod
1987 2593 2154 2664 igitur

570 2677 794 2735 Patrum
837 2681 1152 2736 testimonio
1177 2681 1422 2737 decisum
1468 2697 1581 2736 non
1625 2691 1710 2738 est
1741 2697 1843 2738 nec
1882 2685 2153 2738 constitu-

571 2781 714 2838 tum,
756 2771 936 2828 inanis
981 2774 1307 2845 arrogantiae
1335 2783 1424 2830 est
1468 2775 1521 2831 id
1554 2775 1820 2848 cogitare,
1863 2777 2151 2843 etdicere,

1757 275 1815 336 S.
1859 273 2251 334 THEODORI
2284 275 2630 338 STUDIT/E

629 382 766 450 Quis
807 379 939 437 vero
973 396 1230 438 coronam
1261 381 1552 453 imponet?
1587 391 1646 440 et
1684 385 1958 456 quomodo
2001 385 2146 440 indi--
2172 385 2226 445 Α

2319 388 2415 452 Τίς
2460 389 2518 442 δὲ
2571 391 2598 443 ὁ
2651 387 2973 458 στεφανῶνς
3010 387 3104 442 καὶ
3146 387 3266 450 πῶς
3306 388 3338 456 ἡ
3372 385 3668 456 ἀμέριστος
3707 387 3834 458 εὐχὴ

2251 481 2648 552 μερισθήσεται
2679 498 2692 547 ;
2731 470 2964 551 θάτερον
2991 481 3098 533 τῶν
3131 478 3337 550 μερῶν,
3372 478 3449 540 ὡς
3477 477 3829 548 ἀκηλίδωτον,

2247 571 2341 628 καὶ¹
2391 571 2653 638 νικῆσαν,
2687 570 3083 640 εὐλογοῦμενον
3115 585 3129 600 ·
3167 569 3402 638 θάτερον
3451 569 3511 621 δὲ
3571 569 3648 638 μή
3679 585 3696 633 ;
3729 569 3831 622 τῶν

2246 659 2474 730 γελοίων
2508 662 2602 714 καὶ
2645 660 2971 730 ἀμηχάνων.
3013 658 3136 722 Πῶς
3159 659 3222 712 τὸ
3257 657 3358 726 μὲν
3387 657 3446 710 ἓν
3496 657 3717 728 μεθέξει
3741 661 3832 728 τῆς

2245 753 2562 817 κοινωνίας,
2605 753 2666 806 τὸ
2687 752 2744 806 δὲ
2777 752 2967 823 ἕτερον
3000 749 3063 804 οὔ
3091 768 3105 783 ⁸
3136 753 3372 822 ἐπείπερ
3397 752 3457 803 ὲν
3489 750 3831 820 ὲπιτιμίοις;

2245 839 2361 908 εἴγε
2385 842 2483 893 καὶ
2517 841 2602 912 εἴη
2625 840 2784 894 τοῦτο
2817 843 2845 894 ὁ
2882 841 3024 911 ἁνήρ
3046 856 3061 873 ⁸
3084 840 3224 911 ἀνὴρ
3279 840 3493 910 κεφαλὴ
3541 841 3798 908 γυναικός
3816 856 3828 868 ·

2247 935 2341 987 καὶ
2371 935 2450 996 εἰς
2476 933 2534 986 ἓν
2557 934 2717 1003 σῶμα
2747 933 2918 1002 ἄμφω
2944 933 3014 986 τὰ
3045 932 3382 986 συνελθόντα
3407 946 3422 962 ⁸
3461 931 3831 1001 μεταλήψεται

2244 1026 2306 1078 τὸ
2324 1025 2510 1078 λοιπὸν
2542 1025 2720 1094 σῶμω
2751 1026 2784 1095 ἡ
2815 1025 3024 1096 κεφαλὴ
3055 1026 3112 1078 δὲ
3144 1024 3205 1077 οῦ
3225 1043 3239 1089 ;
3263 1023 3610 1094 τμηθήσεται
3635 1022 3698 1075 τὸ
3713 1024 3830 1085 ζευ-

2247 1119 2373 1190 χθὲν
2395 1120 2557 1184 εὐθὺς
2585 1119 2676 1172 ὑπ’
2707 1119 2871 1173 αὐτοῦ
2899 1118 2993 1172 τοῦ
3023 1118 3389 1180 συνάπτοντος
3419 1117 3613 1188 ἱερέως
3639 1133 3656 1148 ·
3681 1115 3832 1168 τοῦτό

2237 1227 2310 1280 γε
2345 1211 2488 1263 κατὰ
2507 1209 2895 1280 ⁶συγχὼρησιν.
2924 1210 3169 1271 δοθέντος
3202 1209 3364 1279 τυχὸν
3407 1210 3582 1260 ποιεῖν
3648 1207 3828 1260 αὐτόν·

2243 1303 2540 1371 κεφάλαιον
2567 1303 2676 1375 γὰρ
2703 1304 2793 1357 καὶ
2815 1303 2967 1366 τέλος
2987 1305 3087 1374 τῆς
3111 1301 3347 1368 ζεύξεως
3365 1301 3427 1354 τὺ
3451 1301 3606 1368 ἅγιον
3639 1301 3734 1353 καὶ
3755 1301 3830 1352 έν·

2241 1399 2386 1448 ριαῖον
2434 1394 2594 1466 σῶμα
2639 1398 2734 1449 καὶ
2773 1389 2914 1465 αἷμα
2939 1393 3179 1464 Χριστοῦ
3202 1394 3267 1463 ’ἢ
3292 1395 3497 1463 ἀμφοῖν
3546 1393 3828 1463 μεταδοίης

2247 1487 2358 1541 Καί
2377 1505 2439 1557 γε
2457 1487 2853 1558 ἀπηλλάγμεθα
2871 1487 3412 1557 adulantes-fiderat
3430 1487 3539 1556 γὰρ
3563 1486 3830 1556 ἀριδήλως

2247 1579 2540 1642 ὀτοιοῦτος
2561 1580 2658 1650 οὐχ
2687 1581 2889 1652 ἱερεὺς,
2929 1579 3067 1632 ἀλλὰ
3119 1578 3454 1648 παραόἀτης
3506 1577 3618 1630 τῶν
3677 1577 3830 1630 θείων

2248 1671 2564 1736 διατάξεων,
2604 1673 2697 1724 καὶ
2727 1671 2816 1725 διὰ
2849 1671 3010 1724 τοῦτο
3037 1670 3138 1723 καὶ
3157 1671 3263 1739 τῆς
3291 1669 3603 1737 ἱερωσύνης
3625 1667 3838 1721 ἔκπτω-

2250 1779 2340 1825 τος
2361 1779 2375 1792 ⁸
2404 1761 2565 1815 ὁπότε
2587 1763 2708 1815 οὐδὲ
2731 1763 3051 1832 ἐστιαθῆναηι
3081 1760 3164 1832 τῷ
3193 1759 3429 1830 τοιούτῳ
3455 1760 3623 1830 γάμῳ
3657 1775 3835 1827 παρι-

2251 1852 2590 1925 κεχὼρηται,
2654 1854 2752 1924 οὐχ
2803 1855 2886 1907 ὅτι
2941 1852 3199 1908 τοσοῦτον
3249 1853 3546 1923 ἀνομῆσαι.
3607 1852 3676 1904 ΤΞ
3707 1847 3834 1915 οὖν,

2253 1946 2441 2016 φαίης,
2465 1945 2732 1999 ἀπόλλυσι
2759 1945 2819 1998 τὸ
2851 1944 3184 2016 παρθενικὸν
3216 1943 3384 2016 μέρος
3414 1943 3507 1996 τὸν
3554 1943 3836 2014 νικητικὸν

2255 2039 2518 2109 στέφανον
2563 2039 2662 2092 σὺν
2711 2041 2778 2109 τῇ
2811 2029 3144 2107 εὐλογιστίᾳ,
3173 2038 3268 2090 καὶ
3313 2037 3414 2090 οὐκ
3444 2037 3641 2107 ἐκνικᾷ
3664 2035 3724 2089 τὸ
3759 2037 3832 2104 μὴ

2253 2131 2485 2202 ἡττηθὲν
2519 2131 2738 2202 μᾶλλον,
2773 2131 3103 2201 συλλογῆσαι
3128 2130 3223 2182 καὶ
3265 2128 3702 2196 συστεφανῶσαι,
3739 2128 3836 2180 καὶ

2255 2219 2602 2293 σδμμεθέξαι
2625 2223 2725 2292 τῆς
2753 2221 3066 2286 κοινωνίας,
3098 2218 3276 2290 ἑαυτῷ
3307 2219 3368 2273 τὸ
3414 2217 3716 2288 ἡττημένον
3749 2217 3837 2269 διὰ

2251 2315 2352 2385 τῆς
2383 2315 2644 2385 διγαμὶας
2667 2315 2734 2384 μέ
2747 2331 2838 2385 ρος
2865 2329 2880 2379 ;
2907 2314 2968 2365 Εἰ
2989 2307 3060 2383 ἦν
3094 2312 3273 2374 τοῦτο,
3309 2309 3568 2380 ὲτυπὼθη
3591 2309 3657 2362 ἂν
3679 2311 3833 2380 παρᾶ

2251 2405 2360 2460 τῶν
2397 2405 2684 2476 Πατρικῶν
2714 2406 2958 2457 κανόνων
2983 2419 2997 2433 ⁸
3029 2403 3144 2459 ἀλλ’
3172 2404 3273 2456 οὑκ
3321 2402 3566 2472 ἐγεγόνει
3599 2419 3685 2466 τις
3716 2402 3834 2456 δια-

2247 2498 2418 2570 φορά.
2459 2499 2524 2552 Ὃ
2553 2497 2612 2550 δὲ
2637 2497 2745 2550 im?)
2767 2498 3055 2568 Πατρικῆς
3107 2496 3415 2566 μαρτυρίας
3461 2490 3593 2568 μὴ
3620 2495 3835 2559 διακρι-

2255 2591 2344 2646 θὲν
2389 2591 2485 2644 καὶ
2534 2590 2889 2644 ὕποτυπωθὲν
2910 2630 2925 2655 ,
2959 2588 3321 2658 κενεμὸατείν
3366 2591 3485 2642 ἐστι
3512 2589 3609 2642 καὶ
3639 2589 3837 2640 ἐννοεῖν

2255 2687 2348 2739 καδι
2375 2683 2555 2752 λέγειν
2581 2684 2677 2736 καὶ
2707 2683 2992 2753 πράττειν.
3047 2681 3190 2751 Ἐγὼ
3222 2681 3278 2735 δὲ
3311 2681 3489 2736 ἐκεῖνό
3522 2699 3666 2751 φημι
3699 2697 3714 2710 ·
3754 2682 3836 2734 ὅτι

2249 2775 2481 2837 εἰκότως
2529 2775 2596 2828 ἂν
2641 2772 2704 2826 τὸ
2745 2771 3088 2844 παρθενικδν
3141 2773 3310 2843 μέρος
3339 2772 3714 2842 ἀποτυγχάνει
3741 2771 3836 2838 τῆς

573 2872 630 2919 et
668 2862 868 2920 facere.
915 2862 1026 2936 Ego
1051 2881 1182 2921 vero
1225 2865 1307 2922 sic
1353 2867 1552 2932 sentio,
1583 2868 1705 2938 jure
1749 2865 1960 2938 partem
1989 2869 2155 2940 virgi-

2259 2865 2640 2938 μονογαμικῆς
2692 2863 3046 2934 παραδόσεως
3075 2878 3088 2892 ·
3119 2863 3240 2927 ἐξὸν
3287 2863 3395 2932 γὰρ
3435 2862 3504 2915 δι’
3535 2863 3836 2932 όμοταγοῦς

569 2954 756 3010 nalem
784 2957 1145 3028 monogamia:
1185 2959 1293 3014 ritu
1323 2959 1558 3029 privari;
1594 2968 1654 3017 ut
1697 2961 1782 3015 cui
1807 2960 2028 3030 liquerit
2059 2977 2155 3032 per

2256 2958 2558 3013 ἀπόνασθαι
2610 2956 2817 3027 ταύτης
2845 2972 2860 2986 ·
2903 2955 3091 3027 ἐπειδὴ
3154 2955 3398 3027 καθαρὸν
3450 2955 3676 3025 καθαρῷ
3715 2973 3834 3008 συν-

573 3042 825 3112 ejusdem
847 3045 1056 3102 ordinis
1080 3057 1392 3103 consortem
1415 3049 1512 3104 illo
1539 3049 1644 3104 frui
1673 3067 1688 3104 :
1715 3051 2152 3121 quandoquidem

2259 3049 2486 3110 απτέον,
2515 3049 2610 3102 καὶ
2667 3047 2942 3118 παρθένον
3000 3045 3280 3117 παρθένῳ,
3316 3046 3411 3098 καὶ
3465 3046 3703 3098 νικῶντα
3759 3045 3836 3112 τῷ

569 3150 774 3205 purum
821 3151 966 3206 puro
992 3137 1149 3210 iungi
1193 3141 1371 3204 decet.
1423 3148 1480 3196 et
1527 3140 1798 3213 virginem
1839 3142 2058 3213 virgini,
2102 3153 2158 3197 et

575 3228 841 3284 victorem
887 3229 1109 3285 victori.
1159 3229 1375 3287 Decidit
1414 3241 1607 3288 autem
1649 3233 1742 3303 qui
1791 3249 1904 3288 non
1951 3233 2156 3307 virgini

573 3323 821 3394 copulari
864 3323 1058 3390 voluit,
1113 3331 1170 3378 et
1213 3324 1540 3395 virginalem
1569 3325 1799 3396 gloriam
1845 3342 1910 3381 ea
1946 3327 2157 3382 ratione

573 3415 977 3470 dehonestare?
1003 3432 1163 3486 quam
1194 3431 1264 3470 ne
1300 3415 1491 3470 habuit
1511 3416 1728 3485 quidem
1763 3416 2011 3482 fortasse,
2041 3425 2154 3482 aut,

573 3522 700 3562 cum
735 3505 982 3571 haberet,
1020 3507 1219 3562 vitioso
1251 3521 1380 3578 erga
1407 3508 1684 3578 digamum
1711 3509 1910 3563 atl'ectu
1935 3524 2157 3580 quoquo

575 3598 740 3654 modo
768 3599 1060 3669 depressit.
1090 3598 1274 3666 Quare
1316 3615 1427 3654 non
1459 3602 1623 3656 modo
1669 3617 1777 3656 non
1804 3603 2024 3668 evehet,
2060 3603 2158 3659 sed

573 3691 750 3762 ipsum
775 3707 1003 3762 quoque
1043 3691 1318 3762 deprimet
1363 3692 1432 3746 ad
1469 3707 1685 3761 poenam
1717 3695 1891 3763 partis
1935 3695 2157 3765 nuptias

573 3785 850 3841 iterantis.
897 3785 1021 3841 Haec
1055 3801 1086 3840 a
1134 3801 1220 3840 me
1259 3801 1366 3856 pro
1408 3785 1620 3842 viribus
1658 3797 1876 3858 reperta
1928 3799 1984 3844 et
2013 3785 2158 3846 dicta

575 3888 726 3940 sunt,
775 3878 847 3934 fili
889 3879 1127 3950 egregie.
1159 3877 1319 3946 Quod
1346 3879 1398 3934 si
1451 3880 1551 3934 tibi
1581 3879 1665 3934 vel
1716 3881 1870 3935 alteri
1916 3881 2156 3952 cuipiam

577 3970 762 4026 verius
783 3971 932 4026 aliud
963 3971 1231 4036 videatur,
1258 3972 1422 4027 modo
1451 3987 1518 4026 ex
1551 3971 1833 4043 Scriptura
1867 3983 2076 4030 tantum
2103 3985 2160 4031 et

565 4076 642 4115 ex
681 4071 908 4131 paterna
941 4072 1104 4132 atque
1129 4061 1394 4117 canonica
1430 4064 1754 4131 traditione;
1781 4067 2160 4124 consentiente

567 4169 703 4209 :cum
736 4155 821 4208 his
842 4155 1061 4224 privata
1082 4171 1209 4226 qum
1233 4156 1460 4211 accedat
1497 4157 1664 4212 animi
1699 4157 2114 4215 ratiocinatione
2142 4179 2156 4216 :

576 4245 750 4314 parati
783 4255 842 4300 et
887 4261 986 4301 nos
1033 4261 1226 4302 sumus
1251 4247 1484 4318 pedibus
1517 4249 1693 4319 sequi,
1734 4260 1789 4304 et
1827 4251 2004 4306 aliena
2036 4252 2158 4308 luce

575 4338 859 4404 illustrari,
885 4339 1031 4396 lucis
1064 4339 1168 4410 ipsi
1197 4356 1394 4395 revera
1429 4357 1594 4411 quam
1623 4345 1864 4402 maxime
1906 4355 2153 4418 egentes.

1164 4453 1251 4510 ιι.
1277 4484 1344 4494 —-
1365 4456 1572 4510 Eidem.
1674 4521 1680 4526 _

2260 3142 2482 3197 νικῶντι
2513 3158 2529 3174 °
2566 3141 2867 3195 ἀποπίπτει
2899 3139 2956 3192 δέ
3017 3156 3100 3202 τις
3154 3137 3229 3210 μὴ
3278 3137 3537 3209 παρθένῳ
3582 3137 3836 3207 ἐθελήσας

2260 3234 2603 3305 συναφθῆναι
2636 3251 2650 3266 ⁸
2701 3232 3004 3287 κάντεῦθεν
3062 3232 3321 3301 ἀτιμάζοι
3381 3232 3444 3283 τὸ
3509 3230 3837 3299 παρθενικδν

2260 3327 2422 3390 κλέος
2447 3343 2461 3356 ·
2493 3325 2522 3379 δ
2556 3325 2688 3398 μηδὲ
2713 3321 2832 3394 εἶχε
2858 3325 3020 3396 τυχόν
3049 3341 3064 3354 θ
3108 3325 3140 3394 ἦ
3175 3324 3269 3378 καὶ
3300 3323 3460 3393 έχων,
3495 3325 3560 3392 τῇ
3593 3339 3837 3394 προσπα-

2260 3417 2458 3489 θητικῇ
2491 3418 2674 3487 σχέσει
2707 3415 2802 3469 τοῦ
2845 3414 3204 3486 διγαμοῦντος
3250 3414 3372 3466 καθ’
3398 3411 3610 3466 οἱονοῦν
3640 3413 3836 3481 τρόπον

2260 3509 2546 3564 κατέϐαλε.
2573 3511 2697 3562 Kcin:
2718 3507 2916 3561 τούτου
2937 3507 3000 3560 οὐ
3039 3504 3241 3576 μᾶλλον
3279 3505 3488 3571 ἀνάξει,
3541 3503 3672 3557 ἀλλὰ
3709 3520 3833 3555 κατ-

2265 3599 2386 3663 άξει
2410 3599 2576 3653 αὐτὸν
2605 3601 2688 3662 είς
2712 3599 2773 3651 τὸ
2799 3597 3078 3667 ἐπιτίμιον
3107 3595 3202 3650 τοῦ
3225 3595 3587 3665 διγαμοῦντος
3623 3595 3834 3663 μέρους.

2260 3692 2448 3746 Ταῦτά
2476 3709 2568 3761 μοι
2596 3690 2739 3745 κατὰ
2759 3690 2820 3743 τὸ
2845 3689 3073 3742 δυνατὸν
3102 3687 3331 3761 εὕρηται
3358 3688 3451 3740 καὶ
3480 3686 3731 3738 λέλεκται
3758 3727 3771 3748 ,
3795 3677 3836 3736 ὦ

2261 3785 2362 3836 παῖ
2405 3782 2556 3838 καλέ.
2589 3783 2648 3835 Εἰ
2700 3783 2760 3836 δέ
2809 3798 2891 3834 σοι
2938 3781 3144 3851 ἑτέρως
3169 3780 3317 3849 ἔχειν
3347 3779 3497 3832 δοκεῖ
3527 3776 3779 3847 τάληθὲς,
3806 3774 3836 3844 ἡ

2258 3891 2365 3928 τινι
2409 3874 2572 3946 ἄλλῳ,
2608 3874 2768 3942 μόνον
2820 3876 2884 3927 ἐκ
2943 3873 3226 3945 Γραφικῆς
3277 3872 3369 3926 καὶ
3424 3872 3705 3942 ιίατρικῆς
3746 3871 3834 3921 καὶ

2259 3972 2552 4041 κανονικῆς
2599 3967 3030 4038 παραστάσεως,
3070 3965 3451 4041 συνεπομένηθς
3500 3963 3712 4024 τούτοις
3746 3962 3835 4014 καὶ

2259 4072 2358 4142 τῆς
2384 4037 2596 4121 οἴκοθεν
2627 4037 3065 4131 διανοηματικῆς
3093 4057 3392 4120 ἐπιδόσεως
3417 4037 3559 4109 ruat
3589 4058 3746 4125 ἡμεῖς
3775 4069 3831 4119 γε

2261 4157 2640 4232 ποδηγηθῖγιαι
2671 4153 2907 4220 ἕτοιμοι,
2929 4150 3022 4203 καὶ
3044 4149 3428 4219 ὲλλαμιρθῆναι
3451 4147 3719 4218 πρόθυμοι
3741 4145 3834 4212 τῆς

2260 4255 2389 4330 παρ’
2420 4255 2594 4310 ἄλλων
2618 4248 2926 4330 δᾳδουχίας,
2956 4247 3159 4311 ἐνδεεῖς
3187 4244 3366 4317 φωτὸς
3399 4246 3733 4315 ὑπάρχοντες
3759 4242 3833 4294 ὅτι

2266 4327 2524 4425 μάλιστα.
2893 4327 2906 4337 ’

2763 4451 3056 4518 ΝΛ’.-Τῷ
3078 4450 3259 4516 αὐτῷ.
3286 4448 3492 4523 [ovem]

573 4569 925 4622 Confessorum
947 4572 1155 4632 aliquot,
1179 4569 1227 4619 in
1255 4571 1422 4638 primis
1453 4574 1700 4632 Euthymii
1733 4577 1936 4638 abbatis,
1952 4581 2098 4630 ﬁdem
2137 4587 2191 4632 et
2233 4577 2574 4635 constantiam,
2612 4572 2858 4638 simulque
2901 4569 3284 4638 himchianorum
3312 4565 3559 4638 saevitiam
3601 4564 3826 4628 exponit:

1095 4641 1199 4682 tum
1227 4631 1491 4696 propositae
1513 4631 1843 4688 de'homicidii
1869 4631 2027 4702 pinnis
2053 4631 2315 4706 quaestioni
2339 4631 2630 4702 respondet.
2662 4631 2861 4698 (Bai-on.
2887 4649 2968 4684 an,
3002 4633 3113 4691 809,
3143 4645 3194 4680 ιι.
3220 4631 3323 4691 44.)

647 4739 774 4794 Tria
811 4740 928 4796 haec
967 4740 1022 4794 in
1069 4759 1157 4796 me
1186 4742 1491 4797 eticcerunt
1518 4743 1710 4798 litterae
1741 4754 1868 4812 tum,
1907 4749 1981 4802 fili
2014 4751 2155 4807 desi-

2337 4747 2476 4818 Τρία
2501 4745 2676 4800 ταῦτα
2710 4745 2956 4798 πέπονθα
2999 4742 3059 4793 ὲν
3091 4741 3204 4802 τοῖς
3265 4737 3506 4808 παροῦσί
3548 4755 3643 4790 σου
3672 4736 3837 4808 γράμ-

579 4833 766 4888 derate
798 4852 812 4888 :
841 4834 1004 4889 simul
1045 4835 1191 4889 enim
1242 4835 1520 4906 obstupui,
1570 4835 1873 4894 admiratus
1917 4856 2060 4906 sum,
2108 4854 2164 4898 et

579 4926 797 4981 cantavi
830 4928 1108 4998 :primum
1140 4938 1368 4999 propter
1411 4929 1629 5000 impios,
1670 4929 1900 4987 alterum
1937 4944 2163 5006 propter

582 5018 722 5090 pios,
763 5020 985 5074 tertium
1021 5029 1250 5092 propter
1279 5021 1450 5076 Deum
1478 5021 1570 5092 qui
1601 5024 1918 5080 corroborat
1946 5042 2040 5083 eos
2069 5026 2163 5097 qui

585 5111 643 5166 in
681 5110 801 5182 ejus
833 5111 950 5184 lege
989 5112 1320 5168 innituntur.
1351 5113 1416 5168 Et
1440 5114 1507 5168 de
1537 5130 1694 5169 sacro
1726 5117 1948 5186 quidem
1987 5120 2162 5174 Atha-

582 5203 740 5259 nasio
800 5219 924 5259 meo
946 5206 1014 5272 “,
1061 5207 1293 5277 ejusque
1339 5207 1504 5262 sociis
1545 5208 2048 5278 desideratissimis,
2095 5226 2161 5266 ac

581 5295 651 5350 de
686 5292 984 5352 fortissimo
1030 5296 1160 5350 item
1207 5312 1331 5352 meo
1365 5296 1688 5366 Theososto,
1744 5307 1801 5356 et
1829 5301 1897 5356 de
1927 5312 2165 5372 septem-

583 5386 764 5445 decim
811 5387 932 5458 ejus
977 5389 1217 5445 strenuis
1254 5391 1567 5458 comitibus,
1617 5407 1741 5448 cum
1779 5393 1912 5448 satis
1959 5394 2164 5449 dictum

583 5481 663 5537 sit
697 5481 749 5536 in
788 5483 925 5537 meis
969 5482 1034 5536 ad
1067 5482 1188 5537 illos
1226 5483 1491 5553 epistolis,
1526 5485 1890 5541 omittendum
1938 5496 2022 5541 est
2062 5487 2166 5541 hoc

584 5572 708 5630 loco
741 5593 754 5630 :
786 5574 1036 5645 quamvis
1065 5575 1306 5646 longiore
1339 5577 1486 5648 digni
1528 5579 1639 5633 sint
1663 5578 1915 5634 oratione
1957 5593 2021 5632 ac
2050 5577 2168 5631 lau-

585 5667 783 5735 dibus;
829 5667 921 5738 qni
969 5668 1234 5725 divinitus
1291 5686 1355 5726 ac
1398 5671 1611 5726 fortiter
1667 5673 2039 5738 decet-larunt,
2104 5683 2159 5727 et

590 5779 616 5804 ο
655 5761 702 5793 ⁸³
728 5761 860 5820 Vide
889 5778 1072 5833 supra,
1100 5765 1260 5832 cpist.
1299 5765 1364 5820 4'5
1390 5775 1443 5818 et
1471 5765 1559 5820 48.

2273 4858 2432 4913 μασι,
2465 4838 2702 4903 ποθητδν
2725 4835 2945 4888 τέκνον·
2975 4829 3112 4903 ὁμοῦ
3135 4848 3195 4884 τε
3225 4828 3540 4899 ἐξεπλάγην
3563 4869 3579 4894 ,
3607 4827 3834 4898 ἠγάσθην

2268 4950 2328 4986 τε
2347 4971 2368 4996 ,
2405 4930 2500 4984 καὶ
2527 4926 2637 5002 ᾖσα
2656 4945 2668 4957 ·
2697 4927 2757 4980 τδ
2785 4927 2890 4996 μὲν
2910 4925 3000 4978 διὰ
3020 4924 3147 4986 τοὺς
3172 4922 3532 4993 παρανόμους
3554 4938 3568 4952 ο
3604 4923 3662 4974 τὸ
3687 4922 3732 4972 δὲ
3754 4918 3833 4971 διὰ

2274 5025 2402 5087 τοὺς
2433 5023 2730 5092 εὐνόμους’
2764 5020 2826 5072 τὸ
2854 5018 3040 5088 τρίτον
3073 5016 3163 5070 διὰ
3193 5016 3287 5068 τὸν
3339 5015 3684 5086 δυναμοῦντα
3714 5011 3833 5064 Θεὸν

2269 5118 2397 5180 τοὺς
2434 5119 2492 5168 ὲν
2517 5114 2593 5185 τῷ
2631 5114 2784 5184 νόμῳ
2821 5111 2988 5164 αὐτοῦ
3045 5107 3524 5180 ἐπερειδομένους.
3577 5107 3686 5159 Καὶ
3720 5105 3833 5174 περὶ

2271 5210 2371 5281 μὲν
2398 5207 2494 5262 τοῦ
2523 5207 2669 5277 ἱεροῦ
2705 5223 2806 5276 μου
2860 5203 3205 5266 Ἀθανασίου,
3259 5202 3358 5255 καὶ
3403 5201 3509 5253 τῶι
3565 5200 3660 5253 σῦν
3697 5194 3833 5265 αὐτῴ

2267 5300 2647 5373 τριποθήτων·
2717 5297 2800 5351 ἔτι
2863 5295 2970 5368 μὴν
3010 5297 3105 5349 καὶ
3152 5292 3247 5348 τοῦ
3303 5293 3703 5364 ἁνδρικωτάτου
3736 5306 3829 5358 μου

2271 5393 2610 5455 Θεοσώστου,
2655 5391 2757 5461 τῆς
2799 5407 2858 5444 τε
2891 5387 3056 5442 αὑτοῦ
3091 5385 3668 5448 δυοπεντεκαιδεκάδος
3717 5384 3829 5435 θεο-

2275 5484 2500 5548 σθενοῦς
2533 5483 2780 5547 συνοδίας
2802 5500 2816 5514 ο
2860 5483 2934 5546 ὼς
2958 5485 3016 5535 ὲν
3035 5483 3149 5545 τοῖς
3177 5480 3314 5546 πρὸς
3367 5477 3566 5539 αὐτούς
3591 5494 3678 5547 μοι
3701 5491 3830 5542 γρα-

2276 5581 2455 5649 φεῖσιν
2485 5577 2670 5632 ἱκανοῦ
2711 5576 2887 5642 ὄντος,
2912 5575 3101 5629 ἐατέον
3135 5571 3375 5626 ἐνταῦθα
3403 5570 3584 5640 λέγειν
3605 5584 3616 5596 ο
3651 5570 3694 5620 εἰ
3743 5567 3832 5617 καὶ

2265 5673 2348 5726 ὅτι
2375 5671 2639 5726 πλειόνων
2675 5670 2878 5725 δέοιντο
2907 5668 3082 5738 λόγων
3143 5669 3233 5721 καὶ
3263 5664 3532 5719 ἐπαίνων
3566 5660 3714 5722 θείως
3743 5656 3829 5710 καὶ
