4044 6366
168 280 287 343 1097
1354 274 1728 335 ΕΡΙΞΤΟΙΑᾸ

1834 274 1889 333 Μ
1918 271 2082 334 ἰΙΒ.
2132 273 2185 331 Ι.
3266 263 3403 329 1098

165 385 444 461 ἀθλητικῶς
469 383 918 455 διηγωνισμένοι,
964 385 1059 439 καὶ
1091 386 1174 439 ἔτι
1231 386 1715 456 ἐναγωνιζόμενοι.

1829 399 1973 439 nunc
2015 394 2236 453 quoque
2287 379 2590 435 decertant.
2649 375 2758 431 Sed
2815 375 2978 430 venio
3022 373 3091 430 ad
3138 376 3406 431 sermonis

116 504 123 511 ·
176 482 289 538 Ἐπὶ
316 478 371 532 δὲ
399 477 489 530 τὸν
518 476 800 544 κολοφῶνα
828 473 922 528 τοῦ
957 475 1118 545 λόγου
1156 475 1397 547 μέτειμι.
1430 476 1528 540 Τίς
1564 475 1709 529 οῦτω

1829 475 2199 546 :olophnnem.
2227 470 2363 537 Quis
2395 483 2636 539 unquam
2666 467 2804 523 adeo
2849 466 3037 537 iniqua
3085 472 3143 521 et
3168 465 3403 521 absurda

167 574 353 644 ἀκήκοε
382 566 570 637 σχεδὸν
592 566 885 637 παράνομα
930 567 1027 620 καὶ
1052 566 1261 621 ἐκτοπα
1288 568 1616 634 Χριστιανὸς
1633 608 1649 633 ,
1680 568 1718 623 ἃ

1829 568 2163 624 Christianus
2207 564 2442 629 audivit,
2480 578 2545 619 ac
2588 570 2742 633 gesta
2781 568 2914 617 sunt
2950 574 2981 615 a.
3009 558 3239 614 nefariis
3269 555 3407 613 Mm-

170 661 263 716 ὑπὸ
288 657 390 713 τῶν
407 653 614 709 δυσωνύ
624 671 741 725 μων
765 653 1108 724 Μοιχειανῶν
1138 653 1457 725 γεγένηται,
1479 654 1715 723 λεγομέ-

164 768 260 807 νων
291 749 382 821 μὲν
417 745 711 817 ιεραρχῶν,
761 745 935 799 ὄντων
989 745 1048 799 δὲ
1097 745 1330 817 ἀνιέρων
1379 744 1487 799 ὑπὸ
1533 744 1717 816 πάσης

163 839 504 909 ἁποστολικῆς
528 838 623 892 καὶ
648 836 932 909 Πατρικῆς
970 839 1175 908 φωνῆς,
1207 838 1302 891 καὶ
1338 838 1467 893 ἄνευ
1496 839 1598 909 τῆς
1634 840 1717 892 αἱ-

166 934 382 1005 picem;
432 928 667 982 Τύπτων
697 926 842 981 οὕτω
873 926 959 990 τίς
1014 927 1244 996 τέτυφεν
1273 926 1581 1000 ἀνθρώπων
1602 968 1618 994 ,
1651 928 1714 983 ού

164 1025 290 1094 λέγω
322 1018 679 1092 Χριστιανικὴ
705 1019 846 1088 χεὶρ,
867 1016 1005 1072 ἀλλὰ
1031 1017 1342 1089 βαρϐαρική
1361 1031 1377 1049 ⁸
1401 1017 1483 1082 δὶς
1500 1019 1720 1073 ἑκατον-

162 1119 275 1174 τάσι
300 1114 432 1187 πρὸς
458 1112 725 1183 ἑξήκοντα
759 1110 854 1165 καὶ
907 1109 969 1175 ἒξ
1016 1110 1323 1181 μαστίγων,
1355 1105 1475 1164 εἶτα
1514 1114 1631 1182 μετ’
1655 1110 1720 1164 ού

165 1209 307 1274 πολὺ,
333 1207 411 1270 δὶς
433 1203 529 1259 δύο
556 1202 884 1258 ἑκατοντάσι
901 1200 1212 1273 βουνεύρων
1240 1202 1333 1256 ἐπὶ
1359 1203 1469 1257 τῶν
1494 1202 1680 1258 νώτων
1702 1220 1717 1235 ⁸

161 1302 227 1366 ὡς
243 1296 615 1369 όγενναίόςγε
632 1294 1090 1366 ἀρχιεπίσκοπος,
1114 1295 1319 1365 μᾶλλον
1347 1296 1405 1351 δὲ
1436 1295 1721 1368 ἀλλοτριο-

163 1393 443 1452 επίσκοπος
483 1386 917 1458 Θεσσαλονίκης,
962 1386 1059 1439 καὶ
1096 1386 1159 1439 οὑ
1196 1386 1307 1440 τῶν
1334 1386 1609 1455 ἅγελαίων
1635 1405 1720 1441 τι-

161 1483 238 1551 νὰ,
257 1481 385 1536 ἀλλὰ
408 1479 742 1552 μονάζοντα,
771 1480 866 1533 καὶ
894 1479 1085 1533 τοῦτον
1100 1479 1426 1550 ⁴ἡγούμενον,
1448 1482 1546 1534 καὶ
1577 1480 1725 1551 μάλα

161 1576 242 1630 τὸν
260 1573 670 1635 εὐλαϐέστατον,
704 1570 946 1641 τοῦνομα
989 1571 1287 1643 Εὐθύμιον,
1306 1571 1400 1627 τὸν
1442 1572 1542 1643 τῆς
1562 1572 1721 1625 εὐθυ-

164 1668 283 1739 μίας
310 1665 480 1729 ὅντως
507 1661 832 1735 φερώνυμον
860 1678 875 1729 ;
916 1662 1143 1733 Ἐξέστη
1170 1664 1264 1717 ἐπὶ
1292 1665 1469 1735 τούτῳ
1504 1665 1534 1717 ό
1561 1664 1725 1735 ούρα-

161 1758 271 1821 νός·
307 1757 401 1810 καὶ
432 1753 631 1826 ἔφριξα
649 1755 761 1824 ἐγὼ
787 1755 816 1808 ό
844 1753 1012 1818 τάλας
1037 1771 1052 1787 ο
1084 1752 1240 1825 οἶμαι
1270 1754 1328 1809 δὲ
1367 1755 1464 1810 καὶ
1501 1756 1613 1819 πᾶς
1636 1772 1721 1819 τις

158 1811 255 1897 τῶν
285 1811 594 1913 ἀνθρώπων
614 1811 714 1913 τὴν
743 1811 1318 1915 φυσικὴνῖημερότητά
1344 1861 1405 1898 τε
1429 1845 1525 1899 καὶ
1565 1811 1721 1916 ὲλεηί
1747 1811 1795 1870 Β

164 1934 385 2003 μοσύνην
415 1934 576 2003 ἔχων,
609 1936 705 1990 καὶ
733 1934 972 1990 ἀκούων.
1018 1938 1116 2000 Ὃς
1139 1937 1222 2000 είς
1268 1935 1440 1991 τύπον
1476 1937 1721 2009 Χριστοῦ

158 2024 371 2094 ὀφείλων
402 2024 638 2090 κεῖσθαι,
671 2028 767 2081 καὶ
820 2026 1160 2098 τυπτόμενος
1212 2028 1289 2105 μὴ
1333 2029 1720 2101 ἀντιτύπτεινξ,

160 2118 243 2171 καὶ
268 2116 370 2170 τῶν
391 2117 603 2187 θηρίων
630 2118 911 2191 ὠμότερος
960 2121 1184 2190 γέγονεν
1203 2162 1219 2187 ,
1247 2121 1311 2176 οῦ
1347 2123 1403 2176 τί
1435 2141 1538 2178 που
1578 2125 1724 2194 ἴχνος

160 2208 533 2279 Χριστιανικὺν
566 2209 774 2281 φέρων,
801 2210 1004 2264 πολλοῦ
1029 2227 1093 2280 γε
1118 2214 1294 2266 είπείν
1314 2213 1650 2283 ίεραρχικόν.

213 2301 316 2354 Καὶ
336 2300 478 2371 ὑπὲρ
498 2300 643 2362 τίνος
660 2303 688 2354 ό
714 2301 777 2354 δα
785 2300 952 2371 ρμός;
968 2301 1055 2355 ἵνα
1065 2301 1157 2355 τὸν
1172 2303 1267 2355 τοῦ
1284 2303 1525 2373 Χριστοῦ
1551 2304 1724 2375 ἀθλη-

158 2392 248 2460 τὴν
270 2391 437 2463 πείσῃ
461 2390 756 2445 συνθέσθαι
788 2392 1090 2463 ἀναφέρειν
1123 2392 1289 2447 αὐτὸν
1321 2394 1399 2458 ώς
1433 2397 1721 2467 ίερόιρχην.

170 2484 296 2536 Ἀλλ’
312 2484 355 2537 ὦ
375 2486 479 2555 τῆς
503 2484 885 2554 γενναιότητος
896 2485 991 2536 καὶ
1015 2484 1409 2556 κραταιότητος
1423 2486 1517 2539 τοῦ
1549 2488 1725 2558 μάκα-

162 2592 245 2645 ρος
268 2576 281 2629 l
308 2574 467 2629 Οὕτω
492 2575 603 2646 γὰρ
630 2575 840 2630 δίκαιον
869 2577 1074 2629 εἰπεῖν’
1109 2574 1195 2627 ὅτι
1228 2577 1323 2631 καὶ
1351 2578 1491 2648 μετὰ
1523 2581 1723 2635 τοσαύ-

156 2683 245 2730 τας
264 2666 480 2738 πληγὰς
491 2667 585 2720 καὶ
605 2667 839 2737 αἵματος
852 2668 1010 2738 ἁγίου
1034 2669 1211 2739 ῥύσιν,
1242 2670 1319 2734 ὡς
1348 2672 1723 2741 φοινίσσεσθαι

157 2758 217 2810 τὰ
236 2757 490 2828 πέλματα
521 2758 631 2811 τῶν
661 2759 841 2813 ποδῶν
891 2760 1003 2815 τῶν
1038 2763 1217 2815 ἐκεῖσε
1283 2764 1589 2835 παρόντων,
1627 2768 1726 2820 καὶ

1815 660 2052 723 chianis,
2095 658 2322 714 nomine
2354 654 2655 727 episcopis,
2704 669 2766 709 re
2800 664 2984 708 autem
3014 650 3298 721 sacrilegis
3338 665 3403 704 cx

1815 751 1966 807 omni
2018 750 2394 822 apostolorum
2437 757 2496 803 et
2539 746 2763 801 Patrum
2805 744 3142 809 testimonio,
3186 742 3403 798 etiamsi

1816 843 2071 900 haeresim
2102 839 2392 911 excipias?
2442 838 2732 894 Hominem
2778 836 3080 892 verberans
3122 833 3244 904 quis
3296 848 3405 887 un-

1817 948 1980 1004 quam
2021 933 2103 988 sic
2130 931 2370 987 cecidit:
2398 944 2509 984 non
2550 928 2863 985 Christiana
2902 926 3026 981 dico
3058 940 3273 987 manus,
3307 922 3401 977 sed

1819 1024 1983 1079 etiam
2011 1022 2327 1087 barbarica;
2372 1019 2458 1075 bis
2501 1026 2724 1074 centum
2755 1017 3038 1088 sexaginta
3080 1030 3178 1070 sex
3208 1013 3406 1070 verbe-

1819 1129 1965 1175 rum.
2012 1128 2077 1168 ac
2118 1128 2231 1167 non
2285 1110 2460 1167 multo
2511 1120 2658 1179 post,
2711 1107 2799 1163 bis
2855 1105 3107 1163 ducentis
3155 1106 3405 1160 boiarum

1818 1206 2024 1262 ictibus
2048 1206 2106 1261 in
2126 1205 2387 1260 humeros
2419 1200 2676 1256 inflictis?
2705 1208 2783 1255 ut.
2805 1212 3104 1270 generosus
3135 1195 3406 1262 archiepi-

1820 1279 2043 1368 scopus,
2088 1312 2188 1353 seu
2230 1294 2413 1366 potius
2453 1292 2935 1362 allotriepiscopus
2974 1287 3403 1351 Thessalonicae,

1820 1407 1932 1446 non
1961 1390 2271 1463 gregarium
2293 1386 2630 1458 quempiam,
2664 1385 2762 1441 sed
2784 1383 3142 1447 monachum,
3170 1392 3406 1449 eumque

1821 1481 2203 1551 praepositum,
2262 1487 2318 1534 et
2361 1477 2586 1548 quidem
2640 1474 3135 1547 religiosissimum,
3199 1467 3407 1541 Euthy-

1821 1567 2017 1636 mium,
2046 1570 2227 1627 securi
2249 1570 2494 1638 rectique
2515 1566 2706 1632 animi,
2729 1580 2921 1622 revera
2947 1562 3158 1619 nomini
3179 1577 3409 1633 respon-

1820 1664 2081 1723 dentem?
2130 1661 2364 1732 Expavit
2405 1662 2605 1717 cualum
2653 1660 2761 1714 hoc
2811 1655 3125 1726 spectaculo
3158 1671 3172 1707 :
3207 1661 3264 1709 et
3306 1667 3410 1723 ego

1822 1757 1993 1814 miser
2016 1754 2249 1811 audiens
2278 1752 2562 1819 inhorrui;
2594 1760 2651 1807 et
2687 1764 2930 1813 mecum,
2963 1747 3183 1818 Opinor,
3215 1760 3410 1801 omnes

1822 1849 2023 1921 quibus
2062 1846 2261 1916 aliquis
2308 1859 2504 1900 sensus
2546 1851 2632 1898 est
2669 1838 3030 1896 humanitatis
3091 1847 3148 1892 et
3198 1835 3411 1891 miseri-

1823 1939 2048 1997 cordiae.
2081 1935 2258 2002 Quem
2285 1934 2352 1989 ad
2383 1931 2587 1989 Christi
2616 1928 2932 1996 exemplum
2959 1924 3214 1997 componi
3244 1939 3412 1994 θρον-

1826 2032 1996 2096 tebat,
2028 2036 2085 2084 et
2117 2041 2441 2098 percussum
2471 2040 2585 2079 non
2620 2028 3012 2093 repercutere;
3047 2018 3095 2074 is
3119 2016 3411 2072 immanior

1824 2123 1957 2178 feris
1985 2119 2229 2177 exstitit:
2251 2116 2461 2173 nullum
2493 2111 2793 2170 Christiani
2825 2108 3115 2182 vestigium
3141 2107 3409 2175 retinens,

1826 2214 2030 2270 nedum
2053 2210 2323 2284 episcopi.

1894 2308 1962 2365 Et
1989 2308 2347 2379 quamobrem
2392 2305 2511 2359 haec
2546 2300 2863 2358 dilaniatio?
2887 2299 2961 2356 Ut
2988 2298 3194 2356 Christi
3234 2298 3410 2354 athle-

1824 2411 1934 2456 tam
1974 2416 2042 2456 eo
2086 2399 2355 2469 impellat,
2387 2407 2447 2453 ut
2487 2397 2668 2468 ipsum
2718 2402 3117 2450 commemoret
3151 2400 3409 2461 tanquam

1825 2492 2167 2563 episcopum.
2202 2490 2333 2556 Sed,
2376 2504 2409 2545 ο
2442 2489 2640 2544 fortem
2665 2495 2832 2556 atque
2864 2483 3132 2539 invictum
3160 2483 3409 2537 animum

1824 2585 2003 2641 beati!
2064 2584 2147 2639 sic
2196 2583 2344 2639 enim
2392 2581 2542 2651 loqui
2592 2593 2812 2650 aequum
2841 2584 2926 2632 est
2955 2592 2969 2630 :
2999 2574 3130 2646 quia
3165 2583 3289 2644 post
3332 2584 3412 2627 tot

1823 2675 2010 2749 plagas
2040 2681 2360 2745 tantamque
2398 2671 2610 2743 profusi
2652 2669 2799 2726 sacri
2846 2666 3129 2740 sanguinis
3175 2665 3409 2736 copiam,

1826 2776 1889 2823 ut
1935 2766 2277 2839 tingerentur
2336 2763 2636 2820 astantium
2693 2760 2944 2831 vestigia,
3001 2766 3058 2813 et
3105 2758 3164 2813 in
3221 2757 3410 2811 limum

156 2847 308 2902 οἱονεὶ
339 2848 760 2920 πηλοποιεῖσθαι
813 2849 876 2903 τὸ
927 2851 1238 2923 πορφύρεον
1268 2855 1507 2926 κονίαμα
1537 2856 1618 2920 είς
1646 2859 1725 2911 ol-

1829 2856 2228 2928 quodammodo
2251 2858 2634 2911 concresceret
2661 2865 2973 2923 purpureus
3008 2849 3100 2905 ille
3133 2847 3315 2920 pulvis
3344 2847 3412 2902 ad

158 2940 380 3011 κοδομὴν
426 2940 534 3010 τῆς
576 2940 674 2995 τοῦ
719 2941 856 2996 Θεοῦ
896 2942 1231 3013 Ἐκκλησίας
1255 2961 1271 2978 ·
1333 2946 1588 3018 κείμενος
1621 2949 1724 3021 ήδη

1829 2946 2245 3005 aedificationem
2279 2945 2542 3002 Ecclesiae
2568 2942 2700 3010 Dei;
2750 2957 2877 2998 cum
2908 2942 2988 2998 sic
3022 2941 3235 3012 iaceret
3271 2955 3416 3011 pene

158 3031 319 3103 βραχὺ
344 3032 554 3097 ἄπνους
574 3034 670 3088 καί⁵
683 3033 920 3103 ἄφωνος,
951 3035 1047 3089 καὶ
1080 3037 1381 3111 ἐρωτηθεὶς
1409 3038 1563 3110 παρὰ
1615 3040 1725 3096 τῶν

1829 3040 2096 3096 exanimis
2123 3049 2180 3095 et
2206 3038 2462 3111 elinguis,
2492 3036 2872 3106 instarentque
2895 3043 3137 3091 tortores
3163 3042 3225 3087 ut
3256 3048 3412 3088 com-

159 3123 423 3220 κολαστῶ
464 3125 831 3197 μνημονεύειν
857 3127 952 3183 τὸν
980 3128 1247 3200 τύραννόν
1275 3146 1440 3201 φημι,
1482 3130 1602 3184 ἀλλ’
1625 3131 1727 3185 οὐκ

1829 3139 2157 3189 memoraret
2213 3140 2504 3199 tyrannum
2552 3127 2810 3194 dixerim,
2864 3142 2977 3182 non
3032 3124 3414 3195 archiepisco—

156 3215 615 3288 ἀρχιεπίσκοπον’
652 3218 753 3286 Οὐ,
798 3220 963 3291 φησὶν
986 3223 1016 3275 ὁ
1044 3223 1318 3294 μακάριος
1340 3239 1355 3255 ο
1386 3225 1530 3277 οὕτω
1561 3222 1727 3298 μέχρι

1829 3242 1991 3300 pum;
2023 3224 2275 3294 minime,
2299 3223 2376 3280 ait
2405 3224 2603 3279 beatus
2632 3243 2644 3278 :
2676 3236 2744 3277 eo
2764 3220 2929 3276 modo
2951 3234 3125 3291 pr0pe
3146 3233 3319 3289 usque
3347 3219 3415 3272 ad

159 3307 378 3363 θανάτου
412 3308 607 3381 σχεδόν
635 3310 699 3363 ού
729 3312 1092 3385 παρατρέψας
1120 3314 1212 3368 τὸν
1242 3314 1368 3369 νοῦν
1389 3333 1403 3347 ⁸
1432 3316 1495 3370 οὐ
1526 3334 1728 3390 παρεκ-

1831 3327 2064 3375 mortem
2099 3313 2755 3389 perseveransimmobili
2797 3313 2985 3368 animo
3015 3310 3232 3382 ﬁxaque
3258 3310 3314 3365 in
3350 3310 3419 3364 iis

158 3395 331 3462 κλίνας
354 3415 409 3451 τι
432 3398 548 3453 ’τῶν
568 3399 870 3470 όρθοδόξως
893 3404 1254 3473 ἐγνωσμένων
1300 3406 1472 3478 αὐτῷ.
1516 3408 1728 3482 Μικροῦ

1831 3425 1954 3482 quae
1989 3418 2141 3465 recte
2170 3408 2341 3464 semel
2384 3407 2724 3463 decreverat.
2760 3404 2911 3461 Pene
2947 3404 3239 3460 omiseram
3273 3404 3417 3473 quod

158 3485 215 3556 δὴ
243 3487 571 3561 παρέδραμὲ
604 3506 672 3560 με
702 3491 996 3560 ἀναγκαῖόν
1023 3509 1107 3546 τι·
1140 3494 1223 3547 ὅτι
1257 3496 1354 3550 καὶ
1379 3498 1409 3550 ό
1459 3498 1588 3563 ναὸς
1634 3501 1728 3554 τοῦ

1833 3502 1887 3557 in
1917 3500 2109 3573 primis
2137 3499 2548 3557 observandum
2588 3516 2601 3552 :
2632 3497 2898 3569 templum
2928 3495 3109 3567 ipsum
3139 3494 3237 3550 Dei
3276 3510 3419 3565 pra:-

157 3577 281 3632 Θεοῦ
338 3582 684 3653 πραιτώριον
739 3583 933 3652 γέγονε
983 3586 1298 3643 Πιλατικόν.
1357 3589 1569 3645 Ἐκείσε
1622 3593 1728 3665 γὰρ

1835 3594 2035 3649 torium
2062 3593 2265 3649 factum
2288 3590 2462 3647 fuisse
2502 3590 2790 3645 Pilaticum
2818 3607 2832 3643 :
2861 3588 2937 3645 ibi
2968 3586 3140 3652 enim,
3174 3578 3280 3644 hoc
3310 3597 3416 3652 est,

157 3670 304 3742 ἔφης,
341 3673 464 3743 ἦτοι
494 3675 575 3737 είς
595 3674 686 3728 τὸν
715 3674 1010 3744 λεγόμενον
1042 3675 1137 3730 τοῦ
1183 3672 1554 3751 Ἀρχαγγέλου
1588 3682 1728 3754 ἱερὸν

1834 3685 1890 3741 in
1930 3701 2086 3741 sacra
2122 3699 2284 3756 quam
2315 3690 2516 3739 vocant
2543 3682 2868 3755 Archangeli
2899 3680 3039 3749 aede,
3066 3681 3417 3737 verberatum

156 3762 307 3835 δόμον
339 3764 615 3835 τετύφθαι
666 3765 760 3820 τὸν
792 3769 1078 3839 μάρτυρα·
1114 3770 1174 3823 ὃν
1208 3773 1256 3823 οἱ
1302 3771 1402 3843 μὲν
1431 3772 1728 3841 ιάτίθασσοι

1834 3783 2131 3848 martyrem
2177 3774 2351 3831 fuisse
2404 3774 2507 3838 ais,
2558 3789 2723 3844 quem
2777 3772 3152 3844 implacabiles
3200 3773 3418 3843 quidem

157 3858 375 3927 τιμωροὶ
400 3857 597 3912 εἴασαν
620 3858 881 3930 ἡμιθανῆο
909 3860 993 3923 τὶς
1009 3861 1066 3915 δὲ
1081 3862 1125 3914 Χ
1134 3863 1527 3935 ριστομίμητος
1549 3865 1728 3919 λαϐὼν

1835 3855 2123 3925 carnifices
2169 3868 2584 3924 scmimortuum
2628 3865 3008 3937 reliquerunt:
3040 3864 3242 3921 Christi
3290 3880 3421 3921 vero

158 3947 242 3999 ἐπὶ
267 3947 358 4023 τόν
391 3949 529 4004 ἴδιον
566 3943 748 4003 οἷκον⁶
794 3951 890 4005 καὶ
921 3954 1044 4016 ταῖς
1088 3954 1460 4026 ἁμορραγίαις
1510 3958 1605 4011 καὶ
1647 3958 1728 4026 ξε-

1837 3963 2082 4018 imitator
2108 3961 2329 4032 quidem
2360 3959 2414 4014 in
2450 3959 2671 4014 domum
2701 3973 2853 4014 suam
2882 3972 3007 4013 eum
3043 3957 3289 4028 recepit:
3321 3958 3420 4010 ad-

160 4042 519 4111 σμοσαρκίαις
559 4044 920 4113 προσπλάσας
949 4045 1142 4099 κώδιον
1172 4045 1339 4118 ἁρνοῦ
1361 4050 1728 4120 ἀρτισφαγοῦς

1838 4066 2097 4125 motaque
2153 4054 2222 4109 ad
2271 4050 2563 4108 defluentis
2616 4050 2829 4106 cruoris
2879 4050 3180 4120 laceraeque
3238 4049 3422 4105 carnis

159 4134 509 4210 ἰζωοπύρησε
555 4136 649 4191 τὸν
692 4135 896 4206 ἄνδρα⁶
936 4136 1135 4208 μικρὸν
1175 4136 1235 4191 δὲ
1265 4142 1361 4193 καὶ
1390 4140 1531 4195 κατὰ
1560 4141 1728 4213 βραχὺ

1836 4148 2025 4219 plagas
2073 4159 2269 4201 recens
2296 4142 2529 4215 jugulati
2570 4142 2694 4214 agni
2727 4141 3003 4213 pellicula,
3042 4141 3221 4197 virum
3270 4141 3419 4197 refo-

157 4228 517 4301 ἀναρρώσας,
566 4228 920 4297 ἐξαπέστειλε
967 4228 1143 4299 λάθρα
1197 4229 1284 4286 διὰ
1315 4229 1415 4302 τὴν
1462 4231 1728 4287 καλοῦσαν

1839 4238 2085 4305 cillavit;
2115 4236 2432 4305 viribusque
2456 4233 2716 4306 paulatim
2744 4233 3083 4290 confirmatis
3110 4235 3248 4289 clam
3283 4235 3423 4290 emi-

157 4318 401 4393 ἐντολήνο
429 4321 773 4390 πεφευγότος
823 4319 919 4374 τοῦ
982 4320 1236 4385 θανόντος
1267 4322 1372 4393 ἥδη
1413 4323 1508 4376 καὶ
1552 4340 1734 4394 παρα-

154 4410 310 4477 δόξως
335 4412 728 4484 ὲξεγερθέντος
757 4413 838 4476 είς
859 4412 1061 4484 στήλην
1076 4413 1388 4485 όρθοδοξίας
1415 4416 1511 4469 καὶ
1541 4416 1739 4488 θρίαμ-

156 4500 242 4554 ϐον
263 4504 373 4557 τῶν
406 4502 745 4568 κακοδόξων.
776 4502 841 4557 Τί
881 4502 1523 4573 τούτωνάσεϐέστερονς
1549 4506 1634 4570 τίς
1674 4506 1731 4559 δὲ

155 4596 302 4666 παρὰ
325 4596 628 4665 όρθοδόξων
651 4596 732 4659 είς
776 4595 1059 4667 αἱρετικὸν
1122 4596 1348 4652 τοιαῦτα
1403 4598 1688 4671 πέπρακεν
1716 4618 1729 4666 ;

166 4686 298 4739 Ἀλλ’
323 4688 413 4746 ἵνα
436 4690 580 4759 φανῇ
601 4686 898 4742 κάντεῦθεν
920 4688 1098 4743 αὐτῶν
1122 4689 1283 4761 ἡλίκη
1308 4691 1341 4761 ὴ
1372 4692 1599 4746 ἀσέϐεια
1624 4692 1733 4747 τῶν

155 4779 674 4850 Μοιχειανιζόντων,
689 4781 780 4835 καί
803 4781 888 4846 τίς
906 4781 1051 4846 τίνος
1078 4781 1349 4854 μαθητὴς,
1370 4784 1605 4855 Χριστοῦ
1638 4786 1737 4855 μὲν

153 4871 180 4921 ὁ
204 4873 547 4943 τυπτόμενος
570 4871 690 4925 κατ’
729 4872 894 4926 αὑτὸν
926 4872 1025 4926 καὶ
1068 4873 1274 4943 φέρων,
1328 4874 1580 4929 διαϐόλου
1622 4876 1680 4930 δὲ
1708 4877 1738 4929 ό

150 4962 388 5019 τύπτων.
412 4965 575 5020 Οῦτω
609 4965 870 5037 ἱεράρχης
899 4966 994 5019 καὶ
1021 4964 1174 5019 ἐνθεν
1193 4968 1448 5037 ἐκφοϐεῖν
1478 4968 1739 5040 βουλόμε-

154 5070 259 5120 νος,
283 5059 382 5110 καὶ
413 5057 650 5111 ἐκδικῶν
681 5057 751 5110 τὰ
798 5056 919 5110 κατ’
954 5057 1136 5113 αὐτόν.
1172 5052 1248 5113 Ob
1278 5059 1611 5131 ρυσθείημεν
1638 5062 1736 5131 τῆς

156 5147 396 5218 μερίδος,
432 5148 655 5216 ἁδελφὲ,
686 5148 781 5202 τοῦ
810 5148 870 5202 δὲ
919 5148 1142 5221 πρώτου
1196 5151 1389 5223 εἴημεν
1444 5154 1544 5207 σὺν
1568 5156 1736 5207 πᾶσιν

153 5236 431 5291 εὐσεϐέσι.
454 5239 566 5291 Καὶ
595 5238 694 5305 ίδε,
739 5238 937 5310 Κύριε,
967 5240 1165 5311 Κύριε,
1205 5241 1306 5312 τὴν
1332 5243 1575 5297 κάκωσιν
1601 5244 1735 5299 ταύ-

151 5344 269 5395 την,
296 5329 615 5405 καὶ-φεῖσαι
647 5329 740 5383 τοῦ
766 5329 899 5384 λαοῦ
939 5348 1035 5386 σου
1061 5348 1074 5364 ’
1111 5334 1464 5403 πρυτανέυων
1504 5338 1733 5409 είρήνην

150 5418 474 5490 ἐρθοδοξίας
501 5426 568 5495 τῇ
594 5422 716 5477 καθ’
746 5425 897 5494 ἡμᾶς
924 5424 1241 5497 Ἐκκλησία.
1268 5426 1435 5482 Οὐδὲν
1465 5427 1574 5500 γὰρ
1604 5432 1737 5500 ἡμῖν

152 5512 331 5581 λέγειν
358 5516 495 5571 ἄλλο
529 5517 664 5587 πρὸς
686 5518 755 5571 τὰ
789 5517 1033 5589 παρόντα
1058 5534 1071 5547 ο
1124 5518 1262 5588 μετὰ
1305 5520 1398 5572 τοῦ
1441 5524 1531 5573 καὶ
1561 5522 1735 5575 πάντα

152 5606 340 5678 φέρειν
379 5609 529 5680 ρᾁς
556 5610 700 5681 ὑπὲρ
722 5609 817 5663 τοῦ
843 5611 1109 5680 ὀνόματος
1142 5612 1330 5665 αὐτοῦ.

471 5795 740 5857 ΡΑτΒοι..
790 5796 834 5855 (ἶ
851 5812 908 5855 u.
955 5793 1164 5854 XCIX.

1764 4564 1817 4623 Ι)

1840 4330 1932 4396 sit,
1962 4336 2229 4385 evocante
2276 4326 2554 4382 mandato.
2595 4324 2672 4380 Ita
2700 4326 2877 4381 evasit
2904 4326 2996 4397 qui
3032 4326 3143 4397 jam
3172 4336 3421 4383 mortuus

1841 4432 1979 4487 erat,
2035 4429 2092 4475 et
2143 4418 2469 4475 mirabiliter
2533 4417 2731 4473 revixit
2787 4417 2858 4473 ad
2918 4418 3238 4475 orthodoxae
3295 4418 3419 4473 fidei

1843 4510 2152 4582 praesidium
2204 4508 2651 4579 triumphumque
2694 4508 2764 4565 de
2808 4508 3102 4565 haereticis.
3142 4509 3288 4576 Quid
3334 4510 3424 4564 his

1843 4603 2068 4673 impium
2124 4601 2296 4672 magis
2350 4616 2474 4657 esse
2527 4601 2739 4671 possit?
2782 4602 2917 4668 Quis
2969 4602 3315 4658 orthodoxus
3366 4602 3423 4657 in

1844 4694 2164 4750 hazreticum
2191 4693 2319 4749 talia
2354 4708 2591 4763 unquam
2620 4693 2903 4750 exercuit?
2929 4692 3037 4749 Sed
3065 4702 3127 4749 ut
3166 4694 3297 4750 hinc
3322 4708 3424 4764 ap-

1845 4793 2061 4856 pareret
2083 4792 2285 4855 quanta
2324 4782 2394 4838 sit
2434 4782 2867 4840 Moechianorum
2898 4783 3174 4855 impietas,
3218 4791 3275 4837 et
3299 4782 3426 4852 quis

1841 4876 1999 4947 cujus
2040 4875 2111 4930 sit
2142 4874 2485 4944 discipulus:
2517 4872 2722 4928 Christi
2767 4873 3029 4929 nimirum
3072 4874 3118 4929 is
3159 4874 3251 4945 qui
3296 4889 3425 4929 ver—

1843 4967 1995 5030 bera,
2049 4975 2110 5021 ut
2153 4965 2423 5030 Christus,
2464 4965 2709 5034 pertulit,
2755 4965 2956 5021 diaboli
3000 4974 3184 5021 autem
3235 4965 3283 5023 is
3328 4966 3424 5037 qui

1845 5057 2172 5113 verberavit.
2209 5056 2300 5112 Sic
2325 5057 2610 5127 episcopos
2636 5056 2764 5112 inde
2787 5057 2950 5113 etiam
2980 5067 3258 5114 exterrere
3287 5059 3425 5121 vnit,

1840 5163 2011 5218 seque
2050 5148 2228 5218 ipsum
2261 5146 2470 5201 ulcisci.
2508 5146 2640 5216 Ejus
2671 5154 2859 5216 partes
2900 5144 3194 5217 fugiamus,
3233 5144 3427 5209 frater,

1840 5239 2010 5309 priori
2057 5255 2182 5293 cum
2239 5238 2498 5293 omnibus
2557 5237 2664 5305 piis
2722 5237 3087 5294 adhaerentes.
3144 5235 3212 5290 Et
3277 5236 3425 5299 vide,

1842 5334 2089 5399 Domine,
2120 5333 2370 5399 Domine,
2416 5332 2764 5389 vexationem
2807 5332 2991 5397 istam,
3037 5341 3094 5388 et
3139 5346 3304 5403 parce
3329 5346 3427 5401 po-

1842 5429 1969 5498 pulo
1997 5438 2091 5482 tuo
2120 5443 2135 5481 :
2168 5433 2336 5483 rectae
2366 5425 2491 5483 fidei
2525 5441 2712 5497 pacem
2747 5424 2806 5481 in
2848 5424 3101 5482 Ecclesia
3133 5438 3254 5494 quae
3285 5423 3430 5493 apud

1842 5537 1942 5576 nos
1983 5532 2065 5575 est
2108 5534 2207 5590 pro
2254 5528 2347 5575 tua
2385 5527 2655 5591 potestate
2700 5516 3052 5573 confirmans.
3086 5515 3236 5570 Nihil
3281 5513 3427 5568 enim

1839 5613 1983 5671 aliud
2006 5614 2189 5669 dicere
2223 5627 2517 5684 possumus
2545 5612 2691 5667 circa
2715 5625 2779 5665 ea
2801 5624 2923 5680 quae
2940 5608 3286 5680 impendent,
3311 5607 3423 5660 nisi

1843 5702 1987 5770 quod
2041 5701 2224 5756 omnia
2248 5703 2488 5758 libenter
2507 5716 2605 5772 pro
2636 5700 2757 5770 ejus
2783 5698 3005 5753 nomine
3035 5696 3397 5766 perferemus.

2977 5791 3167 5867 35_
