4044 6366
594 224 723 287 ῙΟἬ

1776 227 1836 288 S.
1880 226 2280 287 TIIEODOR?
2309 229 2656 290 STUDlT/E

3725 227 3860 289 1100

657 336 739 388 'l‘u
784 348 934 399 vero,
981 333 1076 399 illi,
1112 333 1452 398 charissimc,
1511 334 1725 388 tametsi
1767 335 1893 389 alibi
1929 337 2169 390 custodi-

2345 338 2424 390 Σὺ’
2443 331 2587 402 δὲ,,ὧ
2616 337 2809 391 τέκνον
2842 354 2945 407 μου
2961 336 3338 407 ἠγαπημένον,
3368 337 3418 390 ει
3443 335 3537 389 καὶ
3566 351 3863 406 μετεφρου-

588 427 684 490 ris,
747 435 808 480 ut
865 425 1101 492 indicas,
1161 424 1533 496 gaude:quia
1585 426 1768 494 plures
1817 425 1914 478 tibi
1960 441 2177 481 coronae

591 525 873 574 texuntur.
909 515 978 572 Et
1003 532 1316 587 quanquam
1345 515 1606 572 Leontius
1633 515 1932 585 discipulus
1957 516 2085 571 olim
2105 519 2174 580 ⁷ο,

591 623 741 664 nunc
767 618 1017 680 negator,
1054 608 1162 663 illis
1194 608 1380 679 praesit
1412 607 1567 674 locis,
1615 607 1669 660 in
1701 608 2178 676 quibusinclusns

594 703 830 768 teneris;
863 703 1000 757 nihil
1031 703 1233 757 mirere
1269 719 1283 757 :
1313 703 1418 757 hoc
1450 701 1596 756 enim
1627 709 1844 770 tempus
1877 711 1961 756 est
1989 701 2177 773 longa-

591 795 861 850 nimitatis
912 795 1028 861 Dei,
1089 804 1150 848 ut
1197 800 1598 865 c0gnoscantur
1656 793 1836 859 electi,
1883 803 1938 848 et
1990 803 2180 866 regnet

594 883 740 942 illius
770 886 968 942 Tabeel
1006 887 1064 940 in
1092 884 1374 940 Bethleem
1397 885 1464 939 ⁷¹.
1496 885 1574 940 De
1609 899 1676 940 eo
1705 891 1891 940 autem
1921 885 2012 956 qui
2043 899 2178 940 con-

595 978 775 1034 fessus
806 985 891 1032 est
915 987 972 1032 et
997 992 1215 1048 pinnam
1249 977 1564 1046 postulavit,
1600 986 1749 1036 recte
1776 978 2011 1048 irrogata
2048 987 2132 1034 est
2162 996 2176 1032 :

595 1069 807 1138 tibique
837 1068 1136 1132 assentior,
1173 1067 1266 1137 qui
1297 1067 1499 1123 dixeris
1543 1069 1614 1134 ei,
1650 1070 1696 1124 si
1736 1070 1875 1124 nolit
1909 1071 1980 1125 ob
2007 1071 2180 1124 inter-

595 1159 770 1215 fectos
801 1159 990 1215 hostes
1014 1174 1234 1229 poenam
1263 1160 1470 1225 subire,
1507 1175 1612 1217 nec
1637 1162 1705 1216 ab
1727 1161 2026 1217 occidendo
2053 1163 2180 1216 abs-

594 1252 768 1305 tineat
808 1267 822 1304 :
857 1260 911 1305 et
945 1266 1047 1306 nos
1087 1251 1309 1320 quidem
1344 1259 1498 1307 extra
1550 1253 1821 1322 judicium
1863 1269 2072 1308 sumus.
2121 1253 2180 1307 Si

595 1359 730 1398 vero
764 1343 1024 1399 Ecclesiae
1054 1344 1361 1398 canonibus
1407 1345 1567 1399 subdi
1601 1346 1775 1411 malit,
1823 1346 2056 1400 duorum
2100 1345 2182 1399 al-

600 1446 776 1490 terum
813 1435 913 1505 ipsi
951 1435 1262 1506 eligendum
1311 1444 1422 1503 est;
1473 1446 1533 1491 ut
1574 1449 1667 1490 aut
1716 1437 1876 1492 laude
1917 1435 2183 1491 alliciatur

595 1529 742 1596 quod
772 1526 1138 1592 interfecerit,
1162 1537 1258 1582 aut
1296 1530 1414 1582 sine
1453 1542 1615 1596 prena
1647 1542 1760 1582 non
1799 1536 2039 1582 maneat.
2073 1525 2182 1580 Ne-

2281 429 2452 500 ρήθης
2485 428 2891 501 ἐτέρωθι,καθά
2918 429 3223 498 ἑσήμανας,
3245 431 3405 498 χαῖρε
3431 443 3446 459 ·
3478 429 3562 482 ὅτι
3591 429 3642 480 οί
3668 430 3862 498 στέφα·
3935 449 3940 456 ·

2278 520 2358 574 νοί
2391 537 2485 573 σου
2515 521 2732 584 πλείους
2787 510 3104 573 πλέκονται.
3137 520 3248 572 Καὶ
3290 521 3339 572 εί
3400 521 3495 572 καὶ
3558 520 3809 582 Λεόντιος
3833 523 3863 573 6

2278 613 2412 666 ποτὲ
2447 613 2728 683 μαθητὴς,
2774 611 2871 664 νῦν
2919 611 2976 664 δὲ
3023 610 3292 681 ἀρνητὴς,
3327 608 3724 680 ἡτουμενεύσει
3751 610 3863 662 τῶν

2279 705 2338 757 ὲν
2360 702 2444 768 οἷς
2475 701 2525 756 εἴ
2549 703 2941 774 κεκλεισμένος
2960 743 2975 767 ,
3009 702 3083 772 μὴ
3124 702 3409 772 θαυμάσῃς
3427 718 3442 732 ·
3479 701 3674 770 καιρὸς
3701 704 3731 754 6
3753 717 3863 753 m-

2284 794 2392 867 ρὼν
2419 795 2810 865 μακροθυμίας
2835 793 2990 857 Θεοῦ,
3011 793 3108 846 καὶ
3138 793 3290 856 ὅπως
3311 794 3360 844 οἱ
3389 792 3606 862 δόκιμοι
3629 793 3864 861 φανῶσι,

2280 887 2374 940 καὶ
2401 885 2488 940 ἴνα
2511 885 2650 958 ἄρξῃ
2672 887 2702 938 6
2732 886 2844 948 υἱὸς
2877 885 3092 955 Ταϐεὴλ
3133 885 3234 955 τῆς
3286 883 3560 956 Βηθλεέμ.
3595 884 3732 954 Περὶ
3769 883 3866 936 τοῦ

2281 976 2746 1048 ὲξαγορεύσαντος
2768 977 2860 1029 καὶ
2890 975 3260 1045 αἰτησαμένου
3275 975 3334 1028 τὸ
3349 975 3652 1046 ἐπιτίμιον,
3683 975 3866 1037 καλῶς

2282 1067 2494 1122 δέδοται
2520 1083 2536 1100 ·
2571 1065 2911 1138 σύμφημιδέ
2941 1083 3023 1119 σοι
3069 1065 3277 1118 εἰπόντι
3319 1065 3491 1136 αὐτῷ,
3547 1067 3599 1118 εἰ
3630 1066 3708 1135 μὴ
3737 1065 3868 1118 δού-

2281 1159 2426 1213 λοιτο
2471 1158 2920 1230 ἑπιτιμιάζεσθαι
2969 1159 3028 1210 ὲν
3077 1156 3157 1227 τῷ
3200 1156 3410 1210 κτένειν
3443 1157 3700 1226 ἐχθροὺς,
3733 1157 3869 1226 μηδὲ

2280 1251 2604 1322 ἀφιστάσθω
2631 1249 2728 1304 τοῦ
2751 1249 2966 1304 κτένειν
2989 1265 3004 1280 ·
3032 1249 3126 1302 καὶ
3149 1249 3312 1318 ἡμεῖς
3331 1265 3396 1317 γε
3429 1247 3535 1312 ἔξω
3571 1249 3866 1318 κρίματος.

2281 1343 2346 1396 Ei
2381 1341 2439 1395 δὲ
2467 1341 2642 1394 ἕλοιτο
2670 1340 2998 1394 ὑποπίπτειν
3041 1341 3156 1403 τοῖς
3208 1342 3308 1410 τῆς
3346 1338 3676 1408 Ἐκκλησίας
3705 1339 3870 1392 κανό-

2283 1451 2390 1497 σιν,
2413 1431 2474 1485 ἓν
2505 1435 2620 1486 τοῖν
2673 1432 2819 1485 δυοῖν
2867 1431 3089 1503 αἱρετὸν
3121 1431 3274 1502 αύτῷ
3294 1446 3310 1464 ’
3333 1432 3367 1502 ἢ
3396 1432 3640 1485 κτενόντι
3687 1433 3868 1484 ἐπιτι-

2286 1523 2514 1595 μᾶσθαι,
2544 1523 2578 1596 ἢ
2609 1523 2685 1595 μὴ
2713 1524 2896 1595 μένειν
2915 1523 3335 1598 ἀνεπιτίμητον.
3383 1523 3495 1577 Καὶ
3513 1523 3576 1576 ού
3591 1522 3681 1576 διὰ
3711 1523 3874 1574 τοῦτο

599 1637 706 1690 que
739 1627 920 1672 tamen
957 1616 1160 1671 idcirco
1184 1616 1340 1686 prius
1373 1617 1774 1686 repudiandum
1802 1626 1904 1680 est,
1931 1615 2180 1670 laudibus

2285 1617 2591 1688 τὸπρῶτον
2645 1615 2963 1686 διαϐλητέον
2994 1616 3280 1670 ’ἐπαίνων
3333 1615 3442 1686 γὰρ
3487 1616 3660 1682 ἀξιον
3703 1615 3783 1680 ὡς
3843 1616 3874 1667 6

604 1679 752 1766 enim
779 1709 926 1778 digni
957 1715 1106 1770 sunt,
1138 1679 1201 1761 ut
1220 1708 1296 1762 ait
1315 1679 1531 1763 divinus
1555 1707 1715 1762 Pater
1739 1708 1866 1763 :sed
1893 1679 2179 1763 subeunda

2285 1679 2430 1772 θεῖός
2449 1724 2582 1778 φησι
2599 1709 2792 1778 Πατήρ
2813 1679 2837 1736 ί
2878 1708 3016 1762 ἀλλὰ
3059 1707 3294 1778 ληπτέον
3323 1679 3510 1770 αὐτοῖς
3537 1679 3637 1760 οιαὶ
3658 1707 3724 1761 τὸ
3753 1709 3874 1759 ἑπι-

600 1811 687 1856 cst
707 1801 872 1855 etiam
897 1799 1006 1853 illis
1026 1814 1188 1870 pinna
1214 1799 1686 1868 :quandoquidem
1711 1808 1766 1852 et
1786 1798 1877 1853 Dei
1905 1805 2182 1869 spectator

600 1893 730 1946 olim
770 1891 956 1947 Moses
991 1898 1358 1946 revertentem
1386 1905 1416 1944 a
1443 1889 1586 1945 bello
1610 1889 2028 1945 Madianitarum
2055 1905 2181 1944 cum

602 1986 830 2041 victoria
906 1985 1168 2054 populum
1230 1983 1392 2038 Israel
1455 1992 1666 2053 septem
1734 1983 1927 2038 diebus
1987 1984 2182 2039 castris

602 2077 857 2143 exclusit,
888 2092 918 2130 a
945 2077 1055 2130 Deo
1084 2076 1229 2130 haud
1257 2075 1423 2130 dubie
1459 2083 1762 2145 permotus,
1802 2074 1880 2128 sic
1911 2073 2139 2144 loquens
2166 2092 2179 2128 :

603 2168 785 2225 Omnis
813 2169 902 2239 qui
945 2167 1193 2221 occiderit
1234 2167 1518 2228 hominem,
1559 2165 1639 2218 vel
1664 2167 1892 2218 occisum
1933 2165 2182 2236 tetigerit,

605 2259 916 2312 lustrabimu-
949 2257 1035 2310 die
1070 2256 1227 2309 tertio
1275 2263 1322 2308 et
1365 2255 1610 2324 septimo,
1655 2270 1744 2308 vos
1778 2263 1828 2308 et
1871 2255 2051 2321 prazda
2094 2271 2185 2310 ve-

601 2348 807 2404 stra".
849 2346 1005 2402 Unde
1045 2346 1318 2400 excitatus
1359 2359 1479 2399 mea
1505 2342 1724 2414 quidem
1766 2343 2038 2398 sententia
2064 2357 2184 2397 ma-

605 2457 748 2514 gnus
781 2439 1101 2502 Basilius",
1141 2437 1226 2492 vel
1255 2437 1436 2507 potius
1464 2451 1495 2490 a
1537 2436 1646 2490 Deo
1685 2435 1919 2501 amatus,
1961 2434 2184 2490 triennii

599 2547 826 2604 poenam
888 2531 1114 2602 irrogat,
1161 2537 1218 2582 et
1271 2527 1432 2583 docet
1483 2527 1948 2597 quemadmodum
1998 2527 2045 2582 is
2089 2525 2184 2595 qui

606 2626 812 2695 irrogat
838 2620 1140 2691 dispenset.
1167 2619 1504 2690 Contingens
1531 2619 1735 2688 quippe
1765 2626 1822 2674 et
1846 2633 1957 2672 non
1989 2632 2185 2672 neces-

606 2715 772 2780 saria,
805 2729 902 2783 pro
936 2712 1017 2768 rei
1053 2711 1318 2782 subjectae
1351 2710 1533 2774 modo,
1570 2711 1758 2765 talium
1787 2710 2048 2780 irrogatio
2078 2717 2182 2764 est.

608 2806 744 2862 Vale
787 2806 844 2859 in
903 2805 1158 2870 Domino,
1212 2803 1287 2857 lili
1342 2803 1416 2857 mi
1474 2802 1876 2867 desiderabilis,
1944 2816 2044 2872 pro
2098 2815 2188 2856 me

606 2906 898 2969 peccatore
943 2896 1274 2966 deprecans,
1311 2903 1367 2949 et
1411 2909 1511 2964 pro
1537 2909 1602 2949 eo
1631 2894 1724 2964 qui
1757 2903 1810 2950 te
1848 2909 1959 2949 una
1991 2894 2189 2950 salutat

607 2991 808 3048 dilecto
831 2989 944 3046 lilio
970 3005 1115 3056 meo,
1153 2989 1322 3045 fratre
1349 2997 1534 3044 autem
1562 2995 1677 3052 tuo,
1709 2987 1993 3058 Gregorio.

1017 3191 1129 3247 LII.
1160 3221 1229 3233 —
1251 3189 1498 3260 Philippo
1523 3191 1768 3244 diacono.

2281 1803 2464 1873 τίμιον
2489 1821 2504 1835 ·
2529 1801 2652 1856 ἐπεὶ
2676 1801 2771 1857 καὶ
2798 1801 2969 1856 πάλαι
3009 1800 3220 1871 Μωσῆς
3243 1803 3270 1854 6
3304 1801 3544 1868 θεόπτης
3597 1800 3872 1870 ὑποστρέ-

2282 1891 2464 1962 ψαντα
2504 1891 2596 1945 τὸν
2660 1889 2875 1961 Ἰσραὴλ
2920 1891 2986 1943 ὲκ
3035 1889 3130 1942 τοῦ
3193 1889 3333 1942 κατά
3374 1889 3486 1943 τῶν
3517 1890 3872 1943 Μαδιανιτων

2283 1983 2522 2052 πολέμου
2549 1982 2687 2053 μετά
2715 1983 2896 2052 νίκης,
2928 1980 3179 2052 ἀφορίζει
3225 1979 3330 2046 ἔξω
3367 1982 3468 2051 τῆς
3512 1981 3871 2052 παρεμϐολῆς

2285 2075 2424 2128 ἑπτὰ
2450 2075 2690 2146 ἡμέρας,
2739 2076 2806 2128 ὲκ
2853 2073 2992 2128 Θεοῦ
3017 2073 3264 2143 δηλονότι
3313 2073 3660 2145 κινούμενος,
3693 2073 3873 2141 λέγων

2283 2163 2480 2229 οὕτως’
2501 2163 2674 2232 Πᾶςό
2694 2163 2929 2219 ἀνελὼν
2959 2163 3194 2235 ψυχὴν,
3224 2164 3322 2217 καὶ
3372 2164 3716 2233 ἁπτόμενος
3765 2163 3874 2217 τεῦ

2283 2256 2677 2326 τετρωμένου,
2729 2255 3164 2324 dri-mandarat
3211 2253 3286 2324 τῇ
3319 2254 3510 2324 ἡμέρᾳ
3552 2255 3628 2324 τῇ
3678 2255 3871 2324 τρίτῃ,

2285 2347 2385 2402 καὶ
2410 2347 2486 2417 τῇ
2515 2347 2708 2417 ἡμέρα
2723 2346 2798 2416 τῇ
2821 2347 3066 2416 ἐϐδόμῃ,
3089 2347 3262 2416 ὑμεῖς
3292 2346 3394 2400 καὶ
3427 2347 3466 2413 ὴ
3485 2347 3874 2416 αὶχμαλωσιά

2285 2439 2474 2510 ὑμῶν.
2515 2440 2681 2493 Ὅθεν
2717 2457 2808 2510 μοι
2839 2440 2987 2493 δοκεῖ
3017 2440 3044 2491 6
3090 2439 3266 2509 μέγας
3307 2438 3587 2502 Βασίλειος
3611 2439 3874 2508 ἀφορμηο

2288 2532 2423 2598 θεὶς,
2453 2531 2654 2602 μᾶλλον
2679 2530 2736 2584 δὲ
2773 2529 3178 2594 θεοπνευσθεὶς,
3201 2529 3387 2584 δίδωσι
3413 2529 3475 2582 τὸ
3493 2529 3596 2599 τῆς
3624 2530 3876 2599 τριετίας

2289 2621 2590 2693 ἐπιτίμιον,
2617 2622 2711 2675 καὶ
2737 2620 2811 2683 ὡς
2840 2621 2907 2674 ἂν
2939 2621 3274 2690 οἱκονομήση
3303 2621 3332 2673 6
3383 2619 3584 2682 διδούς.
3626 2619 3876 2687 Ἐνδεχοο

2292 2711 2427 2784 μένη
2451 2709 2561 2782 γὰρ
2585 2709 2681 2764 καὶ
2723 2711 2824 2764 οὐκ
2846 2711 3157 2780 ἀναγκαίως
3187 2711 3328 2764 κατά
3354 2711 3418 2763 τὸ
3449 2710 3708 2780 κείμενον
3737 2710 3877 2762 πάνυ

2288 2821 2399 2868 τως
2426 2805 2461 2874 η
2496 2803 2606 2856 τῶν
2639 2802 2900 2857 τοιούτων
2925 2803 3095 2868 δόσις.
3138 2802 3391 2875 Ἐρῤωσο
3431 2805 3492 2856 ὲν
3544 2801 3764 2875 Κυρέῳ,
3795 2801 3880 2853 υίὲ

2294 2909 2396 2965 μου
2431 2893 2656 2963 ποθητδ,
2688 2893 2983 2965 εὐχόμενος
3031 2893 3162 2963 περ)⁸
3183 2893 3320 2964 ἐμοῦ
3367 2892 3463 2947 τοῦ
3514 2891 3878 2963 ἀμαρτωλοῦ,

2210 3014 2254 3076 C
2289 2983 2531 3076 καὶτοῦ
2556 2985 3179 3076 σύμ-προσαγορεύοντος
3229 3001 3291 3038 σε
3338 2983 3625 3056 ἀγαπητοῦ
3674 2984 3878 3038 τέκνου

2290 3093 2414 3147 μου,
2453 3075 2548 3130 σοῦ
2581 3077 2638 3130 δὲ
2660 3075 2915 3144 ἀδελφοῦ,
2943 3075 3269 3148 Γρηγορίου.

2565 3186 2678 3241 ΝΒ.
2713 3218 2783 3228 -ο
2798 3188 3076 3253 Φιλίππῳ
3089 3187 3372 3254 Διακόνῳ.

607 3308 684 3360 De
717 3307 1054 3370 votorpucllze,
1083 3319 1194 3369 quae
1215 3317 1396 3368 sponso
1422 3309 1693 3368 aegrotante
1717 3305 2186 3414 vovergtalsﬁtmgtu

2031 3401 2046 3414 .
2139 3379 2186 3414 ns

2285 3301 2746 3413 Ἀξῖιῶἳεὲἒὶῗιὶεωει
2765 3309 2982 3368 aegrotus
2999 3306 3390 3368 convalesceret,
3415 3313 3604 3370 postea,
3645 3308 3739 3358 ubi
3761 3322 3880 3359 con-

2031 3401 2046 3425 ,
2078 3379 2339 3414 consulum
2359 3379 2584 3414 mutam.

682 3477 802 3532 Noli
836 3474 1170 3541 exiStimare,
1204 3474 1288 3529 vir
1317 3483 1525 3539 sancte,
1559 3488 1647 3528 me
1679 3471 1877 3527 ostium
1909 3471 2187 3542 paeniten-

611 3569 701 3622 tia:
731 3567 1023 3632 claudere;
1051 3563 1476 3620 Novatianorum
1505 3563 1652 3617 enim
1681 3562 1735 3618 id
1763 3563 2046 3634 proprium
2066 3571 2186 3630 est;

612 3659 710 3714 sed
741 3659 890 3712 nolle
923 3655 1132 3727 peccati
1163 3656 1363 3711 ostium
1398 3654 1610 3724 aperire
1633 3652 1958 3708 volentibus.
1989 3651 2188 3706 Annon

611 3751 760 3805 enim
823 3748 1092 3820 ejusmodi
1152 3755 1237 3802 est
1293 3747 1438 3817 quod
1487 3745 1764 3816 prioribus
1826 3743 2024 3798 litteris
2082 3743 2190 3798 tuis

602 3841 909 3897 indicasti?
932 3840 1171 3911 puellam
1192 3855 1314 3909 qua:
1340 3850 1528 3893 votum
1559 3845 1806 3902 voverat,
1835 3850 1915 3899 se,
1943 3834 2190 3904 quamvis

611 3946 853 4003 sponsus
893 3929 1326 3992 convalesceret,
1367 3926 1588 3982 Christo
1617 3934 1916 3997 nupturam
1947 3941 1962 3980 :
1990 3922 2191 3979 deinde

606 4031 902 4093 postquam
931 4033 963 4070 e
1012 4017 1205 4072 morbo
1238 4016 1327 4071 ille
1357 4024 1443 4072 est
1486 4025 1789 4080 recreatus,
1832 4029 1959 4071 cum
2001 4027 2090 4076 eo,
2122 4010 2190 4066 ad

612 4108 935 4182 posterioris
986 4105 1176 4176 sponsi
1221 4114 1622 4175 contemptum,
1655 4104 1902 4174 copulari
1931 4103 2090 4168 velle,
2136 4111 2192 4158 et

611 4201 914 4256 remedium
944 4200 1012 4254 ad
1037 4199 1089 4253 id
1118 4212 1384 4268 quaerere.
1408 4195 1740 4251 Rectissime
1771 4195 1936 4265 igitur
1963 4207 2192 4263 respon-

611 4295 795 4348 dimus
827 4291 961 4355 tibi;
995 4305 1098 4344 nec
1126 4289 1285 4344 aliter
1311 4287 1631 4358 responderi
1668 4295 1846 4358 potest
1867 4287 1936 4340 ab
1972 4300 2059 4350 eo,
2097 4284 2190 4354 qui

611 4401 677 4440 ea
719 4399 843 4454 quae
883 4381 952 4436 ad
993 4380 1164 4434 Deum
1204 4389 1478 4450 spectant,
1520 4379 1842 4435 hominibus
1871 4387 2188 4449 anteponat.

611 4476 748 4543 Quis
793 4474 944 4529 enim
989 4473 1040 4528 ei
1086 4487 1305 4543 ptenam
1359 4472 1584 4542 irroget,
1641 4472 1733 4542 qui
1768 4472 2037 4538 nondum,
2079 4472 2189 4526 nisi

609 4567 916 4631 voluntate,
962 4562 1246 4634 peccavit?
1286 4562 1396 4616 Aut
1426 4562 1558 4632 quis
1597 4561 1842 4618 medicus
1883 4570 2010 4617 ante
2045 4577 2193 4616 mor-

610 4659 742 4714 bum
773 4657 1116 4713 curationem
1151 4655 1445 4722 adhibeat;
1471 4670 1536 4710 ac
1565 4670 1676 4709 non
1708 4653 1889 4725 potius
1933 4670 1962 4708 a
2003 4655 2192 4709 morbo

2358 3471 2450 3542 Μὴ
2477 3471 2590 3524 οτου
2625 3486 2714 3541 με,
2750 3463 2795 3524 ὧ
2825 3470 2936 3542 ἱερὲ
2968 3470 3124 3544 ἄνερ,
3153 3469 3357 3526 κλείειν
3404 3473 3504 3546 τὴν
3533 3472 3718 3543 πύλην
3781 3475 3882 3544 τῆς

2291 3562 2620 3633 μετανοίας’
2680 3562 3042 3616 Ναυατιανῶν
3103 3561 3215 3634 γὰρ
3265 3563 3326 3617 τὸ
3361 3562 3548 3634 ἔργονο
3597 3564 3750 3618 ἀλλὰ
3803 3567 3882 3637 μὴ

2291 3653 2578 3724 βούλεσθαι
2605 3653 2847 3722 ἀνοίγειν
2875 3653 3047 3725 θύραν
3073 3656 3173 3726 τῆς
3219 3656 3494 3728 ἁμαρτίας
3529 3659 3642 3721 τοῖς
3673 3658 3882 3728 βουλο-

2290 3745 2497 3817 μένοις.
2541 3748 2612 3800 Ἢ
2645 3745 2755 3817 γὰρ
2780 3747 2901 3816 οὐχὶ
2945 3745 3191 3800 τοιοῦτον
3241 3748 3377 3819 ὅπερ
3409 3749 3498 3803 διὰ
3529 3747 3638 3803 τῶν
3663 3751 3878 3821 προτέ-

2291 3853 2400 3908 ρων
2454 3853 2550 3891 σου
2576 3837 2925 3909 γραμμάτων
2966 3838 3314 3908 δεδήλωκας;
3371 3840 3431 3893 τδ
3485 3841 3582 3911 τὴν
3639 3842 3879 3896 νεάνιδα

2288 3928 2593 4000 εὐξαμένην
2619 3929 2805 4000 εὐχὴν,
2862 3931 2910 3983 εί
2961 3930 3056 3984 καὶ
3089 3931 3468 4004 ἀναῤῥωσθείη
3499 3935 3527 3987 6
3579 3936 3876 4005 μνήστωρ,

2290 4021 2668 4092 νυμφευθῆναι
2711 4021 2937 4094 Χριστῷ
2971 4037 2986 4051 ⁸
3017 4019 3139 4077 εἶτα
3163 4025 3352 4097 ἐπειδὴ
3385 4027 3687 4094 ἀνέσφηλεν
3725 4030 3880 4081 ἐκεῖ·

2289 4101 2732 4180 νος,’ὲθέλουσαν
2774 4113 2926 4186 αὐτῷ
2952 4115 3312 4186 συναφθῆναι,
3344 4117 3434 4170 ἐπ’
3482 4117 3746 4189 ἀθετήσει
3779 4120 3879 4174 τοῦ

2290 4203 2576 4275 δευτέρου,
2607 4206 2798 4275 ζητεῖν
2840 4207 2979 4279 πρὸς
3001 4208 3161 4262 τοῦτο
3186 4207 3348 4279 ἴαμα.
3371 4207 3649 4262 Κάλλιστα
3680 4211 3882 4265 τοίνυν

2292 4295 2678 4367 ἀπεκρίθημέν
2703 4313 2786 4350 σοι
2805 4313 2818 4328 ⁸
2848 4299 2946 4352 καὶ
2977 4298 3076 4369 οὐχ
3105 4292 3218 4352 οἷόν
3251 4315 3311 4352 τε
3338 4298 3514 4362 ἄλλως
3547 4298 3878 4354 ἀποδιδόναι

2291 4385 2468 4454 λόγον,
2496 4385 2586 4439 τὸν
2617 4385 2922 4456 ἀνθρώπων
2949 4389 3019 4443 τὰ
3048 4387 3186 4442 Θεοῦ
3221 4389 3602 4460 προκρίνοντα.
3629 4389 3736 4453 Τίς
3767 4392 3881 4461 γὰρ

2293 4475 2360 4530 ἂν
2383 4476 2478 4530 καὶ
2505 4476 2621 4548 δοίη
2651 4476 2928 4548 ἐπιτίμιον
2957 4477 3036 4548 τῷ
3079 4477 3244 4550 μήπω
3307 4480 3672 4552 ἡμαρτηκότι,
3733 4483 3881 4551 πλὴν

2292 4567 2387 4620 τοῦ
2429 4566 2714 4638 βούλεσθαι
2742 4585 2758 4635 ;
2793 4569 2863 4622 Ἢ
2891 4570 2974 4633 τίς
3010 4571 3196 4641 ἰατρὸς
3232 4571 3336 4643 πρὸ
3371 4573 3528 4626 νόσου
3576 4576 3760 4640 μοτοί,
3785 4576 3879 4627 καὶ

2292 4657 2416 4728 οὑχὶ
2452 4657 2654 4728 μᾶλλον
2696 4658 2874 4729 εἴργει
2907 4659 2984 4730 μὴ
3044 4661 3369 4732 νοσηλεῦσαι
3409 4661 3503 4717 τὸν
3566 4663 3662 4715 ἐπὶ
3710 4663 3878 4716 τοῦτο

612 4755 800 4804 arceat
847 4763 972 4802 eum
1016 4745 1108 4816 qui
1159 4760 1225 4800 eo
1265 4758 1428 4799 ruere
1476 4744 1766 4800 videbatur
1785 4744 1868 4798 7"?
1908 4743 2186 4799 Medicina!

2297 4749 2562 4816 ρέποντα;
2595 4749 2704 4802 Καί
2734 4765 2800 4816 γε
2836 4749 3079 4819 ἰατρείας
3106 4751 3252 4820 ὅρος,
3279 4751 3313 4822 ἢ
3362 4750 3462 4821 τὴν
3520 4751 3878 4821 ὑπάρχουσαν

615 4843 882 4913 siquidem
934 4853 1136 4895 munus
1183 4847 1288 4903 est,
1338 4845 1433 4892 aut
1483 4848 1808 4907 praesentem
1858 4849 2186 4889 conservare

2297 4837 2510 4905 ὑγίειαν
2535 4837 2922 4909 περιφυλὰξαι,
2951 4840 2983 4911 ἢ
3009 4841 3108 4912 τὴν
3136 4841 3382 4894 ἀποῦσαν
3411 4841 3876 4902 ἀναγαλέσασθαι.

615 4933 927 4997 sanitatem,
955 4943 1051 4986 aut
1083 4931 1365 4986 absentem
1405 4943 1682 4983 revocare.
1720 4927 2028 4982 Absurdum
2063 4939 2186 4981 vero

2302 4929 2532 4998 Ἀλογον
2561 4931 2638 4995 δὲ,
2671 4929 2972 5000 σύγγνωθι,
3006 4932 3069 4985 τὸ
3107 4932 3182 5002 μὴ
3229 4932 3330 5004 ήδη
3380 4933 3691 5003 παροῦσαν,
3739 4934 3880 4987 ἀλλὰ

616 5033 720 5091 est,
747 5024 988 5094 ignosce,
1014 5025 1265 5078 morbum
1295 5020 1388 5090 qui
1415 5035 1524 5075 non
1564 5022 1654 5084 sit,
1687 5019 1781 5073 sed
1814 5020 1996 5073 animo
2021 5017 2186 5089 ﬁnga-

2304 5019 2713 5091 μελετωμὲνην,
2745 5021 3015 5092 ἰατρεύειν
3043 5023 3119 5086 ὡς
3170 5017 3364 5075 οὖσαν·
3409 5024 3471 5075 οὐ
3505 5023 3616 5093 γὰρ
3668 5023 3874 5092 ἰατροῦ,

617 5128 730 5184 tur,
771 5125 1027 5187 tanquam
1061 5116 1104 5170 si
1156 5131 1347 5170 revera
1391 5122 1558 5181 esset,
1587 5127 1780 5169 curare
1810 5130 1823 5166 :
1856 5128 1958 5167 nec
1997 5111 2186 5167 medici

2301 5110 2442 5164 ἀλλά
2470 5111 2859 5180 πτωματιστοῦ
2889 5113 2954 5166 τὸ
2979 5112 3182 5184 δρᾶμα,
3212 5111 3581 5182 ὑφελκομένου
3633 5128 3878 5181 προσεμ-

617 5209 673 5265 id
703 5223 862 5280 opus,
889 5207 986 5262 sed
1009 5207 1364 5273 cadaverarii,
1394 5208 1449 5260 in
1479 5211 1727 5259 morbum
1759 5205 1936 5275 ipsum
1966 5205 2018 5260 id
2047 5203 2186 5274 quod

2306 5201 2550 5272 παρῆναι
2581 5203 2662 5266 είς
2691 5203 2862 5267 πάθος
2906 5205 3038 5258 αὐτὸ
3092 5205 3153 5258 τὸ
3205 5205 3285 5258 ἔτι
3330 5203 3564 5266 ἀπαθές.
3617 5201 3878 5254 Τοιοῦτον

619 5301 810 5357 morbo
838 5300 1101 5354 intactum
1123 5297 1304 5353 adhuc
1325 5306 1410 5352 est
1435 5295 1713 5366 impellere
1737 5295 2030 5350 molientis.
2060 5295 2186 5350 Tale

2295 5295 2408 5348 οἴου
2439 5295 2624 5349 καὶτὸ
2649 5296 2749 5366 τῆς
2801 5298 3033 5361 παιδός,
3076 5299 3187 5352 Καὶ
3228 5296 3381 5350 οὔπω
3427 5296 3589 5365 λέγω,
3649 5295 3732 5348 ὅτι
3785 5296 3880 5347 xci

597 5388 843 5464 prorsus
878 5389 1074 5462 puellae
1101 5387 1380 5461 negotium
1419 5383 1720 5440 existimes.
1761 5383 2006 5440 Necdum
2039 5385 2179 5452 dico,

2291 5388 2353 5441 τὸ
2404 5388 2614 5457 ἀγαθόν
2644 5406 2697 5443 τι
2737 5389 3108 5462 ἐνθυμηθῆναί
3141 5407 3261 5445 τινα
3283 5429 3298 5456 ,
3343 5389 3417 5462 μὴ
3441 5389 3598 5444 τοῦτο
3635 5389 3719 5452 είς
3779 5387 3880 5442 πέ-

689 5573 734 5604 ⁷⁰
758 5570 891 5625 V'ide
918 5582 1104 5640 supra,
1137 5566 1412 5640 ερίειχιᾷ
1426 5575 1481 5640 et
1505 5567 1668 5640 infra,
1705 5566 1802 5622 lib.
1824 5582 1893 5640 ιι,
1921 5566 2085 5636 epist.
2112 5566 2174 5622 51

2285 5567 2326 5600 ⁷⁸
2352 5568 2459 5627 lsa.
2495 5585 2595 5637 vn,
2629 5567 2683 5623 6.

2802 5570 2846 5602 ν’
2867 5565 3026 5625 Num.
3057 5583 3206 5638 xm,
3256 5568 3341 5624 15,

619 5636 1143 5711 Δωριιὶιοοὶι.ξοιιη.
1171 5636 1228 5707 8,
1263 5639 1322 5692 il
1347 5679 1361 5706 ,
1395 5638 1480 5694 15.
1558 5639 1603 5671 ’⁵
1627 5637 1793 5696 Conc.
1824 5636 1990 5694 Ncoc.
2019 5653 2142 5696 can.
2202 5638 2258 5692 4.

3440 5571 3484 5602 ⁷³
3505 5568 3561 5624 In
3591 5565 3773 5638 Epist.
3809 5569 3875 5622 α]
