4044 6366
217 329 349 393 1101

1437 327 1984 392 EPlSTOLARUM
2011 327 2161 387 LIB.
2206 325 2257 386 Ῑ.

3351 325 3486 394 1101

211 461 312 512 ρας
359 441 590 510 ἄγοντα,
622 442 844 514 ὑφέξειν
899 447 1099 518 κρῖμα,
1126 443 1272 500 καθά
1293 444 1322 497 ὁ
1353 443 1496 509 θεῖος
1521 444 1789 508 Βασίλειος

1903 441 2067 496 etiam
2107 455 2258 506 eum,
2301 440 2392 510 qui
2426 438 2557 494 boni
2603 439 2807 511 aliquid
2839 439 3112 512 cogitarit,
3156 442 3201 499 si
3235 445 3304 498 ad
3345 445 3482 500 eﬂ'es

206 532 514 604 διωρίσατο.

293 703 558 760 Ἐνταῦθα
603 705 662 758 δὲ
687 707 850 761 οἱονεὶ
879 706 970 761 καὶ
1021 707 1182 778 ἔργον
1211 707 1491 780 προύϐηκε
1544 707 1604 762 τὸ
1665 707 1792 779 βου-

210 781 394 850 λέυθὲν
418 797 507 852 διὰ
525 797 629 869 τῆς
643 800 918 870 αἰτήσεως
929 802 1023 854 καὶ
1043 800 1196 862 θείας
1231 801 1560 866 συντάξεως.
1575 802 1789 856 Φείδοι-

214 889 306 942 σθε
355 889 470 955 οῦν,
505 883 552 944 ὧ
581 890 919 962 φιλούμενοι,
964 892 1034 946 τὰ
1060 892 1289 948 τοιαῦτα
1321 892 1542 958 παίζειν
1577 909 1591 924 ⁸
1620 893 1791 949 ἀκού-

210 997 358 1045 οντες
379 981 474 1036 τοῦ
503 983 758 1052 λέγοντος
784 1001 800 1016 ο
841 985 1098 1054 Ἀγαθὸν
1119 985 1207 1055 μὴ
1231 986 1546 1054 εὔξασθαι,
1603 986 1644 1056 ἢ
1686 987 1788 1042 εὗ-

210 1072 427 1136 ξασθαι
460 1074 558 1128 καὶ
580 1074 668 1144 μὴ
701 1075 1056 1133 ἀποδοῦναι.
1083 1107 1154 1118 -
1192 1078 1342 1147 Οὐχὶ
1367 1079 1558 1149 μένον
1611 1078 1791 1150 ἔμενέ

208 1179 326 1228 σοι,
349 1165 519 1236 φησί;
573 1167 634 1221 Τί
661 1166 751 1220 ὅτι
781 1167 1024 1236 ἐψεύσω
1058 1167 1141 1234 τῷ
1169 1168 1582 1239 Πνεύματιντῷ
1605 1171 1789 1240 ἁγίῳ;

207 1255 318 1311 Καὶ
343 1255 404 1307 τὸ
437 1254 566 1324 ἑξῆς
590 1256 826 1327 πάρειμι
859 1257 948 1310 διά
973 1257 1036 1311 τὸ
1068 1256 1377 1330 δύσφημον.
1408 1260 1518 1313 Καὶ
1571 1259 1673 1330 οὐχ
1702 1259 1788 1313 ὅτι

205 1348 698 1418 καταφρονητικῶς
724 1349 834 1420 έχω
863 1349 963 1420 τῆς
992 1350 1182 1414 παιδός
1214 1367 1230 1382 ο
1264 1351 1520 1422 φείδομαι
1549 1353 1659 1424 γὰρ
1687 1353 1788 1407 αὐ-

207 1437 326 1506 τῆς,
361 1437 436 1502 ὡς
465 1440 567 1510 τῆς
596 1439 770 1510 κόρης
804 1456 909 1510 μου
940 1439 1036 1494 τοῦ
1076 1440 1359 1512 ὀφθαλμοῦ
1381 1457 1396 1473 ⁸
1426 1443 1520 1496 καὶ
1561 1442 1629 1498 δι’
1657 1445 1788 1498 ἐαυ-

205 1526 304 1597 τὴν
331 1529 630 1600 ἐφιεμένην
667 1531 734 1583 ἐκ
762 1530 860 1600 τῆς
885 1529 1166 1594 εὐτελείας
1197 1550 1301 1604 μου
1334 1533 1736 1605 θεραπεύεσθαι
1768 1552 1784 1567 ο

1900 544 2052 592 ctum
2106 551 2219 591 non
2272 535 2575 606 perducat,
2629 529 2842 606 judicio
2885 545 3080 605 poenas
3135 536 3481 602 subiturum,

1898 627 2357 698 quemadmodum
2396 641 2428 681 a
2460 623 2646 682 divino
2671 623 2871 682 Basilio
2901 634 2987 681 est
3012 626 3324 683 definitum.

1971 713 2073 772 Hic
2129 731 2272 772 vero
2313 715 2477 771 etiam
2537 731 2677 787 opus
2725 716 3130 786 quodammodo
3181 720 3481 787 processit,

1900 807 2268 864 deliberatum
2316 824 2415 880 per
2441 807 2865 880 postulationem
2913 809 3270 880 divinamque
3315 821 3484 882 Spon-

1899 900 2133 957 sionem.
2166 898 2380 956 Parcite
2425 901 2614 972 igitur,
2663 898 3025 970 dilectissimi,
3070 897 3126 956 in
3177 904 3342 959 rebus
3385 906 3487 960 hu.

1895 994 2138 1066 iusmodi
2173 995 2366 1052 ludere
2393 1012 2408 1050 :
2439 994 2728 1050 audientes
2758 995 2913 1049 illum
2949 996 3042 1066 qui
3078 997 3214 1052 dicit
3247 1017 3259 1053 :
3292 997 3484 1053 Melius

1899 1095 1976 1140 est
2006 1101 2111 1140 non
2139 1093 2342 1150 vovere,
2375 1102 2537 1156 quam
2574 1095 2688 1156 post
2717 1093 2894 1139 votum
2924 1087 3184 1154 prantissa
3228 1101 3328 1141 non
3365 1085 3484 1142 red-

1897 1179 2019 1234 dere
2069 1179 2135 1233 ⁷⁵.
2165 1208 2235 1220 -
2269 1176 2460 1232 Nonne
2511 1189 2730 1231 manens
2783 1175 2878 1230 tibi
2929 1175 3214 1245 manebat,
3273 1175 3488 1249 inquit?

1896 1287 2062 1340 quare
2093 1272 2341 1324 mentitus
2372 1286 2424 1323 es
2450 1267 2677 1338 Spiritui
2701 1268 2987 1323 sancto"?
3019 1267 3084 1323 Et
3116 1269 3262 1340 quod
3297 1267 3484 1341 sequi-

1897 1367 2006 1427 tur,
2045 1359 2294 1414 horroris
2333 1373 2498 1413 causa
2536 1357 2915 1428 praetermitto.
2958 1357 3148 1428 Neque
3192 1359 3308 1415 hazc
3339 1360 3483 1423 dico,

1896 1451 2044 1521 quod
2074 1451 2314 1520 puellam
2342 1463 2639 1519 asperner;
2671 1463 2838 1520 parco
2869 1449 3016 1504 enim
3048 1449 3146 1515 illi,
3175 1460 3236 1505 ut
3265 1452 3484 1521 pupilla:

1895 1543 2040 1598 oculi
2091 1543 2199 1597 mei
2234 1561 2248 1598 :
2282 1551 2400 1596 tum
2431 1543 2606 1612 ipsius
2643 1556 2829 1607 causa,
2861 1557 2986 1598 cum
3027 1558 3059 1597 a
3104 1544 3483 1600 mediocritate

205 1618 300 1672 καὶ
337 1620 428 1674 διὰ
461 1619 562 1692 τὴν
602 1621 802 1693 κυρίαν
831 1621 932 1694 τὴν
979 1624 1218 1694 μητέρα,
1253 1625 1322 1696 ἥν
1360 1626 1504 1680 σέϐω
1539 1627 1634 1682 καὶ
1688 1644 1788 1680 πε-

1895 1647 2016 1686 mea
2049 1641 2276 1702 excptet
2307 1631 2636 1698 remedium,
2669 1641 2782 1686 tum
2823 1632 3066 1688 Domina:
3097 1634 3289 1690 matris
3316 1651 3479 1706 quam

207 1711 404 1780 ριέπω,
433 1711 638 1786 ὼς-τὴν
667 1713 808 1785 ἐμὴν
837 1715 989 1769 ὁσίαν
1022 1716 1274 1788 μητέρα·
1329 1717 1467 1771 ἀλλὰ
1518 1719 1581 1771 τὸ
1612 1719 1786 1790 κρῖμα

1895 1739 2131 1780 veneror
2157 1733 2213 1780 et
2241 1725 2362 1779 0010
2389 1732 2646 1794 tanquam
2689 1733 2932 1780 sanctam
2974 1735 3205 1782 matrem
3249 1744 3426 1784 meam
3464 1749 3478 1783 ;

203 1800 492 1869 δεδοικὼς,
537 1801 567 1854 δ
594 1803 904 1874 παρασταίη
935 1804 995 1857 ἐν
1047 1805 1232 1876 ἡμέρα
1293 1806 1532 1877 κρίσεως
1581 1809 1789 1880 ἑκάστῳ

1900 1816 1995 1870 sed
2023 1814 2291 1885 judicium
2335 1815 2724 1879 reformidans,
2759 1815 2903 1885 quod
2952 1815 3010 1870 in
3045 1817 3134 1872 die
3159 1817 3348 1887 iudicii
3392 1835 3482 1890 pa-

203 1893 281 1966 τῷ
327 1911 386 1948 τε
411 1895 687 1966 ἐρωτῶντι
750 1896 847 1950 καὶ
897 1895 976 1967 τῷ
1045 1897 1463 1969 ἀποκρινομένῳ
1514 1915 1530 1930 ο
1555 1899 1632 1963 ὡς
1699 1901 1789 1954 ἐκ·

1895 1913 2076 1961 ratum
2105 1915 2188 1962 est
2219 1905 2517 1977 unicuique
2541 1915 2596 1961 et
2625 1906 2988 1978 interroganti
3011 1916 3066 1963 et
3090 1912 3478 1980 respondenti;

205 1986 468 2054 φευκτέον
503 1987 668 2058 μέχρι
697 1987 793 2040 καὶ
820 1987 992 2058 ἀργοῦ
1049 1987 1145 2041 τοῦ
1206 1991 1466 2060 τυχόντος
1523 1993 1789 2064 ῥήματος,

1892 1998 2038 2068 quod
2086 2013 2190 2053 nec
2233 1999 2617 2070 subterfugere
2660 1999 2810 2064 licet,
2857 1999 3152 2068 quominus
3200 2017 3373 2074 usque
3411 2005 3480 2060 ad

213 2077 288 2151 μὴ
335 2077 533 2132 δώσειν
561 2079 710 2150 ἡμᾶς
739 2077 898 2147 λόγον
930 2077 1010 2150 τῷ
1039 2079 1323 2152 άδεκάστῳ
1347 2085 1535 2154 κριτῇ.
1581 2084 1646 2137 Ei
1692 2084 1789 2156 μὲν

1892 2092 2173 2163 quodlibet
2225 2093 2455 2149 verbum
2514 2093 2753 2148 otiosum
2821 2094 3093 2150 rationem
3159 2096 3480 2170 incorrupto

202 2163 295 2222 οὖν
324 2168 495 2238 μήπω
523 2167 780 2231 ἔζευκται
809 2168 842 2237 ἠ
875 2168 1057 2232 νεᾶνις
1081 2207 1096 2232 ,
1139 2171 1170 2223 ό
1211 2171 1376 2235 αὐτὸς
1414 2173 1548 2242 ⁴ἡμῖν
1604 2173 1788 2243 λόγος,

1892 2183 2060 2255 iudici
2096 2185 2389 2242 reddamus
2411 2187 2483 2239 ⁷⁷.
2517 2185 2722 2252 Quare,
2768 2185 2814 2241 si
2857 2187 3039 2257 puella
3078 2187 3324 2244 nondum
3363 2206 3480 2244 ma-

203 2258 298 2312 καὶ
317 2259 422 2313 οὐκ
454 2257 617 2320 ἄλλος
660 2257 904 2314 ἐναντίον
934 2257 1071 2312 Θεοῦ
1108 2261 1204 2314 καὶ
1233 2261 1537 2334 ἀνθρώπων
1567 2281 1584 2296 ο
1607 2264 1666 2320 ὃν
1694 2267 1789 2320 καὶ

1892 2273 2153 2329 trimonio
2185 2283 2270 2330 est
2291 2276 2611 2346 conjuncta,
2652 2276 2759 2331 hoc
2795 2276 2974 2347 ipsum
3007 2278 3242 2336 dicimus
3276 2290 3332 2336 et
3363 2296 3476 2336 non

205 2352 347 2422 ὑμᾶς
374 2349 726 2405 εὐλαϐεῖσθαι
754 2349 953 2422 χρεών.
1003 2351 1066 2406 Ei
1101 2352 1160 2406 δέ
1231 2354 1616 2421 συνέζευκται,
1677 2357 1782 2428 φεῦ

1893 2365 2044 2421 aliud
2083 2381 2269 2422 coram
2302 2367 2414 2422 Deo
2461 2377 2516 2422 et
2549 2367 2888 2436 hominibus,
2924 2370 3069 2440 quod
3105 2380 3160 2426 et
3202 2387 3302 2427 vos
3335 2373 3476 2442 σεᾳυί

204 2439 299 2512 τῆς
328 2442 470 2512 ἐμῆς
500 2443 883 2515 ταλαιπωρίας
913 2443 928 2498 1
960 2442 1260 2514 δηλωτέον,
1294 2446 1391 2499 καὶ
1437 2447 1562 2502 τότε
1613 2448 1786 2504 δώσο-

208 2551 304 2604 μεν
336 2533 400 2588 τὸ
431 2534 708 2605 ἐπιτίμιον
736 2550 752 2564 ο
786 2534 942 2589 οὐδὲν
964 2535 1074 2606 γὰρ
1107 2535 1488 2609 ἀθεράπευτον
1534 2543 1650 2607 τοῖς
1705 2544 1788 2596 ία-

205 2627 362 2696 οῆναι
390 2627 759 2698 βουλομένοις.

206 2826 328 2882 Nl".
355 2859 428 2870 —
447 2830 1144 2906 Στεφάωζάναγνώστῃ,
1174 2836 1275 2890 καὶ
1309 2836 1436 2904 τοῖς
1457 2836 1581 2892 σὺν
1599 2835 1781 2903 αὐτῷ.

900 2926 1086 3000 [σνΘ’.]

1891 2455 2139 2528 bonique
2179 2457 2473 2514 consulere
2522 2466 2760 2528 oportet.
2815 2457 2910 2513 Sin
2961 2469 3143 2516 autem
3186 2461 3300 2532 iam
3339 2477 3478 2518 con-

1885 2549 2078 2619 iuncta
2117 2557 2223 2616 est,
2278 2565 2312 2606 ο
2363 2549 2743 2606 infelicitatem
2792 2554 3005 2608 meam!
3055 2553 3474 2624 significandum

1892 2649 1998 2702 est,
2030 2648 2084 2695 et
2113 2649 2244 2696 tunc
2271 2655 2490 2710 poenam
2539 2642 2892 2715 iniungemus
2925 2661 2937 2698 ς
2969 2644 3110 2700 nihil
3148 2646 3297 2702 enim
3328 2649 3478 2703 insa-

1900 2731 2083 2786 nabile
2114 2741 2198 2788 est
2234 2731 2302 2787 iis
2324 2732 2421 2802 qui
2452 2735 2634 2789 sanari
2666 2735 2878 2793 volunt.
2923 2758 2925 2761 ·

2003 2843 2134 2901 Llll.
2165 2877 2236 2889 —
2264 2845 2532 2917 Stephano
2573 2848 2775 2916 lectori,
2809 2858 2860 2905 et
2890 2851 2957 2904 iis
2987 2852 3073 2906 cui
3111 2867 3230 2906 cum
3255 2852 3368 2908 illo.

949 3040 1047 3091 Cur
1066 3054 1092 3090 a
1117 3039 1305 3091 Tarasii
1327 3044 1674 3092 communione
1697 3041 2009 3093 abstinuerit.
2043 3045 2246 3107 (Barca.
2273 3057 2354 3095 an.
2378 3044 2490 3105 809,
2517 3059 2567 3094 n.
2601 3047 2704 3108 45.)

275 3145 590 3218 Γράμματα
615 3146 888 3218 ἐδεξάμην
939 3148 1041 3219 τῆς
1102 3149 1359 3220 θεοζήλου
1394 3151 1617 3222 ἀγάπης
1655 3167 1750 3204 σου
1775 3164 1789 3179 ·

1967 3151 2166 3222 Accepi
2214 3151 2425 3209 litteras
2459 3154 2628 3210 Deum
2668 3154 2978 3211 aemulantis
3011 3154 3298 3216 charitatis
3331 3167 3433 3217 tua-
3461 3176 3474 3216 :

205 3241 272 3312 τῇ
305 3240 407 3311 μὲν
433 3241 714 3311 ἐπιγραφῇ
746 3239 806 3306 ἐξ
838 3240 956 3304 ἐνὸς
980 3279 997 3306 ,
1028 3243 1096 3312 τῇ
1127 3241 1184 3294 δὲ
1211 3241 1441 3311 δυνάμει
1490 3243 1556 3295 ἐκ
1605 3242 1792 3310 διαφό-

209 3349 316 3402 ρων
346 3330 660 3400 προσώπων
707 3332 1110 3402 ἐπεσταλμένα.
1170 3334 1296 3388 Εττε
1344 3334 1475 3402 γοῦν
1525 3334 1585 3402 ἐξ
1647 3335 1786 3400 ἐνὸς,

208 3424 316 3476 εἴτε
354 3424 424 3476 ἐκ
455 3423 738 3491 πλειόνων,
789 3423 1072 3496 ὀφειλέτης
1123 3425 1238 3494 είμι
1295 3423 1615 3496 ἐρωτηθεὶς,
1665 3423 1791 3478 καθ’

207 3516 328 3568 ὅσον
353 3509 469 3568 οἷόν
499 3533 559 3568 τε
585 3519 650 3588 τῇ
703 3516 916 3587 ἀμαθίᾳ
949 3534 1080 3586 μου,
1115 3515 1398 3584 ἀξιόλογον
1425 3516 1526 3588 τὴν
1559 3517 1792 3587 ἀπόκρι-

213 3624 295 3661 σιν
325 3607 650 3664 άποδοῦναι.
701 3609 908 3663 Ἐκεῖνο
941 3609 1000 3662 δέ
1035 3625 1126 3679 μοι
1160 3607 1400 3679 πρῶτον,
1429 3609 1510 3662 ὅτι
1544 3601 1620 3662 ὧν
1650 3625 1787 3662 κατ-

209 3699 496 3772 επᾳδόμην
559 3699 714 3772 παρὰ
759 3700 858 3772 τῆς
912 3700 1299 3772 πολυυμνήτου
1358 3699 1606 3770 γλώττης
1671 3717 1790 3765 σου,

209 3793 354 3859 ξένος
389 3794 504 3864 ἐγὼ
536 3794 776 3850 ἐπαίνων
805 3795 1133 3869 ἁμαρτωλὸς
1167 3795 1454 3867 ὑπάρχων,
1492 3796 1588 3850 καὶ
1616 3795 1790 3850 ἀκατ-

205 3887 448 3960 όρθωτον
501 3889 592 3944 τὸν
620 3889 1128 3962 βίονκκεκτημένος.
1158 3887 1298 3943 Είδέ
1333 3907 1388 3942 τι
1417 3889 1632 3959 γέγονε,
1654 3888 1790 3944 Θεοῦ

205 3981 264 4034 τὸ
291 3980 487 4052 δῶρον,
509 3981 598 4036 διὰ
651 3981 752 4052 μὲν
777 3984 879 4053 τῆς
943 3981 1039 4035 τοῦ
1091 3980 1457 4052 γεννήσαντός
1509 3998 1578 4052 με
1630 3980 1793 4034 πνεύ-

207 4090 334 4142 ματι
367 4072 587 4146 Πατρδς
620 4074 1048 4146 κεχαρισμένον,
1105 4073 1174 4128 δι’
1209 4073 1364 4144 ὑμῶν
1400 4073 1458 4126 δὲ
1523 4073 1633 4126 τῶν
1691 4073 1791 4144 τῆς

208 4165 490 4230 εὐσεϐείας
521 4167 769 4239 ἐραστῶν
801 4166 1080 4238 ἱκετηρίας
1110 4167 1246 4238 πρὸς
1304 4166 1366 4220 τὸ
1427 4167 1556 4237 ἑξῆς
1613 4167 1786 4238 φυλαο

205 4256 541 4329 χθησόμενον
579 4259 920 4329 ἀπήμαντον.
969 4257 1235 4328 Δεύτερον
1264 4259 1367 4312 οὐκ
1389 4252 1487 4312 οἵδ’
1517 4261 1667 4322 ὅπως
1694 4257 1790 4328 τὴν

207 4349 504 4422 ἐξηγορίαν
535 4351 836 4421 ποιήσομαι
859 4367 874 4382 ο
903 4348 981 4421 μὴ
1012 4348 1281 4422 εὐκρινῶς
1308 4349 1678 4420 προαχθείσης
1692 4351 1792 4420 τῆς

207 4441 476 4505 πεύσεως.
512 4441 694 4505 Ὀλως
755 4441 817 4495 τὸ
862 4441 1196 4513 ζητούμενον
1233 4441 1313 4504 είς
1371 4441 1647 4512 Ταράσιον
1699 4440 1790 4494 τὸν

1893 3243 2254 3312 inscriptione
2301 3245 2524 3314 quidem
2587 3257 2845 3316 taanam
2896 3248 2966 3302 ab
3014 3263 3156 3318 uno;
3207 3253 3478 3308 sententia

1895 3350 2028 3390 vero
2057 3343 2318 3402 tanquam
2346 3350 2376 3388 a
2398 3335 2635 3392 diversis
2661 3338 2884 3397 missas.
2913 3337 3040 3394 Sive
3063 3341 3228 3412 igitur
3247 3343 3317 3397 ab
3341 3359 3474 3408 uno,

1891 3425 2008 3480 sive
2045 3440 2075 3480 a
2119 3425 2402 3496 pluribus,
2433 3425 2606 3481 debeo
2642 3427 3036 3500 interrogatus,
3074 3432 3256 3501 quoad
3302 3433 3476 3504 impe-

1891 3518 2018 3573 ritia
2077 3534 2198 3574 mea
2254 3527 2470 3590 potest,
2536 3521 3098 3590 congruentissimum
3151 3539 3475 3596 responsum

1890 3607 2042 3663 dare.
2075 3607 2320 3662 Primum
2352 3624 2485 3694 ergo
2507 3609 2710 3680 quibus
2754 3626 2841 3666 me
2868 3612 3240 3672 iceleberrima
3291 3617 3476 3688 lingua

1893 3707 1985 3752 tua
2030 3697 2286 3754 laudibus
2319 3701 2626 3767 exornavit,
2674 3701 2744 3755 ab
2789 3701 2858 3756 iis
2899 3716 2999 3774 ego
3033 3702 3192 3774 longe
3235 3717 3479 3763 remotus

1891 3804 2037 3854 sum,
2087 3805 2212 3844 cum
2246 3799 2503 3861 peccator
2535 3791 2663 3858 sim,
2719 3798 2778 3846 et
2827 3791 2994 3846 vitam
3045 3806 3202 3862 again
3251 3797 3479 3851 minime

1893 3881 2242 3938 laudabilem.
2279 3883 2336 3937 Si
2369 3883 2499 3955 quid
2545 3893 2728 3939 autem
2761 3885 2818 3939 in
2855 3900 2942 3940 me
2984 3896 3089 3952 est,
3123 3887 3227 3943 hoc
3258 3888 3351 3944 Dei
3382 3891 3480 3945 do-

1892 3989 2025 4028 num
2061 3984 2167 4040 est,
2205 3975 2327 4044 ejus
2357 3975 2450 4045 qui
2484 3990 2573 4029 me
2619 3975 2819 4044 spiritu
2867 3977 3058 4048 genuit
3085 3975 3264 4034 Patris
3300 3981 3477 4048 preci—

1892 4065 1996 4120 bus
2031 4061 2321 4132 tributum,
2351 4065 2499 4135 quod
2544 4071 2617 4122 et‘
2639 4067 2836 4122 vestris
2866 4067 2959 4136 qui
2995 4069 3250 4138 pietatem
3295 4071 3476 4125 colitis

1893 4158 2388 4228 supplicationibus
2415 4159 2687 4230 integrum
2717 4159 2982 4231 deinceps
3012 4163 3472 4217 conservandum.

1892 4249 2100 4306 Deinde
2163 4266 2273 4320 quo
2321 4260 2478 4322 pacto
2558 4251 2918 4321 respondeam
2966 4254 3174 4320 nescio,
3242 4255 3476 4310 interro-

1893 4324 2107 4415 satione
2139 4343 2285 4399 haud
2333 4345 2468 4399 satis
2511 4353 2698 4414 aperte
2729 4345 3022 4415 explicata.
3053 4342 3288 4404 Omnino
3325 4364 3475 4419 qua:-

1894 4438 2128 4492 stiouem
2163 4436 2232 4492 ad
2282 4431 2573 4490 Tarasium
2629 4437 2759 4491 olim
2793 4438 3160 4508 patriarcbam
3200 4441 3477 4510 pertinere

205 4533 699 4605 πατριαρχὴσαντα
743 4509 1131 4604 περιίστασθαι
1161 4509 1609 4604 ὐπολελόγισμαι.
1643 4532 1784 4600 Ἐγὼ

1892 4529 2123 4600 conieci.
2165 4527 2438 4599 Equidem
2487 4530 2591 4584 hac
2639 4531 2708 4585 de
2743 4545 2802 4584 re
2833 4531 3112 4601 proposita
3149 4509 3471 4602 iamdudum

207 4624 306 4694 μέν
333 4621 427 4679 οὖν
481 4625 576 4678 καὶ
635 4623 876 4678 ἔκπαλαι
934 4626 1066 4697 περὶ
1117 4623 1213 4678 τοῦ
1259 4624 1627 4694 προταθέντος
1686 4625 1788 4677 οὐκ

204 4714 423 4785 ἀμελῶς
453 4715 634 4786 ἔσχον,
663 4714 835 4768 πολλὰ
889 4715 1224 4786 συστραφεὶς
1293 4718 1352 4770 ἐν
1392 4712 1636 4785 ἐμαυτῷ,
1692 4713 1789 4766 καὶ

204 4807 600 4880 άναθεωρήσας
630 4806 739 4860 τῶν
779 4809 1126 4878 πραγμάτων
1193 4808 1293 4872 τὰς
1353 4809 1630 4872 ἐκϐάσεις.
1676 4809 1789 4860 Καὶ

210 4901 394 4968 μέντοι
425 4901 521 4954 καὶ
553 4899 683 4964 τοὺς
710 4900 851 4975 ὑπὲρ
880 4899 976 4954 τοῦ
1037 4899 1205 4954 καλοῦ
1235 4901 1642 4972 ἐνισταμένους,
1695 4899 1788 4954 καὶ

204 4991 416 5056 πολλοῖς
435 4993 648 5064 χρόνοις
672 4991 1154 5065 τληπαθήσαντας,
1175 4995 1232 5046 ἐν
1251 4993 1458 5063 ἐπαίνῳ
1482 4993 1577 5047 καὶ
1598 4992 1788 5046 ἀποδο-

205 5084 303 5154 xli;
317 5083 462 5155 λόγῳ
479 5085 588 5156 ἔχω
613 5101 628 5115 ⁸
644 5087 705 5139 οὐ
727 5086 833 5157 μὴν
854 5086 1225 5152 παντάπασιν,
1255 5085 1330 5148 ὼς
1353 5084 1610 5154 δηλώσων
1636 5084 1791 5155 ἐρχο-

209 5195 328 5247 μαι,
351 5179 518 5232 καὶτὸ
534 5177 1245 5252 κτήσασθαιόμογνώμονας
1259 5177 1506 5248 ἐφίεμαι.
1533 5175 1657 5241 Πῶς
1675 5176 1785 5246 γὰρ

205 5268 288 5334 οὒ,
323 5268 675 5342 τηλικούτους
719 5268 1007 5341 ἀνδρικοὺς
1047 5268 1134 5322 ἐπ’
1165 5268 1452 5340 εὐσεϐείᾳ,
1485 5266 1736 5340 δεδειγμέ
1763 5294 1789 5307 ι-

205 5379 330 5426 νους
353 5379 369 5428 ς
1277 5418 1290 5432 ,

287 5454 448 5510 Ἀλλὰ
475 5455 618 5526 μετὰ
643 5454 742 5510 τοῦ
772 5456 872 5528 τῆς
899 5456 1161 5528 ἀληθείας
1189 5455 1352 5524 λόγου
1377 5496 1391 5520 ,
1426 5455 1522 5508 καὶ
1565 5453 1665 5524 τῆς
1703 5452 1790 5505 ἐν·

205 5545 500 5618 δεχομένης
545 5547 641 5602 καὶ
688 5547 1076 5619 προσηκούσης
1121 5547 1426 5618 δυνάμεως.
1484 5543 1790 5616 Τοιγαροῦν

207 5631 308 5692 ὦδε
352 5641 553 5712 φαίημι
587 5659 602 5675 ·
653 5642 719 5696 Τί
754 5643 816 5695 τὸ
857 5641 956 5713 τὴν
992 5641 1260 5713 διαφορὰν
1320 5641 1456 5712 πρὸς
1513 5638 1789 5710 Ταράσιον

278 5750 324 5782 ⁷⁸
345 5749 526 5808 Eccle.
553 5771 602 5819 v,
639 5756 694 5809 4.
770 5756 955 5810 "Act.
997 5772 1049 5821 v,
1078 5755 1132 5820 5,
1164 5754 1216 5815 4.
1296 5754 1337 5785 ’⁷
1364 5752 1553 5808 Matth.
1587 5769 1686 5820 xu,
1726 5753 1815 5808 36.

1887 4636 1996 4677 non
2030 4622 2151 4676 sine
2183 4636 2316 4676 cura
2365 4621 2469 4688 fui,
2519 4622 2694 4676 multa
2741 4637 2954 4678 mecum
3007 4624 3192 4678 animo
3223 4639 3472 4688 versans,

1887 4722 1943 4768 et
1976 4713 2069 4784 qui
2100 4712 2324 4770 iuturus
2375 4724 2522 4771 esset
2571 4731 2757 4770 rerum
2808 4724 3042 4770 eventus
3089 4716 3470 4771 considerans.

1888 4804 2024 4860 Nam
2071 4821 2171 4862 eos
2197 4814 2366 4873 certe,
2399 4807 2494 4877 qui
2533 4822 2636 4878 pro
2690 4815 2842 4863 recto
2869 4807 3243 4875 decertarunt,
3291 4815 3348 4863 et
3376 4809 3472 4864 diu

1887 4899 2074 4970 gravia
2106 4898 2352 4970 perpessi
2383 4908 2534 4964 sunt,
2577 4914 2914 4970 magnopere
2944 4898 3110 4956 laudo
3144 4908 3200 4956 et
3230 4901 3474 4972 comple-

1888 4999 2008 5043 ctor
2039 5005 2054 5043 :
2086 5005 2198 5043 non
2252 4998 2438 5043 tamen
2499 5005 2916 5061 usquequaque,
2971 5001 3032 5048 ut
3089 5008 3218 5048 mox
3273 4993 3470 5057 dicam,

1888 5077 2299 5132 consentientes
2323 5092 2422 5133 eos
2444 5078 2649 5134 habere
2669 5080 2855 5135 velim.
2879 5080 3078 5146 Quidni
3105 5090 3290 5137 autem
3307 5081 3330 5136 ?
3349 5095 3472 5136 cum

1890 5171 2028 5223 adeo
2058 5177 2312 5225 strenuos
2339 5184 2400 5226 se
2428 5185 2526 5241 pro
2554 5172 2760 5243 pietate
2786 5173 3144 5242 praebuerint.

1964 5456 2068 5514 Sed
2101 5465 2284 5516 tamen
2323 5474 2446 5516 cum
2481 5459 2729 5518 veritatis
2761 5463 2954 5528 verbo;
2977 5471 3033 5518 et
3053 5471 3330 5532 quatenus
3356 5460 3476 5517 ﬁeri

1891 5550 2016 5606 licet
2047 5561 2103 5608 et
2130 5553 2409 5607 convenit.
2439 5552 2512 5609 Ut
2548 5567 2680 5625 ergo
2703 5553 2769 5610 ad
2797 5569 2915 5609 rem
2944 5554 3188 5617 veniam,
3225 5568 3474 5624 qua-nam

1891 5659 2057 5701 causa
2079 5643 2182 5700 fuit
2209 5659 2306 5701 cur
2337 5661 2367 5698 a
2401 5641 2626 5702 Tarasio
2657 5644 3124 5702 dissenserimus?
3153 5641 3350 5700 Fides?
3378 5646 3466 5698 At-
