4044 6366
1731 311 1794 370 s.
1827 303 2223 368 THEODORI
2263 275 2610 365 s'runim

547 435 639 503 qui
672 422 850 502 palam
879 429 1097 502 quidem
1126 427 1468 484 ortliodoxus
1491 434 1626 490 erat,
1658 437 1846 479 sacras
1875 420 2115 493 synodos

2238 415 2405 470 toion
2438 391 2570 486 ἡμῖν
2614 414 2756 486 [εοά.
2810 411 2936 482 Reg.
2981 393 3173 484 opiv];
3224 392 3456 478 Πίστις;
3511 409 3628 465 Kal
3685 412 3802 465 ὅσον

549 515 902 594 sequebatur,
943 530 1000 576 et
1041 535 1166 575 cum
1201 518 1323 574 aliis
1356 514 1684 588 patriarchis
1725 510 2126 570 consentiebat,

549 624 604 669 et
649 612 946 668 maximum
999 619 1160 665 antea
1202 606 1301 679 pro
1350 607 1455 662 lide
1511 613 1795 678 certamen
1848 601 2129 657 sustinue-

552 714 750 759 rat.....
771 697 1048 758 Eorumne
1080 694 1171 770 qui
1204 701 1272 754 ab
1309 697 1504 753 haeresi
1553 685 1972 750 revertebantur
2002 707 2129 748 sus-

553 795 769 865 ceptio?
816 793 888 847 At
917 807 1028 846 non
1055 791 1125 845 ab
1159 790 1250 844 illo
1275 788 1394 843 haec
1421 786 1658 858 primum
1693 785 1978 841 instituta:
2003 798 2128 838 cum

553 902 584 940 a
627 886 831 942 sanctis
867 883 1122 939 Patribus
1159 879 1357 950 triplici
1403 878 1568 934 modo
1601 877 1844 946 suscepti
1890 874 2125 938 fuerim,

553 979 638 1032 vel
685 976 912 1046 repetito
951 972 1244 1044 baptismo,
1290 979 1352 1025 ut
1401 968 1839 1048 Pepuzeniavel
1873 975 1975 1038 pro
2021 964 2128 1020 olei

554 1063 894 1132 unctionem,
924 1074 984 1118 ut
1028 1062 1247 1128 Ariani;
1295 1062 1383 1116 vel
1427 1077 1527 1132 per
1568 1059 1801 1130 propriae
1839 1057 2128 1113 sententia:

555 1157 997 1222 detestationem,
1027 1163 1087 1209 ut
1118 1152 1460 1208 Nestoriani.

625 1417 709 1470 An
739 1415 1009 1471 ordinatio
1039 1429 1134 1485 per
1155 1413 1465 1484 pecuniam,
1493 1411 1695 1482 quas-in
1726 1409 2125 1482 depositionem

558 1505 869 1562 necessario
922 1503 1202 1559 incurrit?
1259 1501 1353 1556 Nae
1387 1501 1458 1557 'id
1496 1515 1724 1572 prorsus
1778 1514 1968 1554 verum
1998 1506 2080 1552 est
2113 1519 2124 1552 :

558 1607 690 1651 tunc
716 1597 862 1651 enim
892 1604 1140 1667 pastores
1163 1593 1268 1648 visi
1305 1601 1433 1648 sunt
1479 1592 1597 1663 lupi
1635 1605 1886 1661 rapaces.
1935 1588 2124 1643 altaria

555 1685 752 1740 effossa
805 1694 952 1750 sunt,
1022 1684 1222 1740 divinae
1277 1684 1534 1754 reliquiae
1571 1683 1844 1762 dedecore
1875 1680 2136 1745 atl'ectae,‘

558 1775 696 1830 sacri
731 1774 854 1828 libri
883 1774 1083 1830 exusti.
1116 1773 1256 1840 Quid
1289 1750 1486 1844 plura?
1517 1759 1636 1844 ip‘sa
1681 1773 1887 1829 Christi
1926 1773 2123 1844 imago,
2155 1750 2203 1810 Β

559 1876 760 1936 ρωποι*
791 1865 924 1919 alias
979 1864 1372 1928 sanctissimas,
1407 1864 1814 1920 contumeliose
1865 1864 2048 1919 habita
2077 1874 2132 1919 et

560 1957 896 2014 conculcata.
936 1956 997 2010 Et
1028 1956 1149 2026 quis
1170 1956 1320 2012 brevi
1353 1959 1603 2012 oratione
1639 1957 1926 2026 complecti
1945 1941 2130 2026 queat,

560 2064 682 2119 quire
713 2048 928 2118 longam
978 2047 1352 2102 narrationem
1406 2047 1748 2118 requirunt?
1793 2049 1933 2115 Quid
1983 2049 2132 2118 quod

562 2156 729 2211 porro
761 2155 999 2210 sequens
1026 2139 1338 2210 patriarcha
1365 2157 1429 2197 ex
1461 2143 1709 2198 saeculari
1735 2144 1803 2198 ad
1840 2143 2133 2215 episcopa-

563 2231 669 2286 lem
708 2231 1033 2301 dignitatem
1076 2241 1304 2301 repente
1354 2243 1667 2301 provectus,
1699 2260 1702 2261 ν
1735 2233 1968 2288 idoneus
2019 2249 2131 2288 non

561 2319 667 2374 fuit
687 2320 780 2388 qui
807 2335 905 2388 pro
935 2319 1134 2388 spiritu
1167 2328 1432 2389 quantum
1466 2322 1597 2376 satis
1635 2333 1752 2377 erat
1789 2323 2140 2379 decertaret?

561 2410 692 2464 Inde
721 2410 975 2464 scandala
1005 2427 1020 2464 :
1059 2410 1186 2466 inde
1213 2411 1302 2466 illa
1334 2428 1473 2482 qua:
1499 2413 1611 2483 jam
1647 2429 1748 2470 nos
1779 2416 2132 2481 conturbant,

562 2499 827 2570 originem
885 2508 1262 2570 sumpserunt.
1302 2499 1410 2557 Vos
1465 2501 1650 2572 itaque
1703 2518 1813 2572 quo
1851 2505 1974 2560 sitis
2009 2519 2135 2574 erga

563 2594 713 2647 illum
742 2593 944 2655 animo,
987 2592 1237 2648 novistis.
1265 2592 1377 2648 Nos
1421 2608 1574 2658 vero,
1609 2604 1668 2648 ut
1719 2595 1997 2665 sigillatim
2038 2611 2134 2651 eos

563 2682 656 2751 qui
696 2683 927 2754 pecunia
965 2681 1198 2735 ordinati
1249 2680 1491 2746 fuerant,
1537 2681 1893 2736 audiebamus
1939 2687 2008 2736 ali
2046 2683 2136 2736 illo

563 2789 672 2828 non
704 2773 920 2828 admitti
955 2771 1022 2828 ad
1059 2772 1526 2838 communionem,
1571 2786 1881 2843 quanquam
1917 2785 2030 2828 non
2061 2774 2136 2828 ita

563 2865 996 2928 existimabatur,
1026 2863 1361 2918 conveniens
1397 2877 1520 2918 esse
1545 2863 1804 2919 duximus
1835 2865 1984 2935 pacis
2024 2874 2138 2920 stuc

562 2957 656 3011 dio
717 2956 1067 3012 concordiam
1123 2970 1248 3010 cum
1294 2970 1362 3010 eo
1407 2957 1692 3012 retinere:
1745 2957 2015 3026 siquidem
2068 2957 2137 3012 ad

2231 510 2296 562 ὲκ
2322 508 2418 562 τοῦ
2449 503 2785 576 προφανοῦς,
2827 503 3132 575 όρθόδοξος,
3162 505 3283 566 ταῖς
3332 519 3394 556 τε
3447 501 3638 570 ἁγίαις
3685 519 3806 555 συν-

2231 599 2372 661 όδοις
2391 592 2800 668 ἠκολουθηκὼς,
2827 594 2922 646 καὶ
2951 593 3333 664 ὁμοφρονήσας
3359 593 3472 654 τοῖς
3505 591 3689 654 ἄλλοις
3710 607 3810 645 παι

2227 688 2556 759 τριάρχαις·
2619 685 3030 756 ἀγωνισάμενος
3093 683 3330 753 μάλιστα
3373 681 3517 752 ὑπὲρ
3569 682 3819 750 πίστεως

2228 773 2290 832 τὸ
2316 778 2601 849 πρότερον.
2650 776 2716 829 Ἦ
2767 775 2876 828 τῶν
2921 772 2980 837 ἐξ
3027 772 3298 844 αἱρέσεως
3349 770 3807 842 ὑποστρεψάντων

2230 867 2512 938 παραδοχή
2531 883 2546 933 ;
2566 865 2676 920 Kal
2700 865 2798 934 οὐχ
2835 864 2927 918 ὑπ’
2957 863 3124 918 αὑτοῦ
3145 861 3609 933 καινοτομηθεῖσα
3634 876 3649 891 °
3680 865 3768 930 αρ’
3785 877 3814 923 ς

2228 959 2338 1031 γὰρ
2359 958 2470 1013 τῶν
2499 957 2673 1027 ἁγίων
2716 955 2979 1026 Πατέρων
3043 953 3250 1025 τριχῶς
3304 951 3769 1022 παραδεχομένων
3795 966 3808 979 ·

2229 1050 2262 1119 ἢ
2304 1047 2392 1101 διὰ
2427 1041 2888 1116 ἀναϐαπτισμοῦ,
2925 1043 3002 1106 ὡς
3059 1043 3094 1113 ή
3147 1042 3256 1096 τῶν
3319 1037 3723 1108 Πεπουζηνῶψ
3783 1037 3816 1103 ἧ

2228 1139 2316 1192 διὰ
2358 1137 2592 1210 χρίσεως
2641 1136 2837 1208 μύρου,
2869 1134 2945 1197 ὡς
3007 1134 3042 1204 ἡ
3089 1132 3200 1186 τῶν
3265 1130 3604 1202 Ἀρειανῶν·
3665 1127 3694 1196 ἢ
3746 1125 3816 1180 δι’

2227 1226 2675 1299 ἀναθεματισμοῦ
2715 1226 2818 1298 τῆς
2843 1224 3059 1290 οἰκείας
3111 1223 3312 1300 δόξης,
3343 1221 3422 1286 ὡς
3471 1221 3506 1291 ἡ
3539 1219 3652 1273 τῶν
3708 1219 3817 1272 Νε-

2230 1319 2549 1388 στοριανῶν.
2615 1354 2618 1357 -

2310 1411 2374 1462 Ἥ
2409 1411 2469 1462 ὲν
2501 1409 2744 1483 χρήμασι
2796 1407 3128 1480 χειροτονία,
3164 1406 3287 1477 ἥτις
3323 1406 3626 1460 ὑποπίπτει
3677 1404 3820 1458 κατὰ

2227 1501 2287 1554 τὸ
2317 1502 2611 1569 ἀναγκαῖον
2636 1499 2951 1572 καθαιρέσει
2975 1515 2990 1564 ;
3019 1499 3150 1565 Nal,
3183 1496 3492 1567 πανάληθες
3513 1513 3530 1526 ·
3562 1497 3658 1548 καὶ
3689 1495 3820 1563 γοῦν

2229 1590 2530 1661 τηνικαῦτα
2576 1590 2838 1662 ποιμένες
2878 1589 3036 1643 λύκοι
3084 1589 3274 1660 βαρεῖς
3323 1585 3588 1657 ὤφθησαν
3617 1603 3634 1617 ·
3685 1602 3820 1638 κατ-

2229 1683 2479 1755 εσκάφθη
2532 1681 2896 1755 θυσιαστήρια
2923 1699 2940 1716 ·
2971 1681 3225 1753 ἠτιμώθη
3257 1679 3375 1733 θεῖα
3433 1677 3667 1747 λείψανα
3693 1692 3709 1706 ⁶
3739 1677 3820 1746 βί-

2231 1773 2346 1828 ϐλοι
2380 1776 2522 1847 ἱεραὶ
2564 1773 3006 1846 ἐνεπρήσθησαν.
3046 1773 3111 1826 Τί
3142 1771 3306 1825 πλέον
3342 1786 3358 1836 ;
3389 1770 3529 1841 αὑτὴ
3575 1771 3609 1840 ἡ
3657 1771 3823 1822 εἰκὼν

2230 1863 2326 1918 τοῦ
2385 1863 2624 1935 Χριστοῦ
2663 1865 2803 1935 πρὸς
2837 1863 3046 1926 ’ἄλλαις
3101 1861 3472 1923 σεπτοτάταις
3529 1858 3820 1927 ὲνύϐριστο

2232 1956 2328 2009 καὶ
2354 1955 2794 2025 κατεπεπάτητο.
2822 1955 2931 2008 Kal
2961 1953 3047 2016 τίς
3079 1952 3146 2006 ἂν
3173 1954 3232 2006 ὲν
3261 1950 3430 2020 ὀλίγῳ
3459 1947 3724 2013 διεξέλθοι
3751 1947 3820 1999 τά

2237 2047 2457 2116 μακρᾶς
2485 2044 2726 2116 ἱστορίας
2759 2043 2992 2114 δεόμενα
3013 2058 3028 2108 ;
3052 2041 3235 2117 -Ἃλλὰ
3265 2040 3317 2093 τί
3352 2041 3438 2093 ὅτι
3464 2041 3493 2092 ό
3520 2039 3821 2108 μετέπειτα
3873 2060 3882 2066 -

2234 2137 2498 2208 πρόεδρος
2521 2135 2720 2205 ἐκοτῆς
2766 2133 3041 2206 κοσμικῆς
3067 2132 3198 2203 ὕλης
3232 2131 3429 2186 θᾶττον
3473 2133 3557 2193 είς
3606 2131 3674 2183 τὸ
3725 2127 3825 2198 τῆς

2237 2226 2519 2299 ἱεραρχίας
2549 2224 2766 2294 ἀξίωμα
2801 2223 3032 2294 προϐὰς,
3065 2223 3164 2295 οὐχ
3185 2216 3296 2285 οἷός
3321 2238 3380 2276 τε
3410 2220 3638 2289 γέγονεν
3663 2221 3826 2292 ὑπερ·

2239 2317 2484 2389 μαχῆσαι
2565 2315 2765 2378 ἱκανῶς
2816 2313 2912 2368 τοῦ
2983 2314 3338 2384 πνεύματος;
3411 2311 3703 2365 Ἐντεῦθεν
3755 2315 3824 2366 τὰ

2237 2409 2532 2462 σκάνδαλαι
2593 2407 2801 2461 ἐκεῖθεν
2825 2405 2922 2460 καὶ
2957 2407 3027 2459 τὰ
3055 2406 3158 2478 ἤδη
3189 2406 3531 2476 ταράττοντα
3591 2405 3702 2476 τὴν
3735 2407 3821 2458 ai-

2235 2499 2352 2552 τίαν
2381 2498 2620 2569 εἴληφεν.
2637 2499 2826 2569 Ὑμεῖς
2851 2497 2950 2568 μὲν
2974 2493 3091 2563 οὖν,
3108 2498 3334 2562 ὃπωςτὰ
3353 2497 3492 2568 πρὸς
3506 2498 3672 2552 αὑτὸν
3684 2497 3830 2569 llo:-

2235 2605 2317 2655 τε,
2345 2589 2480 2642 ῐστε.
2497 2589 2686 2658 Ἡμεῖς
2713 2586 2994 2658 δὲ,ὲπειδῆ
3008 2588 3068 2641 ὲν
3084 2587 3160 2659 τῷ
3175 2588 3337 2658 μέρει
3363 2587 3471 2642 τῶν
3496 2589 3556 2641 ὲν
3581 2589 3828 2658 χρήμασι

2237 2678 2721 2750 χειροτονηθέντων
2749 2678 3026 2749 ἠκούομεν
3043 2678 3172 2750 παρ’
3197 2679 3364 2732 αὑτοῦ
3392 2679 3469 2750 μὴ
3498 2679 3826 2749 προσίεσθαι

2237 2769 2435 2833 αὐτοὺς
2463 2770 2544 2832 εἰς
2562 2770 2868 2836 κοινωνίαν,
2898 2768 3108 2840 κᾶνούχ
3137 2768 3310 2834 οὕτως
3336 2771 3652 2834 ὑπενοεῖτο,
3692 2787 3828 2837 συμ-

2240 2861 2405 2932 φέρον
2433 2861 2759 2932 ἡγησάμεθα
2790 2861 2880 2916 διὰ
2901 2861 2961 2914 τὸ
2989 2861 3087 2933 τῆς
3116 2863 3341 2934 εἰρήνης
3371 2861 3536 2916 καλὶν
3566 2863 3670 2932 τὴν
3696 2865 3828 2934 πρὸς

2237 2954 2401 3009 αὑτὸν
2437 2954 2692 3025 ὁμόνοιαν
2727 2972 2742 2988 ·
2799 2953 3038 3024 ἐπείπερ
3099 2952 3236 3024 φησὶ
3289 2955 3385 3008 καὶ
3445 2956 3475 3007 ὁ
3525 2952 3824 3022 Θεολόγοςο

565 3047 729 3111 hanc,
757 3047 937 3118 quoad
966 3047 1108 3112 licet,
1148 3046 1604 3117 propendendum
1638 3056 1744 3112 est,
1791 3059 1852 3104 ut
1880 3049 2138 3105 etTheo-

2243 3048 2386 3112 Ἕως
2414 3047 2555 3112 ἐξὸν,
2587 3046 2910 3102 ἁποκλιτέον
2946 3047 3081 3118 πρὸς
3109 3046 3337 3118 ταύτην.
3363 3047 3478 3100 Kal
3504 3041 3567 3100 οὗ
3622 3046 3690 3100 τὸ
3739 3047 3828 3099 λυ-

563 3138 721 3211 logus
767 3139 848 3194 ait
870 3139 951 3206 "°;
987 3153 1052 3192 ac
1090 3138 1186 3193 ubi
1225 3138 1548 3194 oﬂ‘ensionis
1601 3139 1841 3211 suspicio
1881 3150 1988 3206 est,
2021 3156 2140 3195 me-

563 3224 672 3279 lius
699 3233 784 3279 est
832 3223 1090 3279 assentiri
1146 3240 1309 3294 quam
1366 3227 1709 3296 pertinacem
1756 3243 1902 3284 esse.
1952 3227 2141 3300 Neque

565 3331 698 3369 vero
745 3315 847 3384 ipsi
886 3330 985 3370 vos
1031 3316 1098 3369 de
1157 3315 1499 3372 conscientia
1556 3315 1737 3374 veStra
1793 3321 2140 3392 depellimus.

571 3406 786 3476 Vosque
811 3405 1052 3461 vicissim
1093 3405 1147 3462 id
1183 3423 1216 3462 a
1246 3409 1408 3464 nobis
1441 3409 1495 3464 in
1515 3425 1576 3466 re
1603 3411 1746 3468 haud
1784 3414 2006 3483 penitus
2027 3430 2142 3470 ma-

568 3495 770 3550 nifesta
795 3509 869 3551 ne
906 3494 1144 3566 exigite:
1181 3497 1627 3568 quandoquidem
1673 3509 1729 3556 et
1779 3495 2033 3572 persona,
2085 3513 2144 3560 et

568 3599 807 3659 tempus,
849 3595 903 3642 et
937 3585 1274 3657 experientia
1303 3591 1598 3648 conciliare
1638 3593 1775 3649 solet
1802 3609 1922 3661 eos,
1950 3596 2044 3666 qui
2073 3596 2142 3653 de

568 3681 763 3737 iisdem
789 3679 958 3737 "rebus
987 3696 1097 3736 non
1120 3672 1310 3738 eadem
1341 3677 1668 3741 Sentiebant.
1973 3683 1976 3685 λ
2132 3679 2134 3682 ’

639 3771 748 3828 Sed
792 3765 1052 3844 quorsum
1096 3767 1201 3850 ista
1236 3773 1301 3828 ad
1355 3771 1598 3830 divinum
1659 3776 1989 3833 Germanum
2047 3795 2140 3835 re-

567 3861 774 3933 gressio
803 3863 825 3916 ?
855 3869 914 3916 ut
941 3861 1067 3916 inde
1093 3876 1319 3932 prorsus
1364 3863 1638 3920 ordinatio
1659 3877 1959 3937 repetatur.
1999 3867 2139 3936 Quid

565 3953 735 4020 enim,
763 3954 830 4009 de
862 3951 1036 4008 tribus
1065 3953 1158 4022 qui
1215 3951 1490 4026 interiecti
1553 3956 1774 4013 fuerunt
1820 3959 2089 4015 haereticis
2117 3959 2140 4013 ?

566 4045 822 4099 nullusne
873 4048 979 4109 est,
1007 4030 1097 4114 qui
1146 4036 1216 4096 ab
1247 4043 1354 4098 illis
1379 4043 1662 4102 ordinatus
1689 4063 1798 4102 non
1825 4048 2011 4112 fuerit,
2044 4058 2140 4104 aut

565 4137 635 4191 ab
667 4136 733 4191 iis
761 4151 901 4208 quos
949 4131 1026 4190 illi
1059 4135 1402 4201 ordinar'ant,
1430 4138 1748 4194 transmissa
1772 4155 1936 4210 porro
1965 4157 2138 4211 usque

566 4225 636 4282 ad
669 4226 952 4281 Tarasi‘um
983 4227 1371 4282 ordinatione?
1407 4228 1581 4292 Quam
1623 4231 1782 4285 multi
1825 4245 1890 4284 ex
1924 4231 2138 4286 oriente

569 4324 625 4370 et
652 4316 938 4370 occidente
964 4313 1020 4371 'et
1046 4317 1303 4386 aquilone
1327 4327 1382 4373 et
1406 4319 1542 4372 mari
1568 4317 1842 4376 venerunt
1870 4321 1963 4376 illo
1996 4330 2137 4376 tem-

2247 3138 2384 3217 ποῦν
2425 3139 2673 3205 ὑπόνοια,
2733 3138 2939 3210 βέλτιον
2981 3141 3081 3210 τῆς
3115 3138 3405 3204 αὐθαδείας
3457 3141 3491 3212 ἡ
3546 3142 3828 3209 συγκατά·

2245 3232 2415 3296 θεσις.
2444 3231 2558 3287 Kal
2583 3231 2709 3286 οὔτε
2739 3234 2902 3304 ἡμεῖς
2929 3232 3274 3304 καθέλκομεν
3305 3233 3452 3303 ὑμᾶς
3497 3233 3598 3304 τῆς
3651 3251 3833 3288 συνειο

2241 3321 2452 3392 δήσεως
2483 3338 2500 3354 ·
2534 3313 2659 3395 μηδ’
2683 3323 2843 3377 αὐτοὶ
2869 3323 3198 3396 άπαιτοίητε
3219 3326 3369 3396 ἡμᾶς
3398 3323 3498 3396 τῆς
3522 3325 3585 3379 ού
3609 3343 3829 3397 προ-,ραι

2242 3413 2370 3491 νοῦς
2404 3417 2536 3486 ἡμῖν
2583 3415 2934 3486 διαγνώσεως
2957 3417 3194 3488 ’ἐπειδὴ
3241 3419 3337 3471 καὶ
3381 3418 3681 3490 πρόσωπον
3740 3419 3833 3474 καὶ

2242 3507 2434 3583 χρόνος
2463 3507 2560 3562 καὶ
2591 3510 2757 3580 πεῖρα
2782 3507 3126 3563 διαλλάττειν
3161 3511 3307 3564 ποιεῖ
3331 3511 3458 3576 τοὺς
3495 3511 3572 3584 μὴ
3596 3512 3700 3566 ἐπὶ
3722 3512 3832 3567 τῶν

2241 3598 2424 3653 αὐτῶν
2448 3599 2711 3666 ὡσαύτως
2739 3601 3074 3672 φθάσαντας.

2323 3778 2486 3834 Ἀλλὰ
2510 3779 2595 3844 τίς
2618 3782 2647 3836 ό
2677 3781 2816 3854 πρὸς
2844 3783 2936 3838 τὸν
2963 3783 3107 3839 θεῖον
3134 3785 3415 3858 Γερμανδν
3447 3790 3825 3866 άναποδισμδς

2241 3869 2339 3925 καὶ
2362 3871 2422 3924 τὸ
2450 3872 2659 3926 ἐκεῖθεν
2689 3876 2753 3928 ὲκ
2775 3875 2977 3940 παντὸς
3004 3877 3190 3948 ζητεῖν
3215 3879 3316 3952 τὴν
3342 3883 3684 3954 χειροτονίαν
3713 3903 3731 3951 ;
3762 3887 3830 3947 Τί

2239 3963 2350 4034 γὰρ
2371 3965 2464 4018 καὶ
2478 3966 2526 4018 οἱ
2539 3965 2596 4018 ιν
2614 3967 2764 4037 μέσῳ
2787 3969 2935 4040 τρεῖς
2954 3969 3253 4041 αἱρετικοί;
3278 3975 3379 4028 οὑκ
3395 3975 3510 4030 ἐστι
3539 3995 3627 4042 τις
3644 3980 3723 4049 μὴ
3741 3966 3830 4033 ὑπ’

2238 4052 2420 4138 αὐτῶν
2448 4056 2869 4128 χειροτονηθεὶς,
2901 4056 2934 4129 ἢ
2961 4060 3147 4114 ἐκτῶν
3161 4062 3300 4133 πρὸς
3315 4065 3496 4119 αὐτῶν
3521 4083 3830 4138 χειροτονη-

2241 4136 2462 4232 θέντων,
2507 4148 2649 4202 κατὰ
2679 4149 2900 4204 κάθοδον
2933 4153 3097 4224 μέχρι
3129 4155 3405 4226 Ταρασίου
3454 4136 3831 4233 ἀμειϐομένης

2238 4236 2338 4306 τῆς
2367 4240 2737 4308 χειροτονίας;
2770 4241 2934 4296 Πόσοι
2964 4244 3030 4309 ἐξ
3059 4247 3342 4302 ἀνατολῶν
3373 4249 3468 4302 καὶ
3490 4249 3717 4322 δυσμῶν
3733 4255 3828 4308 καὶ

2243 4325 2416 4398 βορρᾶ
2447 4329 2545 4384 καὶ
2567 4329 2842 4402 θαλάσσης
2870 4333 3074 4404 ἧκασιν
3123 4337 3183 4390 ὲν
3208 4337 3288 4410 τῷ
3318 4338 3549 4409 μεταξὺ,
3584 4343 3684 4396 καὶ
3710 4359 3830 4396 aw-

568 4407 1334 4482 poris‘spatio,‘psusceptoque
1388 4409 1693 4464 Sacerdotio
1747 4411 2005 4467 Ecclesia:
2033 4428 2138 4468 no-

2243 4421 2494 4491 ηφθησαν
2530 4421 2619 4476 διὰ
2678 4425 2961 4488 κοινωνίας
3010 4429 3077 4498 τῇ
3139 4407 3269 4482 καθδ
3320 4407 3470 4502 ἦμᾶς
3533 4431 3830 4506 Ἐκκλησία⁵

569 4497 706 4554 ειηε
747 4511 842 4568 per
902 4498 1346 4554 Communionem
1399 4497 1677 4568 conjuncti
1739 4498 2015 4556 luerunt?
2075 4501 2142 4558 Et

566 4605 730 4660 quam
761 4589 920 4644 multi
980 4589 1378 4659 sine'pecunia
1437 4589 1674 4644 ordinati
1719 4597 1848 4645 tum
1896 4591 2140 4660 fuerunt,

567 4681 1023 4750 ordinarunt'que,
1054 4679 1304 4750 quamvis
1333 4679 1522 4758 forent
1545 4680 1788 4736 haeretici
1813 4681 1838 4735 ?
1869 4681 1962 4738 Dei
1983 4684 2145 4740 unius

566 4781 654 4830 est
680 4773 798 4829 haec
824 4773 1008 4828 omnia
1058 4788 1243 4837 nosse,
1282 4787 1393 4827 non
1465 4765 1672 4829 autem'
1706 4774 1947 4830 hominis
1998 4775 2145 4831 aliir-

568 4878 762 4919 mare:
795 4875 1096 4934 omnesque
1153 4871 1442 4935 propterea
1524 4865 1802 4935 depositas
1871 4867 2144 4924 arbitrari.

569 4955 694 5008 Sed
733 4955 992 5023 quoniam
1043 4953 1297 5011 homines
1352 4957 1564 5021 sumus,
1620 4957 1901 5012 hominum
1969 4974 2145 5026 more,

570 5057 777 5113 quaeso,
834 5059 925 5098 res
959 5045 1356 5114 inSpiciamus:
1391 5061 1460 5102 eo
1493 5047 1642 5116 quod
1689 5047 1856 5104 homo
1909 5049 2140 5115 vultum,

571 5135 714 5192 Deus
744 5149 998 5191 verocor
1026 5137 1270 5192 intuetur
1299 5137 1378 5193 ηε
1414 5151 1478 5194 ac
1509 5127 1853 5197 solummodo
1897 5141 2146 5214 exigatur

567 5225 682 5281 oris
734 5225 1029 5292 confessio,
1066 5229 1286 5296 quando
1327 5244 1448 5284 eam
1494 5231 1714 5286 mentiri
1753 5247 1866 5286 non
1926 5233 2140 5304 liquet:

567 5316 870 5372 secundum
894 5329 1056 5388 quam
1090 5325 1146 5372 et
1171 5317 1425 5376 Tarasius
1453 5319 1852 5377 ordinationem
1871 5323 2143 5393 suscepit:

567 5408 644 5462 ob
668 5400 833 5479 quam
871 5416 928 5463 et
976 5407 1078 5463 viri
1101 5415 1109 5424 "
1130 5408 1416 5480 diligentes
1472 5415 1538 5466 ac
1587 5409 1828 5482 religiosi
1875 5412 1969 5482 qui
2024 5424 2138 5467 tum

567 5507 745 5562 erant,
771 5507 852 5556 ,ει
881 5497 1106 5554 Tarasio
1135 5513 1195 5554 se
1219 5499 1628 5570 coniunxerunt
1657 5509 1713 5556 et
1757 5516 1881 5557 cum
1912 5517 1977 5557 eo
2003 5517 2138 5558 con-

569 5585 904 5640 senserunt:
937 5595 1257 5658 et-repente
1299 5595 1423 5658 post
1459 5587 1722 5659 synodum
1749 5589 2136 5647 discessionem

649 5718 871 5795 "Greg.
910 5725 1065 5792 Naz.,
1092 5737 1231 5784 orat.
1263 5727 1348 5795 M,
1386 5743 1510 5800 pag.
1541 5727 1669 5785 223.
1749 5731 1793 5819 ’ς’
1819 5731 1836 5784 Ι
1864 5729 1994 5801 Reg.
2030 5748 2141 5801 xvi,
2175 5736 2228 5792 7.

2251 4513 2548 4584 ίερωμένοι
2575 4530 2590 4580 ;
2621 4515 2734 4568 Kal
2759 4515 2875 4570 ὅσοι
2909 4519 3040 4573 ἄνευ
3096 4523 3394 4594 χρημάτων
3445 4529 3705 4598 τηνικάδε
3738 4515 3828 4584 κε-

2246 4603 2674 4675 χειροτόνηνται,
2701 4609 2797 4662 καὶ
2825 4614 3328 4685 κεχειροτονήκασι,
3363 4616 3468 4672 κᾶν
3537 4621 3826 4692 ᾑρέτιζον;

2249 4694 2437 4785 Ταῦτα
2463 4696 2643 4785 πάντα
2669 4697 2824 4785 ρεοῢ-
2845 4700 3008 4770 μόνου
3033 4703 3346 4775 γινώσκειν,
3367 4709 3464 4762 καὶ
3492 4710 3593 4765 οὐκ
3623 4713 3829 4785 ἀνθρὼ-

2251 4797 2356 4872 που
2381 4781 2847 4841 διαϐεϐαιοῦσθαι.
2882 4787 2993 4841 Kal
3025 4788 3115 4842 διὰ
3145 4792 3304 4845 τοῦτο
3331 4793 3548 4859 πάντας
3578 4781 3828 4872 καθῃρη-

2259 4871 2458 4942 μένους
2481 4873 2910 4946 ὑπολαμϐάνειν.
2946 4875 3088 4933 Ἀλλ’
3114 4882 3240 4936 ἐπεὶ
3268 4883 3550 4957 ἄνθρωποι
3580 4929 3596 4955 ,
3626 4871 3708 4952 ὡς
3740 4891 3830 4944 ἄν·

2252 4963 2484 5034 θρωποι,
2514 4969 2842 5038 παρακαλῶ,
2881 4971 2950 5026 τά
2986 4972 3296 5044 πράγματα
3321 4978 3637 5048 κατίδωμεν
3657 4999 3673 5011 ο
3699 4982 3828 5035 διότι

2250 5055 2536 5125 ἄνθρωπος
2566 5059 2650 5123 είς
2680 5062 2996 5132 πρόσωπον,
3035 5065 3168 5128 Θεὸς
3192 5067 3250 5120 δὲ
3309 5070 3391 5134 είς
3439 5071 3674 5143 καρδίαν
3709 5075 3827 5145 δρᾷ.

2252 5145 2348 5198 καὶ
2387 5149 2418 5216 ὴ
2469 5147 2559 5203 διὰ
2618 5151 2905 5223 στόματος,
2939 5156 3205 5228 ὁμολογία
3252 5161 3414 5230 μόνον
3469 5163 3826 5228 ἀπαιτεῖσθω,

2241 5237 2415 5308 ’ἡνίκα
2444 5239 2512 5294 ἂν
2543 5241 2618 5314 μὴ
2651 5246 2952 5316 προφανῶς
3001 5248 3362 5321 διαψεύδηται
3384 5269 3400 5284 ο
3435 5252 3561 5307 καθ’
3615 5255 3686 5324 ἢν
3739 5254 3829 5308 καὶ

2255 5329 2532 5401 Ταράσιος
2560 5334 2660 5406 τὴν
2694 5341 3032 5409 χειροτονίαν
3059 5341 3313 5410 ὲδέξατοτ
3349 5340 3488 5419 ἐφῗῇ
3511 5345 3607 5406 καὶ
3636 5349 3687 5407 οἱ
3710 5346 3827 5412 τότε

2243 5421 2486 5494 ζηλωταὶ
2517 5429 2612 5482 καὶ
2640 5429 2910 5502 ἀκριϐεῖς,
2940 5435 3034 5488 καὶ
3089 5436 3352 5508 συνῆλθον
3399 5437 3661 5510 Ταρασίῳ
3685 5477 3702 5500 ,
3736 5439 3828 5492 καὶ

2240 5513 2678 5589 ὡμογνωμόνουν
2697 5537 2711 5552 ·
2750 5523 2846 5576 καὶ
2874 5525 3068 5590 θᾶττον
3101 5527 3239 5596 μετὰ
3265 5529 3366 5599 τὴν
3403 5528 3622 5581 σύνοδον
3652 5529 3827 5600 διηνέ-

2241 5602 2450 5674 χθησαν
2485 5608 2620 5680 πρὸς
2649 5613 2713 5682 τῇ
2774 5613 3053 5686 παραδοχῇ
3091 5618 3212 5670 κατ’
3241 5618 3441 5683 αὐτοὺς
3484 5618 3581 5688 τῆς
3610 5619 3672 5673 ὲν
3693 5618 3824 5688 χρή-
