4044 6366
255 384 389 448 1105

1450 384 2014 448 'EPISTOLARUM
2048 384 2196 444 LIB.
2221 382 2278 444 Ἰ.
2301 397 2304 400 ’

3368 388 3518 451 1166.

254 514 388 568 μασι
420 492 755 564 χειροτονίας
775 509 789 524 ·
837 492 934 548 καλ⁸
957 492 1026 546 δι’
1057 493 1192 550 ἄλλα
1217 495 1344 548 τινὰ
1364 494 1678 566 ζητήματα.
1719 494 1818 548 Ἂν

1923 494 2194 557 fecerunt,
2223 490 2294 546 oh
2329 498 2662 559 susceptam,
2699 497 2759 543 ut
2816 488 2950 558 ipsis
2983 488 3162 546 visum
3192 495 3297 559 est,
3335 508 3504 562 pecu-

249 587 407 641 τοῦτὸ
427 603 487 653 γε
513 583 658 640 οὕτω
685 577 868 656 δοκοίη
903 581 964 640 εὖ
995 586 1140 656 ἔχειν
1185 587 1280 640 καὶ
1331 587 1458 658 ὑμῖν
1491 603 1505 630 .'
1535 588 1630 640 καὶ
1683 586 1826 656 πρὸς.

247 677 309 732 τὸ
345 676 468 746 ἑξῆς
501 672 851 744 βαδιούμεθα.
883 674 1070 728 Ταῦτα
1098 675 1207 745 γὰρ
1253 676 1349 729 καὶ
1383 675 1491 729 ἀπὸ
1542 676 1820 746 Ταρασίου

250 767 416 840 μέχρι
452 766 545 820 τοῦ
577 765 736 837 δεῦρο
763 767 1111 838 λεχθήσεται.
1142 767 1208 821 Τί
1236 769 1292 822 δὲ
1313 767 1374 821 τὸ
1401 767 1819 838 συμπέρασμα;

247 860 321 913 To
349 858 456 912 ἀπὸ
490 856 691 921 παντὸς
724 857 917 930 ἱερέως
954 858 1313 930 ἀδιαδλήτου,
1350 859 1490 912 κατὰ
1519 857 1610 914 τὸν
1637 858 1824 912 Θεολό-

247 968 342 1018 γον
369 950 462 1004 καὶ
483 949 890 1021 Χρυσόστομον,
927 949 1200 1020 μετέχειν.
1235 950 1293 1004 '0
1322 951 1428 1020 μὲν
1455 950 1584 1022 γὰρ,
1616 949 1780 1022 φησίν
1803 966 1820 983 ο

250 1044 431 1097 Ἔστω
478 1059 562 1096 σοι
596 1043 703 1106 πᾶς
732 1040 1046 1105 ἀξιόπιστος
1077 1043 1158 1104 εἰς
1195 1041 1298 1111 τὴν
1329 1027 1623 1113 κάθαρσιν,
1659 1041 1822 1113 μόνον

245 1132 386 1186 ἔστω
444 1147 530 1195 τις
590 1131 701 1186 τῶν
760 1130 1048 1202 ὲγκρίτων,
1101 1131 1197 1186 καὶ
1244 1131 1320 1202 μὴ
1374 1131 1654 1202 προδήλως
1698 1147 1824 1186 κατ-

243 1222 622 1293 εγνωσμένων,
641 1222 778 1294 μηδὲ
808 1222 917 1275 τῶν
932 1222 1031 1292 τῆς
1052 1221 1286 1285 πίστεως
1301 1221 1618 1293 ἀλλοτρίων.
1656 1224 1716 1276 '0
1735 1222 1816 1287 δὲ,

245 1313 645 1386 Περιεργάζου,
673 1313 1122 1384 πολυπραγμόνει
1142 1330 1157 1346 υ
1215 1314 1275 1367 ού
1339 1313 1447 1385 γὰρ
1482 1313 1763 1378 ἀκίνδυνος
1784 1315 1818 1384 ή

241 1405 592 1471 ἀνεξέταστος
624 1404 902 1460 κοινωνία.
938 1405 1076 1477 Περὶ
1105 1404 1212 1482 γὰρ
1245 1403 1502 1476 μεγάλων
1553 1407 1582 1460 ὁ
1638 1405 1824 1460 κίνδυο

243 1513 354 1562 νος.

322 1754 743 1829 Ἐκζητὴσωμεν
781 1747 976 1814 ’τοίνυν
1028 1761 1125 1814 καὶ
1194 1759 1817 1836 πολυπραγμονήσωμεν

238 1848 368 1919 παρ’
402 1841 464 1900 οὒ
500 1847 789 1918 ὀφείλομεν
828 1848 1160 1918 κοινωνῆσαι
1195 1865 1212 1880 ·
1247 1850 1297 1904 εί
1334 1849 1435 1920 τὴν
1466 1849 1652 1902 πίστιν
1683 1850 1817 1918 δμο-

237 1933 428 2004 λογοίη
450 1933 638 2004 ὀρθὴν,
670 1935 720 1988 εἰ
750 1933 826 2004 μὴ
849 1935 1097 2006 χρήμασι
1141 1924 1582 2009 κεχειροτόνηται
1608 1954 1623 1969 ·
1665 1938 1714 1991 εί
1740 1939 1815 2009 μή

238 2041 290 2077 τι
343 2023 475 2078 ἄλλο
510 2024 619 2078 τῶν
670 2025 815 2079 κατὰ
863 2025 958 2079 τὸν
993 2026 1108 2097 βίον
1135 2029 1303 2082 αὐτοῦ
1355 2028 1817 2099 ὑποπτευομένων

161 2116 166 2119 ⁷
238 2115 331 2168 καὶ
361 2114 721 2186 ἠκουσμένων
752 2115 1064 2186 σφαλερῶν,
1093 2117 1316 2188 ἀληθές.
1345 2118 1410 2170 Εί
1469 2117 1525 2172 δὲ
1577 2118 1661 2173 ὅτι
1717 2118 1818 2188 τὴν

157 2195 160 2200 ’
237 2209 580 2279 χειροτονίαν
631 2209 1015 2281 καταγομένην
1035 2209 1158 2281 ἔχει
1190 2211 1302 2264 ἀπὸ
1325 2211 1420 2264 τοῦ
1449 2210 1645 2277 δεῖνος,
1703 2211 1816 2264 είτε

239 2297 298 2362 ἐξ
347 2297 651 2369 αίρετικοῦ,
687 2300 797 2351 εἴτε
823 2301 889 2352 ὲκ
917 2301 1549 2372 χρηματοχειροτονήτου
1574 2317 1588 2332 ο
1653 2300 1819 2365 αὐτὸς

235 2389 292 2443 δὲ
319 2388 448 2444 οὒτε
503 2391 800 2462 αἱρετικδςλ,
833 2390 960 2444 οὔτε
1003 2394 1061 2445 ὲν
1103 2392 1306 2461 γνώσει
1359 2395 1427 2447 ὲκ
1459 2393 1819 2466 χρηματολή-

239 2498 394 2545 πτου,
428 2480 530 2534 εἶτ’
573 2482 667 2536 οὖν
715 2481 1071 2554 Σιμωνιανοῦ,
1104 2485 1617 2556 κεχειροτονημένος
1640 2500 1656 2516 ⁶
1686 2487 1816 2554 ὀμο-

237 2573 421 2644 λογοίη
451 2574 494 2626 δ’
529 2574 681 2646 ὅμως
703 2575 804 2646 τὴν
831 2575 1012 2628 πᾶσαν
1043 2575 1326 2648 ἀλήθειαν,
1384 2577 1484 2648 τήν
1524 2593 1584 2630 τε
1632 2577 1816 2632 πίστιν

238 2663 527 2731 φυλάττειν
555 2664 650 2718 καὶ
675 2665 801 2729 τοὺς
833 2665 1066 2731 κανόνας
1085 2665 1516 2739 ἀπαρατρώτους
1543 2683 1561 2702 ο
1587 2669 1715 2734 τούς
1746 2687 1809 2724 τε

238 2754 359 2808 κατ’
414 2755 711 2828 ἀμφότερα
732 2758 1300 2830 παρατετραμμένους
1330 2758 1772 2831 αποὸαλλόμενος
1798 2777 1814 2793 ⁸

238 2845 416 2910 οὐδεὶς
451 2849 585 2918 ἡμῖν
610 2846 765 2916 λόγος
789 2847 1004 2918 ἀποχῆς
1054 2849 1192 2921 πρὸς
1215 2850 1398 2904 αὐτόν.
1465 2849 1816 2920 ’Λκατάγνω-

240 2951 361 2997 στος
395 2935 521 3004 ’γὰρ
545 2935 574 2987 ὁ
609 2935 849 2999 τοιοῦτος
906 2936 1047 2990 κατὰ
1109 2938 1238 3000 τοὺς
1280 2937 1816 3010 ,προδεδηλωμένους

239 3025 452 3093 ἁγίους,
489 3025 584 3078 καὶ
622 3025 688 3078 δι’
715 3024 896 3079 αὐτῶν
943 3027 1087 3080 κατὰ
1131 3027 1366 3091 πάντας.
1421 3026 1582 3082 Οὕτω
1634 3028 1817 3094 τοίνυν

1924 583 2153 639 niariam
2179 580 2601 644 ordinationem,
2627 588 2691 644 et,
2714 579 2846 636 alias
2865 582 3502 658 quasdamquzestiones.

1926 674 1982 730 Si
2016 675 2120 729 hoc
2145 673 2304 732 vobis
2345 672 2536 739 etiam,
2573 681 2720 727 recte
2771 671 2975 728 habere
3019 671 3305 733 sidentur:
3336 673 3404 727 ad
3438 687 3509 728 ea

1922 781 2046 836 quae
2079 771 2384 834 sequuntur
2407 777 2717 833 pergamus.
2754 759 3016 818 Dicentur
3043 763 3192 818 enim
3225 773 3281 819 et
3298 778 3362 819 ea
3381 779 3508 834 quae

1924 864 2048 928 post
2079 856 2364 911 Tarasium
2394 855 2722 925 hucusque.
2751 853 2890 920 Quid
2918 864 3098 910 autem
3122 871 3192 911 ex
3229 856 3316 911 his
3347 855 3502 911 colli-

1921 948 2104 1020 gitur?
2133 947 2204 1005 Ut
2231 964 2261 1004 a
2289 962 2620 1018 quocunque
2651 948 2934 1005 sacerdote
2965 948 3506 1020 quireprehensione

1921 1050 2097 1107 vacet,
2129 1055 2195 1096 ex
2224 1039 2489 1112 Theologi
2511 1048 2568 1094 et
2590 1039 2963 1110 Chrysostomi
3013 1039 3306 1104 sententia,
3350 1055 3420 1096 ne
3449 1049 3505 1095 te

1922 1147 2211 1204 segreges.
2231 1131 2392 1194 Nam”
2415 1131 2508 1186 ille
2558 1130 2778 1200 quidem
2813 1131 2891 1186 ait
2922 1147 2934 1183 :
2987 1131 3224 1197 Quilibet
3262 1132 3357 1187 tibi
3384 1131 3506 1188 idoo

1921 1237 2058 1279 neus
2085 1232 2204 1280 esto
2221 1223 2291 1278 ad
2316 1222 2719 1294 purgationem,
2750 1223 3050 1279 dummodo
3081 1223 3154 1279 sit
3199 1239 3267 1278 ex
3299 1225 3500 1294 proho-

1921 1332 2042 1380 rum
2073 1330 2325 1381 numero,
2354 1330 2465 1370 non
2495 1331 2560 1370 ex
2587 1315 2858 1371 damnatis
2885 1316 3197 1382 manifesto,
3224 1333 3405 1387 neque
3435 1335 3501 1372 ex

1920 1407 1990 1462 iis
2017 1406 2112 1475 qui
2139 1421 2170 1460 a
2199 1404 2306 1460 ﬁde
2334 1415 2464 1460 sunt
2491 1405 2681 1470 alieni.
2722 1404 2823 1462 Hic
2852 1421 2983 1460 vero
3019 1407 3095 1460 ait
3120 1424 3136 1460 :
3186 1405 3405 1480 Satage,
3445 1416 3503 1463 et

1919 1493 2080 1548 anxie
2101 1492 2356 1563 inquire:
2391 1508 2500 1548 non
2533 1481 2679 1548 enim
2729 1494 2974 1563 periculo
3021 1505 3182 1552 vacat
3226 1511 3348 1566 qua:
3381 1498 3500 1558 sine

1923 1584 2282 1655 inquisitione
2340 1584 2402 1641 ﬁt
2445 1587 2784 1642 communio.
2835 1585 2912 1642 De
2955 1602 3016 1643 re
3056 1588 3258 1660 quippe
3303 1605 3498 1662 magna

1919 1677 2276 1748 periculum»
2879 1743 2882 1748 .
2913 1742 2918 1748 .
2972 1744 2980 1752 .

1989 1755 2382 1838 Investigemus
2433 1759 2574 1839 ergo
2613 1778 2670 1824 et
2723 1769 2957 1826 sollicite
3002 1770 3176 1826 simus
3213 1787 3340 1838 cum
3388 1789 3500 1844 quo

1921 1857 2080 1913 nobis
2101 1857 2617 1913 communicandum
2665 1858 2756 1925 sit,
2783 1875 2915 1912 num
2941 1868 3147 1915 rectam
3180 1861 3340 1916 Iidem
3369 1879 3498 1931 pro-

1919 1945 2139 2001 ﬁteatur
2163 1963 2178 2012 ;
2209 1946 2596 2018 num-pecunia
2625 1947 2697 2002 sit
2718 1949 3003 2003 ordinatus
3028 1967 3042 2015 ;
3071 1951 3317 2020 nunquid
3349 1952 3500 2007 aliud

1918 2053 2132 2102 eorum,
2161 2052 2284 2108 qua:
2313 2037 2466 2092 illum
2497 2036 2554 2091 in
2615 2037 2724 2093 vita
2759 2039 3102 2096 commisisse
3139 2042 3224 2095 vel
3263 2043 3500 2112 suspicio

1919 2131 2003 2184 vel
2031 2129 2170 2184 fama
2215 2136 2322 2192 est,
2368 2144 2561 2185 verum
2586 2129 2688 2200 sitq
2710 2128 2766 2184 Si
2813 2138 2996 2185 autem
3041 2132 3170 2202 quia
3206 2132 3500 2190 deductam

1921 2216 2084 2278 habet
2106 2215 2509 2272 ordinationem
2541 2217 2610 2280 ab
2637 2217 2823 2288 aliquo
2850 2219 3111 2275 haeretica
3141 2237 3252 2276 seu.
3271 2239 3374 2293 per
3401 2239 3498 2292 pe-

1919 2305 2138 2361 cuniam
2167 2305 2418 2362 ordinato
2445 2323 2460 2372 ;
2485 2321 2619 2378 cum
2649 2306 2768 2376 ipse
2799 2307 3024 2364 interim
3061 2326 3164 2366 nec
3207 2311 3501 2366 haereticus

1920 2395 2120 2463 sit,nec
2139 2396 2322 2452 sciens
2343 2393 2710 2454 ordinatus'ah
2733 2400 2953 2456 homine
2977 2403 3207 2472 pecunia
3217 2413 3495 2473 corrupto,

1919 2487 1973 2542 id
1999 2497 2084 2543 est
2115 2485 2458 2544 Simouiaco:
2489 2505 2708 2548 omnem
2737 2493 3233 2562 autemveritatem
3250 2505 3306 2551 et
3335 2495 3496 2550 ﬁdem

1921 2586 1976 2632 et
2005 2591 2244 2633 canones
2276 2578 2514 2635 illibalos
2546 2595 2766 2637 servare
2804 2583 3144 2652 proﬁteatur,
3183 2593 3238 2639 et
3283 2600 3378 2640 eos
3403 2585 3496 2656 qui

1918 2669 2180 2726 alterutro
2209 2669 2504 2726 deﬂectunt
2537 2673 2762 2743 rejicere
2805 2691 2822 2746 ,ε
2841 2735 2846 2742 _
2868 2675 3020 2730 nulla
3050 2676 3204 2732 nobis
3253 2678 3391 2734 ratio
3417 2689 3501 2734 est

1917 2759 1986 2833 ab
2024 2759 2116 2816 illo
2138 2761 2475 2818 discedendi.
2497 2761 2545 2816 ls
2563 2763 2708 2818 enim
2729 2757 3162 2835 iuculpatus'est,
3186 2767 3339 2837 juxta
3371 2784 3500 2824 san-

1918 2855 2036 2901 ctos
2063 2847 2226 2901 modo
2259 2847 2526 2915 laudatos,
2555 2859 2611 2904 et
2639 2839 2736 2920 per
2765 2852 2885 2907 illos
2915 2856 3072 2924 juxta
3097 2857 3343 2912 omnium
3373 2873 3500 2913 sen-

1927 2937 2182 2992 tentiam.
2221 2937 2313 2994 Sic
2340 2955 2469 3012 ergo
2500 2950 2554 2997 et
2606 2957 2707 2998 nos
2736 2947 3228 3013 communicamus,
3257 2957 3314 3004 et
3346 2951 3500 3004 vobis

1917 3033 1980 3078 ut
2009 3023 2150 3079 idem
2179 3025 2391 3082 faciatis
2417 3039 2671 3086 auctores
2692 3046 2900 3088 sumus.
2934 3035 3175 3104 Alioqui,
3197 3037 3243 3092 si
3267 3038 3502 3108 amplius

237 3119 328 3171 καὶ
367 3118 760 3187 κοινωνοῦμεν,
802 3118 1050 3189 καὶύμῑν
1077 3119 1248 3172 ταυτὺ
1280 3122 1453 3173 ποιεῖν
1508 3119 1814 3192 συμϐεϐου-

1924 3116 2250 3185 iuquiratur,
2283 3120 2668 3190 exploduntur,
2700 3132 2762 3178 ut
2787 3124 3222 3182 demonstratum
3258 3137 3366 3194 est,
3398 3129 3502 3183 Pa-

236 3208 479 3279 λεύμεθα
512 3208 670 3282 [Reg.
708 3209 828 3266 cod.
877 3211 925 3265 εί
977 3212 1078 3264 οὐκ
1106 3211 1473 3282 ἀκουσόμεθα,
1505 3213 1552 3266 si
1589 3229 1692 3266 nou
1719 3230 1819 3266 au-

237 3300 408 3374 ditis].
449 3302 604 3360 Ἐπεὶ
624 3304 671 3355 εί
703 3303 1090 3374 περισσότερον
1119 3303 1467 3376 διηρεύνηται
1487 3304 1794 3377 ,ἀποκρούε

239 3407 326 3444 ται
353 3393 478 3461 μὲν,
513 3391 590 3454 ὡς
637 3391 927 3458 δέδεικται,
959 3393 1028 3447 τὰ
1054 3393 1162 3448 τῶν
1193 3394 1450 3466 Πατέρων
1503 3393 1820 3468 παραγγέλ-

244 3501 386 3554 ματα
421 3499 436 3513 °
474 3483 798 3554 ὲκλιμπάνει
834 3484 890 3538 δὲ
936 3484 1189 3538 τοσοῦτον
1236 3485 1298 3539 τὸ
1362 3487 1462 3556 τῆς
1517 3485 1819 3557 ἱερωσύνης

239 3574 434 3646 δῶρον,
463 3574 550 3643 ὲφῗ
577 3567 696 3642 ᾧτδ
712 3575 1030 3648 Χριστιανοὶ
1063 3575 1348 3642 καλεῖσθαι
1379 3575 1576 3647 ἔχομεν
1597 3591 1612 3607 ο
1640 3576 1716 3640 ὡς
1738 3577 1818 3640 είς

243 3665 464 3735 ὲθνικὴν
492 3666 640 3736 ἡμᾶς
687 3667 1018 3735 μεταπεσεῖν
1061 3665 1319 3740 λατρείαν
1348 3681 1362 3695 ο
1395 3666 1532 3738 ὅπερ
1589 3665 1813 3720 ἄτοπον.

243 3754 382 3826 Πρὸς
413 3754 477 3808 τό
501 3770 563 3822 γε
595 3756 692 3808 καὶ
721 3755 1207 3827 ἀκριϐευομένους,
1226 3755 1376 3813 ,οὕτω
1407 3756 1544 3827 μηδὲ
1566 3757 1624 3810 έν
1657 3755 1818 3810 Δύσει

242 3845 336 3898 καὶ
368 3845 630 3916 Ἀνατολῇ
659 3847 1028 3916 ἀφικομένους
1063 3847 1338 3915 εὑρίσκειν
1361 3847 1420 3900 τὸ
1444 3847 1780 3918 ζητούμενον
1799 3885 1826 3919 ,ν

241 3937 621 4008 ἁναδρομάδην
650 3937 1099 4010 καθαιρουμένων
1130 3938 1350 3992 πάντων
1367 3937 1455 3991 διὰ
1503 3938 1604 4010 τῆς
1649 3939 1817 4011 ἀλλη-

243 4021 468 4107 λούχουί
494 4029 1031 4102 συλλειτουργήσεως
1057 4045 1072 4060 ’
1153 4029 1344 4100 ἐπειδὴ
1391 4029 1702 4101 προφανῶς
1739 4030 1816 4102 τῷ

255 4119 544 4193 Ῥωμαίων
572 4121 821 4192 προέδρῳ
856 4122 946 4174 ἐπὶ
973 4122 1249 4194 Ταρασίου
1280 4123 1707 4194 συνιεράτευσαν
1760 4125 1811 4176 οι

242 4213 307 4267 ὲκ
335 4213 506 4266 τῶνδε
523 4215 932 4285 ἀποκρισιάριοι
947 4214 1346 4279 ἀποσταλέντες
1368 4230 1382 4246 ·
1407 4213 1658 4268 κάκείνου
1676 4215 1816 4285 τάχα

243 4309 352 4370 τοῖς
369 4305 475 4375 τῆς
514 4304 685 4376 Ἐᾡας
711 4321 729 4339 ο
746 4305 842 4359 καὶ
869 4305 1075 4377 φροῦδα
1096 4305 1342 4360 ἐντεῦθεν
1363 4306 1433 4360 τὰ
1458 4307 1560 4377 τῆς
1589 4306 1816 4378 ίερωσύ-

244 4416 340 4468 νης
368 4414 382 4428 ’
409 4398 440 4452 δ
469 4396 956 4470 ἀπαγορεύσαντες
1009 4397 1249 4464 πάντως,
1295 4396 1704 4468 καταδεξάμεθα
1757 4399 1816 4451 ὲν

244 4489 318 4560 τῷ
369 4489 762 4561 προειρημένῳ
809 4489 953 4543 κατὰ
1013 4489 1143 4553 τοὺς
1194 4486 1380 4558 ἁγίους
1439 4489 1625 4560 μέτρῳ
1681 4488 1813 4558 στῆ·
1839 4492 1892 4552 D

244 4596 350 4634 ναι.

311 4669 460 4724 Διότι
490 4668 892 4741 πολλὰ-συνέϐη
925 4669 1023 4723 καὶ
1057 4667 1345 4739 συμϐαίνει
1372 4669 1599 4723 τοιαῦτα
1628 4686 1812 4740 παρα-

244 4763 514 4834 πτώματα
543 4763 603 4816 ὲν
625 4763 691 4833 τῇ
725 4761 1026 4834 Ἐκκλησία
1051 4775 1065 4790 °
1089 4761 1125 4814 ἃ
1144 4760 1320 4824 οὐδεὶς
1343 4761 1450 4813 τῶν
1503 4760 1676 4830 ἁγίων
1723 4759 1814 4813 εὖ-

249 4869 405 4923 ρηται
439 4849 586 4905 οὕτω
608 4851 964 4923 διερευνήσας
984 4868 996 4880 ·
1029 4853 1112 4905 ὅτι
1137 4851 1277 4923 μηδὲ
1305 4845 1416 4905 οἷόν
1438 4867 1521 4915 τε,
1552 4850 1677 4904 οὔτε
1707 4850 1816 4922 μὴν

245 4944 507 4998 ἐκδέδωκε
542 4942 832 5012 φυλάττειν
861 4943 1030 5013 ἡμᾶς.
1063 4943 1218 5012 Ἔχει
1269 4943 1368 5014 μὲν
1418 4941 1573 4996 ταῦθ’
1619 4940 1812 5004 οὕτως.

245 5036 382 5106 Περὶ
410 5035 470 5088 δὲ
493 5035 589 5088 τοῦ
622 5034 1082 5107 προύργιαίτερον
1117 5035 1251 5105 ἡμῖν
1273 5031 1414 5089 εἶναι
1467 5035 1567 5102 τῆς
1630 5051 1816 5105 μοιχο-

247 5119 486 5197 κυρῶτου
515 5125 734 5180 συνόδου
766 5127 864 5197 τὴν
889 5124 1010 5178 καθ’
1040 5125 1190 5196 ἡμᾶς
1232 5122 1380 5197 [cod.
1441 5123 1578 5196 Reg.
1626 5124 1770 5196 ὑμᾶς
1795 5122 1814 5196 ]

246 5219 494 5276 ἔνστασιν
526 5260 542 5285 ,
599 5219 927 5289 τεθαύμακα
1013 5219 1254 5282 ἀκούσας
1295 5234 1310 5248 '
1372 5219 1628 5272 τοσοῦτον
1706 5217 1815 5288 γὰρ

248 5313 636 5386 προτιμοτέρα,
663 5312 790 5367 ὅσον
820 5310 1185 5383 ἀποστολικῆς
1214 5310 1454 5384 φωνῆςὴ
1537 5311 1812 5382 Κυριακή.

315 5491 426 5546 Καὶ
453 5490 614 5554 οὔπω,
631 5490 775 5560 λέγω
801 5491 882 5544 ὅτι
905 5491 1177 5561 Ταράσιος
1196 5488 1296 5542 οὐκ
1317 5487 1580 5560 ἐκήρυξεν
1603 5488 1660 5540 ἐν
1685 5487 1820 5560 χρή-

252 5603 380 5656 μασι
410 5585 850 5658 χειροτονεῖσθαιι
898 5583 1060 5638 Ἀλλὰ
1089 5584 1184 5638 καὶ
1212 5583 1339 5646 τοὺς
1381 5582 1656 5645 τοιούτους
1687 5585 1819 5653 ὁμο-

248 5676 419 5744 λογῶν
451 5675 526 5748 μὴ
552 5675 805 5747 δέχεσθαι
840 5675 981 5730 κατὰ
1013 5673 1073 5728 τὸ
1104 5674 1405 5746 προφανές⁹
1435 5667 1537 5727 ὧδε
1564 5674 1618 5727 δὲ
1646 5675 1819 5750 δόγμα

135 5777 140 5782 ‘
251 5766 390 5821 κατὰ
411 5783 465 5821 τε
500 5765 590 5821 τοῦ
625 5765 986 5836 Εὐαγγελίου,
1022 5764 1115 5820 τοῦ
1163 5783 1219 5819 τε
1251 5765 1586 5838 Προδρόμου,
1626 5766 1732 5819 τῶν
1761 5782 1819 5817 τε

1924 3216 2066 3261 trum
2093 3209 2318 3275 monita,
2341 3219 2396 3265 et
2440 3212 2653 3268 irritum
2699 3213 2758 3268 fit
2787 3215 2983 3286 ingens
3028 3217 3160 3273 illud
3211 3218 3501 3274 sacerdotii

1923 3314 2148 3364 munus,
2183 3316 2278 3370 per
2301 3302 2445 3371 quod
2491 3302 2929 3362 Christianorum
2992 3324 3193 3364 nomen
3246 3310 3503 3380 adipisci-

1923 3402 2086 3442 mur:
2123 3399 2181 3443 ut
2235 3390 2302 3445 ad
2340 3391 2594 3448 ethnicos
2626 3395 2764 3450 ritus
2813 3397 2994 3453 delabi
3051 3414 3154 3454 nos
3198 3409 3499 3469 Oporteat:

1921 3479 2065 3550 quod
2096 3491 2180 3536 est
2221 3483 2538 3541 absurdum.
2581 3487 2948 3559 Praeterquam
2994 3493 3140 3561 quod
3197 3493 3270 3548 ita
3320 3495 3503 3566 inqui-

1922 3581 2127 3640 rentes,
2162 3585 2218 3630 et
2248 3576 2315 3630 ad
2345 3577 2685 3634 occidentem
2742 3592 2905 3652 atque
2952 3586 3018 3640 ad
3055 3586 3319 3640 orientem
3374 3602 3501 3657 pro-

1921 3663 2114 3742 gressi,
2157 3680 2427 3735 nusquam
2469 3669 2753 3740 reperiunt
2784 3673 2928 3740 quod
2953 3685 3222 3742 quaerunt,
3245 3677 3500 3730 omnibus

1922 3770 2138 3811 sursum
2201 3773 2388 3812 versus
2451 3761 2739 3830 depositis,
2798 3773 3018 3834 prOpter
3068 3776 3310 3820 mutuam
3352 3767 3499 3822 inter

1921 3847 2068 3918 ipsos
2106 3865 2383 3905 sacrorum
2428 3855 2788 3910 societatem:
2825 3858 3271 3927 quandoquidem
3313 3861 3490 3914 mani-

1920 3937 2118 3993 festum
2153 3952 2256 4006 est,
2316 3941 2526 3997 Tarasii
2567 3945 2901 4014 temporibus
2943 3948 3323 4016 apocrisiarios
3366 3949 3496 4004 hinc

1920 4031 2118 4086 missos
2142 4047 2294 4088 sacra
2321 4035 2594 4104 peregisse
2631 4051 2758 4092 cum
2812 4031 3079 4095 Romano.
3103 4041 3368 4107 antistite,
3409 4053 3495 4096 at-

1918 4134 2024 4190 que
2047 4119 2210 4191 hujus
2239 4121 2472 4177 fortasse
2491 4138 2616 4178 cum
2649 4128 3042 4182 orientalibus:
3086 4130 3317 4199 indeque
3343 4147 3494 4186 cassa

1918 4220 2002 4266 est
2039 4211 2218 4266 omnis
2250 4214 2388 4268 ratio
2419 4216 2706 4271 sacerdotii
2735 4235 2746 4271 :
2779 4219 2924 4288 quod
2957 4221 3184 4276 omnino
3221 4236 3486 4291 respuen-

1921 4312 2024 4370 tes,
2059 4302 2114 4356 in
2141 4304 2402 4374 praedicta
2443 4309 2747 4364 secundum
2776 4321 2998 4368 sanctos
3027 4312 3142 4385 lege
3190 4323 3336 4369 stare
3379 4329 3494 4368 am-

1917 4393 2240 4464 plectemur.

1987 4665 2126 4732 Quia
2182 4666 2368 4722 multas
2404 4667 2756 4741 contigerunt
2809 4677 3246 4742 contmguntque
3302 4670 3495 4741 hujus-

1917 4759 2063 4813 modi
2103 4757 2435 4817 offensiones
2478 4762 2532 4817 in
2565 4762 2829 4828 Ecclesia,
2859 4779 2994 4832 quas
3040 4764 3222 4817 nullus
3251 4779 3492 4833 unquam

1916 4857 2231 4904 sanctorum
2262 4849 2335 4904 ita
2399 4852 2615 4908 curiose
2664 4853 2951 4923 indagasse
3014 4853 3253 4924 legitur:
3304 4869 3369 4908 ac
3425 4869 3493 4907 nc

1920 4937 2033 4992 ﬁeri
2064 4939 2283 5009 quidem
2316 4940 2366 4996 id
2403 4942 2612 5010 possit:
2649 4959 2818 5012 quare
2859 4959 2960 4998 nec
3003 4945 3162 4999 nobis
3191 4945 3493 5000 observan-

1917 5029 2046 5084 dum
2102 5031 2460 5088 tradiderunt.
2495 5033 2672 5104 Atque
2699 5023 2824 5090 haec
2868 5036 2920 5090 in
2958 5037 3102 5092 hunc
3131 5037 3375 5093 modum.
3416 5040 3504 5094 De

1919 5120 2023 5176 hac
2037 5137 2169 5178 vero
2192 5123 2546 5179 contentione
2576 5136 2786 5192 nostra,
2815 5127 2957 5197 quod
2981 5128 3166 5182 utilior
3185 5130 3344 5184 nobis
3381 5146 3493 5184 non

1919 5215 1990 5271 sit
2017 5232 2178 5286 quam
2210 5217 2447 5288 synodus
2488 5232 2610 5287 quae
2635 5220 2871 5275 moechis
2895 5222 3293 5291 patrocinatur,
3329 5223 3493 5276 mira-

1919 5317 2008 5362 tus
2061 5322 2184 5364 sum
2212 5323 2338 5363 cum
2363 5309 2544 5364 audivi
2569 5328 2583 5366 :
2620 5319 2771 5366 tanto
2798 5312 2946 5367 enim
2996 5312 3087 5368 illa
3109 5313 3490 5384 praestabilior,

1919 5408 2124 5469 quanto
2155 5399 2367 5455 Domini
2395 5417 2491 5458 vox
2532 5403 2880 5472 apostolicam
2917 5404 3209 5459 antecedit.

1991 5489 2176 5562 Neque
2203 5491 2257 5548 id
2285 5500 2494 5548 tantum
2530 5493 2686 5560 dico,
2713 5511 2822 5548 non
2850 5495 3082 5550 edixisse
3114 5492 3400 5548 Tarasium
3435 5501 3496 5547 ut

1921 5599 2018 5654 per
2043 5583 2334 5653 pecuniam
2364 5584 2634 5655 ordinatio
2663 5585 2815 5640 licrct
2848 5604 2861 5640 ι
2894 5585 2986 5640 sed
3014 5584 3314 5654 professqu
3371 5597 3492 5636 esse

1924 5690 1983 5728 se
2015 5674 2152 5728 tales
2181 5689 2290 5728 non
2318 5675 2590 5745 recipere,
2632 5676 2774 5729 sicut
2799 5676 2970 5744 palam
2993 5683 3095 5728 est.
3129 5671 3286 5726 Nunc
3310 5684 3490 5727 autem

1923 5764 2117 5836 dogma
2153 5767 2410 5823 adversus
2438 5767 2790 5837 Evangelium
2816 5775 2868 5822 ct
2897 5765 3289 5821 l'ratcursorcm
3319 5774 3376 5822 et
3400 5780 3496 5821 ca-
