4044 6366
513 369 648 433 110⁸1

1709 367 1770 426 S.
1809 365 2204 428 THEODORI
2247 365 2596 427 STUDlT/E

3665 365 3795 432 1108

507 501 706 549 nones.
740 479 1000 554 synodice
1035 495 1133 550 per
1181 479 1438 535 adulterii
1482 478 1818 549 copulatoris
1865 494 2137 548 suscep-,

2220 482 2463 549 ιανόνων,
2495 482 2792 546 συνοδικῶς
2818 482 2906 536 διὰ
2931 481 3030 552 τῆς
3063 481 3159 536 τοῦ
3198 482 3594 555 μοιχοζεύκτου
3618 501 3800 557 παρα-

512 575 717 630 tionem
779 567 1181 641 promulgatum
1243 575 1356 632 est,
1407 567 1587 620 scelus
1631 565 2098 635 dispensationem

512 682 633 722 esse
689 663 962 726 sanciens,
1011 675 1076 714 ac
1129 659 1417 729 episcopos
1475 665 1534 712 et
1587 657 1922 718 sacerdotes.
1975 672 2100 712 cum

511 756 772 819 libuerit,
815 752 1204 808 auctoritatem
1231 749 1287 803 in
1321 761 1566 803 canones
1599 747 1848 803 habere:
1881 763 1977 804 eos
2008 751 2104 819 qui

511 849 702 904 eadem
735 863 842 902 non
874 844 1138 907 sentiunt,
1168 840 1641 896 anathematizans
1671 849 1727 895 ct
1772 840 1908 896 diris
1937 841 2106 896 devo-

512 953 646 992 vcns
674 979 688 1002 ,
729 944 788 990 ut
816 934 988 990 scitis.
1037 931 1150 986 Hoc
1182 929 1674 985 lconOmacborum
1703 928 1898 984 haaresi
1926 971 1940 995 ,
2001 931 2106 985 etsi

513 1025 818 1100 posterius,
857 1036 912 1080 at
935 1042 1046 1080 non
1079 1025 1260 1078 levius
1285 1022 1558 1078 videbitur
1583 1021 1672 1092 pie
1703 1021 2107 1076 consideranti-

512 1127 618 1180 bus
661 1143 673 1178 :
722 1136 956 1192 quorum
997 1119 1254 1190 precibus
1293 1117 1556 1173 Dominus
1590 1116 1791 1172 malum
1826 1116 2108 1186 depellens

513 1217 803 1288 pristinam
836 1229 1027 1286 pacem
1061 1212 1252 1267 reddat
1285 1210 1542 1265 Ecclesia:
1572 1225 1705 1265 suae.
1739 1209 2107 1278 Praeterquam

513 1309 682 1378 quod,
729 1318 790 1363 ut
832 1305 1098 1376 scripsisti
1130 1345 1144 1370 ,
1195 1304 1429 1358 alterum
1465 1303 1533 1356 ab
1563 1301 1736 1356 altero
1775 1300 2020 1370 pellitur,
2051 1311 2109 1355 et

512 1400 612 1455 sibi
639 1401 919 1455 cohaerent
935 1396 1172 1468 cognitio
1195 1405 1247 1450 et
1276 1394 1555 1465 abrogatio
1581 1393 1806 1448 sceleris
1827 1407 1942 1462 quo
1967 1407 2111 1462 prae-

516 1503 599 1546 ter
639 1491 814 1561 lcgcm
855 1488 995 1544 facta
1035 1487 1352 1558 conjunctio
1395 1494 1498 1542 est.
1545 1485 1878 1540 Incolumem
1921 1494 1977 1539 et
2013 1500 2110 1554 pro

516 1583 820 1636 humilitate
849 1589 1034 1637 nostra
1073 1589 1342 1645 orantem,
1373 1593 1498 1634 cum
1527 1585 1638 1632 tota
1673 1576 1882 1632 familia
1914 1575 2101 1631 Domi-

513 1691 622 1731 nus
662 1684 716 1730 te
749 1681 1079 1742 conservet,
1122 1673 1425 1729 amicorum
1467 1672 1642 1744 prime
1667 1712 1680 1737 ,
1727 1679 1783 1726 et
1816 1669 2109 1730 zelantium

516 1783 778 1824 mastme.

909 1906 1041 1963 LIV.
1081 1938 1146 1948 -—
1179 1906 1344 1962 Anna:
1382 1906 1702 1976 praipositw.

2210 573 2372 644 δοχῆς
2397 573 2801 646 ὲκπεφώνηται,
2839 573 3095 642 βεόαιοῦν
3132 575 3233 658 τὴν
3276 576 3629 659 παρανομίαν
3659 579 3800 632 olm.

2209 663 2427 732 νομίαν,
2457 662 2586 726 τούς
2611 680 2671 716 τε
2705 664 2969 734 ίεράρχας
3004 665 3099 720 καὶ
3130 666 3300 738 ἱερεῖς
3325 665 3528 720 ὁπόταν
3564 665 3800 736 βούλων-

2206 771 2298 808 ται
2331 753 2670 820 ἐξουσιάζειν
2711 755 2820 811 τῶν
2852 757 3122 810 κανόνωνο
3164 757 3261 810 καὶ
3303 758 3433 822 τοὺς
3478 758 3555 830 μὴ
3605 760 3799 812 ταυτδν

2209 846 2542 918 φρονοῦντας
2564 847 2966 918 ἀναθεματίζον
2987 848 3084 902 καὶ
3101 849 3519 921 ἐκσκορακίζον,
3544 849 3801 922 καθάπερ

2209 939 2345 993 ῐστε.
2392 938 2564 992 Τοῦτο
2617 939 2844 1006 καὶτῆς
2873 939 3246 1012 Είκονομάχου
3289 943 3580 1011 αἱρέσεως,
3614 944 3664 995 εί
3707 943 3802 996 καὶ

2207 1029 2484 1101 δεύτερον,
2516 1029 2632 1084 ἀλλ’
2663 1030 2764 1084 οὐκ
2790 1030 3014 1084 ἔλαττον
3035 1033 3150 1091 τοῖς
3179 1031 3423 1094 εὐσεϐῶς
3449 1031 3802 1102 ἀναθεωροῦ-

2212 1137 2318 1176 σιν.
2356 1115 2458 1176 Ὧν
2490 1123 2520 1175 ὁ
2551 1121 2758 1192 Κύριος
2811 1125 2934 1186 ταῖς
2983 1122 3173 1193 εὐχαῖς
3225 1122 3473 1177 ἐκποδών
3520 1123 3583 1177 τὸ
3632 1123 3803 1176 κακὸν

2210 1213 2352 1282 ἄρας
2380 1213 2746 1284 πρυτανεύσοι
2783 1214 3010 1285 εἰρήνην
3042 1215 3120 1276 ώς
3150 1213 3211 1267 τὸ
3243 1214 3506 1284 ἀπαρχῆς
3532 1216 3600 1284 τῇ
3633 1213 3801 1267 αὐτοῦ

2213 1303 2530 1376 Ἐκκλησία.
2555 1305 2704 1376 Πλὴν
2739 1307 2842 1370 ὄτι,
2879 1306 3021 1360 καθὰ
3052 1305 3358 1378 γέγραφας,
3406 1307 3656 1376 θάτερον,
3699 1307 3804 1358 ὑπὸ

2212 1395 2443 1466 θατέρου
2496 1396 2773 1467 βάλλεται,
2809 1397 2899 1451 καὶ
2955 1397 3237 1469 διάλληλος
3286 1400 3320 1470 ὴ
3366 1399 3666 1466 ἐπίγνωσις
3708 1399 3806 1452 καὶ

2212 1484 2369 1549 λύσις
2425 1487 2528 1556 τῆς
2573 1487 2952 1558 ἀνομοδέσμου
2987 1488 3260 1559 πράξεως.
3300 1489 3669 1560 Ἐρρωμένον,
3705 1487 3806 1540 καὶ

2213 1577 2510 1648 εὐχόμενον
2541 1578 2685 1649 ὑπὲρ
2716 1579 2815 1649 τῆς
2843 1577 3227 1642 ταπεινώσεως
3261 1579 3422 1650 ἡμῶν
3450 1579 3746 1632 πανέστιον
3776 1579 3807 1630 ό

2214 1667 2420 1739 Κύριός
2449 1685 2508 1721 σε
2529 1668 2896 1738 διαφυλάξοιε,
2927 1669 3097 1740 φίλων
3120 1670 3526 1742 πρώτιστε,ςκαὶ
3546 1669 3807 1740 ζηλωτῶν

2217 1760 2503 1833 κράτιστε.

2569 1897 2695 1955 NA’.
2732 1929 2798 1940 ——
2820 1899 3006 1966 Ἀννῃ
3032 1899 3368 1969 ἡγουμένη.
3411 1898 3592 1973 [σοδ¹.]

1635 2023 1824 2073 Laudat
1847 2022 1956 2086 ejus
1976 2023 2214 2085 pietatem
2237 2029 2356 2080 erga
2376 2015 2660 2066 monachos.

589 2131 729 2198 Quid
759 2130 1017 2186 distulisti
1047 2131 1112 2186 ad
1149 2146 1250 2186 nos
1276 2129 1544 2192 scribere,
1574 2143 1641 2183 ac
1672 2128 1743 2184 de
1773 2129 1939 2183 rebus
1982 2141 2112 2182 san-

2287 2120 2354 2174 Τί
2390 2119 2699 2174 ὐπεστεὶλω
2725 2119 2820 2174 τοῦ
2853 2120 3088 2192 γράφειν
3129 2118 3224 2174 καὶ
3263 2119 3554 2190 γνωρίζειν
3581 2122 3714 2193 ἡμῖν
3738 2123 3810 2177 τὰ

520 2220 730 2277 ctitatis
770 2229 876 2275 tua;
927 2219 1208 2275 indicare?
1254 2217 1364 2273 Nos
1399 2233 1530 2274 vero
1558 2217 1731 2272 multo
1765 2216 1950 2271 minus
1979 2230 2110 2286 pro-

521 2317 708 2378 pterea
736 2308 1065 2363 desistemus
1090 2348 1105 2372 ,
1149 2307 1349 2378 partim
1387 2307 1608 2376 quidem
1642 2306 1770 2378 quia
1803 2305 2008 2360 humile
2049 2320 2111 2360 os

521 2411 769 2456 nostrum
812 2401 926 2471 jam
975 2399 1146 2454 semel
1182 2398 1532 2469 aperuimus;
1572 2399 1773 2469 partim
1817 2397 1887 2453 ob
1933 2397 2110 2452 zelum

523 2503 678 2548 tuum
711 2493 991 2557 divinum,
1020 2501 1075 2546 et
1100 2491 1384 2547 ardentem
1423 2491 1706 2562 pietatem.
1749 2491 1926 2546 Audio
1966 2491 2113 2545 enim

523 2593 578 2638 te
611 2583 847 2638 assiduis
877 2598 1005 2654 erga
1037 2582 1237 2638 fratres
1275 2591 1495 2637 nostros
1533 2582 1818 2638 beneficiis
1849 2598 1960 2637 non
1995 2583 2116 2638 lati-

522 2677 638 2748 gari
667 2721 681 2745 ,
714 2677 822 2732 huc
852 2677 1090 2747 illucque
1121 2675 1547 2742 circumeundo,
1585 2687 1640 2730 et
1670 2675 1891 2731 obvium
1919 2692 2112 2746 quem-

522 2786 631 2840 que
651 2769 936 2824 tractando
970 2769 1414 2839 perhumaniter,
1446 2769 1752 2839 votivisque
1783 2769 1966 2824 verbis
1994 2779 2116 2823 tan-

522 2879 687 2934 quam
717 2862 920 2918 Christi
960 2862 1272 2916 ministrum
1301 2862 1709 2933 prosequendo.
1742 2860 1787 2916 0
1816 2863 2120 2933 pulcherri-

525 2972 671 3012 mam
697 2956 843 3011 hanc
880 2964 1027 3010 tuam
1059 2956 1478 3032 occupationem
1505 2956 1518 3009 l
1551 2970 1584 3010 o
1615 2953 1933 3025 vigilantem
1961 2953 2013 3008 in
2045 2955 2119 3009 di-

521 3049 667 3104 vinis
693 3049 858 3104 rebus
888 3062 1100 3110 sacram
1130 3047 1368 3101 animam
1397 3055 1548 3101 tuam
1575 3047 1588 3099 !
1619 3047 1807 3116 Neque
1829 3047 1974 3101 enim
2005 3048 2119 3102 sola

525 3150 656 3196 sunt
691 3141 791 3196 ista
823 3151 876 3196 et
901 3140 1098 3206 unica;
1141 3139 1236 3195 sed
1294 3138 1439 3194 fetus
1473 3139 1700 3194 aliarum
1737 3139 2036 3206 virtutum,
2065 3147 2121 3194 et

525 3228 878 3293 fecunditatis
899 3238 1006 3284 tum
1032 3228 1336 3300 spirituaiis
1363 3229 1708 3300 propagines.
1729 3227 2001 3294 Quoniam
2018 3246 2122 3286 nec

526 3319 645 3374 ﬁeri
674 3327 854 3390 potest
879 3329 942 3373 ut
969 3333 1081 3372 non
1111 3317 1252 3373 bene
1281 3317 1557 3386 oleat,qui
1587 3326 1861 3389 unguenta
1885 3317 2121 3372 circum-

526 3412 668 3465 lerat
695 3427 710 3464 :
753 3425 930 3482 neque
959 3419 1020 3464 ut
1052 3404 1382 3466 non‘luceat
1415 3409 1509 3479 qui
1549 3409 1726 3465 facem
1753 3419 1951 3480 gestet.
1984 3409 2122 3466 Hinc

526 3501 692 3572 igitur
721 3516 1112 3579 usquequaque
1146 3500 1567 3579 dignoscuntur,
1595 3515 1660 3556 ac
1685 3500 2030 3576 potissimum
2062 3500 2118 3556 in

530 3593 1016 3664 persecutionibus
1047 3609 1148 3673 pro
1177 3577 1401 3648 Christo
1421 3635 1435 3660 ,
1465 3593 1691 3674 quinam
1725 3594 1838 3655 sint
1865 3593 2125 3649 sanctita-

531 3684 600 3738 tis
629 3694 936 3752 amatores,
976 3695 1032 3741 et
1068 3685 1212 3741 beati
1241 3701 1255 3750 ;
1292 3684 1518 3755 quinam
1559 3691 1749 3743 contra
1781 3683 2018 3754 improbi
2070 3691 2127 3739 et

529 3776 788 3832 bonitatis
818 3788 1071 3849 expertes
1099 3797 1112 3833 :
1155 3778 1508 3848 quantumvis
1539 3776 1800 3832 interiora
1840 3783 1990 3832 recte
2023 3775 2134 3831 ha;

529 3869 684 3938 here,
713 3879 938 3926 externa
973 3872 1156 3942 specie
1189 3871 1686 3927 assimulent.......

974 4004 1084 4068 LV.
1114 4039 1184 4048 —
1203 4006 1371 4060 [reme
1400 4007 1662 4076 patriciw.

2211 2213 2315 2283 τῆς
2346 2213 2626 2284 ὀσιότητός
2672 2228 2808 2276 σονς
2855 2211 3048 2282 Ἡμεῖς
3079 2211 3138 2266 δὲ
3171 2211 3259 2266 διὰ
3291 2210 3448 2265 τοῦτο
3489 2213 3692 2284 μᾶλλον
3744 2215 3808 2267 οὐ

2212 2303 2583 2376 διαλείψομεν.
2628 2304 2701 2356 Τὸ
2747 2304 2846 2374 μὲν
2890 2302 2977 2356 διὰ
3029 2303 3091 2356 τὸ
3131 2302 3279 2370 ἅπαξ
3328 2305 3475 2375 ἡμᾶς
3507 2306 3718 2370 ἀνοῖξαι
3749 2306 3811 2360 τὸ

2213 2396 2470 2451 ταπεινὸν
2506 2397 2680 2468 στόμα
2704 2414 2719 2428 ·
2755 2396 2817 2449 τὸ
2853 2397 2910 2452 δὲ
2941 2395 3029 2453 διὰ
3056 2396 3150 2449 τὸν
3187 2396 3326 2451 κατά
3355 2398 3489 2451 Θεόν
3521 2415 3617 2452 σου
3647 2399 3809 2471 ζῆλον

2216 2487 2314 2543 καὶ
2339 2487 2644 2558 πυρίπνουν
2670 2487 2952 2542 εὐσέϐεαν.
2981 2487 3330 2557 Πυνθάνομαι
3357 2488 3466 2559 γάρ
3489 2506 3550 2545 σε
3574 2491 3809 2560 ἄληκτον

2217 2580 2362 2652 ἔχειν
2389 2580 2453 2634 τὸ
2485 2581 2616 2652 περὶ
2651 2579 2780 2644 τοὺς
2807 2579 3070 2650 ἀδελφοὺς
3090 2579 3248 2651 ἡμῶν
3264 2581 3642 2653 εὐποιητικὸν,
3660 2583 3810 2637 ἔνθεν

2218 2673 2474 2727 κάκεῖθεν
2507 2673 2892 2746 περιθέουσαν,
2930 2673 3026 2726 καὶ⁸
3061 2674 3294 2728 ἕκαστον
3327 2675 3416 2728 τὸν
3447 2677 3808 2747 παρατυγχά-

2219 2783 2380 2820 νοντα
2411 2765 2768 2839 δεξιουμένην
2801 2764 3224 2838 φιλανθρώπως,
3255 2768 3351 2820 καὶ
3385 2771 3499 2832 τοῖς
3534 2769 3810 2832 εὐκταίαις

2223 2859 2429 2930 ῥήμασι
2454 2859 2938 2930 παραπέμπουσαν
2961 2859 3038 2924 ὡς
3061 2859 3300 2932 Χριστοῦ
3327 2859 3594 2915 διάκονον.
3629 2864 3694 2916 Ὢ
3715 2863 3807 2933 τῆς

2222 2953 2522 3024 καλλίστης
2555 2970 2648 3006 σου
2679 2953 2886 3023 ταύτης
2916 2953 3339 3028 πραγματείαςί
3384 2953 3430 3008 ὣ
3473 2955 3576 3025 τῆς
3604 2972 3811 3026 γρηγοο

2225 3046 2425 3113 ρούσης
2450 3059 2547 3096 σου
2581 3043 2708 3114 περὶ
2739 3042 2810 3097 τὰ
2833 3042 2947 3097 θεῖα
2975 3043 3126 3114 ἱερᾶς
3157 3043 3369 3114 ψυχῆςί
3398 3044 3474 3098 Οὐ
3505 3043 3617 3116 γὰρ
3646 3047 3810 3115 ὀρφα-

2223 3133 2351 3188 νικὰ
2381 3133 2576 3189 ταῦτα.
2619 3135 3012 3205 Ἀποκυήματα
3043 3134 3099 3188 δὲ
3130 3135 3334 3205 ἐτέρων
3371 3135 3609 3207 ἀρετῶν,
3647 3137 3808 3208 ἤγουν

2216 3225 2596 3297 προϐλήματα
2652 3225 2753 3298 τῆς
2813 3217 3196 3297 πνευματικῆς
3247 3244 3341 3280 σου
3391 3227 3806 3298 πολυκαρπίας·

2224 3317 2348 3371 ἐπεὶ
2376 3317 2499 3372 οὐδέ
2525 3311 2640 3372 οἷόν
2667 3334 2727 3372 τε
2768 3317 2846 3390 μὴ
2876 3317 3099 3372 εὐωδεῖν
3127 3318 3220 3372 τὸν
3241 3319 3643 3390 ἐπιφερόμενον
3667 3318 3809 3389 ἀρώ-

2229 3425 2409 3482 ματαο
2452 3409 2591 3482 μηδὲ
2647 3409 3056 3482 λαμπαδουχεῖν
3108 3412 3200 3466 τὸν
3239 3411 3579 3480 φωτοφόρον.
3608 3410 3810 3464 Διαδεί-

2224 3519 2451 3558 κνυνται
2493 3502 2676 3556 τοίνυν
2724 3502 2978 3557 ἐντεῦθεν
3025 3503 3257 3558 πάντοτε
3301 3502 3396 3557 καὶ
3434 3506 3681 3570 παντως,
3720 3503 3810 3556 καὶ

2225 3593 2464 3664 μάλιστα
2495 3595 2556 3649 ἐν
2579 3595 2695 3658 τοῖς
2719 3594 2860 3667 ὑπὲρ
2885 3595 3124 3666 Χριστοῦ
3153 3596 3433 3664 διωγμοῖς,
3460 3594 3610 3659 τίνες
3641 3595 3690 3648 oi
3716 3593 3810 3665 τῆς

2223 3685 2502 3756 ὁσιότητος
2546 3685 2777 3757 ἐρασταὶ
2807 3685 2902 3739 καὶ
2935 3684 3190 3752 θεόλσιοι,
3218 3685 3313 3738 καὶ
3341 3686 3491 3757 τίνες
3538 3686 3592 3739 οἱ
3617 3685 3810 3754 φαυλό-

2223 3794 2386 3848 τητος
2410 3777 2504 3831 καὶ
2529 3756 2927 3850 ἀμοιράγαθοι’
2957 3777 3060 3832 κᾶν
3081 3777 3159 3847 τῷ
3177 3775 3283 3842 ἔξω
3308 3756 3552 3850 σχήματι
3575 3777 3646 3831 τὰ
3669 3776 3810 3833 ἔνδον

2227 3867 2408 3933 καλῶς
2438 3867 2584 3939 ἔχειν
2614 3859 3152 3942 ὑποπλαττόμενοι...
3175 3870 3276 3940 (1).

2547 4003 2675 4064 NE’.
2709 4002 3020 4074 -Ειρήνῃ
3055 4005 3360 4074 πατρικίῳέ
3401 4001 3604 4079 [σπβ,.]

1342 4123 1408 4173 Ut
1441 4121 1663 4172 scribere
1701 4093 1894 4184 pergat.
1921 4121 2047 4171 Tum
2076 4119 2139 4169 de
2161 4120 2278 4169 filiae
2301 4118 2470 4169 morbo
2493 4117 2749 4168 dolentem
2775 4119 2982 4169 solatur.

600 4227 794 4284 Philtri
833 4230 1117 4301 cujusdam
1151 4231 1259 4284 vim
1300 4230 1467 4289 habet
1497 4231 1803 4289 litterarum
1827 4228 2119 4285 collocutio
2167 4238 2175 4245 ‘

529 4321 785 4376 affectum
819 4323 1149 4392 ingenerans
1174 4323 1228 4376 in
1258 4323 1456 4378 animis
1477 4323 1778 4377 amantium
1813 4340 1825 4376 :
1860 4331 2120 4392 tantoque

531 4411 704 4483 magis
735 4453 750 4476 ,
785 4421 994 4482 quanto
1026 4412 1191 4467 fuerit
1231 4415 1499 4467 sermonis
1533 4413 1957 4467 communicatio
2007 4412 2119 4466 fre-

530 4501 785 4571 quentior
815 4542 831 4566 ,
882 4502 1117 4556 latentes
1162 4502 1362 4556 amoris
1407 4500 1672 4556 scintillas
1718 4501 2121 4570 quodammodo

533 4595 915 4656 exsuscitans.
969 4605 1026 4650 et
1070 4587 1328 4666 magnam
1383 4593 1789 4663 conjunctionis
1842 4593 2122 4647 benevon

534 4688 804 4749 ﬂammam
842 4689 1163 4744 incendens.
1223 4687 1412 4742 Simile
1453 4687 1709 4756 quiddam
1751 4695 1802 4740 ct
1867 4685 1923 4740 in
1965 4686 2123 4742 nobis

535 4781 836 4835 humilibus
876 4780 1060 4834 ell‘ecit
1091 4776 1322 4850 epistola
1361 4777 1646 4833 suavitatis
1676 4785 1813 4840 tuae,
1863 4776 2122 4846 spiritua-

535 4875 638 4927 lcm
672 4873 792 4940 ejus
821 4870 1258 4938 benevolentiam
1292 4869 1663 4945 multiplicans
1689 4909 1704 4933 ,
1737 4868 2123 4938 memoriaeque

2300 4226 2658 4301 Φιλτροποιόν
2684 4245 2737 4282 τι
2765 4228 3000 4298 πρᾶγμα
3029 4229 3062 4298 ἡ
3091 4230 3457 4300 γραμματικὴ
3487 4231 3806 4303 προσφώνη-

2231 4341 2335 4389 σις,
2372 4321 2560 4394 σχέσιν
2619 4321 2924 4392 ἐμποιοῦσα
2973 4324 3097 4385 ταῖς
3142 4321 3346 4394 ψυχαῖς
3388 4323 3502 4377 τῶν
3537 4323 3802 4395 ἐρώντων.

2229 4416 2342 4470 Καὶ
2377 4414 2631 4473 τοσοῦτον
2660 4412 2816 4486 [888.
2850 4415 2975 4470 cod.
3017 4413 3332 4486 τοσαύτην],
3357 4415 3579 4486 ὅσῳπερ
3620 4415 3688 4469 ἂν
3719 4415 3805 4468 καὶ

2230 4503 2480 4576 πυκνάζῃ
2529 4507 2563 4576 ἡ
2611 4503 2838 4574 ὁμιλίαο
2887 4503 3053 4557 οἱονεὶ
3094 4503 3544 4558 ἀνασκαλεύουσα
3575 4505 3704 4567 τοὺς
3730 4507 3806 4557 ὲν-

2231 4595 2628 4665 αποκειμένους
2658 4595 2960 4665 ἐρωτικοὺς
2984 4593 3306 4665 σπινθῆρας,
3339 4593 3435 4647 καὶ
3475 4594 3676 4666 πολλὴν
3715 4594 3804 4662 τὴν

2230 4685 2584 4757 ἀγαπητικὴν
2607 4685 2848 4740 διάθεσιν
2878 4685 3238 4740 ἀνακαίουσα.
3273 4685 3541 4740 Τοσοῦτόν
3562 4703 3615 4738 τι
3643 4685 3732 4738 καὶ
3752 4687 3804 4736 ὲν

2230 4780 2364 4850 ἡμῖν
2397 4782 2510 4842 τοῖς
2535 4779 2810 4842 ταπεινοῖς
2839 4778 3217 4849 ἀπειργάσατο
3246 4779 3278 4848 ή
3312 4777 3575 4848 ἐπιστολὴ
3597 4781 3694 4849 τῆς
3715 4778 3804 4846 ἑμ-

2235 4871 2458 4940 μελείας
2485 4889 2602 4935 σου,
2637 4869 3124 4929 πολυπλασιάσασα
3168 4871 3268 4942 τὴν
3310 4870 3803 4940 πνευματικὴνξφι-

538 4962 790 5032 igniculis
822 4962 1188 5034 vegetioribus
1237 4960 1505 5016 insidens.
1551 4960 1716 5020 Utere
1756 4959 1938 5034 igitur,
1965 4959 2124 5029 piens

2230 4964 2350 5017 λίαν
2379 4963 2570 5032 αὐτῆς,
2588 4963 2683 5015 καὶ
2705 4964 2773 5015 τὰ
2796 4963 2895 5031 τῆς
2921 4963 3142 5033 μνήμης
3163 4959 3414 5031 ἐμπυρεύ
3423 4977 3572 5031 ματα
3589 4959 3804 5030 ἀκμαιό-

538 5052 748 5108 tissima
778 5053 1009 5108 Domina
1033 5096 1049 5119 ,
1099 5055 1203 5109 hoc
1229 5054 1433 5109 amoris
1461 5053 1793 5129 pharmaco;
1836 5067 1900 5106 ac
1945 5052 2012 5106 de
2041 5061 2130 5106 tua

540 5141 856 5204 valetudine
887 5158 944 5210 et
973 5148 1339 5218 prosperitate
1376 5145 1539 5200 nobis
1568 5142 1835 5214 signiﬁca.
1866 5142 2133 5199 Novimus

542 5243 690 5297 enim
733 5249 1003 5311 perpetuo
1056 5241 1327 5294 virentem
1376 5236 1595 5294 virtutis
1647 5245 1754 5291 tuae
1805 5234 2027 5301 ﬂorem,
2076 5246 2134 5291 et

545 5332 765 5403 pictatis
793 5331 1186 5388 abundantiam
1218 5344 1283 5384 ex
1315 5328 1381 5382 iis
1405 5343 1526 5398 qua:
1555 5326 1867 5381 audivimus
1886 5365 1900 5388 ,
1928 5335 1983 5380 et
2011 5342 2132 5394 qua:

544 5441 692 5489 nunc
726 5425 891 5482 etiam
925 5424 1183 5480 audimus
1215 5441 1227 5478 :
1269 5430 1326 5477 et
1347 5420 1547 5491 quibus
1578 5434 1678 5473 nos
1713 5418 1816 5489 ipsi
1851 5417 2133 5474 beneficiis

547 5521 725 5587 allecti
770 5535 961 5582 sumus
999 5529 1055 5576 et
1086 5513 1352 5582 allicimur
1393 5515 1730 5573 etiamnum:
1780 5511 1894 5566 sive
1944 5526 2132 5566 vocem

2227 5071 2363 5122 τερα
2394 5052 2734 5118 ἐνιζάνουσα.
2762 5051 2894 5122 Χρῶ
2924 5049 3237 5122 τοιγαροῦν,
3271 5050 3665 5118 θεοσεὸεστάτη
3698 5051 3801 5104 Ku-

2233 5146 2348 5217 ρία,
2387 5144 2466 5220 τῷ
2513 5143 2848 5216 ἀγαπητικῷ
2895 5143 3032 5215 τῷδε
3080 5143 3394 5216 φαρμάκῳ*
3441 5143 3536 5197 καὶ
3587 5140 3804 5213 γνώριζε

2230 5239 2364 5310 ἡμῖν
2403 5235 2471 5290 τὰ
2501 5239 2600 5308 τῆς
2625 5235 2842 5304 εὐεξίας
2873 5237 2972 5290 καὶ
2994 5236 3300 5307 εὐπραξίας
3330 5253 3446 5290 σου.
3477 5237 3668 5306 Ἰσμεν
3707 5233 3805 5303 γὰρ

2229 5330 2291 5382 τὸ
2315 5329 2437 5382 κατ’
2463 5328 2665 5400 ἀρετήν
2700 5347 2794 5382 σου
2822 5326 3075 5392 ἀειθαλὲς
3098 5329 3190 5383 καὶ
3219 5327 3542 5400 ποριστικὸν
3565 5329 3643 5390 εἰς
3667 5323 3806 5378 εὐσέ-

2240 5421 2395 5474 ϐειαν
2422 5420 2480 5486 ἐξ
2507 5413 2580 5474 ὧν
2605 5438 2666 5472 τε
2693 5421 3036 5492 ἀκηκόαμεν,
3072 5421 3164 5474 καὶ
3194 5421 3365 5475 εἰσέτι
3389 5419 3689 5488 ἀκούομεν·
3719 5414 3805 5468 καὶ

2244 5513 2338 5582 ἀφ’
2360 5504 2437 5566 ὧν
2474 5512 2634 5584 ἡμεῖς
2659 5513 2814 5566 αὐτοὶ
2872 5509 2930 5568 εὖ
2967 5510 3319 5585 πεπόνθαμεν
3381 5512 3475 5567 καὶ
3505 5511 3800 5585 πάσχομεν·

2072 5672 2304 5728 ΝΟΤΛΞ.

629 5809 705 5879 (1)
743 5807 953 5865 Desunt
999 5803 1287 5868 nonnulla,
1320 5807 1377 5856 ut
1410 5795 1683 5869 conjicere
1727 5806 1806 5852 cst
1837 5811 1900 5852 ca
1940 5795 2114 5865 spatio
2152 5810 2326 5852 vacuo
2360 5794 2414 5850 in
2452 5793 2583 5866 llcg.
2619 5795 2739 5850 cod.
