4044 6366
219 417 362 482 1100

1421 419 1955 480 EPISTOLARUM
1987 420 2132 479 LIB.
2171 420 2220 478 Ι.

3305 423 3445 485 1110

211 537 329 589 εἴτε
372 533 722 603 δανειζομὲνη
776 533 873 602 τὴν
914 534 1130 603 φωνήν·
1180 532 1288 586 εἴτε
1333 533 1426 586 καὶ
1470 534 1527 599 ἐξ
1575 535 1770 597 οίκείας

1885 533 2146 588 mutueris
2170 533 2424 596 alienam,
2445 534 2558 587 sive
2576 533 2759 604 lingua
2777 535 2993 604 propria
3009 535 3227 604 loquare
3249 553 3261 600 ;
3285 553 3445 605 quam

208 628 460 696 γλώττης
510 624 887 693 φθεγγομένη·
943 623 1019 686 ὡς
1063 626 1224 694 ἡμεῖς
1269 641 1332 692 γε
1373 625 1527 696 ἡδείᾳ
1568 626 1776 695 ταύτην

210 718 416 789 μᾶῖλον
443 716 702 784 ἐπαίομεν
730 713 988 778 διαθέσει,
1010 715 1070 766 ού
1098 713 1239 784 ψιλῷ
1259 715 1376 785 ἤχῳ
1397 716 1775 786 προσέχοντεςο

205 811 306 863 καὶ
335 809 448 878 ἅμα
479 809 652 860 ἐκεῖνο
680 805 1059 875 γινώσκοντες,
1090 808 1166 870 ὡς
1190 807 1366 870 οὐδεὶς
1388 806 1562 872 οὕτως
1586 809 1778 864 είκονί-

207 919 325 954 σειε
377 901 574 971 ψυχὴν,
621 899 699 962 ὡς
752 901 780 952 ό
815 899 944 970 παρ’
992 898 1161 968 αὐτῆς
1204 899 1408 971 προῖὼν
1447 899 1623 970 λόγος,
1670 901 1776 956 κᾶν

203 993 392 1056 ὁποῖός
435 990 553 1044 ποτ’
583 989 650 1044 ἂν
689 989 798 1058 εἴη.
827 989 964 1061 Περὶ
993 988 1093 1059 τῆς
1123 989 1318 1059 κυρίας
1357 988 1458 1058 τῆς
1505 989 1776 1062 θυγατρός

207 1102 307 1138 σου
337 1085 418 1138 ὅτι
440 1083 662 1151 γέγονεν
691 1080 834 1134 οὕτω
859 1079 1139 1150 μαθόντες,
1165 1079 1468 1150 ἠνιάθημεν
1487 1096 1502 1111 ·
1528 1080 1692 1151 εὐχὴν
1718 1082 1776 1134 δὲ

206 1176 393 1238 ποίαν,
430 1174 462 1243 ἢ
493 1171 854 1241 άπομύρισμα
883 1165 996 1224 οἷον
1027 1170 1204 1241 δῶμεν
1233 1171 1547 1242 ἁμαρτωλοὶ
1571 1173 1775 1240 τυγχά-

203 1279 426 1329 νοντες;
451 1263 596 1331 Πλὴν
619 1262 796 1314 ἐκεῖνο
815 1259 1043 1318 πέπεισο
1069 1275 1084 1290 ·
1115 1260 1199 1312 ὅτι
1223 1259 1378 1312 οὐδὲν
1408 1259 1684 1329 ἰσχύουσιν
1715 1263 1772 1314 αἱ

203 1353 455 1408 τοιαῦται
503 1352 834 1423 περιεργίαι,
888 1353 936 1404 εἰ
985 1351 1125 1421 μήγε
1173 1351 1334 1420 ἡμεῖς
1364 1349 1542 1420 δῶμεν
1590 1351 1775 1421 χώραν

203 1443 512 1515 ἀπροσεξίᾳ
537 1442 664 1497 τινί.
706 1442 794 1504 Ὠς
821 1440 931 1510 γὰρ
950 1441 1048 1510 οὐχ
1075 1436 1185 1494 οἷόν
1215 1457 1274 1494 τε
1301 1441 1466 1494 τόπον
1497 1442 1614 1495 τινὰ
1640 1441 1776 1512 ἡλίῳ

203 1534 715 1606 περιλαμπόμενον,
762 1531 823 1585 τὸ
862 1531 1136 1585 ἀντίθετον
1183 1533 1372 1593 σκότος
1411 1532 1769 1597 εἰσδέξασθαι·

201 1625 382 1687 οὕτως
418 1624 538 1678 ούδέ
560 1623 845 1693 ἄνθρωπον
872 1621 1000 1690 θείῳ
1029 1621 1189 1689 φωτὶ,
1227 1621 1394 1692 ἤγουν
1430 1622 1641 1675 συνέσει
1679 1622 1774 1677 κα)⁸

173 1732 176 1733 ⁷
204 1718 385 1786 ἀρετῇ
407 1713 838 1785 ἐπερειδόμενον,
871 1712 1066 1765 παθεῖν
1089 1729 1143 1766 τι
1175 1711 1282 1764 τῶν
1315 1710 1517 1765 σκαιῶν
1541 1713 1632 1765 καὶ
1657 1713 1776 1766 δαιο

210 1805 452 1875 μονικῶν
499 1801 988 1875 μαγγανευμάτων.
1032 1800 1229 1871 Ἰαθείη
1269 1800 1508 1872 τοίνυνή
1543 1805 1672 1865 παῖς
1714 1803 1772 1854 ἐν

1877 639 1981 680 nos
2023 626 2206 694 utique
2242 625 2401 695 longe
2430 624 2672 680 dulciore
2715 641 2883 679 sensu
2931 627 3270 696 excipimus,
3308 630 3446 681 haud

1877 718 2024 773 nudo
2047 734 2182 773 sono
2211 718 2410 772 intenti
2437 733 2452 783 ;
2485 718 2580 772 sed
2610 717 2710 771 boc
2745 717 2906 770 simul
2933 717 3298 787 intelligentes
3323 759 3336 779 ,
3367 719 3452 771 ni-

1878 809 1956 863 hil
1983 809 2223 863 animutn
2249 809 2326 863 sic
2358 809 2691 878 exprimere,
2725 819 2784 864 ut
2812 809 2878 864 ab
2909 823 2974 863 eo
3000 811 3285 879 prodiens,
3319 827 3452 880 qua-

1879 899 2164 969 liscunque
2205 899 2426 954 tandem
2471 898 2558 952 illa
2591 899 2698 963 sit,
2749 900 2947 954 oratio.
2984 900 3060 954 De
3087 901 3306 956 domina
3343 903 3447 956 ﬁlia

1874 963 1990 1056 tua,
2021 963 2164 1060 qam
2189 989 2238 1045 ei
2269 990 2486 1053 accidit,
2515 991 2606 1044 ubi
2646 989 2956 1056 didicimus,
2994 991 3325 1046 indoluimus
3360 1011 3451 1048 ve-

1879 1081 2208 1136 hementer:
2256 1096 2521 1150 quasnam
2566 1095 2697 1135 vero
2740 1096 2960 1150 preces,
3011 1091 3105 1136 aut
3147 1085 3448 1153 cuiusmodi

1876 1171 2117 1226 lenimen
2162 1171 2540 1242 impertiamus
2582 1186 2683 1226 nos
2721 1173 2814 1242 qui
2857 1183 3171 1243 peccatores
3214 1181 3451 1232 sumus?

1875 1261 2261 1318 Verumtamen
2291 1265 2368 1318 sic
2387 1263 2480 1319 tibi
2501 1265 2848 1334 persuadeas,
2875 1267 3078 1320 nullam
3104 1267 3214 1321 vim
3249 1268 3450 1323 habere

1875 1353 2181 1410 istiusmodi
2229 1355 2526 1418 molestias,
2582 1357 2686 1410 nisi
2733 1357 2938 1411 aditum
2991 1357 3206 1426 ipsimet
3267 1375 3452 1414 socor—

1875 1446 1963 1500 dia
1993 1447 2170 1516 aliqua
2206 1447 2616 1516 patefaciamus.
2651 1448 3124 1514 Quemadmodum
3155 1452 3299 1506 enim
3332 1453 3449 1508 ﬁeri

1875 1535 2064 1604 n‘equit
2092 1575 2107 1599 ,
2150 1544 2209 1589 ut
2250 1536 2404 1591 locus
2442 1537 2714 1606 quispiam
2755 1536 2885 1592 solis
2915 1537 3080 1592 radiis
3112 1539 3412 1596 illustratus
3435 1579 3450 1603 ,

1877 1625 2178 1680 contrarias
2209 1626 2463 1682 tenebras
2493 1623 2744 1681 admitta't
2769 1670 2783 1692 ,
2847 1628 2924 1682 sic
2962 1644 3139 1698 neque
3178 1631 3339 1686 homo
3371 1634 3453 1686 di-

1875 1713 2002 1766 vino
2027 1713 2234 1767 lumine
2261 1752 2275 1777 ,
2321 1715 2426 1769 hoc
2463 1723 2546 1769 est
2591 1715 2880 1785 prudentia
2929 1725 2982 1770 et
3021 1718 3220 1773 virtute
3256 1722 3453 1792 nixus,

1873 1804 2095 1858 sinistra
2141 1805 2248 1859 ulla
2278 1806 2539 1861 daemonis
2569 1806 2758 1862 fraude
2787 1806 2908 1860 laedi
2941 1818 3141 1876 potest.
3187 1811 3454 1866 Convale-

207 1897 438 1966 ὀνόματι
465 1895 670 1965 Κυρίου
705 1893 798 1946 τοῦ
843 1890 1236 1964 θεραπεύοντος
1280 1893 1459 1946 πᾶσαν
1487 1893 1640 1947 νόσον
1682 1894 1770 1948 καὶ

1880 1903 1996 1950 seat
2015 1911 2143 1967 ergo
2163 1897 2340 1966 puella
2364 1897 2418 1952 in
2454 1899 2678 1953 nomine
2695 1900 2928 1966 Domini,
2948 1903 3038 1972 qui
3063 1911 3219 1958 sanat
3233 1918 3451 1959 omnem

203 1991 392 2043 πᾶσαν
427 1985 695 2058 μαλακίαν
716 2001 730 2015 '
762 1985 856 2038 καὶ
882 1983 1022 2037 ἔστω
1053 1984 1174 2054 χεὶρ
1199 1982 1336 2036 Θεοῦ
1364 1985 1771 2056 περιιπταμένη

197 2081 296 2134 καὶ
315 2076 714 2142 ἐπισκιάζουσα
733 2076 832 2146 τὴν
854 2075 1026 2144 αὐτῆς
1045 2074 1306 2145 κεφαλὴν,
1323 2075 1414 2127 καὶ
1429 2075 1771 2128 άποσοὸοὗσα

197 2173 387 2226 πᾶσαν
413 2171 692 2240 ἐνέργειαν
722 2167 1025 2238 βλαπτικήν
1045 2183 1062 2198 ο
1109 2166 1186 2228 ὡς
1227 2165 1294 2218 ἂν
1326 2165 1624 2218 εύεκτοῦσα
1672 2166 1769 2220 σὺν

201 2265 375 2336 μητρὶ
395 2261 637 2333 θεοφόϐῳ
664 2259 888 2330 ἀποδοίη
913 2258 1012 2322 τὰς
1030 2257 1194 2328 εὐχὰς
1215 2257 1384 2327 αὐτῆς
1407 2257 1773 2328 χαριστηρίως

195 2356 276 2426 τῷ
307 2355 523 2426 Κυρίῳ.

193 2491 343 2558 NQ".
378 2518 450 2529 —
484 2489 770 2568 Ἀντωνίῳ
813 2484 1124 2568 ἡγουμένῳ
1149 2485 1280 2568 ,τίζῦ
1331 2485 1501 2552 ἁγίου
1523 2484 1773 2568 Ῑζέῖιρονε

656 2551 756 2610 καὶ
791 2551 912 2622 τοῖς
948 2551 1070 2609 ὰὺν
1094 2553 1276 2620 αὐτῷ.
1380 2551 1386 2552 ί
1569 2551 1778 2628 [σῐιςν.]

1873 1985 2122 2040 morbum
2145 1994 2201 2042 et
2228 1987 2544 2060 languorem
2571 2004 2789 2047 omnem
2833 2009 2846 2046 :
2895 2001 2950 2048 et
2981 2009 3175 2050 manus
3216 1994 3314 2050 Dei
3344 1996 3452 2050 cir-

1871 2086 2088 2132 cumeat
2133 2087 2296 2149 atque
2337 2081 2627 2137 obumbret
2672 2092 2834 2154 caput
2884 2085 3030 2143 illius
3059 2128 3074 2153 ,
3130 2097 3185 2143 et
3234 2088 3450 2142 noxium

1875 2167 1986 2222 vim
2018 2181 2236 2222 omnem
2274 2169 2546 2240 depellat;
2593 2179 2675 2237 ut,
2722 2189 2845 2230 cum
2887 2177 2976 2247 pia
3017 2187 3212 2244 matre,
3238 2179 3453 2234 incolu-

1875 2259 1980 2314 mis
2032 2267 2158 2316 vota
2194 2275 2289 2315 sua
2328 2261 2559 2318 Domino
2597 2280 2721 2321 cum
2762 2267 3052 2338 gratiarum
3092 2271 3301 2325 actione
3329 2271 3452 2326 red-

1873 2353 1986 2409 dat.

1881 2489 2014 2552 LVI.
2045 2527 2114 2538 —
2142 2496 2372 2552 Antonio
2416 2499 2912 2624 prmpositqllsancti
2950 2501 3139 2567 Petri,
3173 2511 3222 2557 et
3267 2503 3332 2559 iis
3362 2504 3451 2574 qui

2528 2584 2644 2622 cum
2682 2586 2698 2622 ι
2745 2586 2794 2624 o.

2528 2584 2644 2622 cum
2682 2584 2794 2624 ιιιο.

195 2672 389 2723 Suadet
410 2677 466 2722 ut
487 2683 607 2734 pace
641 2667 874 2720 Ecclesiae
891 2668 989 2730 jam
1011 2681 1100 2730 per
1119 2665 1470 2729 imperatorem
1489 2669 1770 2779 vtzonst‘lltutg1

1869 2686 1908 2783 :1
1941 2678 2237 2798 pgt;larcha,
2263 2677 2797 2743 dictiseonditionlbus,
2830 2685 3210 2734 communicent.
3245 2683 3448 2746 (Baron.

263 2838 383 2901 Τὰς
411 2837 476 2890 ἐκ
506 2835 704 2905 πολλῆς
737 2834 964 2904 συνοχῆς
988 2833 1081 2886 καὶ
1110 2831 1344 2902 θλίψεως
1376 2833 1603 2905 καρδίας
1641 2851 1778 2904 γρα-

196 2931 397 3000 φείσας
447 2929 580 3000 ἡμῖν
636 2923 926 2988 ἐπιστολάς
970 2923 1122 2994 παρὰ
1168 2925 1266 2993 τῆς
1312 2926 1586 2996 πατρικῆς
1623 2925 1776 2995 ὑμῶν

195 3021 512 3091 ἁγιωσύνης
558 3018 870 3088 δεξάμενοι·
922 3017 1043 3070 ὅσον
1081 3015 1554 3088 κατεστενάξαμεν
1601 3018 1654 3070 τί
1697 3018 1780 3071 δεῖ

195 3114 291 3166 καὶ
323 3113 530 3182 λέγειν,
559 3109 865 3179 ἀδελφικοῖς
891 3107 1216 3176 σπλάγχνοις
1239 3107 1575 3178 κινούμενοι,
1603 3111 1652 3162 εί
1681 3111 1776 3162 καὶ

1944 2841 2080 2897 Cum
2116 2844 2375 2914 epistolas
2409 2856 2620 2903 vestras
2646 2863 2843 2920 magno
2877 2864 3001 2904 cum
3037 2849 3205 2938 animi
3247 2866 3451 2920 angore

1872 2941 1929 2988 et
1959 2933 2251 2990 alllictione
2282 2936 2350 2992 ad
2379 2953 2480 2993 nos
2510 2940 2744 3008 scriptas
2801 2955 2831 2994 a
2878 2948 3107 3009 paterna
3144 2933 3452 2997 'sanctitate

1871 3032 2051 3078 vestra
2109 3026 2511 3095 accepissemus
2556 3069 2572 3093 ,
2634 3036 2970 3098 quantopere
3022 3029 3450 3100 ingemuerimus

1871 3114 1998 3184 quid
2023 3115 2212 3171 dicere
2245 3117 2475 3182 attinet,
2525 3117 2778 3174 fraternis
2821 3119 3120 3175 visceribus
3152 3121 3407 3177 commoti
3434 3162 3449 3185 ,

195 3205 414 3269 ἀνάξιοι
438 3202 801 3274 τυγχάνομεν,
832 3199 926 3252 καὶ
954 3199 1016 3250 ἐκ
1047 3197 1447 3261 ταυτοπαθείας
1479 3199 1580 3264 τὴν
1613 3215 1770 3269 περι-

1876 3204 2087 3259 tametsi
2121 3205 2328 3276 indigni
2363 3207 2569 3274 simus,
2622 3223 2688 3264 ex
2731 3209 2890 3279 parili
2936 3224 3173 3266 mazrore
3207 3211 3449 3267 dolorem

195 3298 428 3366 πόνησιν
462 3293 617 3364 ὑμῶν
655 3288 1038 3361 στοχαζόμενοί
1073 3305 1131 3341 τε
1161 3288 1254 3342 καὶ
1281 3287 1772 3356 συνυφιστάμενοι;

195 3389 318 3444 οὐδὲ
349 3387 458 3459 γὰρ
486 3387 667 3449 ἄλλοις
691 3384 806 3438 ἔστι
830 3383 1192 3452 γνωρίζεσθαι
1221 3381 1282 3435 τὸ
1305 3380 1582 3452 ὀδυνηρὸν,
1609 3377 1642 3451 ἢ
1666 3382 1776 3444 τοῖς

195 3479 550 3552 ὀμοιοπαθῶς
581 3479 695 3541 τοῖς
726 3475 908 3538 αὐτοῖς
936 3472 1275 3544 ἐνεχομένοις
1303 3471 1588 3542 λυπηροῖς.
1632 3470 1774 3524 Ἀλλ’

197 3574 252 3624 αἱ
306 3569 574 3641 ἁμαρτίαι
617 3565 773 3638 ἡμῶν
810 3563 1063 3618 τοσοῦτον
1109 3562 1417 3632 ἐπλήθυναν
1451 3563 1508 3613 ἐν
1541 3562 1607 3631 τῇ
1631 3577 1773 3632 παρ-

195 3662 335 3733 ούσῃ
393 3661 554 3730 γενεᾷ
599 3659 700 3726 τῆς
749 3658 992 3726 ἀνομίας,
1021 3653 1179 3724 [C0d.
1208 3651 1341 3722 Reg.
1379 3651 1477 3723 τὴν
1517 3649 1772 3723 ἀνομίαν]

195 3753 468 3821 ψυγείσης
513 3748 612 3817 τῆς
644 3746 860 3816 ἀγάπης
891 3744 1033 3798 κατὰ
1070 3743 1161 3798 τὸν
1207 3741 1301 3796 τοῦ
1329 3741 1536 3814 Κυρίου
1580 3742 1768 3811 λόγον’

197 3843 340 3896 ὥστε
374 3844 501 3904 τοὺς
536 3838 846 3908 όφε’λοντας
871 3835 1224 3904 διαλύεινβὰ
1260 3833 1442 3887 σκῶλα
1476 3833 1569 3886 καὶ
1600 3850 1769 3904 προσ-

197 3934 482 4003 κόμματα,
503 3930 726 3992 τούτους
759 3929 827 3982 τά
875 3928 966 3980 ἶσα
1005 3927 1039 3998 ἢ
1070 3927 1208 3996 τάχα
1235 3927 1329 3978 καὶ
1354 3925 1631 3996 δεινότερα
1659 3929 1771 3989 τοῖς

195 4027 253 4078 ἐν
283 4025 408 4085 ταῖς
442 4019 636 4087 ἔξωθεν
671 4020 864 4090 ἀρχαῖς
914 4016 1060 4070 ἐστιν
1097 4015 1231 4086 ὁρᾷν
1265 4015 1620 4085 πράττοντας.
1669 4018 1782 4078 Δε-¹

198 4113 490 4186 σμωτὴριά
515 4127 670 4180 φατε,
696 4107 1017 4176 ἀπαγωγὰς,
1061 4107 1416 4176 ὀνειδισμοὺς,
1471 4106 1765 4175 διωγμοὺς,

195 4209 287 4262 καὶ
310 4205 666 4276 περιστάσεις
693 4201 1010 4272 ὑφεστάναι,
1040 4198 1133 4254 καὶ
1155 4197 1232 4252 ἔτι
1255 4197 1600 4268 ὑφίστασθαι,
1619 4197 1768 4268 παρὰ

192 4296 300 4349 τῶν
351 4292 700 4367 κρατούντων
735 4291 834 4354 τὰς
861 4288 1185 4358 Ἐκκλησίας
1219 4284 1313 4340 τοῦ
1341 4285 1506 4338 Θεοῦο
1547 4287 1639 4338 καὶ
1671 4287 1769 4357 οὐχ

192 4386 273 4438 ὅτι
301 4383 448 4450 ὑπὲρ
476 4379 694 4448 ἐντολῆς
719 4376 1076 4448 ἐνιστάμενοι,
1105 4373 1241 4428 ἀλλὰ
1272 4375 1366 4425 καὶ
1391 4373 1440 4424 εί
1469 4370 1766 4432 ἐαλωκότες

191 4474 288 4547 ἦτε
345 4477 406 4528 ἐν
454 4470 898 4544 παραπτώμασιν
949 4463 1334 4537 ἀνθρωπίνοις,
1389 4461 1638 4531 οὐδαμῶς
1699 4463 1768 4516 τά

193 4567 421 4621 τοιαῦτα
477 4564 766 4618 πανθάνειν
813 4561 930 4625 ἐξὸν
982 4554 1049 4629 ἦν
1105 4556 1233 4624 ὑμῖν
1282 4555 1432 4626 παρᾶ
1493 4553 1764 4624 ποιμένων

192 4659 326 4711 Θεοῦ
352 4674 370 4691 ο
425 4657 497 4726 μὴ
539 4656 685 4721 ὃτιγε
733 4651 874 4721 ὑπὲρ
915 4647 1173 4717 ἀληθείας
1203 4642 1507 4698 διαθλοῦσιν
1534 4661 1547 4674 ⁶
1579 4639 1660 4706 οἷς
1702 4646 1762 4698 τὸ

194 4743 537 4800 ἐπαινεῖσθαι
579 4742 670 4794 καὶ
715 4735 1112 4809 μακαρίζεσθαι
1170 4733 1604 4804 κεχρεώστηται·
1667 4733 1762 4784 κοιλ¹

192 4838 367 4890 ταῦτα
394 4833 472 4906 τῷ
505 4830 774 4904 μοναδικῷ
801 4843 1194 4895 κατακεκοσμη
1205 4825 1382 4906 μένοις
1411 4823 1763 4894 ἐπαγγέλμα-

191 4944 266 4978 τι.
300 4895 527 4978 Ἐκ
553 4895 939 4992 ἔργων-αὑτῶν
968 4895 1335 4984 ἐπιγνώσεᾶοε
1367 4916 1582 4978 αὐτοὺς,
1609 4915 1713 4984 ἔφη
1737 4917 1766 4969 ὁ

147 5075 156 5091 ν
194 5012 421 5084 Κύριος.
452 5011 524 5064 Οὐ
556 5010 725 5080 δήπου
753 5007 993 5061 τοιοῦτον
1021 5005 1170 5075 παρὰ
1193 5007 1308 5068 τοῖς
1339 5004 1516 5071 ἁγίοις
1542 5003 1767 5073 ἐγνωρί-

194 5105 322 5174 σθη·
382 5100 690 5155 τούναντίον
730 5099 788 5153 δὲ
820 5097 976 5151 αὐτοὶ
1017 5096 1215 5167 μᾶλλον
1265 5095 1593 5158 πεπονθότες
1624 5095 1764 5148 ἐδείο

193 5209 388 5249 κνυντο
404 5190 776 5260 διδασκόμενοι
803 5186 954 5258 παρὰ
981 5186 1078 5255 τῆς
1103 5185 1469 5254 ἁποστολικῆς
1497 5186 1701 5256 φωνῆς,
1724 5186 1756 5255 ἥ

195 5297 328 5350 φησι
356 5278 487 5349 περὶ
512 5275 604 5331 τοῦ
629 5276 830 5348 Κυρίου
851 5291 864 5352 ἡ
897 5276 993 5339 Ὃς
1017 5273 1600 5342 λοιδορούμενοςοὺκ
1621 5274 1759 5328 ἀντ-

193 5371 498 5438 ελοιδόρει·
518 5367 770 5436 πάσχων
789 5368 904 5420 οὐκ
918 5365 1167 5431 ἠπείλει·
1186 5366 1414 5433 παρεῖχε
1439 5363 1495 5416 δὲ
1519 5365 1760 5432 εὐμενῶς

1877 3306 2117 3351 vestrum
2159 3298 2530 3366 aestimantes,
2582 3309 2744 3370 atque
2794 3317 2898 3355 una
2941 3301 3311 3358 sustinentes?
3340 3302 3452 3357 Nec

1876 3386 2024 3440 enim
2057 3386 2180 3442 aliis
2209 3388 2336 3443 licet
2368 3390 2642 3446 molestias
2673 3391 2944 3446 aestimare
2971 3432 2987 3457 ,
3035 3408 3196 3462 quain
3250 3392 3314 3447 iis
3355 3393 3449 3463 qui

1875 3476 2141 3530 consimili
2165 3477 2362 3533 atl'ectu
2410 3480 2602 3534 iisdem
2639 3481 2904 3535 molestiis
2935 3493 3229 3550 anguntur.
3265 3481 3450 3537 Enim-

1875 3581 2004 3621 vero
2032 3575 2252 3636 peccata
2283 3580 2466 3626 nostra
2497 3588 2668 3642 usque
2695 3573 2832 3628 adeo
2878 3574 2930 3627 in
2970 3573 3074 3628 hoc
3099 3574 3297 3628 Sicculo
3338 3576 3445 3629 ini-

1871 3657 2130 3726 quitatem
2161 3674 2556 3731 exaggerarunt
2582 3663 2967 3733 relrigesceute
2997 3702 3012 3726 ,
3037 3665 3191 3734 juxta
3228 3667 3438 3721 Domini

1870 3747 2032 3802 verba
2063 3748 2130 3816 ⁸ο,
2161 3749 2458 3817 charitate;
2508 3761 2594 3817 ut,
2623 3753 2712 3822 qui
2740 3754 3064 3808 otIendicula
3101 3765 3154 3809 et
3190 3750 3445 3812 scandala

1871 3851 2158 3898 removere,
2175 3839 2445 3895 debebant
2473 3884 2488 3908 ,
2528 3858 2620 3896 eos
2655 3842 2837 3897 videre
2895 3845 2966 3898 sit
3017 3845 3167 3914 paria
3209 3862 3274 3901 ac
3324 3848 3437 3901 for-

1870 3933 2010 3980 tasse
2041 3927 2280 3996 graviora
2310 3931 2550 3985 externis
2578 3932 2984 4002 magistratibus
3018 3935 3215 3990 facere.
3252 3939 3445 3993 Carce-

1871 4032 1956 4071 res
1977 4017 2180 4082 dicitis,
2209 4021 2421 4085 exsilia,
2454 4022 2675 4091 probra,
2710 4025 3132 4092 persecutiones,
3157 4037 3212 4081 et
3243 4043 3442 4083 aaruiu-

1867 4123 1966 4163 nas
1999 4110 2325 4166 sustinuisse
2353 4128 2447 4166 vos
2470 4155 2486 4178 ,
2533 4129 2598 4170 ac
2627 4116 2920 4171 etiamnum
2965 4119 3233 4175 sustinere
3273 4121 3339 4184 ab
3379 4123 3444 4179 iis

1866 4200 1958 4269 qui
2005 4199 2278 4258 Ecclesias
2330 4201 2426 4257 Dei
2480 4205 2874 4262 moderantur:
2932 4224 3069 4278 quos
3114 4226 3220 4271 non
3268 4213 3442 4270 solum

1814 4365 1816 4368 ν
1866 4305 1965 4358 pro
1999 4291 2256 4346 mandato
2285 4303 2611 4362 pugnantes,
2646 4297 2741 4351 sed
2768 4313 2837 4351 ne
2864 4298 2908 4352 si
2935 4299 3156 4368 quidem
3189 4302 3444 4359 humanis

1865 4377 2190 4434 criminibus
2224 4381 2304 4434 rei
2331 4382 2529 4437 essetis
2550 4424 2565 4450 ,
2599 4385 2722 4442 talia
2756 4401 2993 4457 unquam
3035 4405 3065 4443 a
3097 4390 3189 4445 Dei
3219 4394 3444 4462 pastori-

1867 4469 1969 4522 bus
2009 4471 2212 4538 perpeti
2260 4471 2340 4527 fas
2375 4483 2558 4540 esset,
2609 4477 2806 4531 nedum
2846 4494 2944 4548 pro
2974 4482 3199 4536 veritate
3224 4493 3440 4538 certan-

1870 4563 1988 4622 tes',
2025 4561 2222 4629 quibus
2251 4562 2368 4618 laus
2395 4564 2624 4620 debetur
2654 4576 2708 4622 et
2739 4569 3019 4626 beatitudo
3049 4586 3062 4624 :
3099 4584 3258 4643 atque
3287 4577 3440 4630 insu-

1869 4665 1968 4720 per
2016 4653 2317 4708 monastica
2364 4656 2702 4724 professione
2751 4659 2950 4714 ornati.
3007 4681 3024 4712 ι
3059 4662 3136 4716 Ex
3185 4666 3440 4733 Operibus

1868 4756 2057 4795 eorum
2113 4749 2456 4812 cognoscetis
2513 4764 2648 4815 eos,
2681 4769 2702 4802 ι
2761 4751 2838 4804 ait
2882 4753 3144 4808 Dominus
3169 4755 3232 4808 ⁸¹.
3286 4757 3438 4811 Haud

1870 4846 2000 4888 sane
2026 4835 2149 4888 talia
2177 4838 2232 4890 in
2257 4839 2460 4893 sanctis
2483 4851 2723 4909 spectata
2757 4851 2920 4907 sunt;
2955 4845 3087 4914 quin
3119 4846 3219 4914 ipsi
3255 4858 3438 4902 contra

1870 4925 1978 4992 pati
2018 4927 2194 4994 potius
2221 4929 2322 4984 visi
2356 4940 2485 4984 sunt
2515 4970 2529 4994 ,
2571 4933 2866 5001 apostolica
2899 4951 3031 4990 voce
3062 4939 3238 4992 edocti
3265 4980 3279 5004 ,
3316 4957 3438 5010 quae

1777 5078 1786 5085 ο
1872 5013 1940 5067 de
1971 5013 2196 5072 Domino
2227 5019 2306 5073 sic
2329 5019 2407 5073 ait
2435 5038 2450 5074 :
2494 5019 2598 5086 Qui
2629 5037 2746 5076 cum
2777 5027 3175 5080 malediceretur
3196 5045 3296 5082 non
3321 5048 3435 5086 nm-

1871 5102 2125 5157 ledicebat
2155 5120 2174 5159 :
2223 5123 2342 5160 cum
2393 5117 2666 5178 pateretur
2717 5129 2821 5168 non
2871 5118 3291 5172 comminabatur
3343 5119 3388 5152 ⁸³
3420 5162 3435 5183 ,

1870 5193 2148 5261 praebebat
2186 5206 2366 5252 autem
2408 5199 2617 5269 placide
2654 5202 2895 5260 divinam
2943 5208 3214 5262 maxillam
3244 5224 3439 5278 pereu-

1869 5282 2024 5336 tienti
2056 5283 2123 5338 ⁸³.
2170 5284 2315 5341 Hinc
2343 5287 2546 5346 Christi
2596 5303 2844 5360 pastores
2876 5296 2988 5352 noti
3032 5315 3047 5352 :
3097 5297 3246 5354 illinc
3275 5298 3439 5357 alieni

1867 5391 2124 5446 episcopi.
3153 5411 3155 5414 ‹

194 5461 270 5529 τῷ
321 5459 533 5513 παίοντι
583 5458 677 5512 καί⁹
725 5455 820 5527 τὴν
864 5455 1012 5508 θείαν
1075 5454 1320 5522 σιαγόνα.
1379 5452 1660 5507 Ἐντεῦθεν
1717 5460 1765 5510 οἱ
1839 5468 2096 5536 ποιμένες
2166 5471 2403 5541 Χριστοῦ
2441 5473 2704 5547 γνώριμοι
2724 5493 2748 5551 χ
2789 5478 3042 5532 κάκεῖθεν
3077 5481 3122 5531 οἱ
3167 5479 3440 5554 ἀλλοτριο-

197 5556 510 5610 επίσκοποι.

277 5644 438 5700 Ἀλλὰ
470 5643 516 5694 τί
549 5642 629 5695 δεῖ
667 5644 856 5696 παθεῖν
883 5659 896 5707 ;
938 5641 1075 5696 κατὰ
1104 5639 1196 5712 τὴν
1226 5637 1572 5710 ἐνσκήψασαν
1604 5643 1661 5697 ἐν
1692 5649 1756 5718 τῇ

263 5823 306 5852 ³ο
341 5823 524 5879 .‘latth.
561 5840 703 5890 xxiv,
749 5824 828 5878 l2.
904 5826 947 5856 ⁸¹
978 5827 1170 5882 Matth.
1205 5845 1298 5893 vti,
1334 5829 1415 5884 l0.
1494 5830 1536 5861 ’”
1581 5831 1594 5883 Ι
1630 5830 1778 5886 l’ctt‘.
1815 5847 1875 5896 ll,
1910 5833 1996 5886 :35.

1935 5652 2041 5708 Sed
2068 5655 2244 5723 qualia
2278 5656 2386 5725 pati
2421 5673 2642 5716 necesse
2689 5673 2769 5716 est
2795 5663 2815 5714 ?
2843 5663 2911 5717 ob
2959 5662 3296 5734 ingruentem
3337 5664 3439 5720 hac

2077 5835 2119 5864 ⁸³
2155 5834 2285 5888 Luc.
2320 5852 2392 5901 γι,
2427 5836 2513 5890 26.
