4044 6366
599 388 738 456 1111

1787 395 1849 454 s.
1877 376 2270 455 THEODORI
2305 392 2650 453 STmes

3700 389 3841 454 1112

590 503 789 560 misera
814 511 972 558 :etate
1003 510 1192 558 nostra
1219 502 1618 575 improbitatem
1645 497 1926 558 hominum
1954 521 1968 557 :
1999 517 2161 572 quam

2267 503 2499 572 ταπεινῇ
2530 500 2688 572 ήμῶν
2722 502 2884 572 γενεᾷ
2921 501 3223 572 μοχθηρίαν
3241 501 3368 568 ,τῶν
3399 500 3706 573 ἀνθρώπων
3727 518 3744 534 ο
3773 503 3842 574 ην

591 596 706 662 illi,
741 595 965 666 gloriam
997 594 1260 650 ducentes
1283 634 1299 658 ,
1345 595 1509 650 etiam
1537 601 1850 661 ostentant;
1881 594 2028 664 quod
2057 593 2163 648 ini-

591 703 765 758 quum
798 695 887 742 est
917 701 1132 756 aequum
1163 685 1492 741 aestimantes
1516 724 1532 749 ,
1573 684 2059 754 auctoritatemque
2105 694 2164 741 et

591 779 880 850 imperium
904 793 1063 832 suum
1096 777 1163 832 ad
1189 775 1550 846 oppugnanda
1576 775 1672 830 Dei
1702 784 1974 846 pracepta
1999 789 2159 830 exer-

591 880 798 927 centes.
829 869 1026 925 Verum
1061 868 1136 923 illi
1167 884 1287 938 quae
1313 876 1599 938 gesserunt
1623 908 1640 933 ,
1669 883 1896 938 qumque
1925 876 2121 938 gerunt
2141 906 2158 932 ,

591 960 884 1032 aliquando
911 959 1230 1015 inveniant:
1256 967 1350 1012 aut
1375 957 1586 1014 veniam
1614 957 1793 1028 potius
1815 945 2184 1028 consequanJ

592 1063 682 1108 tur
712 1069 743 1108 a
780 1052 974 1108 Judice
1008 1051 1346 1120 incorrupto,
1399 1051 1490 1120 qui
1542 1050 1678 1106 nihil
1724 1051 2158 1118 inexploratum,

592 1147 929 1213 inultumquc
964 1144 1253 1197 rvlicturus
1280 1151 1363 1197 est
1393 1143 1447 1196 in
1486 1143 1573 1198 die
1607 1143 1818 1213 iudicii.
1860 1144 1966 1199 Vos
1996 1159 2159 1209 vero,

590 1234 787 1290 fratres
812 1231 1117 1288 charissimi
1144 1271 1158 1297 ,
1196 1247 1260 1286 ac
1288 1231 1476 1288 Patres
1505 1233 1941 1288 reverendissimi
1960 1274 1974 1298 ,
2029 1249 2161 1306 gau-

589 1325 716 1379 dete
773 1331 829 1378 ct
883 1323 1193 1390 cxsultate,
1245 1323 1501 1394 quoniam
1551 1323 1749 1379 divinae
1804 1323 2160 1380 beatitudinis

588 1414 814 1487 gloriam
876 1415 1208 1485 reportatis.
1251 1423 1308 1469 et
1349 1413 1552 1470 Christi
1593 1414 1883 1484 opprobria
1925 1414 2160 1486 gloriose

589 1505 908 1577 suscepistis
931 1545 946 1571 ,
982 1505 1195 1577 exiguis
1225 1505 1505 1560 laboribus
1535 1513 1593 1560 et
1633 1505 1891 1560 arumnis
1929 1504 2161 1561 maxima

591 1607 648 1652 et
677 1596 1011 1666 sempiterna
1044 1595 1267 1666 praemia
1292 1603 1710 1664 consequentes.
1766 1595 1833 1650 Et
1859 1595 2113 1665 quoniam
2139 1633 2157 1660 ,

591 1695 651 1742 ut
681 1687 791 1758 jam
819 1693 946 1742 ante
967 1685 1310 1756 scripsimus,
1335 1685 1430 1740 Dei
1457 1685 1649 1756 optimi
1681 1685 1946 1741 beneficio
1974 1686 2162 1742 subla-

592 1789 679 1834 tus
705 1786 789 1833 est
814 1778 882 1841 is,
911 1777 1067 1846 cujus
1089 1792 1250 1832 causa
1282 1775 1566 1832 dissidium
1603 1776 1660 1832 in
1700 1775 1941 1833 Ecclesia
1971 1786 2157 1832 nostra

590 1866 844 1924 exstitit:
872 1865 1068 1921 victrix
1107 1880 1212 1935 pax
1247 1864 1483 1920 obtinuit
1518 1873 1652 1919 nutu
1686 1873 1740 1920 et
1765 1865 2081 1920 auctoritate
2104 1875 2160 1921 et

591 1957 947 2028 benignitate,
977 1955 1168 2010 addam
1199 1947 1254 2008 et
1281 1953 1496 2008 hortatu
1520 1953 1977 2024 triumphatorum
2005 1954 2164 2010 Chri-

591 2051 768 2119 stique
793 2046 1092 2102 amantium
1111 2045 1500 2116 imperatorum
1532 2054 1877 2110 nostrorum,
1916 2060 2020 2101 nec
2050 2059 2162 2100 non

590 2155 757 2210 opera
787 2148 842 2194 et
869 2137 1186 2193 defensione
1214 2136 1544 2200 sanctissimi
1583 2137 1908 2206 patriarcha:
1952 2137 2157 2206 nostri;

592 2232 672 2288 sic
699 2230 845 2288 enim
885 2229 1143 2299 deinceps
1182 2227 1457 2299 appellare
1505 2235 1738 2298 oportet.
1789 2225 2062 2298 Suscipiat
2107 2237 2164 2286 et

591 2322 852 2379 sanctitas
879 2330 1057 2375 vestra
1085 2334 1208 2388 qua:
1253 2335 1284 2374 a
1327 2319 1485 2374 nobis
1513 2319 1809 2374 humilibus
1835 2320 2007 2375 multa
2037 2335 2164 2375 cum

593 2411 966 2483 speculatione
999 2419 1056 2466 et
1096 2409 1540 2480 investigatione,
1576 2418 2038 2479 paternarumque
2069 2424 2162 2464 ac-

595 2507 802 2561 tionum
824 2501 1306 2574 contemplatione,
1329 2518 1392 2558 ac
1406 2501 1785 2558 scandalorum
1809 2517 2023 2573 quoque
2041 2519 2164 2573 qua

593 2597 648 2653 in
681 2595 916 2654 Ecclesia
952 2594 1224 2652 interdum
1245 2591 1596 2665 contigerunt
1615 2635 1632 2660 ,
1666 2593 1962 2664 diiudicata
1985 2603 2042 2649 et
2067 2609 2164 2664 ap-

593 2688 824 2760 probata
855 2686 1077 2742 fuerunt
1117 2701 1134 2740 :
1174 2693 1236 2740 ut
1278 2684 1360 2741 sic
1401 2683 1567 2740 etiam
1603 2683 1660 2738 in
1687 2682 1893 2740 Christi
1924 2683 2165 2741 Ecclesia

591 2795 716 2851 qua
761 2777 906 2850 apud
950 2791 1052 2832 nos
1092 2785 1214 2842 est,
1265 2791 1369 2846 pax
1417 2774 1512 2831 Dei
1561 2785 1751 2848 regnet
1809 2775 1867 2831 in
1907 2777 2164 2833 cordibus

592 2868 856 2925 omnium.
888 2866 1003 2922 Nec
1030 2865 1175 2921 enim
1202 2905 1219 2931 ,
1254 2865 1362 2920 nisi
1394 2865 1499 2920 hoc
1541 2863 1774 2922 facimus
1794 2906 1812 2933 ,
1855 2875 2105 2922 sanctum
2132 2881 2165 2922 a

592 2959 706 3014 Deo
728 2955 1088 3028 reputabitur,
1110 2969 1215 3011 nec
1235 2953 1460 3010 victoria
1484 2955 1645 3011 nobis
1671 2956 1776 3012 erit
1799 2975 1812 3010 :
1839 2957 1974 3026 quin
1997 2957 2164 3012 amit-

595 3058 775 3104 temus
802 3047 1030 3103 forsitan
1056 3053 1264 3102 rectum
1303 3045 1572 3102 curiosius
1609 3046 1950 3116 inquirentes
1977 3089 1992 3112 ,
2027 3048 2162 3104 illud

2263 591 2362 645 καὶ
2381 591 2458 654 ῶς
2486 590 2712 662 αῦχημα
2740 590 3055 663 ποιοῦμενοι
3085 591 3439 662 σεμνύνονται
3463 629 3482 658 ,
3509 591 3574 645 τὸ
3600 591 3842 662 παράνο-

2264 700 2364 754 μον
2387 682 2610 753 ἔννομον
2638 682 2997 754 λογιζόμενοι,
3025 683 3144 738 κατ’
3166 683 3517 754 ἔναντιότητα
3543 681 3653 736 τῶν
3675 682 3842 736 θείων

2261 774 2706 844 προσταγμάτων
2727 773 2829 846 τὴν
2856 775 3192 846 προστασίαν
3223 775 3634 846 μετερχόμενοι.
3666 774 3842 828 Ἐκεῖ-

2261 882 2342 918 νοι
2375 866 2475 936 μὲν
2501 861 2594 919 οὖν
2621 865 2658 920 ἂ
2679 865 2972 938 δεδράκασι
3007 869 3101 921 καὶ
3125 866 3325 937 δρῶσιν
3347 866 3564 938 εὕροιεν
3584 907 3602 933 ,
3633 865 3841 936 μᾶλλον

2260 954 2318 1008 δὲ
2371 957 2776 1028 συγχωρηθεῖεν
2828 957 2979 1028 παρά
3017 957 3114 1022 τοῦ
3152 957 3450 1012 ἀδεκάστου
3497 957 3712 1029 κριτοῦ,
3743 957 3842 1010 τοῦ

2263 1045 2340 1116 μὴ
2389 1046 2568 1100 ὁτιοῦν
2605 1046 2957 1112 ἀνεξέταστον
3001 1049 3096 1106 καὶ
3135 1048 3428 1104 ἀνεύθυνον
3459 1048 3841 1119 παραδλέπειν

2264 1137 2553 1207 μέλλοντος
2592 1138 2651 1192 ὲν
2684 1138 2868 1210 ήμέρᾳ
2894 1139 3151 1209 κρίσεως.
3184 1140 3374 1210 Ὑμεῖς
3414 1141 3494 1204 δὲ,
3521 1135 3566 1194 ὧ
3613 1141 3843 1208 ἀδελφοὶ

2260 1225 2601 1296 τιμιώτατοι,
2665 1229 2758 1292 καὶ
2804 1231 3047 1301 Πατέρες
3101 1230 3556 1302 σεδασμιῶτατοι,
3605 1232 3839 1301 χαίρετε

2260 1320 2354 1374 καὶ
2381 1321 2754 1393 εὐφραίνεσθε,
2786 1323 2868 1377 ὅτι
2889 1323 2984 1378 τοῦ
3021 1323 3180 1378 Θείου
3207 1322 3557 1394 μακαρισμοῦ
3581 1323 3643 1378 τὸ
3673 1324 3838 1387 κλέος

2260 1412 2645 1483 ἀπηνέγκασθε
2671 1433 2686 1449 ·
2716 1415 2816 1469 καὶ
2841 1417 2912 1471 τά
2935 1416 3033 1485 τῆς
3053 1417 3278 1489 ἀτιμίας
3305 1416 3400 1474 τοῦ
3426 1416 3660 1488 Χριστοῦ
3687 1415 3834 1470 huic

2263 1519 2379 1572 μως
2403 1502 2752 1571 ὑπεδέξασθε,
2791 1509 3010 1577 μικροῖς
3041 1506 3233 1571 κόποις
3255 1507 3353 1562 καὶ
3383 1507 3558 1576 ἀγῶσι
3593 1507 3838 1577 μέγιστα

2259 1597 2357 1646 καὶ
2401 1597 2592 1650 αξῶνια
2628 1597 3102 1669 ἀνταμεισόμενοι.
3142 1599 3250 1653 Καὶ
3291 1599 3500 1671 ἐπειδή,
3544 1599 3687 1654 καθὰ
3744 1599 3838 1652 καὶ

2261 1687 2747 1757 προγεγράφαμεν,
2785 1688 3006 1760 εὐδοκία
3039 1688 3136 1743 τοῦ
3177 1691 3526 1760 ὑπεραγάοω
3561 1691 3698 1746 Θεοῦ
3741 1693 3838 1745 ht-

2261 1770 2438 1826 ποδὼν
2459 1774 2670 1842 γέγονε,
2700 1775 2768 1830 δι’
2795 1770 2859 1830 οὗ
2881 1779 2912 1847 ή
2936 1777 3170 1848 διχόνοια
3198 1779 3258 1833 ὲν
3277 1782 3347 1850 τῇ
3383 1781 3503 1836 καθ’
3531 1783 3676 1851 ἡμᾶς
3705 1781 3838 1836 Ἐκ-

2263 1862 2462 1936 κλησίᾳ
2482 1864 2734 1936 ὑπήρχθη
2753 1883 2770 1901 ·
2801 1866 3163 1939 βεσράόευται
3184 1871 3218 1939 ή
3243 1871 3456 1941 είρήνη,
3484 1871 3713 1942 νεύμασι
3741 1873 3838 1927 καὶ

2261 1955 2457 2024 ῥοπαῖς
2503 1955 2594 2008 καὶ
2635 1956 2942 2026 εὐμενείαις
2961 1973 2977 1989 ο
3007 1958 3302 2030 προσθείην
3332 1959 3380 2012 δ’
3411 1960 3479 2014 ἂν
3514 1962 3605 2015 καὶ
3652 1978 3835 2032 παρα·

2260 2043 2484 2114 κλήσεσι
2510 2045 2616 2100 τῶν
2644 2047 2968 2102 καλλινίκων
2994 2050 3089 2104 καὶ
3111 2049 3468 2120 φιλοχρίστων
3491 2051 3645 2122 ήμῶν
3675 2051 3833 2122 βασι-

2258 2132 2396 2188 λέων
2420 2150 2436 2165 ⁸
2497 2136 2754 2207 συνεργίᾳ
2801 2153 2861 2190 τε
2917 2140 3012 2192 καὶ
3057 2139 3321 2212 ἀπολογία
3375 2141 3469 2194 τοῦ
3519 2143 3830 2210 ἀγιωτάτου

2257 2225 2292 2292 ή
2301 2223 2416 2294 μῶν
2449 2227 2813 2298 πατριάρχουο
2837 2227 2919 2282 δεῖ
2935 2229 3042 2302 γὰρ
3071 2230 3180 2284 ἀπὸ
3204 2230 3301 2285 τοῦ
3328 2231 3424 2286 νῦν
3455 2232 3594 2287 οὔτω
3618 2233 3826 2289 καλεῖν.

2259 2315 2512 2380 Δεξάσθω
2558 2319 2653 2372 καὶ
2696 2320 2730 2391 ή
2764 2319 3007 2390 ὑμετέρα
3036 2322 3251 2393 ὁσιότης
3287 2324 3356 2378 τά
3390 2308 3697 2397 παρ’ήμῶν
3718 2329 3830 2382 τῶν

2257 2408 2528 2461 ταπεινῶν
2557 2408 2656 2462 σὺν
2683 2409 2852 2482 πολλῇ
2881 2410 3072 2481 σκέψει
3099 2413 3196 2466 καὶ
3225 2415 3558 2488 διερευνήσει
3581 2418 3828 2474 ἀναθεω·

2264 2498 2420 2569 ρήσει
2447 2515 2506 2552 τε
2534 2500 2644 2554 τῶν
2669 2502 2954 2574 πατρικῶν
2977 2504 3352 2576 ἀναστροφῶν,
3374 2507 3483 2561 τῶν
3505 2525 3565 2562 τε
3591 2509 3712 2564 ἔσθ’
3739 2512 3828 2566 ὅτε

2262 2589 2739 2646 ὑποπεπτωκότων
2774 2592 3090 2648 σκανδάλων
3121 2595 3602 2668 ἑκκλησιαστικῶν,
3633 2601 3828 2673 ἔγκρι-

2263 2679 2441 2757 θίντα,
2467 2681 2562 2736 καὶ
2609 2682 3009 2755 περαιωθέντα’
3058 2684 3146 2740 ῖνα
3177 2686 3321 2742 οὕτω
3360 2688 3457 2744 καὶ
3498 2690 3556 2744 ιν
3595 2695 3663 2763 τῇ
3707 2693 3827 2746 καθ’

2262 2770 2410 2840 ἡμᾶς
2433 2769 2589 2842 [893.
2615 2772 2737 2828 cod.
2765 2773 2933 2848 ὑμᾶς]
2963 2775 3258 2849 Ἐκκλησία
3285 2778 3380 2832 τοῦ
3407 2780 3640 2851 Χριστοῦ
3669 2781 3824 2856 [ἣδε.

2263 2860 2387 2916 cod.
2414 2860 2599 2934 Θεοῦ],
2633 2863 2667 2933 ἡ
2717 2864 2906 2936 εἰρήνη
2938 2865 3034 2919 τοῦ
3067 2865 3202 2920 Θεοῦ
3247 2867 3520 2944 βραδεύσῃ
3559 2873 3660 2938 τὰς
3688 2893 3825 2947 καρο

2262 2950 2381 3015 δίας
2407 2953 2517 3006 τῶν
2545 2952 2818 3008 ἀπάντων.
2841 2955 2974 3009 Οὐδὲ
2995 2956 3124 3029 γὰρ,
3151 2959 3200 3012 εί
3224 2960 3300 3032 μὴ
3327 2961 3483 3016 τοῦτο
3504 2966 3825 3037 πράξοιμεν,

2264 3043 2410 3096 ὅσιον
2432 3042 2510 3114 τῷ
2539 3043 2656 3115 Θεῷ
2681 3045 3094 3118 λογισθήσεται·
3118 3049 3239 3104 οὔτε
3265 3053 3398 3122 ήμῖν
3423 3056 3569 3119 νῖκος
3599 3059 3826 3127 γενήσε-

593 3141 756 3198 etiam
805 3140 950 3212 quod
992 3139 1258 3196 hactenus
1301 3138 1594 3210 praeteritis
1637 3139 1911 3196 laboribus
1958 3141 2161 3195 bonum

2263 3146 2380 3184 ται·
2409 3131 2862 3205 προσαπόλλυμεν
2885 3134 2941 3189 δὲ
2962 3136 3122 3207 τάχα,
3140 3139 3424 3211 ζητοῦντες
3453 3146 3827 3218 περισσότερον

591 3233 891 3306 exegimus.
917 3233 1163 3304 Accipite
1189 3248 1317 3304 ergo
1340 3273 1356 3299 ,
1390 3233 1726 3287 obtestamur
1749 3271 1764 3298 ,
1803 3242 1860 3287 et
1897 3233 2157 3303 suscipite

592 3323 1004 3379 sanctissimum
1040 3321 1403 3393 patriarcham
1448 3333 1693 3378 nostrum
1718 3363 1734 3389 ,
1773 3334 1830 3379 et
1857 3323 2161 3379 communi-

594 3421 736 3479 cate,
791 3412 844 3466 in
874 3412 1072 3483 quibus
1105 3411 1392 3466 manifesta
1426 3427 1536 3466 non
1575 3420 1660 3466 est
1696 3411 1970 3482 iniquitas,
1996 3412 2160 3468 etiam

593 3505 857 3575 episcopo
886 3511 1112 3558 vestro:
1165 3517 1229 3557 ea
1274 3518 1395 3573 qua:
1439 3503 1898 3569 intercesserunt,
1933 3504 2162 3560 Domino

593 3593 973 3664 permittentes
1028 3591 1242 3648 censori
1313 3601 1369 3648 et
1431 3594 1826 3649 remuneratori
1891 3594 2160 3650 factorum

594 3686 992 3756 dictorumque.
1037 3684 1118 3740 Ad
1149 3685 1252 3741 hoc
1288 3685 1434 3740 enim
1465 3685 1665 3756 ipsum,
1702 3685 1956 3756 precibus
1985 3687 2159 3742 inter-

594 3776 817 3847 positis,
847 3775 1235 3847 appellavimus
1277 3784 1332 3831 et
1360 3776 1762 3832 sanctissimum
1797 3777 2157 3848 patriarcham

595 3879 885 3936 nostrum,
931 3876 991 3924 ut
1041 3868 1353 3924 liberemini
1402 3885 1500 3924 vos
1534 3884 1749 3940 quoque
1796 3885 1828 3924 a
1867 3871 2158 3938 custodia;

594 3970 760 4030 atque
785 3975 815 4015 a
842 3960 1000 4016 vobis
1029 3960 1322 4016 constituta
1349 3961 1500 4032 pacis
1529 3961 1676 4016 inter
1704 3977 1801 4017 vos
1831 3970 2034 4018 tessera
2059 4005 2074 4028 ,
2115 3964 2161 4018 si

593 4052 726 4124 quid
748 4051 1132 4108 controversia:
1152 4051 1346 4115 subsit,
1366 4051 1509 4106 illico
1531 4050 1843 4106 decidatur:
1870 4061 1968 4106 aut
1985 4052 2030 4110 si
2055 4053 2162 4108 tale

595 4146 698 4209 sit,
745 4153 805 4200 ut
829 4153 1010 4200 vestro
1036 4142 1160 4200 istic
1201 4153 1257 4199 et
1289 4143 1730 4199 reverendissimi
1763 4143 2002 4216 episcopi
2029 4161 2157 4200 con-

596 4251 785 4307 gressu
834 4234 1014 4290 curari
1065 4243 1302 4306 nequeat
1350 4251 1365 4288 :
1419 4249 1601 4290 coram
1657 4235 1777 4304 ipso
1823 4235 2162 4290 mcumenico

596 4327 905 4397 patriarcha
951 4327 1126 4382 morbi
1172 4341 1363 4382 omnes
1393 4335 1692 4403 sanentur,
1727 4336 2162 4398 concurrantque

595 4417 848 4472 universa
872 4417 940 4474 ad
967 4418 1119 4489 pacis
1161 4417 1400 4474 ltetitiam
1431 4416 1847 4487 concordiaque
1875 4417 2162 4474 sincerita-

598 4518 704 4564 teut
711 4547 727 4564 ο

940 4800 1100 4857 LVII.
1135 4829 1204 4842 -—
1243 4798 1463 4856 Platoni
1498 4799 1658 4856 Patri
1692 4817 1811 4856 suo.

2264 3220 2324 3274 τὸ
2351 3221 2546 3287 δεξιὸν,
2584 3224 2679 3277 καὶ
2715 3223 2744 3278 ὃ
2771 3227 2884 3290 τοῖς
2915 3227 3248 3298 προλαϐοῦσι
3283 3232 3472 3297 κόποις
3498 3235 3827 3309 διηνῦκαμεν

2264 3312 2488 3382 ἀγαθόν.
2511 3314 2746 3382 Δέξασθε
2771 3318 3077 3391 τοιγαροῦν,
3106 3323 3550 3394 παρακαλοῦμεν,
3574 3327 3669 3381 καὶ
3696 3331 3825 3382 ἀπο-

2264 3399 2488 3466 δέξασθε
2519 3402 2611 3457 τὸν
2640 3403 2939 3472 ἀγιὼτατον
2985 3407 3142 3478 ήμῶν
3181 3412 3555 3483 πατριάρχηνο
3590 3418 3828 3470 κοινωνοξ

2262 3511 2323 3547 τε
2357 3493 2568 3560 ἔσεσθε,
2597 3497 2655 3549 ὲν
2687 3490 2768 3560 οἷς
2800 3498 2862 3551 οὐ
2899 3500 3178 3572 προδήλως
3206 3503 3242 3572 ἡ
3271 3505 3606 3578 παρανομία,
3639 3510 3730 3562 καὶ
3751 3511 3826 3579 τῷ

2265 3585 2386 3639 καθ’
2413 3587 2559 3658 ὑμᾶς
2606 3588 2910 3660 ὲπισκόπῳ,
2940 3591 3002 3645 τὸ
3031 3591 3120 3647 διά
3165 3594 3332 3664 μέσου
3371 3601 3826 3674 παραχωροῦντες

2265 3675 2343 3746 τῷ
2372 3677 2560 3750 Κυρίῳ
2587 3677 2666 3749 τῷ
2708 3679 2970 3752 ὲξεταστῇ
3003 3685 3098 3736 καὶ
3124 3685 3361 3758 ἀποδότῃ
3384 3688 3494 3741 τῶν
3521 3694 3823 3760 πρακτέων,

2262 3766 2377 3821 τῶν
2397 3767 2627 3839 ρητέων.
2651 3771 2796 3840 Πρὸς
2815 3771 2974 3825 τοῦτο
2996 3773 3104 3845 γάρ
3124 3775 3256 3829 αὐτὸ
3273 3777 3451 3848 δεήσει
3471 3784 3822 3852 χρησάμενοι,

2265 3859 2720 3930 παρωρμήσαμεν
2741 3861 2836 3914 καὶ
2861 3862 2954 3916 τὸν
2980 3864 3279 3932 ἁγιώτατον
3307 3869 3463 3940 ήμῶν
3488 3873 3823 3944 πατριάρχην

2266 3948 2588 4012 ἐπιστεῖλαι,
2621 3949 2696 4014 ὠς
2729 3951 2795 4004 ἂν
2829 3953 3065 4024 ἀφεθῆτε
3093 3956 3187 4010 καὶ
3215 3956 3367 4011 αὐτοὶ
3397 3959 3509 4013 τῶν
3543 3961 3819 4030 φυλακῶν·

2266 4041 2488 4111 εἰρήνης
2514 4059 2573 4095 τε
2605 4043 2854 4115 σύνθημα
2881 4045 3018 4117 πρὸς
3040 4045 3302 4119 ἀλλήλους
3323 4052 3701 4122 ποιησάμενον
3726 4055 3822 4108 κάν

2265 4146 2319 4182 τι
2357 4131 2830 4204 ἀμφιδαλλόμενον
2860 4131 2914 4210 ᾖ,
2948 4138 3147 4192 αὐτίκα
3189 4138 3500 4212 διαλυθείηε
3529 4144 3563 4214 ἢ
3600 4145 3821 4207 ἀνιάτως

2265 4220 2388 4292 ἔχον
2425 4223 2513 4277 διὰ
2547 4225 2646 4296 τῆς
2679 4226 2909 4282 ἐνταῦθα
2947 4229 3105 4299 ήμῶν
3147 4249 3206 4286 τε
3257 4233 3467 4287 καὶτοῦ
3501 4239 3817 4307 τιμιωτάτου

2266 4315 2564 4368 ἐπισκόπου
2593 4317 2976 4384 είσελεύσεωςο
3008 4322 3100 4376 ἐπὶ
3132 4325 3407 4396 παρουσίᾳ
3441 4323 3537 4378 τοῦ
3569 4327 3726 4380 αὐτοῦ
3748 4329 3819 4380 oi-

2267 4404 2592 4472 κουμενικοῦ
2621 4406 2955 4478 πατριάρχου
2979 4407 3286 4481 θεραπευθῇ
3315 4411 3383 4464 τὰ
3404 4411 3816 4483 ἀρρωστήματα,

2185 4502 2239 4560 1)
2265 4496 2357 4548 καὶ
2389 4496 2745 4568 συνδράμοιεν
2789 4497 2859 4551 τά
2905 4498 3085 4554 πάντα
3128 4500 3265 4572 πρὸς
3298 4500 3568 4573 θυμηδίαν
3612 4505 3816 4574 εἰρήνης

2269 4591 2364 4646 καὶ
2389 4589 2642 4662 ὁμονοίας
2675 4589 3102 4662 είλικρινότητα.

2555 4793 2680 4852 NZ'.
2709 4827 2779 4839 —
2804 4797 3080 4852 Πλάτωνι
3108 4798 3308 4866 οἰκείῳ
3329 4799 3536 4868 Πατρί.

597 4917 824 4979 Vinctum
848 4915 1130 4965 consolatur
1151 4914 1373 4963 vinctus:
1399 4911 1549 4963 animi
1579 4914 1658 4979 sui
1693 4918 1874 4979 statum
1893 4914 2114 4979 exponit,
2141 4910 2838 4979 pragcipuequantumrapiat
2859 4910 3070 4979 fructum
3098 4923 3171 4979 ex_
3206 4909 3528 4979 Eucharistie
3556 4924 3642 4960 usu
3667 4910 3812 4978 quoli-

690 4977 852 5035 diano,
874 4989 1026 5044 quem
1049 4974 1702 5044 magnopereucommendat.
1731 4974 1924 5044 (Exstat
1945 4971 2282 5044 hmeepistola
2302 4971 2351 5023 in
2374 4971 2476 5022 MS.
2497 4971 2700 5034 collegii
2725 4973 2882 5021 nostri
2906 4971 3203 5022 Parisiensis
3225 4980 3370 5022 extra
3399 4974 3605 5024 aliarum
3621 4971 3808 5022 seriem:

691 5035 915 5099 tempore
944 5035 1079 5098 prior
1107 5035 1166 5085 iis
1182 5035 1293 5098 qua
1325 5035 1451 5085 libro
1471 5037 1688 5086 secundo
1713 5035 2074 5094 ccutinentur.)

667 5205 812 5273 Quid
846 5205 1047 5261 misero
1071 5205 1226 5270 mihi,
1251 5205 1409 5262 Pater
1435 5215 1642 5271 sancte,
1668 5223 1731 5262 ea
1761 5207 2011 5277 praecipis
2035 5222 2156 5276 quae

599 5300 744 5355 vires
771 5311 922 5352 meas
945 5297 1247 5366 superant?
1271 5295 1382 5368 Ego
1409 5312 1438 5350 a
1467 5307 1521 5352 te
1551 5298 1722 5353 debeo
1747 5297 2008 5353 doctrinae
2039 5298 2159 5352 luce

599 5389 945 5454 collustrari;
979 5396 1034 5443 et
1062 5387 1178 5457 ipse
1208 5397 1364 5457 Optas
1411 5393 1456 5441 a'
1482 5404 1570 5442 me
1610 5389 1702 5458 qui
1751 5404 1871 5443 sum
1921 5389 2160 5444 tenebris

598 5481 807 5536 obsitus
833 5478 1071 5540 edoceri.
1103 5486 1159 5532 et
1188 5477 1291 5532 hoc
1324 5476 1510 5547 utique
1545 5493 1631 5532 me
1659 5479 1727 5533 ad
1761 5478 1928 5534 animi
1958 5479 2157 5534 demis-

599 5572 810 5628 sionem
864 5569 1184 5626 informans.
1222 5565 1332 5622 Nec
1372 5581 1504 5622 vero
1551 5568 1680 5637 quid
1726 5568 1901 5622 dicam
1944 5569 2118 5626 habeo
2144 5611 2157 5633 ,

598 5661 744 5732 quod
766 5661 836 5716 sit
860 5659 1089 5730 tempori
1119 5657 1584 5714 accommodatum
1609 5701 1623 5724 ,
1650 5657 1782 5723 nisi,
1811 5673 1898 5713 res
1921 5669 2158 5726 nostras,

601 5755 714 5809 Deo
752 5752 1079 5822 disponente
1104 5793 1118 5818 ,
1171 5749 1414 5820 perbono
1459 5750 1577 5805 loco
1622 5764 1763 5804 esse.
1813 5749 1947 5806 Nam
1988 5750 2033 5806 si
2065 5751 2158 5806 Dei

605 5859 785 5902 amore
815 5844 1058 5902 nonnulli
1087 5884 1099 5909 ,
1131 5842 1380 5899 abdicato
1407 5843 1742 5915 magistratu,
1773 5841 1840 5901 ad
1871 5842 2159 5918 longinqua

2333 5203 2450 5255 Ἵνα
2477 5201 2531 5254 τί
2567 5219 2677 5272 μοι,
2714 5201 2894 5273 Πάτερ
2919 5202 3062 5270 ἅγιε,
3092 5203 3170 5276 τῷ
3210 5204 3380 5277 ἀθλίῳ
3421 5207 3713 5279 ἐπιτάσσῃς
3750 5205 3812 5257 τά

2265 5294 2406 5365 ὑπὲρ
2455 5294 2583 5363 sui;
2628 5293 2770 5363 Ἐγὼ
2814 5295 3004 5365 χρείαν
3048 5295 3156 5367 ἔχω
3199 5297 3305 5352 ὑπὸ
3335 5297 3432 5352 σοῦ
3467 5298 3810 5368 φωτίζεσθαι,

2266 5389 2359 5440 καὶ
2390 5385 2550 5450 αὐτὸς
2585 5385 2768 5456 ζητεῖς
2797 5387 2927 5458 παρ’
2955 5387 3091 5458 ἐμοῦ
3135 5388 3230 5442 τοῦ
3273 5390 3653 5460 ἐσκοτισμένου
3693 5406 3810 5442 κατ-

2263 5476 2532 5547 ηχεῖσθαι.
2578 5476 2739 5530 Ἀλλά
2776 5478 2871 5532 καὶ
2903 5478 3062 5532 τοῦτο
3086 5479 3273 5534 τυπῶν
3306 5498 3374 5550 με
3405 5482 3542 5553 πρὸς
3568 5490 3810 5535 ταπεινω-

2268 5585 2372 5622 σιν.
2410 5568 2523 5621 Οὐκ
2549 5562 2664 5622 οῖδα
2685 5568 2742 5622 δὲ
2769 5570 2823 5622 τί
2848 5571 2986 5623 εῐπω
3017 5571 3097 5641 τῷ
3125 5572 3304 5643 καιρῷ
3331 5573 3652 5644 πρόσφορον,
3683 5572 3712 5641 ἦ
3735 5571 3806 5622 ὅτι

2267 5658 2445 5722 καλῶς
2472 5658 2827 5732 ᾠκονόμησεν
2861 5661 2892 5712 ό
2917 5661 3047 5726 Θεὸς
3080 5664 3148 5718 τὰ
3184 5663 3305 5716 καθ’
3332 5665 3501 5734 ἡμᾶς.
3534 5664 3595 5718 Ei
3619 5663 3715 5731 γὰρ
3749 5660 3808 5712 ἐκ

2266 5751 2538 5819 φιλοθεῒας
2562 5755 2706 5818 τινὲς
2733 5755 3124 5822 καταλιπόντες
3150 5759 3247 5822 τὰς
3277 5757 3622 5830 ὑπαρχούσας
3647 5755 3808 5814 αὐτοῖς

2267 5845 2580 5916 ἡγεμονίας,
2616 5851 2834 5921 μακράν
2865 5866 2966 5904 που
2997 5852 3402 5924 ἀποδραμόντες
3436 5853 3511 5925 τῷ
3538 5853 3805 5923 ήσυχαστι-
