4044 6366
225 383 374 450 1113

1453 385 1992 450 EPISTOLARUM
2025 385 2174 448 LIB.
2216 385 2268 446 Ι.

3354 385 3490 449 1114

220 502 308 571 κῷ
348 499 448 571 βίῳ
493 497 964 570 ἑμακαρίσθησαν.
1004 497 1130 564 Πῶς
1167 500 1330 571 ἡμεῖς
1359 501 1409 554 ol
1439 493 1692 556 ταπεινοὶ
1717 500 1804 555 διά

1909 496 2171 568 profecti,
2216 495 2330 550 vita
2375 492 2431 548 in
2470 493 2768 550 solitudine
2803 507 3046 566 peracta,
3085 496 3276 553 felices
3303 501 3490 555 existi-

217 592 388 661 νόμον
423 589 559 644 Θεοῦ
583 589 1050 661 πεφρουρισμένοι
1087 592 1146 644 έν
1174 590 1377 663 ὲξορίᾳ,
1410 592 1512 646 οὐκ
1534 592 1798 661 ἀγαλλια-

217 675 447 752 σῶμεθα
478 683 538 735 έν
580 681 791 752 Κυρίῳ,
835 680 997 752 χάριν
1019 680 1168 750 αὐτῷ
1195 681 1536 752 λογιζόμενοι
1575 683 1672 736 καὶ
1699 684 1802 738 δω-

219 773 352 844 ρεάν
391 771 675 844 μεγίστην,
707 772 790 826 ὅτι
815 770 1095 842 ὴξιὼμεθα
1119 774 1178 826 έν
1210 771 1395 844 μέτρῳ
1420 772 1646 844 τοιούτῳ
1669 790 1803 828 κατ-

215 867 485 936 αντῆσαι,
530 849 576 931 ᾧ
602 863 792 918 πολλοὶ
829 865 1110 934 ἐφιέμενοι
1148 865 1248 918 οὐκ
1279 865 1575 936 ὲπέτυχονς
1616 867 1800 922 Κάθου

215 958 306 1028 δὴ,
331 957 512 1028 Πάτερ
541 972 642 1026 μου
671 956 817 1024 ἀγιε,
850 956 910 1008 ὲν
932 947 978 1022 ᾧ
1005 955 1156 1026 τόπῳ
1174 957 1204 1009 ὁ
1223 955 1376 1020 Θεὸς,
1417 957 1532 1010 ἀλλ’
1569 958 1672 1011 οὐκ
1703 957 1801 1012 ἀν-

217 1053 460 1122 θρωπος,
489 1051 620 1103 είσω
649 1048 958 1120 έφρούρησέ
987 1065 1048 1102 σε
1093 1049 1200 1113 ἓως
1233 1049 1428 1121 καιροῦ
1449 1068 1464 1081 ο
1497 1051 1622 1104 ἐπεὶ
1667 1050 1801 1121 μηδὲ

217 1144 382 1212 ίσμεν
405 1141 458 1195 τί
483 1141 705 1213 τέξηται
733 1141 768 1210 ὴ
801 1139 1034 1193 ὲπιοῦσα
1056 1155 1072 1170 ⁰
1117 1139 1227 1192 εἴτε
1262 1140 1456 1204 οὕτως,
1487 1141 1597 1194 εἴτε
1625 1140 1804 1204 ἄλλως

215 1235 320 1304 τῆς
350 1232 610 1304 προνοίας
635 1229 959 1300 κελευούσης
981 1245 998 1262 ο
1033 1221 1128 1285 καὶ
1156 1230 1348 1296 δόξαζε
1389 1232 1481 1285 τὸν
1501 1231 1802 1298 δοξάσαντά

218 1340 282 1377 σε
313 1321 540 1393 Κύριον,
568 1307 658 1375 διά
676 1321 776 1392 τῆς
804 1323 1150 1392 μαμυρικῆς
1181 1309 1273 1373 σου
1297 1311 1604 1383 ἐνστάσεως
1639 1321 1738 1394 (1).
1783 1357 1800 1375 .

217 1454 234 1470 .
283 1455 299 1470 .
344 1452 362 1470 .
405 1455 420 1472 .
463 1453 479 1470 .
522 1454 540 1472 .
584 1451 600 1468 .
643 1455 658 1470 .
702 1453 717 1468 .
761 1454 775 1468 .
821 1452 837 1468 .
865 1413 958 1467 τὸν
980 1412 1144 1477 ἄρτον
1174 1430 1270 1468 σου
1303 1414 1422 1484 μετ’
1447 1415 1802 1488 εὐχαριστίας

215 1504 313 1558 καὶ
353 1505 550 1575 χαρᾶς,
580 1502 639 1557 δν
681 1503 870 1570 ἔδοξαν
901 1503 951 1558 οι
977 1503 1252 1574 ἄνθρωποι
1286 1505 1484 1578 πικρόν
1514 1523 1596 1560 σοι
1639 1523 1805 1576 προσ·

215 1595 427 1668 φέρειν.
455 1593 621 1648 οῦπω
643 1610 726 1647 σοι
751 1592 984 1664 δύναμις
1008 1594 1066 1646 έν
1087 1593 1168 1666 τῷ
1197 1596 1360 1665 γήρει
1377 1609 1393 1625 ⁸
1419 1595 1606 1649 κόπων
1627 1598 1802 1668 ἀσκη-

217 1687 389 1742 τικῶν
441 1685 942 1758 προηγωνισμένων
995 1701 1078 1738 σο.
1124 1686 1194 1738 ὲν.
1226 1687 1296 1757 τῇ
1339 1685 1580 1756 νεότητι,
1621 1685 1803 1757 χάριτι

214 1775 460 1848 Χριστοῦ
491 1774 633 1830 κατά
665 1775 866 1830 πάντα.
893 1772 994 1828 Διά
1019 1772 1180 1828 τοῦτο
1208 1773 1515 1846 παρακαλῶ
1538 1774 1631 1829 καὶ
1657 1775 1803 1827 ἀντι-

1901 590 2032 644 mati
2091 595 2265 644 sunt:
2323 585 2602 657 quomodo
2643 599 2746 640 nos
2797 586 3066 652 humiles,
3123 597 3349 658 propter
3392 590 3490 645 Dei

1905 681 2081 752 legem
2112 681 2166 736 in
2193 679 2446 736 custodia
2478 677 2780 746 exsilioque
2812 677 3016 748 positi,
3043 693 3155 735 non
3185 679 3493 737 iactabimur

1903 773 1959 828 in
1991 773 2258 838 Domino,
2299 769 2528 842 gratiam
2567 769 2738 839 ipsius
2779 776 3134 838 reputantes,
3175 769 3492 840 donumque

1901 865 2221 930 maximum,
2249 862 2398 932 quod
2439 861 2588 932 digni
2623 859 2796 916 habiti
2825 874 3015 916 sumus
3035 897 3050 922 ,
3080 860 3176 930 qui
3204 875 3266 916 ea
3295 862 3492 917 condi-

1905 957 2056 1010 tione
2081 968 2364 1018 essemus,
2411 968 2574 1022 quam
2597 952 2962 1023 complures,
2979 967 3111 1010 cum
3139 950 3452 1010 aﬂ'ectarent
3472 993 3492 1022 ,

1901 1062 2013 1101 non
2047 1055 2176 1101 sunt
2203 1043 2430 1114 adepti?
2466 1045 2630 1099 Mane
2652 1044 2856 1113 itaque,
2887 1043 2961 1098 mi
2995 1042 3156 1099 Pater
3183 1053 3392 1112 sancte,
3433 1047 3494 1102 in

1901 1153 1976 1193 eo
2015 1151 2126 1207 quo
2155 1145 2212 1191 te
2251 1135 2397 1190 Deus
2417 1175 2434 1200 ,
2467 1151 2578 1190 non
2608 1135 2775 1190 homo
2805 1135 2994 1204 utique
3013 1175 3030 1200 ,
3063 1135 3132 1190 ad
3161 1145 3379 1206 tempus
3403 1136 3494 1191 in-

1907 1229 2073 1284 clusit
2104 1229 2256 1284 loco:
2303 1226 2744 1298 quandoquidem
2795 1227 3104 1297 ignoramus
3149 1228 3276 1297 quid
3307 1243 3494 1298 super-

1900 1330 2123 1375 ventura
2169 1320 2353 1390 pariat
2393 1318 2506 1372 dies
2533 1318 2636 1383 “,'
2667 1318 2783 1372 sive
2819 1317 2934 1383 sic,
2977 1318 3095 1373 sive
3133 1319 3320 1384 aliter,
3350 1335 3492 1388 quo-

1900 1428 2121 1483 cunque
2149 1427 2237 1468 res
2261 1455 2276 1479 ,
2311 1411 2656 1482 providentia
2699 1409 3055 1480 praecipiente
3079 1449 3093 1473 ,
3128 1419 3346 1466 vertant
3374 1427 3392 1479 ;
3435 1421 3493 1466 et

1903 1501 2194 1556 Dominum
2225 1499 2464 1572 gloriﬁca
2487 1541 2503 1564 ,
2549 1499 2643 1568 qui
2671 1497 2938 1570 gloriﬁeat
2976 1505 3030 1554 te
3055 1497 3101 1530 "
3144 1499 3216 1554 ob
3249 1506 3490 1570 pugnam

1903 1593 2047 1649 hanc
2071 1601 2217 1648 tuam
2249 1591 2511 1662 martyrio
2541 1605 2728 1660 parem
2762 1629 2778 1645 .
2805 1627 2822 1643 .
2867 1629 2883 1644 .
2928 1628 2944 1644 .
2991 1631 3007 1646 .
3045 1628 3061 1644 .
3105 1631 3121 1648 .
3159 1627 3176 1644 .
3222 1631 3238 1646 .
3263 1605 3495 1661 panem-

1906 1694 2059 1740 tuum
2129 1699 2254 1739 cum
2300 1683 2598 1754 gratiarum
2654 1681 2874 1738 actione
2935 1691 2993 1738 et
3030 1681 3228 1752 gaudio
3253 1723 3270 1748 ,
3327 1697 3490 1753 quem

1901 1775 2230 1831 videbantur
2307 1772 2559 1829 homines
2625 1774 2966 1830 acerbiorem
2999 1775 3117 1830 tibi
3174 1774 3483 1846 assignare.

216 1868 383 1934 εολῶ,
413 1868 508 1922 καὶ
538 1866 789 1938 βρώμασι
819 1866 914 1920 καὶ
947 1867 1154 1938 πόμασι
1184 1866 1279 1920 τοῦ
1303 1867 1798 1939 κατατρυχωμένου

1902 1867 2138 1924 Delectas
2191 1867 2288 1922 tibi
2327 1869 2381 1921 in
2437 1863 2730 1923 senectute
2777 1867 2956 1928 vires,
2997 1875 3077 1922 tot
3117 1876 3246 1922 ante
3296 1868 3353 1922 in
3404 1869 3496 1938 ju-

218 1959 476 2031 σῶματος
503 1956 1024 2028 ἀντιλαμϐάνεσθαι.
1053 1957 1144 2027 Μὴ
1168 1955 1439 2030 παραιτοῦ
1458 1973 1474 1990 ·
1509 1959 1674 2028 ἀρκεῖ
1719 1973 1804 2013 σοι

216 2056 251 2124 ἠ
293 2053 546 2123 μόνωσις,
580 2053 614 2120 ἠ
645 2047 945 2120 κάθειρξις,
974 2050 1008 2120 ἡ
1031 2049 1258 2130 ἐρημία,
1284 2051 1317 2121 ή
1352 2050 1736 2131 ὑποστέρησις,
1768 2053 1804 2122 ἡ

218 2141 492 2211 ἀδυναμία
523 2138 646 2192 τοῦ
685 2140 892 2208 γήρους
937 2137 1080 2207 μετά
1110 2135 1204 2191 καὶ
1235 2137 1556 2203 ἀσθενείας·
1602 2143 1637 2211 ἠ
1675 2141 1806 2211 περὶ

216 2233 374 2303 ἡμᾶς
408 2247 470 2283 τε
497 2231 626 2291 τοῦς
652 2215 1012 2298 ἁμαρτωλοὺς
1051 2227 1146 2280 καὶ
1177 2228 1306 2291 τοὺς
1333 2228 1531 2292 ἄλλους
1560 2229 1802 2300 φροντίς.

230 2323 326 2377 Ἦν
372 2321 583 2382 τούτοις
635 2318 925 2388 ὑπομένων
967 2317 1268 2389 αὑταρκοῦ,
1315 2317 1676 2391 καθαρότητα
1707 2319 1806 2389 θη-

219 2413 396 2485 ρεύων
423 2411 532 2467 τῶν
560 2409 839 2480 λογισμῶν
865 2407 952 2463 διὰ
989 2409 1092 2478 τῆς
1139 2410 1669 2480 μετεωροπορήσεως
1705 2411 1807 2483 τῆς

215 2507 409 2579 τιμίας
439 2523 535 2560 σου
563 2504 762 2576 ψυχῆς.
795 2503 992 2558 Ἦνίκα
1019 2503 1090 2558 τὰ
1111 2502 1239 2576 ἄρτι
1265 2501 1328 2555 τδ
1352 2501 1620 2574 έρημικδν
1645 2503 1808 2574 πρόσο

215 2616 390 2664 εστιν,
422 2595 664 2668 εὐχερῶς
695 2597 725 2648 ό
752 2594 898 2658 νοῦς.
936 2593 1125 2666 ὥσπερ
1167 2591 1275 2646 ὑπὸ
1305 2593 1545 2664 σωλῆνος
1578 2594 1808 2663 σφιγγό-

220 2707 388 2762 μενον
421 2687 586 2758 ὕδωρ,
617 2684 798 2740 δύνατ’
827 2685 894 2738 ἀν
920 2684 1241 2756 ἀνατρέχειν
1273 2684 1338 2737 ἑκ
1374 2685 1485 2738 τῶν
1523 2685 1804 2755 χαμαιζή-

215 2782 331 2836 λων
361 2780 496 2852 πρὸς
531 2779 601 2833 τὰ
630 2779 948 2848 ἐπουράνια.
979 2775 1150 2830 Τοῦτό
1190 2778 1309 2830 ἐστι
1351 2775 1414 2830 τὸ
1445 2776 1800 2846 ζητούμενον,

215 2873 284 2928 τὸ
345 2870 485 2944 μετά
543 2867 678 2923 Θεοῦ
738 2871 805 2939 τῇ
857 2867 1240 2938 ἀπροσπαθείᾳ
1296 2867 1377 2930 είς
1426 2867 1515 2920 ἀεὶ
1559 2865 1799 2921 ἔσεσθαι.

217 2964 370 3036 Πλὴν
394 2965 444 3034 οἱ
467 2961 691 3032 πόλεμοι
724 2960 1004 3028 στεφάνων
1031 2958 1198 3012 αἴτιοι
1227 2958 1377 3030 παρὰ
1404 2958 1511 3011 τῶν
1542 2958 1804 3030 Πατέρων

219 3054 382 3126 ἡμῶν
413 3052 684 3125 ὁρίζονται
704 3069 717 3082 ·
753 3051 894 3103 ὥστε
939 3051 987 3102 εί
1036 3049 1130 3102 καὶ
1161 3047 1560 3120 πολεμούμενοι
1592 3050 1806 3124 ἐνιστά-

223 3145 386 3217 μεθα,
413 3145 571 3216 νίκης
598 3139 990 3214 ἀποφερόμεθα
1015 3139 1171 3204 κλέος
1195 3140 1336 3194 κατά
1364 3139 1460 3194 τοῦ
1492 3140 1802 3212 ἡττημένου

218 3238 494 3293 διαϐόλου.

1905 1966 2068 2014 vente
2109 1957 2436 2024 exantlatis,
2478 1955 2684 2012 Christi
2749 1971 2978 2026 prorsus
3029 1955 3322 2022 beneﬂcio,
3364 1955 3494 2013 vita:

1903 2049 2154 2105 as‘ceticae
2170 2048 2472 2104 laboribus.
2490 2047 2856 2114 Quamobrem
2893 2047 3122 2101 obsecro
3143 2055 3198 2101 et
3227 2047 3488 2111 obtestor,

1904 2154 1967 2198 ut
2019 2144 2143 2198 cibo
2193 2151 2439 2212 ac-potu
2488 2133 2702 2211 corpori
2767 2139 3034 2194 exhausto
3065 2139 3383 2195 subvenias.
3409 2138 3490 2194 Ne

1905 2245 2096 2291 recusa
2133 2250 2148 2287 :
2198 2230 2399 2286 sumcit
2445 2230 2542 2285 tibi
2592 2230 2864 2296 solitudo,
2913 2245 3146 2297 carcer,
3193 2245 3444 2286 secessus
3471 2271 3489 2297 ,

1905 2323 2158 2392 colloquii
2194 2322 2398 2392 inopia,
2416 2336 2599 2376 rerum
2624 2321 2870 2376 omnium
2904 2320 3156 2390 penuria,
3203 2321 3492 2376 imbecilli-

1908 2422 1991 2468 tas
2015 2423 2130 2469 tum
2176 2411 2246 2468 ab
2271 2421 2436 2468 atate
2459 2453 2474 2479 ,
2513 2421 2630 2467 tum
2657 2413 2726 2466 ab
2755 2413 3099 2483 aegritudine,
3135 2413 3226 2468 illa
3251 2413 3492 2483 denique

1905 2505 1976 2559 de
2015 2504 2176 2560 nobis
2227 2504 2610 2575 peccatoribus
2661 2503 2898 2574 aliisque
2951 2504 3286 2560 sollicitudo.
3344 2503 3493 2560 Satis

1906 2595 2007 2652 tibi
2034 2596 2107 2652 sit
2137 2595 2240 2652 ista
2265 2597 2540 2652 sustinere
2562 2637 2578 2664 ,
2621 2595 3014 2668 cogitationum
3049 2598 3268 2653 interim
3315 2613 3489 2654 mun-

1905 2685 2095 2740 ditiam
2141 2686 2518 2754 conse'ctanti,’
2571 2677 2756 2742 erecta
2809 2678 3250 2743 ad‘sublimium
3301 2702 3487 2743 rerum

1905 2778 2424 2848 contemplationem
2497 2779 2713 2851 egregia
2780 2787 2985 2835 mente.
3047 2779 3278 2846 Quando
3336 2795 3487 2835 nunc

1906 2869 2144 2924 solitudo
2192 2870 2388 2937 adest,
2436 2870 2588 2926 nullo
2621 2871 2841 2943 negotio
2870 2887 3066 2938 mens,
3119 2871 3488 2940 instar-aqua:

1906 2976 2006 3031 per
2044 2961 2156 3015 vim
2206 2976 2237 3016 e
2285 2961 2466 3015 ﬁstula
2511 2961 2890 3031 erumpentis,
2948 2964 3016 3016 ab
3068 2961 3298 3032 abiectis
3335 2961 3486 3016 [mini

1907 3052 2074 3107 rebus
2123 3052 2192 3108 ad
2248 3052 2491 3110 cmlestia
2539 3053 2794 3124 prosilire
2838 3061 3040 3124 potest.
3072 3051 3191 3108 Iloc
3232 3053 3364 3108 illud
3403 3060 3488 3106 est

1905 3143 2053 3214 quod
2081 3143 2396 3214 quaerimus,
2435 3153 2496 3199 ut
2528 3160 2652 3200 cum
2683 3145 2796 3200 Deo
2827 3146 2880 3200 in
2912 3153 3238 3217 perpetuum
3270 3144 3442 3198 simus
3467 3184 3484 3209 ,

1822 3225 1866 3288 C
1901 3252 1999 3306 per
2030 3236 2442 3306 {immunitatem
2483 3253 2512 3293 a
2539 3238 2686 3294 vitiis
2711 3278 2748 3307 ,.
2777 3239 3036 3310 copulati.
3075 3237 3346 3293 Caeterum
3391 3252 3486 3292 co-

221 3344 390 3386 ronas
433 3323 741 3381 dimicando
794 3317 1139 3393 cumparari,
1193 3335 1225 3376 a
1277 3318 1532 3376 Patribus
1588 3323 1796 3380 nostris
1867 3326 2139 3380 sancitum
2233 3335 2339 3382 est.
2405 3324 2767 3392 Quamobrem
2819 3327 2911 3394 si,
2964 3326 3067 3382 vel'
3109 3326 3280 3398 pressi
3342 3327 3503 3382 bello.

219 3429 535 3492 perstamus
559 3457 577 3483 ,
631 3413 873 3470 victoria;
926 3413 1140 3468 laudem
1171 3453 1187 3479 ,
1251 3422 1512 3482 superato
1551 3415 1805 3482 diabolo,
1840 3428 2203 3489 reportamus.
3023 3429 3027 3434 ‘
3414 3408 3429 3421 ’

308 3510 451 3580 Ἐγὼ
498 3510 554 3563 δὲ
596 3509 922 3579 αἰσχύνομαι
959 3509 1268 3578 ᾑσχημένος
1313 3505 1390 3561 ὢν
1426 3510 1540 3572 τοῖς
1577 3507 1798 3573 πάθεσι,

218 3601 449 3658 τοιαῦτα
477 3600 613 3672 πρὸς
641 3600 704 3654 σὲ
735 3599 825 3653 τδν
855 3599 1074 3669 Πατέρα
1112 3616 1214 3669 μου
1246 3599 1618 3671 φθεγγόμενος
1638 3616 1653 3630 ο
1681 3600 1800 3654 ἀλλ’

219 3693 581 3764 ⁴ὴνάγκασμαι
622 3689 691 3743 δι’
717 3689 964 3759 ὑπακοήν
991 3672 1106 3743 σου.
1136 3687 1316 3742 Καλὸν
1358 3688 1420 3742 τὸ
1443 3688 1670 3759 λυθῆναι
1701 3690 1801 3760 τῆς

222 3785 566 3852 πολυδέσμου
593 3781 988 3853 προσπαθείας,
1020 3781 1114 3835 καὶ
1153 3780 1387 3851 δεθῆναι·
1408 3781 1490 3853 τῷ
1513 3781 1803 3853 άκορέστῳ

224 3877 392 3946 ἔρωτι
421 3873 644 3944 Κυρίου.
674 3873 979 3945 Συμφέρον,
1011 3872 1194 3946 Πάτερ
1227 3890 1351 3943 μου,
1378 3871 1439 3925 τό
1469 3872 1802 3942 ἀποσχέσθαι

221 3962 328 4035 τῆς
357 3965 465 4018 τῶν
492 3963 680 4017 παθῶν
711 3963 998 4030 δυσωδίας,
1025 3962 1118 4017 καὶ
1142 3960 1530 4034 ὀσφραίνεσθαι
1570 3961 1672 4032 τῆς
1703 3959 1801 4015 τοῦ

223 4059 540 4127 πνεύματος
562 4056 808 4120 εὐωδίας.
839 4056 1124 4128 Μακάριόν
1166 4055 1228 4109 τὸ
1267 4053 1672 4126 κατανυχθῆναι
1717 4054 1804 4106 ὲν-

222 4148 424 4210 ταῦθα,
455 4151 552 4202 καὶ
581 4148 814 4202 κλαῦσαι
852 4148 1014 4219 ὑπὲρ.
1057 4189 1072 4204 .
1115 4184 1130 4198 .
1176 4185 1194 4202 .
1235 4188 1250 4202 .
1294 4186 1310 4202 .
1357 4185 1372 4201 .
1413 4186 1430 4203 .
1475 4186 1491 4201 .
1537 4188 1550 4202 .
1593 4185 1608 4200 .
1651 4184 1666 4200 .
1706 4147 1803 4200 καὶ

223 4241 551 4311 ἀγαλλίασις
599 4239 674 4311 τῷ
707 4239 932 4310 τοιούτῳ
967 4241 1026 4292 έν
1057 4241 1192 4294 πᾶσι
1240 4239 1634 4311 προηγουμένῳ
1785 4277 1800 4293 .

221 4333 394 4386 Θεοῦ·
421 4333 478 4396 ὃς
507 4331 756 4404 καθάπερ
785 4332 896 4403 πῦρ
921 4333 1011 4385 ὅτε
1060 4333 1119 4386 ὲν
1159 4333 1225 4403 τῇ
1255 4331 1398 4404 ψυχῇ
1441 4332 1688 4404 γένηται,
1713 4334 1806 4402 ιγ-

225 4414 593 4495 καταφὲῦγειν
641 4424 851 4491 πέφυκε
905 4425 1005 4488 τὰς
1061 4424 1308 4487 εἰσϐολὰς
1358 4426 1456 4496 τῆς
1503 4424 1800 4496 ἁμαρτίας.

225 4515 357 4579 Πῶς
399 4515 455 4568 δὲ
489 4515 549 4570 οὑ
596 4515 882 4586 φοϐητέον,
906 4514 966 4568 ὃν
997 4515 1310 4584 φρίττουσιν
1344 4515 1564 4584 ἄγγελοι
1589 4531 1602 4546 ·
1640 4512 1700 4570 οῦ
1725 4514 1804 4586 τῷ

226 4607 506 4678 βλέμματι
537 4607 768 4660 δονεῖται
799 4608 833 4677 ἡ
854 4606 1030 4670 κτίσις
1052 4623 1066 4639 ο
1095 4598 1140 4675 ᾧ
1169 4607 1639 4678 παραστησόμεθα
1667 4608 1804 4662 πάνυ

222 4715 322 4760 τες
365 4698 564 4768 γυμνοὶ
620 4697 717 4751 καὶ
760 4697 1277 4767 τετραχηλισμένοιο
1332 4697 1527 4770 μικρὸν
1571 4682 1806 4776 ,ὕστερον

1969 3511 2054 3566 Me
2079 3527 2230 3572 vero.
2256 3511 2342 3568 cui
2373 3511 2699 3582 cupiditates
2730 3512 3020 3582 imperant,
3050 3513 3317 3584 ejusmodi
3340 3516 3482 3585 apud

1902 3611 1956 3658 te
1997 3603 2209 3657 Patrem
2246 3617 2426 3657 meum
2463 3603 2710 3658 oratione
2756 3603 2834 3656 uti
2867 3603 3034 3672 pudet
3067 3621 3082 3658 :
3112 3604 3208 3659 sed
3253 3615 3480 3660 coactus

1902 3691 2024 3755 feci,
2051 3702 2109 3746 ut
2136 3692 2230 3748 tibi
2261 3707 2467 3746 morem
2500 3708 2766 3764 gererem.
2792 3693 3084 3748 Pulchrum
3114 3703 3196 3749 est
3216 3695 3484 3765 cupidita-

1903 3774 2018 3836 tum
2052 3782 2258 3838 absolvi
2298 3782 2556 3848 vinculis,
2592 3792 2649 3839 et
2693 3783 2970 3854 inexpleto
3031 3783 3247 3839 Domini
3297 3801 3482 3841 amore

1903 3877 2223 3948 constringi.
2277 3877 2533 3947 Expedit,
2576 3879 2649 3933 mi
2703 3876 2884 3950 Pater,
2937 3893 2969 3932 a
3023 3885 3164 3933 tetro
3222 3878 3481 3934 vitiorum

1903 3969 2074 4024 odore
2124 3968 2443 4034 abscedere,
2499 3983 2564 4023 ac
2611 3969 2930 4024 suavitatem
2973 3969 3193 4040 spiritus
3240 3971 3480 4025 odorari.

1905 4060 2056 4116 Felix
2088 4061 2434 4130 faustumque
2466 4059 2559 4116 hic
2598 4061 2787 4116 dolore
2814 4061 3001 4132 pungi,
3053 4076 3117 4116 ac
3147 4061 3332 4132 lugere
3361 4077 3484 4132 pro-

1903 4160 2028 4223 pter
2055 4193 2068 4207 .
2092 4193 2136 4208 ..
2159 4192 2172 4206 .
2197 4192 2212 4207 .
2240 4195 2253 4208 .
2274 4194 2286 4207 .
2305 4194 2318 4206 .
2339 4193 2353 4208 .
2375 4192 2388 4207 .
2415 4193 2429 4207 .
2479 4162 2537 4208 et
2575 4152 2703 4209 huic
2733 4153 3046 4217 exsultatio,
3079 4152 3170 4222 qui
3216 4153 3270 4206 in
3299 4153 3481 4207 omni-

1904 4244 2006 4299 bus
2051 4244 2230 4315 primo
2271 4229 2412 4298 loco
2464 4283 2478 4299 .
2559 4283 2574 4299 .
2655 4285 2668 4297 .
2749 4283 2762 4298 .
2826 4243 3066 4296 timorem
3101 4241 3230 4296 Dei:
3277 4242 3478 4311 quippe

1905 4335 1997 4407 qui
2037 4336 2210 4391 instar
2237 4335 2378 4408 ignis
2400 4350 2525 4390 cum
2557 4335 2609 4388 in
2644 4335 2829 4388 animo
2866 4333 3049 4399 fuerit,
3092 4333 3196 4389 hoc
3221 4334 3382 4388 habet
3419 4342 3477 4387 nt

1905 4428 2111 4498 peccati
2165 4429 2428 4498 impetum
2468 4427 2711 4497 effugiat.
2751 4425 2870 4493 Quo
2911 4417 3096 4480 autem
3162 4436 3321 4496 pacto
3365 4441 3476 4478 non

1906 4519 2000 4573 ille
2036 4519 2480 4574 extimescendus
2515 4559 2530 4583 ,
2587 4533 2749 4588 quem
2803 4518 2977 4588 angeli
3025 4527 3267 4588 pavent:
3319 4518 3476 4584 cujus

1906 4609 2154 4664 contuitu
2202 4625 2288 4665 res
2321 4609 2500 4665 omnis
2531 4617 2708 4664 creata
2764 4609 3062 4662 turbatur:
3109 4607 3197 4663 cui
3247 4607 3374 4660 nudi
3421 4615 3476 4658 et

1908 4700 2017 4770 apti
2063 4716 2256 4756 omnes
2306 4698 2604 4755 astabimus
2632 4701 2700 4764 ⁸⁸,
2741 4701 2906 4770 paulo
2980 4714 3106 4753 mox
3166 4698 3474 4753 mercedem

223 4789 624 4868 ἀποληψόμεθα
669 4787 779 4842 τῶν
819 4787 1168 4859 βεϐιωμένων
1196 4787 1296 4853 τὰς
1328 4788 1624 4859 ἀμείψεις;
1664 4789 1804 4858 Ἐγὼ

1909 4806 2097 4847 eorum
2129 4807 2251 4862 quae
2276 4793 2330 4846 in
2365 4794 2474 4846 vita
2521 4791 2812 4863 egerimus,
2864 4791 3183 4862 accepturi?
3207 4790 3318 4862 Ego
3348 4805 3480 4844 vero

301 4904 351 4936 “
379 4902 542 4958 Prov.
569 4919 735 4968 χχιιι,
765 4904 820 4958 1.
894 4903 942 4935 ⁸⁵
972 4901 993 4956 Ι
1023 4901 1158 4975 Reg.
1190 4919 1249 4970 ιι,
1283 4903 1374 4960 50.
1444 4901 1492 4935 ⁸⁸
1524 4901 1662 4958 Heb.
1695 4921 1770 4966 Iv,
1807 4905 1894 4960 l5.

1719 4989 1956 5050 NOTAE.

304 5084 380 5154 (1)
407 5083 544 5140 Cod.
569 5080 744 5154 Vatic.
775 5083 901 5149 633,
937 5083 976 5137 l‘.
1009 5085 1100 5139 Μ.
1135 5083 1372 5154 Epistola
1397 5083 1463 5138 ad
1496 5083 1798 5154 Platonem,

223 5152 370 5226 quae
386 5164 472 5209 est
498 5153 640 5224 apud
671 5152 1228 5226 Sirmondumlacera
1262 5154 1432 5226 lib._t,
1461 5153 1560 5226 57._
1589 5155 1663 5208 lbi
1689 5158 1802 5224 pri-

225 5223 320 5281 ma
356 5225 827 5324 lacuna'exp’leltour
859 5239 890 5278 a
921 5223 1110 5324 |codice
1139 5224 1218 5278 sic
1251 5224 1610 5324 εὲσθίρινΙτδν
1636 5223 1802 5296 ἀρτον

223 5313 324 5375 σου
351 5294 502 5374 μετ’..
522 5303 626 5348 etc.
657 5294 900 5363 Reliqua:
921 5294 1132 5350 lacunae
1166 5308 1276 5347 non
1303 5295 1592 5363 explentur
1629 5294 1802 5350 a'co-

223 5369 350 5422 dice
373 5365 590 5448 ιιιιιιιιο.
611 5363 864 5445 Attamen
895 5363 1017 5448 cod.
1045 5379 1166 5448 pag.
1197 5363 1266 5444 ὃς)
1295 5363 1351 5427 b,
1385 5365 1498 5448 haec
1521 5365 1803 5448 habentur

224 5435 604 5514 supplementa
667 5434 720 5488 iu
764 5443 1018 5500 excerpto
1065 5434 1135 5486 ἐκ
1182 5434 1298 5514 ξῆς
1328 5434 1480 5501 πρὸς
1509 5434 1802 5488 Πλάτωνα

224 5502 338 5558 τὸν
375 5505 596 5559 ἑαυτου
628 5503 860 5566 Πατέρα
913 5505 1266 5566 ἐπιστοληςο
1316 5504 1427 5566 Τὰς
1456 5502 1802 5566 τεχνολογίας

223 5520 338 5558 τον
375 5520 596 5559 εαυτου
628 5520 860 5570 ιιατερα
913 5520 1266 5570 saturatur,"
1317 5520 1427 5566 1a;
1456 5520 1804 5572 τεχνολογιας

225 5575 340 5627 τῶν
373 5574 683 5643 ὐποκλὶνειν
730 5590 790 5625 σε
822 5573 920 5643 τῆς
947 5573 1203 5643 ἀληθείας
1241 5571 1599 5643 πειρωμένων
1635 5573 1804 5643 μηδὲν

221 5644 424 5698 πτοοῦο
481 5642 682 5706 ἁπλοῦς
735 5646 763 5695 ὁ
821 5642 1225 5713 λόγοςίφησὶν
1273 5642 1381 5711 γάρ
1429 5658 1531 5695 που
1576 5642 1606 5695 ὁ
1639 5642 1803 5712 ἅγιος

1909 5086 2229 5162 ξΕπιφάνιος
2251 5087 2309 5162 ὲν
2345 5085 2581 5162 τῶ-περξ.
2618 5085 2711 5162 τοῦ
2741 5085 2946 5162 Πάσχα
2969 5085 3200 5162 (ογ-οἷος
3223 5089 3288 5141 ἂν
3387 5090 3479 5143 ἄυ-

1899 5157 2316 5229 θρωπος,παρά
2342 5157 2487 5229 τᾲ-ὲν
2517 5157 2736 5229 τῇνθείᾳ
2764 5158 2952 5229 Γραφῇ
2986 5159 3214 5228 κείμενα
3238 5157 3476 5228 συτῖεου-

1897 5227 2090 5300 λεύων,
2131 5226 2497 5300 ἀπὸῗκαρδίας
2525 5226 2674 5300 λαλεῖ
2709 5226 2816 5300 καὶ.⁷
2829 5226 3142 5300 ἐντάλματα
3173 5226 3478 5300 ἀνθρώπων

1897 5297 2168 5369 διηγεῖται
2181 5314 2204 5369 j
2238 5298 2332 5349 καὶ
2361 5298 2490 5369 περὶ
2519 5297 2630 5369 τῶν
2648 5297 2921 5369 -τοιοῦτων
2943 5298 3104 5369 ,φέρω
3134 5301 3201 5352 τά
3227 5297 3321 5352 τοῦ
3349 5301 3480 5351 ἀπο·

1900 5363 2090 5439 στόλου
2136 5363 2335 5439 λέγειν,
2382 5363 2462 5439 ὅτι
2511 5366 2867 5439 έάνξᾶγγελος
2916 5363 2976 5434 ἐξ
3021 5363 3251 5439 οὐρανοῦ
3306 5372 3472 5432 ἐστιν,

1907 5435 2158 5506 ἀνάθεμα
2188 5434 2356 5506 αὐτῷ.
2394 5435 2523 5503 (Sed
2555 5437 2700 5506 enim
2725 5434 2761 5490 a
2787 5439 2968 5492 verbis
3001 5434 3205 5500 ἁπλοῦς
3235 5439 3301 5491 ad
3339 5439 3472 5490 ἀνά-

1909 5505 2058 5575 θεμα
2101 5505 2457 5576 αὺτῷννοιέὺιι
2483 5505 2672 5560 eadem
2704 5507 3002 5562 recitantur
3042 5508 3096 5561 iu
3127 5509 3245 5561 cod.
3295 5524 3347 5576 p.
3382 5510 3472 5572 63,

1909 5575 2074 5646 ctiam
2097 5590 2162 5646 ex
2191 5575 2420 5644 epistula
2446 5576 2512 5646 ad
2546 5577 2810 5646 lgnatium
2837 5577 3055 5644 ﬁlium.)
3088 5607 3157 5616 -—
3182 5575 3314 5632 Asc.
3347 5576 3471 5642 MM,

1910 5645 2165 5700 Biblioth.
2193 5662 2310 5700 nov.
2353 5655 2392 5701 ι.
2426 5644 2514 5713 ιν,
2539 5644 2591 5716 νζ
2627 5647 2751 5700 102.

319 5757 388 5824 (⁸7)⁵
423 5757 495 5824 En
533 5757 735 5824 §tud_ita
794 5759 1013 5824 agnoscit
1043 5761 1094 5824 ul
1137 5752 1408 5817 genuinum
1438 5755 1698 5818 Epiphanii
1741 5771 2019 5808 sermonem
2076 5759 2293 5822 aliquem
2343 5761 2405 5810 dc
2457 5761 2706 5810 Past'halc.
2756 5760 2947 5817 Rcupsc
3002 5761 3046 5809 in
3103 5773 3330 5821 sermone
3357 5761 3485 5824 lipi—

221 5817 392 5882 pbauii
433 5819 496 5869 de
531 5819 770 5872 Paschate
797 5832 892 5869 non
923 5817 1256 5868 inveniuntur.
