4044 6366
559 340 698 404 1115

1743 341 1802 400 S.
1842 337 2236 398 THEODORI
2274 337 2616 397 S'I‘UDITAE

3665 337 3796 402 1116

550 450 758 516 infelix,
793 465 916 504 cum
971 451 1110 505 nihi.
1147 465 1336 504 eorum
1366 463 1489 519 quae
1545 448 1968 503 commemoravi
2023 447 2127 500 sim
2158 494 2162 505 ,

2240 447 2286 499 δὲ
2322 450 2350 501 6
2389 449 2576 514 τάλας,
2603 440 2666 498 ιδ
2685 446 2859 500 οὐδενὶ
2880 442 2956 500 ὧν
2981 441 3137 500 εἷπον
3162 445 3355 500 ἑαυτὸν
3395 445 3804 516 καταλαμδανὸν

550 547 850 602 assecutus,
886 539 941 592 in
962 555 1176 593 summo
1198 553 1432 592 maerore
1455 538 1622 592 animi
1655 547 1967 591 sanctarum
1996 549 2124 605 pre-

552 646 676 686 cum
734 640 950 685 tuarum
1005 645 1165 700 opem
1217 631 1473 699 elllagito,
1509 637 1570 682 ut
1621 629 1936 698 aperiantur
1979 627 2124 684 oculi

554 721 754 776 mentis
800 736 954 784 mete,
993 730 1054 774 ut
1092 735 1283 775 verum
1309 735 1550 773 amorem
1583 719 1884 788 degttstem.
1919 717 2024 773 Sed
2045 727 2128 774 est

555 812 688 864 mihi
722 811 885 866 simul
917 825 1041 866 cum
1085 811 1268 864 animo
1295 824 1495 878 corpus
1523 824 1741 878 quoque
1768 809 2123 875 imbecillum,

559 912 617 956 nt
641 905 750 958 scis
783 919 798 968 ;
824 913 880 958 et
927 903 1057 972 quid
1105 917 1260 974 agam
1292 903 1533 957 incertus
1557 918 1700 957 sum.
1731 902 1864 956 Nam
1895 903 1940 957 si
1967 904 2129 972 paulo

559 991 817 1059 majorem
873 990 1132 1045 adhibere
1183 996 1439 1043 conatum
1500 989 1684 1052 velim,
1741 987 1911 1056 perdo
1963 988 2128 1040 etiam

557 1085 875 1152 quantulum
923 1084 1118 1138 habeo.
1165 1083 1282 1138 Una
1323 1083 1459 1136 mibi
1495 1081 1801 1136 consolatio
1835 1088 2128 1150 superest;

557 1188 717 1241 quam
754 1181 809 1226 et
838 1171 934 1226 tibi
969 1186 1238 1240 exponam
1264 1186 1487 1226 necesse
1517 1179 1618 1235 est,
1647 1170 1720 1224 mi
1756 1170 1916 1225 Pater
1943 1188 1957 1223 :
1984 1172 2131 1239 quod

561 1277 758 1332 nempe
787 1263 1092 1326 didicerim,
1128 1279 1194 1317 ex
1231 1263 1466 1317 lectione
1506 1271 1560 1316 et
1608 1278 1710 1317 usu
1744 1263 2129 1327 Orientalium,

558 1361 814 1424 oportere
845 1368 940 1409 eos
961 1353 1054 1423 qui
1081 1354 1244 1408 vitam
1279 1354 1335 1407 in
1363 1367 1640 1409 secessum
1667 1359 1858 1422 agunt,
1895 1353 2132 1421 singulis

559 1444 772 1509 diebus,
805 1444 848 1498 si
882 1445 1100 1514 quidem
1145 1443 1260 1497 fleri
1301 1443 1494 1512 possit,
1540 1443 1865 1512 participare
1895 1442 2133 1496 divinam

559 1535 1021 1591 communionem.
1057 1535 1217 1590 Hunc
1264 1550 1470 1588 morem
1527 1534 1761 1597 servavi,
1795 1533 1888 1603 qui
1931 1535 2133 1588 misero

559 1625 694 1679 mihi
725 1640 884 1694 opem
917 1624 1116 1690 attulit,
1181 1633 1430 1679 revocata
1459 1623 1790 1693 cngitatione
1831 1639 1864 1678 a
1922 1623 2136 1680 vitiosis

559 1714 725 1768 animi
754 1713 1012 1776 motibus,
1044 1724 1265 1784 propter
1287 1713 1416 1767 doni
1447 1713 1840 1782 praestantiam,
1871 1729 1993 1783 quae
2017 1731 2136 1769 me-

561 1814 674 1860 tum
702 1805 914 1861 incutit.
946 1806 1082 1859 Nam
1103 1806 1231 1876 quid
1262 1805 1460 1874 majus,
1488 1807 1602 1860 sive
1627 1805 1694 1860 ad
1725 1806 1988 1872 laetitiam,
2019 1807 2134 1860 sive

561 1896 628 1950 ad
659 1896 1126 1951 collustrationem
1147 1896 1313 1950 animi
1343 1910 1466 1950 esse
1500 1895 1726 1950 omnino
1743 1905 1919 1964 potest
1949 1897 2132 1952 divina

563 1988 987 2042 communione?
1017 1988 1076 2042 lu
1103 1989 1325 2043 calicem
1350 1997 1530 2042 autem
1553 1989 1782 2044 vitreum
1806 1989 2134 2058 peculiarem

565 2077 694 2130 vino
717 2076 927 2140 defuso,
961 2092 1025 2130 ac
1067 2076 1294 2131 solemni
1347 2077 1646 2145 precationi
1681 2087 1922 2146 peracta,
1955 2093 2136 2146 quan-

565 2184 728 2237 quam
753 2169 1006 2239 indignus
1025 2168 1151 2222 doni
1167 2183 1392 2238 compos
1409 2167 1500 2222 tio.
1533 2167 1716 2224 Indica
1747 2169 1881 2224 mihi
1911 2178 2134 2224 rectene

563 2275 738 2330 agam,
771 2276 842 2314 an
865 2275 1042 2314 secus.
1077 2260 1224 2316 Ultra
1263 2299 1280 2315 .
1301 2299 1317 2314 .
1344 2299 1359 2314 .
1379 2300 1394 2314 .
1418 2301 1432 2314 .
1452 2300 1466 2314 .
1494 2259 1695 2316 labores
1718 2265 1986 2333 fructuum
2011 2273 2130 2316 tuo-

564 2364 678 2400 rum
714 2349 1074 2417 manducare;
1107 2349 1291 2402 beatus
1325 2366 1399 2414 es,
1432 2349 1506 2404 mi
1539 2349 1722 2417 Pater,
1776 2362 1824 2406 et
1855 2353 1980 2406 bene
2028 2353 2127 2406 tibi

559 2438 744 2502 erit",
773 2439 866 2509 qui
892 2439 1188 2494 multorum
1220 2440 1382 2496 Pater
1401 2456 1480 2506 es,
1505 2451 1666 2511 atque
1695 2443 1762 2497 ad
1793 2453 2005 2498 tantum
2024 2444 2134 2500 vir-

565 2528 695 2584 tutis
725 2530 951 2600 gradum
982 2529 1305 2600 perduxisti,
1347 2541 1406 2585 ut
1449 2548 1597 2587 nunc
1634 2549 1827 2589 omnes
1868 2535 1922 2588 in
1940 2535 2135 2590 exsilio

564 2626 782 2686 prouter
813 2619 944 2688 legis
969 2619 1185 2676 Domini
1210 2621 1524 2678 mandatum
1561 2633 1868 2678 versentur.
1891 2624 1974 2678 Tu
2004 2641 2136 2681 vero

566 2721 664 2776 pro
689 2709 942 2765 omnibus
971 2725 1087 2775 ora,
1119 2717 1175 2766 ut
1198 2727 1416 2766 cursum
1463 2711 1567 2782 ipsi
1589 2722 1992 2770 consumment.

2227 556 2412 609 μενος,
2451 539 2853 609 σκυθρωπάζω,
2875 540 2975 609 τὴν
3013 539 3122 592 τῶν
3152 539 3324 606 ἁγίων
3352 538 3528 608 εὐχῶν
3560 556 3654 592 σου
3685 542 3798 593 ἑπι-

2225 631 2454 702 κουρίαν
2484 631 2674 693 αίτῶν,
2715 632 2795 693 εἰς
2833 630 3096 694 διάνοιξιν
3137 631 3244 683 τῶν
3274 630 3372 701 τῆς
3397 631 3578 701 ψυχῆς
3603 633 3800 701 ὀφθαλ-

2229 722 2348 794 μῶν
2371 739 2385 754 ο
2433 723 2515 785 είς
2563 722 2755 790 γεῦσιν
2799 721 2894 775 τοῦ
2929 722 3350 792 ὅντοςέρωτος.
3387 723 3528 776 Ἀλλ’
3554 723 3671 776 ἐστι
3715 741 3800 793 μοι

2228 817 2324 869 σὺν
2355 818 2422 884 τῇ
2452 815 2597 884 ψυχῇ
2647 815 2744 869 καὶ
2784 815 2846 867 τὸ
2889 814 3048 883 σῶμα
3085 814 3334 879 ἀσθενὲς,
3373 814 3452 878 ὡς
3481 811 3662 877 οἶσθα,
3713 818 3801 868 καὶ

2225 905 2326 958 οὐκ
2353 900 2449 957 οἷδ’
2487 905 2516 956 ὅ
2552 921 2604 956 τι
2650 904 2948 973 χρήσομαι.
2981 903 3194 972 Μικρὸν
3223 902 3332 972 γάρ
3371 905 3420 956 εἰ
3453 903 3590 966 δόξω
3623 903 3801 970 βιάζε-

2229 995 2376 1058 σθαι,
2405 992 2625 1048 ἀπόλλω
2651 995 2745 1047 καὶ
2765 994 2903 1064 ὅπερ
2927 993 3122 1064 μικρὸν
3149 994 3386 1062 κατέχω.
3425 993 3572 1046 Μίαν
3599 993 3802 1061 ταύτην

2229 1082 2576 1152 παρηγορίαν
2615 1082 2826 1152 εὕρηκα
2851 1097 2865 1110 ⁸
2899 1083 2996 1136 καὶ
3021 1081 3139 1136 δέον
3169 1081 3462 1135 ἀναθέσθαι
3492 1100 3596 1146 σοι,
3622 1083 3802 1152 Πάτερ

2233 1188 2369 1241 μου·
2413 1170 2476 1236 ἐξ
2519 1171 2877 1239 ἀναγνώσεως
2911 1172 3006 1224 καὶ
3051 1171 3302 1242 χρήσεως
3327 1172 3434 1225 τῶν
3471 1172 3803 1225 ἀνατολικῶν

2234 1257 2442 1328 μαθὼν,
2467 1259 2528 1312 τὸ
2562 1258 2759 1330 χρῆναι
2787 1261 2914 1320 τοὺς
2941 1259 3316 1330 ἡσυχάζοντας
3348 1261 3397 1312 εί
3421 1260 3650 1313 δυνατὸν
3685 1261 3801 1313 καθ’

2231 1351 2467 1418 ἑκάστην
2495 1349 2930 1418 μεταλαμὸάνειν
2962 1349 3061 1419 τῆς
3091 1349 3241 1412 θείας
3273 1351 3580 1413 κοινωνίας.
3621 1351 3804 1420 Ἐχρηο

2235 1441 2415 1510 σάμην
2441 1439 2633 1504 οὕτως,
2659 1441 2754 1494 καὶ
2779 1433 2938 1510 εὗρον
2969 1440 3225 1510 βοήθειαν
3245 1443 3273 1494 6
3294 1441 3478 1505 ἄθλιος
3497 1458 3510 1472 ·
3544 1442 3804 1494 ὑποστελο

2233 1527 2465 1597 λομένης
2497 1528 2597 1597 τῆς
2634 1528 2870 1591 διανοίας
2922 1531 2986 1582 ἐκ
3029 1529 3130 1598 τῆς
3182 1531 3466 1600 ὲμπαθοῦς
3515 1533 3803 1601 κινήσεως,

2233 1622 2322 1675 διὰ
2361 1621 2464 1693 τὴν
2506 1619 2598 1674 τοῦ
2640 1619 2814 1690 δώρου
2861 1619 3101 1690 ἐμφοϐον
3141 1622 3434 1693 ὑπεροχήν.
3466 1624 3579 1676 Καὶ
3614 1623 3669 1675 τί
3701 1623 3804 1692 γὰρ

2241 1711 2425 1783 μεῖζον
2456 1713 2536 1774 εἰς
2567 1711 2885 1781 ἀγαλλίασιν
2913 1714 3008 1766 καὶ
3031 1713 3312 1783 φωτισμὸν
3345 1714 3430 1781 εῐη
3453 1714 3519 1767 ἂν
3541 1717 3610 1784 τῇ
3635 1713 3804 1783 ψυχῇ,

2167 1784 2208 1838 Β
2236 1804 2401 1857 πλέον
2432 1805 2532 1873 τῆς
2566 1803 2714 1867 θείας
2744 1805 3063 1870 κοινωνίας;
3107 1805 3195 1857 Ἑν
3227 1806 3471 1876 ποτηρίῳ
3509 1805 3566 1858 δὲ
3609 1804 3807 1875 ὑαλίνῳ

2236 1895 2587 1966 άφορισμένῳ
2625 1894 2914 1966 προϐαλὼν
2938 1891 3100 1961 οἶνον,
3131 1895 3225 1948 καὶ
3256 1895 3556 1964 εὐξάμενος
3586 1897 3654 1949 τὰ
3683 1913 3808 1949 συν-

2237 1987 2366 2058 ήθη,
2407 1988 2619 2058 μετέχω
2643 1987 2672 2039 ὀ
2695 1986 2912 2050 ἀνάξιος
2941 1987 3035 2040 τοῦ
3065 1987 3260 2058 δώρου.
3299 1989 3409 2041 Καὶ
3441 1989 3684 2059 δήλωσόν
3721 2006 3807 2058 μοι

2238 2077 2855 2148 είκαλῶςποιῶ,ἢοίί.
2895 2078 3043 2148 Πέρα
3085 2116 3100 2132 .
3143 2117 3158 2132 .
3199 2116 3214 2131 .
3260 2118 3274 2133 .
3318 2119 3335 2132 .
3377 2119 3392 2133 .
3435 2117 3450 2132 .
3496 2118 3512 2132 .
3554 2119 3571 2133 .
3614 2096 3808 2147 ,καρ-

2239 2171 2370 2225 πῶν
2396 2186 2514 2227 σου
2542 2169 2864 2240 φάγεσθιιι·
2895 2169 3179 2238 μακάριος
3228 2166 3300 2232 εἷ,
3331 2171 3516 2240 Πάτερ
3553 2187 3681 2240 μου,
3713 2170 3807 2223 καί

2229 2262 2430 2329 καλῶς
2468 2279 2570 2317 σοι
2607 2261 2801 2326 ἔσται,
2836 2263 3032 2332 Πατὴρ
3057 2261 3406 2332 χρηματίσας
3436 2262 3683 2315 πολλῶνο
3715 2264 3809 2315 καὶ

2229 2359 2310 2423 εἰς
2355 2357 2522 2428 μέσον
2562 2356 2766 2426 ἀρετῆς
2799 2353 3050 2408 τοσοῦτον
3083 2353 3331 2423 ἀγαγὼν.
3369 2355 3514 2408 ὥστε
3546 2353 3717 2408 τανῦν
3755 2357 3809 2408 ὲν

2230 2448 2415 2520 ἑξορίᾳ
2446 2447 2716 2518 ὑπάρχειν
2760 2445 2886 2509 τοὺς
2909 2446 3115 2508 πάντας
3151 2445 3220 2498 δι’
3251 2444 3472 2516 ἐντολὴν
3496 2445 3663 2515 νόμον
3695 2447 3807 2498 Κυ-

2233 2541 2374 2610 ρίου.
2437 2538 2578 2592 mw
2623 2536 2926 2608 ὑπερεὺχου
2973 2538 3132 2605 πᾶσι,
3176 2535 3462 2591 τελειῶσαι
3501 2538 3684 2601 αὐτοῖς
3721 2536 3812 2590 τὸν

2239 2632 2460 2704 δρόμον.

1636 3045 2079 3134 ΒΙΒΛΙΟΝ
2155 3045 2761 3136 ΔΕΥΤΕΡΟΝο

1129 3228 1234 3284 Ἐκ
1273 3225 1394 3283 τῶν
1422 3213 1721 3298 διαφόρων
1747 3226 1935 3283 αὑτοῦ
1972 3227 2318 3283 ἐπιστολῶν
2348 3229 2574 3301 ἐκλογὴ
2623 3230 2737 3300 τῆς
2771 3229 2974 3299 τρίτης
2991 3228 3252 3300 ἐξορίας.

1638 3502 2001 3650 LIBER
2082 3556 2738 3649 SECUNDUS.

1487 3749 1570 3802 Ex
1604 3751 1825 3805 diversis
1854 3750 1968 3821 ejus
1992 3749 2228 3820 epistolis
2263 3749 2502 3805 collectio
2553 3747 2698 3804 tertii
2737 3746 2936 3802 exsilii.

650 3906 692 3962 l.
720 3938 785 3949 —
811 3907 1218 3963 lconomachicae
1243 3910 1462 3978 synodo,
1492 3918 1745 3978 tanquam
1764 3924 1828 3962 ea:
1856 3923 2076 3978 persona

2251 3907 2332 3961 A'.
2348 3935 2420 3948 —
2444 3904 2522 3974 Τῇ
2551 3898 2993 3978 Εἰκογομαχικῇ
3019 3897 3382 3978 συνωφεὼς
3403 3896 3473 3951 ἐκ
3497 3895 3815 3965 προσώπου

1029 3980 1261 4032 omnium
1301 3979 1719 4047 prwpasitorum.

2641 3969 2887 4028 πάντα)ιὲ
2919 3970 3036 4026 τῶν
3066 3969 3432 4040 ἡγουμένων.

1385 4093 1673 4156 Dogmatica
1693 4095 1755 4143 de
1779 4091 1962 4143 sanctis
1980 4088 2300 4155 imaginibus.
2345 4071 2547 4152 (Baron.
2573 4099 2652 4135 an.
2675 4084 2785 4148 8M,
2811 4099 2861 4134 n.
2886 4082 2990 4146 56.)

653 4175 865 4230 Divinis
888 4175 1096 4246 legibus
1138 4176 1526 4246 canonicisque
1565 4176 1801 4232 decretis
1847 4177 2152 4246 obsequen-

587 4277 689 4330 tes,
721 4281 842 4336 quze
875 4276 1069 4336 prater
1090 4267 1331 4336 episcopi
1375 4269 1458 4322 sui
1488 4270 1819 4324 sententiam
1853 4270 1908 4324 in
1941 4270 2010 4324 iis
2029 4285 2152 4339 quae

585 4360 653 4413 ad
705 4358 1126 4413 ecclesiasticam
1193 4360 1532 4429 disciplinam
1589 4364 1884 4430 pertinent,
1942 4363 2148 4417 nedum

586 4464 709 4519 quae
740 4449 805 4503 ad
837 4449 1168 4520 dogniatieas
1197 4451 1526 4519 quaestiones
1559 4451 1853 4514 deducunt,
1899 4453 2035 4506 nihil
2068 4453 2152 4523 agi

586 4542 671 4596 vel
709 4540 818 4596 diei
846 4550 1094 4610 oportere
1123 4541 1389 4596 deﬁniunt
1419 4557 1433 4606 ;
1460 4557 1583 4596 cum
1605 4543 1672 4597 ab
1702 4544 2029 4599 auctoritate
2059 4558 2154 4598 ve-

588 4642 700 4687 stra
733 4634 903 4689 semel
941 4643 1101 4703 atque
1141 4632 1338 4687 iterum
1373 4633 1439 4688 ad
1485 4635 1609 4688 talia
1639 4651 1743 4690 nos
1770 4635 2008 4690 humiles
2025 4651 2156 4690 evo-

586 4739 874 4789 carentur;
903 4725 1017 4779 ausi
1067 4740 1177 4778 non
1209 4724 1427 4789 fuimus,
1485 4735 1676 4795 prater
1704 4744 1766 4780 ea
1792 4743 1911 4795 qua:
1961 4735 2157 4782 statuta

591 4826 719 4870 sunt
745 4825 986 4885 agentes,
1010 4816 1271 4870 accedere
1300 4833 1313 4881 ;
1347 4825 1405 4870 ut
1432 4817 1523 4886 qui
1549 4817 1648 4871 sub
1686 4833 1835 4872 sacra
1867 4834 2030 4871 manu
2065 4819 2158 4874 Ni-

591 4907 814 4975 cephori
844 4907 1175 4962 sanctissimi
1229 4908 1555 4979 patriarchae
1588 4908 1772 4962 divino
1799 4907 2005 4977 Spiritu
2027 4923 2159 4962 con-

591 4998 764 5052 stituti
797 5013 1006 5052 sumus.
1047 4998 1336 5070 Postquam
1377 5011 1557 5054 autem
1599 5000 1816 5069 quidam
1859 5015 1925 5054 ex
1969 4999 2161 5054 ordine

592 5099 784 5146 nostro
842 5092 1137 5159 praepositi,
1187 5092 1339 5161 quasi
1403 5093 1706 5162 periculum
1763 5092 1982 5161 aliquod
2045 5091 2161 5145 fac-

596 5181 725 5245 turi,
789 5183 1162 5236 accedenduin
1205 5183 1330 5248 sibi,
1395 5194 1450 5239 et
1489 5184 1756 5253 oppositis
1817 5182 2163 5238 sermonibus

597 5275 1036 5344 respondendum
1116 5288 1449 5330 censuerunt
1509 5295 1520 5330 :
1587 5275 1718 5344 quid
1786 5275 1933 5329 aliud
2005 5274 2163 5329 nobis

597 5367 790 5422 audire
865 5366 1066 5432 liceat,
1136 5381 1299 5434 quam
1377 5382 1497 5434 quae
1591 5365 1792 5418 humile
1876 5382 1969 5419 cor
2032 5381 2161 5420 nos-

2322 4173 2528 4243 Νόμοις
2559 4170 2724 4233 θείοις
2752 4168 2848 4223 καὶ
2884 4165 3186 4230 κανονικοῖς
3227 4162 3598 4233 θεσπίσμασιν
3623 4161 3816 4229 ἑπόμε-

2252 4279 2356 4330 νοι,
2398 4260 2494 4314 τοῦ
2538 4260 2614 4332 μὴ
2660 4259 2768 4312 δεῖν
2811 4256 2960 4327 παρὰ
3001 4255 3100 4326 τὴν
3136 4253 3231 4308 τοῦ
3275 4251 3477 4306 οἰκείου
3523 4253 3816 4304 ἐπισκόπου

2253 4352 2480 4424 γνώμην
2509 4353 2770 4424 πράττειν
2802 4367 2853 4403 τι
2885 4349 2919 4418 ἢ
2949 4348 3130 4416 λέγειν
3157 4345 3265 4399 τῶν
3296 4347 3394 4398 ὅσα
3426 4347 3508 4406 είς
3535 4342 3819 4411 ὲκκλητια·

2259 4445 2448 4516 στικὴν
2493 4446 2650 4515 φέρει
2682 4441 2958 4508 εὐταξίαν,
2989 4437 3184 4492 πολλοῦ
3219 4453 3282 4506 γε
3313 4437 3488 4488 εἰπεῖν
3515 4437 3598 4497 εἰς
3621 4433 3816 4500 δογμα-

2255 4538 2414 4608 τικὴν
2441 4537 2649 4604 ὲξέλκει
2675 4534 3003 4606 συζήτησινο
3033 4529 3222 4584 τούτου
3247 4530 3405 4599 χάριν
3433 4527 3537 4596 τῆς
3557 4526 3819 4594 ὑμετέρας

2257 4629 2508 4695 ἐξουσίας
2539 4627 2687 4692 ἅπαξ
2715 4629 2808 4680 καὶ
2837 4626 2916 4688 δὶς
2938 4623 3312 4692 ὲκκαλεσάσης
3346 4621 3483 4691 πρὸς
3507 4620 3574 4672 τά
3603 4616 3820 4670 τοιαῦτα

2257 4721 2357 4792 τὴν
2386 4719 2508 4774 καθ’
2532 4721 2678 4790 ἡμᾶς
2707 4717 3004 4782 εὐτέλειαν,
3037 4716 3138 4770 οὐκ
3171 4715 3470 4784 ἐτόλμησεν
3505 4711 3609 4777 ἔξω
3637 4727 3687 4762 τι
3715 4707 3822 4759 τῶν

2260 4811 2661 4882 νενομισμένων
2685 4810 2998 4880 πράττουσα
3020 4803 3425 4875 παραγενέσθαι
3447 4820 3462 4834 ο
3499 4801 3574 4864 ὡς
3599 4801 3702 4854 ὑπὸ
3729 4799 3822 4868 τὴν

2261 4906 2410 4976 ἱερὰν
2460 4905 2621 4973 χεῖρα
2661 4895 3114 4969 Νικηφόρουγτοΰ
3151 4896 3450 4963 ἁγιωτάτου
3490 4892 3823 4962 πατριάρχου

2262 4995 2536 5066 πνεύματι
2579 4993 2708 5064 θείῳ
2751 4989 3003 5044 τελοῦσα.
3047 4987 3266 5058 Ἐπειδὴ
3302 4986 3358 5040 δέ
3389 5003 3531 5047 τινες
3563 4984 3669 5035 τῶν
3700 4985 3825 5050 ὁμο.

2261 5086 2605 5155 ταγῶν-ἡμῖν
2633 5083 2952 5154 ἡγουμένων
2997 5079 3305 5148 ἀπόπειράν
3348 5094 3468 5131 τινα
3519 5074 3822 5144 ποιούμενοι

2265 5177 2588 5248 κεκρίκασιν
2611 5174 2925 5243 ἀφικέσθαι,
2953 5171 3035 5235 εἷς
3057 5188 3118 5223 τε
3145 5169 3337 5237 λόγους
3367 5168 3539 5222 ἐλθεῖν
3563 5166 3826 5219 άντιθετι-

2265 5270 2428 5333 κούς·
2465 5269 2518 5321 τί
2563 5267 2690 5321 ἄλλο
2734 5267 2768 5336 ἦ
2803 5266 2986 5318 ἐκεῖνα
3030 5263 3176 5333 ἡμᾶς
3217 5257 3626 5326 ἀκουτισθῆναι,
3662 5257 3700 5309 ἃ
3743 5254 3827 5317 ἐξ·

2270 5362 2480 5431 ίστησιν
2510 5359 2664 5428 ἡμῶν
2701 5356 2798 5427 τὴν
2830 5353 3091 5426 ταπεινὴν
3121 5351 3387 5424 καρδίαν;
3418 5350 3551 5401 Φασὶ
3577 5348 3702 5416 γὰρ’
3729 5350 3828 5414 τὴν

598 5458 741 5512 trum
803 5457 1283 5528 obstupefaciunt?
1314 5457 1519 5511 Ferunt
1577 5457 1842 5526 siquidem
1915 5472 2158 5512 conven-

2263 5453 2597 5523 πρόσκλησιν
2639 5446 2774 5504 εἶναι
2823 5448 2916 5500 ἐπὶ
2956 5445 3300 5514 καταστροφῇ
3329 5441 3428 5510 τῆς
3457 5441 3515 5494 ἐν
3539 5438 3741 5507 Νικαίᾳ
3769 5437 3827 5490 τὸ

596 5557 710 5603 tum
755 5550 917 5604 istum
961 5550 1026 5604 ad
1067 5549 1403 5606 eversionem
1443 5551 1691 5606 secundm
1735 5559 1932 5606 sancta:
1970 5551 2156 5621 synodi

675 5749 718 5782 "
751 5747 895 5806 Psal.
927 5767 1128 5820 (ιλιι-ιι,
1161 5751 1215 5806 2.

2264 5548 2515 5620 δεύτερον
2541 5545 2698 5616 ἁγίας
2723 5544 2936 5601 συνόδου
2960 5556 2972 5572 °
3003 5541 3062 5596 τὸ
3089 5540 3153 5612 δὴ
3185 5539 3476 5610 λεγόμενον
3506 5537 3588 5590 ἐπ’
3615 5531 3830 5603 ἀναιρέ-
