4044 6366
647 310 789 378 1119

1833 314 1893 373 S-
1924 314 2320 375 THEODORI
2356 317 2706 378 STUDITAi

3759 319 3884 386 1120

638 424 1018 485 conversionis
1069 423 1498 480 similitudinem.
1538 421 1644 477 Par
1673 423 1836 494 igitur
1870 425 2116 495 analogia
2153 424 2208 478 in

2315 427 2551 497 ματικῆς
2586 426 2974 494 ἐξιπλώσεως,
3008 427 3308 497 πειθούσης
3324 428 3420 483 καὶ
3456 427 3552 482 τδν
3583 428 3730 497 ἄγαν
3760 431 3888 500 ἀμυ-

639 517 874 588 imagine
915 514 1120 570 Christi
1150 524 1206 569 et
1249 513 1468 570 Christo
1490 515 1608 584 ipso
1653 514 1916 570 sumenda
1953 525 2038 569 est
2060 515 2208 570 omni

640 617 786 664 recte
815 605 1183 662 ratiocinanti.
1219 603 1328 659 Sed
1355 603 1598 658 nondum
1623 613 1709 658 est
1743 610 1960 674 tempus
1990 603 2212 675 dogma-

642 700 763 754 tica‘.
807 696 1242 768 explanationis,
1277 711 1399 764 quae
1425 761 1438 768 α
1467 694 1554 750 vel
1623 695 1868 750 obscurae
1918 694 2209 750 admodum

639 787 845 842 mentis
885 785 1092 840 homini
1143 783 1304 840 facile
1357 783 1684 854 persuadeat
1730 783 1980 838 attollere
2021 783 2212 838 oculos

640 885 697 932 et
722 876 1002 946 suspicere
1030 875 1095 930 ad
1137 875 1487 944 splendorem
1543 873 1809 929 veritatis.
1844 873 1974 928 Haec
2000 883 2209 937 nostra,

639 967 765 1022 licet
790 975 1104 1036 peccatores
1123 965 1316 1030 simus,
1345 965 1479 1020 ﬁdes
1491 973 1598 1030 est;
1627 965 1747 1020 haec
1770 964 2058 1019 humilium
2080 979 2211 1034 apo-

639 1060 826 1114 stolica
869 1059 1152 1118 confessio
1173 1068 1358 1114 nostra
1386 1077 1400 1114 :
1435 1061 1554 1116 haec
1588 1059 1938 1114 minimorum
1980 1075 2012 1114 a
2037 1057 2212 1114 Patri-

638 1149 742 1203 bus
769 1149 962 1203 tradita
990 1149 1180 1219 religio
1213 1158 1422 1205 nostra.
1448 1149 1654 1206 Praeter
1683 1151 1846 1216 hanc,
1887 1165 1999 1204 non
2033 1151 2211 1206 solum

637 1239 684 1295 si
717 1240 839 1309 quis
865 1248 964 1296 aut
1005 1240 1051 1296 si
1081 1257 1186 1310 qua
1230 1256 1297 1296 ex
1327 1242 1412 1297 his
1439 1242 1531 1312 qui
1577 1255 1726 1297 nunc
1781 1249 1911 1296 sunt
1955 1241 2042 1295 vel
2080 1240 2210 1296 olim

636 1330 881 1394 fuerunt,
909 1331 1007 1386 sed
1059 1348 1240 1402 neque
1273 1334 1318 1388 si
1359 1332 1578 1398 Petrus,
1639 1342 1694 1388 et
1727 1331 1926 1386 Paulus
1959 1331 2214 1401 (dicimus

634 1421 781 1476 enim
813 1436 932 1492 quae
961 1422 1183 1478 evenire
1213 1432 1490 1493 nequeunt
1523 1423 1680 1492 quasi
1707 1421 1927 1476 evenire
1953 1420 2209 1490 possint),

634 1528 814 1584 neque
842 1515 887 1570 si
914 1530 980 1570 ex
1001 1515 1152 1570 ctelis
1181 1515 1316 1585 ipsis
1334 1516 1517 1572 veniat
1537 1515 1809 1585 quispiam
1830 1513 1979 1568 aliud
2007 1513 2212 1568 docens

634 1613 694 1660 et
750 1605 1156 1676 evangelizans,
1190 1606 1342 1661 illum
1375 1605 1432 1662 in
1469 1604 1910 1661 communionem
1967 1603 2212 1675 recipere

631 1713 940 1768 possumus,
978 1707 1040 1754 ut
1087 1698 1182 1768 qui
1220 1714 1408 1754 sanam
1441 1698 1564 1754 ﬁdei
1596 1698 1903 1754 doctrinam
1946 1713 2059 1752 non
2119 1712 2212 1754 se-

2308 518 2532 589 δρόνουν
2601 519 2892 573 ἀνανεύειν
2943 520 3191 584 εὐπετῶς
3244 519 3383 590 πρὸς
3423 519 3524 584 τὰς
3559 520 3743 590 αὐγάς
3793 523 3884 592 τῆς

2307 611 2588 682 ἀληθείας.
2615 611 2762 682 Αὕτη
2786 613 2819 682 ὴ
2843 612 3174 681 εὐαγγελικὴ
3195 615 3228 681 ἡ
3237 610 3356 680 μῶν
3380 609 3566 675 πίστις
3581 611 3692 665 τῶν
3707 613 3884 682 ἁμαρ-

2306 701 2492 754 τωλῶν
2515 718 2528 732 ο
2556 700 2696 771 αῦτη
2725 704 2760 772 ἠ
2793 701 3131 772 άποστολικὴ
3159 701 3316 772 ἡμῶν
3363 701 3630 772 ὁμολογία
3657 701 3772 754 τῶν
3798 703 3882 754 εὑ-

2307 792 2509 845 τελῶνο
2546 793 2597 846 εί
2626 791 2674 845 δ’
2693 789 2812 857 οὖν,
2835 795 2871 863 ἡ
2913 793 3399 864 πατροπαράδοτος
3431 792 3589 863 ήμῶν
3619 791 3884 864 θρησκεία

2307 881 2418 936 τῶν
2465 881 2786 952 ἐλαχίστων.
2849 882 3008 954 Παρὰ
3039 883 3270 952 ταύτην.
3311 883 3412 953 οὑχ
3462 885 3547 938 ὅτι
3588 884 3617 936 δ
3649 884 3742 946 τίς
3773 884 3882 953 δεῆ

2306 971 2390 1034 τίς
2411 972 2470 1025 δε
2497 971 2607 1026 τῶν
2630 970 2724 1025 νῦν
2754 971 2788 1044 ἦ
2821 973 2932 1026 τῶν
2962 973 3156 1038 πάλαι,
3187 973 3305 1027 αλλ’
3338 973 3451 1028 οὐδ’
3479 975 3530 1027 εί
3561 975 3774 1044 Πέτρος
3801 975 3884 1026 καὶ

2309 1059 2522 1127 Παῦλος
2541 1078 2556 1093 ο
2587 1055 2818 1132 εἴπομεν
2847 1061 2958 1134 γάρ
2979 1063 3273 1118 άνένδεκτα
3302 1063 3380 1127 ὡς
3402 1063 3756 1133 ὲνδεχόμεναυ
3785 1063 3883 1116 οὐδ’

2311 1151 2377 1204 ἂν
2415 1150 2476 1216 ἐξ
2523 1151 2709 1205 αὐτῶν
2770 1151 2882 1222 ἥκῃ
2931 1151 3041 1204 τῶν
3099 1151 3348 1223 οὐρανῶν
3394 1151 3744 1221 δογματίζων
3801 1151 3887 1202 καὶ

2308 1243 2796 1315 εὐαγγελιζόμενος
2817 1261 2830 1274 '
2864 1244 3148 1315 δυνάμεθα
3204 1245 3372 1299 αὐτὸν
3424 1244 3676 1300 κοινωνὸν
3725 1259 3887 1312 προσ-

2311 1331 2572 1402 ήκασθαι,
2587 1334 2662 1400 ὡς
2678 1334 2754 1406 μὴ
2772 1334 3092 1405 στοιχοῦντα
3111 1339 3178 1406 τῇ
3197 1335 3520 1406 ὑγιαινούσῃ
3533 1335 3632 1404 τῆς
3652 1335 3887 1396 πίστεως

2309 1421 2650 1493 διδασκαλίᾳ.
2683 1425 2795 1479 Καὶ
2828 1424 2968 1494 πρὸς
2995 1421 3171 1478 ταῦτα
3191 1425 3290 1479 ὅτι
3320 1423 3386 1477 ἂν
3415 1423 3547 1494 δοκῇ
3572 1425 3640 1495 τῇ
3670 1421 3888 1493 ἐξουσία

2311 1514 2490 1584 ὑμῶν,
2529 1515 2723 1586 ἑτοίμη
2781 1517 2816 1586 ἡ
2865 1515 3198 1580 ταπείνωσις
3243 1514 3405 1586 ἡμῶν
3461 1515 3621 1586 μέχρι
3657 1515 3889 1569 θανάτου

2312 1605 2634 1675 ὑποστῆναι,
2659 1605 2692 1677 ἢ
2722 1605 2982 1678 ἐξάρνους
3006 1608 3158 1677 ἡμᾶς
3183 1605 3442 1676 γενέσθαι
3479 1605 3580 1674 τῆς
3633 1603 3889 1672 τοιαύτης

2311 1698 2345 1768 η
2353 1697 2471 1763 μῶν
2492 1697 2822 1766 εἰλικρινοῦς
2847 1699 3163 1768 ὁμολογίας.

631 1796 851 1859 quatur.
877 1789 1104 1846 Demum
1130 1789 1396 1859 quidquid
1411 1790 1544 1845 libet
1579 1789 1834 1858 potestati
1869 1797 2084 1854 vestrae,
2115 1795 2304 1859 parata
2361 1796 2446 1844 est
2487 1787 2766 1844 humilitas
2829 1799 3020 1846 nostra
3055 1799 3230 1861 usque
3261 1788 3330 1845 ad
3367 1797 3598 1845 mortem
3649 1785 3866 1859 perpeti

631 1883 832 1954 potius,
881 1897 1046 1952 quam
1075 1891 1136 1937 ut
1168 1891 1457 1953 negatores
1485 1883 1658 1938 simus
1723 1880 1950 1938 sincerae
1982 1881 2213 1952 hujusce
2237 1889 2440 1936 nostra:
2471 1878 2857 1936 confessionis.

889 1996 961 2052 Π.
983 2027 1052 2038 -
1073 1997 1422 2052 Monasticam
1461 2000 1624 2052 vitam
1652 1998 1948 2070 agentibus.

2789 1995 2868 2050 B'.
2905 2021 2980 2036 -
3028 1992 3425 2055 Μονάζουσιν.

999 2112 1076 2162 De
1102 2112 1395 2176 quibusdam
1415 2108 1698 2176 praepositis
1726 2109 1815 2173 qui
1840 2113 1888 2160 ln
1909 2121 2054 2159 causa
2073 2105 2342 2171 imaginum
2367 2108 2630 2172 segniores
2649 2106 2866 2158 fuerant.
2895 2107 3098 2169 (Baron.
3120 2119 3200 2156 an.
3219 2105 3331 2168 814,
3349 2120 3398 2156 n.
3423 2107 3532 2170 αι.)

700 2218 761 2274 In
791 2219 898 2275 hoc
922 2218 1183 2288 temporis
1213 2218 1464 2282 articulo,
1495 2197 1622 2272 cum
1669 2213 2113 2286 persecutionem
2148 2209 2203 2263 in

2328 2192 2331 2194 1
2389 2209 2480 2262 Ἑν
2508 2207 2587 2279 τῷ
2619 2207 2801 2281 καιρῷ
2832 2210 3034 2281 τούτῳ.
3057 2210 3118 2262 ἐν
3139 2201 3184 2276 ᾧ
3209 2209 3238 2261 ὁ
3261 2208 3497 2276 Χριστος
3517 2208 3781 2262 διώκεται
3808 2209 3889 2262 διὰ

630 2309 866 2380 imagine
890 2323 987 2364 sua
1013 2308 1264 2363 Christus
1289 2307 1493 2379 patitur
1527 2325 1540 2360 :
1570 2321 1682 2362 non
1711 2304 1889 2360 solum
1913 2303 2006 2374 qui
2034 2301 2208 2375 digni-

630 2409 740 2456 tate
785 2407 840 2455 et
870 2399 1096 2455 scientia
1140 2399 1422 2471 prmeellit,
1461 2407 1672 2455 certare
1732 2397 1780 2452 is
1829 2396 2016 2462 debet,
2043 2403 2208 2450 rectae

631 2491 758 2547 ﬁdei
807 2491 1110 2546 doctrinam
1146 2490 1432 2561 proferens
1463 2497 1520 2546 et
1569 2489 1784 2546 caneris
1817 2488 2080 2553 tradens;
2111 2485 2208 2541 sed

631 2592 691 2643 et
711 2581 1011 2652 discipulus
1040 2596 1256 2652 quoque
1282 2581 1399 2652 ipse
1427 2580 1678 2636 ﬁduciam
1709 2593 1948 2643 sumere,
1981 2585 2038 2634 et
2066 2575 2210 2632 veri-

633 2678 800 2725 tatem
827 2668 1094 2738 intrepida
1123 2683 1188 2723 ac
1238 2667 1408 2723 libera
1443 2683 1576 2723 voce
1621 2667 1884 2738 proﬁteri.
1925 2663 2046 2720 Non
2085 2678 2208 2718 mea

635 2759 904 2815 sunthaec
927 2760 1110 2823 verba,
1143 2758 1235 2830 qui
1263 2767 1516 2830 peccator
1544 2775 1685 2825 sum,
1719 2759 1814 2816 sed
1835 2758 2004 2814 divini
2035 2755 2210 2829 Chry-

638 2850 886 2915 sostomi,
915 2850 1164 2921 quinimo
1194 2861 1251 2908 et
1302 2851 1530 2908 aliorum
1589 2853 1834 2908 Patrum.
1892 2850 2051 2919 Quod
2079 2865 2210 2907 vero

637 2942 852 2997 Domini
882 2941 1153 3012 praepositi
1176 2943 1246 3000 ab
1273 2942 1600 3014 imperatore
1625 2943 1830 3000 detenti
1863 2943 1967 3000 hoc
1987 2942 2211 2999 minime

636 3033 1029 3103 praestiterunt,
1069 3035 1317 3104 quamvis
1369 3035 1650 3106 dignitatis
1677 3036 1848 3105 gradu
1879 3044 1936 3092 et
1963 3035 2211 3092 doctrina

2311 2299 2413 2371 τῆς
2441 2300 2650 2364 εἰκόνος
2681 2300 2849 2356 αὑτοῦ
2877 2315 2891 2330 ’
2925 2299 2986 2356 οὐ
3017 2299 3177 2371 μόνον
3199 2300 3249 2353 εἰ
3277 2299 3471 2371 βαθμῷ
3508 2317 3594 2364 τις
3623 2301 3725 2355 καὶ
3753 2301 3888 2370 γνὼ-

2315 2406 2399 2444 σει
2445 2389 2692 2462 προέχων
2739 2390 2911 2456 ἐστὶν,
2955 2389 3163 2460 ὀφείλει
3221 2389 3669 2458 διαγωνίζεσθαι,
3722 2392 3889 2445 λαλῶν

2314 2483 2408 2536 καὶ
2442 2481 2709 2536 διδάσκων
2731 2484 2825 2535 τὸν
2879 2482 2980 2553 τῆς
3029 2481 3361 2553 όρθοδοξίας
3386 2482 3552 2552 λόγον
3576 2498 3592 2512 ·
3625 2483 3769 2538 ἀλλὰ
3790 2485 3890 2555 γάρ

2313 2573 2410 2628 καὶ
2439 2573 2490 2627 εί
2524 2574 2767 2645 μαθητοῦ
2788 2575 2941 2642 τάξιν
2968 2575 3183 2644 ἐπέχων
3213 2574 3320 2647 εἴη,
3367 2578 3638 2648 χρεωστεῖ
3675 2579 3891 2648 παρρη-

2317 2663 2717 2737 σιάζεσθαιτὴν
2748 2665 3029 2737 ἀλήθειαν,
3081 2666 3180 2720 καὶ
3231 2665 3740 2738 ἐλευθεροστομεῐν.
3781 2667 3892 2722 οὐκ

2316 2756 2448 2827 ἐμὸς
2473 2758 2502 2810 ὁ
2530 2756 2686 2826 λόγος
2709 2757 2803 2811 τοῦ
2832 2757 3184 2829 άμαρτωλοῦ,
3209 2757 3347 2812 ἀλλὰ
3371 2757 3467 2811 τοῦ
3504 2758 3654 2812 θείου
3680 2759 3889 2831 Χρυσο-

2317 2847 2519 2919 στόμου
2552 2864 2568 2880 ο
2601 2849 2694 2903 ἐπὶ
2725 2851 2816 2904 καὶ
2839 2849 3017 2905 ἄλλων
3042 2849 3328 2921 Πατέρων.
3347 2850 3424 2905 Τδ
3447 2851 3505 2905 δὲ
3520 2852 3652 2915 τοὺς
3673 2851 3892 2924 κυρίους

2314 2938 2440 3001 τοὺς
2461 2939 2804 3009 ἡγουμένους
2826 2939 3214 3011 κρατηθέντας
3241 2940 3346 2994 ὑπὸ
3369 2939 3468 2994 τοῦ
3494 2941 3792 3012 βασιλέως,
3823 2941 3894 3010 μὴ

2312 3029 2386 3084 τά
2411 3031 2784 3103 προειρημένα
2807 3031 3014 3104 πράξαι
3035 3046 3050 3063 ⁸
3085 3033 3288 3105 καίπερ
3317 3033 3478 3096 ὄντας
3507 3034 3600 3087 καὶ
3622 3035 3685 3086 ἐν
3703 3033 3894 3103 βαθμῷ

637 3125 896 3192 omnibus
918 3124 1085 3194 hujus
1113 3141 1224 3182 ora:
1251 3127 1556 3198 praepositis
1587 3128 1904 3195 anteirent;
1933 3138 1992 3184 at
2018 3137 2208 3184 contra

2315 3123 2410 3178 καὶ
2439 3121 2638 3191 γνώσει
2685 3123 2838 3196 παρὰ
2864 3125 3074 3191 πάντας
3119 3127 3250 3190 τοὺς
3296 3125 3750 3197 καθηγουμένους
3799 3129 3895 3195 τῆς

637 3216 822 3286 potius
846 3217 1251 3282 conticuerunt,
1286 3235 1466 3290 neque
1503 3220 1554 3276 id
1597 3220 1794 3286 solum,
1821 3221 1968 3290 quod
1999 3238 2056 3276 re
2092 3222 2210 3290 ipsa

2315 3218 2421 3287 γῆς
2443 3216 2676 3287 ταύτηςο
2705 3218 3015 3273 τούναντίον
3046 3218 3106 3274 δὲ
3137 3218 3338 3290 μᾶλλον
3366 3221 3667 3290 σιωπῆσαι.
3695 3219 3810 3275 Καὶ
3833 3217 3892 3271 οὐ

637 3325 802 3382 grave
830 3318 953 3366 est:
1007 3311 1102 3367 sed
1138 3311 1499 3384 chirographo
1545 3315 1710 3370 etiam
1753 3329 1878 3380 suo,
1921 3330 1981 3370 se
2029 3330 2209 3386 neque

2315 3307 2475 3361 τοῦτο
2501 3309 2685 3378 μόνον,
2711 3309 2918 3382 καίπερ
2942 3310 3002 3364 ὃν
3028 3309 3230 3364 δεινόν’
3263 3309 3401 3364 ἀλλὰ
3455 3311 3554 3364 καὶ
3599 3310 3894 3380 χειρόγρα-

637 3416 1026 3472 congressuros
1096 3411 1306 3468 mutuo,
1359 3419 1539 3474 neque
1599 3405 1858 3460 docturos
1917 3406 2210 3462 conﬁrma-

2318 3415 2418 3466 φον
2445 3400 2693 3471 ποιῆσαι,
2731 3401 2870 3473 μήτε
2915 3402 2998 3466 είς
3051 3401 3318 3473 ἀλλήλους
3343 3399 3728 3471 συνέρχεσθαι,
3758 3402 3894 3471 μήτε

636 3501 804 3547 runt:
840 3492 893 3547 id
919 3508 1048 3548 vero
1070 3501 1156 3548 est
1179 3495 1408 3563 prodere
1440 3495 1744 3563 veritatem,
1759 3507 1813 3553 et
1833 3498 2207 3568 praefecturam

2316 3488 2589 3543 διδάσκειν
2611 3505 2624 3520 ·
2670 3489 2830 3544 τοῦτό
2885 3492 3003 3544 ἐστι
3038 3491 3303 3563 προδοσία
3335 3489 3434 3559 τῆς
3465 3489 3750 3562 ἀληθείας,
3805 3494 3894 3544 καὶ

637 3585 930 3656 abnegare,
973 3593 1029 3639 et
1061 3562 1306 3641 subditos
1338 3587 1444 3642 sibi
1491 3596 1656 3657 atque
1693 3562 1849 3645 adeo-
1877 3591 2115 3659 aequales
2154 3599 2209 3646 et

2312 3577 2539 3649 ἄρνησις
2594 3579 2697 3650 τῆς
2732 3562 3094 3650 προστασίας,
3151 3581 3247 3634 καὶ
3289 3579 3585 3642 κατάλυσις
3613 3578 3728 3632 τῶν
3767 3580 3893 3632 ὑπο-

637 3676 819 3732 socios
870 3677 1212 3732 subvertere.
1266 3677 1509 3747 Apostoli
1563 3679 1730 3744 enim,
1775 3695 1954 3736 cuma
2005 3679 2208 3738 Judaeis

2312 3669 2607 3733 τακτικῶν,
2643 3670 2764 3723 ἐπεὶ
2817 3671 2914 3724 καὶ
2959 3670 3070 3725 τῶν
3129 3670 3439 3742 ὁμοταγῶν.
3494 3671 3558 3726 Οί
3605 3670 3894 3724 ἀπόστολοι

639 3765 1021 3822 denuntiatum
1079 3767 1187 3823 illis
1221 3777 1386 3833 esset,
1445 3783 1516 3824 ne
1565 3769 1824 3827 docerent
1876 3771 1931 3825 in
1988 3774 2210 3830 nomine

2313 3761 2791 3832 παραγγελθέντες
2845 3761 2950 3816 ὑπὸ
2995 3761 3108 3816 τῶν
3175 3763 3444 3816 Ἰουδαίων
3483 3762 3561 3833 μὴ
3619 3761 3894 3816 διδάσκειν

637 3856 865 3923 Christi,
899 3858 984 3913 his
1019 3858 1198 3914 verbis
1248 3861 1692 3930 responderunt:
1735 3861 2001 3930 Judicate,
2044 3865 2090 3918 si
2111 3865 2209 3934 ja-

2312 3855 2405 3906 ἐπὶ
2430 3853 2508 3924 τῷ
2539 3853 2765 3924 ὀνόματι
2793 3853 2889 3908 τοῦ
2918 3854 3183 3926 Χριστοῦ,
3239 3855 3367 3908 τάδε
3422 3854 3589 3924 φασίν
3612 3871 3626 3886 ’
3693 3855 3894 3923 ’Υμεῖς

636 3959 777 4003 stum
802 3959 876 4004 est
931 3951 984 4004 in
1019 3961 1296 4020 conspectu
1326 3951 1423 4006 Dei
1466 3969 1554 4007 vos
1598 3955 1773 4021 potius
1809 3956 1998 4009 audire
2049 3972 2210 4026 quant

2312 3947 2575 4016 κρίνατε,
2625 3949 2675 4001 εί
2727 3945 2962 4000 δίκαιόν
2985 3947 3162 4001 ἐστιν
3211 3946 3380 4016 ὑμῶν
3424 3947 3691 4010 ἀκούειν,
3718 3947 3760 4016 ἢ
3793 3947 3894 4000 τοῦ

639 4041 809 4095 Deum
847 4043 1174 4098 nostrum".
1212 4041 1275 4099 Et
1300 4059 1531 4100 rursus:
1583 4045 1806 4100 Obedire
1851 4057 2057 4116 oportet
2102 4049 2211 4104 Deo

639 4132 809 4202 magis
834 4149 994 4202 quam
1019 4133 1316 4192 hominibus
1345 4137 1411 4190 “.
1443 4135 1570 4194 llaec
1587 4144 1642 4192 et
1669 4137 1862 4193 similia
1885 4139 2005 4195 illos
2028 4140 2211 4198 dicere

639 4225 946 4290 oportebat,
975 4232 1036 4278 ut
1081 4238 1179 4292 per
1220 4239 1317 4282 eos
1363 4227 1758 4297 gloriﬁcaretur
1799 4229 1943 4287 Deus
1995 4241 2050 4288 et
2079 4234 2213 4290 aedi-

639 4311 867 4363 ficarent
910 4311 1246 4368 orthodoxos
1291 4331 1304 4370 :
1345 4325 1406 4370 ut
1435 4320 1766 4373 monasteria
1797 4320 2208 4391 conﬁrmarent,

639 4407 700 4453 ct
745 4398 1122 4456 confortarent
1175 4418 1272 4458 eos
1297 4405 1390 4473 qui
1439 4405 1494 4460 in
1540 4407 1745 4464 exsiliis
1775 4410 2072 4478 patiuntur.
2105 4413 2213 4470 Sed

637 4488 797 4559 quid,
829 4491 973 4558 quod
1009 4491 1183 4562 pluris
1211 4493 1442 4552 facimus
1464 4500 1794 4556 monasteria
1817 4517 1979 4573 quam
2004 4503 2210 4572 Deum;

640 4589 699 4636 ct
724 4581 894 4652 pluris
927 4586 1214 4642 commoda
1244 4603 1365 4658 quae
1401 4590 1530 4648 inde
1559 4594 1826 4664 capimus,
1865 4613 2028 4666 quam
2070 4599 2215 4656 mala

636 4691 762 4744 quae
793 4677 923 4731 boni
969 4693 1132 4734 causa
1182 4683 1562 4742 sustinemus?
1598 4687 1833 4744 Ubinam
1889 4699 1975 4747 est
2026 4691 2210 4748 illud:

643 4765 918 4836 Loquebar
945 4769 1001 4822 in
1021 4783 1296 4841 conspectu
1316 4791 1520 4847 regum,
1567 4788 1614 4832 et
1632 4795 1736 4833 non
1763 4783 2119 4852 confundebar
2144 4786 2212 4840 ⁸³.

2314 4039 2463 4094 Θεοῦ
2486 4036 2672 4106 ήμῶν.
2699 4038 2810 4092 Καὶ
2841 4038 3004 4092 πάλιν
3027 4053 3043 4068 ο
3078 4037 3428 4107 Πειθαρχεῖν
3457 4037 3556 4092 δεῖ
3593 4037 3718 4104 Θεῷ
3739 4037 3894 4108 μᾶλ-

2312 4133 2430 4186 λον
2484 4130 2522 4200 ἢ
2559 4129 2914 4200 ἀνθρώποις.
2971 4129 3210 4184 Τοιαῦτα
3260 4131 3357 4185 καὶ
3403 4131 3682 4202 παρόμοια
3730 4132 3894 4201 ἐχρῆν

2314 4221 2542 4290 λαλῆσαι
2578 4223 2762 4286 αὐτοῖς
2787 4239 2801 4254 ο
2826 4223 2916 4275 ἴνα
2943 4221 3204 4294 ἐδοξάσθη
3231 4224 3258 4275 ό
3295 4223 3428 4286 Θεδς
3455 4223 3524 4276 δι’
3559 4222 3744 4278 αὐτῶν
3764 4239 3780 4251 ·
3813 4223 3896 4274 ἵνα

2313 4312 2663 4383 ᾠκοδόμησαν
2683 4313 2808 4376 τοὺς
2829 4311 3146 4382 ὀρθοδόξους
3165 4327 3182 4343 ⁸
3213 4312 3302 4366 ἵνα
3333 4313 3630 4384 ἐστήριξαν
3652 4314 3724 4367 τὰ
3758 4329 3890 4382 μον-

2315 4406 2584 4475 αστήριαο
2663 4405 2752 4459 ἴνα
2808 4404 3230 4475 ἐνεδυνάμωσαν
3292 4406 3419 4468 τοὺς
3479 4406 3793 4475 πάσχοντας
3841 4406 3896 4458 ἐν

2313 4497 2574 4567 ἐξορίαις.
2617 4496 2779 4550 Ἀλλά
2797 4496 2851 4549 τί
2879 4497 2961 4551 ὃτι
2986 4497 3385 4568 προτιμώμεθα
3416 4497 3616 4568 μᾶλλον
3653 4497 3799 4551 Θεοῦ
3831 4500 3895 4552 τὰ

2318 4591 2690 4663 μοναστήρια·
2719 4591 2814 4645 καὶ
2841 4591 2942 4662 τῆς
2973 4591 3112 4661 ὑπὲρ
3134 4589 3230 4644 τοῦ
3260 4589 3471 4658 ἀγαθοῦ
3514 4590 3892 4653 κακοπαθείας

2313 4687 2413 4760 τὴν
2449 4684 2700 4739 ἐντεῦθεν
2731 4685 3070 4750 εὑπάθειαν;
3103 4682 3215 4738 Ποῦ
3267 4683 3385 4738 ἐστι
3426 4683 3491 4736 τό
3517 4698 3532 4714 ·
3593 4683 3893 4737 Ἐλὰλοωι

2313 4779 2596 4835 ἐναντίον
2641 4778 2974 4844 βασιλέων,
3027 4777 3125 4832 καί
3188 4777 3301 4831 οὐκ
3351 4775 3760 4844 ᾐσχυνόμην;
3787 4773 3890 4828 Ποῦ

641 4854 710 4918 Et
742 4857 874 4954 illud
901 4860 1082 4954 rngicce
1119 4863 1264 4919 labia
1295 4883 1411 4920 mea
1463 4885 1564 4922 non
1602 4872 1877 4938 prohibebo
1899 4889 1917 4926 :
1965 4874 2209 4942 Domine,

2316 4873 2430 4926 ἐστι
2455 4871 2538 4937 τὸ,
2555 4869 2712 4924 Ἰδοὺ
2741 4869 2812 4922 τὰ
2839 4871 3014 4940 χείλη
3029 4885 3152 4937 μου
3169 4868 3242 4922 οὺ
3255 4865 3344 4937 μὴ
3370 4866 3624 4921 κωλύσω
3649 4881 3661 4895 ⁸
3687 4867 3888 4934 Κύριε,

642 4958 702 5002 ιιι
722 4950 867 5005 scisti
896 4952 959 5007 ”.
993 4953 1095 5010 Ubi
1129 4957 1298 5026 gloria
1329 4971 1386 5014 et
1425 4959 1688 5016 fortitudo
1736 4964 1948 5021 ordinis
1997 4971 2211 5026 nostri“:

2315 4962 2396 5019 σὺ
2425 4963 2632 5033 ἔγνως.
2676 4962 2786 5015 Ποῦ
2832 4963 2949 5015 ἐστι
2996 4961 3058 5014 τὸ
3089 4959 3242 5023 κλέος
3267 4961 3363 5014 καὶ
3392 4959 3426 5029 ἡ
3462 4957 3611 5028 ἰσχὺς
3649 4958 3752 5012 τοῦ
3774 4957 3888 5009 καθ’

642 5041 890 5107 Quonam
911 5053 1069 5113 pacto
1095 5047 1238 5104 beati
1268 5049 1439 5107 Sabas
1476 5063 1532 5108 et
1571 5053 1930 5123 Theodosius,
1965 5075 2088 5116 cum
2113 5064 2218 5118 im-

642 5133 790 5203 piam
818 5133 1069 5190 haeresim
1103 5147 1232 5196 tunc
1273 5143 1534 5212 temporis
1571 5145 1870 5216 imperator
1896 5150 2217 5209 Anastasius

639 5222 1090 5292 amplecteretur,
1139 5228 1558 5288 insurrexerunt
1590 5249 1689 5303 pro
1728 5235 1837 5292 ﬁde
1879 5238 2078 5295 acriter
2113 5257 2216 5312 pu-

637 5319 911 5381 gnantes:
947 5319 1060 5369 tum
1099 5331 1194 5373 eos
1230 5320 1323 5389 qui
1365 5335 1650 5392 perperam
1685 5325 1743 5380 in
1793 5327 2034 5384 Ecclesia
2075 5347 2212 5386 sen-

617 5401 853 5458 tiebant
927 5411 1472 5476 cxcommunicando,
1534 5425 1647 5469 tum
1697 5416 1766 5472 ad
1829 5417 2212 5488 imperatorem

640 5489 822 5562 ipsum
849 5497 1160 5566 scribendo,
1191 5517 1250 5566 se
1280 5513 1509 5560 mortem
1538 5507 1717 5575 potius
1748 5519 2003 5579 oppetere
2053 5527 2210 5581 para-

642 5592 728 5640 tos
755 5600 916 5654 quam
950 5597 1009 5644 ut
1033 5590 1102 5646 de
1141 5593 1454 5649 constitutis
1481 5593 1681 5666 aliquid
1718 5597 2112 5654 immutarem?
2149 5601 2212 5656 Et

2314 5054 2462 5123 ἡμᾶς
2491 5053 2804 5122 τάγματος;
2840 5051 2962 5115 Πῶς
2990 5051 3170 5114 Σάϐας
3223 5051 3320 5103 καὶ
3372 5049 3654 5110 Θεοδόσιος
3682 5050 3740 5100 oi
3784 5065 3886 5118 μα-

2313 5145 2524 5216 κάριοι·
2577 5144 2640 5199 τὸ
2700 5143 3009 5214 τηνικαῦτα
3052 5142 3409 5198 Ἀναστασίου
3467 5141 3562 5196 τοῦ
3621 5139 3890 5210 βασιλέως

2311 5236 2596 5291 δυσσεϐεῖν
2630 5235 2926 5306 ἑλομένουο
2991 5234 3352 5305 διανέστησαν
3406 5232 3889 5304 θερμῶςσπρομα-

2318 5327 2542 5400 χοῦντες
2571 5327 2670 5396 τῆς
2696 5325 2932 5390 πίστεως
2957 5344 2970 5357 ·
3003 5326 3160 5379 τοῦτο
3205 5326 3328 5396 μὲν,
3363 5323 3482 5396 μεθ’
3514 5315 3589 5378 ὧν
3617 5321 3888 5392 ἀνεθεμά-

2319 5435 2476 5472 τισαν
2519 5420 2645 5482 τοὺς
2688 5417 3016 5482 κακοδόξους
3054 5419 3112 5471 ἐν
3144 5421 3210 5490 τῇ
3247 5416 3580 5488 Ἐκκλησία·
3619 5415 3783 5469 τοῦτο
3813 5415 3886 5474 δὲ.

2320 5512 2377 5564 ἐν
2409 5503 2491 5574 οἷς
2523 5509 2839 5563 ἐπέστειλαν
2879 5508 2958 5581 τῷ
2992 5508 3235 5580 βασιλεῖ·
3265 5507 3766 5579 διαμαρτυρόμενοι
3795 5506 3888 5558 θα-

2317 5597 2476 5652 νατον
2509 5599 2746 5664 ἑλέσθαι,
2786 5595 2912 5670 ῆτι
2951 5600 3309 5673 μετακινῆσαι
3341 5599 3446 5654 τῶν
3486 5595 3886 5664 καθεστώτωνς

723 5699 768 5732 ⁹⁰
795 5699 913 5756 Act.
955 5720 1024 5769 ty,
1065 5702 1145 5761 19.
1222 5710 1261 5741 "
1296 5708 1413 5767 Act.
1447 5728 1498 5780 v,
1530 5712 1617 5768 329.
1693 5713 1878 5770 “I’sal
1926 5717 2211 5783 cxvm,i6.

2319 5717 2337 5748 ³
2361 5715 2501 5772 Psal.
2534 5733 2716 5785 χχχιχ,
2753 5718 2834 5772 10.
2866 5783 2869 5785 _
