4044 6366
168 327 293 392 1121

1349 337 1894 402 EPISTULARUM
1919 343 2069 406 LIB.
2113 344 2195 405 II.

3282 355 3419 420 1122

158 448 266 500 Καὶ
288 446 559 515 λέγουσιν,
595 449 673 513 ῶς
688 466 876 520 φασιν,
906 453 959 506 οί
988 452 1507 528 κύριοιήγοὺμενοι·
1535 457 1723 527 Ἡμεῖς

1833 457 2045 524 dicunt,
2077 467 2138 514 ut
2158 459 2302 515 fama
2328 469 2434 526 est,
2465 459 2678 516 Domini
2703 462 3017 534 praepositi:
3061 464 3296 532 Quinam
3319 482 3416 523 su-

155 537 297 602 τινες
335 538 534 608 ὲσμὲν;
561 541 779 612 πρῶτον
806 543 1149 614 Χριστιανοὶ,
1176 547 1226 600 οἳ
1261 547 1546 616 ὀφείλουσι
1581 549 1725 604 πάν-

159 644 262 692 τως
282 629 406 699 ἄρτι
429 628 608 684 λαλεῖν
622 646 639 662 ο
661 630 853 686 ἔπειτα
878 635 1228 705 μονάζοντες,
1252 639 1302 690 oi
1322 638 1460 709 μηδὲ
1481 639 1543 692 τὺ
1565 639 1729 710 τυχίαν

161 717 606 790 ὐφαρπαζόμενοι
622 737 638 754 ο
663 721 739 787 ὡς
765 723 944 780 ἄδετοι
962 727 1044 798 τῷ
1056 727 1250 799 κόσμῳ
1278 731 1374 783 καὶ⁵
1398 731 1724 803 ἀκριῑιτητοι⁹

159 809 350 864 ἔπειτα
385 813 711 884 ἡγούμενοι,
747 816 919 870 οἱκαὶ
970 819 1040 872 τὰ
1071 818 1180 872 τῶν
1215 819 1394 874 ἄλλων
1440 823 1726 892 προσκόμ-

162 919 304 972 ματα
338 903 730 971 ἐκϐάλλοντες·
763 909 860 962 καὶ
885 909 946 962 ὲν
990 909 1182 980 μηδενὶ
1241 911 1563 984 προσκοπήν
1587 913 1728 966 διδό-

159 1011 244 1047 ναι
275 997 853 1065 χρεωστοῦντεςοἽνα
867 998 976 1070 μὴ,
1006 1003 1160 1071 φησι,
1186 1003 1438 1072 μωμηθῇ
1465 1005 1504 1072 ή
1527 1005 1727 1064 διακο-

159 1087 274 1141 νία.
311 1087 442 1142 Οἴαν
474 1089 532 1142 δὲ
577 1091 895 1162 προσκοπήν
945 1092 1040 1146 καὶ
1089 1093 1370 1164 μώμησιν,
1419 1097 1624 1166 μᾶλλον
1669 1098 1728 1151 δὲ

161 1179 591 1247 συγκατάϐασιν,
619 1181 710 1234 διὰ
729 1181 822 1235 τοῦ
853 1183 1141 1254 ίδιοχείρου
1171 1185 1353 1240 αὐτῶν
1385 1187 1646 1255 δέδωκαν,
1670 1187 1726 1242 τί

159 1269 261 1341 ἱ(ρῆ
287 1271 383 1325 καὶ
404 1271 612 1340 λέγεινς
643 1272 708 1327 Εἰ
725 1273 835 1342 γὰρ
863 1273 1042 1344 σιωπὴ
1063 1275 1228 1347 μέρος
1247 1278 1725 1345 συγκαταθέσεως·

158 1363 216 1414 τὸ
248 1363 340 1416 καὶ
364 1364 659 1434 ἐγγράφως
691 1367 864 1436 αὐτὴν
891 1367 1141 1439 κυρῶσαι
1188 1369 1281 1424 ἐπὶ
1307 1371 1409 1442 τῆς
1439 1373 1569 1442 ὅλης
1602 1373 1728 1428 Ἑκ-

161 1453 410 1525 κλησίας,
439 1457 604 1511 πόσον
621 1455 683 1510 τὸ
709 1457 985 1528 χαλεπόν;

224 1630 334 1685 Καὶ
382 1631 591 1702 λέγετε,
637 1633 721 1688 ὃτι
752 1637 1014 1708 κρυπτῶς
1054 1639 1358 1712 ίερουργῶν
1409 1643 1728 1717 Νικηφόρον

160 1721 222 1793 [ι.
249 1722 584 1794 Νικηφόρος]
622 1726 886 1798 ἀναφέρει
929 1728 990 1781 τὺ
1031 1729 1208 1802 λάθρα
1231 1745 1248 1761 ⁶
1293 1733 1388 1787 καὶ
1421 1735 1635 1800 πάντες
1675 1737 1726 1790 oi

1829 564 1952 604 mus
1973 551 2386 607 nos?Primum
2444 553 2762 632 Christiani,
2843 555 2938 625 qui
2990 573 3141 613 nunc
3183 571 3417 628 prorsus

1830 641 1975 711 loqui
1999 642 2313 700 debebant:
2348 644 2546 700 deinde
2585 645 2866 711 monachi,
2895 661 3036 718 quos
3071 662 3130 703 re
3155 649 3304 704 nulla
3326 651 3419 705 ab.

1829 731 1956 786 duci
2003 747 2107 788 nec
2142 733 2318 804 abripi
2363 749 2464 805 par
2493 735 2584 799 sit,
2640 744 2898 808 tanquam
2935 739 3142 794 mundo
3190 740 3418 794 minime

1829 819 2081 875 astrictos
2111 822 2444 892 minimeque
2467 823 2736 878 obnoxios
2765 844 2779 879 :
2818 825 3059 897 denique
3106 829 3411 899 praepositi,

1828 908 1922 978 qui
1959 918 2016 964 et
2061 910 2292 966 aliorum
2324 913 2578 968 scandala
2635 914 2932 986 tollcre,et
2994 919 3051 972 in
3099 921 3252 975 nullo
3279 921 3416 976 dare

1829 999 2218 1055 ofl‘endiculum
2249 1002 2470 1066 debent,
2525 1019 2590 1057 ne
2619 1001 2968 1074 vituperetur,
3001 1009 3200 1078 inquit,
3251 1011 3412 1066 mini-

1827 1093 2047 1146 sterium
2104 1103 2341 1149 nostrum
2363 1095 2432 1150 ".
2474 1094 2790 1166 Cujusmodi
2823 1115 2957 1155 vero
3013 1081 3331 1159 scandalum
3361 1113 3416 1160 et

1827 1183 2309 1254 vituperationem,
2359 1202 2456 1244 seu
2491 1189 2674 1260 potius
2728 1191 3188 1260 condescensum,
3223 1197 3414 1252 chiro-

1828 1271 2036 1340 grapho
2075 1287 2174 1327 suo
2194 1276 2546 1344 praabuerint,
2582 1278 2711 1348 quid
2750 1281 2946 1336 attinet
2969 1283 3332 1353 ‘loqui?'Nam
3367 1286 3412 1340 si

1828 1365 2121 1418 consensui
2149 1381 2248 1436 par
2273 1375 2358 1422 est
2389 1364 2665 1425 silentium
2696 1390 2710 1426 :
2765 1371 2918 1428 illum
2971 1375 3155 1446 ipsum
3207 1379 3415 1448 scripto

1828 1453 1884 1509 in
1947 1458 2115 1514 totius
2166 1459 2426 1516 Ecclesia:
2488 1461 2661 1518 oculis
2715 1462 2956 1532 ﬁrmare,
3011 1478 3279 1537 quantum
3332 1479 3416 1526 est

1827 1547 1983 1604 nefas
2011 1549 2036 1602 ’ἒ
2564 1571 2572 1577 ·

1899 1640 1969 1694 At
1999 1641 2234 1707 Occ'ulte,
2264 1638 2478 1711 dicitis,
2522 1647 2840 1704 sacriﬁcans
2882 1648 3226 1721 Nicephorus
3276 1650 3413 1707 clam

1829 1729 2010 1798 offert,
2041 1744 2096 1788 et
2135 1735 2352 1804 patricii
2382 1751 2604 1804 omnes,
2640 1750 2701 1794 ut
2722 1750 2957 1796 caeteros
2989 1743 3259 1811 omittam,
3286 1757 3416 1803 sunt

159 1815 481 1884 πατρίκιοι,
539 1816 627 1870 ἵνα
676 1797 810 1881 τοὺς
859 1818 1055 1884 ἄλλους
1100 1797 1268 1888 etiam,
1328 1797 1723 1896 ὀρθοδοξοῦσιν.

1827 1797 2153 1880 orthodoxi.-
2176 1825 2379 1882 Verum
2411 1830 2538 1900 quid
2569 1831 2644 1885 ait
2673 1829 2968 1887 Christus?
2995 1832 3052 1888 Si
3083 1835 3199 1904 quis
3246 1797 3415 1907 eouﬁ-
3455 1835 3466 1842 ”

169 1903 322 1958 Ἀλλὰ
364 1901 417 1958 τί
443 1904 590 1974 λέγει
617 1908 942 1979 όλΧριστόςο
979 1911 1054 1965 El
1104 1929 1195 1979 τις
1246 1916 1606 1985 ὁμολογήσει
1656 1919 1728 1974 ἐν

155 1993 276 2062 ἐμοὶ
299 1997 642 2065 ἔμπροσθεν
663 1997 784 2052 τῶν
805 2000 1152 2068 ἀνθρώπων,
1185 2007 1543 2077 ὁμολογήσω
1565 2011 1727 2080 κάγὼ

157 2080 337 2134 αὐτὸν
368 2083 713 2152 ἔμπροσθεν
741 2087 848 2142 τοῦ
885 2089 1114 2158 Πατρός
1145 2089 1267 2162 μου
1311 2097 1420 2150 τοῦ
1455 2097 1525 2152 ἐν
1552 2101 1726 2168 σήρα-

155 2169 296 2236 νοῖς.
331 2171 545 2245 Ὠσπερ
592 2176 687 2230 καὶ
739 2177 801 2230 τὸ
849 2179 1090 2233 ἐναντίον
1138 2183 1231 2236 ἐπὶ
1279 2186 1377 2256 τῆς
1410 2189 1721 2261 amcam;-

156 2260 252 2316 κᾶν
277 2265 529 2332 μόνοντὸ
567 2267 643 2339 μὴ
672 2269 1028 2340 συνέρχεσθαι
1063 2274 1145 2337 είς
1171 2276 1438 2349 ἀλλήλους
1461 2283 1724 2355 ἐποίησαν

155 2351 210 2404 τὺ
235 2355 622 2426 χειρόγραφον,
655 2358 717 2412 τὸ
743 2361 875 2413 αὐτό
906 2363 1043 2421 ἐστι.
1086 2366 1210 2428 Πῶς
1243 2369 1352 2440 γὰρ
1395 2351 1724 2440 φυλάξουσιν

152 2443 178 2496 ὃ
202 2460 362 2514 φησιν
389 2445 421 2498 δ
453 2448 715 2518 Χριστός·
762 2451 874 2506 Τὸν
899 2454 1230 2524 ἐρχόμενον
1247 2460 1399 2527 πρός
1413 2479 1510 2531 με,
1537 2466 1612 2518 οὐ
1634 2464 1722 2534 μὴ

151 2535 372 2590 ἐκϐάλω
395 2537 548 2603 ἕεωξ
580 2541 843 2613 Ἐρχεταί
880 2563 965 2610 τις
993 2547 1270 2619 διερωτῶν
1299 2553 1396 2606 καὶ
1417 2551 1598 2625 ζητῶν
1621 2574 1725 2626 μα-

153 2625 257 2679 θεῖν
299 2628 400 2700 τήν
444 2628 706 2701 ἀλήθειαν
725 2652 742 2669 υ
773 2637 884 2690 εἴτε
913 2639 1238 2711 ἡγούμενος,
1269 2644 1379 2697 εἴτε
1406 2662 1492 2710 τις
1521 2625 1680 2712 ἄλλος
1703 2665 1719 2682 ⁸

152 2718 200 2769 τί
226 2719 658 2792 ἀποκριθήσεται
691 2726 720 2778 ὁ
747 2726 1086 2798 ήγούμενος;
1117 2731 1370 2802 Δηλονότι
1391 2752 1404 2767 ⁸
1439 2753 1723 2807 παραγγε-

153 2809 262 2863 λίαν
297 2811 494 2867 ἔλαϐον
546 2816 621 2887 μὴ
679 2817 857 2872 λαλεῖν
883 2835 895 2848 ·
957 2820 1069 2875 εἴθε
1124 2823 1268 2878 οὕτω
1324 2827 1532 2893 μόνονί
1561 2831 1723 2886 Ἀλλά

155 2900 279 2969 μηδὲ
303 2903 647 2970 εἰσδέξασθαι
679 2925 739 2960 σε
769 2910 849 2973 είς
882 2910 943 2964 τὸ
971 2917 1334 2987 μοναστήριον
1361 2919 1458 2973 καὶ
1501 2923 1720 2978 συναλι-

153 2991 358 3062 σθῆναιδ
413 2995 470 3048 ’0
503 2998 740 3068 Χριστὸς
773 3000 919 3070 λέγει
939 3019 954 3034 ’
994 3004 1144 3070 δέξαι
1176 3011 1271 3062 καὶ
1290 3011 1540 3079 δίδαξον·
1579 3018 1724 3072 Ἐὰν

1825 1915 2018 1970 tebitur
2056 1934 2138 1971 me
2176 1934 2357 1972 coram
2382 1919 2697 1986 hominibus,
2760 1923 3038 1991 conﬁtebor
3081 1934 3129 1978 et
3172 1931 3264 1997 ego
3293 1945 3414 1982 eum

1823 2022 2002 2061 coram
2031 2006 2202 2062 Patre
2223 2027 2338 2064 meo
2367 2011 2458 2081 qui
2491 2011 2546 2064 in
2576 2012 2717 2066 caelis
2747 2021 2822 2066 est
2850 2014 2916 2066 ".
2951 2013 3017 2068 Et
3051 2030 3080 2068 e
3109 2026 3299 2070 contra
3344 2017 3413 2071 de

1821 2099 2132 2170 negatione.
2166 2099 2485 2172 Quanquam
2509 2103 2657 2157 enim
2682 2104 2786 2158 hoc
2811 2105 2990 2160 solum
3051 2105 3416 2178 chirographo

1822 2204 1923 2244 suo
1944 2191 2085 2260 pacti
2125 2193 2254 2256 sint,
2293 2209 2352 2248 se
2390 2205 2581 2250 mutuo
2633 2212 2744 2251 non
2789 2213 3230 2268 congressuros:
3267 2199 3412 2254 idem

1822 2281 1986 2350 plane
2038 2289 2146 2338 est.
2195 2284 2483 2350 Quomodo
2537 2287 2684 2341 enim
2743 2289 3116 2344 observabunt
3153 2292 3296 2360 quod
3336 2293 3414 2346 ait

1821 2373 2104 2429 Christus:
2129 2373 2269 2430 Eum
2297 2378 2387 2447 qui
2408 2378 2548 2431 venit
2583 2379 2654 2432 ad
2679 2396 2760 2433 me
2783 2395 2885 2433 non
2911 2381 3121 2448 ejiciam
3151 2383 3295 2452 {oras
3323 2383 3410 2436 "2

1823 2465 2016 2522 Veniat
2069 2469 2338 2538 quispiam
2397 2479 2750 2539 percontans,
2791 2472 3108 2543 ct‘discere
3179 2473 3412 2544 cupiens

1821 2560 2127 2626 veritatem,
2159 2577 2255 2616 seu
2291 2563 2618 2632 praepositus
2663 2563 2754 2618 illc
2793 2564 2885 2626 sit,
2922 2580 3020 2619 seu
3055 2563 3178 2634 quis
3227 2565 3369 2619 alius
3393 2605 3408 2619 .

1820 2653 1950 2722 quid
2001 2655 2355 2724 respondebit
2398 2656 2770 2726 praepositus?
2829 2657 3147 2712 Mandatum
3187 2673 3406 2728 nempe,

1821 2744 1984 2807 dicet,
2009 2746 2195 2816 accepi
2243 2762 2314 2801 ne
2370 2748 2584 2817 loquar.
2620 2746 3134 2816 Atque'utinamid
3176 2749 3351 2804 solum
3389 2749 3404 2802 l

1822 2841 1919 2896 sed
1944 2842 2130 2895 utnec
2158 2847 2210 2893 te
2243 2825 2579 2892 monasterio
2609 2837 2730 2907 ipso
2763 2839 3053 2909 excipiam,
3084 2854 3189 2894 nec
3225 2847 3426 2893 tecum‘

1821 2950 2031 2992 vescar.
2057 2919 2312 2988 Christus
2339 2931 2492 2996 dicit,
2551 2929 2767 3000 suscipe
2804 2939 2860 2985 et
2919 2931 3053 2986 doce
3094 2949 3109 2986 :
3167 2930 3318 2996 Quod
3361 2931 3409 2984 εἰ

1820 3027 2140 3083 subtraxerit
2167 3041 2243 3092 se,
2297 3023 2480 3093 inquit
2500 3064 2526 3088 ,.
2552 3038 2658 3076 non
2703 3021 2928 3094 placebit
2955 3025 3149 3078 animo:
3179 3040 3310 3078 mete
3337 3025 3404 3077 ’⁷.

152 3085 254 3154 γὰρ
283 3090 644 3160 ὑποστείλῃ,
694 3093 882 3164 φησὶν,
915 3098 1027 3151 οὐκ
1059 3089 1302 3156 εὐδοκεῖ
1322 3105 1362 3172 ἠ
1391 3107 1564 3178 ψυχή
1599 3129 1721 3181 μου

155 3177 214 3206 ἔδει
239 3177 393 3206 κθ.-ιῖ
471 3181 734 3206 οη-.---ι.---
753 3202 796 3206 .-
834 3185 887 3206 ,τ’
914 3205 921 3206 ,
955 3188 971 3206 ι
1000 3205 1003 3206 ,
1063 3190 1075 3206 ρ
1280 3194 1303 3206 ι-
1441 3197 1465 3206 ..
1511 3199 1533 3206 Α
1638 3202 1650 3206 -

1823 3120 1892 3176 At
1915 3120 1973 3174 hi
1995 3119 2200 3186 scripto
2228 3085 2897 3178 'ﬁdeih'obstrinx'erunt,
2943 3122 3004 3168 ut
3050 3114 3401 3206 imperatoris

151 3177 214 3228 ἐν
237 3177 420 3245 αὐτῷ.
471 3181 796 3252 Ἐγγρὰφως
828 3185 922 3240 οὖν
951 3188 1234 3262 ἐποίησαν,
1280 3194 1368 3249 ἵνα
1397 3177 1722 3270 τῷνβασιλεῖ

1823 3213 2045 3268 decreto
2077 3177 2268 3263 contra
2293 3205 2570 3262 Christum
2601 3177 2908 3259 obedirent.
2947 3203 3076 3260 llaec
3111 3177 3262 3270 sunt,
3294 3202 3410 3258 ira-

154 3269 516 3370 ⁵ἱκτειθιιρχιῖὂειιν
538 3273 874 3341 ἀπεναντίας
898 3278 994 3343 τοῦ
1013 3281 1717 3364 ·Χριστοῦ.Τοσαῦτάέίσιν,

1823 3313 1936 3360 tres
1961 3317 2025 3358 ac
2053 3300 2264 3363 Patres,
2287 3314 2410 3370 quae
2430 3300 2498 3353 ab
2521 3297 2602 3353 eis
2632 3306 2782 3369 gesta
2831 3314 2930 3368 pro
2960 3307 3112 3354 certo
3141 3298 3405 3368 comperi.

151 3353 192 3412 ὦ
215 3361 436 3431 ἀδελφοὶ
461 3366 553 3418 καὶ
588 3367 851 3440 Πατέρες,
884 3369 920 3424 ἃ
949 3374 1346 3447 συνεπίσταμαι
1372 3380 1434 3446 ἐξ
1462 3353 1721 3455 ἀληθείας

1823 3394 1956 3462 Qua:
1977 3434 1993 3459 ,
2024 3392 2282 3464 quoniam
2317 3389 2501 3446 dicere
2531 3404 2619 3444 me
2649 3389 2794 3466 quod
2829 3377 2833 3384 ’
2866 3389 3067 3444 scirem
3110 3387 3360 3444 voluistis
3389 3425 3407 3453 ,

153 3453 505 3523 πεποιηκέναι
555 3457 775 3521 αὐτούς.
837 3462 946 3515 Καὶ
1002 3464 1194 3538 ἐπειδὴ
1231 3453 1593 3544 κατεκρίνατέ
1652 3497 1722 3550 με

1824 3453 2010 3540 coram
2042 3453 2153 3539 1)εο
2195 3489 2335 3538 teste
2388 3463 2662 3548 nuntiavi,
2705 3496 3018 3537 sermonem
3063 3480 3228 3536 etiam
3267 3479 3408 3535 arri-

152 3543 1007 3650 :iufiv‘tb‘uaptc-rdpevdvper:
1029 3557 1336 3630 ἀνήγγειλα
1357 3543 1453 3619 ἐπὶ
1478 3543 1722 3648 μάρτυρι
1820 3557 1986 3650 piens
2011 3559 2386 3646 tanquam"...

153 3633 281 3705 Θεῷ,
312 3635 499 3691 λαϐὼν
522 3641 617 3694 καὶ
640 3639 798 3710 λόγον
827 3641 904 3707 ὡς
949 3643 1164 3718 [SuppL
1208 3666 1273 3706 ex
1306 3655 1429 3712 cod.
1460 3633 1723 3724 Vaticano

1993 3667 2088 3741 29]
2125 3633 2529 3737 .tpuldaascflat
2570 3668 2896 3739 μυστήριον,
2923 3741 2928 3746 ι
2955 3666 3133 3748 φειδοτ
3157 3665 3253 3722 τοῦ
3281 3681 3408 3744 stet.

156 3729 352 3802 ρασμοῦ
376 3747 392 3763 ο
428 3731 617 3788 λοιπὸν
646 3736 806 3807 ὑμεῖς
835 3737 1100 3806 σώζοντες
1135 3742 1337 3812 σώζετε
1376 3751 1478 3818 τὰς
1514 3755 1724 3818 ἑαυτῶν
1759 3729 1964 3837 ψυχάς,
1989 3729 2274 3835 εὺέόμενοι
2297 3761 2395 3816 καὶ
2421 3729 2854 3832 ὑπὲρ-ἐμά’).τοῦ
2882 3729 3171 3817 ταπεινοῦ.

626 3913 628 3916 ν
649 3851 722 3906 I".
751 3881 820 3890 —
849 3853 1210 3927 Ἦγουμένῳ.

152 3959 219 4014 Δ’.
246 3991 314 4002 —
337 3964 742 4032 Θεοφυλὰλιτφ
762 3969 1160 4040 Νικομηὸείας
1182 3975 1518 4048 ἐπισκόπει).
1567 3986 1718 4065 [ρε’.]

2369 3874 2465 3930 Ill.
2499 3873 2794 3946 Prteposito
2816 3875 2887 3930 ".

1965 3991 2057 4049 Ν.
2095 4021 2166 4034 -
2194 3990 2572 4062 Theophytucto
2619 3989 2944 4046 Nicomedia:
2972 3991 3231 4060 episcopo.

993 4085 1281 4150 Dogmatica
1301 4094 1366 4143 de
1387 4100 1570 4148 sanctis
1589 4101 1907 4166 imaginibus.
1944 4106 2145 4171 (Baron.
2177 4085 2258 4154 an.
2290 4102 2402 4162 816,
2435 4116 2486 4151 n.
2525 4101 2630 4163 56.)
2739 4107 2744 4110 ’

215 4182 429 4240 Διετίαν
463 4186 582 4254 ἄγω
613 4190 898 4262 μεριμνῶν
921 4194 1014 4249 καὶ
1043 4195 1268 4266 κάμνων
1294 4203 1406 4264 τοῖς
1438 4201 1723 4275 λογισμοῖς

152 4274 224 4336 είς
246 4275 306 4328 τδ
341 4277 650 4332 ἐπιστεῖλαί
679 4297 748 4350 με
779 4284 846 4354 τῇ
874 4284 1118 4356 ίερᾷσου
1151 4293 1364 4361 κορυφῇ
1387 4295 1405 4322 '°
1441 4294 1538 4348 καὶ
1568 4274 1724 4368 μόλις

155 4366 305 4440 μέχρι
338 4369 438 4423 τοῦ
481 4368 578 4423 νῦν
615 4371 1105 4448 ἐξεπλήρωσὰμου
1137 4379 1166 4431 ὁ
1193 4383 1449 4449 ταπεινὸς
1495 4366 1588 4440 τὸν
1625 4390 1724 4443 πό-

152 4460 253 4516 θον.
319 4461 465 4516 Ἀλλ’
505 4459 634 4532 εὖγε
685 4465 768 4518 ὅτι
813 4466 1071 4539 ἀξιοῦμαι
1113 4470 1201 4524 διὰ
1245 4473 1339 4526 τοῦ
1392 4477 1723 4549 γράμματος

1898 4213 2191 4270 Biennium
2234 4222 2320 4268 est
2368 4227 2492 4266 cum
2550 4211 2606 4265 in
2639 4210 2743 4265 hac
2804 4225 2935 4265 cura
2993 4200 3056 4266 ct
3082 4211 3410 4282 cogitatione

1826 4323 2036 4374 versor,
2072 4316 2134 4362 ut
2164 4305 2398 4362 scribam
2451 4303 2520 4358 ad
2567 4289 3076 4358 sacrum‘verticem
3127 4314 3314 4360 tuum:
3347 4323 3411 4362 ac

1827 4380 1930 4456 vix.
1967 4416 2118 4467 nunc
2161 4399 2381 4454 tandem
2422 4397 2624 4466 impleo
2693 4394 3025 4452 desiderium
3089 4397 3413 4454 humilitatis

1826 4509 1983 4550 meae.
2015 4492 2122 4548 Sed
2147 4500 2296 4547 recte
2326 4490 2471 4568 quod
2511 4489 2710 4562 dignus
2751 4475 2976 4554 habeor,
3007 4488 3100 4558 qui
3140 4505 3239 4560 per
3259 4491 3410 4544 litte-

150 4553 498 4608 ἀσπάσασθαί
558 4573 618 4609 σε
666 4557 760 4611 τὸν
809 4559 942 4630 ἐμὸν
977 4563 1215 4635 Πατέρα,
1263 4567 1356 4621 τὸν
1389 4568 1582 4624 στύλον
1619 4572 1722 4644 τῆς

1826 4599 1916 4640 ras
1941 4584 2172 4638 salutem
2203 4561 2651 4647 Patreml'meum,
2683 4579 3000 4656 columnam
3021 4580 3290 4646 veritatis,
3320 4597 3410 4634 re-

151 4645 418 4716 ἀληθείας,
467 4647 530 4702 τὸ
563 4649 844 4720 ἑδραίωμα
876 4652 973 4723 τῆς
1001 4654 1331 4724 ὀρθοδοξίας,
1380 4660 1475 4716 τὸν
1500 4662 1718 4729 φύλακα

1822 4685 1922 4730 ειω
1952 4675 2074 4729 ﬁdei
2104 4645 2540 4737 fundamentum,
2563 4670 2844 4725 custodem
2883 4652 3123 4740 pietatis.
3151 4669 3407 4726 Ecclesia:
3455 4746 3458 4749 _

148 4740 241 4808 τῆς
293 4740 598 4809 εὐσεϐείας,
649 4743 710 4796 τὸ
762 4745 1042 4816 στήριγμα
1083 4747 1184 4818 τῆς
1245 4749 1594 4826 Ἐκκλησίας,
1628 4751 1720 4810 τὸν

150 4833 436 4904 νικηφόρον
493 4835 682 4906 ἄνδρα,
734 4837 827 4889 τὸν
879 4839 1252 4912 Χριστοφόρον
1300 4831 1585 4918 ἀρχιερέα,
1627 4835 1721 4902 τὸν

149 4919 431 4990 ὁμολογίας
479 4923 616 4978 Θεοῦ
657 4927 930 4998 μάρτυρα.
989 4930 1082 5002 Μή
1128 4931 1235 5004 γὰρ
1291 4933 1354 4986 οὐ
1412 4935 1718 5010 μαρτυρίου

153 5010 405 5079 στέφανός
439 5032 562 5080 σοι;
601 5017 683 5070 ὅτι
733 5017 821 5072 διὰ
869 5020 1103 5091 Χριστὸν
1143 5015 1442 5096 ἔξόριστος,
1468 5028 1716 5098 ἄποικος,

150 5100 447 5166 πολύτλας·
488 5105 582 5158 καὶ
614 5105 789 5161 ταῦτα
819 5110 876 5163 ἐν
898 5111 1093 5184 ἁπαλῷ
1122 5113 1200 5185 τῷ
1238 5117 1454 5184 σώματι
1496 5119 1623 5175 ὅσον
1652 5107 1718 5176 ὲκ

151 5189 357 5258 φύσεως
378 5210 392 5226 ο
451 5201 960 5273 προτετρυχωμὲνῳ
1002 5205 1058 5256 δὲ
1087 5205 1149 5270 ἐξ
1176 5194 1484 5282 ἀσκητικῆς
1509 5207 1608 5267 οἵδ’
1635 5197 1718 5268 δτί

151 5282 483 5375 θεοδρομίας.
521 5291 687 5360 Αῠχεῖ
711 5293 769 5345 ὲν
800 5293 883 5346 σοὶ
914 5294 1023 5375 τῶν
1051 5297 1396 5371 ὀρθοφρόνων
1425 5302 1453 5354 ό
1480 5305 1658 5375 χορὸς,
1691 5308 1720 5360 ὁ

149 5372 244 5444 τῆς
289 5377 681 5450 Νικομηδείας,
703 5383 878 5454 χῶρος
911 5374 1111 5457 χαίρει,
1141 5389 1241 5442 καὶ
1269 5372 1488 5459 εὐδοξεῖ
1507 5372 1720 5465 προῖκα

152 5467 579 5546 προσαλλόμενός
616 5490 677 5528 σε
708 5477 776 5546 τῇ
830 5477 922 5530 ὑπ’
953 5478 1182 5549 οὐρανόν
1215 5497 1231 5512 ο
1285 5481 1720 5555 ἀποσεισάμενος

151 5557 214 5610 τὰ
235 5559 400 5614 πάλαι
423 5561 798 5636 Θρυλλούμενα
815 5569 1006 5623 ἐκτῶν
1031 5571 1212 5625 ἐκεῖσε
1238 5559 1718 5646 προεδρευσάντων

158 5781 168 5791 .
204 5714 290 5769 un
311 5715 593 5785 cor-“,5.
703 5721 748 5753 "
783 5723 971 5782 Matth.
1002 5746 1056 5792 κ,
1089 5731 1178 5786 52.

157 5798 298 5854 usque
327 5792 571 5861 mutilus,
603 5799 752 5849 extat
805 5799 858 5850 in
909 5815 1042 5853 mss.

1821 4764 2249 4828 ﬁrmamentum,
2280 4761 2543 4816 victorem
2591 4760 2791 4826 virum,
2819 4759 3199 4816 Christiferum
3224 4761 3406 4832 ponti-

1821 4850 1999 4917 ﬁcem,
2053 4848 2413 4906 confessionis
2449 4845 2568 4901 :Dei
2627 4855 2942 4918 martyrem.
2994 4851 3191 4902 Annon
3255 4849 3401 4904 enim

1813 4944 2064 5018 martyrii
2145 4958 2349 4999 corona
2420 4935 2517 4996 tibi
2577 4937 2782 5010 praesto
2851 4941 2984 4995 est?
3037 4942 3129 5011 qui
3178 4935 3405 5026 propter

1817 5036 2094 5092 Christum
2144 5035 2298 5092 exsul
2338 5043 2394 5089 et
2423 5031 2744 5104 peregrinus
2771 5048 2963 5112 graves
2989 5049 3265 5090 aerumnas
3304 5053 3402 5091 su-

1815 5109 2006 5192 stines,
2031 5125 2194 5196 idque
2240 5125 2296 5179 in
2323 5138 2554 5196 corpore
2594 5127 2712 5180 tum
2735 5109 2928 5180 natura
2979 5140 3077 5178 sua
3103 5123 3400 5188 imbecillo,

1816 5225 1932 5272 tum
1987 5216 2236 5288 pristinis
2280 5258 2297 5282 ,
2329 5215 2412 5272 sat
2464 5217 2578 5273 scio
2604 5258 2620 5285 ,
2653 5217 2901 5273 asceticze
2940 5215 3066 5272 vita:
3091 5217 3094 5220 ’
3121 5209 3400 5270 laboribus

1807 5301 2012 5362 attrito.
2043 5306 2318 5362 Gloriatur
2349 5306 2402 5360 in
2442 5314 2495 5361 te
2518 5307 2952 5362 orthodoxorum
2983 5305 3218 5371 ‘chorus,
3245 5305 3400 5360 heta-

1816 5409 1904 5454 tur
1931 5397 2406 5475 Nicomediensum
2431 5398 2646 5466 civitas,
2679 5409 2734 5454 et
2759 5393 3058 5468 triumphat
3095 5393 3244 5452 orbis
3264 5385 3398 5450 "ter-

1815 5501 1997 5540 rarum
2060 5495 2113 5542 te
2168 5493 2496 5555 ostentans;
2570 5495 2626 5541 et
2693 5487 2878 5541 vetera
2941 5485 3070 5540 olim
3112 5485 3397 5538 decantata

1802 5573 2104 5650 'prmsulum
2146 5571 2372 5635 sucrum
2423 5581 2618 5652 probra
2646 5580 2942 5650 depellcns.
2981 5576 3145 5632 Ac‘si
3178 5574 3398 5645 pr0prie

1292 5730 1336 5764 ’⁸
1361 5731 1520 5786 Joan.
1541 5749 1613 5798 τι,
1689 5735 1721 5787 5

1852 5737 1896 5768 ⁸⁷
1958 5734 2316 5801 1101›Γ.υκ,58.
2363 5736 2440 5791 ."
2468 5735 2702 5792 Tantum
2743 5734 2918 5806 huius
2968 5731 3129 5803 epist.
3180 5729 3392 5794 titulus,
