4044 6366
582 303 720 369 1123
1643 364 1654 370 -
1768 314 1831 375 S.
1870 315 2180 378 THEODO

2296 321 2646 385 ΞΤΙΙΒΙΤίΕ
3705 326 3724 389 l
3741 325 3843 389 124

574 417 747 487 magis
770 415 1102 486 loquendum
1131 427 1238 482 est,
1265 419 1502 476 exsultat
1535 420 1717 478 animo
1740 433 1962 478 sanctus
1991 424 2160 480 Tara-

2279 433 2460 503 Βνείδη.
2503 435 2598 497 Εἰ,
2632 434 2691 487 δέ
2737 443 2793 488 τι
2841 435 3171 506 οἰκειότερον
3219 433 3301 488 δεῖ
3353 436 3557 502 φάναιο
3601 433 3844 504 eumaqu

573 508 710 574 sius,
750 524 815 564 ex
847 509 999 564 caula
1039 524 1312 580 manuque
1335 528 1431 566 sua
1488 514 1640 583 prius
1673 530 1852 582 ovem,
1891 526 2003 571 tum
2055 533 2145 587 pa-

2279 525 2531 596 Γαράσιος
2555 527 2585 578 6
2619 529 2678 579 έν
2706 527 2905 596 ἀγίοις,
2937 530 3003 581 ὲκ
3029 528 3128 598 τῆς
3157 527 3323 581 αὐτοῦ
3353 528 3526 596 αὐλῆς
3544 528 3641 581 καὶ
3663 527 3844 597 χειρὸς

572 611 774 655 storem
830 601 1087 671 inclytum
1160 601 1350 656 videns
1409 602 1809 674 depugnantem
1865 607 2048 672 modo,
2102 617 2156 662 et

2279 617 2528 687 πρόϐατον
2579 619 2731 687 πρὶν,
2789 616 2983 670 ἔπειτα
3029 619 3266 688 ποιμένα
3314 618 3645 690 περιϐόητον
3674 617 3842 686 ὀρῶν,

573 690 871 745 discrimen
895 706 1059 746 onine
1087 701 1366 760 petentem
1401 707 1498 762 pro
1546 694 1649 748 ﬁde
1679 696 1983 751 orthodoxa
2014 715 2026 750 :
2059 699 2154 767 qui

2279 709 2420 761 τανῦν
2453 707 2856 778 ἀγωνιζόμενον
2885 708 2979 762 καὶ
3019 707 3506 778 προκινδυνεύοντα
3563 706 3710 776 ὑπὲρ
3745 706 3841 776 ὀρ-

574 782 718 850 quod
775 780 827 834 in
857 795 914 836 se
959 791 1096 846 erat,
1128 797 1224 851 per
1252 784 1516 853 synodum
1547 783 1640 838 Dei
1699 787 1869 856 gratia
1928 790 2158 844 contulit

2279 799 2501 864 ιοδοξίας
2521 817 2536 833 ·
2634 801 3021 871 συνεισήνεγκε
3072 800 3142 853 τὰ
3171 802 3303 871 παρ’
3327 798 3522 852 ἑαυτοῦ
3548 798 3844 860 συνοδικῶς

577 872 915 942 temporibus
951 871 1233 944 Augustas,
1283 889 1403 943 quae
1440 877 1590 944 pacis
1635 892 1937 947 cognomen
1989 880 2160 949 gessit

2279 892 2443 962 ίάριτι
2475 871 2611 944 Θεού
2639 892 2698 944 έν
2730 891 2968 962 ἡμέραις
2999 890 3288 955 Βασιλείας
3316 891 3699 962 εἰρηνωνύμου
3749 889 3846 942 καὶ

577 970 633 1016 et
668 976 856 1031 pacem
905 961 1076 1028 dedit,
1116 963 1192 1016 ita
1258 972 1318 1017 ut
1372 979 1458 1018 res
1495 965 1626 1034 ipsae
1662 967 1978 1022 nominibus
2033 978 2160 1036 apte

2279 961 2646 1052 εἰρηνοδὼρουο
2674 980 2751 1042 ὡς
2773 961 3099 1052 συνδραμεῖν
3121 981 3458 1050 φερωνύμως
3475 983 3592 1046 τοῖς
3612 981 3844 1048 ὀνόμασι

578 1061 964 1122 congruerent.
993 1051 1193 1106 Verum
1223 1053 1312 1107 illa
1344 1055 1562 1123 quidem
1615 1055 1694 1110 sic
1722 1056 1942 1112 fuerunt
1970 1075 1982 1111 :
2019 1073 2161 1127 prae-

2279 1051 2331 1124 :dt
2359 1051 2684 1140 πράγματα.
2725 1069 2868 1124 Ἀλλ’
2903 1051 3089 1123 ἐκεῖνα
3125 1071 3224 1140 μὲν
3252 1069 3498 1125 τοιαῦτα.
3534 1070 3616 1124 Τά
3655 1070 3715 1122 δὲ
3749 1069 3846 1122 νῦν

579 1143 755 1196 sentia
783 1157 913 1196 vero
951 1158 1138 1198 amara
1181 1151 1238 1198 et
1273 1144 1539 1200 luctuosa.
1587 1144 1690 1212 Qui
1747 1147 1894 1202 enim
1945 1145 2159 1202 aliter?

2279 1161 2440 1231 πικρά
2469 1177 2528 1213 τε
2562 1160 2659 1214 καὶ
2687 1160 2955 1214 ἐπώδυνα.
2989 1161 3112 1224 Πῶς
3142 1160 3251 1231 γὰρ
3286 1161 3379 1227 οὓς
3439 1161 3846 1231 θυσιαστηρξων

577 1234 840 1289 altaribus
881 1235 1279 1300 exterminatis,
1333 1239 1542 1294 eversis
1613 1241 1882 1306 ecclesiis,
1946 1257 2164 1297 sursum

2279 1250 2707 1320 Ξιφανιζομένων,
2757 1250 3062 1319 ὲκκλησιῶν
3109 1250 3537 1321 πορθουμένων,
3595 1252 3710 1304 ἀνω
3751 1249 3848 1302 καὶ

578 1325 832 1380 deorsum
872 1327 1051 1381 omnia
1084 1328 1344 1384 miscente
1380 1329 1591 1394 haeresi,
1619 1339 1675 1386 et
1703 1331 1982 1387 Christum
2031 1348 2158 1387 cum

2279 1344 2417 1396 κάτω
2444 1341 2700 1409 κυκὼσης
2725 1341 2825 1410 τῆς
2846 1342 3135 1412 αἱρέσεως,
3161 1343 3255 1395 καὶ
3272 1342 3510 1413 Χριστὸν
3537 1340 3847 1411 διωκούσης

580 1427 752 1470 matre
788 1425 841 1470 et
873 1419 1046 1473 servis
1083 1419 1197 1474 suis
1243 1431 1623 1490 persequente.
1659 1424 1743 1477 An
1796 1439 1926 1479 vero
1969 1439 2161 1494 perse-

2279 1435 2366 1487 τὸν
2399 1433 2569 1504 μητρὶ
2597 1433 2692 1486 καὶ
2723 1431 3076 1502 Θεράπουσιν.
3106 1433 3176 1484 Ἥ
3215 1432 3324 1502 γὰρ
3356 1432 3452 1501 οὐχ
3480 1425 3630 1486 οὗτοι
3661 1431 3849 1483 δεδιω-

584 1509 862 1562 cntionem
919 1510 1061 1578 passi
1097 1525 1208 1564 non
1260 1519 1430 1576 sunt,
1492 1513 1717 1582 deiectis
1773 1524 1828 1568 et
1886 1517 2168 1586 prostratis

2279 1527 2482 1595 γμένοι,
2539 1524 2650 1577 τῶν
2703 1524 2875 1592 ἁγίων
2911 1523 3135 1577 εἰκόνων
3189 1523 3367 1577 αὐτῶν
3417 1522 3846 1592 πορθουμένωνς

581 1597 782 1651 sanctis
831 1596 1069 1666 ipsorum
1105 1598 1479 1670 imaginibus?
1531 1601 1671 1656 Num
1703 1619 1852 1672 ergo,
1889 1605 1935 1658 si
1968 1605 2165 1660 viviﬁci

2279 1621 2332 1672 Ei
2373 1616 2447 1688 μὴ
2481 1618 2586 1692 ἄρα
2616 1615 2710 1670 καὶ
2755 1614 2848 1668 τοῦ
2879 1615 3052 1668 τύπου
3077 1615 3172 1668 τοῦ
3203 1613 3470 1678 ζωοποιοῦ
3511 1613 3671 1680 ξύλου
3697 1615 3847 1682 ἀφα-

582 1684 712 1756 iigni
747 1695 904 1756 typus
951 1688 1251 1753 aboleatur,
1315 1691 1581 1745 sublatam
1617 1707 1648 1746 e
1702 1695 1884 1748 medio
1949 1711 2168 1751 crucem

2279 1684 2576 1776 νιξόμένού,
2636 1704 2786 1772 λέγοι
2843 1720 2927 1768 τις
3012 1703 3106 1756 τὸν
3159 1700 3395 1774 σταυρὸν
3460 1704 3537 1773 μὴ
3601 1702 3851 1755 ἐκποδὼν

583 1777 706 1845 quis
745 1778 950 1848 neget?
989 1778 1144 1844 Quod
1189 1780 1232 1834 si
1269 1779 1322 1833 in
1357 1789 1482 1852 typo
1519 1782 1626 1838 dici
1675 1783 1780 1839 hoc
1829 1786 1979 1842 nullo
2007 1787 2168 1841 modo

2279 1773 2561 1866 γενέσθαι;
2593 1795 2656 1848 Εἰ
2689 1795 2748 1848 δὲ
2799 1794 2894 1848 ἐπὶ
2927 1793 3080 1848 τοῦδε
3113 1795 3214 1864 οὐχ
3257 1773 3430 1856 οὕτως
3459 1793 3637 1846 δοτέον
3660 1809 3677 1824 ·
3729 1793 3852 1853 πῶς

584 1877 810 1937 potest,
859 1883 957 1923 cur
987 1885 1098 1924 non
1136 1871 1281 1925 idem
1315 1872 1478 1927 etiam
1517 1873 1574 1928 in
1599 1874 1834 1946 imagine
1889 1876 2170 1932 fatendum

2279 1887 2393 1958 οὐχὶ
2426 1887 2520 1940 καὶ
2549 1885 2643 1939 ἐπὶ
2665 1885 2766 1955 τῆς
2794 1885 3000 1948 εἰκόνος
3029 1885 3498 1954 συγκαταθετέον;
3547 1883 3712 1936 εἰκὼν
3738 1883 3851 1952 γὰρ

586 1959 704 2013 sit?
739 1959 1009 2030 siquidem
1067 1969 1122 2016 et
1164 1973 1321 2033 typus
1361 1963 1476 2034 ipse
1537 1964 1716 2036 imago
1783 1975 1888 2032 est,
1941 1982 2007 2022 ac
2053 1967 2174 2024 vice

2279 1979 2365 2031 ml.
2413 1979 2441 2031 6
2468 1976 2671 2040 τύπος·
2731 1975 2808 2040 ὡς
2862 1977 3131 2031 ἀνάπαλιν
3191 1976 3538 2047 ἀντιστρέφει
3586 1977 3616 2028 6
3665 1973 3846 2041 λόγος.

588 2066 747 2106 versa
806 2053 1042 2108 recurrit
1093 2055 1286 2110 oratio.
1316 2055 1385 2110 At
1430 2056 1681 2125 quisnam
1707 2071 1807 2127 ego
1859 2073 1980 2112 sum
2009 2059 2176 2113 miser

587 2153 645 2199 et
691 2159 973 2200 sacrorum
1035 2146 1345 2216 imperitus,
1385 2148 1474 2218 qui
1549 2147 1668 2202 haec
1724 2147 1908 2202 di\in0
1936 2147 2082 2203 Patri
2121 2151 2178 2203 c't

586 2235 847 2304 magistro
931 2236 1282 2291 edisseram?
1328 2237 1408 2290 Tu
1453 2237 1570 2307 ipse
1633 2253 1755 2302 nos,
1805 2239 2168 2305 sanctissime,

588 2326 912 2396 perfectiora
947 2327 1082 2382 doce
1103 2367 1119 2393 ,
1160 2337 1223 2382 ut
1263 2327 1460 2384 divinis
1491 2329 1734 2383 imbutus
1762 2347 1776 2384 :
1805 2339 1860 2384 tu
1891 2329 2051 2385 factis
2084 2331 2171 2385 in-

585 2427 738 2472 strue
773 2419 838 2473 ad
873 2418 1087 2474 fortiter
1119 2418 1398 2474 ferendam
1431 2430 1757 2490 praesentem
1810 2437 1907 2476 seu
1934 2423 2168 2494 castiga-

587 2507 815 2572 tionem,
852 2525 950 2565 seu
983 2510 1358 2580 probationem
1408 2529 1422 2564 :
1483 2526 1713 2580 quorum
1747 2512 1877 2566 illud
1934 2512 2087 2583 prius
2115 2514 2170 2566 in

588 2616 689 2655 nos
719 2601 947 2670 quadrat
981 2610 1206 2673 propter
1262 2610 1485 2673 peccata
1520 2621 1533 2657 :
1568 2605 1844 2672 posterius
1876 2605 1931 2659 in
1957 2614 2009 2659 te
2042 2620 2169 2674 pro-

588 2702 708 2763 pter
743 2692 980 2748 divinam
1042 2693 1363 2749 charitatem
1409 2694 1645 2749 Christi:
1687 2711 1849 2766 quem
1903 2705 1962 2751 tu
2012 2711 2170 2752 orare

590 2799 658 2838 ne
679 2799 858 2840 cesses
886 2795 944 2840 ut
975 2784 1269 2854 impietatis
1313 2786 1562 2840 umbram
1607 2787 1888 2853 discutiat,
1932 2797 1983 2844 et
2025 2804 2172 2844 sere-

591 2890 662 2930 no
715 2877 1020 2946 tranquilla:
1071 2877 1195 2932 lidei
1243 2878 1483 2934 diluculo
1533 2879 1819 2936 celerrime
1875 2889 2167 2952 permutet.

1084 2995 1222 3050 V.-—
1265 2997 1557 3054 Naucratt'o
1587 2998 1722 3069 ﬁlio.

2283 2067 2442 2120 ’Λλλά
2497 2067 2581 2129 τίς
2625 2067 2741 2138 εἰμι
2774 2068 2804 2120 6
2839 2066 3006 2130 τάλας
3055 2067 3150 2122 καὶ
3201 2066 3466 2138 ἀμύητος,
3506 2065 3640 2136 θείῳ
3673 2065 3853 2135 Πατρὶ

2271 2159 2368 2212 καὶ
2387 2157 2692 2228 διδασκάλῳ
2708 2157 3024 2226 αἰτιολογῶν
3050 2157 3222 2212 ταῦτα
3241 2175 3258 2224 ;
3282 2158 3354 2211 Σὺ
3385 2158 3533 2226 ἡμᾶς
3551 2157 3848 2219 διδάσκοις,

2273 2243 2320 2304 ὦ
2361 2250 2642 2319 ἰερὼτατε,
2676 2248 2745 2302 τὰ
2775 2248 3079 2320 τελεώτερα
3098 2248 3175 2312 ῶς
3200 2248 3502 2319 θεομύητος
3527 2265 3543 2279 ·
3575 2248 3670 2300 καὶ
3701 2247 3852 2318 ἔργῳ

2274 2341 2550 2403 παιδεύοις
2581 2340 2770 2411 φέρειν
2797 2341 3082 2411 καρτερῶς
3135 2339 3237 2411 τὴν
3280 2338 3377 2393 νῦν
3408 2339 3522 2392 εἴτε
3573 2338 3852 2401 παιδείαν,

2273 2434 2386 2486 εἴτε
2411 2432 2739 2504 δοκιμασίαν
2762 2447 2777 2463 ο
2808 2431 2872 2485 τὸ
2904 2431 3122 2502 πρῶτον
3155 2430 3244 2498 ἐφ’
3273 2431 3406 2501 ἡμῖν
3433 2428 3519 2482 διὰ
3542 2427 3641 2490 τὰς
3663 2428 3852 2496 ἀμαρ-

2271 2525 2393 2588 τίας
2419 2542 2434 2557 ο
2482 2525 2545 2578 τὸ
2586 2523 2838 2596 δεύτερον
2886 2522 2982 2575 ἐπὶ
3033 2521 3139 2584 col,
3182 2521 3272 2575 διὰ
3310 2520 3409 2591 τὴν
3445 2519 3593 2573 Θείαν
3625 2517 3856 2586 ἀγάπην

2274 2615 2514 2686 Χριστοῦ
2537 2631 2550 2644 °
2581 2608 2626 2682 ᾧ
2662 2615 2966 2668 λιτανεύειν
3021 2612 3097 2684 μὴ
3147 2611 3415 2675 έλλείποις
3456 2611 3716 2681 ἐκτρέψαι
3751 2611 3856 2679 τὴν

2277 2704 2379 2775 τῆς
2410 2703 2668 2768 ἀσεϐείας
2698 2704 2858 2760 σκιὰν
2881 2704 2961 2769 εἰς
2995 2703 3208 2777 πρωίαν
3234 2701 3518 2774 εἰρηνικῆς
3539 2699 3855 2772 ὀρθοδοξίας

2276 2797 2530 2868 τάχιστα.

2649 2997 2729 3054 E'.
2761 3029 2834 3040 —
2860 2997 3214 3068 Ναυκρατίφ
3235 2998 3446 3060 τέκνῳ.
3468 2993 3639 3068 [ριε’.]

683 3112 919 3165 Thaddael
950 3114 1176 3166 monachi
1197 3117 1510 3180 martyrium.
1543 3118 1620 3170 De
1645 3117 1939 3182 quibusdam
1959 3119 2110 3181 lapsis
2135 3119 2360 3180 querela.
2385 3117 2613 3170 Hortatio
2633 3120 2692 3170 ad
2717 3117 3058 3169 constantiam.
3089 3119 3290 3182 (Baron.
3317 3131 3396 3168 an.
3420 3115 3531 3178 8H,
3557 3129 3607 3166 ιι.
3636 3117 3738 3180 55.)

662 3215 898 3275 Nuntius
927 3235 1091 3290 supra
1122 3222 1402 3288 nuntium,
1438 3233 1494 3278 et
1522 3239 1704 3278 sermo
1753 3239 1919 3294 supra
1963 3240 2172 3280 sermo-
2205 3231 2250 3290 c

592 3324 740 3364 nem.
779 3309 921 3376 Quid
970 3311 1168 3376 dicam,
1228 3321 1323 3367 aut
1365 3314 1497 3383 quid
1537 3314 1784 3385 loquar?
1813 3314 1986 3380 Quem
2044 3330 2173 3368 sen-

595 3417 716 3455 sum
756 3403 924 3456 miser
959 3403 1171 3473 capiam
1229 3403 1285 3457 in
1331 3405 1398 3459 iis
1447 3421 1569 3476 qua:
1619 3404 1975 3460 acciderunt?
2030 3403 2178 3460 Gau-

597 3492 748 3546 dium
772 3493 908 3547 mihi
943 3502 996 3548 et
1026 3489 1199 3558 dolor,
1228 3495 1478 3565 jubllatio
1507 3505 1563 3551 et
1601 3495 1796 3550 luctus.
1833 3494 1894 3550 In
1923 3494 2178 3549 aﬁ‘ectum

597 3585 830 3639 duorum
885 3587 1066 3642 medio
1093 3589 1303 3658 positus
1341 3605 1484 3654 sum,
1521 3603 1622 3643 nec
1664 3597 1904 3644 statuere
1932 3603 2176 3658 possum,

573 3669 666 3732 'ad
703 3687 884 3732 utrum
913 3694 1000 3733 me
1058 3689 1401 3735 convertam.
1434 3679 1824 3735 Verumtamen
1858 3678 2030 3734 vincit
2086 3676 2179 3747 qui

601 3769 858 3823 Satanam
886 3769 1016 3824 vicit
1062 3780 1117 3826 et
1171 3771 1449 3842 principes
1477 3780 1534 3825 et
1592 3779 1828 3826 tortores
1870 3769 2036 3839 hujus
2071 3783 2179 3822 sa:-

600 3860 732 3914 culi.
759 3859 915 3914 Morti
957 3877 1058 3932 pro
1111 3861 1338 3916 Christo
1387 3861 1549 3917 datus
1586 3869 1671 3918 est
1737 3860 1944 3916 Christi
2006 3875 2181 3932 agnus

601 3950 826 4021 ﬂagellis
855 3952 1131 4018 concisus,
1153 3951 1458 4008 'l’haddaeus
1483 3954 1528 3986 ”
1559 3969 1741 4008 ramus
1766 3969 1942 4019 meus,
1969 3951 2178 4008 viscera

602 4059 762 4110 mea,
802 4035 944 4099 ﬁlius
1003 4045 1330 4100 obedientiaa
1357 4085 1373 4110 ,
1423 4045 1676 4102 surculus
1729 4044 1949 4116 pietatis
1976 4084 1990 4110 ,
2028 4043 2179 4114 Apo-

599 4138 724 4192 stoli
750 4137 1117 4208 cognominis.
1170 4137 1440 4194 Gaudium
1465 4138 1814 4203 immensum,
1847 4135 2182 4192 incredibilis

602 4228 809 4296 laetitia,
840 4245 951 4284 non
991 4229 1130 4284 mihi
1186 4239 1399 4285 tantum
1457 4231 1680 4302 pusillo,
1736 4231 1832 4286 sed
1867 4239 1921 4284 et
1960 4229 2180 4301 Angelis

603 4323 809 4390 pariter
895 4331 952 4378 et
1054 4319 1394 4378 heminibus.
1455 4321 1625 4387 Quam
1660 4323 2003 4394 magniﬁcam
2061 4332 2181 4376 sunt

602 4429 761 4481 opera
793 4422 906 4475 tua,
942 4413 1164 4467 Domine
1195 4415 1246 4468 ιι
1299 4414 1444 4484 quod
1476 4430 1625 4468 nunc
1671 4415 1835 4468 etiam
1886 4414 1944 4468 in
1989 4415 2181 4470 humili

601 4507 950 4577 generatione
982 4507 1084 4562 ista
1117 4509 1496 4578 incorruptum
1537 4509 1780 4566 veritatis
1825 4519 1932 4566 tua:
1986 4517 2180 4565 testem

2365 3225 2620 3294 Ἀγγελία
2653 3226 2739 3279 ἐπ’
2764 3225 2996 3295 ἀγγελίᾳ
3017 3242 3031 3256 ·
3081 3224 3237 3293 λόγος
3265 3224 3359 3277 ἐπὶ
3404 3222 3570 3294 λόγῳ.
3593 3223 3659 3276 Τί
3688 3221 3860 3284 εἴπω,

2277 3316 2372 3370 καὶ
2397 3317 2450 3370 τί
2478 3315 2727 3387 λαλήσω;
2753 3315 2870 3379 πῶς
2901 3315 3132 3369 διατεθῶ
3152 3317 3180 3368 6
3200 3314 3367 3378 τάλας
3392 3316 3486 3367 ἐπὶ
3545 3315 3660 3376 τοῖς
3700 3329 3864 3381 γεγε·

2277 3407 2564 3476 νημὲνοις;
2606 3405 2764 3477 Χαρά
2791 3421 2882 3476 μοι
2907 3405 3002 3456 καὶ
3030 3403 3196 3475 λύπη·
3228 3403 3411 3465 ἄνεσις
3441 3403 3536 3456 καὶ
3577 3401 3864 3456 ἀπόκλαυ-

2281 3517 2389 3564 σις.
2417 3500 2505 3552 Ἐν
2535 3497 2842 3570 μεταιχμίῳ
2868 3497 2962 3550 δύο
2991 3496 3180 3551 παθῶν
3198 3495 3608 3566 ἀπειλημμένος
3629 3495 3858 3563 γέγονα·

2280 3594 2375 3648 καὶ
2403 3592 2504 3646 ούκ
2529 3591 2639 3662 ἔχω
2691 3591 2919 3661 πότερον
2948 3590 3248 3660 αἱρήσομαι
3273 3587 3474 3656 λέγειν.
3508 3586 3701 3655 Ὅμως
3728 3585 3865 3655 νικᾷ

2277 3687 2307 3739 6
2363 3685 2594 3756 νικήσας
2647 3683 2738 3737 τὸν
2786 3683 3067 3746 Σατανᾶν,
3123 3681 3218 3736 καὶ
3276 3681 3402 3740 τοὺς
3449 3679 3716 3749 ἄρχοντας
3762 3677 3865 3729 καὶ

2279 3777 2549 3839 κολαστὰς
2583 3773 2678 3829 τοῦ
2709 3774 2904 3836 αἰῶνος
2929 3773 3105 3827 τοῦδε.
3159 3770 3501 3842 Ἐθανατώοη
3537 3770 3679 3840 ὑπὲρ
3714 3769 3862 3838 Χρι-

2280 3867 2409 3924 στοῦ
2436 3869 2494 3922 τὸ
2525 3867 2712 3938 ἀρνίον
2736 3864 2831 3919 τοῦ
2861 3863 3096 3937 Χριστοῦ
3128 3863 3583 3933 μαστιγούμενον,
3599 3861 3865 3923 Θαδδαῖος

2277 3964 2306 4016 6
2351 3959 2484 4034 ἐμὸς
2511 3958 2712 4032 ὃρπηξ,
2740 3958 2800 4012 τὸ
2845 3957 2979 4028 ἐμὸν
3016 3956 3345 4025 σπλάγχνον,
3391 3955 3420 4006 6
3469 3954 3587 4016 υἱὸς
3621 3953 3720 4022 τῆς
3749 3953 3866 4006 ὑπ-

2279 4051 2473 4122 ακοῆς,
2501 4049 2563 4102 τὸ
2594 4049 2843 4118 στέλεχος
2873 4047 2970 4117 τῆς
3004 4045 3311 4108 εὐσεϐείας,
3334 4045 3364 4097 6
3393 4041 3486 4096 τοῦ
3530 4041 3866 4094 ’Δποστόλου

2281 4143 2618 4214 συνώνυμος.
2663 4141 3031 4202 Ἀσάστακτος
3061 4139 3095 4208 η
3148 4137 3316 4209 χαρὰ,
3363 4133 3774 4205 ἀνυπέρὸλητος
3826 4135 3864 4202 ὴ

2280 4233 2610 4306 εὐφροσύνη,
2653 4233 2755 4286 οὐκ
2794 4233 2920 4302 ἐμοὶ
2964 4227 3044 4300 τῷ
3093 4226 3337 4298 ταπεινῷ
3370 4227 3552 4296 μόνον,
3583 4224 3718 4277 ἀλλὰ
3762 4225 3869 4274 καὶ

2280 4327 2535 4398 ἀγγέλοις
2560 4324 2654 4379 καὶ
2678 4322 3009 4394 ἀνθρώποις.
3052 4319 3150 4386 Ὧς
3176 4318 3553 4388 ἐμεγαλύνθη
3601 4316 3673 4369 τὰ
3716 4314 3869 4382 ἔργα

2281 4434 2421 4483 σου,
2449 4413 2666 4484 Κύριεί
2693 4413 2775 4466 ὃτι
2804 4412 2899 4466 καὶ
2926 4409 3020 4464 νῦν
3046 4411 3104 4462 έν
3147 4411 3213 4480 τῇ
3242 4409 3471 4476 ταπεινῇ
3499 4406 3664 4476 γενεᾷ
3688 4403 3865 4474 ταύτῃ

2289 4509 2542 4580 μάρτυρα
2563 4505 2662 4576 τῆς
2692 4502 2951 4575 ἀληθείας
2976 4519 3067 4555 σου
3092 4499 3528 4570 ἀπαράγραπτον
3549 4497 3831 4562 aversatam;
3847 4513 3864 4527 ο

603 4597 947 4669 produxisti:
989 4608 1045 4654 et
1082 4599 1232 4652 hunc
1263 4614 1375 4652 non
1419 4614 1486 4653 ex
1535 4598 1874 4668 sapientibus
1897 4641 1913 4666 ,
1938 4608 2032 4655 aut
2079 4615 2181 4654 no-

2287 4603 2382 4657 xal
2405 4599 2594 4654 τοῦτον
2623 4597 2726 4651 οὐκ
2750 4598 2816 4651 έκ
2841 4594 2950 4648 τῶν
2985 4594 3164 4664 σοφῶν
3199 4593 3294 4647 καὶ
3335 4591 3576 4660 εὐγενῶν
3599 4591 3694 4642 τοῦ
3734 4589 3864 4658 τῇδε

599 4689 800 4745 bilibus
831 4688 994 4759 hujus
1045 4689 1254 4753 mundi,
1303 4688 1399 4744 sed
1455 4705 1486 4745 e
1529 4690 1688 4760 plane
1737 4691 1974 4746 diversis
2039 4709 2053 4746 :
2124 4701 2186 4747 ut

604 4782 846 4853 Apostoli
895 4796 1077 4836 sermo
1139 4781 1504 4850 compleretur
1536 4799 1550 4835 :
1584 4780 1846 4853 Ignobilia
1899 4784 2081 4837 mundi
2135 4793 2185 4838 et

605 4874 1018 4945 contemptibilia
1047 4873 1200 4944 elegit
1230 4873 1393 4939 Deus,
1442 4883 1489 4928 et
1515 4891 1575 4929 ea
1599 4891 1716 4944 qua:
1749 4891 1849 4928 non
1877 4885 2091 4940 sunt,ut
2122 4893 2184 4930 ea

609 4983 729 5037 qua:
758 4977 879 5022 sunt
902 4968 1194 5021 destrueret
1220 4967 1262 5021 '.
1287 4965 1352 5021 Et
1380 4983 1618 5036 quonam
1638 4967 1772 5021 mihi
1801 4967 2004 5032 abiisti,
2028 4968 2184 5023 beate

609 5057 736 5112 ﬁli?
796 5059 891 5114 ubi
947 5068 1054 5114 tam
1084 5063 1195 5116 cito
1248 5059 1520 5116 exaltatus
1551 5074 1610 5114 es
1646 5062 1700 5113 in
1743 5069 2043 5132 martyrum
2102 5059 2185 5113 al-

605 5153 738 5206 bum
797 5153 1068 5222 ascriptus
1097 5155 1120 5206 ?
1154 5153 1198 5208 0
1232 5163 1434 5207 sortem
1461 5153 1649 5206 tuam!
1687 5167 1720 5206 ο
1769 5153 2187 5224 generositatem

611 5247 786 5300 tuam!
813 5260 846 5300 ο
877 5244 1120 5314 prudens
1155 5245 1445 5300 consilium
1477 5252 1628 5298 tuum
1659 5246 1674 5298 ί
1702 5245 1825 5301 Uno
1858 5246 1946 5300 die
1977 5245 2188 5300 inﬁnita

609 5325 1220 5407 szeculaipromeruisti
1288 5355 1302 5391 :
1387 5353 1486 5407 per
1538 5338 1878 5393 cruciatuum
1924 5345 2194 5393 tormenta

609 5429 1044 5501 inexplicabilem
1098 5431 1338 5485 laetitiam
1370 5431 1597 5501 adeptus
1649 5446 1709 5486 es
1770 5448 1782 5484 :
1861 5439 2080 5485 centum
2135 5439 2191 5484 et

613 5522 832 5593 triginta
869 5521 1158 5577 verberum
1197 5521 1455 5594 suffragio
1489 5523 1704 5593 plenam
1747 5521 1948 5578 laboris
1987 5537 2198 5578 merce-

2280 4691 2510 4762 κόσμου,
2540 4687 2655 4742 ἀλλ’
2684 4687 2750 4740 ἐκ
2776 4686 2886 4739 τῶν
2915 4685 3173 4748 ἐναντίως
3205 4683 3458 4754 ἐχόντων·
3480 4683 3568 4736 ἵνα
3597 4680 3861 4750 πληρωθῇ

2279 4789 2310 4840 6
2354 4785 2512 4853 λόγος
2549 4780 2645 4836 τοῦ
2695 4778 3020 4834 Ἀποστόλου
3052 4794 3068 4808 ο
3103 4779 3207 4842 ὅτι,
3269 4777 3345 4831 Τὰ
3395 4771 3584 4843 ἀτενῆ
3645 4771 3744 4825 καὶ
3791 4770 3864 4822 τὰ

2279 4873 2722 4944 ἐξουθενημένα
2742 4871 3084 4936 ἐξελέξατο,
3117 4868 3215 4924 καί
3239 4866 3311 4920 τὰ
3333 4865 3420 4934 μὴ
3445 4863 3590 4918 ὄντα
3609 4879 3621 4890 ·
3657 4864 3759 4916 ἵνα
3789 4865 3863 4916 τὰ

2283 4975 2427 5028 ὄντα
2484 4971 2856 5041 καταργήσῃ.
2901 4968 3012 5022 Ποῦ
3065 4985 3154 5039 μοι
3193 4967 3460 5035 ἀπέστης,
3489 4957 3536 5016 ὦ
3590 4961 3863 5032 μακάριον

2285 5066 2506 5131 τέκνον;
2561 5049 2894 5116 πούθᾶττον
2928 5057 3296 5131 ύπερυψώθης
3348 5057 3585 5127 μάρτυσι
3637 5051 3862 5120 συναρί-

2287 5157 2441 5228 θμιος
2470 5154 2742 5225 γεγονὼςς
2779 5155 2846 5207 Ὦ
2877 5153 2975 5223 τῆς
3006 5151 3290 5221 ἐπιτυχίας
3320 5167 3412 5202 σου
3439 5150 3452 5201 ί
3489 5146 3534 5200 ὣ
3562 5146 3664 5215 τῆς
3703 5145 3860 5210 εὐγε-

2285 5251 2434 5313 νείας
2465 5249 2592 5302 σουῑ
2640 5247 2686 5300 ὣ
2741 5247 2840 5317 τῆς
2893 5243 3177 5306 εύύουλίας
3233 5244 3358 5294 ocul
3398 5239 3486 5294 Ἐν
3528 5238 3712 5307 ἡμέρᾳ
3765 5235 3860 5304 μιᾷ

2287 5341 2584 5412 ἐκέρδησας
2606 5338 2866 5408 ἀπείρους
2893 5335 3117 5398 αἰῶνας·
3153 5336 3211 5388 ὲν
3245 5332 3426 5395 ἀνίαις
3453 5329 3861 5400 βασανιστικαῖς

2287 5433 2505 5503 ἐκτήσω
2524 5431 2622 5495 τὰς
2650 5427 3051 5498 ἁνεκλαλήτους
3087 5421 3429 5494 εὐφροσύνας
3455 5434 3470 5450 ⁸
3535 5422 3592 5472 ἐν
3625 5415 3858 5485 πληγαῖς

2287 5521 2483 5576 ἑκατὸν
2541 5518 2678 5589 πρὸς
2742 5515 3034 5594 τριάκοντα
3092 5513 3322 5584 εῐληφας
3371 5508 3462 5564 τὸν
3511 5505 3713 5560 τέλειον
3759 5505 3861 5573 τῆς

687 5727 732 5758 ⁹⁹
785 5724 919 5780 Vide
969 5723 1113 5779 infra
1175 5724 1337 5796 epist.
1388 5724 1476 5779 2|.
1557 5725 1571 5756 ¹
1615 5723 1813 5780 Psalm.
1847 5739 1952 5793 τοι,
1983 5723 2039 5780 6.
2117 5723 2181 5776 ἰ

2279 5737 2340 5776 η’.
2375 5735 2413 5786 ι,
2445 5719 2536 5774 ‘28.
