4044 6366
233 278 362 344 1125

1425 278 1963 340 EPISTOLARUM
2013 277 2161 338 LIB.
2204 277 2289 337 II.

3340 275 3476 339 “"26

228 389 483 462 ἐργασίας
510 387 701 458 μισθὸν
729 389 827 442 σὺν
857 389 1097 461 μάρτυσι
1127 390 1278 463 παρὰ
1311 392 1413 461 τῆς
1439 393 1601 461 ἁγίας
1629 393 1798 462 Τριά-

1903 391 2021 446 dem
2053 406 2084 446 a
2115 400 2302 446 sancta
2357 388 2624 444 Trinitate
2659 402 2784 444 eum
2833 387 3164 461 martyribus
3196 392 3475 459 accepisti.

230 480 334 541 δος.
367 477 540 546 Εἴπερ
579 477 606 529 6
635 475 734 546 μὲν
761 480 860 548 τῆς
889 479 1241 549 τελειότητος,
1274 482 1302 534 6
1329 477 1386 534 δὲ
1429 481 1528 551 τῆς
1567 481 1796 552 Τριάδος

231 565 502 634 ἀναλογῶν
532 567 681 619 ἐστιν
699 566 952 639 ἀριθμόςο
976 570 1062 622 ἵνα
1089 568 1191 633 κάξ
1215 569 1380 622 αὐτοῦ
1403 569 1498 623 τοῦ
1517 569 1792 640 κολασμοῦ

231 675 319 710 σου
351 656 694 726 παραδείξειε
724 657 856 721 Θεὸς
891 658 951 711 τὸ
984 659 1320 729 μγαλοφυές
1369 676 1484 714 σου.
1545 661 1619 713 Τὸ
1659 655 1798 730 αἷμά

231 765 340 812 σου,
376 747 584 816 μύρον]
613 747 676 801 τὸ
706 748 956 818 λείψανόν
986 766 1103 816 σου,
1127 750 1405 821 άγιασμοῦ
1442 753 1796 822 μεταδοτικὸν

227 842 334 903 τοῖς
363 839 618 908 ψαύουσι.

294 933 495 1003 Δέομαί
550 951 668 998 σου,
725 935 844 1002 ἅγιε
895 932 988 988 τοῦ
1046 935 1182 989 Θεοῦ
1220 935 1474 1000 Θαδδαῖε,
1527 937 1795 1008 πρέσϐευε

230 1026 364 1095 ὑπὲρ
391 1025 523 1095 ἐμοῦ
543 1026 636 1078 τοῦ
659 1025 879 1090 ἀναξίου
906 1026 1096 1081 δούλου
1121 1044 1218 1080 σου
1243 1045 1259 1060 ο
1288 1029 1352 1082 ού
1381 1030 1491 1098 γὰρ
1520 1029 1704 1098 τολμῶ
1735 1046 1795 1082 σε

229 1116 448 1168 καλέσαι
496 1116 704 1172 τέκνον.
750 1117 962 1187 Ὁρᾶτε,
1022 1118 1243 1186 ἀδελφοί
1292 1137 1417 1189 μου,
1465 1120 1519 1173 τί
1567 1120 1793 1188 γέγονε·

229 1211 374 1262 ποῖον
405 1207 678 1279 θησαυρὸν
697 1210 792 1262 καὶ
818 1209 978 1280 μέλος
1010 1211 1380 1282 ὲκεκτήμεθα.
1420 1215 1606 1283 Ἀρκεί
1632 1214 1712 1276 εἷς
1737 1231 1796 1267 τε

228 1301 357 1356 Θεοῦ
386 1300 541 1365 δόξαν
569 1301 665 1356 καὶ
701 1301 969 1371 ἡμέτερον
998 1287 1280 1374 καύχημα,
1316 1303 1450 1374 ὁμοῦ
1480 1321 1538 1357 τε
1569 1305 1664 1358 καὶ
1696 1306 1798 1374 τῆς

227 1394 352 1462 ὅλης
415 1392 739 1463 Ἐκκλησίας
792 1395 1161 1464 χαρμόσυνον,
1212 1397 1240 1447 6
1296 1395 1507 1465 μάρτυς
1559 1396 1796 1466 Χριστοῦ

226 1483 501 1546 Θαδδαῖος.
547 1483 612 1536 Τί
661 1482 866 1550 trina;
904 1485 1212 1551 Ἔσονται,
1242 1486 1430 1554 φησὶν,
1477 1488 1533 1540 οι
1581 1486 1798 1555 πρῶτοι

225 1575 491 1642 ἔσχατοι,
546 1573 644 1627 καὶ
683 1576 738 1627 οί
773 1574 1022 1643 ἔσχατοι
1053 1575 1293 1643 πρῶτοι.
1328 1574 1497 1630 Τοῦτο
1548 1577 1644 1630 ἐπὶ
1697 1577 1794 1630 τοῦ

237 1663 492 1718 Ἰακώϐου
541 1667 686 1734 φημὶ
712 1666 803 1718 καὶ
833 1664 1138 1720 Λουκιανοῦ
1165 1682 1180 1697 ο
1208 1665 1303 1719 τοῦ
1340 1666 1441 1737 μὲν
1462 1667 1800 1738 ὲναθλήσαν-

224 1768 310 1814 τος
334 1764 350 1778 ⁶
385 1751 469 1821 εῐη
497 1729 1010 1823 καὶ-εναθλήσοντος
1047 1753 1210 1826 μέχρι
1237 1729 1423 1819 τέλους
1445 1773 1460 1787 ο
1489 1757 1588 1810 σὺν
1618 1729 1798 1828 Α’ωρο-
1829 1729 1874 1785 Β

225 1839 328 1911 θέῳ
368 1841 464 1894 καὶ
497 1842 807 1912 Βησαρίωνι
853 1841 1012 1914 [Reg.
1073 1843 1196 1898 cod.
1249 1835 1545 1914 Βισαρίωνι
1576 1843 1630 1915 ]!
1687 1845 1795 1899 T06

222 1932 278 1985 δὲ
319 1933 462 1986 κατὰ
493 1933 594 1997 τὰς
633 1935 909 2005 ἁμαρτίας
943 1953 1045 2005 μου
1091 1938 1504 2006 ναυαγήσαντος
1537 1937 1632 1991 σὺν
1683 1941 1797 2002 τοῖς

221 2024 562 2096 ὁμοτρόποις.
600 2025 664 2077 Ὦ
698 2025 814 2088 πῶς
867 2025 1062 2079 ἔπεσον
1087 2027 1147 2080 ἐν
1183 2027 1338 2098 μέσῳ
1386 2029 1691 2099 φωστήρων
1745 2031 1795 2082 οἱ

221 2116 515 2169 οἵκτιστοιί
562 2116 917 2170 Ἐπελάθοντο
950 2117 1045 2171 τοῦ
1077 2119 1362 2190 εἰρηκότος
1389 2119 1498 2190 ἄρα
1525 2135 1542 2151 ο
1565 2120 1662 2189 Μὴ
1691 2137 1798 2189 ερο-

222 2206 440 2274 ϐηθῆτε
489 2208 608 2262 ἀπὸ
661 2207 782 2262 τῶν
830 2210 1290 2264 ἀποκτενόντων
1334 2210 1402 2264 τὸ
1457 2209 1650 2280 σῶμα.
1704 2210 1798 2279 Μὴ

221 2299 324 2370 γὰρ
357 2301 421 2353 ού
473 2301 854 2372 κατεμέτρησε
907 2302 969 2356 τὸ
1001 2301 1224 2357 δυνατὸν
1264 2304 1293 2356 6
1329 2302 1488 2372 μόνος
1531 2304 1799 2376 δυνάστης

222 2393 309 2444 καὶ
340 2391 597 2463 δυναμῶν
638 2397 765 2458 τοὺς
814 2394 1208 2464 ἀσθενοῦντας;
1263 2400 1376 2453 Καὶ
1420 2401 1469 2453 οἰ
1518 2401 1798 2472 μάρτυρες

219 2484 469 2553 ἐγγύθεν.
527 2487 618 2556 Μὴ
682 2487 791 2559 γὰρ
846 2490 947 2543 οὐκ
1008 2489 1397 2562 ἐξαιρούμενος
1442 2493 1502 2558 ἐξ
1552 2493 1798 2562 ἀνάγκης

219 2578 338 2641 τοὺς
411 2578 491 2632 ἔτι
554 2579 630 2651 μὴ
686 2580 970 2650 ἰσχύοντας
1024 2586 1090 2654 τῇ
1153 2582 1354 2652 φύσει,
1417 2585 1478 2638 ού
1539 2588 1606 2655 τῇ
1661 2603 1796 2656 προ-

220 2669 364 2724 θέσει
400 2687 416 2737 ;
463 2671 572 2726 Kal
624 2675 658 2728 ὁ
694 2673 927 2744 μάρτυς
979 2674 1237 2739 Θαδδαῖος
1292 2676 1364 2730 ἐν
1410 2676 1647 2745 οὐρανῷ
1698 2691 1799 2733 πι-

217 2765 384 2830 στός.

283 2858 376 2928 Μὴ
408 2855 471 2930 δὴ
497 2852 610 2924 06v,
643 2857 863 2927 ἀδελφοί
883 2876 1008 2930 μου,
1031 2858 1386 2930 πτοηθῶμεν,
1411 2861 1549 2933 μηδὲ
1571 2861 1800 2933 ἔμφοϐοι

217 2950 512 3022 γενοίμεθα
547 2955 615 3023 τῇ
654 2951 762 3004 τῶν
804 2953 1125 3023 ἡττημένων
1155 2953 1402 3008 πτώσει·
1455 2955 1534 3020 ὡς
1579 2957 1663 3011 ὃτι
1707 2958 1802 3010 καὶ

218 3044 379 3145 ήμείς
434 3045 533 3115 οὐχ
584 3045 884 3116 ὑποίσομεν
935 3045 1035 3110 τὰς
1087 3047 1324 3118 πληγάς.
1379 3049 1613 3118 Οἴσομεν
1662 3049 1798 3104 Θεοῦ
1827 3083 1872 3145 c

216 3133 466 3206 δυνάμει,
525 3137 620 3190 καὶ
673 3137 1069 3209 διαϐησόμεθα,
1127 3139 1234 3194 κᾶν
1277 3138 1412 3211 πῦρ,
1464 3141 1570 3194 κᾶν
1625 3141 1797 3211 ξίφος.

217 3224 346 3289 Θεὸς
379 3227 411 3278 6
439 3224 854 3296 προηγούμενος
877 3227 972 3281 καὶ
1002 3229 1484 3300 προσκαλούμενος
1536 3231 1802 3286 εἰσελθεῖν

218 3317 364 3386 ἡμᾶς
405 3318 486 3381 είς
522 3317 621 3389 τὴν
647 3319 1071 3392 ἐπηγγελμένην
1100 3323 1234 3392 ἡμῖν
1272 3322 1574 3393 βασιλείαν,
1611 3324 1686 3389 ὡς
1711 3325 1803 3380 τὸν

229 3407 450 3479 Ἰσραὴλ
502 3411 582 3472 εἰς
630 3410 733 3479 τὴν
759 3412 863 3481 γῆν
895 3413 996 3479 τῆς
1025 3413 1381 3482 ἐπαγγελίας.
1431 3417 1550 3470 Οὐκ
1588 3417 1702 3470 ἴστε
1750 3417 1804 3470 τί

219 3499 554 3554 πεπόνθασιν
573 3501 623 3554 οί
643 3501 766 3556 τότε
787 3504 1218 3569 ἀναστατοῦντες
1243 3505 1336 3559 τὸν
1357 3506 1506 3574 λαὸν,
1530 3506 1802 3576 λέγοντες

217 3591 291 3644 ού
321 3589 666 3662 δυνησόμεθα
697 3594 947 3664 διαϐῆναι
967 3613 983 3628 ο
1039 3596 1122 3650 ὅτι
1171 3598 1292 3652 ἐκεῖ
1319 3598 1500 3662 πόλεις
1528 3601 1804 3672 τειχήρεις

215 3685 319 3750 ἕως
347 3685 450 3739 τοῦ
478 3686 732 3756 ούρανοῦ,
762 3688 858 3742 καὶ
887 3688 1162 3758 γίγαντες
1188 3691 1248 3745 ἐν
1286 3683 1370 3754 οἷς
1409 3692 1438 3748 6
1481 3691 1662 3746 Ἐνάκ.
1693 3692 1804 3746 Καὶ

212 3776 265 3830 τί
294 3778 358 3832 τὸ
385 3778 616 3847 γεγονός
633 3797 649 3848 ;
667 3780 791 3849 οὐχ).
816 3781 905 3834 διὰ
927 3781 1086 3836 τοῦτο
1106 3783 1262 3836 αὐτοὶ
1287 3783 1390 3854 μὲν
1411 3801 1486 3839 πυ
1497 3787 1800 3858 ρίκαυστοι·

213 3869 241 3920 6
271 3867 342 3922 δὲ’
362 3871 679 3942 γογγυστὴς
709 3870 840 3936 λαὸς
874 3873 1020 3938 ἄπας
1037 3873 1228 3928 ὤλετο·
1252 3869 1328 3931 ὧν
1343 3876 1413 3930 τὰ
1434 3878 1583 3933 κῶλα
1607 3879 1806 3936 ἔπεσεν

213 3958 270 4012 ὲν
300 3962 368 4031 τῇ
397 3961 628 4031 ὲρήμῳ;
677 3962 767 4034 Μή
824 3979 910 4027 τις
939 3963 1184 4029 τοιοῦτος
1223 3966 1536 4038 ἀναστάτης
1564 3985 1578 4000 ο
1615 3971 1688 4041 μή
1719 3987 1806 4035 τις

213 4049 502 4124 ὀλίγωρος·
528 4055 602 4124 μή
626 4071 709 4118 τις
730 4054 1005 4120 δύσελπις.
1027 4056 1409 4129 Διαϐησόμεθα
1424 4055 1541 4129 οῦν,
1557 4061 1802 4132 ἀδελφοὶ,

211 4140 592 4214 διαϐησόμεθα
626 4145 703 4209 ὼς
725 4145 906 4201 Χαλὲϐ
935 4147 1099 4217 λέγω,
1134 4151 1228 4204 καὶ
1264 4151 1473 4221 Ἰησοῦς
1499 4152 1595 4206 τοῦ
1619 4153 1802 4224 Ναυῆ,

210 4236 258 4288 οἰ
287 4236 390 4304 τῆς
421 4237 757 4306 ἐπαγγελίας
788 4239 1142 4311 κληρονόμοι.
1171 4241 1340 4313 Τείχη
1370 4245 1505 4315 ἡμῖν
1547 4263 1805 4302 κατασει-

199 4322 513 4398 ’σθήσονται
573 4331 759 4401 νοητὰ,
817 4329 894 4394 ὡς
953 4333 1258 4404 τηνικαῦτα
1309 4334 1378 4388 τὰ
1448 4336 1804 4409 Ἰεριχούντια

1897 482 2166 537 Nimirum
2213 482 2305 536 ille
2351 479 2724 550 perlectionis,
2793 480 2883 534 hic
2918 479 3202 536 Trinitatis
3243 481 3480 551 speciem

1896 591 2160 630 numerus
2187 581 2543 643 repraesentat
2576 590 2591 639 ;
2618 583 2674 628 ιιι
2704 572 2786 627 vel
2843 587 2910 626 ex
2951 573 3068 642 ipso
3100 574 3363 644 supplicio
3387 583 3481 628 tuo

1896 667 2065 720 animi
2125 666 2202 720 tui
2245 665 2676 735 magnitudinem
2731 663 2872 719 Deus
2927 666 3194 720 ostendat.
3251 664 3480 737 Sanguis

1899 767 2058 821 tuus,
2102 766 2437 828 unguentum
2470 773 2486 814 :
2519 757 2765 827 reliquiaa
2821 766 2929 812 tua:
2960 797 2977 824 ,
3033 758 3482 814 sanctificationis

1898 851 2243 920 tangentibus
2287 849 2625 920 largitricet.
3093 834 3100 842 ’
3159 861 3162 868 ·

1967 939 2076 993 Oro
2128 950 2204 1005 te,
2257 948 2447 994 sancte
2525 939 2618 994 Dei
2679 941 2976 1007 Thaddaec,
3028 941 3303 996 intercede
3381 957 3480 1012 pro

1897 1043 1985 1082 me
2038 1029 2262 1100 indigno
2317 1029 2523 1083 famulo
2584 1039 2713 1094 tuo;
2777 1047 2958 1102 neque
3012 1032 3159 1086 enim
3208 1032 3384 1087 audeo
3431 1041 3482 1087 te

1904 1118 2073 1172 filium
2123 1119 2421 1189 appellare.
2470 1120 2700 1185 Videtis,
2751 1121 2963 1186 fratres,
3022 1123 3152 1192 quid
3200 1123 3481 1188 acciderit,

1896 1210 2120 1278 qualem
2192 1210 2552 1276 thesaurum,
2607 1222 2664 1267 et
2715 1213 2874 1282 quale
2929 1214 3235 1267 membrum
3305 1215 3482 1282 possi-

1896 1301 2147 1356 deamus.
2219 1299 2434 1357 Sufﬁcit
2495 1303 2560 1357 ad
2615 1303 2708 1356 Dei
2781 1303 3054 1372 gloriam,
3115 1303 3180 1357 ad
3241 1312 3484 1358 ostenta-

1902 1393 2106 1448 tionem
2164 1403 2432 1458 nostram,
2499 1395 2564 1448 all
2621 1395 2876 1450 Ecclesia:
2944 1396 3112 1450 totius
3168 1397 3483 1452 exsultatio~

1898 1500 2021 1539 nem
2075 1484 2280 1540 Christi
2351 1496 2560 1556 martyr
2642 1487 2972 1542 Tltaddaaus.
3051 1488 3219 1554 Quid'
3239 1490 3486 1544 caetera?

1900 1665 2016 1719 Hoc
2042 1665 2108 1720 de
2137 1663 2344 1720 Jacoho
2379 1666 2611 1720 dixerim
2645 1675 2701 1721 et
2741 1667 2984 1722 Luciano
3024 1685 3038 1721 :
3069 1683 3306 1738 quorum
3349 1670 3490 1724 alter

1902 1760 2120 1830 quidem
2144 1759 2468 1823 decertavit,
2499 1768 2556 1814 et
2603 1759 2814 1814 utinam
2873 1775 3046 1830 usque
3075 1761 3146 1815 ad
3187 1761 3349 1816 finem
3390 1761 3490 1816 de-

1903 1858 2188 1916 certasset,
2243 1866 2368 1906 cum
2456 1850 2736 1905 Dorotheo
2797 1858 2852 1905 et
2921 1851 3283 1908 Bessarione!
3354 1855 3491 1909 alter

1901 1952 2127 2012 propter
2168 1951 2392 2013 peccata
2467 1957 2592 1996 mea
2659 1942 3003 2013 naufragium
3051 1943 3182 1999 fecit
3230 1959 3355 1999 cum
3403 1945 3489 2000 sui

1903 2034 2195 2089 similibus.
2225 2034 2564 2105 Oquomodo
2605 2034 2924 2090 ceciderunt
2971 2035 3025 2089 in
3095 2037 3279 2091 medio
3326 2036 3492 2091 lumi-

1902 2143 2038 2182 num
2066 2127 2314 2183 infclices
2346 2129 2360 2180 ι
2394 2127 2561 2183 Obliti
2593 2127 2740 2182 illius
2777 2127 2869 2196 qui
2901 2125 3076 2184 dixit':
3111 2127 3288 2181 Nolite
3309 2128 3493 2182 timere

1903 2235 1990 2274 eos
2010 2219 2100 2288 qui
2123 2220 2364 2272 occidunt
2387 2235 2577 2287 corpus
2591 2217 2632 2272 ‘.
2665 2219 2860 2273 Annon
2882 2217 3030 2272 enim
3063 2217 3208 2272 vires
3234 2227 3290 2272 et
3319 2217 3491 2272 facul-

1904 2317 2069 2365 tatem
2090 2309 2372 2366 dimensus
2398 2317 2504 2375 est,
2527 2310 2618 2376 qui
2639 2309 2788 2364 solus
2810 2318 3010 2378 potens
3037 2317 3141 2374 est,
3169 2317 3225 2364 et
3247 2309 3492 2364 inﬁrmus

1903 2402 2267 2457 confortans?
2312 2400 2384 2455 At
2452 2409 2624 2456 testes
2662 2401 2864 2455 adsunt
2903 2401 2971 2455 de
3027 2401 3352 2472 prOpinquo.
3383 2401 3494 2455 An-

1903 2508 2014 2548 non
2048 2509 2143 2550 eos
2165 2493 2331 2562 eripit
2373 2493 2441 2547 de
2488 2492 2842 2547 tribulatione
2889 2491 2982 2561 qui
3047 2492 3192 2548 vires
3249 2493 3492 2548 nondum

1904 2585 2108 2641 habent
2130 2595 2322 2640 natura
2374 2601 2484 2640 non
2515 2585 2802 2640 voluntate
2829 2585 2852 2638 ?
2881 2585 2946 2638 At
2984 2585 3131 2638 testis
3167 2583 3493 2640 Thaddteus

1903 2680 1961 2734 in
1981 2679 2110 2735 caelo
2145 2680 2321 2749 ﬁdelis
2343 2679 2365 2711 ⁵
2397 2717 2413 2734 .

1974 2857 2054 2914 Nc
2083 2859 2250 2930 igitur
2281 2868 2611 2922 terreamur,
2653 2856 2875 2921 fratres,
2923 2870 3103 2927 neque
3154 2855 3338 2910 animt.
3367 2870 3494 2911 cono

1905 2961 2220 3006 sternemur
2269 2951 2340 3006 ob
2368 2951 2581 3006 cladem
2613 2963 2804 3003 eorum
2834 2947 2927 3017 qui
2961 2947 3100 3018 lapsi
3157 2955 3308 3011 sunt,
3337 2948 3492 3018 quasi

1906 3044 2093 3115 plagas
2123 3054 2179 3099 et
2203 3043 2310 3114 ipsi
2339 3042 2584 3113 perferre
2637 3056 2749 3096 non
2797 3040 3092 3110 possimus.
3127 3039 3494 3096 ’Perferemus

1903 3135 1998 3192 Dei
2039 3136 2262 3200 virtute,
2303 3144 2360 3189 et
2405 3133 2783 3189 transiliemus
2836 3132 3089 3202 quamvis
3149 3147 3249 3202 per
3284 3132 3490 3203 ignem,

1903 3227 2154 3298 quamvis
2181 3242 2280 3297 per
2309 3226 2572 3297 gladium.
2617 3225 2762 3280 Deus
2791 3234 2877 3280 est
2905 3224 2998 3294 qui
3057 3239 3160 3277 nos
3221 3224 3396 3289 ducit,
3436 3232 3494 3279 et

1904 3321 2097 3376 invitat
2125 3329 2187 3374 ut
2216 3319 2551 3390 promissum
2605 3318 2763 3372 nobis
2813 3331 3041 3388 regnum
3085 3316 3378 3383 intremus,
3416 3317 3489 3372 si-

1905 3422 1997 3470 cut
2019 3412 2191 3467 Israel
2226 3421 2430 3467 terram
2492 3409 2892 3481 promissionis.
2940 3408 3175 3463 Nescitis
3233 3409 3363 3478 quid
3429 3409 3494 3464 iis

1905 3505 2245 3578 contigerit,
2291 3503 2382 3574 qui
2444 3504 2706 3574 populum
2775 3512 2907 3557 tunc
2959 3500 3370 3565 subvertebant,
3406 3501 3493 3556 di-

1907 3608 2100 3655 centes
2129 3615 2142 3650 :
2170 3596 2292 3652 Non
2355 3595 2662 3666 poterimus
2704 3605 3028 3665 penetrare,
3063 3593 3318 3663 quoniam
3381 3595 3494 3650 illic

1905 3688 2068 3743 urbes
2096 3701 2269 3756 usque
2313 3685 2373 3740 in
2417 3685 2623 3741 coelum
2646 3693 2889 3742 muratas
2929 3683 3168 3739 vidimus
3188 3726 3202 3750 ,
3229 3692 3285 3738 et
3312 3684 3494 3756 gigan-

1907 3787 2010 3842 tes,
2049 3779 2196 3834 inter
2212 3793 2354 3848 quos
2386 3778 2583 3834 Enac'
2609 3815 2624 3831 .
2662 3776 2804 3842 Quid
2855 3775 3055 3831 deinde
3083 3785 3334 3830 secutum
3370 3776 3494 3830 est?

1904 3867 2096 3924 Nonne
2125 3870 2197 3924 ob
2235 3884 2354 3924 eam
2385 3883 2610 3924 causam
2633 3868 2757 3940 igne
2783 3867 3034 3922 succensi
3062 3875 3212 3930 sunt,
3242 3874 3300 3922 et
3343 3884 3495 3922 mur-

1905 3971 2152 4018 murator
2180 3961 2418 4032 populus
2448 3960 2746 4015 universus
2775 3959 3002 4022 interiit,
3034 3968 3090 4014 et
3125 3959 3372 4014 membra
3406 3975 3498 4014 eo-

1905 4072 2030 4111 rum
2054 4055 2373 4111 ceciderunt
2405 4053 2461 4108 in
2488 4051 2787 4108 solitudine
2812 4050 2835 4104 ἰ
2883 4049 3075 4104 Nullus
3108 4050 3178 4105 sit
3204 4050 3496 4120 huiusmo-

1905 4150 1962 4206 di
2005 4149 2383 4220 perturbator,
2437 4146 2622 4202 nullus
2669 4152 3036 4214 contemptor,
3094 4143 3276 4197 nullus
3301 4143 3500 4213 despe-

1905 4243 2208 4298 rabundus.
2236 4240 2729 4312 Transgrediemur
2743 4237 2974 4292 omnino
3003 4278 3018 4302 ,
3042 4235 3265 4300 fratres,
3303 4247 3488 4290 trans‘

1907 4335 2237 4408 grediemur,
2297 4333 2438 4389 sicut
2492 4331 2680 4398 Caleb,
2743 4331 2986 4400 inquam,
3046 4337 3102 4383 et
3142 4327 3304 4383 Jesus
3357 4327 3500 4383 filius

211 4419 479 4490 σάλπιγγι
515 4421 892 4492 εὐχαριστίας,
923 4425 988 4496 ἢν
1013 4421 1145 4499 ᾖσεν
1171 4429 1199 4480 ό
1223 4427 1493 4499 μακάριος
1511 4430 1795 4500 Θαδδαῖος,

1903 4431 2072 4495 Nave,
2107 4429 2484 4500 promissionis
2545 4428 2814 4484 haeredes.
2881 4425 3154 4480 Corruent
3205 4432 3333 4479 ante
3393 4441 3498 4480 nos

207 4511 386 4582 ψάλας
415 4515 482 4568 ὲκ
522 4513 770 4584 βαλϐῖδος
797 4517 907 4571 τῶν
943 4517 1120 4574 πόνων
1149 4536 1164 4551 '
1203 4520 1364 4589 Αὕτη
1408 4523 1448 4590 ἠ
1500 4524 1691 4594 ἡμέρα
1721 4525 1801 4594 ἢν

206 4602 509 4674 ἐποίησεν
537 4609 570 4660 ό
597 4607 834 4676 Κύριος.
883 4609 1040 4663 Οὕτω
1075 4613 1402 4682 παρακαλῶ,
1443 4613 1618 4680 οὕτως
1648 4618 1801 4672 άντι-

207 4692 352 4748 ϐολῶ
385 4713 403 4728 ο
457 4696 639 4766 ’Υπὲρ
696 4701 958 4768 Χριστοῦ
991 4701 1122 4772 γὰρ.
1173 4705 1329 4776 φησι,
1363 4709 1797 4779 πρεσϐεύομεν,

204 4786 286 4854 ὠς
319 4789 434 4844 τοῦ
481 4791 629 4845 Θεοῦ
661 4793 1162 4862 παρακαλοῦντος
1205 4795 1282 4850 δι’
1307 4795 1499 4866 ἡμῶν.
1553 4800 1798 4870 Δεόμεθα

209 4881 700 4956 μὴ’δειλανδρῆσαι
730 4885 868 4957 πρὸς
904 4887 994 4940 τὸν
1035 4887 1176 4959 ὑπὲρ
1205 4888 1374 4942 αὐτοῦ
1403 4891 1500 4944 καί¹
1525 4893 1622 4946 σὺν
1649 4895 1800 4967 αὐτῷ

207 4978 469 5045 θάνατον,
501 4981 596 5035 ἐὰν
621 4981 737 5054 δέῃ.
773 4983 916 5054 Πρὸς
944 4983 1149 5048 πάντας
1183 4987 1217 5056 ἡ
1245 4986 1502 5060 ἐπιστολή
1534 5005 1549 5020 ο
1583 4988 1689 5043 κᾶν
1717 4991 1800 5053 εἰς

205 5071 506 5141 πρόσωπόν
527 5089 645 5138 σου,
675 5074 862 5129 τέκνον
888 5077 1110 5143 ἀγαθόν.
1134 5079 1226 5132 Διὸ
1255 5079 1350 5134 καὶ
1374 5079 1585 5145 πάντας
1619 5081 1800 5136 ἀσπά-

205 5160 399 5233 ζομαι,
437 5165 534 5218 καὶ
580 5167 718 5221 πᾶσι
759 5167 1042 5240 συγχαίρω
1075 5169 1135 5224 ἐν
1173 5174 1290 5236 τοῖς
1321 5172 1635 5244 παθήμασι.
1686 5174 1798 5227 Kal.

203 5253 289 5317 τίς
320 5255 479 5320 ἄξιος
504 5257 1002 5332 ἀνταναπληρῶσαι
1039 5263 1109 5318 τὰ
1143 5263 1498 5336 ὑστερήματα
1544 5265 1653 5320 τῶν
1687 5266 1801 5320 θλί-

204 5345 357 5416 ψεων
392 5347 491 5402 τοῦ
521 5351 756 5421 Χριστοῦ
782 5353 841 5407 ὲν
873 5356 940 5426 τῇ
967 5357 1132 5426 σαρκὶ
1167 5357 1372 5425 αὑτοῦ;
1419 5359 1530 5413 Καὶ
1557 5359 1680 5413 οὐαὶ
1719 5359 1799 5430 τῷ

206 5436 428 5512 ἐξάρνῳ
454 5443 550 5496 καὶ
579 5445 944 5509 ὲκκεκλικότι,
974 5446 1077 5500 κᾶν
1105 5445 1336 5513 θάνατος
1361 5465 1377 5479 ⁶
1413 5451 1495 5504 ὅτι
1520 5451 1548 5503 6
1579 5451 1801 5516 αἰώνιος

206 5528 446 5596 θάνατος
484 5541 746 5608 ποιμανεί
803 5537 988 5606 αὐτὸν,
1047 5539 1160 5594 Καὶ
1219 5545 1804 5612 κατακυριεύσουσιν

279 5649 301 5681 ³
341 5650 539 5709 Matth.
573 5671 687 5718 xxx,
753 5654 840 5710 16.

210 5725 383 5784 c-n'tt,
416 5722 510 5777 24.
569 5726 612 5779 ll
649 5727 776 5782 Cor.
828 5746 883 5791 ν,
915 5728 1006 5782 20.
1114 5731 1157 5761 ¹⁰
1209 5729 1419 5784 Coioss.
1457 5746 1496 5793 ι,
1526 5731 1618 5786 24.

1904 4523 2216 4594 spirituales
2248 4519 2412 4594 muri,
2460 4519 2602 4576 sicut
2657 4529 2772 4574 tum
2818 4515 3192 4572 Jerichuntini
3249 4515 3315 4569 ad
3370 4531 3497 4586 gra~

1905 4617 2104 4671 tiarum
2171 4614 2404 4670 actionis
2456 4612 2791 4668 buccinam"
2824 4651 2840 4677 ,
2895 4625 3001 4680 qua
3055 4607 3257 4662 cecinit
3307 4607 3498 4663 beatus

1905 4707 2214 4763 'l‘haddaaus
2241 4721 2308 4761 ex
2334 4705 2454 4776 ipsa
2500 4705 2744 4758 laborum
2799 4710 2944 4756 meta
2976 4714 3277 4768 personans
3321 4716 3334 4753 :
3374 4697 3497 4753 "(ac

1905 4802 2016 4855 dies
2047 4816 2208 4869 quam
2239 4798 2360 4870 fecit
2391 4796 2646 4850 Dominus
2669 4795 2716 4848 ⁸.
2775 4793 2867 4848 Sic
2897 4807 2994 4848 oro
3020 4833 3034 4858 ,
3071 4792 3152 4846 sic
3216 4791 3492 4845 obtestor:

1905 4894 2010 4949 Pro
2039 4892 2248 4948 Christo
2275 4891 2448 4953 enim,
2490 4889 2588 4952 ait,
2622 4887 2887 4957 legatione
2919 4885 3211 4956 fungimur,
3233 4895 3494 4962 tanquam

1836 4981 1838 4984 ’
1907 4983 2014 5038 Deo
2035 4982 2342 5037 exhortante
2370 4996 2462 5049 per
2482 4994 2573 5032 nos
2607 4980 2629 5010 "
2661 5016 2676 5030 .
2713 4975 3086 5032 Obsecramus
3127 4989 3200 5028 ne
3236 4973 3492 5028 reformi-

1903 5073 2045 5130 detis
2078 5079 2313 5127 mortem
2363 5071 2560 5140 ipsam,
2603 5067 2650 5123 si
2705 5081 2846 5138 opus
2869 5065 2962 5132 sit,
3003 5080 3102 5135 pro
3153 5064 3244 5119 illo
3277 5073 3331 5119 et
3367 5079 3490 5118 cum

1901 5167 1996 5222 illo
2027 5165 2331 5222 sustinere.
2365 5163 2442 5218 Ad
2497 5176 2690 5218 omnes
2791 5158 2912 5214 haec
2962 5157 3214 5228 epistola,
3279 5156 3492 5212 tametsi

1903 5261 1972 5318 ad
2037 5267 2090 5316 te
2159 5259 2497 5324 inscribitur,
2549 5257 2622 5312 fili
2669 5255 2894 5326 optime.
2963 5252 3256 5325 Propterea
3304 5265 3495 5307 omnes

1906 5356 2084 5412 saluto
2135 5361 2190 5410 et
2221 5353 2482 5409 omnibus
2512 5349 2757 5422 gratulor
2816 5347 2872 5403 in
2924 5346 3202 5402 a'rumnis.
3254 5343 3321 5398 Et
3370 5344 3494 5413 quis

1908 5449 2107 5522 dignus
2171 5449 2274 5503 erit
2326 5447 2626 5516 adimplere
2669 5445 2734 5498 ea
2783 5459 2903 5514 qua:
2929 5441 3130 5496 desunt
3177 5437 3492 5507 passionum

1909 5540 2114 5597 Christi
2138 5539 2191 5595 in
2219 5553 2383 5595 carne
2415 5553 2510 5593 sua
2547 5537 2588 5568 ¹⁰
2618 5537 2642 5589 ?
2670 5535 2736 5590 Et
2761 5551 2840 5590 vae
2873 5530 3092 5602 neganti
3117 5537 3210 5582 aut
3242 5539 3494 5580 succum-

947 5657 969 5688 ⁸
998 5656 1190 5713 Matth.
1224 5676 1277 5722 κ,
1308 5657 1398 5713 28.
1473 5659 1494 5690 ⁸
1539 5659 1652 5714 Pal.
1702 5676 1966 5729 LXXXVIII,
2017 5659 2107 5718 38.
2186 5659 2207 5690 ⁸
2256 5656 2415 5714 Deut.
2448 5672 2522 5722 Ix,
2567 5655 2656 5720 1'2,
2732 5655 2751 5684 "
2785 5652 2967 5706 Josne.
3007 5642 3200 5710 vt,20.
3295 5644 3315 5675 ⁸
3344 5639 3487 5696 Ρείιιι
