4044 6366
568 248 707 315 1127

1763 266 1825 329 S.
1854 267 2252 331 THEODORI
2293 272 2649 334 STUDIT/E

3717 282 3852 346 112$

550 365 724 429 beMl,
785 363 916 421 licet
972 381 1123 424 mors
1180 369 1544 442 impendeat:
1577 373 1705 444 quia
1759 391 1911 433 mors
1955 389 2157 437 aeterna

2262 386 2454 440 αὐτοῦ
2507 389 2561 440 οι
2610 385 2808 453 εὐθεῖς
2853 387 2922 440 τὸ
2950 387 3120 455 πρωΐ.
3153 389 3359 462 Εἰρήνη
3395 390 3524 464 ὑμῖν
3572 393 3811 464 Χριστοῦ
3831 419 3848 445 ο

549 456 812 525 depascet
856 471 982 512 eum
1017 473 1033 513 :
1069 470 1118 514 et
1158 462 1573 520 dominabuntur
1601 467 1716 536 ejus
1751 471 1880 523 recti
1915 471 1971 524 in
2019 489 2142 525 ma-

553 547 794 602 tutino"
851 589 866 604 .
921 549 1033 605 Pax
1095 553 1255 609 vobis
1299 554 1528 622 Christi,
1587 558 1777 625 robur,
1830 559 2096 617 fortitudo
2130 600 2149 628 ,

550 641 855 698 consolatio
877 657 975 711 pro
1004 642 1268 702 fratribus
1317 647 1613 715 universis,
1652 659 1709 705 et
1731 665 1830 721 pro
1852 668 1940 708 me
1979 668 2148 710 oran-

553 731 725 794 tibus,
783 743 842 788 ut
869 734 936 790 ad
969 751 1092 804 qua:
1170 738 1387 800 hortor.
1445 739 1564 810 ipse
1590 741 1845 812 impleam
1890 745 1984 800 Dei
2039 746 2149 802 mi-

551 823 880 880 sericordia.
962 825 1215 882 Salutant
1278 845 1377 884 vos
1461 831 1662 888 fratres
1746 835 1841 904 qui
1929 851 2147 892 mecum

553 925 707 971 sunt.

837 1009 998 1065 VL—
1024 1011 1343 1084 Presbytero
1373 1016 1463 1085 qui
1491 1017 1899 1088 subscripserat.

2241 476 2446 546 κράτος
2469 516 2485 540 ,
2521 477 2676 546 ἰσχύς
2717 518 2733 543 ,
2767 478 3120 549 παράκλησις
3147 497 3161 511 ·
3205 484 3674 556 προσευχομένοις
3721 488 3853 560 περὶ

2250 567 2472 622 πάντων
2505 567 2772 638 ἀδελφῶν,
2803 569 2902 623 καὶ
2958 571 3100 644 ὑπὲρ
3135 572 3274 644 ἐμοῦ
3297 611 3318 640 ,
3386 575 3475 630 ῑνα
3525 577 3849 651 πληρωτὴς,

2249 652 2330 714 ὧν
2354 659 2618 725 νουθετῶ,
2641 659 2786 714 ἐλέει
2831 659 2970 716 Θεοῦ
3009 662 3186 733 φανῶ.
3214 664 3282 720 Ol
3321 665 3424 723 σὺν
3462 667 3591 739 ἐμοὶ
3629 667 3850 739 ἀδελφοὶ

2249 753 2609 818 ἀσπάζονται.

2471 1021 2564 1091 ς’.
2593 1051 2663 1062 -
2691 1021 3086 1094 Πρεσϐυτέρῳ
3114 1025 3561 1096 ὑπογράψω-τι.
3651 1026 3849 1101 [ρμδῖ]

1888 1115 1966 1166 De
1989 1117 2174 1168 sanctis
2199 1114 2517 1180 imaginibus.

621 1210 763 1276 Quid
801 1225 960 1280 passa
1010 1213 1319 1268 reverentia
1365 1221 1460 1269 tua
1489 1223 1575 1271 est
1611 1215 1666 1271 in
1724 1217 1832 1274 hoc
1900 1221 2153 1276 subscri-

551 1302 758 1373 ptionis
787 1303 1072 1374 naufragio
1094 1305 1189 1359 ?et
1211 1315 1552 1376 quantopere
1587 1308 1819 1379 .lapsum
1844 1309 2155 1368 dellevisti?

553 1395 770 1468 Lapsus
800 1397 948 1450 enim
997 1413 1190 1452 revera
1218 1407 1305 1454 est
1359 1410 1564 1456 sanetae
1613 1401 1830 1459 Christi
1899 1405 2152 1477 imaginis

553 1489 803 1550 violatio.
840 1491 930 1545 vel
970 1507 1136 1546 manu
1168 1501 1406 1548 tantum.
1447 1494 1529 1548 Ex
1547 1494 1734 1550 libello
1766 1498 2145 1563 tuointellexi,

555 1595 590 1636 ο
622 1581 707 1636 vir
736 1579 874 1648 Dei,
916 1591 976 1637 et
1036 1584 1453 1640 commiseratus
1489 1594 1547 1640 et
1602 1599 1941 1658 conquestus
1986 1606 2145 1656 sum,

545 1658 611 1728 let
656 1673 831 1728 vicem
860 1681 1011 1728 tuam
1060 1674 1232 1740 dolui,
1267 1675 1657 1732 miserabiliter
1680 1680 1921 1747 ejulans,
1985 1690 2044 1736 et
2091 1691 2151 1737 ut

556 1768 837 1823 hominem
871 1769 1031 1824 decet
1060 1769 1300 1826 fraterne
1347 1781 1641 1827 amantem.
1701 1771 1917 1827 Etenim
1969 1789 2151 1827 sumus

556 1858 773 1912 invicem
798 1858 1030 1912 membra
1055 1859 1119 1914 ¹³.
1137 1858 1237 1915 Et:
1262 1859 1380 1914 Sive
1399 1862 1604 1930 patitur
1631 1878 1795 1915 unum
1823 1863 2144 1929 membrum,

558 1954 786 2022 compati
819 1951 1004 2007 debent
1043 1956 1223 2008 omnia
1254 1955 1489 2010 membra
1521 1960 1650 2028 (vox
1704 1967 1791 2012 est
1837 1957 2105 2028 Apostcli)
2132 1999 2148 2023 ,

555 2043 664 2098 siue
695 2043 956 2114 gloriatur
1007 2061 1170 2100 unum
1220 2047 1532 2112 membrum,
1567 2050 1825 2119 gaudium
1865 2051 1936 2103 ad
1969 2052 2151 2105 omnia

558 2130 836 2199 pertinet“
863 2172 880 2186 .
935 2129 1045 2186 Sed
1109 2145 1144 2186 ο
1193 2131 1560 2186 calamitatem
1597 2135 1609 2186 ι
1653 2133 1871 2202 spoliati
1912 2150 2105 2190 sumus
2133 2176 2148 2201 ,

560 2221 976 2291 territi,pavore
1015 2221 1273 2291 perculsi,
1313 2223 1406 2277 ubi
1452 2223 1604 2278 nulla
1660 2225 1882 2294 pavoris
1907 2266 1922 2290 ,
2001 2223 2152 2278 nulla

559 2325 723 2364 causa
757 2309 988 2364 terroris
1017 2309 1123 2364 fuit
1150 2327 1163 2364 :
1194 2311 1467 2380 siquidem
1521 2313 1784 2384 legimus:
1816 2315 1896 2369 Ne
1949 2325 2155 2368 terrea-

560 2403 696 2456 miui
727 2404 794 2455 ab
822 2403 902 2455 his
955 2402 1048 2468 qui
1099 2402 1347 2456 occidunt
1401 2419 1632 2472 corpus,
1685 2407 1926 2460 animam
1972 2417 2153 2461 autem

563 2511 668 2548 non
693 2503 904 2561 possunt
940 2493 1140 2560 [cudere
1159 2495 1226 2548 ".
1261 2493 1538 2560 Quorsum
1559 2511 1649 2551 me
1679 2497 1865 2566 igitur,
1896 2497 1988 2566 qui
2031 2512 2152 2551 sum

559 2583 626 2638 ad
655 2583 859 2637 nullam
884 2597 998 2636 rem
1029 2582 1206 2650 utilis,
1251 2599 1509 2639 sermone
1537 2586 1852 2656 compellas,
1880 2601 1915 2640 ο
1935 2586 2152 2642 amice?

560 2675 694 2741 Quae
712 2675 844 2729 mihi
874 2673 1130 2729 medendi
1153 2673 1235 2729 vis
1258 2684 1361 2739 est,
1377 2691 1501 2730 cum
1537 2676 1638 2730 siin
1669 2691 1700 2730 a
1720 2677 1958 2746 peccatis
1987 2692 2152 2748 aeger.

563 2780 665 2821 nec
714 2780 784 2820 ex
856 2779 1047 2820 eorum
1102 2780 1335 2820 numero
1386 2766 1585 2836 quibus
1632 2767 1818 2822 talium
1862 2767 2152 2823 vulnerum

563 2857 886 2914 concredita
913 2857 1126 2913 curatio
1151 2859 1224 2914 sit
1251 2858 1276 2912 ἲ
1301 2856 1419 2913 Non
1447 2859 1592 2916 enim
1621 2859 1766 2926 Deus
1818 2859 2156 2917 confusionis
2181 2896 2224 2954 ο

563 2960 651 3007 est
675 2967 690 3005 :
715 2965 839 3020 quae
862 2950 1211 3023 presbyteros
1229 2950 1465 3006 attinent
1479 2951 1594 3007 sive
1611 2952 1945 3015 sacerdotes.
1964 2968 2156 3007 emeno

562 3043 725 3098 dandi
755 3043 846 3113 jus
876 3049 940 3098 ac
971 3043 1200 3099 sanandi
1229 3044 1503 3116 episcOpis
1528 3045 1804 3100 attribuit.
1834 3045 1976 3112 Quid
2003 3062 2034 3100 a
2065 3061 2156 3101 me

565 3149 629 3188 ea
658 3133 840 3204 poscis
879 3135 1080 3205 quibus
1104 3151 1226 3191 sum
1262 3133 1626 3206 impar?Non
1689 3136 1837 3191 licet.
1883 3138 1955 3193 At
2010 3137 2157 3194 istud

567 3225 786 3282 interim
821 3235 932 3282 tum
963 3227 1128 3283 dandi
1147 3227 1361 3283 consilii
1409 3242 1594 3294 causa,
1628 3236 1739 3282 tum
1766 3228 2159 3286 benevolentia:

567 3318 958 3386 significanda,
1002 3333 1238 3390 suggero
1260 3334 1325 3374 ac
1367 3317 1514 3382 dico,
1542 3327 1700 3374 nete
1732 3319 2003 3384 dimittam
2039 3335 2159 3374 om-

569 3410 704 3465 nino
731 3426 764 3465 a
820 3425 1086 3480 responso
1114 3425 1369 3465 vacuum.
1400 3408 1587 3465 Bonus
1615 3420 1702 3466 est
1733 3411 1881 3468 Deus
1906 3412 1999 3482 qui
2029 3427 2159 3467 .non

569 3500 687 3554 vult
719 3509 950 3554 mortem
982 3498 1241 3566 hominis,
1287 3500 1384 3555 sed
1431 3509 1491 3555 ut
1527 3500 1700 3572 magis
1727 3512 2078 3557 couvertatur
2105 3513 2162 3558 et

571 3592 720 3646 vivat
745 3591 792 3624 η
825 3629 841 3645 .
877 3589 934 3645 Si
962 3591 1126 3662 igitur
1161 3607 1228 3646 ex
1254 3590 1441 3662 animo
1500 3593 1823 3663 pmnitentia
1853 3601 1957 3660 est,
1989 3595 2160 3649 sacris

575 3698 797 3752 operam
829 3681 961 3738 dare
983 3682 1208 3738 omnino
1257 3683 1494 3740 desine:
1522 3685 1627 3741 nisi
1658 3684 1799 3741 forte
1833 3687 2158 3755 necessaria

574 3791 740 3829 causa
777 3775 1202 3838 interveniente.
1244 3784 1434 3832 sancta
1479 3779 1759 3834 nonnullis
1806 3779 2158 3850 impertieris.

575 3867 661 3922 Fit
705 3867 852 3920 enim
881 3867 1156 3922 interdum
1189 3883 1252 3922 ex
1283 3870 1615 3926 necessitate
1639 3886 1703 3926 ac
1733 3869 2073 3937 dill'icultate,
2099 3877 2160 3926 ut

574 3975 606 4012 a
635 3957 815 4028 seipse
841 3956 966 4026 quis
981 3956 1212 4028 accipiat
1235 3967 1454 4028 propter
1483 3957 1732 4014 hmresim
1753 3960 2156 4015 declinandam.

575 4050 710 4114 Qua:
736 4049 899 4120 igitur
932 4049 1254 4119 praestitisti,
1285 4051 1399 4106 sive
1423 4066 1454 4104 a
1484 4059 1538 4105 te
1586 4051 1727 4122 ipso,
1757 4052 1872 4108 sive
1903 4053 2162 4108 inductus

575 4140 646 4193 ab
667 4139 796 4204 alio,
827 4140 1041 4212 egregia
1089 4148 1220 4196 sunt
1247 4148 1305 4196 et
1333 4139 1493 4214 digna
1525 4143 1696 4200 laude
1727 4143 1795 4198 ad
1832 4143 2160 4200 flectendum

2332 1216 2459 1276 Οἷον
2491 1219 2764 1274 πέπονθεν
2798 1220 2833 1291 ἡ
2862 1219 3114 1292 τιμιότης
3140 1237 3235 1274 σου
3273 1219 3332 1274 ἐν
3359 1218 3438 1292 τῷ
3476 1219 3725 1292 ναυαγίῳ
3750 1220 3851 1290 τῆς

2261 1314 2624 1386 ὑπογραφῆςς
2691 1313 2790 1366 καὶ
2841 1309 3429 1390 ὀπόσονσὰπεκλαύσω
3485 1311 3548 1365 τδ
3609 1312 3848 1383 πτῶμα;

2261 1405 2469 1475 Πτῶμα
2499 1403 2610 1474 γάρ
2635 1404 2783 1456 ἐστιν
2805 1401 2883 1466 ὡς
2918 1401 3136 1473 ἀληθῶς
3162 1403 3197 1470 ἡ
3227 1402 3369 1456 κατὰ
3392 1404 3490 1474 τῇς
3515 1401 3680 1471 ἁγίας
3706 1401 3852 1455 είκό-

2257 1513 2348 1558 νος
2405 1493 2500 1548 τοῦ
2537 1489 2774 1563 Χριστοῦ
2829 1491 3076 1556 ἕκτασις,
3124 1492 3222 1546 καὶ
3265 1492 3427 1562 μόνον
3481 1492 3584 1562 τῆς
3641 1492 3847 1562 χειρός.

2254 1585 2468 1656 Ἐγνων
2501 1585 2590 1638 διὰ
2609 1583 2704 1638 τοῦ
2733 1583 3022 1638 πιττακίου
3057 1601 3175 1649 σου,
3201 1576 3248 1636 ὦ
3271 1580 3529 1654 ἄνθρωπε
3553 1583 3649 1637 τοῦ
3683 1582 3850 1648 Θεοῦ,

2251 1679 2349 1732 καὶ
2385 1675 2771 1747 συμπὲπονθα,
2801 1675 2896 1730 καὶ
2919 1676 3339 1740 συνεποτνίασα,
3377 1675 3474 1730 καὶ
3503 1674 3848 1745 συνήλγησα,

2254 1767 2478 1838 σχέτλια
2531 1765 2930 1836 φθεγξάμενος,
2990 1765 3087 1818 καὶ
3143 1761 3234 1840 οἷα
3283 1763 3431 1828 είκδς
3483 1763 3718 1834 ἁρμόζει
3772 1763 3853 1833 τῷ

2252 1859 2591 1930 φιλαδέλφως
2618 1857 2817 1928 ἔχοντι.
2842 1858 2952 1912 Καὶ
2982 1857 3095 1927 γὰρ
3121 1858 3278 1927 μέλη
3311 1855 3600 1922 ἀλλήλων
3632 1855 3850 1926 ἐσμέν.

2255 1951 2364 2006 Καί
2389 1966 2403 1980 ·
2439 1949 2576 2004 Ειτε
2604 1949 2827 2016 πάσχει
2855 1946 2928 2002 ἐν
2944 1948 3154 2018 μέλος,
3180 1945 3575 2018 συμπάσχειν
3610 1949 3852 2016 ὀφείλει

2253 2042 2454 2096 πάντα
2506 2032 2582 2093 τὰ
2610 2039 2798 2109 μέλη·
2849 2038 3026 2112 (φωνή
3080 2037 3232 2092 ἐστιν
3282 2037 3664 2108 ἁποστολικήγ
3704 2035 3853 2090 Ειτς

2253 2130 2559 2198 δοξάζεται
2608 2131 2679 2186 ἐν
2722 2130 2934 2200 μέλος,
2978 2131 3018 2198 ἡ
3065 2128 3222 2198 χαρὰ
3249 2127 3347 2181 ἐπί
3381 2125 3592 2182 πᾶσιν.
3632 2126 3780 2179 Ἀλλ’
3807 2124 3853 2178 ῶ

2251 2227 2350 2296 τῆς
2401 2223 2704 2294 ἐπηρείαςι
2734 2220 3108 2292 ἐσυλήθημεν,
3157 2213 3530 2290 ἐπτοήθημεν,
3562 2215 3851 2287 ἐφοὸἡθη-

2257 2334 2380 2388 μεν,
2434 2316 2495 2369 ἐν
2534 2309 2619 2379 οἷς
2661 2313 2723 2366 οὐ
2770 2311 3060 2382 φοϐητέον,
3089 2311 3198 2364 οὐδ’
3228 2305 3296 2364 αὖ
3330 2309 3591 2380 πτοητέον
3614 2323 3630 2338 ⁸
3684 2309 3851 2379 εἰπερ

2254 2405 2708 2476 ἀναγινώσκομεν
2743 2403 2827 2470 τδ,
2857 2404 2956 2472 Μὴ
3008 2401 3314 2484 φοϐηθῆτε
3353 2400 3473 2456 ἀπὸ
3525 2399 3642 2455 τῶν
3689 2401 3852 2455 ἀπο-

2255 2500 2592 2554 κτεινόντων
2609 2496 2676 2550 τὸ
2703 2494 2898 2565 σῶμα,
2920 2493 3036 2562 τὴν
3057 2492 3128 2546 δὲ
3149 2491 3364 2562 ψυχὴν
3379 2490 3466 2562 μὴ
3492 2491 3853 2560 δυναμένων

2254 2590 2545 2646 ,λαϐέσθαι
2568 2585 2633 2662 [ί.
2653 2583 2996 2658 βλαὸἐσθαι].
3015 2584 3081 2638 Τί
3103 2581 3200 2638 οὖν
3231 2584 3367 2657 πρός
3394 2601 3461 2654 με
3487 2583 3577 2637 τὸν
3599 2585 3849 2654 ἀχρεῖον,

2255 2678 2302 2738 ὦ
2331 2682 2478 2752 φίλε,
2511 2680 2821 2751 ἀνήνεγκας
2853 2677 2946 2731 τὸν
2968 2677 3126 2746 λόγον
3149 2693 3166 2742 ;
3201 2676 3297 2737 Τίς
3316 2673 3428 2743 ἐγὼ
3445 2674 3581 2746 πρὸς
3599 2673 3851 2742 ἰατρείαν

2254 2777 2284 2829 ό
2344 2773 2518 2828 νοσῶν
2575 2773 2635 2826 ἐν
2692 2770 3030 2842 ἁμαρτίαιςο
3089 2769 3184 2822 καὶ
3236 2768 3298 2822 οῦ
3353 2768 3464 2822 τῶν
3499 2767 3568 2820 τὰ
3611 2765 3852 2819 τοιαῦτα

2260 2864 2711 2934 πεπιστευμένων
2743 2861 2928 2917 ίᾶσθαι
2959 2859 3385 2931 συντρίμματα;
3429 2858 3577 2912 Ἐπεὶ
3606 2857 3683 2927 μὴ
3707 2858 3849 2910 ἁτα-

2266 2958 2385 3026 ξίας
2414 2957 2444 3010 ό
2475 2955 2612 3020 Θεός
2643 2969 2659 2986 ·
2684 2955 2754 3009 τὰ
2782 2953 2892 3007 τῶν
2944 2951 3356 3023 πρεσὸυτέρων,
3405 2949 3572 3020 ἣγουν
3621 2947 3849 3018 ῖερέων,

2263 3050 2589 3113 ἐπισκόποις
2635 3047 2938 3117 ἀπένειμεν
2987 3042 3326 3115 ἐπανορθοῦν
3354 3043 3451 3097 καὶ
3483 3040 3684 3095 ἰᾶσθαι.
3717 3039 3852 3102 Πῶς

2264 3142 2396 3212 παρ’
2430 3138 2566 3212 ἐμοῦ
2595 3133 2914 3209 ἐπιζητοίης
2965 3134 3036 3190 τὰ
3079 3133 3222 3206 ὑπὲρ
3262 3132 3400 3205 ips;
3443 3133 3557 3186 Οὐκ
3585 3132 3850 3202 ἐγχωρεῖ.

2263 3232 2438 3288 Τοῦτο
2453 3231 2512 3288 δέ
2536 3225 3019 3301 συμϐουλευτικῶς
3041 3226 3144 3282 καὶ
3170 3223 3528 3296 ἁγαπητικῶς
3547 3222 3854 3292 ὑποτίθημι

2263 3329 2360 3384 καὶ
2388 3327 2534 3396 λέγω
2565 3339 2581 3357 ο
2606 3323 2694 3378 ῐνα
2723 3323 2800 3394 μή
2839 3337 2900 3375 σε
2948 3319 3326 3392 ἀναπόκριτον
3349 3316 3497 3372 ἐὰσω
3535 3314 3738 3385 πάντη.
3794 3314 3853 3367 '0

2265 3417 2399 3482 Θεδς
2429 3413 2637 3485 ἁγαθός
2666 3415 2818 3468 ἐστιν
2845 3411 2908 3466 οὐ
2939 3408 3112 3464 θέλων
3136 3408 3230 3462 τὸν
3259 3408 3490 3463 θὰνατον
3514 3405 3607 3458 τοῦ
3633 3401 3854 3473 ἀνθρὼ-

2267 3526 2392 3575 που,
2417 3507 2496 3570 ὡς
2531 3507 2593 3560 τὸ
2615 3502 2909 3576 ἐπιτρέψαι
2932 3501 3026 3556 καὶ
3063 3502 3162 3572 ζῇν
3193 3499 3379 3554 αὐτόν.
3420 3497 3483 3551 El
3511 3492 3606 3552 οὖν
3629 3497 3696 3548 ἐν
3725 3495 3852 3566 ἁληο

2266 3600 2390 3672 θείᾳ
2414 3600 2448 3670 ἠ
2480 3597 2744 3668 μετάνοια
2767 3611 2783 3628 ο
2815 3594 2973 3666 στῆθι
2998 3593 3098 3666 τῆς
3130 3591 3444 3664 ἱερουργίας
3475 3590 3849 3644 παντάπασιν·

2265 3695 2368 3748 οὐκ
2409 3687 2535 3746 οἶδα
2577 3691 2628 3744 εί
2663 3689 2738 3762 μὴ
2767 3687 2909 3743 κατὰ
2940 3687 3188 3758 ἀνάγκην
3217 3685 3316 3756 τὴν
3343 3682 3646 3736 ἐνεστῶσαν
3677 3696 3849 3751 μετα-

2265 3786 2411 3857 δοίης
2435 3783 2550 3838 τισὶ
2580 3782 2691 3837 τῶν
2729 3779 3114 3850 ἁγιασμὰτων.
3141 3777 3301 3830 Ἐστι
3328 3775 3437 3846 γὰρ
3489 3772 3549 3838 ἐξ
3601 3772 3852 3839 ἀνάγκης

2265 3879 2365 3934 καὶ
2388 3876 2645 3948 ἀπορίας,
2665 3874 2764 3929 καὶ
2788 3873 2884 3942 ἀφ’
2913 3869 3110 3924 ἑαυτοῦ
3131 3865 3458 3940 μεταλαϐεῖν
3483 3863 3572 3916 τὸν
3590 3861 3848 3931 τυχόντα,

2267 3974 2357 4029 διὰ
2389 3973 2452 4026 τὸ
2483 3970 2717 4040 φευκτὸν
2748 3969 2848 4038 τῆς
2893 3965 3180 4036 αἱρέσεως.
3213 3962 3356 4014 Ὅσα
3407 3957 3502 4012 οῦν
3559 3955 3846 4024 ἐποίησας,

2267 4067 2377 4120 εῖτε
2423 4064 2555 4132 παρ’
2584 4060 2801 4124 ἐαυτοῦ,
2834 4059 2946 4113 είτε
2990 4057 3086 4110 καὶ
3115 4054 3254 4126 πρὸς
3283 4051 3445 4108 ἄλλου
3497 4045 3847 4118 ἐπιτραπεὶς,

2267 4156 2410 4215 καλὰ
2453 4154 2557 4224 μὲν
2581 4149 2963 4207 καὶέπαινετὰ
3003 4150 3086 4211 είς
3124 4137 3273 4200 ’Θεοῦ
3319 4141 3640 4213 ἐπίκαμψιν.
3681 4137 3850 4192 Οὐδὲν

580 4229 772 4283 Deum.
809 4231 880 4285 At
905 4232 1062 4306 nulla.
1084 4247 1173 4288 res
1195 4233 1421 4289 omnino
1472 4243 1653 4304 potest
1681 4235 1895 4290 veniam
1919 4235 2050 4290 dare
2079 4235 2157 4291 rei

2266 4249 2324 4302 δέ
2350 4244 2673 4300 τὸκαθόλου
2702 4241 3002 4311 δυνάμενον
3026 4237 3189 4292 λῦσαι
3215 4235 3317 4305 τῆς
3356 4230 3667 4305 ἱερουργίας
3691 4246 3707 4261 ·
3741 4228 3850 4282 κᾶν

579 4338 749 4378 sacrae
775 4323 1061 4390 faciendae,
1094 4323 1182 4380 vel
1215 4324 1260 4380 si
1317 4339 1348 4379 a
1377 4340 1702 4396 quocunque
1756 4327 2001 4383 antistite
2037 4328 2164 4384 data

580 4415 834 4470 videatur
864 4432 880 4470 :
914 4415 1078 4486 idque
1108 4416 1238 4471 dum
1263 4418 1512 4482 Ecclesia
1535 4419 1631 4475 Dei
1657 4435 1790 4490 pace
1811 4420 2162 4490 perfruatur:

577 4523 689 4575 quo
722 4517 968 4577 tempore
1018 4508 1262 4580 synodali
1289 4509 1515 4578 judicio,
1549 4518 1610 4566 ut
1641 4527 1739 4581 par
1784 4519 1891 4577 est,
1927 4527 2049 4582 quat.l
2094 4512 2166 4568 ad

580 4599 780 4655 similia
807 4609 1061 4670 spectant
1099 4601 1338 4671 negotia,
1371 4617 1467 4672 per
1511 4618 1750 4660 canones
1804 4605 2121 4664 sancientur
2145 4647 2162 4664 .

579 4690 768 4746 divino
817 4700 932 4746 tum
961 4691 1169 4770 calculo
1202 4692 1532 4747 sententiam
1567 4695 1988 4752 corroborante.
2008 4694 2164 4761 Quod

580 4783 629 4838 si
657 4783 880 4847 dixeris,
916 4781 1064 4838 Inter
1090 4784 1545 4844 subscribendum
1577 4787 1871 4843 exclamavi
1932 4789 2165 4844 adorare

583 4889 670 4929 me
698 4883 918 4930 sanctas
946 4875 1210 4946 imagines
1241 4893 1257 4937 :
1284 4877 1745 4946 ignosce,.frater,
1794 4887 1852 4935 et
1905 4878 2112 4936 Pilatus
2147 4920 2162 4944 ,

582 4964 716 5018 dum
746 4963 1028 5033 expertem
1063 4981 1121 5021 se
1148 4966 1348 5022 Christi
1373 4968 1540 5023 cadis
1566 4984 1663 5024 ore
1696 4969 1921 5037 faceret,
1947 4973 2164 5027 calamo

584 5068 773 5108 nrcein
803 5054 1164 5111 conﬁrmavit.
1194 5058 1322 5114 Η.το
1356 5059 1453 5114 tibi
1490 5071 1676 5116 nostra
1703 5063 1940 5119 tenuitas
1962 5103 1978 5128 ,
2039 5074 2163 5120 tau-

582 5161 748 5214 quam
795 5154 1077 5215 spectante
1101 5147 1229 5204 Deo.
1268 5148 1338 5203 At
1378 5165 1584 5219 preces,
1622 5169 1826 5224 quaeso,
1859 5153 2026 5212 [unde
2064 5171 2164 5226 pro

586 5253 706 5292 mea
739 5237 934 5304 salute,
960 5237 1013 5292 in
1039 5240 1361 5308 paenitentia
1387 5257 1453 5299 ac
1481 5242 1668 5300 dolore
1696 5247 1862 5302 animi
1894 5247 1992 5302 tui.
2021 5247 2164 5302 Con-

585 5331 761 5385 solare
791 5344 903 5395 eos,
938 5346 1075 5399 quos
1108 5346 1138 5385 a
1173 5339 1223 5386 te
1247 5333 1491 5402 conspici
1546 5335 1648 5400 ais,
1689 5348 1909 5393 sanctos
1973 5338 2161 5394 Patres

585 5439 738 5478 meos
775 5440 842 5478 ex
881 5422 1183 5494 episcopis,
1231 5432 1284 5480 et
1310 5424 1443 5496 jube
1483 5426 1694 5483 salvere
1714 5437 1966 5500 tanquam
2012 5444 2043 5484 a
2073 5445 2161 5486 me

587 5515 899 5571 miserabili.

2268 4339 2330 4405 ἐξ
2353 4334 2738 4407 οίουδηποτοῦν
2765 4331 3074 4404 ἀρχιερέως
3098 4328 3300 4397 δόξειεν
3321 4320 3460 4380 εἶναι
3486 4339 3501 4355 ’
3544 4322 3642 4376 καὶ
3689 4317 3850 4373 τοῦτο

2267 4435 2372 4498 ἕως
2397 4431 2620 4502 εἰρήνης
2646 4431 2745 4500 τῆς
2762 4425 2858 4480 τοῦ
2888 4423 3025 4478 Θεοῦ
3053 4419 3400 4490 Ἐκκλησίας·
3420 4409 3527 4488 ἐν
3543 4411 3848 4486 τηνικαῦτα

2267 4525 2448 4596 κρίσει
2499 4521 2754 4591 συνοδικῇ
2798 4517 2874 4582 ὡς
2914 4515 3034 4570 δέον
3070 4515 3181 4568 πᾶν
3220 4509 3402 4565 ὁτιοῦν
3433 4508 3546 4562 τῶν
3587 4504 3847 4596 τοιούτων

2266 4594 2738 4684 κανονισθήσεται,
2768 4608 2869 4664 καὶ
2887 4607 3072 4679 κρίσιν
3095 4605 3207 4670 ἕξει
3237 4601 3527 4672 θεόψηφον.
3553 4598 3616 4650 Εἰ
3639 4596 3696 4650 δέ
3715 4594 3843 4684 φὴς.

2264 4708 2347 4762 ὅτι
2401 4683 2738 4774 ὑπογράφων
2770 4697 3004 4770 ἔκραζον
3055 4693 3380 4767 προσκυνεῖν
3418 4705 3486 4760 με
3539 4686 3638 4748 τὰς
3686 4683 3846 4751 ἁγίας

2265 4799 2502 4859 εἰκόνας’
2528 4791 2826 4862 σύγγνωθι,
2848 4787 3068 4856 ἁδελφέ,
3091 4785 3187 4840 καὶ
3219 4783 3475 4846 Πιλᾶτος,
3507 4777 3588 4847 τῷ
3613 4775 3844 4846 στόματι

2265 4888 2460 4942 ἁθωῶν
2506 4881 2844 4951 ἐαυτὸν-τῆς
2903 4878 3122 4949 σφαγῆς
3180 4870 3442 4944 Χριστοῦ,
3492 4867 3572 4939 τῷ
3615 4863 3844 4933 καλάμῳ

2264 4978 2591 5052 ἐκύρου.τδν
2611 4975 2861 5029 θάνατον.
2888 4969 3078 5025 Ταῦτά
3101 4984 3186 5021 σοι
3217 4963 3346 5035 παρ’
3367 4961 3504 5035 ἐμοῦ
3533 4960 3628 5052 τοῦ
3655 4972 3842 5049 sunt:

2264 5045 2383 5122 νοῦ⁷
2402 5067 2480 5131 ὡς
2516 5064 2750 5120 ἐνώπιον
2791 5058 2951 5114 Θεοῦ.
2989 5053 3151 5110 ’Δλλὰ
3197 5052 3392 5122 δέομαι
3441 5045 3634 5119 μνείαν
3684 5045 3842 5095 ποιοῦ

2264 5162 2408 5232 ὑπὲρ
2432 5163 2456 5212 ἐ
2465 5153 2907 5232 μῆςσωτηρίας,
2923 5150 2983 5204 ἐν
3011 5150 3077 5220 τῇ
3103 5145 3364 5222 μετανοίᾳ
3389 5141 3491 5240 τῆς
3513 5132 3842 5240 amentes.-

2264 5229 2386 5309 σου..
2426 5229 2874 5321 Προσαγορεῦσαί
2907 5259 2971 5296 τε
3017 5236 3402 5329 ’παρεικλιίιθητι¹
3428 5232 3532 5329 οῦς
3549 5229 3838 5329 Egone-opif

2264 5345 2452 5414 ἁγίους
2485 5340 2736 5411 Πατέρας
2771 5353 2872 5410 μου
2907 5335 2966 5388 ἐν
2991 5329 3335 5393 ἐπισκόποις,
3366 5325 3444 5391 ὡς
3473 5322 3535 5390 ἐξ
3573 5322 3698 5392 ἐμοῦ
3747 5322 3838 5369 τοῦ

2262 5453 2480 5507 οικτρου
2490 5473 2504 5490 .

660 5629 700 5658 ¹¹
736 5627 885 5704 l‘sal.
917 5645 1102 5704 nvnl,
1135 5629 1221 5683 15.
1304 5630 1344 5661 ¹¹
1377 5629 1704 5704 dogmatica.
1799 5633 1843 5665 ⁸³
1871 5632 2073 5704 Ephes.
2103 5649 2154 5689 ιν

2403 5634 2442 5666 ’⁸
2476 5632 2494 5686 l
2525 5633 2650 5689 Cor.
2682 5646 2782 5699 xu,
2821 5628 2912 5684 26.
2993 5624 3034 5658 "
3073 5623 3264 5681 Matth.
3301 5638 3355 5688 ι,
3384 5621 3476 5678 28.
3554 5619 3597 5651 ¹⁸
3629 5613 3828 5672 Ezech-

592 5714 781 5764 xxxni,
836 5701 918 5753 ll.
