  <div class='ocr_page' id='page_1' title='image "/cluster/home/n/w/nwhite01/storage/ocr_20150623/99/hvd.32044024464356/572.png"; bbox 0 0 4044 6366; ppageno 0'>
   <div class='ocr_carea' id='block_1_1' title="bbox 244 327 1816 410">
    <p class='ocr_par' dir='ltr' id='par_1_1' title="bbox 244 327 1816 408">
     <span class='ocr_line' id='line_1_1' title="bbox 244 327 1816 408; baseline 0.01 -16"><span class='ocrx_word' id='word_1_1' title='bbox 244 327 381 396; x_wconf 72' lang='grc'><strong>1129</strong></span> <span class='ocrx_word' id='word_1_2' title='bbox 1049 365 1057 377; x_wconf 89' lang='grc'><strong>·</strong></span> <span class='ocrx_word' id='word_1_3' title='bbox 1419 344 1816 408; x_wconf 79' lang='lat' dir='ltr'><strong>EPISTOLAI</strong></span> 
     </span>
    </p>
   </div>
   <div class='ocr_carea' id='block_1_2' title="bbox 1891 327 2272 410">
    <p class='ocr_par' dir='ltr' id='par_1_2' title="bbox 1891 347 2272 410">
     <span class='ocr_line' id='line_1_2' title="bbox 1891 347 2272 410; baseline 0.013 -5"><span class='ocrx_word' id='word_1_4' title='bbox 1891 347 1966 407; x_wconf 78' lang='lat' dir='ltr'><strong>iM</strong></span> <span class='ocrx_word' id='word_1_5' title='bbox 2003 350 2148 409; x_wconf 85' lang='lat' dir='ltr'><strong>LIB.</strong></span> <span class='ocrx_word' id='word_1_6' title='bbox 2189 349 2272 410; x_wconf 84' lang='lat' dir='ltr'><strong>II.</strong></span> 
     </span>
    </p>
   </div>
   <div class='ocr_carea' id='block_1_3' title="bbox 560 445 1530 527">
    <p class='ocr_par' dir='ltr' id='par_1_3' title="bbox 560 445 1530 527">
     <span class='ocr_line' id='line_1_3' title="bbox 560 445 1530 527; baseline 0.008 -27"><span class='ocrx_word' id='word_1_7' title='bbox 560 445 638 500; x_wconf 87' lang='lat' dir='ltr'><strong>Z&#39;.</strong></span> <span class='ocrx_word' id='word_1_8' title='bbox 693 446 1028 517; x_wconf 76' lang='grc' dir='ltr'><strong>-Ἰωὰννῃ</strong></span> <span class='ocrx_word' id='word_1_9' title='bbox 1062 451 1271 521; x_wconf 74' lang='grc' dir='ltr'>τέκνῳ.</span> <span class='ocrx_word' id='word_1_10' title='bbox 1329 451 1530 527; x_wconf 83' lang='grc' dir='ltr'>[ρμη’.]</span> 
     </span>
    </p>
   </div>
   <div class='ocr_carea' id='block_1_4' title="bbox 3369 357 3502 422">
    <p class='ocr_par' dir='ltr' id='par_1_4' title="bbox 3369 357 3502 422">
     <span class='ocr_line' id='line_1_4' title="bbox 3369 357 3502 422; baseline 0.015 -2"><span class='ocrx_word' id='word_1_11' title='bbox 3369 357 3502 422; x_wconf 76' lang='grc'><strong>1130</strong></span> 
     </span>
    </p>
   </div>
   <div class='ocr_carea' id='block_1_5' title="bbox 2396 459 2974 534">
    <p class='ocr_par' dir='ltr' id='par_1_5' title="bbox 2396 459 2974 534">
     <span class='ocr_line' id='line_1_5' title="bbox 2396 459 2974 534; baseline 0.012 -20"><span class='ocrx_word' id='word_1_12' title='bbox 2396 459 2504 516; x_wconf 70' lang='lat' dir='ltr'><strong>VII.</strong></span> <span class='ocrx_word' id='word_1_13' title='bbox 2535 491 2598 502; x_wconf 90' lang='lat'><strong><em>—</em></strong></span> <span class='ocrx_word' id='word_1_14' title='bbox 2623 463 2819 518; x_wconf 82' lang='lat' dir='ltr'><strong>Joamu&#39;</strong></span> <span class='ocrx_word' id='word_1_15' title='bbox 2839 467 2974 534; x_wconf 77' lang='lat' dir='ltr'><strong>lilio.</strong></span> 
     </span>
    </p>
   </div>
   <div class='ocr_carea' id='block_1_6' title="bbox 1575 567 2207 630">
    <p class='ocr_par' dir='ltr' id='par_1_6' title="bbox 1575 567 2207 630">
     <span class='ocr_line' id='line_1_6' title="bbox 1575 567 2207 630; baseline 0.002 -15"><span class='ocrx_word' id='word_1_16' title='bbox 1575 567 1861 628; x_wconf 79' lang='lat' dir='ltr'><strong>Respondet</strong></span> <span class='ocrx_word' id='word_1_17' title='bbox 1891 569 1950 616; x_wconf 88' lang='lat' dir='ltr'><strong>ad</strong></span> <span class='ocrx_word' id='word_1_18' title='bbox 1983 567 2207 630; x_wconf 65' lang='lat' dir='ltr'><strong>quesita.</strong></span> 
     </span>
    </p>
   </div>
   <div class='ocr_carea' id='block_1_7' title="bbox 303 664 1816 748">
    <p class='ocr_par' dir='ltr' id='par_1_7' title="bbox 303 664 1815 738">
     <span class='ocr_line' id='line_1_7' title="bbox 303 664 1815 738; baseline 0.001 -17"><span class='ocrx_word' id='word_1_19' title='bbox 303 666 563 736; x_wconf 80' lang='grc' dir='ltr'>Ἥόομαι,</span> <span class='ocrx_word' id='word_1_20' title='bbox 613 664 804 718; x_wconf 77' lang='grc' dir='ltr'>τέκνον</span> <span class='ocrx_word' id='word_1_21' title='bbox 845 665 941 718; x_wconf 77' lang='grc' dir='ltr'><strong>καὶ</strong></span> <span class='ocrx_word' id='word_1_22' title='bbox 990 665 1208 738; x_wconf 81' lang='grc' dir='ltr'>ἀδελφὲ,</span> <span class='ocrx_word' id='word_1_23' title='bbox 1240 670 1299 722; x_wconf 78' lang='grc' dir='ltr'>ὲν</span> <span class='ocrx_word' id='word_1_24' title='bbox 1347 672 1468 733; x_wconf 85' lang='grc' dir='ltr'>ταῖς</span> <span class='ocrx_word' id='word_1_25' title='bbox 1498 671 1815 730; x_wconf 76' lang='grc' dir='ltr'><strong>ἐπιστολαῖς</strong></span> 
     </span>
    </p>
   </div>
   <div class='ocr_carea' id='block_1_8' title="bbox 1891 664 3503 748">
    <p class='ocr_par' dir='ltr' id='par_1_8' title="bbox 1991 670 3503 748">
     <span class='ocr_line' id='line_1_8' title="bbox 1991 670 3503 748; baseline 0.009 -22"><span class='ocrx_word' id='word_1_26' title='bbox 1991 670 2264 738; x_wconf 85' lang='lat' dir='ltr'><strong>Delector,</strong></span> <span class='ocrx_word' id='word_1_27' title='bbox 2297 671 2370 727; x_wconf 77' lang='lat' dir='ltr'><strong>illi</strong></span> <span class='ocrx_word' id='word_1_28' title='bbox 2398 687 2463 728; x_wconf 88' lang='lat' dir='ltr'><strong>ac</strong></span> <span class='ocrx_word' id='word_1_29' title='bbox 2489 671 2676 740; x_wconf 82' lang='lat' dir='ltr'><strong>frater,</strong></span> <span class='ocrx_word' id='word_1_30' title='bbox 2702 674 2900 730; x_wconf 88' lang='lat' dir='ltr'><strong>litteris</strong></span> <span class='ocrx_word' id='word_1_31' title='bbox 2948 676 3091 732; x_wconf 91' lang='lat' dir='ltr'><strong>tuis:</strong></span> <span class='ocrx_word' id='word_1_32' title='bbox 3116 680 3260 748; x_wconf 92' lang='lat' dir='ltr'><strong>quod</strong></span> <span class='ocrx_word' id='word_1_33' title='bbox 3282 691 3339 737; x_wconf 92' lang='lat' dir='ltr'><strong>et</strong></span> <span class='ocrx_word' id='word_1_34' title='bbox 3375 699 3503 738; x_wconf 87' lang='lat' dir='ltr'><strong>con-</strong></span> 
     </span>
    </p>
   </div>
   <div class='ocr_carea' id='block_1_9' title="bbox 230 755 1816 836">
    <p class='ocr_par' dir='ltr' id='par_1_9' title="bbox 230 755 1807 830">
     <span class='ocr_line' id='line_1_9' title="bbox 230 755 1807 830; baseline 0.001 -18"><span class='ocrx_word' id='word_1_35' title='bbox 230 773 348 812; x_wconf 75' lang='grc' dir='ltr'>σουο</span> <span class='ocrx_word' id='word_1_36' title='bbox 375 758 456 811; x_wconf 80' lang='grc' dir='ltr'><strong>δτι</strong></span> <span class='ocrx_word' id='word_1_37' title='bbox 489 755 614 809; x_wconf 82' lang='grc' dir='ltr'>καθ’</span> <span class='ocrx_word' id='word_1_38' title='bbox 641 755 836 825; x_wconf 74' lang='grc' dir='ltr'>εἱρμὸν</span> <span class='ocrx_word' id='word_1_39' title='bbox 870 755 1144 827; x_wconf 72' lang='grc' dir='ltr'>ἔρχονται,</span> <span class='ocrx_word' id='word_1_40' title='bbox 1173 760 1268 812; x_wconf 76' lang='grc' dir='ltr'><strong>καὶ</strong></span> <span class='ocrx_word' id='word_1_41' title='bbox 1295 759 1387 813; x_wconf 76' lang='grc' dir='ltr'><strong>τὸν</strong></span> <span class='ocrx_word' id='word_1_42' title='bbox 1444 760 1544 830; x_wconf 80' lang='grc' dir='ltr'>τῆς</span> <span class='ocrx_word' id='word_1_43' title='bbox 1579 760 1807 814; x_wconf 84' lang='grc' dir='ltr'>πολυλο-</span> 
     </span>
    </p>
   </div>
   <div class='ocr_carea' id='block_1_10' title="bbox 1891 755 3498 836">
    <p class='ocr_par' dir='ltr' id='par_1_10' title="bbox 1917 762 3498 836">
     <span class='ocr_line' id='line_1_10' title="bbox 1917 762 3498 836; baseline 0.009 -22"><span class='ocrx_word' id='word_1_44' title='bbox 1917 763 2084 817; x_wconf 66' lang='lat' dir='ltr'><strong>tinum</strong></span> <span class='ocrx_word' id='word_1_45' title='bbox 2121 762 2494 832; x_wconf 85' lang='lat' dir='ltr'><strong>perferuntur,</strong></span> <span class='ocrx_word' id='word_1_46' title='bbox 2533 771 2592 818; x_wconf 89' lang='lat' dir='ltr'><strong>et</strong></span> <span class='ocrx_word' id='word_1_47' title='bbox 2635 765 2961 836; x_wconf 89' lang='lat' dir='ltr'><strong>multiloquii</strong></span> <span class='ocrx_word' id='word_1_48' title='bbox 2991 766 3270 826; x_wconf 84' lang='lat' dir='ltr'><strong>fastidium</strong></span> <span class='ocrx_word' id='word_1_49' title='bbox 3304 773 3498 831; x_wconf 87' lang='lat' dir='ltr'><strong>vitant.</strong></span> 
     </span>
    </p>
   </div>
   <div class='ocr_carea' id='block_1_11' title="bbox 225 841 1816 926">
    <p class='ocr_par' dir='ltr' id='par_1_11' title="bbox 225 841 1806 921">
     <span class='ocr_line' id='line_1_11' title="bbox 225 841 1806 921; baseline -0.009 -4"><span class='ocrx_word' id='word_1_50' title='bbox 225 851 356 918; x_wconf 70' lang='grc' dir='ltr'>γίις</span> <span class='ocrx_word' id='word_1_51' title='bbox 383 841 717 918; x_wconf 77' lang='grc' dir='ltr'>ναυτιασμὸν</span> <span class='ocrx_word' id='word_1_52' title='bbox 739 847 1155 904; x_wconf 86' lang='grc' dir='ltr'>άπαναίνονται.</span> <span class='ocrx_word' id='word_1_53' title='bbox 1201 850 1312 903; x_wconf 76' lang='grc' dir='ltr'><strong>Καὶ</strong></span> <span class='ocrx_word' id='word_1_54' title='bbox 1343 850 1452 921; x_wconf 83' lang='grc' dir='ltr'>γὰρ</span> <span class='ocrx_word' id='word_1_55' title='bbox 1509 851 1806 921; x_wconf 77' lang='grc' dir='ltr'><strong>ἐπιστολῆς</strong></span> 
     </span>
    </p>
   </div>
   <div class='ocr_carea' id='block_1_12' title="bbox 1891 841 3498 926">
    <p class='ocr_par' dir='ltr' id='par_1_12' title="bbox 1916 851 3498 926">
     <span class='ocr_line' id='line_1_12' title="bbox 1916 851 3498 926; baseline 0.009 -20"><span class='ocrx_word' id='word_1_56' title='bbox 1916 851 2040 908; x_wconf 66' lang='lat' dir='ltr'><strong>llaec</strong></span> <span class='ocrx_word' id='word_1_57' title='bbox 2066 853 2212 908; x_wconf 90' lang='lat' dir='ltr'><strong>enim</strong></span> <span class='ocrx_word' id='word_1_58' title='bbox 2254 855 2499 924; x_wconf 58' lang='lat' dir='ltr'><strong>epistolae</strong></span> <span class='ocrx_word' id='word_1_59' title='bbox 2549 857 2668 911; x_wconf 90' lang='lat' dir='ltr'><strong>laus</strong></span> <span class='ocrx_word' id='word_1_60' title='bbox 2709 858 2927 926; x_wconf 86' lang='lat' dir='ltr'><strong>propria</strong></span> <span class='ocrx_word' id='word_1_61' title='bbox 2975 868 3082 925; x_wconf 89' lang='lat' dir='ltr'><strong>est,</strong></span> <span class='ocrx_word' id='word_1_62' title='bbox 3109 869 3171 914; x_wconf 91' lang='lat' dir='ltr'><strong>ut</strong></span> <span class='ocrx_word' id='word_1_63' title='bbox 3225 865 3408 919; x_wconf 78' lang='lat' dir='ltr'><strong>statim</strong></span> <span class='ocrx_word' id='word_1_64' title='bbox 3468 884 3498 920; x_wconf 90' lang='lat' dir='ltr'><strong>a</strong></span> 
     </span>
    </p>
   </div>
   <div class='ocr_carea' id='block_1_13' title="bbox 221 938 1816 1029">
    <p class='ocr_par' dir='ltr' id='par_1_13' title="bbox 221 938 1802 1011">
     <span class='ocr_line' id='line_1_13' title="bbox 221 938 1802 1011; baseline 0.003 -19"><span class='ocrx_word' id='word_1_65' title='bbox 221 939 418 1010; x_wconf 78' lang='grc' dir='ltr'>ἀρετὴ,</span> <span class='ocrx_word' id='word_1_66' title='bbox 450 938 613 1002; x_wconf 81' lang='grc' dir='ltr'>εὐθὺς</span> <span class='ocrx_word' id='word_1_67' title='bbox 635 941 733 1009; x_wconf 78' lang='grc' dir='ltr'>τῆς</span> <span class='ocrx_word' id='word_1_68' title='bbox 761 938 1134 1011; x_wconf 82' lang='grc' dir='ltr'><strong>προκειμένης</strong></span> <span class='ocrx_word' id='word_1_69' title='bbox 1169 941 1479 1006; x_wconf 78' lang='grc' dir='ltr'><strong>ὑποθέσεως</strong></span> <span class='ocrx_word' id='word_1_70' title='bbox 1507 943 1802 1007; x_wconf 74' lang='grc' dir='ltr'>ἅπτεσθαι,</span> 
     </span>
    </p>
   </div>
   <div class='ocr_carea' id='block_1_14' title="bbox 1891 938 3500 1029">
    <p class='ocr_par' dir='ltr' id='par_1_14' title="bbox 1911 947 3500 1029">
     <span class='ocr_line' id='line_1_14' title="bbox 1911 947 3500 1029; baseline 0.01 -31"><span class='ocrx_word' id='word_1_71' title='bbox 1911 947 2189 1015; x_wconf 85' lang='lat' dir='ltr'><strong>proposito</strong></span> <span class='ocrx_word' id='word_1_72' title='bbox 2215 958 2540 1018; x_wconf 87' lang='lat' dir='ltr'><strong>argumento</strong></span> <span class='ocrx_word' id='word_1_73' title='bbox 2567 949 2780 1005; x_wconf 88' lang='lat' dir='ltr'><strong>initium</strong></span> <span class='ocrx_word' id='word_1_74' title='bbox 2813 953 3034 1008; x_wconf 88' lang='lat' dir='ltr'><strong>dicendi</strong></span> <span class='ocrx_word' id='word_1_75' title='bbox 3072 953 3238 1010; x_wconf 78' lang='lat' dir='ltr'><strong>faciat</strong></span> <span class='ocrx_word' id='word_1_76' title='bbox 3263 996 3279 1017; x_wconf 91' lang='lat'><strong>,</strong></span> <span class='ocrx_word' id='word_1_77' title='bbox 3327 973 3500 1029; x_wconf 90' lang='lat' dir='ltr'><strong>eaque</strong></span> 
     </span>
    </p>
   </div>
   <div class='ocr_carea' id='block_1_15' title="bbox 221 1029 1816 1117">
    <p class='ocr_par' dir='ltr' id='par_1_15' title="bbox 221 1029 1801 1117">
     <span class='ocr_line' id='line_1_15' title="bbox 221 1029 1801 1117; baseline 0.004 -34"><span class='ocrx_word' id='word_1_78' title='bbox 221 1031 319 1084; x_wconf 77' lang='grc' dir='ltr'><strong>καὶ</strong></span> <span class='ocrx_word' id='word_1_79' title='bbox 347 1029 590 1084; x_wconf 79' lang='grc' dir='ltr'>τοσαῦτα</span> <span class='ocrx_word' id='word_1_80' title='bbox 618 1029 800 1100; x_wconf 82' lang='grc' dir='ltr'>λέγειν</span> <span class='ocrx_word' id='word_1_81' title='bbox 840 1031 982 1117; x_wconf 11' lang='grc' dir='ltr'>ἄττα,</span> <span class='ocrx_word' id='word_1_82' title='bbox 1011 1033 1320 1102; x_wconf 78' lang='grc' dir='ltr'>ἐπάναγκες</span> <span class='ocrx_word' id='word_1_83' title='bbox 1349 1049 1362 1064; x_wconf 85' lang='lat'><strong><em>°</em></strong></span> <span class='ocrx_word' id='word_1_84' title='bbox 1387 1034 1525 1089; x_wconf 87' lang='grc' dir='ltr'><strong>ἀλλά</strong></span> <span class='ocrx_word' id='word_1_85' title='bbox 1556 1035 1630 1107; x_wconf 79' lang='grc' dir='ltr'>μὴ</span> <span class='ocrx_word' id='word_1_86' title='bbox 1678 1037 1801 1090; x_wconf 79' lang='grc' dir='ltr'>ἐπι-</span> 
     </span>
    </p>
   </div>
   <div class='ocr_carea' id='block_1_16' title="bbox 1891 1029 3498 1117">
    <p class='ocr_par' dir='ltr' id='par_1_16' title="bbox 1909 1035 3498 1117">
     <span class='ocr_line' id='line_1_16' title="bbox 1909 1035 3498 1117; baseline 0.01 -28"><span class='ocrx_word' id='word_1_87' title='bbox 1909 1035 2052 1091; x_wconf 90' lang='lat' dir='ltr'><strong>dicat</strong></span> <span class='ocrx_word' id='word_1_88' title='bbox 2094 1052 2215 1107; x_wconf 82' lang='lat' dir='ltr'><strong>quae</strong></span> <span class='ocrx_word' id='word_1_89' title='bbox 2248 1053 2472 1096; x_wconf 89' lang='lat' dir='ltr'><strong>necesse</strong></span> <span class='ocrx_word' id='word_1_90' title='bbox 2501 1048 2586 1096; x_wconf 88' lang='lat' dir='ltr'><strong>est</strong></span> <span class='ocrx_word' id='word_1_91' title='bbox 2628 1083 2643 1106; x_wconf 92' lang='lat'><strong>,</strong></span> <span class='ocrx_word' id='word_1_92' title='bbox 2682 1057 2785 1098; x_wconf 91' lang='lat' dir='ltr'><strong>nec</strong></span> <span class='ocrx_word' id='word_1_93' title='bbox 2842 1059 2904 1098; x_wconf 86' lang='lat' dir='ltr'><strong>ea</strong></span> <span class='ocrx_word' id='word_1_94' title='bbox 2963 1047 3344 1117; x_wconf 69' lang='lat' dir='ltr'><strong>revolvatqua:</strong></span> <span class='ocrx_word' id='word_1_95' title='bbox 3386 1066 3498 1105; x_wconf 86' lang='lat' dir='ltr'><strong>non</strong></span> 
     </span>
    </p>
   </div>
   <div class='ocr_carea' id='block_1_17' title="bbox 219 1115 1816 1210">
    <p class='ocr_par' dir='ltr' id='par_1_17' title="bbox 219 1115 1798 1195">
     <span class='ocr_line' id='line_1_17' title="bbox 219 1115 1798 1195; baseline 0.005 -24"><span class='ocrx_word' id='word_1_96' title='bbox 219 1118 444 1172; x_wconf 79' lang='grc' dir='ltr'><strong>κυκλεῖν</strong></span> <span class='ocrx_word' id='word_1_97' title='bbox 473 1119 540 1172; x_wconf 84' lang='grc' dir='ltr'><strong>τὰ</strong></span> <span class='ocrx_word' id='word_1_98' title='bbox 569 1120 668 1190; x_wconf 81' lang='grc' dir='ltr'><strong>οὐχ</strong></span> <span class='ocrx_word' id='word_1_99' title='bbox 695 1117 894 1183; x_wconf 75' lang='grc' dir='ltr'>οὕτως.</span> <span class='ocrx_word' id='word_1_100' title='bbox 925 1115 1071 1178; x_wconf 73' lang='grc' dir='ltr'>Εἶεν.</span> <span class='ocrx_word' id='word_1_101' title='bbox 1104 1123 1241 1194; x_wconf 78' lang='grc' dir='ltr'><strong>Περὶ</strong></span> <span class='ocrx_word' id='word_1_102' title='bbox 1266 1119 1341 1177; x_wconf 84' lang='grc' dir='ltr'>ὢν</span> <span class='ocrx_word' id='word_1_103' title='bbox 1369 1123 1664 1195; x_wconf 74' lang='grc' dir='ltr'><strong>ἠρώτησας</strong></span> <span class='ocrx_word' id='word_1_104' title='bbox 1690 1167 1704 1189; x_wconf 87' lang='grc'><strong>,</strong></span> <span class='ocrx_word' id='word_1_105' title='bbox 1737 1126 1798 1179; x_wconf 84' lang='grc' dir='ltr'><strong>οὐ</strong></span> 
     </span>
    </p>
   </div>
   <div class='ocr_carea' id='block_1_18' title="bbox 1891 1115 3500 1210">
    <p class='ocr_par' dir='ltr' id='par_1_18' title="bbox 1907 1115 3500 1210">
     <span class='ocr_line' id='line_1_18' title="bbox 1907 1115 3500 1210; baseline 0.009 -30"><span class='ocrx_word' id='word_1_106' title='bbox 1907 1137 2039 1181; x_wconf 90' lang='lat' dir='ltr'><strong>sunt</strong></span> <span class='ocrx_word' id='word_1_107' title='bbox 2059 1128 2349 1197; x_wconf 87' lang='lat' dir='ltr'><strong>ejusmodi.</strong></span> <span class='ocrx_word' id='word_1_108' title='bbox 2408 1129 2490 1186; x_wconf 81' lang='lat' dir='ltr'><strong>Ad</strong></span> <span class='ocrx_word' id='word_1_109' title='bbox 2520 1131 2623 1186; x_wconf 87' lang='lat' dir='ltr'><strong>alia</strong></span> <span class='ocrx_word' id='word_1_110' title='bbox 2678 1148 2842 1202; x_wconf 89' lang='lat' dir='ltr'><strong>porro</strong></span> <span class='ocrx_word' id='word_1_111' title='bbox 2882 1149 3192 1207; x_wconf 88' lang='lat' dir='ltr'><strong>pergamus.</strong></span> <span class='ocrx_word' id='word_1_112' title='bbox 3238 1115 3322 1194; x_wconf 67' lang='lat' dir='ltr'><strong>ite</strong></span> <span class='ocrx_word' id='word_1_113' title='bbox 3372 1142 3500 1210; x_wconf 82' lang='lat' dir='ltr'><strong>qui-</strong></span> 
     </span>
    </p>
   </div>
   <div class='ocr_carea' id='block_1_19' title="bbox 218 1208 1816 1300">
    <p class='ocr_par' dir='ltr' id='par_1_19' title="bbox 218 1208 1800 1282">
     <span class='ocr_line' id='line_1_19' title="bbox 218 1208 1800 1282; baseline 0.007 -22"><span class='ocrx_word' id='word_1_114' title='bbox 218 1208 317 1262; x_wconf 78' lang='grc' dir='ltr'>τοῦ</span> <span class='ocrx_word' id='word_1_115' title='bbox 367 1210 640 1281; x_wconf 78' lang='grc' dir='ltr'><strong>παρόντος</strong></span> <span class='ocrx_word' id='word_1_116' title='bbox 671 1210 866 1281; x_wconf 78' lang='grc' dir='ltr'><strong>καιροῦ</strong></span> <span class='ocrx_word' id='word_1_117' title='bbox 895 1211 964 1265; x_wconf 86' lang='grc' dir='ltr'><strong>τά</strong></span> <span class='ocrx_word' id='word_1_118' title='bbox 987 1212 1170 1267; x_wconf 79' lang='grc' dir='ltr'><strong>τοιάδε</strong></span> <span class='ocrx_word' id='word_1_119' title='bbox 1203 1214 1590 1282; x_wconf 81' lang='grc' dir='ltr'>φιλοπευστεῖν</span> <span class='ocrx_word' id='word_1_120' title='bbox 1625 1233 1640 1250; x_wconf 78' lang='grc'><em>’</em></span> <span class='ocrx_word' id='word_1_121' title='bbox 1672 1217 1800 1271; x_wconf 77' lang='grc' dir='ltr'>οὔτε</span> 
     </span>
    </p>
   </div>
   <div class='ocr_carea' id='block_1_20' title="bbox 1891 1208 3577 1300">
    <p class='ocr_par' dir='ltr' id='par_1_20' title="bbox 1907 1208 3577 1300">
     <span class='ocr_line' id='line_1_20' title="bbox 1907 1208 3577 1300; baseline 0.01 -29"><span class='ocrx_word' id='word_1_122' title='bbox 1907 1217 2011 1272; x_wconf 92' lang='lat' dir='ltr'><strong>bus</strong></span> <span class='ocrx_word' id='word_1_123' title='bbox 2043 1219 2412 1293; x_wconf 76' lang='lat' dir='ltr'><strong>interrogasti,</strong></span> <span class='ocrx_word' id='word_1_124' title='bbox 2458 1237 2640 1294; x_wconf 89' lang='lat' dir='ltr'><strong>neque</strong></span> <span class='ocrx_word' id='word_1_125' title='bbox 2709 1236 2793 1280; x_wconf 89' lang='lat' dir='ltr'><strong>est</strong></span> <span class='ocrx_word' id='word_1_126' title='bbox 2840 1227 3004 1296; x_wconf 85' lang='lat' dir='ltr'><strong>hujus</strong></span> <span class='ocrx_word' id='word_1_127' title='bbox 3053 1231 3314 1300; x_wconf 89' lang='lat' dir='ltr'><strong>temporis</strong></span> <span class='ocrx_word' id='word_1_128' title='bbox 3368 1208 3495 1287; x_wconf 76' lang='lat' dir='ltr'><strong>talia</strong></span> <span class='ocrx_word' id='word_1_129' title='bbox 3575 1274 3577 1277; x_wconf 84' lang='lat'><strong>.</strong></span> 
     </span>
    </p>
   </div>
   <div class='ocr_carea' id='block_1_21' title="bbox 218 1297 1816 1395">
    <p class='ocr_par' dir='ltr' id='par_1_21' title="bbox 218 1297 1799 1395">
     <span class='ocr_line' id='line_1_21' title="bbox 218 1297 1799 1395; baseline 0.005 -41"><span class='ocrx_word' id='word_1_130' title='bbox 218 1301 536 1372; x_wconf 78' lang='grc' dir='ltr'>πρδςὴμῶν</span> <span class='ocrx_word' id='word_1_131' title='bbox 568 1302 825 1372; x_wconf 82' lang='grc' dir='ltr'>μυεῖσθαι</span> <span class='ocrx_word' id='word_1_132' title='bbox 857 1320 938 1368; x_wconf 89' lang='grc' dir='ltr'><strong>σε,</strong></span> <span class='ocrx_word' id='word_1_133' title='bbox 969 1297 1014 1358; x_wconf 85' lang='grc' dir='ltr'><strong>ὧ</strong></span> <span class='ocrx_word' id='word_1_134' title='bbox 1057 1304 1190 1358; x_wconf 78' lang='grc' dir='ltr'>καλὲ</span> <span class='ocrx_word' id='word_1_135' title='bbox 1225 1309 1354 1360; x_wconf 83' lang='grc' dir='ltr'>παῖ·</span> <span class='ocrx_word' id='word_1_136' title='bbox 1411 1308 1602 1380; x_wconf 75' lang='grc' dir='ltr'>ἐπειδὴ</span> <span class='ocrx_word' id='word_1_137' title='bbox 1643 1308 1799 1395; x_wconf 81' lang='grc' dir='ltr'><strong>μετά</strong></span> 
     </span>
    </p>
   </div>
   <div class='ocr_carea' id='block_1_22' title="bbox 1891 1297 3498 1395">
    <p class='ocr_par' dir='ltr' id='par_1_22' title="bbox 1903 1312 3498 1395">
     <span class='ocr_line' id='line_1_22' title="bbox 1903 1312 3498 1395; baseline 0.009 -29"><span class='ocrx_word' id='word_1_138' title='bbox 1903 1312 2190 1380; x_wconf 88' lang='lat' dir='ltr'><strong>sciscitari,</strong></span> <span class='ocrx_word' id='word_1_139' title='bbox 2235 1330 2338 1370; x_wconf 92' lang='lat' dir='ltr'><strong>nec</strong></span> <span class='ocrx_word' id='word_1_140' title='bbox 2369 1323 2683 1372; x_wconf 86' lang='lat' dir='ltr'><strong>nostrarum</strong></span> <span class='ocrx_word' id='word_1_141' title='bbox 2727 1319 2928 1374; x_wconf 89' lang='lat' dir='ltr'><strong>virium</strong></span> <span class='ocrx_word' id='word_1_142' title='bbox 2972 1322 3205 1385; x_wconf 77' lang='lat' dir='ltr'><strong>educere</strong></span> <span class='ocrx_word' id='word_1_143' title='bbox 3252 1333 3331 1390; x_wconf 88' lang='lat' dir='ltr'><strong>te,</strong></span> <span class='ocrx_word' id='word_1_144' title='bbox 3361 1340 3498 1395; x_wconf 90' lang='lat' dir='ltr'><strong>puer</strong></span> 
     </span>
    </p>
   </div>
   <div class='ocr_carea' id='block_1_23' title="bbox 217 1389 1816 1480">
    <p class='ocr_par' dir='ltr' id='par_1_23' title="bbox 217 1389 1797 1468">
     <span class='ocr_line' id='line_1_23' title="bbox 217 1389 1797 1468; baseline 0.007 -25"><span class='ocrx_word' id='word_1_145' title='bbox 217 1391 328 1444; x_wconf 86' lang='grc' dir='ltr'>τῶν</span> <span class='ocrx_word' id='word_1_146' title='bbox 359 1389 534 1445; x_wconf 77' lang='grc' dir='ltr'>ἀλλων</span> <span class='ocrx_word' id='word_1_147' title='bbox 559 1393 655 1446; x_wconf 79' lang='grc' dir='ltr'><strong>καὶ</strong></span> <span class='ocrx_word' id='word_1_148' title='bbox 685 1393 931 1464; x_wconf 81' lang='grc' dir='ltr'><strong>ἀμύητος</strong></span> <span class='ocrx_word' id='word_1_149' title='bbox 955 1395 1067 1464; x_wconf 78' lang='grc' dir='ltr'><strong>ἐγὼ</strong></span> <span class='ocrx_word' id='word_1_150' title='bbox 1113 1397 1223 1450; x_wconf 84' lang='grc' dir='ltr'>τῶν</span> <span class='ocrx_word' id='word_1_151' title='bbox 1275 1393 1647 1468; x_wconf 70' lang='grc' dir='ltr'>δυσεφίκτων.</span> <span class='ocrx_word' id='word_1_152' title='bbox 1705 1401 1797 1464; x_wconf 80' lang='grc' dir='ltr'><strong>Ὠς</strong></span> 
     </span>
    </p>
   </div>
   <div class='ocr_carea' id='block_1_24' title="bbox 1891 1389 3493 1480">
    <p class='ocr_par' dir='ltr' id='par_1_24' title="bbox 1907 1389 3493 1480">
     <span class='ocr_line' id='line_1_24' title="bbox 1907 1389 3493 1480; baseline 0.01 -24"><span class='ocrx_word' id='word_1_153' title='bbox 1907 1403 2118 1473; x_wconf 80' lang='lat' dir='ltr'><strong>Optime</strong></span> <span class='ocrx_word' id='word_1_154' title='bbox 2153 1423 2167 1460; x_wconf 90' lang='lat'><strong>:</strong></span> <span class='ocrx_word' id='word_1_155' title='bbox 2208 1407 2648 1478; x_wconf 82' lang='lat' dir='ltr'><strong>quandoquidem</strong></span> <span class='ocrx_word' id='word_1_156' title='bbox 2696 1449 2712 1474; x_wconf 95' lang='lat'><strong>,</strong></span> <span class='ocrx_word' id='word_1_157' title='bbox 2753 1419 2955 1480; x_wconf 61' lang='lat' dir='ltr'><strong>prater</strong></span> <span class='ocrx_word' id='word_1_158' title='bbox 2984 1413 3110 1478; x_wconf 88' lang='lat' dir='ltr'><strong>alia,</strong></span> <span class='ocrx_word' id='word_1_159' title='bbox 3164 1389 3324 1470; x_wconf 84' lang='lat' dir='ltr'><strong>rudis</strong></span> <span class='ocrx_word' id='word_1_160' title='bbox 3361 1389 3493 1471; x_wconf 69' lang='lat' dir='ltr'><strong>sum</strong></span> 
     </span>
    </p>
   </div>
   <div class='ocr_carea' id='block_1_25' title="bbox 214 1481 1816 1572">
    <p class='ocr_par' dir='ltr' id='par_1_25' title="bbox 214 1481 1796 1561">
     <span class='ocr_line' id='line_1_25' title="bbox 214 1481 1796 1561; baseline 0.008 -26"><span class='ocrx_word' id='word_1_161' title='bbox 214 1481 261 1534; x_wconf 74' lang='grc' dir='ltr'>δ’</span> <span class='ocrx_word' id='word_1_162' title='bbox 319 1482 384 1536; x_wconf 79' lang='grc' dir='ltr'>ἂν</span> <span class='ocrx_word' id='word_1_163' title='bbox 415 1483 492 1554; x_wconf 71' lang='grc' dir='ltr'>μὴ</span> <span class='ocrx_word' id='word_1_164' title='bbox 553 1483 942 1554; x_wconf 79' lang='grc' dir='ltr'><strong>παραλυπῆσαι</strong></span> <span class='ocrx_word' id='word_1_165' title='bbox 995 1489 1063 1558; x_wconf 78' lang='grc' dir='ltr'><strong>τῇ</strong></span> <span class='ocrx_word' id='word_1_166' title='bbox 1123 1488 1376 1560; x_wconf 75' lang='grc' dir='ltr'>ἀφασίᾳο</span> <span class='ocrx_word' id='word_1_167' title='bbox 1425 1491 1602 1545; x_wconf 77' lang='grc' dir='ltr'>ἐκεῖνο</span> <span class='ocrx_word' id='word_1_168' title='bbox 1651 1492 1796 1561; x_wconf 83' lang='grc' dir='ltr'>λέγω</span> 
     </span>
    </p>
   </div>
   <div class='ocr_carea' id='block_1_26' title="bbox 1891 1481 3493 1572">
    <p class='ocr_par' dir='ltr' id='par_1_26' title="bbox 1901 1494 3493 1572">
     <span class='ocr_line' id='line_1_26' title="bbox 1901 1494 3493 1572; baseline 0.009 -22"><span class='ocrx_word' id='word_1_169' title='bbox 1901 1503 1959 1550; x_wconf 87' lang='lat' dir='ltr'><strong>et</strong></span> <span class='ocrx_word' id='word_1_170' title='bbox 1984 1494 2270 1566; x_wconf 87' lang='lat' dir='ltr'><strong>imperitus</strong></span> <span class='ocrx_word' id='word_1_171' title='bbox 2327 1497 2379 1552; x_wconf 91' lang='lat' dir='ltr'><strong>in</strong></span> <span class='ocrx_word' id='word_1_172' title='bbox 2422 1498 2491 1554; x_wconf 88' lang='lat' dir='ltr'><strong>iis</strong></span> <span class='ocrx_word' id='word_1_173' title='bbox 2537 1515 2659 1569; x_wconf 74' lang='lat' dir='ltr'><strong>qua:</strong></span> <span class='ocrx_word' id='word_1_174' title='bbox 2707 1509 2838 1555; x_wconf 86' lang='lat' dir='ltr'><strong>sunt</strong></span> <span class='ocrx_word' id='word_1_175' title='bbox 2888 1512 3050 1572; x_wconf 89' lang='lat' dir='ltr'><strong>captu</strong></span> <span class='ocrx_word' id='word_1_176' title='bbox 3089 1503 3347 1563; x_wconf 80' lang='lat' dir='ltr'><strong>difﬁcilia.</strong></span> <span class='ocrx_word' id='word_1_177' title='bbox 3411 1507 3493 1564; x_wconf 88' lang='lat' dir='ltr'><strong>Ne</strong></span> 
     </span>
    </p>
   </div>
   <div class='ocr_carea' id='block_1_27' title="bbox 215 1573 1816 1664">
    <p class='ocr_par' dir='ltr' id='par_1_27' title="bbox 215 1573 1794 1654">
     <span class='ocr_line' id='line_1_27' title="bbox 215 1573 1794 1654; baseline 0.008 -30"><span class='ocrx_word' id='word_1_178' title='bbox 215 1573 348 1643; x_wconf 73' lang='grc' dir='ltr'>περὶ</span> <span class='ocrx_word' id='word_1_179' title='bbox 377 1573 473 1626; x_wconf 76' lang='grc' dir='ltr'><strong>τοῦ</strong></span> <span class='ocrx_word' id='word_1_180' title='bbox 505 1573 725 1644; x_wconf 86' lang='grc' dir='ltr'><strong>πρώτου</strong></span> <span class='ocrx_word' id='word_1_181' title='bbox 742 1591 756 1604; x_wconf 75' lang='grc' dir='ltr'><strong>ο</strong></span> <span class='ocrx_word' id='word_1_182' title='bbox 785 1575 866 1629; x_wconf 81' lang='grc' dir='ltr'>ὃτι</span> <span class='ocrx_word' id='word_1_183' title='bbox 883 1576 1058 1640; x_wconf 81' lang='grc' dir='ltr'>οὐδείς</span> <span class='ocrx_word' id='word_1_184' title='bbox 1075 1595 1161 1632; x_wconf 89' lang='grc' dir='ltr'><strong>πω</strong></span> <span class='ocrx_word' id='word_1_185' title='bbox 1180 1579 1292 1632; x_wconf 82' lang='grc' dir='ltr'><strong>τῶν</strong></span> <span class='ocrx_word' id='word_1_186' title='bbox 1313 1579 1492 1634; x_wconf 77' lang='grc' dir='ltr'>ἄλλων</span> <span class='ocrx_word' id='word_1_187' title='bbox 1516 1583 1794 1654; x_wconf 77' lang='grc' dir='ltr'>Θεοφόρων</span> 
     </span>
    </p>
   </div>
   <div class='ocr_carea' id='block_1_28' title="bbox 1891 1573 3492 1664">
    <p class='ocr_par' dir='ltr' id='par_1_28' title="bbox 1900 1587 3492 1664">
     <span class='ocr_line' id='line_1_28' title="bbox 1900 1587 3492 1664; baseline 0.01 -25"><span class='ocrx_word' id='word_1_188' title='bbox 1900 1600 2030 1641; x_wconf 89' lang='lat' dir='ltr'><strong>vero</strong></span> <span class='ocrx_word' id='word_1_189' title='bbox 2087 1587 2390 1643; x_wconf 85' lang='lat' dir='ltr'><strong>molestiam</strong></span> <span class='ocrx_word' id='word_1_190' title='bbox 2447 1599 2631 1644; x_wconf 87' lang='lat' dir='ltr'><strong>nostra</strong></span> <span class='ocrx_word' id='word_1_191' title='bbox 2670 1591 2768 1647; x_wconf 88' lang='lat' dir='ltr'><strong>tibi</strong></span> <span class='ocrx_word' id='word_1_192' title='bbox 2799 1593 3142 1650; x_wconf 82' lang='lat' dir='ltr'><strong>taciturnitas</strong></span> <span class='ocrx_word' id='word_1_193' title='bbox 3172 1598 3385 1664; x_wconf 79' lang='lat' dir='ltr'><strong>afferat,</strong></span> <span class='ocrx_word' id='word_1_194' title='bbox 3421 1599 3492 1655; x_wconf 88' lang='lat' dir='ltr'><strong>de</strong></span> 
     </span>
    </p>
   </div>
   <div class='ocr_carea' id='block_1_29' title="bbox 216 1662 1816 1752">
    <p class='ocr_par' dir='ltr' id='par_1_29' title="bbox 216 1662 1788 1740">
     <span class='ocr_line' id='line_1_29' title="bbox 216 1662 1788 1740; baseline 0.007 -22"><span class='ocrx_word' id='word_1_195' title='bbox 216 1662 480 1733; x_wconf 76' lang='grc' dir='ltr'>Πατέρων</span> <span class='ocrx_word' id='word_1_196' title='bbox 514 1663 773 1719; x_wconf 70' lang='grc' dir='ltr'>ἑλεύκανε</span> <span class='ocrx_word' id='word_1_197' title='bbox 810 1665 873 1720; x_wconf 76' lang='grc' dir='ltr'>τὸ</span> <span class='ocrx_word' id='word_1_198' title='bbox 897 1667 1201 1740; x_wconf 79' lang='grc' dir='ltr'>’πρόϐλημα</span> <span class='ocrx_word' id='word_1_199' title='bbox 1231 1669 1406 1733; x_wconf 74' lang='grc' dir='ltr'>οὕτως</span> <span class='ocrx_word' id='word_1_200' title='bbox 1433 1672 1510 1737; x_wconf 85' lang='grc' dir='ltr'><strong>ὡς</strong></span> <span class='ocrx_word' id='word_1_201' title='bbox 1562 1675 1592 1728; x_wconf 76' lang='grc' dir='ltr'>ὁ</span> <span class='ocrx_word' id='word_1_202' title='bbox 1640 1675 1788 1728; x_wconf 88' lang='grc' dir='ltr'>Νυσ-</span> 
     </span>
    </p>
   </div>
   <div class='ocr_carea' id='block_1_30' title="bbox 1891 1662 3489 1752">
    <p class='ocr_par' dir='ltr' id='par_1_30' title="bbox 1896 1675 3489 1752">
     <span class='ocr_line' id='line_1_30' title="bbox 1896 1675 3489 1752; baseline 0.011 -22"><span class='ocrx_word' id='word_1_203' title='bbox 1896 1675 2077 1746; x_wconf 86' lang='lat' dir='ltr'><strong>priore</strong></span> <span class='ocrx_word' id='word_1_204' title='bbox 2110 1678 2191 1734; x_wconf 90' lang='lat' dir='ltr'><strong>sic</strong></span> <span class='ocrx_word' id='word_1_205' title='bbox 2217 1687 2398 1735; x_wconf 90' lang='lat' dir='ltr'><strong>statuo</strong></span> <span class='ocrx_word' id='word_1_206' title='bbox 2424 1699 2437 1736; x_wconf 88' lang='lat'><strong>:</strong></span> <span class='ocrx_word' id='word_1_207' title='bbox 2469 1697 2499 1735; x_wconf 86' lang='lat' dir='ltr'><strong>a</strong></span> <span class='ocrx_word' id='word_1_208' title='bbox 2529 1683 2748 1738; x_wconf 87' lang='lat' dir='ltr'><strong>nemine</strong></span> <span class='ocrx_word' id='word_1_209' title='bbox 2785 1693 3112 1742; x_wconf 64' lang='lat' dir='ltr'><strong>cancrorum</strong></span> <span class='ocrx_word' id='word_1_210' title='bbox 3173 1690 3489 1752; x_wconf 89' lang='lat' dir='ltr'><strong>divinorum</strong></span> 
     </span>
    </p>
   </div>
   <div class='ocr_carea' id='block_1_31' title="bbox 213 1753 1816 1851">
    <p class='ocr_par' dir='ltr' id='par_1_31' title="bbox 213 1753 1789 1838">
     <span class='ocr_line' id='line_1_31' title="bbox 213 1753 1789 1838; baseline 0.011 -33"><span class='ocrx_word' id='word_1_211' title='bbox 213 1753 346 1818; x_wconf 79' lang='grc' dir='ltr'>σεὺς</span> <span class='ocrx_word' id='word_1_212' title='bbox 381 1755 704 1825; x_wconf 77' lang='grc' dir='ltr'>Γρηγόριος.</span> <span class='ocrx_word' id='word_1_213' title='bbox 748 1757 1135 1830; x_wconf 77' lang='grc' dir='ltr'>Ἀρκεσθῶμεν</span> <span class='ocrx_word' id='word_1_214' title='bbox 1164 1761 1260 1817; x_wconf 76' lang='grc' dir='ltr'><strong>οὖν</strong></span> <span class='ocrx_word' id='word_1_215' title='bbox 1287 1766 1353 1835; x_wconf 81' lang='grc' dir='ltr'>τῇ</span> <span class='ocrx_word' id='word_1_216' title='bbox 1384 1765 1482 1818; x_wconf 82' lang='grc' dir='ltr'><strong>τοῦ</strong></span> <span class='ocrx_word' id='word_1_217' title='bbox 1538 1766 1789 1838; x_wconf 78' lang='grc' dir='ltr'>πνεύμα-</span> 
     </span>
    </p>
   </div>
   <div class='ocr_carea' id='block_1_32' title="bbox 1891 1753 3490 1851">
    <p class='ocr_par' dir='ltr' id='par_1_32' title="bbox 1897 1769 3490 1851">
     <span class='ocr_line' id='line_1_32' title="bbox 1897 1769 3490 1851; baseline 0.008 -26"><span class='ocrx_word' id='word_1_218' title='bbox 1897 1769 2120 1826; x_wconf 85' lang='lat' dir='ltr'><strong>Patrum</strong></span> <span class='ocrx_word' id='word_1_219' title='bbox 2151 1771 2477 1827; x_wconf 76' lang='lat' dir='ltr'><strong>illuStratam</strong></span> <span class='ocrx_word' id='word_1_220' title='bbox 2520 1773 2664 1829; x_wconf 89' lang='lat' dir='ltr'><strong>hanc</strong></span> <span class='ocrx_word' id='word_1_221' title='bbox 2696 1776 3057 1846; x_wconf 65' lang='lat' dir='ltr'><strong>qumstionem</strong></span> <span class='ocrx_word' id='word_1_222' title='bbox 3104 1793 3226 1835; x_wconf 88' lang='lat' dir='ltr'><strong>esse</strong></span> <span class='ocrx_word' id='word_1_223' title='bbox 3258 1783 3490 1851; x_wconf 87' lang='lat' dir='ltr'><strong>perinde</strong></span> 
     </span>
    </p>
   </div>
   <div class='ocr_carea' id='block_1_33' title="bbox 210 1843 1816 1940">
    <p class='ocr_par' dir='ltr' id='par_1_33' title="bbox 210 1843 1786 1928">
     <span class='ocr_line' id='line_1_33' title="bbox 210 1843 1786 1928; baseline 0.011 -33"><span class='ocrx_word' id='word_1_224' title='bbox 210 1860 306 1906; x_wconf 89' lang='grc' dir='ltr'>τος</span> <span class='ocrx_word' id='word_1_225' title='bbox 333 1843 538 1917; x_wconf 71' lang='grc' dir='ltr'>θεωρία</span> <span class='ocrx_word' id='word_1_226' title='bbox 569 1847 627 1900; x_wconf 83' lang='grc' dir='ltr'>ὲν</span> <span class='ocrx_word' id='word_1_227' title='bbox 655 1847 942 1922; x_wconf 71' lang='grc' dir='ltr'>ἀνηγμένη</span> <span class='ocrx_word' id='word_1_228' title='bbox 975 1847 1179 1922; x_wconf 73' lang='grc' dir='ltr'>θεωρίᾳ</span> <span class='ocrx_word' id='word_1_229' title='bbox 1206 1853 1372 1922; x_wconf 80' lang='grc' dir='ltr'>ἄγαν.</span> <span class='ocrx_word' id='word_1_230' title='bbox 1411 1855 1485 1908; x_wconf 81' lang='grc' dir='ltr'><strong>Τὸ</strong></span> <span class='ocrx_word' id='word_1_231' title='bbox 1512 1857 1622 1928; x_wconf 77' lang='grc' dir='ltr'>γὰρ</span> <span class='ocrx_word' id='word_1_232' title='bbox 1683 1859 1786 1912; x_wconf 78' lang='grc' dir='ltr'><strong>ἐπ-</strong></span> 
     </span>
    </p>
   </div>
   <div class='ocr_carea' id='block_1_34' title="bbox 1891 1843 3490 1940">
    <p class='ocr_par' dir='ltr' id='par_1_34' title="bbox 1895 1843 3490 1940">
     <span class='ocr_line' id='line_1_34' title="bbox 1895 1843 3490 1940; baseline 0.006 -22"><span class='ocrx_word' id='word_1_233' title='bbox 1895 1873 2059 1934; x_wconf 88' lang='lat' dir='ltr'><strong>atque</strong></span> <span class='ocrx_word' id='word_1_234' title='bbox 2087 1878 2116 1917; x_wconf 90' lang='lat' dir='ltr'><strong>a</strong></span> <span class='ocrx_word' id='word_1_235' title='bbox 2158 1861 2422 1936; x_wconf 76' lang='lat' dir='ltr'><strong>Gregorio</strong></span> <span class='ocrx_word' id='word_1_236' title='bbox 2451 1843 2730 1937; x_wconf 45' lang='lat' dir='ltr'><strong>Nysseno.</strong></span> <span class='ocrx_word' id='word_1_237' title='bbox 2751 1865 2894 1922; x_wconf 86' lang='lat' dir='ltr'><strong>Satis</strong></span> <span class='ocrx_word' id='word_1_238' title='bbox 2921 1867 3088 1940; x_wconf 90' lang='lat' dir='ltr'><strong>igitur</strong></span> <span class='ocrx_word' id='word_1_239' title='bbox 3141 1843 3302 1927; x_wconf 80' lang='lat' dir='ltr'><strong>nobis</strong></span> <span class='ocrx_word' id='word_1_240' title='bbox 3329 1873 3402 1927; x_wconf 91' lang='lat' dir='ltr'><strong>sit</strong></span> <span class='ocrx_word' id='word_1_241' title='bbox 3428 1889 3490 1928; x_wconf 89' lang='lat' dir='ltr'><strong>ea</strong></span> 
     </span>
    </p>
   </div>
   <div class='ocr_carea' id='block_1_35' title="bbox 216 1934 1816 2030">
    <p class='ocr_par' dir='ltr' id='par_1_35' title="bbox 216 1934 1784 2020">
     <span class='ocr_line' id='line_1_35' title="bbox 216 1934 1784 2020; baseline 0.011 -32"><span class='ocrx_word' id='word_1_242' title='bbox 216 1934 311 1988; x_wconf 57' lang='lat' dir='ltr'><strong>ius</strong></span> <span class='ocrx_word' id='word_1_243' title='bbox 323 1953 409 1990; x_wconf 80' lang='lat' dir='ltr'><strong>sva</strong></span> <span class='ocrx_word' id='word_1_244' title='bbox 437 1937 710 2010; x_wconf 75' lang='grc' dir='ltr'>Γαδείρων</span> <span class='ocrx_word' id='word_1_245' title='bbox 734 1939 797 1995; x_wconf 79' lang='grc' dir='ltr'><strong>οὐ</strong></span> <span class='ocrx_word' id='word_1_246' title='bbox 829 1941 1066 2011; x_wconf 82' lang='grc' dir='ltr'>περατόν</span> <span class='ocrx_word' id='word_1_247' title='bbox 1095 1959 1110 1974; x_wconf 77' lang='grc' dir='ltr'><strong>ο</strong></span> <span class='ocrx_word' id='word_1_248' title='bbox 1136 1945 1214 2008; x_wconf 80' lang='grc' dir='ltr'><strong>ὡς</strong></span> <span class='ocrx_word' id='word_1_249' title='bbox 1245 1945 1274 1997; x_wconf 85' lang='grc' dir='ltr'><strong>ὁ</strong></span> <span class='ocrx_word' id='word_1_250' title='bbox 1326 1945 1506 2016; x_wconf 88' lang='grc' dir='ltr'>λόγος.</span> <span class='ocrx_word' id='word_1_251' title='bbox 1566 1951 1703 2020; x_wconf 70' lang='grc' dir='ltr'>Περὶ</span> <span class='ocrx_word' id='word_1_252' title='bbox 1725 1950 1784 2005; x_wconf 84' lang='grc' dir='ltr'>δὲ</span> 
     </span>
    </p>
   </div>
   <div class='ocr_carea' id='block_1_36' title="bbox 1891 1934 3490 2030">
    <p class='ocr_par' dir='ltr' id='par_1_36' title="bbox 1896 1934 3490 2030">
     <span class='ocr_line' id='line_1_36' title="bbox 1896 1934 3490 2030; baseline 0.003 -18"><span class='ocrx_word' id='word_1_253' title='bbox 1896 1959 2095 2028; x_wconf 89' lang='lat' dir='ltr'><strong>spiritu</strong></span> <span class='ocrx_word' id='word_1_254' title='bbox 2133 1934 2532 2028; x_wconf 73' lang='lat' dir='ltr'><strong>contemplari,</strong></span> <span class='ocrx_word' id='word_1_255' title='bbox 2575 1958 2846 2028; x_wconf 85' lang='lat' dir='ltr'><strong>patefacta</strong></span> <span class='ocrx_word' id='word_1_256' title='bbox 2900 1934 3101 2030; x_wconf 78' lang='lat' dir='ltr'><strong>oppido</strong></span> <span class='ocrx_word' id='word_1_257' title='bbox 3131 1960 3199 2015; x_wconf 87' lang='lat' dir='ltr'><strong>ad</strong></span> <span class='ocrx_word' id='word_1_258' title='bbox 3237 1971 3490 2016; x_wconf 83' lang='lat' dir='ltr'><strong>contem-</strong></span> 
     </span>
    </p>
   </div>
   <div class='ocr_carea' id='block_1_37' title="bbox 207 2025 1816 2120">
    <p class='ocr_par' dir='ltr' id='par_1_37' title="bbox 207 2025 1793 2113">
     <span class='ocr_line' id='line_1_37' title="bbox 207 2025 1793 2113; baseline 0.011 -35"><span class='ocrx_word' id='word_1_259' title='bbox 207 2025 306 2079; x_wconf 79' lang='grc' dir='ltr'>τοῦ</span> <span class='ocrx_word' id='word_1_260' title='bbox 333 2026 586 2100; x_wconf 72' lang='grc' dir='ltr'><strong>δευτέρου</strong></span> <span class='ocrx_word' id='word_1_261' title='bbox 602 2044 618 2060; x_wconf 88' lang='grc'><strong>·</strong></span> <span class='ocrx_word' id='word_1_262' title='bbox 645 2028 700 2082; x_wconf 83' lang='lat'><strong>&#39;0</strong></span> <span class='ocrx_word' id='word_1_263' title='bbox 720 2030 950 2086; x_wconf 80' lang='grc' dir='ltr'>συνιὼν</span> <span class='ocrx_word' id='word_1_264' title='bbox 962 2032 1033 2086; x_wconf 74' lang='grc' dir='ltr'><strong>ἐν</strong></span> <span class='ocrx_word' id='word_1_265' title='bbox 1047 2033 1129 2099; x_wconf 81' lang='grc' dir='ltr'>τῷ</span> <span class='ocrx_word' id='word_1_266' title='bbox 1145 2035 1329 2106; x_wconf 76' lang='grc' dir='ltr'>καιρῷ</span> <span class='ocrx_word' id='word_1_267' title='bbox 1341 2037 1550 2103; x_wconf 79' lang='grc' dir='ltr'><strong>ἐκείνῳ</strong></span> <span class='ocrx_word' id='word_1_268' title='bbox 1569 2042 1793 2113; x_wconf 78' lang='grc' dir='ltr'>σιωπή-</span> 
     </span>
    </p>
   </div>
   <div class='ocr_carea' id='block_1_38' title="bbox 1891 2025 3489 2120">
    <p class='ocr_par' dir='ltr' id='par_1_38' title="bbox 1897 2025 3489 2120">
     <span class='ocr_line' id='line_1_38' title="bbox 1897 2025 3489 2120; baseline 0.003 -18"><span class='ocrx_word' id='word_1_269' title='bbox 1897 2025 2158 2119; x_wconf 88' lang='lat' dir='ltr'><strong>plandum</strong></span> <span class='ocrx_word' id='word_1_270' title='bbox 2203 2049 2312 2104; x_wconf 90' lang='lat' dir='ltr'><strong>via.</strong></span> <span class='ocrx_word' id='word_1_271' title='bbox 2345 2025 2478 2103; x_wconf 63' lang='lat' dir='ltr'><strong>Nam</strong></span> <span class='ocrx_word' id='word_1_272' title='bbox 2505 2025 2627 2120; x_wconf 70' lang='lat' dir='ltr'><strong>quae</strong></span> <span class='ocrx_word' id='word_1_273' title='bbox 2658 2049 2802 2104; x_wconf 87' lang='lat' dir='ltr'><strong>ultra</strong></span> <span class='ocrx_word' id='word_1_274' title='bbox 2830 2025 3034 2113; x_wconf 68' lang='lat' dir='ltr'><strong>Gades,</strong></span> <span class='ocrx_word' id='word_1_275' title='bbox 3075 2051 3353 2107; x_wconf 89' lang='lat' dir='ltr'><strong>inaccessa</strong></span> <span class='ocrx_word' id='word_1_276' title='bbox 3379 2070 3394 2106; x_wconf 92' lang='lat'><strong>:</strong></span> <span class='ocrx_word' id='word_1_277' title='bbox 3425 2060 3489 2107; x_wconf 92' lang='lat' dir='ltr'><strong>ut</strong></span> 
     </span>
    </p>
   </div>
   <div class='ocr_carea' id='block_1_39' title="bbox 209 2117 1790 2204">
    <p class='ocr_par' dir='ltr' id='par_1_39' title="bbox 209 2117 1790 2204">
     <span class='ocr_line' id='line_1_39' title="bbox 209 2117 1790 2204; baseline 0.012 -36"><span class='ocrx_word' id='word_1_278' title='bbox 209 2132 404 2171; x_wconf 82' lang='grc' dir='ltr'><strong>σεται·</strong></span> <span class='ocrx_word' id='word_1_279' title='bbox 426 2117 517 2172; x_wconf 83' lang='grc' dir='ltr'><strong>ὅτι</strong></span> <span class='ocrx_word' id='word_1_280' title='bbox 548 2119 754 2189; x_wconf 80' lang='grc' dir='ltr'>καιρὸς</span> <span class='ocrx_word' id='word_1_281' title='bbox 787 2124 1051 2192; x_wconf 79' lang='grc' dir='ltr'>πονηρός</span> <span class='ocrx_word' id='word_1_282' title='bbox 1086 2125 1260 2181; x_wconf 75' lang='grc' dir='ltr'>ἐστιν</span> <span class='ocrx_word' id='word_1_283' title='bbox 1289 2143 1306 2159; x_wconf 77' lang='grc' dir='ltr'><strong>ο</strong></span> <span class='ocrx_word' id='word_1_284' title='bbox 1377 2129 1439 2182; x_wconf 80' lang='grc' dir='ltr'><strong>οὺ</strong></span> <span class='ocrx_word' id='word_1_285' title='bbox 1491 2130 1641 2185; x_wconf 78' lang='grc' dir='ltr'>δοκεῖ</span> <span class='ocrx_word' id='word_1_286' title='bbox 1695 2149 1790 2204; x_wconf 89' lang='grc' dir='ltr'>μοι</span> 
     </span>
    </p>
   </div>
   <div class='ocr_carea' id='block_1_40' title="bbox 208 2207 1792 2292">
    <p class='ocr_par' dir='ltr' id='par_1_40' title="bbox 208 2207 1792 2292">
     <span class='ocr_line' id='line_1_40' title="bbox 208 2207 1792 2292; baseline 0.013 -33"><span class='ocrx_word' id='word_1_287' title='bbox 208 2207 498 2276; x_wconf 74' lang='grc' dir='ltr'>καμπύλον</span> <span class='ocrx_word' id='word_1_288' title='bbox 525 2210 621 2263; x_wconf 72' lang='grc' dir='ltr'><strong>καὶ</strong></span> <span class='ocrx_word' id='word_1_289' title='bbox 653 2211 868 2266; x_wconf 84' lang='grc' dir='ltr'>σκολιὸν</span> <span class='ocrx_word' id='word_1_290' title='bbox 893 2210 1055 2270; x_wconf 84' lang='grc' dir='ltr'>εἶναι.</span> <span class='ocrx_word' id='word_1_291' title='bbox 1088 2217 1296 2290; x_wconf 77' lang='grc' dir='ltr'>Καιρὺς</span> <span class='ocrx_word' id='word_1_292' title='bbox 1326 2221 1435 2292; x_wconf 79' lang='grc' dir='ltr'>γὰρ</span> <span class='ocrx_word' id='word_1_293' title='bbox 1463 2221 1561 2276; x_wconf 84' lang='grc' dir='ltr'>τοῦ</span> <span class='ocrx_word' id='word_1_294' title='bbox 1608 2223 1792 2280; x_wconf 73' lang='grc' dir='ltr'>λαλεῖν</span> 
     </span>
    </p>
   </div>
   <div class='ocr_carea' id='block_1_41' title="bbox 205 2299 1792 2386">
    <p class='ocr_par' dir='ltr' id='par_1_41' title="bbox 205 2299 1792 2386">
     <span class='ocr_line' id='line_1_41' title="bbox 205 2299 1792 2386; baseline 0.013 -35"><span class='ocrx_word' id='word_1_295' title='bbox 205 2299 359 2368; x_wconf 75' lang='grc' dir='ltr'>ἡμᾶς</span> <span class='ocrx_word' id='word_1_296' title='bbox 395 2299 681 2371; x_wconf 76' lang='grc' dir='ltr'><strong>διώρισται</strong></span> <span class='ocrx_word' id='word_1_297' title='bbox 713 2303 820 2356; x_wconf 79' lang='grc' dir='ltr'><strong>ὑπὸ</strong></span> <span class='ocrx_word' id='word_1_298' title='bbox 855 2305 954 2376; x_wconf 81' lang='grc' dir='ltr'><strong>τῆς</strong></span> <span class='ocrx_word' id='word_1_299' title='bbox 983 2305 1345 2364; x_wconf 81' lang='grc' dir='ltr'>θεοπνεύστου</span> <span class='ocrx_word' id='word_1_300' title='bbox 1388 2311 1638 2386; x_wconf 78' lang='grc' dir='ltr'>Γραφῆς,</span> <span class='ocrx_word' id='word_1_301' title='bbox 1697 2317 1792 2372; x_wconf 73' lang='grc' dir='ltr'><strong>καὶ</strong></span> 
     </span>
    </p>
   </div>
   <div class='ocr_carea' id='block_1_42' title="bbox 206 2389 1794 2474">
    <p class='ocr_par' dir='ltr' id='par_1_42' title="bbox 206 2389 1794 2474">
     <span class='ocr_line' id='line_1_42' title="bbox 206 2389 1794 2474; baseline 0.013 -34"><span class='ocrx_word' id='word_1_302' title='bbox 206 2389 402 2459; x_wconf 72' lang='grc' dir='ltr'>καιρὸς</span> <span class='ocrx_word' id='word_1_303' title='bbox 431 2391 665 2461; x_wconf 80' lang='grc' dir='ltr'>σιωπῆς,</span> <span class='ocrx_word' id='word_1_304' title='bbox 691 2394 832 2448; x_wconf 82' lang='grc' dir='ltr'>κατά</span> <span class='ocrx_word' id='word_1_305' title='bbox 863 2394 963 2466; x_wconf 80' lang='grc' dir='ltr'>τὴν</span> <span class='ocrx_word' id='word_1_306' title='bbox 995 2397 1398 2456; x_wconf 75' lang='grc' dir='ltr'>ἐπιϐάλλουσαν</span> <span class='ocrx_word' id='word_1_307' title='bbox 1417 2403 1630 2474; x_wconf 83' lang='grc' dir='ltr'>χρείαν,</span> <span class='ocrx_word' id='word_1_308' title='bbox 1665 2423 1794 2460; x_wconf 86' lang='grc' dir='ltr'><strong>σκο-</strong></span> 
     </span>
    </p>
   </div>
   <div class='ocr_carea' id='block_1_43' title="bbox 135 2480 1789 2572">
    <p class='ocr_par' dir='ltr' id='par_1_43' title="bbox 135 2480 1789 2572">
     <span class='ocr_line' id='line_1_43' title="bbox 135 2480 1789 2572; baseline 0.014 -40"><span class='ocrx_word' id='word_1_309' title='bbox 135 2485 137 2487; x_wconf 80' lang='grc'><strong>’</strong></span> <span class='ocrx_word' id='word_1_310' title='bbox 207 2480 461 2536; x_wconf 85' lang='grc' dir='ltr'>πούντων</span> <span class='ocrx_word' id='word_1_311' title='bbox 487 2484 648 2555; x_wconf 84' lang='grc' dir='ltr'>ήμῶν</span> <span class='ocrx_word' id='word_1_312' title='bbox 675 2488 770 2539; x_wconf 75' lang='grc' dir='ltr'><strong>καὶ</strong></span> <span class='ocrx_word' id='word_1_313' title='bbox 797 2489 1230 2560; x_wconf 83' lang='grc' dir='ltr'>οίκονομούντων</span> <span class='ocrx_word' id='word_1_314' title='bbox 1253 2495 1346 2548; x_wconf 81' lang='grc' dir='ltr'>τὸν</span> <span class='ocrx_word' id='word_1_315' title='bbox 1360 2496 1518 2567; x_wconf 86' lang='grc' dir='ltr'>λόγον</span> <span class='ocrx_word' id='word_1_316' title='bbox 1534 2499 1635 2570; x_wconf 84' lang='grc' dir='ltr'>τῆς</span> <span class='ocrx_word' id='word_1_317' title='bbox 1654 2499 1789 2572; x_wconf 84' lang='grc' dir='ltr'>άλη-</span> 
     </span>
    </p>
   </div>
   <div class='ocr_carea' id='block_1_44' title="bbox 205 2571 1790 2664">
    <p class='ocr_par' dir='ltr' id='par_1_44' title="bbox 205 2571 1790 2664">
     <span class='ocr_line' id='line_1_44' title="bbox 205 2571 1790 2664; baseline 0.015 -38"><span class='ocrx_word' id='word_1_318' title='bbox 205 2571 384 2664; x_wconf 79' lang='grc' dir='ltr'>θείας.</span> <span class='ocrx_word' id='word_1_319' title='bbox 443 2576 513 2629; x_wconf 83' lang='grc' dir='ltr'><strong>Ἢ</strong></span> <span class='ocrx_word' id='word_1_320' title='bbox 559 2577 669 2650; x_wconf 79' lang='grc' dir='ltr'><strong>γὰρ</strong></span> <span class='ocrx_word' id='word_1_321' title='bbox 697 2579 823 2650; x_wconf 75' lang='grc' dir='ltr'>οὐχὶ</span> <span class='ocrx_word' id='word_1_322' title='bbox 855 2581 929 2654; x_wconf 80' lang='grc' dir='ltr'>μὴ</span> <span class='ocrx_word' id='word_1_323' title='bbox 959 2581 1179 2653; x_wconf 80' lang='grc' dir='ltr'>βάλλειν</span> <span class='ocrx_word' id='word_1_324' title='bbox 1206 2589 1322 2652; x_wconf 84' lang='grc' dir='ltr'>τοῖς</span> <span class='ocrx_word' id='word_1_325' title='bbox 1350 2591 1477 2644; x_wconf 77' lang='grc' dir='ltr'>κυσὶ</span> <span class='ocrx_word' id='word_1_326' title='bbox 1507 2593 1575 2645; x_wconf 83' lang='grc' dir='ltr'><strong>τά</strong></span> <span class='ocrx_word' id='word_1_327' title='bbox 1635 2571 1790 2664; x_wconf 76' lang='grc' dir='ltr'>ἅγια,</span> 
     </span>
    </p>
   </div>
   <div class='ocr_carea' id='block_1_45' title="bbox 208 2663 1791 2753">
    <p class='ocr_par' dir='ltr' id='par_1_45' title="bbox 208 2663 1791 2753">
     <span class='ocr_line' id='line_1_45' title="bbox 208 2663 1791 2753; baseline 0.015 -39"><span class='ocrx_word' id='word_1_328' title='bbox 208 2663 352 2734; x_wconf 84' lang='grc' dir='ltr'>μήτε</span> <span class='ocrx_word' id='word_1_329' title='bbox 388 2664 601 2736; x_wconf 78' lang='grc' dir='ltr'>ῥίπτειν</span> <span class='ocrx_word' id='word_1_330' title='bbox 628 2668 754 2732; x_wconf 80' lang='grc' dir='ltr'>τοὺς</span> <span class='ocrx_word' id='word_1_331' title='bbox 783 2672 1132 2742; x_wconf 75' lang='grc' dir='ltr'>μαργαρίτας</span> <span class='ocrx_word' id='word_1_332' title='bbox 1154 2675 1464 2748; x_wconf 76' lang='grc' dir='ltr'>ἔμπροσθεν</span> <span class='ocrx_word' id='word_1_333' title='bbox 1511 2680 1621 2735; x_wconf 85' lang='grc' dir='ltr'>τῶν</span> <span class='ocrx_word' id='word_1_334' title='bbox 1677 2663 1791 2753; x_wconf 87' lang='grc' dir='ltr'>χοί-</span> 
     </span>
    </p>
   </div>
   <div class='ocr_carea' id='block_1_46' title="bbox 207 2759 1794 2845">
    <p class='ocr_par' dir='ltr' id='par_1_46' title="bbox 207 2759 1794 2845">
     <span class='ocr_line' id='line_1_46' title="bbox 207 2759 1794 2845; baseline 0.016 -39"><span class='ocrx_word' id='word_1_335' title='bbox 207 2771 324 2824; x_wconf 87' lang='grc' dir='ltr'><strong>ρων</strong></span> <span class='ocrx_word' id='word_1_336' title='bbox 352 2759 849 2831; x_wconf 85' lang='grc' dir='ltr'>προστετάγμεθα;</span> <span class='ocrx_word' id='word_1_337' title='bbox 882 2765 1074 2837; x_wconf 79' lang='grc' dir='ltr'>’Λθρει</span> <span class='ocrx_word' id='word_1_338' title='bbox 1118 2769 1244 2834; x_wconf 69' lang='grc' dir='ltr'>τοὺς</span> <span class='ocrx_word' id='word_1_339' title='bbox 1301 2771 1598 2845; x_wconf 83' lang='grc' dir='ltr'>θεοφόρους</span> <span class='ocrx_word' id='word_1_340' title='bbox 1627 2793 1641 2807; x_wconf 76' lang='grc' dir='ltr'><strong>ο</strong></span> <span class='ocrx_word' id='word_1_341' title='bbox 1694 2781 1794 2831; x_wconf 69' lang='grc' dir='ltr'><strong>καὶ</strong></span> 
     </span>
    </p>
   </div>
   <div class='ocr_carea' id='block_1_47' title="bbox 203 2849 1792 2942">
    <p class='ocr_par' dir='ltr' id='par_1_47' title="bbox 203 2849 1792 2942">
     <span class='ocr_line' id='line_1_47' title="bbox 203 2849 1792 2942; baseline 0.016 -42"><span class='ocrx_word' id='word_1_342' title='bbox 203 2849 337 2912; x_wconf 85' lang='grc' dir='ltr'>τοὺς</span> <span class='ocrx_word' id='word_1_343' title='bbox 361 2849 418 2903; x_wconf 83' lang='grc' dir='ltr'>δὲ</span> <span class='ocrx_word' id='word_1_344' title='bbox 449 2851 731 2923; x_wconf 78' lang='grc' dir='ltr'>εὑρήσεις,</span> <span class='ocrx_word' id='word_1_345' title='bbox 761 2859 838 2928; x_wconf 81' lang='grc' dir='ltr'><strong>πῇ</strong></span> <span class='ocrx_word' id='word_1_346' title='bbox 867 2857 967 2928; x_wconf 82' lang='grc' dir='ltr'>μὲν</span> <span class='ocrx_word' id='word_1_347' title='bbox 989 2859 1095 2914; x_wconf 83' lang='grc' dir='ltr'>ὑπδ</span> <span class='ocrx_word' id='word_1_348' title='bbox 1125 2862 1218 2914; x_wconf 82' lang='grc' dir='ltr'>τὸν</span> <span class='ocrx_word' id='word_1_349' title='bbox 1248 2863 1430 2934; x_wconf 85' lang='grc' dir='ltr'><strong>μόδιον</strong></span> <span class='ocrx_word' id='word_1_350' title='bbox 1454 2868 1552 2939; x_wconf 82' lang='grc' dir='ltr'>τῆς</span> <span class='ocrx_word' id='word_1_351' title='bbox 1578 2871 1792 2942; x_wconf 84' lang='grc' dir='ltr'>σιωπῆς</span> 
     </span>
    </p>
   </div>
   <div class='ocr_carea' id='block_1_48' title="bbox 203 2939 1789 3030">
    <p class='ocr_par' dir='ltr' id='par_1_48' title="bbox 203 2939 1789 3030">
     <span class='ocr_line' id='line_1_48' title="bbox 203 2939 1789 3030; baseline 0.016 -38"><span class='ocrx_word' id='word_1_352' title='bbox 203 2939 302 2993; x_wconf 76' lang='grc' dir='ltr'><strong>τον</strong></span> <span class='ocrx_word' id='word_1_353' title='bbox 332 2941 490 3011; x_wconf 89' lang='grc' dir='ltr'>λόγον</span> <span class='ocrx_word' id='word_1_354' title='bbox 519 2945 792 3011; x_wconf 87' lang='grc' dir='ltr'>τιθέντας.</span> <span class='ocrx_word' id='word_1_355' title='bbox 825 2948 1027 3004; x_wconf 82' lang='grc' dir='ltr'>ὁπόταν</span> <span class='ocrx_word' id='word_1_356' title='bbox 1065 2952 1383 3021; x_wconf 83' lang='grc' dir='ltr'>ἀλυσιτελὲς</span> <span class='ocrx_word' id='word_1_357' title='bbox 1439 2959 1502 3012; x_wconf 85' lang='grc' dir='ltr'>τὸ</span> <span class='ocrx_word' id='word_1_358' title='bbox 1562 2939 1789 3030; x_wconf 75' lang='grc' dir='ltr'>λέγειν,</span> 
     </span>
    </p>
   </div>
   <div class='ocr_carea' id='block_1_49' title="bbox 209 3032 1794 3123">
    <p class='ocr_par' dir='ltr' id='par_1_49' title="bbox 209 3032 1794 3123">
     <span class='ocr_line' id='line_1_49' title="bbox 209 3032 1794 3123; baseline 0.017 -40"><span class='ocrx_word' id='word_1_359' title='bbox 209 3032 416 3102; x_wconf 78' lang='grc' dir='ltr'>μᾶλλον</span> <span class='ocrx_word' id='word_1_360' title='bbox 435 3034 491 3088; x_wconf 77' lang='grc' dir='ltr'>δὲ</span> <span class='ocrx_word' id='word_1_361' title='bbox 520 3037 614 3090; x_wconf 79' lang='grc' dir='ltr'>καὶ</span> <span class='ocrx_word' id='word_1_362' title='bbox 641 3036 934 3110; x_wconf 79' lang='grc' dir='ltr'>ζημιῶδες.</span> <span class='ocrx_word' id='word_1_363' title='bbox 968 3045 1048 3115; x_wconf 79' lang='grc' dir='ltr'><strong>Πῇ</strong></span> <span class='ocrx_word' id='word_1_364' title='bbox 1082 3044 1160 3109; x_wconf 84' lang='grc' dir='ltr'>δὲ,</span> <span class='ocrx_word' id='word_1_365' title='bbox 1191 3047 1284 3100; x_wconf 73' lang='grc' dir='ltr'><strong>ἐπὶ</strong></span> <span class='ocrx_word' id='word_1_366' title='bbox 1314 3049 1415 3120; x_wconf 83' lang='grc' dir='ltr'><strong>τῆς</strong></span> <span class='ocrx_word' id='word_1_367' title='bbox 1444 3049 1666 3123; x_wconf 81' lang='grc' dir='ltr'>λυχνίας</span> <span class='ocrx_word' id='word_1_368' title='bbox 1696 3057 1794 3109; x_wconf 79' lang='grc' dir='ltr'><strong>αὐ·-</strong></span> 
     </span>
    </p>
   </div>
   <div class='ocr_carea' id='block_1_50' title="bbox 202 3125 1793 3216">
    <p class='ocr_par' dir='ltr' id='par_1_50' title="bbox 202 3125 1793 3216">
     <span class='ocr_line' id='line_1_50' title="bbox 202 3125 1793 3216; baseline 0.015 -36"><span class='ocrx_word' id='word_1_369' title='bbox 202 3125 297 3180; x_wconf 69' lang='grc' dir='ltr'>τὶν</span> <span class='ocrx_word' id='word_1_370' title='bbox 323 3125 572 3192; x_wconf 75' lang='grc' dir='ltr'>ἀνιέντας</span> <span class='ocrx_word' id='word_1_371' title='bbox 589 3126 748 3202; x_wconf 65' lang='lat' dir='ltr'><strong>“leg.</strong></span> <span class='ocrx_word' id='word_1_372' title='bbox 769 3133 894 3188; x_wconf 86' lang='lat' dir='ltr'><strong>cod.</strong></span> <span class='ocrx_word' id='word_1_373' title='bbox 923 3135 1223 3211; x_wconf 72' lang='grc' dir='ltr'>ἀνιόνταςῙ,</span> <span class='ocrx_word' id='word_1_374' title='bbox 1247 3143 1483 3214; x_wconf 77' lang='grc' dir='ltr'>ὁπηνίκα</span> <span class='ocrx_word' id='word_1_375' title='bbox 1512 3144 1793 3216; x_wconf 68' lang='grc' dir='ltr'>εὔκαρπος</span> 
     </span>
    </p>
   </div>
   <div class='ocr_carea' id='block_1_51' title="bbox 204 3217 1794 3312">
    <p class='ocr_par' dir='ltr' id='par_1_51' title="bbox 204 3217 1794 3312">
     <span class='ocr_line' id='line_1_51' title="bbox 204 3217 1794 3312; baseline 0.018 -43"><span class='ocrx_word' id='word_1_376' title='bbox 204 3217 238 3286; x_wconf 84' lang='grc' dir='ltr'>ὴ</span> <span class='ocrx_word' id='word_1_377' title='bbox 272 3217 452 3290; x_wconf 75' lang='grc' dir='ltr'>σπορά</span> <span class='ocrx_word' id='word_1_378' title='bbox 504 3219 601 3276; x_wconf 77' lang='grc' dir='ltr'><strong>καὶ</strong></span> <span class='ocrx_word' id='word_1_379' title='bbox 625 3222 686 3274; x_wconf 82' lang='grc' dir='ltr'><strong>οὐ</strong></span> <span class='ocrx_word' id='word_1_380' title='bbox 713 3223 1015 3296; x_wconf 82' lang='grc' dir='ltr'>πετρώδης.</span> <span class='ocrx_word' id='word_1_381' title='bbox 1049 3229 1302 3287; x_wconf 65' lang='grc' dir='ltr'>’τοσαῦτά</span> <span class='ocrx_word' id='word_1_382' title='bbox 1332 3253 1423 3305; x_wconf 89' lang='grc' dir='ltr'>μοι</span> <span class='ocrx_word' id='word_1_383' title='bbox 1454 3241 1794 3312; x_wconf 80' lang='grc' dir='ltr'>συνεώρατιι</span> 
     </span>
    </p>
   </div>
   <div class='ocr_carea' id='block_1_52' title="bbox 1891 2139 3484 2212">
    <p class='ocr_par' dir='ltr' id='par_1_52' title="bbox 1891 2139 3484 2212">
     <span class='ocr_line' id='line_1_52' title="bbox 1891 2139 3484 2212; baseline 0.001 -16"><span class='ocrx_word' id='word_1_384' title='bbox 1891 2151 1978 2196; x_wconf 85' lang='lat' dir='ltr'><strong>est</strong></span> <span class='ocrx_word' id='word_1_385' title='bbox 2012 2141 2067 2196; x_wconf 89' lang='lat' dir='ltr'><strong>in</strong></span> <span class='ocrx_word' id='word_1_386' title='bbox 2116 2141 2434 2212; x_wconf 89' lang='lat' dir='ltr'><strong>proverbio.</strong></span> <span class='ocrx_word' id='word_1_387' title='bbox 2473 2139 2548 2196; x_wconf 91' lang='lat' dir='ltr'><strong>De</strong></span> <span class='ocrx_word' id='word_1_388' title='bbox 2589 2141 2766 2196; x_wconf 90' lang='lat' dir='ltr'><strong>altero</strong></span> <span class='ocrx_word' id='word_1_389' title='bbox 2806 2155 2942 2197; x_wconf 87' lang='lat' dir='ltr'><strong>vero</strong></span> <span class='ocrx_word' id='word_1_390' title='bbox 2963 2143 3188 2212; x_wconf 86' lang='lat' dir='ltr'><strong>capite:</strong></span> <span class='ocrx_word' id='word_1_391' title='bbox 3242 2143 3484 2199; x_wconf 83' lang='lat' dir='ltr'><strong>Prudens</strong></span> 
     </span>
    </p>
   </div>
   <div class='ocr_carea' id='block_1_53' title="bbox 1892 2232 3482 2304">
    <p class='ocr_par' dir='ltr' id='par_1_53' title="bbox 1892 2232 3482 2304">
     <span class='ocr_line' id='line_1_53' title="bbox 1892 2232 3482 2304; baseline 0.001 -17"><span class='ocrx_word' id='word_1_392' title='bbox 1892 2234 1947 2287; x_wconf 86' lang='lat' dir='ltr'><strong>in</strong></span> <span class='ocrx_word' id='word_1_393' title='bbox 1983 2243 2212 2304; x_wconf 82' lang='lat' dir='ltr'><strong>tempore</strong></span> <span class='ocrx_word' id='word_1_394' title='bbox 2243 2233 2334 2287; x_wconf 82' lang='lat' dir='ltr'><strong>illo</strong></span> <span class='ocrx_word' id='word_1_395' title='bbox 2365 2232 2576 2296; x_wconf 82' lang='lat' dir='ltr'><strong>tacebit,</strong></span> <span class='ocrx_word' id='word_1_396' title='bbox 2617 2233 2743 2303; x_wconf 86' lang='lat' dir='ltr'><strong>quia</strong></span> <span class='ocrx_word' id='word_1_397' title='bbox 2802 2234 3008 2303; x_wconf 86' lang='lat' dir='ltr'><strong>tempus</strong></span> <span class='ocrx_word' id='word_1_398' title='bbox 3060 2234 3264 2288; x_wconf 78' lang='lat' dir='ltr'><strong>malum</strong></span> <span class='ocrx_word' id='word_1_399' title='bbox 3288 2244 3364 2289; x_wconf 89' lang='lat' dir='ltr'><strong>est</strong></span> <span class='ocrx_word' id='word_1_400' title='bbox 3396 2235 3438 2268; x_wconf 78' lang='lat'>&quot;</span> <span class='ocrx_word' id='word_1_401' title='bbox 3465 2253 3482 2302; x_wconf 87' lang='lat'><strong>;</strong></span> 
     </span>
    </p>
   </div>
   <div class='ocr_carea' id='block_1_54' title="bbox 1891 2325 3479 2397">
    <p class='ocr_par' dir='ltr' id='par_1_54' title="bbox 1891 2325 3479 2397">
     <span class='ocr_line' id='line_1_54' title="bbox 1891 2325 3479 2397; baseline 0 -17"><span class='ocrx_word' id='word_1_402' title='bbox 1891 2342 2001 2381; x_wconf 88' lang='lat' dir='ltr'><strong>non</strong></span> <span class='ocrx_word' id='word_1_403' title='bbox 2028 2326 2161 2381; x_wconf 86' lang='lat' dir='ltr'><strong>mihi</strong></span> <span class='ocrx_word' id='word_1_404' title='bbox 2189 2325 2406 2380; x_wconf 88' lang='lat' dir='ltr'><strong>videtur</strong></span> <span class='ocrx_word' id='word_1_405' title='bbox 2447 2333 2542 2379; x_wconf 88' lang='lat' dir='ltr'><strong>aut</strong></span> <span class='ocrx_word' id='word_1_406' title='bbox 2569 2339 2732 2394; x_wconf 87' lang='lat' dir='ltr'><strong>prave</strong></span> <span class='ocrx_word' id='word_1_407' title='bbox 2754 2325 2982 2390; x_wconf 90' lang='lat' dir='ltr'><strong>dictum,</strong></span> <span class='ocrx_word' id='word_1_408' title='bbox 3004 2336 3100 2380; x_wconf 90' lang='lat' dir='ltr'><strong>aut</strong></span> <span class='ocrx_word' id='word_1_409' title='bbox 3123 2335 3479 2397; x_wconf 64' lang='lat' dir='ltr'><strong>praepostere.</strong></span> 
     </span>
    </p>
   </div>
   <div class='ocr_carea' id='block_1_55' title="bbox 1890 2412 3478 2486">
    <p class='ocr_par' dir='ltr' id='par_1_55' title="bbox 1890 2412 3478 2486">
     <span class='ocr_line' id='line_1_55' title="bbox 1890 2412 3478 2486; baseline 0 -16"><span class='ocrx_word' id='word_1_410' title='bbox 1890 2417 2133 2486; x_wconf 87' lang='lat' dir='ltr'><strong>Tempus</strong></span> <span class='ocrx_word' id='word_1_411' title='bbox 2157 2415 2302 2470; x_wconf 91' lang='lat' dir='ltr'><strong>enim</strong></span> <span class='ocrx_word' id='word_1_412' title='bbox 2343 2413 2598 2484; x_wconf 90' lang='lat' dir='ltr'><strong>loquendi</strong></span> <span class='ocrx_word' id='word_1_413' title='bbox 2637 2413 2798 2468; x_wconf 91' lang='lat' dir='ltr'><strong>nobis</strong></span> <span class='ocrx_word' id='word_1_414' title='bbox 2824 2429 2855 2468; x_wconf 89' lang='lat' dir='ltr'><strong>a</strong></span> <span class='ocrx_word' id='word_1_415' title='bbox 2888 2412 3172 2483; x_wconf 89' lang='lat' dir='ltr'><strong>Scriptura</strong></span> <span class='ocrx_word' id='word_1_416' title='bbox 3200 2413 3478 2470; x_wconf 85' lang='lat' dir='ltr'><strong>divinitus</strong></span> 
     </span>
    </p>
   </div>
   <div class='ocr_carea' id='block_1_56' title="bbox 1892 2505 3482 2580">
    <p class='ocr_par' dir='ltr' id='par_1_56' title="bbox 1892 2505 3482 2580">
     <span class='ocr_line' id='line_1_56' title="bbox 1892 2505 3482 2580; baseline -0.003 -14"><span class='ocrx_word' id='word_1_417' title='bbox 1892 2511 2154 2580; x_wconf 86' lang='lat' dir='ltr'><strong>inspirata</strong></span> <span class='ocrx_word' id='word_1_418' title='bbox 2223 2507 2508 2564; x_wconf 80' lang='lat' dir='ltr'><strong>deﬁnitum</strong></span> <span class='ocrx_word' id='word_1_419' title='bbox 2545 2513 2631 2562; x_wconf 89' lang='lat' dir='ltr'><strong>est</strong></span> <span class='ocrx_word' id='word_1_420' title='bbox 2678 2505 2745 2570; x_wconf 77' lang='lat'><strong>“,</strong></span> <span class='ocrx_word' id='word_1_421' title='bbox 2786 2513 2842 2561; x_wconf 91' lang='lat' dir='ltr'><strong>et</strong></span> <span class='ocrx_word' id='word_1_422' title='bbox 2901 2513 3120 2576; x_wconf 90' lang='lat' dir='ltr'><strong>tempus</strong></span> <span class='ocrx_word' id='word_1_423' title='bbox 3153 2507 3390 2570; x_wconf 88' lang='lat' dir='ltr'><strong>tacendi,</strong></span> <span class='ocrx_word' id='word_1_424' title='bbox 3423 2515 3482 2562; x_wconf 89' lang='lat' dir='ltr'><strong>ut</strong></span> 
     </span>
    </p>
   </div>
   <div class='ocr_carea' id='block_1_57' title="bbox 1891 2597 3480 2672">
    <p class='ocr_par' dir='ltr' id='par_1_57' title="bbox 1891 2597 3480 2672">
     <span class='ocr_line' id='line_1_57' title="bbox 1891 2597 3480 2672; baseline -0.001 -16"><span class='ocrx_word' id='word_1_425' title='bbox 1891 2601 2066 2672; x_wconf 87' lang='lat' dir='ltr'><strong>poscit</strong></span> <span class='ocrx_word' id='word_1_426' title='bbox 2101 2615 2253 2664; x_wconf 91' lang='lat' dir='ltr'><strong>usus,</strong></span> <span class='ocrx_word' id='word_1_427' title='bbox 2295 2597 2456 2654; x_wconf 88' lang='lat' dir='ltr'><strong>nobis</strong></span> <span class='ocrx_word' id='word_1_428' title='bbox 2488 2597 2920 2667; x_wconf 85' lang='lat' dir='ltr'><strong>explorantibus,</strong></span> <span class='ocrx_word' id='word_1_429' title='bbox 2946 2612 3011 2654; x_wconf 86' lang='lat' dir='ltr'><strong>ac</strong></span> <span class='ocrx_word' id='word_1_430' title='bbox 3032 2597 3480 2668; x_wconf 86' lang='lat' dir='ltr'><strong>dispensantibus</strong></span> 
     </span>
    </p>
   </div>
   <div class='ocr_carea' id='block_1_58' title="bbox 1892 2688 3480 2747">
    <p class='ocr_par' dir='ltr' id='par_1_58' title="bbox 1892 2688 3480 2747">
     <span class='ocr_line' id='line_1_58' title="bbox 1892 2688 3480 2747; baseline -0.003 0"><span class='ocrx_word' id='word_1_431' title='bbox 1892 2693 2118 2747; x_wconf 80' lang='lat' dir='ltr'><strong>verbum</strong></span> <span class='ocrx_word' id='word_1_432' title='bbox 2161 2690 2427 2746; x_wconf 84' lang='lat' dir='ltr'><strong>veritatis.</strong></span> <span class='ocrx_word' id='word_1_433' title='bbox 2459 2689 2657 2744; x_wconf 88' lang='lat' dir='ltr'><strong>Annon</strong></span> <span class='ocrx_word' id='word_1_434' title='bbox 2686 2689 2830 2744; x_wconf 89' lang='lat' dir='ltr'><strong>enim</strong></span> <span class='ocrx_word' id='word_1_435' title='bbox 2871 2703 2976 2744; x_wconf 90' lang='lat' dir='ltr'><strong>nec</strong></span> <span class='ocrx_word' id='word_1_436' title='bbox 3010 2688 3142 2743; x_wconf 86' lang='lat' dir='ltr'><strong>dare</strong></span> <span class='ocrx_word' id='word_1_437' title='bbox 3172 2698 3359 2743; x_wconf 85' lang='lat' dir='ltr'><strong>sancta</strong></span> <span class='ocrx_word' id='word_1_438' title='bbox 3389 2703 3480 2742; x_wconf 87' lang='lat' dir='ltr'><strong>ca-</strong></span> 
     </span>
    </p>
   </div>
   <div class='ocr_carea' id='block_1_59' title="bbox 1891 2780 3478 2854">
    <p class='ocr_par' dir='ltr' id='par_1_59' title="bbox 1891 2780 3478 2854">
     <span class='ocr_line' id='line_1_59' title="bbox 1891 2780 3478 2854; baseline -0.002 -14"><span class='ocrx_word' id='word_1_439' title='bbox 1891 2786 2074 2848; x_wconf 86' lang='lat' dir='ltr'><strong>nibus,</strong></span> <span class='ocrx_word' id='word_1_440' title='bbox 2117 2799 2220 2839; x_wconf 91' lang='lat' dir='ltr'><strong>nec</strong></span> <span class='ocrx_word' id='word_1_441' title='bbox 2259 2784 2478 2838; x_wconf 87' lang='lat' dir='ltr'><strong>mittere</strong></span> <span class='ocrx_word' id='word_1_442' title='bbox 2530 2781 2854 2854; x_wconf 80' lang='lat' dir='ltr'><strong>margaritas</strong></span> <span class='ocrx_word' id='word_1_443' title='bbox 2900 2789 3028 2836; x_wconf 88' lang='lat' dir='ltr'><strong>ante</strong></span> <span class='ocrx_word' id='word_1_444' title='bbox 3082 2796 3279 2851; x_wconf 79' lang='lat' dir='ltr'><strong>porcos</strong></span> <span class='ocrx_word' id='word_1_445' title='bbox 3311 2780 3478 2850; x_wconf 84' lang='lat' dir='ltr'><strong>jube-</strong></span> 
     </span>
    </p>
   </div>
   <div class='ocr_carea' id='block_1_60' title="bbox 1893 2872 3479 2942">
    <p class='ocr_par' dir='ltr' id='par_1_60' title="bbox 1893 2872 3479 2942">
     <span class='ocr_line' id='line_1_60' title="bbox 1893 2872 3479 2942; baseline -0.003 -10"><span class='ocrx_word' id='word_1_446' title='bbox 1893 2893 2017 2932; x_wconf 89' lang='lat' dir='ltr'><strong>mnr</strong></span> <span class='ocrx_word' id='word_1_447' title='bbox 2052 2876 2140 2930; x_wconf 69' lang='grc'><strong>³⁸2</strong></span> <span class='ocrx_word' id='word_1_448' title='bbox 2172 2873 2404 2931; x_wconf 81' lang='lat' dir='ltr'><strong>Sanctus</strong></span> <span class='ocrx_word' id='word_1_449' title='bbox 2455 2875 2600 2929; x_wconf 87' lang='lat' dir='ltr'><strong>viros</strong></span> <span class='ocrx_word' id='word_1_450' title='bbox 2627 2874 2841 2928; x_wconf 88' lang='lat' dir='ltr'><strong>intuere</strong></span> <span class='ocrx_word' id='word_1_451' title='bbox 2867 2893 2880 2927; x_wconf 91' lang='lat'>:</span> <span class='ocrx_word' id='word_1_452' title='bbox 2910 2873 3008 2927; x_wconf 90' lang='lat' dir='ltr'><strong>hos</strong></span> <span class='ocrx_word' id='word_1_453' title='bbox 3033 2872 3282 2942; x_wconf 88' lang='lat' dir='ltr'><strong>profecto</strong></span> <span class='ocrx_word' id='word_1_454' title='bbox 3314 2873 3479 2928; x_wconf 88' lang='lat' dir='ltr'><strong>intel-</strong></span> 
     </span>
    </p>
   </div>
   <div class='ocr_carea' id='block_1_61' title="bbox 1891 2963 3476 3040">
    <p class='ocr_par' dir='ltr' id='par_1_61' title="bbox 1891 2963 3476 3040">
     <span class='ocr_line' id='line_1_61' title="bbox 1891 2963 3476 3040; baseline -0.001 -18"><span class='ocrx_word' id='word_1_455' title='bbox 1891 2966 2030 3040; x_wconf 82' lang='lat' dir='ltr'><strong>liges</strong></span> <span class='ocrx_word' id='word_1_456' title='bbox 2079 2981 2228 3021; x_wconf 90' lang='lat' dir='ltr'><strong>nunc</strong></span> <span class='ocrx_word' id='word_1_457' title='bbox 2280 2964 2499 3036; x_wconf 86' lang='lat' dir='ltr'><strong>quidem</strong></span> <span class='ocrx_word' id='word_1_458' title='bbox 2552 2963 2655 3019; x_wconf 88' lang='lat' dir='ltr'><strong>sub</strong></span> <span class='ocrx_word' id='word_1_459' title='bbox 2687 2963 2888 3019; x_wconf 90' lang='lat' dir='ltr'><strong>silentii</strong></span> <span class='ocrx_word' id='word_1_460' title='bbox 2919 2963 3100 3018; x_wconf 89' lang='lat' dir='ltr'><strong>modio</strong></span> <span class='ocrx_word' id='word_1_461' title='bbox 3163 2963 3476 3021; x_wconf 83' lang='lat' dir='ltr'><strong>sermonem</strong></span> 
     </span>
    </p>
   </div>
   <div class='ocr_carea' id='block_1_62' title="bbox 1894 3055 3478 3132">
    <p class='ocr_par' dir='ltr' id='par_1_62' title="bbox 1894 3055 3478 3132">
     <span class='ocr_line' id='line_1_62' title="bbox 1894 3055 3478 3132; baseline -0.003 -17"><span class='ocrx_word' id='word_1_462' title='bbox 1894 3074 2120 3132; x_wconf 87' lang='lat' dir='ltr'><strong>ponere,</strong></span> <span class='ocrx_word' id='word_1_463' title='bbox 2171 3073 2295 3114; x_wconf 92' lang='lat' dir='ltr'><strong>cum</strong></span> <span class='ocrx_word' id='word_1_464' title='bbox 2327 3057 2472 3127; x_wconf 90' lang='lat' dir='ltr'><strong>loqui</strong></span> <span class='ocrx_word' id='word_1_465' title='bbox 2509 3070 2911 3126; x_wconf 86' lang='lat' dir='ltr'><strong>supervacuum</strong></span> <span class='ocrx_word' id='word_1_466' title='bbox 2943 3063 3048 3120; x_wconf 88' lang='lat' dir='ltr'><strong>est,</strong></span> <span class='ocrx_word' id='word_1_467' title='bbox 3100 3055 3214 3110; x_wconf 89' lang='lat' dir='ltr'><strong>imo</strong></span> <span class='ocrx_word' id='word_1_468' title='bbox 3235 3065 3291 3111; x_wconf 90' lang='lat' dir='ltr'><strong>et</strong></span> <span class='ocrx_word' id='word_1_469' title='bbox 3322 3057 3478 3112; x_wconf 88' lang='lat' dir='ltr'><strong>dam-</strong></span> 
     </span>
    </p>
   </div>
   <div class='ocr_carea' id='block_1_63' title="bbox 1895 3145 3477 3217">
    <p class='ocr_par' dir='ltr' id='par_1_63' title="bbox 1895 3145 3477 3217">
     <span class='ocr_line' id='line_1_63' title="bbox 1895 3145 3477 3217; baseline -0.001 -11"><span class='ocrx_word' id='word_1_470' title='bbox 1895 3167 2128 3208; x_wconf 86' lang='lat' dir='ltr'><strong>nosum:</strong></span> <span class='ocrx_word' id='word_1_471' title='bbox 2161 3163 2311 3204; x_wconf 89' lang='lat' dir='ltr'><strong>nunc</strong></span> <span class='ocrx_word' id='word_1_472' title='bbox 2369 3163 2510 3203; x_wconf 89' lang='lat' dir='ltr'><strong>vero</strong></span> <span class='ocrx_word' id='word_1_473' title='bbox 2555 3161 2723 3217; x_wconf 88' lang='lat' dir='ltr'><strong>super</strong></span> <span class='ocrx_word' id='word_1_474' title='bbox 2763 3145 3153 3202; x_wconf 85' lang='lat' dir='ltr'><strong>candelabrum</strong></span> <span class='ocrx_word' id='word_1_475' title='bbox 3205 3149 3477 3210; x_wconf 86' lang='lat' dir='ltr'><strong>attollere,</strong></span> 
     </span>
    </p>
   </div>
   <div class='ocr_carea' id='block_1_64' title="bbox 1895 3239 3477 3315">
    <p class='ocr_par' dir='ltr' id='par_1_64' title="bbox 1895 3239 3477 3315">
     <span class='ocr_line' id='line_1_64' title="bbox 1895 3239 3477 3315; baseline -0.003 -14"><span class='ocrx_word' id='word_1_476' title='bbox 1895 3261 2020 3302; x_wconf 92' lang='lat' dir='ltr'><strong>cum</strong></span> <span class='ocrx_word' id='word_1_477' title='bbox 2053 3258 2204 3315; x_wconf 89' lang='lat' dir='ltr'><strong>spem</strong></span> <span class='ocrx_word' id='word_1_478' title='bbox 2235 3251 2533 3313; x_wconf 86' lang='lat' dir='ltr'><strong>proventus</strong></span> <span class='ocrx_word' id='word_1_479' title='bbox 2571 3240 2833 3296; x_wconf 89' lang='lat' dir='ltr'><strong>sementis</strong></span> <span class='ocrx_word' id='word_1_480' title='bbox 2862 3239 3048 3305; x_wconf 82' lang='lat' dir='ltr'><strong>habet,</strong></span> <span class='ocrx_word' id='word_1_481' title='bbox 3083 3255 3186 3296; x_wconf 90' lang='lat' dir='ltr'><strong>nec</strong></span> <span class='ocrx_word' id='word_1_482' title='bbox 3237 3242 3477 3312; x_wconf 83' lang='lat' dir='ltr'><strong>lapidosa</strong></span> 
     </span>
    </p>
   </div>
   <div class='ocr_carea' id='block_1_65' title="bbox 203 3311 1816 3420">
    <p class='ocr_par' dir='ltr' id='par_1_65' title="bbox 203 3311 1795 3420">
     <span class='ocr_line' id='line_1_65' title="bbox 203 3311 1795 3420; baseline 0.019 -59"><span class='ocrx_word' id='word_1_483' title='bbox 203 3311 361 3420; x_wconf 38' lang='lat' dir='ltr'><strong>cur?</strong></span> <span class='ocrx_word' id='word_1_484' title='bbox 393 3317 680 3420; x_wconf 70' lang='grc' dir='ltr'>προτάσει.</span> <span class='ocrx_word' id='word_1_485' title='bbox 718 3318 1081 3392; x_wconf 79' lang='grc' dir='ltr'>Ἐξευρίσκων</span> <span class='ocrx_word' id='word_1_486' title='bbox 1110 3327 1167 3380; x_wconf 77' lang='grc' dir='ltr'>δὲ</span> <span class='ocrx_word' id='word_1_487' title='bbox 1200 3330 1351 3401; x_wconf 87' lang='grc' dir='ltr'><strong>παρά</strong></span> <span class='ocrx_word' id='word_1_488' title='bbox 1382 3335 1667 3407; x_wconf 80' lang='grc' dir='ltr'>σεαυτοῦῆ</span> <span class='ocrx_word' id='word_1_489' title='bbox 1701 3340 1795 3394; x_wconf 79' lang='grc' dir='ltr'><strong>καὶ</strong></span> 
     </span>
    </p>
   </div>
   <div class='ocr_carea' id='block_1_66' title="bbox 1891 3311 3479 3420">
    <p class='ocr_par' dir='ltr' id='par_1_66' title="bbox 1899 3311 3479 3404">
     <span class='ocr_line' id='line_1_66' title="bbox 1899 3311 3479 3404; baseline -0.004 -10"><span class='ocrx_word' id='word_1_490' title='bbox 1899 3347 2006 3394; x_wconf 88' lang='lat' dir='ltr'><strong>est.</strong></span> <span class='ocrx_word' id='word_1_491' title='bbox 2044 3311 2170 3392; x_wconf 27' lang='lat' dir='ltr'><strong>Hicce</strong></span> <span class='ocrx_word' id='word_1_492' title='bbox 2209 3311 2338 3390; x_wconf 77' lang='lat' dir='ltr'><strong>sunt</strong></span> <span class='ocrx_word' id='word_1_493' title='bbox 2362 3350 2484 3404; x_wconf 73' lang='lat' dir='ltr'><strong>qua:</strong></span> <span class='ocrx_word' id='word_1_494' title='bbox 2513 3333 2570 3388; x_wconf 92' lang='lat' dir='ltr'><strong>in</strong></span> <span class='ocrx_word' id='word_1_495' title='bbox 2607 3333 2890 3404; x_wconf 90' lang='lat' dir='ltr'><strong>proposita</strong></span> <span class='ocrx_word' id='word_1_496' title='bbox 2923 3333 3223 3403; x_wconf 67' lang='lat' dir='ltr'><strong>quaestione</strong></span> <span class='ocrx_word' id='word_1_497' title='bbox 3265 3311 3479 3388; x_wconf 84' lang='lat' dir='ltr'><strong>animus</strong></span> 
     </span>
    </p>
   </div>
   <div class='ocr_carea' id='block_1_67' title="bbox 205 3401 1785 3496">
    <p class='ocr_par' dir='ltr' id='par_1_67' title="bbox 205 3401 1785 3496">
     <span class='ocr_line' id='line_1_67' title="bbox 205 3401 1785 3496; baseline 0.02 -42"><span class='ocrx_word' id='word_1_498' title='bbox 205 3401 296 3496; x_wconf 50' lang='grc' dir='ltr'><strong>ον’</strong></span> <span class='ocrx_word' id='word_1_499' title='bbox 310 3402 530 3496; x_wconf 64' lang='grc' dir='ltr'><strong>Δἐτέρων</strong></span> <span class='ocrx_word' id='word_1_500' title='bbox 544 3408 610 3461; x_wconf 82' lang='grc' dir='ltr'><strong>τά</strong></span> <span class='ocrx_word' id='word_1_501' title='bbox 624 3408 990 3484; x_wconf 68' lang='grc' dir='ltr'>δοκιμώτερα·</span> <span class='ocrx_word' id='word_1_502' title='bbox 1018 3415 1094 3488; x_wconf 79' lang='grc' dir='ltr'>μὴ</span> <span class='ocrx_word' id='word_1_503' title='bbox 1112 3419 1439 3494; x_wconf 73' lang='grc' dir='ltr'>φθονήσειας</span> <span class='ocrx_word' id='word_1_504' title='bbox 1459 3401 1785 3496; x_wconf 62' lang='grc' dir='ltr'>μεταδοιῖναι</span> 
     </span>
    </p>
   </div>
   <div class='ocr_carea' id='block_1_68' title="bbox 205 3493 1794 3593">
    <p class='ocr_par' dir='ltr' id='par_1_68' title="bbox 205 3493 1794 3593">
     <span class='ocr_line' id='line_1_68' title="bbox 205 3493 1794 3593; baseline 0.024 -50"><span class='ocrx_word' id='word_1_505' title='bbox 205 3493 335 3593; x_wconf 48' lang='lat' dir='ltr'><strong>spot</strong></span> <span class='ocrx_word' id='word_1_506' title='bbox 361 3496 438 3566; x_wconf 84' lang='grc' dir='ltr'>τῷ</span> <span class='ocrx_word' id='word_1_507' title='bbox 468 3495 546 3569; x_wconf 80' lang='grc' dir='ltr'><strong>σῷ</strong></span> <span class='ocrx_word' id='word_1_508' title='bbox 562 3501 732 3593; x_wconf 66' lang='grc' dir='ltr'>πατρὶ</span> <span class='ocrx_word' id='word_1_509' title='bbox 767 3503 864 3558; x_wconf 75' lang='grc' dir='ltr'><strong>καὶ</strong></span> <span class='ocrx_word' id='word_1_510' title='bbox 892 3505 1128 3580; x_wconf 82' lang='grc' dir='ltr'>ἀδελφῷ,</span> <span class='ocrx_word' id='word_1_511' title='bbox 1160 3511 1333 3567; x_wconf 76' lang='grc' dir='ltr'>ἐνδεεῖ</span> <span class='ocrx_word' id='word_1_512' title='bbox 1358 3493 1471 3571; x_wconf 81' lang='grc' dir='ltr'><strong>τῶν</strong></span> <span class='ocrx_word' id='word_1_513' title='bbox 1501 3523 1794 3593; x_wconf 83' lang='grc' dir='ltr'>νοημάτων</span> 
     </span>
    </p>
   </div>
   <div class='ocr_carea' id='block_1_69' title="bbox 207 3585 1794 3683">
    <p class='ocr_par' dir='ltr' id='par_1_69' title="bbox 207 3585 1794 3683">
     <span class='ocr_line' id='line_1_69' title="bbox 207 3585 1794 3683; baseline 0.02 -46"><span class='ocrx_word' id='word_1_514' title='bbox 207 3585 538 3658; x_wconf 76' lang='grc' dir='ltr'>ὑπάρχοντι.</span> <span class='ocrx_word' id='word_1_515' title='bbox 579 3591 857 3663; x_wconf 80' lang='grc' dir='ltr'>Ἐρῤωσο,</span> <span class='ocrx_word' id='word_1_516' title='bbox 911 3597 1144 3655; x_wconf 83' lang='grc' dir='ltr'>πλεῖστά</span> <span class='ocrx_word' id='word_1_517' title='bbox 1205 3620 1299 3674; x_wconf 83' lang='grc' dir='ltr'>μοι</span> <span class='ocrx_word' id='word_1_518' title='bbox 1332 3585 1794 3683; x_wconf 70' lang='grc' dir='ltr'>προσευχόμενος.</span> 
     </span>
    </p>
   </div>
   <div class='ocr_carea' id='block_1_70' title="bbox 206 3865 1784 3968">
    <p class='ocr_par' dir='ltr' id='par_1_70' title="bbox 206 3865 1784 3968">
     <span class='ocr_line' id='line_1_70' title="bbox 206 3865 1784 3968; baseline 0.023 -49"><span class='ocrx_word' id='word_1_519' title='bbox 206 3865 287 3920; x_wconf 82' lang='lat' dir='ltr'><strong>H’.</strong></span> <span class='ocrx_word' id='word_1_520' title='bbox 314 3897 387 3909; x_wconf 84' lang='lat'><strong>--</strong></span> <span class='ocrx_word' id='word_1_521' title='bbox 409 3871 707 3968; x_wconf 57' lang='grc' dir='ltr'>Θεόδωρος</span> <span class='ocrx_word' id='word_1_522' title='bbox 727 3876 954 3968; x_wconf 68' lang='grc' dir='ltr'>πάσαις</span> <span class='ocrx_word' id='word_1_523' title='bbox 1003 3882 1134 3953; x_wconf 78' lang='grc' dir='ltr'>ταῖς</span> <span class='ocrx_word' id='word_1_524' title='bbox 1185 3888 1598 3963; x_wconf 69' lang='grc' dir='ltr'>ἀδελφότησιν</span> <span class='ocrx_word' id='word_1_525' title='bbox 1649 3899 1784 3968; x_wconf 81' lang='grc' dir='ltr'><strong>ἤτοι</strong></span> 
     </span>
    </p>
   </div>
   <div class='ocr_carea' id='block_1_71' title="bbox 271 3960 1784 4053">
    <p class='ocr_par' dir='ltr' id='par_1_71' title="bbox 271 3960 1784 4053">
     <span class='ocr_line' id='line_1_71' title="bbox 271 3960 1784 4053; baseline 0.022 -41"><span class='ocrx_word' id='word_1_526' title='bbox 271 3960 596 4030; x_wconf 78' lang='grc' dir='ltr'>συνοδίαις</span> <span class='ocrx_word' id='word_1_527' title='bbox 647 3965 781 4035; x_wconf 78' lang='grc' dir='ltr'>ταῖς</span> <span class='ocrx_word' id='word_1_528' title='bbox 835 3977 1152 4043; x_wconf 77' lang='grc' dir='ltr'>πανταχοῦ</span> <span class='ocrx_word' id='word_1_529' title='bbox 1197 3977 1296 4035; x_wconf 83' lang='grc' dir='ltr'><strong>διὰ</strong></span> <span class='ocrx_word' id='word_1_530' title='bbox 1339 3960 1612 4053; x_wconf 16' lang='grc' dir='ltr'>ήΧριο-τόν</span> <span class='ocrx_word' id='word_1_531' title='bbox 1665 3960 1784 4044; x_wconf 66' lang='grc' dir='ltr'>διες</span> 
     </span>
    </p>
   </div>
   <div class='ocr_carea' id='block_1_72' title="bbox 271 4057 1779 4152">
    <p class='ocr_par' dir='ltr' id='par_1_72' title="bbox 271 4057 1779 4152">
     <span class='ocr_line' id='line_1_72' title="bbox 271 4057 1779 4152; baseline 0.02 -46"><span class='ocrx_word' id='word_1_532' title='bbox 271 4057 676 4125; x_wconf 79' lang='grc' dir='ltr'>σπαρμέναις.</span> <span class='ocrx_word' id='word_1_533' title='bbox 713 4061 836 4116; x_wconf 80' lang='grc' dir='ltr'>σὺν</span> <span class='ocrx_word' id='word_1_534' title='bbox 856 4064 980 4132; x_wconf 83' lang='grc' dir='ltr'>τοῖς</span> <span class='ocrx_word' id='word_1_535' title='bbox 1003 4067 1073 4121; x_wconf 82' lang='grc' dir='ltr'>ἐν</span> <span class='ocrx_word' id='word_1_536' title='bbox 1109 4075 1415 4142; x_wconf 73' lang='grc' dir='ltr'>φυλακαῖς</span> <span class='ocrx_word' id='word_1_537' title='bbox 1457 4095 1521 4152; x_wconf 76' lang='grc' dir='ltr'><strong>τε</strong></span> <span class='ocrx_word' id='word_1_538' title='bbox 1550 4081 1648 4133; x_wconf 81' lang='grc' dir='ltr'><strong>καὶ</strong></span> <span class='ocrx_word' id='word_1_539' title='bbox 1679 4083 1779 4147; x_wconf 65' lang='lat' dir='ltr'><strong>e6-</strong></span> 
     </span>
    </p>
   </div>
   <div class='ocr_carea' id='block_1_73' title="bbox 271 4145 1684 4244">
    <p class='ocr_par' dir='ltr' id='par_1_73' title="bbox 271 4145 1684 4244">
     <span class='ocr_line' id='line_1_73' title="bbox 271 4145 1684 4244; baseline 0.023 -49"><span class='ocrx_word' id='word_1_540' title='bbox 271 4145 464 4212; x_wconf 82' lang='grc' dir='ltr'>ορίαις</span> <span class='ocrx_word' id='word_1_541' title='bbox 491 4152 935 4224; x_wconf 81' lang='grc' dir='ltr'>κρατουμένοις,</span> <span class='ocrx_word' id='word_1_542' title='bbox 955 4158 1025 4212; x_wconf 78' lang='grc' dir='ltr'><strong>ἐν</strong></span> <span class='ocrx_word' id='word_1_543' title='bbox 1042 4163 1240 4230; x_wconf 83' lang='grc' dir='ltr'>Κυρίῳ</span> <span class='ocrx_word' id='word_1_544' title='bbox 1252 4146 1504 4236; x_wconf 54' lang='grc' dir='ltr'>χαίρειολ.</span> <span class='ocrx_word' id='word_1_545' title='bbox 1535 4168 1684 4244; x_wconf 83' lang='grc' dir='ltr'>[ρν’.]</span> 
     </span>
    </p>
   </div>
   <div class='ocr_carea' id='block_1_74' title="bbox 1892 3422 3479 3494">
    <p class='ocr_par' dir='ltr' id='par_1_74' title="bbox 1892 3422 3479 3494">
     <span class='ocr_line' id='line_1_74' title="bbox 1892 3422 3479 3494; baseline -0.006 -6"><span class='ocrx_word' id='word_1_546' title='bbox 1892 3434 2152 3488; x_wconf 87' lang='lat' dir='ltr'><strong>intuetur.</strong></span> <span class='ocrx_word' id='word_1_547' title='bbox 2186 3423 2244 3480; x_wconf 92' lang='lat' dir='ltr'><strong>Si</strong></span> <span class='ocrx_word' id='word_1_548' title='bbox 2277 3423 2360 3478; x_wconf 89' lang='lat' dir='ltr'><strong>vel</strong></span> <span class='ocrx_word' id='word_1_549' title='bbox 2393 3438 2490 3492; x_wconf 88' lang='lat' dir='ltr'><strong>per</strong></span> <span class='ocrx_word' id='word_1_550' title='bbox 2522 3423 2737 3493; x_wconf 89' lang='lat' dir='ltr'><strong>teipse,</strong></span> <span class='ocrx_word' id='word_1_551' title='bbox 2767 3422 2852 3477; x_wconf 89' lang='lat' dir='ltr'><strong>vel</strong></span> <span class='ocrx_word' id='word_1_552' title='bbox 2906 3422 3136 3478; x_wconf 90' lang='lat' dir='ltr'><strong>aliorum</strong></span> <span class='ocrx_word' id='word_1_553' title='bbox 3182 3439 3286 3494; x_wconf 84' lang='lat' dir='ltr'><strong>ope</strong></span> <span class='ocrx_word' id='word_1_554' title='bbox 3330 3439 3479 3480; x_wconf 82' lang='lat' dir='ltr'><strong>com-</strong></span> 
     </span>
    </p>
   </div>
   <div class='ocr_carea' id='block_1_75' title="bbox 1895 3509 3480 3592">
    <p class='ocr_par' dir='ltr' id='par_1_75' title="bbox 1895 3509 3480 3592">
     <span class='ocr_line' id='line_1_75' title="bbox 1895 3509 3480 3592; baseline -0.006 -16"><span class='ocrx_word' id='word_1_555' title='bbox 1895 3517 2102 3592; x_wconf 88' lang='lat' dir='ltr'><strong>pereris</strong></span> <span class='ocrx_word' id='word_1_556' title='bbox 2127 3529 2248 3586; x_wconf 64' lang='lat' dir='ltr'><strong>qua!</strong></span> <span class='ocrx_word' id='word_1_557' title='bbox 2273 3512 2446 3583; x_wconf 89' lang='lat' dir='ltr'><strong>magis</strong></span> <span class='ocrx_word' id='word_1_558' title='bbox 2475 3509 2796 3580; x_wconf 82' lang='lat' dir='ltr'><strong>probentur,</strong></span> <span class='ocrx_word' id='word_1_559' title='bbox 2823 3509 2909 3566; x_wconf 90' lang='lat' dir='ltr'><strong>fac</strong></span> <span class='ocrx_word' id='word_1_560' title='bbox 2948 3527 3036 3568; x_wconf 88' lang='lat' dir='ltr'><strong>me</strong></span> <span class='ocrx_word' id='word_1_561' title='bbox 3066 3513 3384 3584; x_wconf 77' lang='lat' dir='ltr'><strong>participem</strong></span> <span class='ocrx_word' id='word_1_562' title='bbox 3411 3515 3480 3568; x_wconf 85' lang='lat' dir='ltr'><strong>li-</strong></span> 
     </span>
    </p>
   </div>
   <div class='ocr_carea' id='block_1_76' title="bbox 1893 3599 3475 3676">
    <p class='ocr_par' dir='ltr' id='par_1_76' title="bbox 1893 3599 3475 3676">
     <span class='ocr_line' id='line_1_76' title="bbox 1893 3599 3475 3676; baseline -0.004 -13"><span class='ocrx_word' id='word_1_563' title='bbox 1893 3609 2050 3674; x_wconf 89' lang='lat' dir='ltr'><strong>bens,</strong></span> <span class='ocrx_word' id='word_1_564' title='bbox 2097 3613 2304 3676; x_wconf 86' lang='lat' dir='ltr'><strong>patrem</strong></span> <span class='ocrx_word' id='word_1_565' title='bbox 2360 3599 2635 3665; x_wconf 87' lang='lat' dir='ltr'><strong>videlicet,</strong></span> <span class='ocrx_word' id='word_1_566' title='bbox 2666 3599 3002 3672; x_wconf 80' lang='lat' dir='ltr'><strong>fratremque</strong></span> <span class='ocrx_word' id='word_1_567' title='bbox 3043 3609 3197 3656; x_wconf 89' lang='lat' dir='ltr'><strong>tuum</strong></span> <span class='ocrx_word' id='word_1_568' title='bbox 3219 3643 3233 3666; x_wconf 95' lang='lat'><strong>,</strong></span> <span class='ocrx_word' id='word_1_569' title='bbox 3265 3604 3475 3657; x_wconf 80' lang='lat' dir='ltr'><strong>c-msilii</strong></span> 
     </span>
    </p>
   </div>
   <div class='ocr_carea' id='block_1_77' title="bbox 1893 3689 3477 3766">
    <p class='ocr_par' dir='ltr' id='par_1_77' title="bbox 1893 3689 3477 3766">
     <span class='ocr_line' id='line_1_77' title="bbox 1893 3689 3477 3766; baseline -0.001 -16"><span class='ocrx_word' id='word_1_570' title='bbox 1893 3697 1946 3750; x_wconf 93' lang='lat' dir='ltr'><strong>in</strong></span> <span class='ocrx_word' id='word_1_571' title='bbox 1993 3695 2188 3766; x_wconf 89' lang='lat' dir='ltr'><strong>primis</strong></span> <span class='ocrx_word' id='word_1_572' title='bbox 2245 3699 2525 3764; x_wconf 76' lang='lat' dir='ltr'><strong>egentem.</strong></span> <span class='ocrx_word' id='word_1_573' title='bbox 2575 3689 2728 3757; x_wconf 84' lang='lat' dir='ltr'><strong>Vale,</strong></span> <span class='ocrx_word' id='word_1_574' title='bbox 2782 3707 2848 3746; x_wconf 90' lang='lat' dir='ltr'><strong>ac</strong></span> <span class='ocrx_word' id='word_1_575' title='bbox 2909 3692 3202 3762; x_wconf 89' lang='lat' dir='ltr'><strong>plurimum</strong></span> <span class='ocrx_word' id='word_1_576' title='bbox 3235 3707 3336 3764; x_wconf 88' lang='lat' dir='ltr'><strong>pro</strong></span> <span class='ocrx_word' id='word_1_577' title='bbox 3392 3709 3477 3748; x_wconf 88' lang='lat' dir='ltr'><strong>me</strong></span> 
     </span>
    </p>
   </div>
   <div class='ocr_carea' id='block_1_78' title="bbox 1935 3801 2145 3841">
    <p class='ocr_par' dir='ltr' id='par_1_78' title="bbox 1935 3801 2145 3841">
     <span class='ocr_line' id='line_1_78' title="bbox 1935 3801 2145 3841; baseline -0.01 -1"><span class='ocrx_word' id='word_1_578' title='bbox 1935 3801 2145 3841; x_wconf 81' lang='lat' dir='ltr'><strong>recare.</strong></span> 
     </span>
    </p>
   </div>
   <div class='ocr_carea' id='block_1_79' title="bbox 1894 3803 3476 3968">
    <p class='ocr_par' dir='ltr' id='par_1_79' title="bbox 1894 3803 3476 3968">
     <span class='ocr_line' id='line_1_79' title="bbox 1935 3803 2145 3841; baseline -0.01 -1"><span class='ocrx_word' id='word_1_579' title='bbox 1935 3803 2145 3841; x_wconf 81' lang='lat' dir='ltr'><strong>recare.</strong></span> 
     </span>
     <span class='ocr_line' id='line_1_80' title="bbox 1894 3803 3476 3968; baseline -0.001 -12"><span class='ocrx_word' id='word_1_580' title='bbox 1894 3803 2027 3958; x_wconf 55' lang='lat' dir='ltr'><strong>liii&quot;.</strong></span> <span class='ocrx_word' id='word_1_581' title='bbox 2062 3931 2130 3942; x_wconf 96' lang='lat'><strong>—</strong></span> <span class='ocrx_word' id='word_1_582' title='bbox 2163 3899 2456 3954; x_wconf 85' lang='lat' dir='ltr'><strong>Theodorus</strong></span> <span class='ocrx_word' id='word_1_583' title='bbox 2482 3898 2721 3952; x_wconf 84' lang='lat' dir='ltr'><strong>omnibus</strong></span> <span class='ocrx_word' id='word_1_584' title='bbox 2768 3897 2954 3968; x_wconf 79' lang='lat' dir='ltr'><strong>ubique</strong></span> <span class='ocrx_word' id='word_1_585' title='bbox 2974 3907 3185 3967; x_wconf 82' lang='lat' dir='ltr'><strong>propter</strong></span> <span class='ocrx_word' id='word_1_586' title='bbox 3212 3897 3476 3955; x_wconf 81' lang='lat' dir='ltr'><strong>Christum</strong></span> 
     </span>
    </p>
   </div>
   <div class='ocr_carea' id='block_1_80' title="bbox 1957 3987 3476 4062">
    <p class='ocr_par' dir='ltr' id='par_1_80' title="bbox 1957 3987 3476 4062">
     <span class='ocr_line' id='line_1_81' title="bbox 1957 3987 3476 4062; baseline 0.001 -16"><span class='ocrx_word' id='word_1_587' title='bbox 1957 3991 2206 4062; x_wconf 72' lang='lat' dir='ltr'><strong>dispersis</strong></span> <span class='ocrx_word' id='word_1_588' title='bbox 2221 3990 2496 4062; x_wconf 80' lang='lat' dir='ltr'><strong>fratribus,</strong></span> <span class='ocrx_word' id='word_1_589' title='bbox 2515 3999 2564 4043; x_wconf 87' lang='lat' dir='ltr'><strong>et</strong></span> <span class='ocrx_word' id='word_1_590' title='bbox 2583 3988 2649 4042; x_wconf 86' lang='lat' dir='ltr'><strong>iis</strong></span> <span class='ocrx_word' id='word_1_591' title='bbox 2675 3987 2766 4059; x_wconf 85' lang='lat' dir='ltr'><strong>qui</strong></span> <span class='ocrx_word' id='word_1_592' title='bbox 2800 3987 2856 4041; x_wconf 85' lang='lat' dir='ltr'><strong>in</strong></span> <span class='ocrx_word' id='word_1_593' title='bbox 2879 3991 3170 4045; x_wconf 80' lang='lat' dir='ltr'><strong>carceribus</strong></span> <span class='ocrx_word' id='word_1_594' title='bbox 3194 4001 3244 4044; x_wconf 88' lang='lat' dir='ltr'><strong>et</strong></span> <span class='ocrx_word' id='word_1_595' title='bbox 3275 3993 3476 4049; x_wconf 68' lang='lat' dir='ltr'><strong>exsiliis</strong></span> 
     </span>
    </p>
   </div>
   <div class='ocr_carea' id='block_1_81' title="bbox 1957 4081 2961 4150">
    <p class='ocr_par' dir='ltr' id='par_1_81' title="bbox 1957 4081 2961 4150">
     <span class='ocr_line' id='line_1_82' title="bbox 1957 4081 2961 4150; baseline -0.004 -11"><span class='ocrx_word' id='word_1_596' title='bbox 1957 4086 2274 4150; x_wconf 85' lang='lat' dir='ltr'><strong>detinentur,</strong></span> <span class='ocrx_word' id='word_1_597' title='bbox 2298 4085 2356 4138; x_wconf 84' lang='lat' dir='ltr'><strong>in</strong></span> <span class='ocrx_word' id='word_1_598' title='bbox 2379 4082 2604 4138; x_wconf 87' lang='lat' dir='ltr'><strong>Domino</strong></span> <span class='ocrx_word' id='word_1_599' title='bbox 2635 4081 2862 4136; x_wconf 79' lang='lat' dir='ltr'><strong>salutem</strong></span> <span class='ocrx_word' id='word_1_600' title='bbox 2893 4081 2961 4135; x_wconf 79' lang='lat'><strong>&#39;°.</strong></span> 
     </span>
    </p>
   </div>
   <div class='ocr_carea' id='block_1_82' title="bbox 1122 4273 2724 4348">
    <p class='ocr_par' dir='ltr' id='par_1_82' title="bbox 1122 4273 2724 4348">
     <span class='ocr_line' id='line_1_83' title="bbox 1122 4273 2724 4348; baseline 0.001 -23"><span class='ocrx_word' id='word_1_601' title='bbox 1122 4273 1412 4338; x_wconf 78' lang='lat' dir='ltr'><strong>Dogmatica</strong></span> <span class='ocrx_word' id='word_1_602' title='bbox 1435 4280 1499 4330; x_wconf 90' lang='lat' dir='ltr'><strong>de</strong></span> <span class='ocrx_word' id='word_1_603' title='bbox 1520 4282 1707 4334; x_wconf 83' lang='lat' dir='ltr'><strong>sanctis</strong></span> <span class='ocrx_word' id='word_1_604' title='bbox 1735 4280 2054 4348; x_wconf 78' lang='lat' dir='ltr'><strong>imaginibus.</strong></span> <span class='ocrx_word' id='word_1_605' title='bbox 2082 4279 2282 4337; x_wconf 88' lang='lat' dir='ltr'><strong>(Baron.</strong></span> <span class='ocrx_word' id='word_1_606' title='bbox 2305 4291 2389 4328; x_wconf 85' lang='lat' dir='ltr'><strong>an.</strong></span> <span class='ocrx_word' id='word_1_607' title='bbox 2409 4277 2523 4340; x_wconf 75' lang='lat' dir='ltr'><strong>8H,</strong></span> <span class='ocrx_word' id='word_1_608' title='bbox 2544 4291 2592 4328; x_wconf 93' lang='lat' dir='ltr'><strong>n.</strong></span> <span class='ocrx_word' id='word_1_609' title='bbox 2619 4278 2724 4342; x_wconf 73' lang='grc'><strong>45.)</strong></span> 
     </span>
    </p>
   </div>
   <div class='ocr_carea' id='block_1_83' title="bbox 270 4340 1780 4438">
    <p class='ocr_par' dir='ltr' id='par_1_83' title="bbox 270 4340 1780 4438">
     <span class='ocr_line' id='line_1_84' title="bbox 270 4340 1780 4438; baseline 0.021 -45"><span class='ocrx_word' id='word_1_610' title='bbox 270 4340 450 4438; x_wconf 62' lang='grc' dir='ltr'>Ὶςάρις</span> <span class='ocrx_word' id='word_1_611' title='bbox 470 4344 617 4438; x_wconf 55' lang='grc' dir='ltr'><strong>ιλιιῖν</strong></span> <span class='ocrx_word' id='word_1_612' title='bbox 673 4349 775 4406; x_wconf 75' lang='grc' dir='ltr'>καί</span> <span class='ocrx_word' id='word_1_613' title='bbox 838 4352 1070 4425; x_wconf 68' lang='grc' dir='ltr'>εἰρήνη,</span> <span class='ocrx_word' id='word_1_614' title='bbox 1125 4359 1503 4430; x_wconf 74' lang='grc' dir='ltr'>ἀποπολικῶς</span> <span class='ocrx_word' id='word_1_615' title='bbox 1555 4369 1734 4422; x_wconf 82' lang='grc' dir='ltr'>εἰπεῖν</span> <span class='ocrx_word' id='word_1_616' title='bbox 1762 4411 1780 4438; x_wconf 91' lang='grc'><strong>,</strong></span> 
     </span>
    </p>
   </div>
   <div class='ocr_carea' id='block_1_84' title="bbox 200 4429 1781 4531">
    <p class='ocr_par' dir='ltr' id='par_1_84' title="bbox 200 4429 1781 4531">
     <span class='ocr_line' id='line_1_85' title="bbox 200 4429 1781 4531; baseline 0.023 -48"><span class='ocrx_word' id='word_1_617' title='bbox 200 4429 499 4531; x_wconf 39' lang='lat' dir='ltr'><strong>auriﬁce—5</strong></span> <span class='ocrx_word' id='word_1_618' title='bbox 535 4439 767 4531; x_wconf 68' lang='grc' dir='ltr'>ῌιιτρὸς</span> <span class='ocrx_word' id='word_1_619' title='bbox 790 4441 962 4513; x_wconf 66' lang='grc' dir='ltr'><strong>ἡμῶν</strong></span> <span class='ocrx_word' id='word_1_620' title='bbox 1000 4448 1101 4502; x_wconf 78' lang='grc' dir='ltr'><strong>καὶ</strong></span> <span class='ocrx_word' id='word_1_621' title='bbox 1148 4452 1375 4521; x_wconf 83' lang='grc' dir='ltr'>Κυρίου</span> <span class='ocrx_word' id='word_1_622' title='bbox 1418 4457 1624 4528; x_wconf 81' lang='grc' dir='ltr'><strong>Ἰησοῦ</strong></span> <span class='ocrx_word' id='word_1_623' title='bbox 1644 4429 1781 4531; x_wconf 49' lang='grc' dir='ltr'><strong>Χριί</strong></span> 
     </span>
    </p>
   </div>
   <div class='ocr_carea' id='block_1_85' title="bbox 199 4524 1782 4613">
    <p class='ocr_par' dir='ltr' id='par_1_85' title="bbox 199 4524 1782 4613">
     <span class='ocr_line' id='line_1_86' title="bbox 199 4524 1782 4613; baseline 0.021 -37"><span class='ocrx_word' id='word_1_624' title='bbox 199 4524 377 4590; x_wconf 85' lang='grc' dir='ltr'>στοῦ,</span> <span class='ocrx_word' id='word_1_625' title='bbox 406 4529 508 4599; x_wconf 77' lang='grc' dir='ltr'><strong>τῆς</strong></span> <span class='ocrx_word' id='word_1_626' title='bbox 560 4529 777 4598; x_wconf 78' lang='grc' dir='ltr'>ἐλπίδος</span> <span class='ocrx_word' id='word_1_627' title='bbox 804 4536 964 4606; x_wconf 82' lang='grc' dir='ltr'>ήμῶν</span> <span class='ocrx_word' id='word_1_628' title='bbox 992 4553 1006 4570; x_wconf 78' lang='grc' dir='ltr'><strong><em>ο</em></strong></span> <span class='ocrx_word' id='word_1_629' title='bbox 1036 4540 1179 4613; x_wconf 78' lang='grc' dir='ltr'>ὑπὲρ</span> <span class='ocrx_word' id='word_1_630' title='bbox 1205 4539 1267 4600; x_wconf 75' lang='grc' dir='ltr'>οὗ</span> <span class='ocrx_word' id='word_1_631' title='bbox 1297 4548 1392 4602; x_wconf 79' lang='grc' dir='ltr'><strong>καὶ</strong></span> <span class='ocrx_word' id='word_1_632' title='bbox 1420 4524 1575 4605; x_wconf 55' lang='lat' dir='ltr'><strong>an.</strong></span> <span class='ocrx_word' id='word_1_633' title='bbox 1606 4553 1636 4605; x_wconf 84' lang='grc' dir='ltr'><strong>ό</strong></span> <span class='ocrx_word' id='word_1_634' title='bbox 1655 4524 1782 4608; x_wconf 76' lang='grc' dir='ltr'>δῐω.</span> 
     </span>
    </p>
   </div>
   <div class='ocr_carea' id='block_1_86' title="bbox 1958 4361 3477 4435">
    <p class='ocr_par' dir='ltr' id='par_1_86' title="bbox 1958 4361 3477 4435">
     <span class='ocr_line' id='line_1_87' title="bbox 1958 4361 3477 4435; baseline -0.004 -13"><span class='ocrx_word' id='word_1_635' title='bbox 1958 4365 2140 4422; x_wconf 83' lang='lat' dir='ltr'><strong>Gratia</strong></span> <span class='ocrx_word' id='word_1_636' title='bbox 2177 4365 2317 4420; x_wconf 73' lang='lat' dir='ltr'><strong>uobis</strong></span> <span class='ocrx_word' id='word_1_637' title='bbox 2345 4374 2394 4418; x_wconf 85' lang='lat' dir='ltr'><strong>et</strong></span> <span class='ocrx_word' id='word_1_638' title='bbox 2416 4381 2543 4433; x_wconf 66' lang='lat' dir='ltr'><strong>pax,</strong></span> <span class='ocrx_word' id='word_1_639' title='bbox 2568 4372 2631 4420; x_wconf 92' lang='lat' dir='ltr'><strong>ut</strong></span> <span class='ocrx_word' id='word_1_640' title='bbox 2657 4362 2901 4435; x_wconf 85' lang='lat' dir='ltr'><strong>Apostoli</strong></span> <span class='ocrx_word' id='word_1_641' title='bbox 2928 4361 3112 4418; x_wconf 90' lang='lat' dir='ltr'><strong>verbis</strong></span> <span class='ocrx_word' id='word_1_642' title='bbox 3136 4370 3282 4428; x_wconf 89' lang='lat' dir='ltr'><strong>utar,</strong></span> <span class='ocrx_word' id='word_1_643' title='bbox 3309 4380 3344 4418; x_wconf 88' lang='lat' dir='ltr'><strong>a</strong></span> <span class='ocrx_word' id='word_1_644' title='bbox 3367 4363 3477 4416; x_wconf 85' lang='lat' dir='ltr'><strong>Deo</strong></span> 
     </span>
    </p>
   </div>
   <div class='ocr_carea' id='block_1_87' title="bbox 1889 4453 3472 4534">
    <p class='ocr_par' dir='ltr' id='par_1_87' title="bbox 1889 4453 3472 4534">
     <span class='ocr_line' id='line_1_88' title="bbox 1889 4453 3472 4534; baseline -0.001 -22"><span class='ocrx_word' id='word_1_645' title='bbox 1889 4457 2051 4512; x_wconf 85' lang='lat' dir='ltr'><strong>Patre</strong></span> <span class='ocrx_word' id='word_1_646' title='bbox 2067 4463 2265 4522; x_wconf 84' lang='lat' dir='ltr'><strong>nostra,</strong></span> <span class='ocrx_word' id='word_1_647' title='bbox 2297 4463 2346 4534; x_wconf 80' lang='lat' dir='ltr'><strong>et</strong></span> <span class='ocrx_word' id='word_1_648' title='bbox 2385 4453 2608 4510; x_wconf 85' lang='lat' dir='ltr'><strong>Domino</strong></span> <span class='ocrx_word' id='word_1_649' title='bbox 2634 4453 2760 4508; x_wconf 83' lang='lat' dir='ltr'><strong>Jesu</strong></span> <span class='ocrx_word' id='word_1_650' title='bbox 2780 4453 2990 4508; x_wconf 82' lang='lat' dir='ltr'><strong>Christo</strong></span> <span class='ocrx_word' id='word_1_651' title='bbox 3011 4453 3082 4519; x_wconf 78' lang='lat'><strong>“,</strong></span> <span class='ocrx_word' id='word_1_652' title='bbox 3106 4453 3198 4523; x_wconf 89' lang='lat' dir='ltr'><strong>qui</strong></span> <span class='ocrx_word' id='word_1_653' title='bbox 3231 4461 3318 4509; x_wconf 88' lang='lat' dir='ltr'><strong>est</strong></span> <span class='ocrx_word' id='word_1_654' title='bbox 3344 4469 3472 4524; x_wconf 86' lang='lat' dir='ltr'><strong>spes</strong></span> 
     </span>
    </p>
   </div>
   <div class='ocr_carea' id='block_1_88' title="bbox 1887 4546 3472 4619">
    <p class='ocr_par' dir='ltr' id='par_1_88' title="bbox 1887 4546 3472 4619">
     <span class='ocr_line' id='line_1_89' title="bbox 1887 4546 3472 4619; baseline -0.003 -15"><span class='ocrx_word' id='word_1_655' title='bbox 1887 4559 2095 4614; x_wconf 89' lang='lat' dir='ltr'><strong>nostra,</strong></span> <span class='ocrx_word' id='word_1_656' title='bbox 2131 4563 2231 4619; x_wconf 92' lang='lat' dir='ltr'><strong>pro</strong></span> <span class='ocrx_word' id='word_1_657' title='bbox 2257 4562 2368 4619; x_wconf 91' lang='lat' dir='ltr'><strong>quo</strong></span> <span class='ocrx_word' id='word_1_658' title='bbox 2395 4555 2452 4603; x_wconf 90' lang='lat' dir='ltr'><strong>et</strong></span> <span class='ocrx_word' id='word_1_659' title='bbox 2476 4556 2702 4617; x_wconf 88' lang='lat' dir='ltr'><strong>propter</strong></span> <span class='ocrx_word' id='word_1_660' title='bbox 2729 4546 3257 4618; x_wconf 84' lang='lat' dir='ltr'><strong>quempersecutio,</strong></span> <span class='ocrx_word' id='word_1_661' title='bbox 3287 4547 3472 4602; x_wconf 87' lang='lat' dir='ltr'><strong>tribu-</strong></span> 
     </span>
    </p>
   </div>
   <div class='ocr_carea' id='block_1_89' title="bbox 199 4617 1816 4743">
    <p class='ocr_par' dir='ltr' id='par_1_89' title="bbox 199 4617 1816 4743">
     <span class='ocr_line' id='line_1_90' title="bbox 199 4617 1816 4743; baseline 0 0"><span class='ocrx_word' id='word_1_662' title='bbox 199 4617 363 4743; x_wconf 63' lang='grc' dir='ltr'><strong>ἷὲῗῗς</strong></span> <span class='ocrx_word' id='word_1_663' title='bbox 393 4618 635 4743; x_wconf 59' lang='grc' dir='ltr'><strong>Ἷθέῗέξέ</strong></span> <span class='ocrx_word' id='word_1_664' title='bbox 655 4625 752 4743; x_wconf 66' lang='lat'><strong>’1‘“</strong></span> <span class='ocrx_word' id='word_1_665' title='bbox 771 4626 816 4743; x_wconf 64' lang='grc' dir='ltr'>’ἶ</span> <span class='ocrx_word' id='word_1_666' title='bbox 841 4635 1195 4743; x_wconf 66' lang='grc' dir='ltr'><strong>στενοίίωρ,ίσξ’</strong></span> <span class='ocrx_word' id='word_1_667' title='bbox 1229 4638 1780 4743; x_wconf 44' lang='lat' dir='ltr'><strong>immania“?-</strong></span> <span class='ocrx_word' id='word_1_668' title='bbox 1810 4685 1816 4742; x_wconf 49' lang='grc' dir='ltr'><strong>ι</strong></span> 
     </span>
    </p>
   </div>
   <div class='ocr_carea' id='block_1_90' title="bbox 1891 4617 3469 4743">
    <p class='ocr_par' dir='ltr' id='par_1_90' title="bbox 1891 4617 3469 4711">
     <span class='ocr_line' id='line_1_91' title="bbox 1891 4617 3469 4711; baseline 0 -17"><span class='ocrx_word' id='word_1_669' title='bbox 1891 4639 2034 4703; x_wconf 89' lang='lat' dir='ltr'><strong>latio,</strong></span> <span class='ocrx_word' id='word_1_670' title='bbox 2057 4617 2328 4711; x_wconf 75' lang='lat' dir='ltr'><strong>angustia,</strong></span> <span class='ocrx_word' id='word_1_671' title='bbox 2353 4637 2612 4704; x_wconf 88' lang='lat' dir='ltr'><strong>solitudo,</strong></span> <span class='ocrx_word' id='word_1_672' title='bbox 2626 4617 2898 4703; x_wconf 80' lang='lat' dir='ltr'><strong>exsilium,</strong></span> <span class='ocrx_word' id='word_1_673' title='bbox 2923 4654 3171 4696; x_wconf 83' lang='lat' dir='ltr'><strong>carceres</strong></span> <span class='ocrx_word' id='word_1_674' title='bbox 3195 4647 3250 4693; x_wconf 91' lang='lat' dir='ltr'><strong>et</strong></span> <span class='ocrx_word' id='word_1_675' title='bbox 3273 4653 3469 4708; x_wconf 68' lang='lat' dir='ltr'><strong>poenae,</strong></span> 
     </span>
    </p>
   </div>
   <div class='ocr_carea' id='block_1_91' title="bbox 199 4703 1779 4807">
    <p class='ocr_par' dir='ltr' id='par_1_91' title="bbox 199 4703 1779 4807">
     <span class='ocr_line' id='line_1_92' title="bbox 199 4703 1779 4807; baseline 0.022 -50"><span class='ocrx_word' id='word_1_676' title='bbox 199 4703 386 4807; x_wconf 55' lang='lat' dir='ltr'><strong>(metu,</strong></span> <span class='ocrx_word' id='word_1_677' title='bbox 404 4709 464 4763; x_wconf 85' lang='grc' dir='ltr'><strong>αί</strong></span> <span class='ocrx_word' id='word_1_678' title='bbox 491 4710 709 4781; x_wconf 80' lang='grc' dir='ltr'>εἱρκταὶ</span> <span class='ocrx_word' id='word_1_679' title='bbox 728 4717 822 4770; x_wconf 81' lang='grc' dir='ltr'><strong>καὶ</strong></span> <span class='ocrx_word' id='word_1_680' title='bbox 840 4722 1024 4774; x_wconf 79' lang='grc' dir='ltr'>ποιναὶ</span> <span class='ocrx_word' id='word_1_681' title='bbox 1040 4703 1134 4776; x_wconf 74' lang='grc' dir='ltr'><strong>καὶ</strong></span> <span class='ocrx_word' id='word_1_682' title='bbox 1155 4703 1263 4780; x_wconf 68' lang='grc' dir='ltr'><strong>ὅσα⁷</strong></span> <span class='ocrx_word' id='word_1_683' title='bbox 1275 4703 1412 4783; x_wconf 68' lang='grc' dir='ltr'>ἄλλα</span> <span class='ocrx_word' id='word_1_684' title='bbox 1431 4703 1779 4807; x_wconf 72' lang='grc' dir='ltr'>καθεκάστην</span> 
     </span>
    </p>
   </div>
   <div class='ocr_carea' id='block_1_92' title="bbox 199 4799 1777 4892">
    <p class='ocr_par' dir='ltr' id='par_1_92' title="bbox 199 4799 1777 4892">
     <span class='ocr_line' id='line_1_93' title="bbox 199 4799 1777 4892; baseline 0.024 -44"><span class='ocrx_word' id='word_1_685' title='bbox 199 4799 278 4892; x_wconf 83' lang='grc' dir='ltr'><strong>είς</strong></span> <span class='ocrx_word' id='word_1_686' title='bbox 300 4799 679 4876; x_wconf 84' lang='grc' dir='ltr'>ταλαιπωρίαν</span> <span class='ocrx_word' id='word_1_687' title='bbox 698 4807 1066 4883; x_wconf 75' lang='grc' dir='ltr'>ὑπαντήματα</span> <span class='ocrx_word' id='word_1_688' title='bbox 1081 4817 1176 4870; x_wconf 80' lang='grc' dir='ltr'><strong>καὶ</strong></span> <span class='ocrx_word' id='word_1_689' title='bbox 1191 4819 1550 4892; x_wconf 80' lang='grc' dir='ltr'>συμϐάματα.</span> <span class='ocrx_word' id='word_1_690' title='bbox 1571 4799 1777 4886; x_wconf 77' lang='grc' dir='ltr'>Τούτου</span> 
     </span>
    </p>
   </div>
   <div class='ocr_carea' id='block_1_93' title="bbox 199 4890 1776 4986">
    <p class='ocr_par' dir='ltr' id='par_1_93' title="bbox 199 4890 1776 4986">
     <span class='ocr_line' id='line_1_94' title="bbox 199 4890 1776 4986; baseline 0.021 -45"><span class='ocrx_word' id='word_1_691' title='bbox 199 4890 381 4960; x_wconf 78' lang='grc' dir='ltr'>χάριν,</span> <span class='ocrx_word' id='word_1_692' title='bbox 410 4893 634 4986; x_wconf 62' lang='grc' dir='ltr'>ἀδελφοί</span> <span class='ocrx_word' id='word_1_693' title='bbox 671 4916 776 4969; x_wconf 86' lang='grc' dir='ltr'><strong>μου</strong></span> <span class='ocrx_word' id='word_1_694' title='bbox 805 4902 1103 4974; x_wconf 81' lang='grc' dir='ltr'>ἀγαπητοὶ,</span> <span class='ocrx_word' id='word_1_695' title='bbox 1126 4909 1227 4980; x_wconf 83' lang='grc' dir='ltr'>τῆς</span> <span class='ocrx_word' id='word_1_696' title='bbox 1272 4890 1613 4986; x_wconf 76' lang='grc' dir='ltr'>ἀπολείψεως</span> <span class='ocrx_word' id='word_1_697' title='bbox 1680 4919 1776 4974; x_wconf 83' lang='grc' dir='ltr'>τοῦ</span> 
     </span>
    </p>
   </div>
   <div class='ocr_carea' id='block_1_94' title="bbox 199 4983 1778 5072">
    <p class='ocr_par' dir='ltr' id='par_1_94' title="bbox 199 4983 1778 5072">
     <span class='ocr_line' id='line_1_95' title="bbox 199 4983 1778 5072; baseline 0.02 -40"><span class='ocrx_word' id='word_1_698' title='bbox 199 4983 458 5072; x_wconf 82' lang='grc' dir='ltr'>ταπεινοῦ</span> <span class='ocrx_word' id='word_1_699' title='bbox 516 4986 676 5058; x_wconf 76' lang='grc' dir='ltr'>ἡμῶν</span> <span class='ocrx_word' id='word_1_700' title='bbox 705 4992 1002 5064; x_wconf 82' lang='grc' dir='ltr'>προσώπου</span> <span class='ocrx_word' id='word_1_701' title='bbox 1056 5001 1415 5072; x_wconf 84' lang='grc' dir='ltr'>παραμυθίαν</span> <span class='ocrx_word' id='word_1_702' title='bbox 1474 4983 1599 5062; x_wconf 82' lang='grc' dir='ltr'>τινὰ</span> <span class='ocrx_word' id='word_1_703' title='bbox 1653 5009 1778 5063; x_wconf 77' lang='grc' dir='ltr'>ἐπι-</span> 
     </span>
    </p>
   </div>
   <div class='ocr_carea' id='block_1_95' title="bbox 211 5071 1776 5171">
    <p class='ocr_par' dir='ltr' id='par_1_95' title="bbox 211 5071 1776 5171">
     <span class='ocr_line' id='line_1_96' title="bbox 211 5071 1776 5171; baseline 0.02 -49"><span class='ocrx_word' id='word_1_704' title='bbox 211 5071 554 5171; x_wconf 68' lang='grc' dir='ltr'>)οησάμενοι,</span> <span class='ocrx_word' id='word_1_705' title='bbox 585 5079 881 5171; x_wconf 77' lang='grc' dir='ltr'>στέλλομεν</span> <span class='ocrx_word' id='word_1_706' title='bbox 912 5084 1044 5156; x_wconf 78' lang='grc' dir='ltr'>ὑμῖν</span> <span class='ocrx_word' id='word_1_707' title='bbox 1089 5086 1187 5159; x_wconf 81' lang='grc' dir='ltr'>τὴν</span> <span class='ocrx_word' id='word_1_708' title='bbox 1214 5071 1508 5166; x_wconf 65' lang='grc' dir='ltr'>ἐπιστολὴν</span> <span class='ocrx_word' id='word_1_709' title='bbox 1548 5097 1776 5171; x_wconf 82' lang='grc' dir='ltr'>ταύτην,</span> 
     </span>
    </p>
   </div>
   <div class='ocr_carea' id='block_1_96' title="bbox 198 5161 1780 5252">
    <p class='ocr_par' dir='ltr' id='par_1_96' title="bbox 198 5161 1780 5252">
     <span class='ocr_line' id='line_1_97' title="bbox 198 5161 1780 5252; baseline 0.005 -36"><span class='ocrx_word' id='word_1_710' title='bbox 198 5161 580 5252; x_wconf 78' lang='grc' dir='ltr'>γνωρίζοντες,</span> <span class='ocrx_word' id='word_1_711' title='bbox 624 5167 702 5231; x_wconf 84' lang='grc' dir='ltr'>ὡς</span> <span class='ocrx_word' id='word_1_712' title='bbox 734 5169 1102 5239; x_wconf 82' lang='grc' dir='ltr'>ἀδιαλείπτως</span> <span class='ocrx_word' id='word_1_713' title='bbox 1129 5178 1322 5250; x_wconf 79' lang='grc' dir='ltr'>μνείαν</span> <span class='ocrx_word' id='word_1_714' title='bbox 1376 5161 1536 5252; x_wconf 62' lang='grc' dir='ltr'>ἡμῶν</span> <span class='ocrx_word' id='word_1_715' title='bbox 1592 5161 1780 5241; x_wconf 62' lang='grc' dir='ltr'><strong>ποιδύζ</strong></span> 
     </span>
    </p>
   </div>
   <div class='ocr_carea' id='block_1_97' title="bbox 202 5251 1780 5341">
    <p class='ocr_par' dir='ltr' id='par_1_97' title="bbox 202 5251 1780 5341">
     <span class='ocr_line' id='line_1_98' title="bbox 202 5251 1780 5341; baseline 0.017 -40"><span class='ocrx_word' id='word_1_716' title='bbox 202 5251 344 5318; x_wconf 80' lang='grc' dir='ltr'>μεθα</span> <span class='ocrx_word' id='word_1_717' title='bbox 389 5253 448 5306; x_wconf 78' lang='grc' dir='ltr'>ὲν</span> <span class='ocrx_word' id='word_1_718' title='bbox 483 5257 602 5320; x_wconf 80' lang='grc' dir='ltr'>ταῖς</span> <span class='ocrx_word' id='word_1_719' title='bbox 635 5261 923 5324; x_wconf 81' lang='grc' dir='ltr'>ταπειναῖς</span> <span class='ocrx_word' id='word_1_720' title='bbox 949 5261 1106 5332; x_wconf 71' lang='grc' dir='ltr'>ἡμῶν</span> <span class='ocrx_word' id='word_1_721' title='bbox 1137 5251 1494 5341; x_wconf 66' lang='grc' dir='ltr'>προσευχαῖς,</span> <span class='ocrx_word' id='word_1_722' title='bbox 1523 5271 1622 5326; x_wconf 72' lang='grc' dir='ltr'>ἕνα</span> <span class='ocrx_word' id='word_1_723' title='bbox 1655 5273 1780 5327; x_wconf 69' lang='lat' dir='ltr'><strong>Exa-</strong></span> 
     </span>
    </p>
   </div>
   <div class='ocr_carea' id='block_1_98' title="bbox 201 5345 1777 5436">
    <p class='ocr_par' dir='ltr' id='par_1_98' title="bbox 201 5345 1777 5436">
     <span class='ocr_line' id='line_1_99' title="bbox 201 5345 1777 5436; baseline 0.018 -44"><span class='ocrx_word' id='word_1_724' title='bbox 201 5357 331 5436; x_wconf 83' lang='grc' dir='ltr'>στον</span> <span class='ocrx_word' id='word_1_725' title='bbox 389 5345 794 5416; x_wconf 83' lang='grc' dir='ltr'>ἀναπολοῦντες</span> <span class='ocrx_word' id='word_1_726' title='bbox 857 5353 954 5408; x_wconf 73' lang='grc' dir='ltr'><strong>καὶ</strong></span> <span class='ocrx_word' id='word_1_727' title='bbox 1011 5356 1485 5432; x_wconf 78' lang='grc' dir='ltr'>ἀναλογιζόμενοι,</span> <span class='ocrx_word' id='word_1_728' title='bbox 1546 5364 1777 5436; x_wconf 84' lang='grc' dir='ltr'>δάκρυσι</span> 
     </span>
    </p>
   </div>
   <div class='ocr_carea' id='block_1_99' title="bbox 200 5433 1778 5522">
    <p class='ocr_par' dir='ltr' id='par_1_99' title="bbox 200 5433 1778 5522">
     <span class='ocr_line' id='line_1_100' title="bbox 200 5433 1778 5522; baseline 0.018 -38"><span class='ocrx_word' id='word_1_729' title='bbox 200 5433 294 5486; x_wconf 78' lang='grc' dir='ltr'><strong>καὶ</strong></span> <span class='ocrx_word' id='word_1_730' title='bbox 320 5441 647 5508; x_wconf 84' lang='grc' dir='ltr'>στεναγμοῖς</span> <span class='ocrx_word' id='word_1_731' title='bbox 669 5441 922 5513; x_wconf 78' lang='grc' dir='ltr'>αἴροντες</span> <span class='ocrx_word' id='word_1_732' title='bbox 949 5447 1140 5518; x_wconf 81' lang='grc' dir='ltr'>χεῖρας</span> <span class='ocrx_word' id='word_1_733' title='bbox 1166 5451 1246 5514; x_wconf 82' lang='grc' dir='ltr'><strong>είς</strong></span> <span class='ocrx_word' id='word_1_734' title='bbox 1275 5451 1408 5506; x_wconf 86' lang='grc' dir='ltr'>Θεόν</span> <span class='ocrx_word' id='word_1_735' title='bbox 1429 5472 1442 5485; x_wconf 90' lang='grc'>·</span> <span class='ocrx_word' id='word_1_736' title='bbox 1478 5455 1566 5509; x_wconf 77' lang='grc' dir='ltr'>ἵνα</span> <span class='ocrx_word' id='word_1_737' title='bbox 1589 5433 1778 5522; x_wconf 83' lang='grc' dir='ltr'>καθὼς</span> 
     </span>
    </p>
   </div>
   <div class='ocr_carea' id='block_1_100' title="bbox 202 5523 1767 5613">
    <p class='ocr_par' dir='ltr' id='par_1_100' title="bbox 202 5523 1767 5613">
     <span class='ocr_line' id='line_1_101' title="bbox 202 5523 1767 5613; baseline 0.017 -37"><span class='ocrx_word' id='word_1_738' title='bbox 202 5523 596 5598; x_wconf 80' lang='grc' dir='ltr'>ὕπεδυσάμεθα</span> <span class='ocrx_word' id='word_1_739' title='bbox 628 5531 754 5596; x_wconf 79' lang='grc' dir='ltr'>τοὺς</span> <span class='ocrx_word' id='word_1_740' title='bbox 787 5532 928 5604; x_wconf 83' lang='grc' dir='ltr'>ὑπὲρ</span> <span class='ocrx_word' id='word_1_741' title='bbox 961 5534 1220 5608; x_wconf 84' lang='grc' dir='ltr'>ἀληθείας</span> <span class='ocrx_word' id='word_1_742' title='bbox 1252 5541 1495 5612; x_wconf 82' lang='grc' dir='ltr'>ἀγῶνας,</span> <span class='ocrx_word' id='word_1_743' title='bbox 1527 5549 1623 5601; x_wconf 80' lang='grc' dir='ltr'>καὶ</span> <span class='ocrx_word' id='word_1_744' title='bbox 1677 5548 1767 5613; x_wconf 77' lang='grc' dir='ltr'><strong>ἐε-</strong></span> 
     </span>
    </p>
   </div>
   <div class='ocr_carea' id='block_1_101' title="bbox 273 5678 705 5746">
    <p class='ocr_par' dir='ltr' id='par_1_101' title="bbox 273 5678 705 5746">
     <span class='ocr_line' id='line_1_102' title="bbox 273 5678 705 5746; baseline 0.016 -12"><span class='ocrx_word' id='word_1_745' title='bbox 273 5678 316 5710; x_wconf 83' lang='grc'><strong>¹⁷</strong></span> <span class='ocrx_word' id='word_1_746' title='bbox 343 5680 508 5738; x_wconf 82' lang='lat' dir='ltr'><strong>Amos</strong></span> <span class='ocrx_word' id='word_1_747' title='bbox 528 5700 580 5746; x_wconf 75' lang='grc' dir='ltr'><strong>ν,</strong></span> <span class='ocrx_word' id='word_1_748' title='bbox 616 5684 705 5742; x_wconf 77' lang='grc'><strong>15.</strong></span> 
     </span>
    </p>
   </div>
   <div class='ocr_carea' id='block_1_102' title="bbox 204 5746 712 5824">
    <p class='ocr_par' dir='ltr' id='par_1_102' title="bbox 204 5746 712 5824">
     <span class='ocr_line' id='line_1_103' title="bbox 204 5746 712 5824; baseline 0.016 -22"><span class='ocrx_word' id='word_1_749' title='bbox 204 5746 252 5778; x_wconf 78' lang='grc'><em>’³</em></span> <span class='ocrx_word' id='word_1_750' title='bbox 291 5747 520 5824; x_wconf 83' lang='lat' dir='ltr'><strong>Philipp.</strong></span> <span class='ocrx_word' id='word_1_751' title='bbox 557 5771 618 5819; x_wconf 85' lang='grc' dir='ltr'><strong>ιι,</strong></span> <span class='ocrx_word' id='word_1_752' title='bbox 656 5757 712 5810; x_wconf 71' lang='grc'>2.</span> 
     </span>
    </p>
   </div>
   <div class='ocr_carea' id='block_1_103' title="bbox 526 5846 1219 5913">
    <p class='ocr_par' dir='ltr' id='par_1_103' title="bbox 526 5846 1219 5913">
     <span class='ocr_line' id='line_1_104' title="bbox 526 5846 1219 5913; baseline 0.012 -8"><span class='ocrx_word' id='word_1_753' title='bbox 526 5846 800 5910; x_wconf 65' lang='grc' dir='ltr'>ΡΑτιιοιι.</span> <span class='ocrx_word' id='word_1_754' title='bbox 849 5849 964 5910; x_wconf 78' lang='lat' dir='ltr'><strong>Gn.</strong></span> <span class='ocrx_word' id='word_1_755' title='bbox 1010 5850 1219 5913; x_wconf 79' lang='lat' dir='ltr'><strong>XCIX.</strong></span> 
     </span>
    </p>
   </div>
   <div class='ocr_carea' id='block_1_104' title="bbox 819 5689 1289 5761">
    <p class='ocr_par' dir='ltr' id='par_1_104' title="bbox 819 5689 1289 5761">
     <span class='ocr_line' id='line_1_105' title="bbox 819 5689 1289 5761; baseline 0.023 -19"><span class='ocrx_word' id='word_1_756' title='bbox 819 5689 864 5721; x_wconf 84' lang='grc'>¹⁸</span> <span class='ocrx_word' id='word_1_757' title='bbox 888 5689 1067 5750; x_wconf 86' lang='lat' dir='ltr'><strong>Eeclc.</strong></span> <span class='ocrx_word' id='word_1_758' title='bbox 1101 5709 1181 5761; x_wconf 79' lang='lat' dir='ltr'><strong>Ill,</strong></span> <span class='ocrx_word' id='word_1_759' title='bbox 1237 5699 1289 5753; x_wconf 93' lang='lat'><strong>7.</strong></span> 
     </span>
    </p>
   </div>
   <div class='ocr_carea' id='block_1_105' title="bbox 1398 5698 2433 5773">
    <p class='ocr_par' dir='ltr' id='par_1_105' title="bbox 1398 5698 2433 5773">
     <span class='ocr_line' id='line_1_106' title="bbox 1398 5698 2433 5773; baseline 0.005 -20"><span class='ocrx_word' id='word_1_760' title='bbox 1398 5699 1442 5730; x_wconf 82' lang='lat'><strong>&quot;</strong></span> <span class='ocrx_word' id='word_1_761' title='bbox 1479 5698 1672 5759; x_wconf 84' lang='lat' dir='ltr'><strong>Matth.</strong></span> <span class='ocrx_word' id='word_1_762' title='bbox 1714 5720 1809 5773; x_wconf 80' lang='lat' dir='ltr'><strong>vn,</strong></span> <span class='ocrx_word' id='word_1_763' title='bbox 1846 5705 1898 5760; x_wconf 87' lang='lat'><strong>6.</strong></span> <span class='ocrx_word' id='word_1_764' title='bbox 1976 5705 2020 5736; x_wconf 77' lang='grc' dir='ltr'><strong><em>ὀ</em></strong></span> <span class='ocrx_word' id='word_1_765' title='bbox 2069 5703 2433 5760; x_wconf 74' lang='lat' dir='ltr'><strong>Catcchetica.</strong></span> 
     </span>
    </p>
   </div>
   <div class='ocr_carea' id='block_1_106' title="bbox 1879 4730 3469 4802">
    <p class='ocr_par' dir='ltr' id='par_1_106' title="bbox 1879 4730 3469 4802">
     <span class='ocr_line' id='line_1_107' title="bbox 1879 4730 3469 4802; baseline -0.004 -12"><span class='ocrx_word' id='word_1_766' title='bbox 1879 4743 1933 4790; x_wconf 87' lang='lat' dir='ltr'><strong>et</strong></span> <span class='ocrx_word' id='word_1_767' title='bbox 1965 4742 2232 4802; x_wconf 90' lang='lat' dir='ltr'><strong>quotquot</strong></span> <span class='ocrx_word' id='word_1_768' title='bbox 2259 4732 2366 4787; x_wconf 88' lang='lat' dir='ltr'><strong>alia</strong></span> <span class='ocrx_word' id='word_1_769' title='bbox 2393 4731 2448 4786; x_wconf 90' lang='lat' dir='ltr'><strong>in</strong></span> <span class='ocrx_word' id='word_1_770' title='bbox 2471 4731 2590 4786; x_wconf 89' lang='lat' dir='ltr'><strong>dies</strong></span> <span class='ocrx_word' id='word_1_771' title='bbox 2616 4730 2683 4786; x_wconf 90' lang='lat' dir='ltr'><strong>ad</strong></span> <span class='ocrx_word' id='word_1_772' title='bbox 2711 4732 2993 4788; x_wconf 91' lang='lat' dir='ltr'><strong>cumulum</strong></span> <span class='ocrx_word' id='word_1_773' title='bbox 3025 4731 3353 4786; x_wconf 84' lang='lat' dir='ltr'><strong>calamitatis</strong></span> <span class='ocrx_word' id='word_1_774' title='bbox 3380 4731 3469 4785; x_wconf 84' lang='lat' dir='ltr'><strong>in-</strong></span> 
     </span>
    </p>
   </div>
   <div class='ocr_carea' id='block_1_107' title="bbox 1877 4819 3468 4892">
    <p class='ocr_par' dir='ltr' id='par_1_107' title="bbox 1877 4819 3468 4892">
     <span class='ocr_line' id='line_1_108' title="bbox 1877 4819 3468 4892; baseline 0 -14"><span class='ocrx_word' id='word_1_775' title='bbox 1877 4821 2068 4878; x_wconf 88' lang='lat' dir='ltr'><strong>cidunt</strong></span> <span class='ocrx_word' id='word_1_776' title='bbox 2093 4828 2150 4876; x_wconf 89' lang='lat' dir='ltr'><strong>et</strong></span> <span class='ocrx_word' id='word_1_777' title='bbox 2178 4829 2500 4876; x_wconf 88' lang='lat' dir='ltr'><strong>occurrunt.</strong></span> <span class='ocrx_word' id='word_1_778' title='bbox 2533 4819 2707 4891; x_wconf 79' lang='lat' dir='ltr'><strong>Hujus</strong></span> <span class='ocrx_word' id='word_1_779' title='bbox 2754 4821 2831 4875; x_wconf 89' lang='lat' dir='ltr'><strong>rei</strong></span> <span class='ocrx_word' id='word_1_780' title='bbox 2861 4821 3031 4892; x_wconf 88' lang='lat' dir='ltr'><strong>gratia</strong></span> <span class='ocrx_word' id='word_1_781' title='bbox 3052 4860 3068 4886; x_wconf 94' lang='lat'><strong>,</strong></span> <span class='ocrx_word' id='word_1_782' title='bbox 3107 4821 3304 4877; x_wconf 80' lang='lat' dir='ltr'><strong>fratres</strong></span> <span class='ocrx_word' id='word_1_783' title='bbox 3332 4823 3468 4878; x_wconf 86' lang='lat' dir='ltr'><strong>cha-</strong></span> 
     </span>
    </p>
   </div>
   <div class='ocr_carea' id='block_1_108' title="bbox 1878 4910 3466 4976">
    <p class='ocr_par' dir='ltr' id='par_1_108' title="bbox 1878 4910 3466 4976">
     <span class='ocr_line' id='line_1_109' title="bbox 1878 4910 3466 4976; baseline 0.003 -10"><span class='ocrx_word' id='word_1_784' title='bbox 1878 4910 2082 4976; x_wconf 74' lang='lat' dir='ltr'><strong>rissmi,</strong></span> <span class='ocrx_word' id='word_1_785' title='bbox 2116 4911 2378 4967; x_wconf 74' lang='lat' dir='ltr'><strong>absentiae</strong></span> <span class='ocrx_word' id='word_1_786' title='bbox 2403 4910 2625 4966; x_wconf 90' lang='lat' dir='ltr'><strong>humilis</strong></span> <span class='ocrx_word' id='word_1_787' title='bbox 2655 4910 2815 4967; x_wconf 82' lang='lat' dir='ltr'><strong>faciei</strong></span> <span class='ocrx_word' id='word_1_788' title='bbox 2845 4921 3050 4968; x_wconf 64' lang='lat' dir='ltr'><strong>nostra“:</strong></span> <span class='ocrx_word' id='word_1_789' title='bbox 3076 4913 3332 4968; x_wconf 90' lang='lat' dir='ltr'><strong>solatium</strong></span> <span class='ocrx_word' id='word_1_790' title='bbox 3362 4916 3466 4970; x_wconf 88' lang='lat' dir='ltr'><strong>ali-</strong></span> 
     </span>
    </p>
   </div>
   <div class='ocr_carea' id='block_1_109' title="bbox 1877 4999 3462 5072">
    <p class='ocr_par' dir='ltr' id='par_1_109' title="bbox 1877 4999 3462 5072">
     <span class='ocr_line' id='line_1_110' title="bbox 1877 4999 3462 5072; baseline 0.003 -17"><span class='ocrx_word' id='word_1_791' title='bbox 1877 5001 2022 5072; x_wconf 87' lang='lat' dir='ltr'><strong>quod</strong></span> <span class='ocrx_word' id='word_1_792' title='bbox 2041 4999 2435 5072; x_wconf 81' lang='lat' dir='ltr'><strong>excogitantes,</strong></span> <span class='ocrx_word' id='word_1_793' title='bbox 2465 5000 2609 5054; x_wconf 89' lang='lat' dir='ltr'><strong>hanc</strong></span> <span class='ocrx_word' id='word_1_794' title='bbox 2627 5000 2694 5054; x_wconf 89' lang='lat' dir='ltr'><strong>ad</strong></span> <span class='ocrx_word' id='word_1_795' title='bbox 2726 5015 2823 5055; x_wconf 91' lang='lat' dir='ltr'><strong>vos</strong></span> <span class='ocrx_word' id='word_1_796' title='bbox 2845 5000 3138 5071; x_wconf 83' lang='lat' dir='ltr'><strong>epistolam</strong></span> <span class='ocrx_word' id='word_1_797' title='bbox 3176 5003 3462 5066; x_wconf 88' lang='lat' dir='ltr'><strong>mittimus,</strong></span> 
     </span>
    </p>
   </div>
   <div class='ocr_carea' id='block_1_110' title="bbox 1874 5091 3466 5162">
    <p class='ocr_par' dir='ltr' id='par_1_110' title="bbox 1874 5091 3466 5162">
     <span class='ocr_line' id='line_1_111' title="bbox 1874 5091 3466 5162; baseline -0.002 -14"><span class='ocrx_word' id='word_1_798' title='bbox 1874 5102 2080 5148; x_wconf 91' lang='lat' dir='ltr'><strong>notum</strong></span> <span class='ocrx_word' id='word_1_799' title='bbox 2120 5092 2391 5147; x_wconf 83' lang='lat' dir='ltr'><strong>facientes</strong></span> <span class='ocrx_word' id='word_1_800' title='bbox 2432 5092 2571 5162; x_wconf 59' lang='lat' dir='ltr'><strong>quod</strong></span> <span class='ocrx_word' id='word_1_801' title='bbox 2622 5091 2740 5148; x_wconf 90' lang='lat' dir='ltr'><strong>sine</strong></span> <span class='ocrx_word' id='word_1_802' title='bbox 2792 5091 3208 5148; x_wconf 88' lang='lat' dir='ltr'><strong>intermissione</strong></span> <span class='ocrx_word' id='word_1_803' title='bbox 3261 5111 3466 5150; x_wconf 74' lang='lat' dir='ltr'><strong>memn-</strong></span> 
     </span>
    </p>
   </div>
   <div class='ocr_carea' id='block_1_111' title="bbox 1880 5182 3463 5242">
    <p class='ocr_par' dir='ltr' id='par_1_111' title="bbox 1880 5182 3463 5242">
     <span class='ocr_line' id='line_1_112' title="bbox 1880 5182 3463 5242; baseline 0.001 -2"><span class='ocrx_word' id='word_1_804' title='bbox 1880 5187 2012 5240; x_wconf 89' lang='lat' dir='ltr'><strong>riam</strong></span> <span class='ocrx_word' id='word_1_805' title='bbox 2036 5183 2201 5238; x_wconf 90' lang='lat' dir='ltr'><strong>vestri</strong></span> <span class='ocrx_word' id='word_1_806' title='bbox 2244 5182 2474 5238; x_wconf 87' lang='lat' dir='ltr'><strong>facimus</strong></span> <span class='ocrx_word' id='word_1_807' title='bbox 2532 5183 2588 5237; x_wconf 92' lang='lat' dir='ltr'><strong>in</strong></span> <span class='ocrx_word' id='word_1_808' title='bbox 2638 5183 2934 5240; x_wconf 88' lang='lat' dir='ltr'><strong>humilibus</strong></span> <span class='ocrx_word' id='word_1_809' title='bbox 2984 5185 3332 5242; x_wconf 88' lang='lat' dir='ltr'><strong>orationibus</strong></span> <span class='ocrx_word' id='word_1_810' title='bbox 3361 5204 3463 5242; x_wconf 87' lang='lat' dir='ltr'><strong>no-</strong></span> 
     </span>
    </p>
   </div>
   <div class='ocr_carea' id='block_1_112' title="bbox 1879 5276 3464 5350">
    <p class='ocr_par' dir='ltr' id='par_1_112' title="bbox 1879 5276 3464 5350">
     <span class='ocr_line' id='line_1_113' title="bbox 1879 5276 3464 5350; baseline 0.003 -22"><span class='ocrx_word' id='word_1_811' title='bbox 1879 5276 2080 5339; x_wconf 76' lang='lat' dir='ltr'><strong>stris&quot;,</strong></span> <span class='ocrx_word' id='word_1_812' title='bbox 2145 5288 2594 5344; x_wconf 90' lang='lat' dir='ltr'><strong>unumquemque</strong></span> <span class='ocrx_word' id='word_1_813' title='bbox 2643 5277 2829 5330; x_wconf 88' lang='lat' dir='ltr'><strong>animo</strong></span> <span class='ocrx_word' id='word_1_814' title='bbox 2866 5277 3176 5350; x_wconf 88' lang='lat' dir='ltr'><strong>recolentes</strong></span> <span class='ocrx_word' id='word_1_815' title='bbox 3213 5294 3276 5334; x_wconf 87' lang='lat' dir='ltr'><strong>ac</strong></span> <span class='ocrx_word' id='word_1_816' title='bbox 3314 5296 3464 5334; x_wconf 89' lang='lat' dir='ltr'><strong>com-</strong></span> 
     </span>
    </p>
   </div>
   <div class='ocr_carea' id='block_1_113' title="bbox 1878 5363 3461 5439">
    <p class='ocr_par' dir='ltr' id='par_1_113' title="bbox 1878 5363 3461 5439">
     <span class='ocr_line' id='line_1_114' title="bbox 1878 5363 3461 5439; baseline 0 -19"><span class='ocrx_word' id='word_1_817' title='bbox 1878 5375 2271 5430; x_wconf 88' lang='lat' dir='ltr'><strong>memorantes,</strong></span> <span class='ocrx_word' id='word_1_818' title='bbox 2322 5379 2450 5421; x_wconf 91' lang='lat' dir='ltr'><strong>cum</strong></span> <span class='ocrx_word' id='word_1_819' title='bbox 2483 5363 2739 5436; x_wconf 83' lang='lat' dir='ltr'><strong>lacrymis</strong></span> <span class='ocrx_word' id='word_1_820' title='bbox 2778 5382 2843 5422; x_wconf 87' lang='lat' dir='ltr'><strong>ac</strong></span> <span class='ocrx_word' id='word_1_821' title='bbox 2891 5368 3186 5439; x_wconf 89' lang='lat' dir='ltr'><strong>gemitibus</strong></span> <span class='ocrx_word' id='word_1_822' title='bbox 3218 5368 3461 5422; x_wconf 80' lang='lat' dir='ltr'><strong>levantes</strong></span> 
     </span>
    </p>
   </div>
   <div class='ocr_carea' id='block_1_114' title="bbox 1879 5454 3455 5529">
    <p class='ocr_par' dir='ltr' id='par_1_114' title="bbox 1879 5454 3455 5529">
     <span class='ocr_line' id='line_1_115' title="bbox 1879 5454 3455 5529; baseline -0.003 -16"><span class='ocrx_word' id='word_1_823' title='bbox 1879 5474 2076 5514; x_wconf 89' lang='lat' dir='ltr'><strong>manus</strong></span> <span class='ocrx_word' id='word_1_824' title='bbox 2113 5458 2180 5514; x_wconf 87' lang='lat' dir='ltr'><strong>ad</strong></span> <span class='ocrx_word' id='word_1_825' title='bbox 2217 5459 2430 5512; x_wconf 87' lang='lat' dir='ltr'><strong>Deum:</strong></span> <span class='ocrx_word' id='word_1_826' title='bbox 2461 5465 2522 5512; x_wconf 93' lang='lat' dir='ltr'><strong>ut</strong></span> <span class='ocrx_word' id='word_1_827' title='bbox 2563 5458 2709 5512; x_wconf 91' lang='lat' dir='ltr'><strong>sicut</strong></span> <span class='ocrx_word' id='word_1_828' title='bbox 2744 5465 3024 5513; x_wconf 89' lang='lat' dir='ltr'><strong>certamen</strong></span> <span class='ocrx_word' id='word_1_829' title='bbox 3073 5473 3174 5529; x_wconf 88' lang='lat' dir='ltr'><strong>pro</strong></span> <span class='ocrx_word' id='word_1_830' title='bbox 3231 5454 3455 5511; x_wconf 80' lang='lat' dir='ltr'><strong>veritate</strong></span> 
     </span>
    </p>
   </div>
   <div class='ocr_carea' id='block_1_115' title="bbox 1878 5549 3456 5620">
    <p class='ocr_par' dir='ltr' id='par_1_115' title="bbox 1878 5549 3456 5620">
     <span class='ocr_line' id='line_1_116' title="bbox 1878 5549 3456 5620; baseline -0.004 -14"><span class='ocrx_word' id='word_1_831' title='bbox 1878 5551 2246 5620; x_wconf 76' lang='lat' dir='ltr'><strong>suscepimus,</strong></span> <span class='ocrx_word' id='word_1_832' title='bbox 2281 5560 2339 5606; x_wconf 91' lang='lat' dir='ltr'><strong>et</strong></span> <span class='ocrx_word' id='word_1_833' title='bbox 2366 5550 2419 5604; x_wconf 92' lang='lat' dir='ltr'><strong>in</strong></span> <span class='ocrx_word' id='word_1_834' title='bbox 2448 5564 2558 5604; x_wconf 90' lang='lat' dir='ltr'><strong>uno</strong></span> <span class='ocrx_word' id='word_1_835' title='bbox 2597 5549 2796 5620; x_wconf 88' lang='lat' dir='ltr'><strong>spiritu</strong></span> <span class='ocrx_word' id='word_1_836' title='bbox 2831 5559 2888 5604; x_wconf 90' lang='lat' dir='ltr'><strong>et</strong></span> <span class='ocrx_word' id='word_1_837' title='bbox 2937 5549 3116 5604; x_wconf 79' lang='lat' dir='ltr'><strong>anima</strong></span> <span class='ocrx_word' id='word_1_838' title='bbox 3149 5563 3288 5611; x_wconf 85' lang='lat' dir='ltr'><strong>una,</strong></span> <span class='ocrx_word' id='word_1_839' title='bbox 3333 5555 3456 5601; x_wconf 88' lang='lat' dir='ltr'><strong>tan-</strong></span> 
     </span>
    </p>
   </div>
   <div class='ocr_carea' id='block_1_116' title="bbox 3032 5697 3458 5768">
    <p class='ocr_par' dir='ltr' id='par_1_116' title="bbox 3032 5697 3458 5768">
     <span class='ocr_line' id='line_1_117' title="bbox 3032 5697 3458 5768; baseline -0.005 -14"><span class='ocrx_word' id='word_1_840' title='bbox 3032 5702 3078 5732; x_wconf 80' lang='lat'>“</span> <span class='ocrx_word' id='word_1_841' title='bbox 3131 5697 3288 5755; x_wconf 72' lang='lat' dir='ltr'><strong>Rom.</strong></span> <span class='ocrx_word' id='word_1_842' title='bbox 3319 5715 3360 5768; x_wconf 83' lang='grc' dir='ltr'><strong>ι,</strong></span> <span class='ocrx_word' id='word_1_843' title='bbox 3398 5697 3458 5758; x_wconf 79' lang='lat'><strong>9.</strong></span> 
     </span>
    </p>
   </div>
   <div class='ocr_carea' id='block_1_117' title="bbox 2545 5703 2954 5767">
    <p class='ocr_par' dir='ltr' id='par_1_117' title="bbox 2545 5703 2954 5767">
     <span class='ocr_line' id='line_1_118' title="bbox 2545 5703 2954 5767; baseline 0.002 -11"><span class='ocrx_word' id='word_1_844' title='bbox 2545 5704 2585 5735; x_wconf 83' lang='lat'>&quot;</span> <span class='ocrx_word' id='word_1_845' title='bbox 2637 5703 2806 5757; x_wconf 83' lang='lat' dir='ltr'><strong>Galat.</strong></span> <span class='ocrx_word' id='word_1_846' title='bbox 2836 5721 2870 5767; x_wconf 89' lang='lat' dir='ltr'><strong>t,</strong></span> <span class='ocrx_word' id='word_1_847' title='bbox 2903 5703 2954 5758; x_wconf 84' lang='lat'><strong>5.</strong></span> 
     </span>
    </p>
   </div>
   <div class='ocr_carea' id='block_1_118' title="bbox 2979 5863 3118 5924">
    <p class='ocr_par' dir='ltr' id='par_1_118' title="bbox 2979 5863 3118 5924">
     <span class='ocr_line' id='line_1_119' title="bbox 2979 5863 3118 5924; baseline -0.014 0"><span class='ocrx_word' id='word_1_848' title='bbox 2979 5863 3118 5924; x_wconf 47' lang='lat'><strong>86&#39;</strong></span> 
     </span>
    </p>
   </div>
  </div>
