4054 6364
597 312 734 383 1131

1789 313 1854 380 S.
1881 313 2278 377 THEODORI
2309 312 2662 376 STUDITE

3728 313 3867 379 1132

583 442 751 500 quam
776 440 844 482 ex
872 423 1005 482 nido
1041 437 1072 480 a
1100 423 1274 482 sacris
1317 423 1524 481 nostris
1565 425 1848 482 asceteriis
1897 427 2171 497 processi-

2275 427 2622 499 εληλύθαμεν
2648 427 2710 478 ἑν
2740 423 2823 479 ἑνὶ
2845 421 3123 496 πνεύματι
3151 423 3250 480 καὶ
3270 425 3369 498 μιᾷ
3387 425 3559 499 ψυχῇ,
3583 426 3664 492 ὡς
3681 429 3746 482 ἐκ
3766 448 3869 485 κα-

587 539 713 579 mus
739 541 755 589 ;
787 522 862 577 ita
895 534 1070 590 usque
1097 519 1165 575 ad
1200 517 1387 583 finem,
1411 517 1628 572 Domini
1657 517 1885 584 virtute,
1917 532 2178 588 perseve-

587 631 800 680 remus,
837 614 1091 669 eamdem
1114 611 1543 675 ﬁdem,eamdem
1569 610 1880 664 charitatem
1907 611 2174 678 habentes,

589 707 868 761 unanimes
891 744 907 770 ,
940 705 1171 774 idipsnm
1233 702 1513 756 sentientes
1540 701 1586 733 ”
1620 707 1678 756 et
1705 700 1950 755 veritatis
1978 701 2177 773 dogma

589 799 916 864 retinentes,
939 795 1083 868 quod
1105 794 1486 850 annuntiatum
1503 802 1608 858 est,
1623 803 1680 849 et
1708 793 2029 864 inscriptum
2052 808 2179 848 ocu-

589 891 657 947 lis
685 900 742 946 et
768 889 995 948 auribus
1034 887 1090 942 in
1113 885 1266 941 omni
1293 894 1547 942 creatura
1585 901 1709 956 quae
1739 886 1843 941 sub
1873 886 2013 941 uelo
2041 894 2127 940 est
2157 902 2172 940 :

593 982 825 1038 adorare
853 979 1075 1050 quidem
1108 976 1328 1032 Patrem
1371 985 1428 1032 et
1455 975 1653 1032 Filium
1681 986 1738 1032 et
1758 974 2022 1048 Spiritum
2049 992 2178 1033 san-

588 1085 759 1138 ctum,
775 1069 1143 1128 venerandam
1165 1078 1222 1125 et
1246 1069 1460 1124 beatam
1479 1067 1827 1135 Trinitatem,
1852 1068 1996 1124 sicut
2027 1070 2178 1124 theo-

586 1165 744 1237 logia:
765 1163 905 1220 ratio
930 1163 1094 1219 docet
1120 1160 1410 1217 :conﬁteri
1432 1169 1614 1216 autem
1636 1174 1806 1214 unum
1827 1174 1860 1215 e
1883 1159 2174 1228 Trinitate,

586 1259 784 1315 Filium
802 1273 867 1314 ac
897 1255 1140 1312 Verbum
1170 1255 1290 1320 Dei,
1312 1264 1368 1310 et
1397 1253 1690 1309 Dominum
1713 1261 1960 1309 nostrum
1986 1253 2177 1309 Jesum

585 1349 890 1416 Christum,
923 1350 1167 1419 seipsum
1203 1346 1516 1404 exinanisse
1542 1345 1610 1412 ",
1645 1345 1902 1415 servique
1932 1344 2168 1401 formam

585 1440 888 1510 accepisse,
928 1447 985 1494 et
1015 1437 1074 1494 in
1127 1437 1543 1494 similitudinem
1597 1437 1884 1491 hominum
1935 1435 2170 1504 factum,

583 1529 643 1585 in
673 1529 847 1585 forma
869 1538 1054 1584 nostra
1078 1527 1284 1601 effingi,
1305 1525 1694 1596 ell'ormarique
1708 1527 1960 1596 corporis
1982 1526 2174 1596 ligura,

585 1627 855 1694 quatenus
888 1617 1032 1673 idem
1064 1616 1342 1688 perfectus
1389 1616 1535 1672 Deus
1585 1615 1859 1686 simulque
1903 1626 1960 1672 et
2009 1618 2178 1672 homo

585 1719 714 1765 est:
746 1709 826 1764 sic
877 1708 1022 1763 inter
1073 1707 1650 1778 circumscriptionem
1706 1709 2006 1762 secundum
2049 1723 2174 1774 nos,

585 1813 820 1868 quorum
844 1796 1076 1852 formam
1109 1797 1434 1867 assumpsit,
1463 1796 2181 1866 consistenquuemadmo-
2206 1778 2254 1838 Β

586 1891 718 1946 dum
746 1889 816 1945 ab
842 1903 906 1944 ea
936 1904 1033 1960 per
1060 1888 1258 1944 divina:
1291 1897 1502 1944 naturae
1539 1888 2177 1960 incomprehensibilita-

589 1987 700 2035 tem
737 1989 982 2037 remotus
1005 1989 1111 2036 est.
1139 1979 1261 2034 Non
1287 1980 1428 2034 enim
1485 1979 1702 2050 utique,
1737 1979 1815 2036 ait
1864 1979 2177 2052 Scriptura,

587 2071 799 2143 angelos
827 2072 1168 2141 apprehendit
1199 2070 1554 2143 (quanquam
1581 2080 1638 2126 et
1687 2071 1794 2126 illis
1832 2071 2012 2144 ellingi
2047 2087 2182 2128 con-

585 2161 758 2226 venit,
785 2171 846 2216 ut
880 2161 1137 2216 viderunt
1183 2161 1384 2230 quibus
1419 2161 1604 2216 videre
1633 2175 1665 2215 a
1697 2161 1910 2230 Spiritu
1951 2177 2182 2218 conces-

585 2265 709 2305 sum
748 2250 879 2321 est),
934 2250 1025 2304 sed
1066 2265 1242 2304 semen
1264 2249 1490 2303 Atra/ue
1529 2251 1873 2320 apprehendit
1905 2253 1974 2306 ³⁸.
2020 2251 2180 2307 Unde

584 2343 831 2414 oportuit
851 2357 976 2398 eum
1009 2358 1109 2412 per
1137 2341 1323 2398 omnia
1352 2342 1616 2398 fratribus
1638 2341 1947 2398 assimilari.
1979 2342 2176 2400 Dicant

585 2448 718 2507 ergo
745 2433 1174 2499 Christomaclti,
1205 2434 1485 2506 quomodo
1509 2441 1693 2505 potest
1721 2449 1912 2490 semen
1941 2435 2176 2491 Abrahae

601 2543 715 2583 non
745 2525 927 2599 eﬂingi
954 2527 1089 2582 lant
1119 2541 1312 2582 rursus
1345 2527 1620 2597 quomodo
1652 2542 1752 2598 per
1770 2527 1955 2582 omnia
1980 2527 2176 2586 similis

585 2619 748 2675 nobis
793 2619 922 2684 erit,
975 2633 1208 2690 quorum
1236 2617 1407 2673 frater
1457 2626 1704 2682 vocatur,
1739 2617 1785 2674 si
1827 2618 2175 2676 circumscri-

587 2711 798 2783 ptionis
846 2711 1260 2782 proprietatem,
1296 2718 1460 2781 prout
1487 2709 1542 2765 in
1589 2711 1751 2766 nobis
1784 2719 1888 2778 est,
1917 2710 2009 2780 qui
2053 2711 2174 2782 eius

584 2801 785 2857 fratres
813 2815 1028 2866 sumus,
1064 2815 1177 2856 non
1210 2801 1516 2871 sumpsisse
1562 2799 2018 2856 demonstretur?
2050 2799 2173 2856 Non

588 2892 756 2966 igitur
779 2891 970 2958 frater,
993 2907 1099 2948 nec
1146 2892 1340 2948 similis
1365 2891 1522 2947 nobis
1550 2900 1673 2959 est;
1705 2907 1770 2948 ac
1799 2892 2032 2962 proinde
2061 2906 2167 2948 nec

591 2986 782 3042 homo.
813 2985 892 3042 lta
927 2984 1271 3041 concluditur
1299 2999 1366 3040 ex
1400 2999 1467 3040 eo
1495 2984 1641 3054 quod
1670 2992 1869 3057 negant
1891 2983 2171 3040 Christum

583 3091 686 3148 per
713 3077 1008 3150 imaginem
1037 3076 1270 3148 exprimi
1303 3091 1458 3131 more
1492 3084 1704 3132 nostro.
1744 3075 1826 3130 Ita
1853 3074 1932 3130 illi
1964 3075 2172 3130 saluta-

584 3184 703 3225 rem
740 3169 1103 3226 meonomiam
1127 3169 1420 3224 destruunt
1451 3185 1466 3222 :
1501 3168 1728 3240 perinde
1757 3182 1822 3223 ac
1854 3165 2168 3232 Manichmi,

583 3263 957 3319 Valentiniani
985 3303 1002 3329 ,
1029 3271 1088 3318 et
1139 3261 1526 3318 Marcionistae.
1556 3261 1799 3329 Quorum
1829 3263 2174 3318 communio-

582 3371 712 3412 nem
739 3355 1032 3429 fugiamus,
1049 3355 1268 3421 fratres,
1287 3363 1548 3426 tanquam
1579 3355 1854 3426 serpentis
1895 3371 2172 3411 venenum

582 3463 695 3506 non
724 3459 926 3520 corpus
954 3447 1256 3512 infuscans,
1289 3457 1349 3505 ut
1383 3447 1622 3518 quodam
1659 3446 1782 3504 loco
1817 3447 1897 3504 ait
1927 3447 2174 3504 Theolo-

582 3556 708 3614 gus,
739 3541 836 3597 sed
857 3539 1058 3596 anima:
1075 3538 1292 3594 intima.

652 3715 766 3773 Nos
785 3716 1100 3788 apostolicae
1125 3724 1180 3772 et
1200 3713 1494 3772 universali
1520 3714 1780 3772 Ecclesia:
1817 3715 2173 3773 consentien-

583 3811 714 3882 tes(
748 3810 869 3866 hac
901 3809 1049 3865 enim
1099 3807 1399 3881 Byzantina
1453 3817 1797 3880 segmentum
1831 3817 1916 3864 est
1946 3809 2169 3866 lucreti-

580 3917 729 3968 cum,
749 3891 839 3958 cui
859 3902 1104 3958 solemne
1122 3910 1208 3957 est
1229 3911 1284 3957 et
1304 3901 1374 3957 ab
1398 3900 1520 3957 aliis
1538 3899 1854 3972 frequenter
1878 3901 2124 3958 abscindi
2147 3903 2166 3973 )

581 3992 873 4048 Dominum
901 4002 1151 4048 nostrum
1169 3991 1358 4048 Jesum
1384 3992 1667 4048 Christum
1691 3993 1961 4064 corporali
1991 3993 2166 4066 figura

579 4085 926 4157 depingimus
956 4101 972 4140 :
1008 4083 1148 4141 serie
1178 4100 1392 4140 sursum
1421 4085 1490 4141 ab
1516 4085 1636 4156 ipso
1667 4085 1789 4156 ejus
1821 4085 2054 4143 adventu
2099 4102 2170 4144 ex

579 4179 881 4251 apostolico
917 4178 1060 4235 facto
1087 4179 1337 4246 deducta,
1359 4179 1649 4250 imaginem
1679 4194 1745 4234 ex
1765 4178 1998 4251 imagine
2023 4179 2171 4236 deri-

579 4281 796 4339 vantes,
835 4273 1291 4342 quemadmodum
1324 4281 1380 4328 et
1412 4271 1640 4328 vivifica:
1679 4271 1898 4328 crucis:
1935 4287 2046 4326 non
2070 4287 2168 4327 au-

583 4373 694 4418 tem
731 4371 793 4417 ut
829 4361 972 4418 hanc
1002 4361 1226 4434 quidem
1258 4362 1631 4433 exprimamus
1669 4377 1792 4432 qua:
1834 4361 2041 4418 Christi
2071 4377 2165 4417 ar-

2279 516 2402 582 λιᾶς
2435 517 2550 571 ἀπὸ
2581 514 2692 568 τῶν
2727 513 2893 586 ίερῶν
2928 515 3091 586 ἡμῶν
3123 516 3479 588 ἀσκητηρίων
3503 533 3518 548 ο
3550 517 3697 572 οὕτω
3753 519 3868 573 δια-

2279 611 2560 682 μείνωμεν
2595 609 2760 680 μέχρι
2794 607 3008 673 τέλους,
3029 606 3260 679 δυνάμει
3290 609 3520 680 Κυρίου,
3547 610 3648 682 τὴν
3699 612 3868 683 αὐτὴν

2277 703 2463 758 πίστιν
2493 704 2737 772 ἔχοντες,
2777 701 2895 770 τὴν
2944 699 3144 768 αὐτὴν
3207 699 3469 770 ἀγάπην,
3525 703 3865 773 σύμψυχοι,

2273 793 2337 848 τὸ
2365 792 2425 847 ἓν
2460 792 2811 865 φρονοῦντες,
2862 791 2960 846 καὶ
2990 790 3324 870 κρατοῦντες
3350 791 3533 863 δόγμα
3571 795 3674 864 τῆς
3731 796 3867 866 ἀλη-

2275 883 2450 952 θείας,
2481 884 2545 938 τὸ
2573 883 2872 956 κηρυχθὲν,
2897 883 2990 937 καὶ
3009 882 3288 955 ἐγγραφὲν
3321 885 3416 938 καὶ
3443 882 3565 954 ὄψει
3585 887 3684 940 καὶ
3705 887 3864 959 ἀκοῇ,

2273 975 2336 1036 ἐν
2363 975 2518 1047 πάσῃ
2537 976 2602 1044 τῇ
2633 974 2812 1027 κτίσει
2841 972 2948 1026 ύπὸ
2971 972 3066 1026 τὸν
3087 972 3321 1043 οὐρανόν
3352 987 3366 1001 ·
3407 978 3748 1043 προσκυνεῖν
3771 978 3868 1046 μὲν

2275 1061 2370 1121 οὖν
2419 1066 2639 1137 Πατέρα
2669 1065 2766 1120 καὶ
2791 1065 2924 1118 Υίθν
2952 1063 3050 1118 καὶ
3073 1063 3302 1134 Πνεῦμα
3332 1064 3394 1117 τὸ
3420 1064 3597 1132 ἅγιον,
3643 1065 3747 1137 τὴν
3773 1083 3869 1119 πο-

2273 1157 2586 1230 λυύμνητον
2617 1158 2714 1211 καὶ⁵
2731 1156 3013 1228 μακαρίαν
3043 1155 3252 1228 Τριάδα
3303 1155 3447 1211 κατά
3501 1157 3595 1212 τὸν
3626 1157 3730 1228 τῆς
3753 1157 3870 1211 θεο-

2275 1250 2462 1321 λογίας
2495 1250 2653 1320 λόγον
2675 1265 2693 1283 ·
2728 1249 3012 1321 ὁμολογεῖν
3052 1249 3112 1304 δὲ
3163 1249 3254 1302 τὸν
3320 1249 3422 1304 ἕνα
3458 1249 3559 1320 τῆς
3609 1249 3866 1322 Τριάδος,

2273 1342 2368 1396 τὸν
2397 1341 2524 1396 Υίδν
2553 1341 2652 1396 καὶ
2681 1341 2856 1410 Λόγον
2895 1341 2992 1394 τοῦ
3023 1339 3186 1406 Θεοῦ,
3215 1339 3423 1413 Κύριον
3452 1339 3510 1393 δὲ
3538 1341 3699 1412 ἡμῶν
3760 1343 3867 1412 ’1η-

2277 1433 2406 1488 σοῦν
2431 1433 2691 1504 Χριστὸν,
2724 1431 2915 1486 ἑαυτὸν
2938 1431 3330 1497 κεκενωκέναι,
3356 1431 3545 1487 δούλου
3607 1449 3670 1485 τε
3724 1450 3868 1504 μορο

2276 1523 2385 1594 φῆν
2414 1523 2776 1590 ἀναλαϐόντα,
2812 1524 2870 1576 ὲν
2889 1521 3202 1592 ὁμοιώματι
3229 1539 3290 1576 τε
3341 1522 3649 1594 ἀνθρώπων
3700 1540 3871 1592 γεγο-

2275 1615 2428 1680 νότα,
2463 1615 2521 1668 ὲν
2553 1613 2685 1667 εῐδει
2711 1612 2790 1685 τῷ
2825 1613 2950 1668 καθ’
2981 1614 3130 1683 ἡμᾶς
3159 1611 3544 1681 είκονίζεσθαι,
3581 1631 3868 1686 χαρακτη-

2280 1703 2526 1776 ρίζεσθαι
2556 1704 2870 1775 χαρακτῆρι
2889 1702 3165 1772 σώματος,
3193 1703 3384 1757 καθότι
3413 1705 3441 1758 ό
3466 1704 3628 1768 αὐτὸς
3660 1695 3869 1769 τέλειος

2281 1797 2435 1862 Θεὸς,
2468 1795 2606 1867 ὁμοῦ
2631 1812 2694 1850 τε
2721 1797 2816 1850 καὶ
2856 1795 3145 1867 ἄνθρωπος
3206 1794 3578 1867 ἐχρημάτισε*
3609 1795 3868 1850 τοσοῦτον

2280 1889 2634 1962 περιγραφῆς
2677 1888 2810 1942 εἵσω
2838 1887 3134 1958 γενόμενος
3180 1887 3306 1942 καθ’
3336 1889 3507 1959 ἡμᾶς,
3531 1881 3608 1942 ὢν
3639 1889 3736 1942 καὶ
3769 1887 3868 1959 τὴν

2279 1982 2444 2052 φύσιν
2473 1980 2699 2054 εἴληφεν
2721 1997 2736 2014 ο
2766 1983 2892 2035 ὅσον
2924 1981 3130 2054 ταύτης
3179 1979 3262 2050 τῷ
3305 1981 3710 2052 ἀπεριγράπτῳ
3767 1981 3868 2052 τῆς

2280 2073 2434 2138 θείας
2465 2073 2683 2145 φύσεως
2715 2071 3040 2144 ἀνῴκισται.
3075 2073 3156 2126 οὐ
3181 2071 3316 2142 γὰρ,
3366 2072 3542 2144 δήπου
3599 2074 3749 2128 κατά
3796 2074 3866 2127 τά

2278 2165 2458 2236 λόγια,
2485 2163 2762 2236 ἀγγέλων
2808 2163 3278 2234 ἐπιλαμϐάνεται
3297 2179 3312 2194 ·
3368 2165 3531 2235 εἴπερ
3591 2166 3867 2229 κάκείνοις

2274 2257 2340 2312 τὸ
2367 2255 2734 2323 είκονίζεσθαι
2755 2271 2772 2286 θ
2805 2255 2880 2320 ὡς
2896 2249 3078 2310 ὦπται
3103 2259 3217 2321 τοῖς
3248 2255 3538 2327 βλέπουσιν
3563 2257 3668 2311 ὑπὸ
3695 2258 3868 2311 Πνεύ-

2280 2366 2452 2422 ματος
2475 2365 2491 2382 ο
2523 2347 2690 2404 ἀλλὰ
2713 2347 3064 2417 σπέρματος
3103 2347 3351 2418 Ἀϐραὰμ
3370 2349 3861 2419 ἐπιλαμϐάνεται.

2278 2442 2443 2497 Ὅθεν
2465 2440 2663 2512 ὤφειλε
2693 2441 2839 2494 κατὰ
2863 2441 3045 2495 πάντα
3071 2441 3185 2504 τοῖς
3215 2440 3473 2512 ἀδελφοῖς
3501 2441 3862 2513 ὁμοιωθῆναι.

2275 2531 2605 2589 Είπάτωσαν
2653 2530 2749 2586 οῦν
2799 2532 2849 2586 οἱ
2899 2531 3295 2604 Χριστομάχοι,
3354 2531 3476 2597 πῶς
3532 2527 3645 2586 οἷόν
3697 2550 3760 2586 τε
3807 2534 3864 2587 rb

2286 2621 2648 2694 ’Δϐραμιαῖον
2671 2621 2900 2692 σπέρμα
2934 2621 3012 2692 μὴ
3035 2618 3401 2686 είκονίζεσθαι
3426 2636 3442 2685 ;
3479 2619 3595 2684 πῶς
3625 2619 3674 2673 δ’
3705 2619 3859 2691 αὐτῷ

2271 2711 2390 2778 ἔξει
2421 2713 2482 2766 τὸ
2504 2711 2648 2766 κατὰ
2679 2712 2858 2766 πάντα
2885 2712 3075 2782 ὅμοιον
3107 2707 3262 2783 ἡμῖν,
3293 2705 3372 2764 ὧν
3393 2711 3622 2780 ἀδελφὸς
3656 2711 3859 2782 κέκλη-

2272 2821 2401 2859 ταιο
2440 2803 2603 2876 εῐπερ
2632 2803 2694 2857 οὐ
2725 2803 2788 2857 τὸ
2808 2805 3157 2876 περιγραφῆς
3186 2802 3385 2875 ίδίωμα
3416 2802 3540 2858 καθ’
3558 2804 3710 2877 ἡμᾶς
3737 2805 3862 2868 τοὺς

2274 2896 2546 2968 ἀδελφοὺς
2576 2895 2744 2952 αὑτοῦ
2775 2895 3016 2968 εἰληφὼς
3043 2895 3324 2950 δείκνυται
3345 2911 3361 2962 ;
3386 2896 3598 2951 οὐκοῦν
3619 2895 3855 2966 ἀδελφὸς

2272 2991 2387 3046 οὐδ’
2413 2990 2476 3045 ού
2502 2989 2610 3062 μὴν
2639 2989 2826 3061 ὅμοιος
2853 2989 2989 3059 ημῖν
3007 3001 3024 3020 ⁶
3067 2987 3160 3042 διὰ
3179 2985 3340 3040 τοῦτο
3366 2987 3491 3042 οὐδὲ
3539 2988 3854 3060 ἄνθρωπος.

2275 3081 2435 3136 Οὕτω
2479 3081 2751 3151 συνῆκται
2779 3081 2844 3133 ὲκ
2875 3078 2970 3132 τοῦ
3001 3079 3078 3150 μὴ
3129 3077 3316 3146 λέγειν
3369 3079 3568 3144 αὐτοὺς
3616 3080 3860 3151 Χριστὸν

2276 3175 2403 3231 καθ’
2440 3174 2592 3246 ἡμᾶς
2617 3171 2984 3239 είκονίζεσθαι
3007 3187 3022 3203 ο
3053 3172 3152 3226 καὶ
3177 3169 3354 3236 οὕτως
3381 3173 3858 3236 ἀποσκευάζονται

2273 3267 2375 3340 τὴν
2401 3266 2672 3338 σωτήριον
2697 3264 3014 3336 οἰκονομίαν
3043 3279 3059 3295 ο
3095 3263 3297 3336 ἐπίσης
3350 3263 3461 3318 τῶν
3513 3265 3856 3335 Μανιχαίων,

2273 3357 2644 3414 οὐαλεντίνων
2671 3373 2732 3412 τε
2790 3356 2889 3412 καὶ
2939 3355 3400 3428 Μαρκιωνιστῶνο
3457 3348 3533 3410 ὧν
3588 3356 3858 3429 φύγοιμεν

2271 3441 2372 3521 τὴν
2405 3447 2714 3514 κοινωνίαν,
2745 3444 2990 3517 ἀδελφοὶ,
3036 3445 3112 3508 ὡς
3140 3445 3218 3500 ίὸν
3256 3445 3458 3514 ὄφεως,
3484 3446 3850 3518 μελαίνουσαν

2271 3541 2336 3596 ού
2372 3539 2556 3612 σῶμα,
2581 3538 2660 3604 ὥς
2687 3536 2792 3594 πού
2851 3554 3020 3609 φησιν
3047 3538 3077 3592 ό
3107 3535 3403 3607 Θεολόγος·
3434 3537 3570 3592 ἀλλὰ
3614 3538 3683 3593 τά
3716 3538 3854 3611 βάθη

2269 3633 2373 3705 τῆς
2393 3632 2595 3705 ψυχῆςο

2341 3725 2420 3798 Τῇ
2444 3723 2784 3796 ἀποστολικῇ
2812 3722 2871 3778 δὲ
2903 3720 2999 3776 καὶ
3027 3721 3122 3777 ὕπ’
3175 3721 3408 3794 οὐρανὸν
3443 3721 3747 3795 Ἐκκλησία
3787 3723 3854 3778 τὰ

2271 3818 2365 3872 ἴσα
2395 3815 2721 3888 φρονοῦντες
2744 3832 2760 3847 ·
2787 3814 2928 3886 αῦτη
2955 3815 3066 3886 γὰρ
3095 3815 3129 3885 η
3158 3813 3490 3879 Βυζαντιαία
3533 3816 3730 3886 τμῆμα
3770 3817 3854 3870 al-

2271 3908 2508 3982 ρετικδν,
2539 3907 2616 3972 ὡς
2641 3906 2874 3962 εἴθισται
2902 3905 3042 3979 αὐτῇ
3067 3903 3352 3978 πολλαχῶς
3379 3905 3490 3961 τῶν
3517 3906 3696 3962 ἀλλων
3722 3908 3854 3961 ἀπο-

2271 3999 2553 4072 σχίζεσθαι
2583 4015 2598 4030 °
2651 3997 2993 4070 είκονίζομεν
3019 3997 3112 4052 τὸν
3163 3997 3369 4069 Κύριον
3423 3998 3582 4069 ἡμῶν
3640 3998 3852 4070 Ἰησοῦν

2267 4090 2505 4164 Χριστὸν
2533 4090 2834 4162 σωματικῷ
2870 4090 3204 4163 χαρακτῆρι,
3239 4091 3421 4163 εἱρμῷ
3465 4090 3544 4162 τῷ
3587 4092 3852 4146 ἀνέκαθεν

2267 4183 2366 4238 ἀπ’
2392 4181 2567 4254 αὐτῆς
2607 4182 2709 4254 τῆς
2765 4183 3093 4252 ἐπιφανείας
3150 4181 3319 4237 αὐτοῦ
3373 4183 3433 4250 ἐξ
3485 4185 3852 4253 ἀποπολικῆς

2268 4274 2521 4348 πράξεως
2556 4274 2920 4348 παρηγμένῳ,
2951 4273 3010 4341 ἐξ
3054 4272 3264 4337 είκόνος
3325 4273 3512 4327 είκόνα
3568 4274 3849 4344 μεταγρά-

2269 4383 2488 4437 φοντες,
2514 4366 2769 4438 καθάπερ
2799 4365 2895 4419 καὶ
2952 4363 3048 4419 τοῦ
3092 4363 3368 4429 ζωοποιοῦ
3415 4365 3654 4438 σταυροῦ
3685 4383 3701 4398 ο
3755 4366 3848 4420 καὶ

581 4464 798 4512 matura
822 4463 909 4510 est
945 4455 1212 4510 adversus
1257 4455 1570 4520 diabolum,
1612 4454 1791 4525 ipsum
1826 4464 2011 4510 autem
2050 4470 2164 4512 non

2272 4458 2349 4531 μὴ
2395 4457 2490 4514 τὸν
2543 4456 2645 4526 μὲν
2715 4455 3052 4523 τυποῦντες,
3108 4456 3168 4520 ὃς
3217 4457 3368 4511 ἐστιν
3395 4457 3560 4511 ὅπλον
3606 4457 3844 4529 Χριστοῦ

581 4549 952 4622 exprimamus
969 4548 1063 4620 qui
1091 4548 1326 4619 armiger
1359 4554 1445 4602 est
1473 4555 1530 4602 et
1557 4546 1881 4602 interfector
1919 4547 2155 4604 Satanae.

579 4639 686 4708 Qui
711 4640 860 4696 enim
905 4639 1125 4710 depingi
1160 4649 1324 4708 queat
1374 4646 1651 4692 armatura
1687 4637 1883 4694 victrix
1916 4653 1981 4695 ac
2009 4654 2162 4705 vera,

581 4750 706 4804 quae
727 4743 998 4789 armatum
1025 4747 1242 4803 quoque
1270 4730 1449 4802 ipsum
1503 4731 1678 4786 oculis
1706 4745 1816 4786 non
1849 4731 2109 4803 subjiciat
2139 4731 2164 4786 ?

579 4822 1094 4880 Adoramusdeinde
1127 4833 1370 4880 sanctam
1399 4821 1521 4893 ejus
1555 4822 1868 4895 imaginem,
1901 4832 2160 4894 tanquam

534 4989 538 4992 η
581 4931 900 4986 expressum
937 4915 992 4972 in
1053 4929 1121 4971 ea
1176 4914 1460 4970 Christum
1497 4913 1808 4969 adorantes.
1857 4914 2164 4986 Expressus

580 5007 732 5061 enim
762 5014 818 5062 et
842 5006 1165 5063 ell'ormatus
1190 5021 1258 5061 ex
1285 5015 1443 5061 utero
1473 5004 1676 5076 prodiit
1704 5005 1946 5076 Deiparae
1966 5006 2161 5063 matris

579 5113 697 5155 suae
724 5114 738 5153 :
767 5099 852 5154 sin
877 5097 1084 5165 minus,
1113 5099 1424 5154 abortivum
1447 5097 1705 5168 quiddam
1735 5105 1791 5153 et
1816 5113 1928 5153 non
1959 5098 2162 5154 forma-

581 5197 674 5246 tus
702 5188 868 5244 homo
896 5189 1020 5252 fuit,
1053 5204 1088 5245 o
1139 5189 1482 5245 theomachil
1524 5188 1678 5255 Quod
1708 5189 1750 5244 si
1786 5189 2159 5246 conformatus

580 5279 763 5336 infans
786 5279 988 5350 prodit,
1017 5289 1079 5335 ut
1108 5295 1298 5335 verum
1333 5288 1440 5346 est,
1470 5279 1538 5334 de
1565 5295 1674 5348 quo
1699 5279 1836 5334 dixit
1862 5280 2156 5351 propheta:

578 5369 746 5426 Omne
765 5369 1111 5424 masculinum
1127 5371 1440 5440 adaperiens
1458 5369 1664 5423 vulvam
1687 5378 1928 5422 sanctum
1947 5368 2054 5422 Deo
2069 5386 2159 5423 vo-

579 5462 790 5519 cabilur
815 5463 896 5530 “;
925 5477 1152 5518 necesse
1179 5478 1404 5534 prorsus
1433 5471 1518 5516 est
1569 5470 1632 5516 ut
1667 5461 1899 5532 exprimi
1959 5471 2153 5516 natura

577 5565 676 5607 sua
702 5553 874 5623 possit
894 5563 949 5608 et
978 5551 1178 5624 efﬁngi.
1207 5551 1393 5617 Sardi,
1426 5553 1639 5618 audite;
1677 5551 1823 5614 creti,
1843 5551 2062 5619 aspicite
2091 5553 2157 5605 ".

583 5642 702 5702 lina
731 5646 784 5701 in
814 5662 874 5703 re
893 5648 1158 5703 duntaxat
1209 5644 1508 5702 novitatem
1539 5643 1594 5698 in
1650 5641 1873 5698 Christo
1909 5641 2159 5713 agnosci-

2270 4551 2414 4606 κατὰ
2450 4548 2547 4604 τοῦ
2576 4549 2824 4604 διαϐόλου
2845 4565 2859 4581 ο
2881 4548 2973 4603 τὸν
2995 4549 3053 4603 δὲ
3077 4548 3181 4603 οὐκ
3213 4549 3598 4615 είκονίζοντες,
3625 4550 3686 4613 ὅς
3700 4553 3844 4604 ἐστιν

2267 4641 2498 4713 ὁπλίτης
2536 4634 2636 4696 ’καὶ
2673 4640 3005 4713 καθαιρέτης
3041 4640 3138 4695 τοῦ
3193 4642 3430 4696 Σατανᾶ.
3483 4641 3595 4697 Ποῦ
3621 4643 3731 4715 γὰρ
3780 4642 3843 4696 ἀν

2267 4732 2576 4804 ὲγγραφείη
2598 4731 2762 4786 ὅπλον
2787 4731 3066 4802 νικητικὸν
3092 4731 3187 4784 καὶ
3202 4731 3429 4802 ἀληθὲς,
3463 4733 3542 4804 μὴ
3579 4733 3674 4787 τὸν
3694 4733 3844 4787 όπλί-

2266 4840 2372 4896 την
2424 4822 2549 4895 εχον
2597 4824 2691 4878 ὑπ’
2719 4824 2846 4895 δψιν
2887 4821 3277 4894 δεικνύμενον;
3309 4819 3443 4878 Εἶτα
3468 4825 3567 4878 καὶ
3606 4841 3843 4896 προσκυ-

2265 4915 2466 4988 νοῦμεν
2487 4915 2657 4971 αὐτοῦ
2681 4915 2782 4987 τὴν
2819 4915 2983 4984 ἁγίαν
3011 4915 3220 4981 εἰκόνα,
3247 4915 3325 4980 ὡς
3374 4915 3436 4969 ἐν
3489 4916 3630 4988 αὐτῇ
3672 4933 3840 4988 προσ-

2262 5007 2553 5071 κυνοῦντες
2575 5007 2668 5060 τὸν
2693 5005 3126 5078 ἐξεικονισμένον
3143 5005 3380 5074 Χριστόν
3396 5046 3412 5060 .
3445 5007 3840 5078 Ἐξεικονισμέ·

2261 5119 2352 5166 νος
2380 5101 2492 5172 γάρ
2518 5100 2790 5173 προῆλθεν
2819 5101 2885 5154 ὲκ
2914 5097 3123 5164 κοιλίας
3155 5101 3366 5172 μητρὸς
3394 5100 3564 5156 αὐτοῦ
3599 5102 3693 5172 τῆς
3709 5101 3838 5154 Θεο-

2259 5193 2418 5248 τόκου
2444 5209 2459 5224 ⁶
2490 5194 2540 5247 εί
2563 5193 2620 5246 δὲ
2655 5191 2732 5265 μὴ
2752 5232 2768 5258 ,
2791 5191 3187 5264 ἀμϐλωθρξδιόν
3223 5209 3278 5246 τι
3329 5195 3426 5248 καὶ
3453 5196 3514 5248 ού
3545 5211 3834 5265 μεμορφω-

2268 5283 2430 5352 μένος
2456 5283 2763 5356 ἄνθρωπος,
2792 5276 2838 5336 ὧ
2868 5282 3126 5354 θεομάχοι
3157 5286 3170 5338 l
3201 5285 3265 5338 El
3325 5284 3384 5337 δὲ
3407 5285 3834 5354 ἑξεικονισμένον

2261 5372 2324 5447 τὸ
2349 5372 2548 5443 βρέφος
2579 5373 2846 5444 πρόεισιν,
2883 5372 3072 5445 ὥσπερ
3095 5373 3294 5446 ἀληθές
3322 5391 3342 5406 ο
3390 5374 3523 5445 περὶ
3561 5368 3621 5428 οὗ
3671 5390 3834 5444 φησιν

2265 5459 2294 5513 ὁ
2325 5459 2614 5530 προφήτης
2647 5475 2662 5490 ⁸
2695 5458 2825 5514 Πᾶν
2851 5458 3044 5528 ἄρσεν
3072 5459 3378 5530 διανοῖγον
3401 5459 3639 5530 μήτραν
3665 5458 3834 5528 ἅγιον

2265 5547 2348 5613 τῷ
2377 5545 2500 5613 Θεῷ
2529 5545 2902 5615 κληθήσεται
2927 5563 2942 5579 ο
2975 5549 3126 5602 πᾶσα
3172 5548 3384 5618 ἀνάγκη
3429 5549 3528 5602 καὶ
3583 5545 3832 5614 ἐξεικονί-

2267 5637 2456 5704 ζεσθαι
2505 5639 2770 5710 πέφυκεν.
2795 5641 2860 5692 Ol
2891 5640 3100 5709 κωφοὶ,
3129 5641 3455 5708 ἀκούσατε,
3484 5639 3584 5694 καί
3641 5641 3696 5692 οι
3733 5654 3830 5693 τυ·

651 5776 699 5810 ’δ
725 5775 923 5850 Philip.
955 5779 1008 5835 7.
1083 5781 1131 5816 ’⁸
1171 5777 1339 5836 Hebr.
1391 5795 1452 5843 ιι,
1489 5777 1576 5833 l6.
1653 5779 1700 5811 ¹⁶
1741 5777 1914 5834 Exod.
1970 5791 2092 5845 xttt,
2118 5776 2152 5831 2

2273 5789 2445 5844 uc..tt,
2479 5775 2568 5832 15.
2643 5776 2688 5808 ’⁷
2721 5773 2823 5831 Isa.
2874 5773 3120 5842 XLII,18.
