4054 6364
193 353 332 419 H33

1387 350 1924 412 EPISTULARUM
1958 350 2108 412 LIB.
2151 349 2234 409 II.

3324 353 3464 420 1134

186 464 737 539 φλοί,ἐμόλέψατε·
768 462 827 516 ὲν
862 462 946 517 ἑνὶ
995 463 1213 535 μόνονή
1246 462 1375 517 καθ’
1409 464 1563 535 ἡμᾶς
1587 480 1768 518 καινο-

1876 478 2014 526 mus,
2046 461 2191 531 quod
2232 460 2355 516 sine
2377 458 2591 515 semine
2621 459 2676 515 in
2704 460 2943 532 Virginis
2986 472 3146 518 utero
3165 477 3466 537 conceptus

184 561 348 632 τομία
372 560 466 612 ἰπὶ
502 554 744 628 Χριστοῦ
774 570 789 585 ⁸
822 555 1051 610 ὅτιᾶνευ
1083 555 1295 626 σπορᾶς
1329 554 1687 625 συνείληπται
1710 553 1769 606 ἐν

190 654 377 724 μήτρᾳ.
408 648 717 719 Παρθένου,
748 646 858 701 ιια)⁸
883 646 1007 716 δίχα
1047 645 1255 716 φθορᾶς
1281 645 1609 718 γεγέννηται
1638 660 1653 675 ’
1679 660 1774 698 κα·

187 745 303 800 θὸτι
331 742 476 798 οὐδὲ
506 742 804 812 ἁμαρτίαν
848 739 1108 806 ἐποίησε
1139 736 1441 807 γραφικῶς
1464 754 1477 767 ·
1512 735 1655 792 οὐδὲ
1671 736 1772 789 δό-

185 838 296 899 λος
331 833 545 902 εὑρέθη
588 831 660 885 ἐν
705 827 787 894 τῷ
844 828 1099 897 στόματι
1155 826 1365 881 αὑτοῦ.
1422 826 1505 878 Τὰ
1548 825 1595 878 δ’
1636 824 1773 879 ἄλλα

186 920 363 974 πάντα
410 916 531 972 καθ’
558 918 709 987 ἡμᾶς
742 932 757 947 °
804 916 1009 985 ἔφαγεν
1043 930 1057 944 ·
1094 914 1219 968 ἔπιε
1244 932 1259 947 ·
1285 914 1633 985 διεπνεύσθηο
1669 913 1771 985 ηὖ-

189 1010 350 1082 ξησεν
372 1027 387 1042 '
417 1010 669 1064 ὲδάδισεν
693 1025 708 1039 ο
745 1008 975 1079 ἵδρωσεν
1001 1024 1017 1040 ο
1040 1008 1338 1062 ὲκοπίασεν
1367 1024 1381 1039 ·
1410 1006 1735 1080 ἐσταυρώθη
1754 1023 1768 1035 ·

187 1101 426 1156 ἀπέθανε
446 1117 462 1133 ·
491 1100 617 1165 κᾶν,
650 1098 728 1163 ὡς
751 1098 903 1162 Θεὸς,
946 1099 1251 1170 τριήμερος
1278 1099 1599 1170 ἐγήγερται,
1633 1098 1772 1169 ἔχων

190 1193 286 1249 καὶ
335 1192 475 1263 μετὰ
501 1192 600 1262 τὴν
625 1190 927 1245 ἀνάστασιν
958 1191 1061 1261 τὴν
1108 1189 1557 1262 ὲξεικονισμένην
1611 1191 1773 1261 ἡμῶν

196 1284 410 1356 μορφὴν
435 1281 730 1337 θεωθεϊσαν
756 1283 852 1336 καὶ
871 1282 1332 1353 ἀφθαρτισθεϊσαν
1358 1285 1416 1336 ὲν
1433 1283 1581 1354 αὐτῷ
1605 1298 1620 1313 ·
1640 1283 1742 1338 καθ
1758 1284 1773 1305 '

192 1379 259 1449 ἢν
292 1378 388 1433 καὶ
410 1375 606 1447 ἐθεάθη
666 1378 779 1440 τοῖς
808 1376 1151 1441 ἀποστόλοις,
1199 1376 1295 1429 xai.
1352 1375 1629 1445 συνέφαγε
1676 1375 1773 1428 καὶ

190 1472 443 1524 συνέπιεν
483 1470 882 1541 ἐγηγερμένος,
904 1469 1000 1523 καὶ
1044 1468 1373 1540 ὲψηλαφήθη
1403 1469 1509 1522 ὑπὸ
1553 1468 1725 1538 Θωμᾶ
1754 1483 1769 1497 °

190 1563 367 1630 λέγων
389 1563 503 1625 τοῖς
533 1562 701 1615 πᾶσιν
721 1560 1137 1631 ὑποτοπήσασιν
1164 1559 1326 1614 αὑτὸν
1348 1558 1567 1629 πνεῦμα
1594 1552 1734 1625 εἶναι
1753 1575 1769 1591 ο

199 1652 610 1723 Ψηυιαςρήσατέ
632 1668 711 1723 με
734 1652 834 1706 καί
855 1651 1034 1718 ἴδετε,
1056 1651 1146 1706 ὅτι
1172 1651 1411 1720 πνεῦμα
1444 1648 1644 1717 σάρκα
1672 1649 1772 1704 καί

192 1743 374 1797 ὀστέα
402 1743 515 1797 οὐκ
538 1741 687 1812 ἔχει,
718 1742 915 1809 καθὼς
953 1740 1060 1812 ἐμὲ
1086 1740 1354 1809 θεωρεῖτε
1380 1740 1621 1811 ἔχοντα.
1660 1738 1770 1793 Οὖ-

1875 551 1966 617 sit,
1981 560 2037 606 et
2058 550 2177 606 sine
2205 550 2561 620 corruptione
2583 561 2881 622 prognatus
2903 570 2917 607 :
2936 554 3142 623 quippe
3165 555 3256 625 qui
3277 572 3467 623 pecca-

1875 653 1985 695 tum
2014 658 2117 695 non
2139 642 2282 713 fecit,
2342 657 2435 695 nec
2462 642 2703 696 inventus
2728 652 2801 697 est
2832 642 2984 698 dolus
3014 646 3070 697 in
3100 660 3189 699 ore
3226 646 3346 715 ejus
3393 647 3464 702 ⁸⁸.

1872 734 2084 790 Caetera
2106 743 2291 789 autem
2311 734 2496 789 omnia
2526 750 2682 789 more.
2712 744 2923 801 nostro,
2942 736 3075 803 edit,
3091 737 3228 792 bibit
3258 779 3273 803 ,
3304 739 3470 808 spiri-

1874 836 1989 882 tum
2021 827 2215 895 duxit,
2265 826 2459 891 crevit,
2519 827 2853 891 ambulavit,
2908 828 3147 895 sudavit,
3181 830 3467 895 laboravit,

1880 919 2175 974 cruciﬁxus
2218 928 2303 975 est
2326 958 2341 985 ,
2383 928 2634 974 mortuus
2679 928 2763 975 est
2793 939 2805 974 :
2838 922 2965 987 etsi,
2999 930 3059 976 ut
3094 922 3273 988 Deus,
3311 925 3471 978 tertio

1874 1011 1963 1065 die
1995 1011 2301 1066 resurrexit
2324 1051 2339 1077 ,
2373 1010 2585 1066 habens
2616 1011 2779 1066 etiam
2830 1021 2954 1083 post
3009 1014 3468 1069 resurrectionem

1873 1115 2190 1171 expressam
2226 1102 2457 1158 formam
2487 1112 2731 1158 nostram
2784 1104 2897 1174 jam
2935 1104 3240 1160 deiﬁcatam
3274 1114 3328 1161 et
3365 1106 3471 1161 im-

1875 1195 2159 1250 mortalem
2188 1194 2243 1249 in
2274 1196 2392 1266 ipso
2421 1195 2618 1252 factam
2655 1197 2989 1253 :secundum
3033 1213 3196 1267 quam
3233 1207 3288 1253 et
3318 1199 3471 1256 visus

1873 1295 1958 1339 est
1987 1284 2057 1338 ab
2086 1284 2365 1354 apostolis,
2393 1294 2449 1340 et
2482 1301 2605 1341 eum
2633 1285 2741 1341 illis
2779 1287 2914 1350 edit,
2945 1287 3082 1342 bibit
3108 1328 3121 1352 ,
3167 1289 3466 1347 redivivus.

1874 1386 1928 1431 et
1959 1392 1990 1432 a
2013 1376 2225 1433 Thoma
2249 1387 2622 1435 contrectatus
2644 1389 2728 1435 est
2756 1398 2768 1434 :
2802 1380 3057 1436 omnibus
3084 1382 3175 1451 qui
3196 1399 3319 1437 eum
3347 1397 3472 1439 esse

1874 1470 2123 1540 spiritum
2147 1472 2598 1543 suspicabantur,
2618 1474 2836 1529 dicens:
2863 1473 3087 1545 Palpate
3109 1493 3190 1531 me
3212 1488 3259 1531 et
3277 1478 3470 1541 videte,

1874 1562 1999 1631 quia
2019 1562 2237 1631 spiritus
2259 1578 2474 1618 carnem
2492 1572 2541 1618 et
2565 1580 2682 1617 ossa
2703 1581 2806 1618 non
2828 1566 3002 1631 habet,
3023 1566 3157 1620 sicut
3175 1568 3361 1622 videtis
3381 1585 3465 1624 me

1874 1651 2066 1706 habere
2086 1650 2254 1707 ".Sic
2287 1662 2342 1708 et
2365 1663 2679 1724 assumptus
2697 1663 2782 1710 est
2803 1656 2857 1709 in
2880 1656 3048 1727 gloria
3074 1674 3087 1710 :
3112 1658 3190 1713 sic
3209 1668 3263 1714 et
3280 1660 3461 1715 veniet

1876 1743 1928 1799 in
1959 1744 2133 1800 forma
2153 1747 2344 1801 eadem
2366 1746 2567 1817 speciei
2591 1757 2793 1803 nostra:
2820 1766 2834 1803 :
2866 1764 3028 1819 quem
3055 1749 3259 1806 videbit
3281 1751 3462 1806 omnis

192 1852 268 1889 τω
295 1836 392 1888 καὶ
438 1834 721 1906 ἀνελήφθη
752 1833 811 1889 ὲν
839 1833 968 1905 δόξῃ
1002 1850 1018 1865 ·
1062 1833 1327 1897 ὡσαύτως
1376 1838 1472 1888 καὶ
1531 1833 1653 1905 ἥξει
1713 1834 1772 1887 ὲν

1877 1852 2006 1893 caro
2030 1838 2094 1891 de
2124 1837 2170 1869 '°
2205 1839 2356 1903 caelo,
2384 1855 2503 1893 cum
2541 1840 2742 1911 angelis
2767 1841 2978 1895 virtutis
3001 1842 3134 1911 ejus,
3164 1845 3220 1896 in
3250 1845 3472 1912 ﬂamma

195 1929 375 1999 μορφῇ
405 1929 473 1998 τῇ
532 1926 672 1997 αὐτῇ
719 1924 815 1980 τοῦ
867 1925 990 1980 καθ’
1033 1925 1183 1996 ἡμᾶς
1237 1924 1410 1988 εἴδους
1443 1939 1456 1954 ο
1484 1924 1543 1977 ὂν
1587 1923 1779 1993 ὄψεται

192 2022 341 2074 πᾶσα
381 2018 521 2089 σὰρξ
568 2018 676 2073 ἀπ’
715 2015 976 2087 οὐρανοῦ
1009 2018 1138 2086 μετ’
1163 2015 1437 2086 ἀγγέλων
1467 2014 1779 2089 δυνάμεως

189 2110 374 2166 αὑτοῦ
404 2111 473 2164 ἐν
494 2109 633 2178 πυρὶ
662 2106 912 2178 φλογὸς,
972 2107 1227 2160 διδόντα
1285 2105 1603 2174 ἐκδίκησιν
1651 2105 1778 2171 τοῖς

188 2203 270 2274 μὴ
294 2203 485 2257 είδόσι
516 2202 686 2266 Θεὸν,
718 2200 817 2255 καὶ
845 2200 973 2267 τοῖς
998 2200 1083 2270 μὴ
1122 2200 1513 2256 ὐπακούσασι
1536 2198 1616 2264 τῷ
1661 2198 1776 2253 Εὐ·

191 2295 445 2366 αττελίφ
495 2293 706 2356 αὑτοῦ,
777 2292 960 2356 καθὼς
1011 2292 1359 2363 γέγραπται’
1424 2289 1544 2361 μεθ’
1605 2283 1681 2344 ὧν
1724 2291 1775 2344 οί

196 2386 605 2458 σταυρώσαντες
633 2386 798 2440 αὑτὸν
833 2385 1079 2439 Ἰουδαῑοι
1105 2385 1384 2455 κόψονται,
1434 2385 1529 2437 καὶ
1587 2384 1638 2437 οί
1697 2383 1774 2453 μὴ

192 2478 507 2549 ἀνεχόμενοι
572 2475 737 2531 αὐτὸν
800 2475 1087 2540 είκονίζειν
1137 2474 1525 2545 Εἰκονομάχοι.
1585 2471 1775 2527 Ταῦτά

194 2571 359 2634 ιστιν,
396 2568 638 2638 ἀδελφοὶ,
660 2568 729 2622 τὰ
749 2565 1081 2636 εὐαγγελικὰ
1110 2567 1467 2637 κηρύγματα·
1493 2565 1667 2619 ταῦτα
1700 2564 1772 2618 τὰ

196 2662 529 2717 ἀποστολικὰ
567 2661 893 2730 διδάγματα.
918 2660 982 2714 υί
1021 2660 1079 2713 δὲ
1123 2657 1389 2713 τάναντία
1418 2658 1767 2730 φρονοῦντες,

195 2757 270 2819 είς
301 2754 491 2826 ἓτερον
521 2752 928 2822 Εὖαγγέλιον,δ
977 2753 1079 2806 οὐκ
1137 2751 1285 2806 ἔστιν
1334 2752 1483 2819 ἄλλο,
1532 2751 1769 2825 πειρῶν-

194 2862 281 2901 ται
312 2844 687 2916 μεταστρέψαι
733 2843 827 2897 τὸν
877 2842 1007 2897 λαὸν
1050 2840 1146 2897 τοῦ
1194 2842 1353 2907 Θεοῦ,
1402 2842 1772 2915 προφέροντες

196 2936 321 2989 νόθα
373 2935 786 3007 συγγράμματα
808 2948 825 2964 ’
852 2934 918 2988 ἐκ
937 2932 1149 2997 κοιλίας
1180 2930 1510 3001 φωνοῦντες.
1546 2933 1641 2986 καὶ
1669 2932 1770 2985 οὐκ

196 3027 299 3083 ἀπὸ
324 3027 596 3098 στόματος
636 3026 868 3098 Κυρίου.
900 3024 1075 3079 Εῐωθε
1117 3023 1226 3094 γάρ
1257 3024 1345 3077 ἀεὶ
1399 3024 1477 3095 τῷ
1512 3024 1645 3095 σίτῳ
1698 3022 1769 3076 τὰ

1878 1927 2034 1997 ignis,
2065 1926 2355 1981 vindictam
2385 1929 2601 1982 dantem
2629 1929 2694 1982 iis
2730 1930 2821 1999 qui
2849 1946 2950 1983 non
2996 1942 3247 1985 noverunt
3277 1931 3472 1997 Deum,

1877 2028 1925 2071 et
1942 2019 2031 2088 qui
2053 2018 2342 2090 Evangelia
2363 2019 2478 2088 ejus
2498 2035 2601 2073 non
2620 2020 2924 2074 obedierunt
2949 2021 3018 2087 ³⁸,
3039 2022 3183 2077 sicut
3204 2023 3472 2093 scriptum

1876 2118 1960 2164 est
1984 2125 1998 2162 :
2021 2124 2144 2164 cum
2176 2110 2376 2179 quibus
2401 2109 2660 2181 plangent
2700 2119 2755 2164 et
2789 2110 2882 2180 qui
2930 2111 3319 2167 crucifixerunt
3343 2128 3472 2168 eum

1874 2199 2067 2265 Judaei,
2098 2208 2154 2254 et
2180 2200 2273 2269 qui
2294 2201 2415 2271 ejus
2441 2199 2670 2271 elligiem
2692 2199 2807 2256 ﬁeri
2834 2216 2942 2255 non
2968 2201 3152 2257 ferunt
3183 2201 3471 2258 lconoma-

1875 2290 1985 2344 chi.
2024 2288 2151 2345 Haec
2188 2298 2295 2356 est,
2334 2291 2551 2356 fratres,
2598 2290 2912 2362 evangelica
2952 2292 3269 2361 praedicatio
3305 2310 3319 2346 :
3354 2292 3471 2349 haec

1875 2389 2006 2434 sunt
2022 2381 2316 2451 apostolica
2335 2380 2686 2436 documenta.
2707 2380 2809 2448 Qui
2826 2397 2958 2438 vero
2980 2391 3170 2438 contra
3191 2384 3467 2447 sentiunt.

1874 2472 1941 2526 ad
1967 2472 2115 2526 aliud
2141 2470 2584 2543 Evangelium",
2608 2472 2753 2542 quod
2786 2473 3008 2544 quidem
3039 2490 3147 2530 non
3180 2475 3329 2530 aliud
3360 2486 3467 2542 est,

1874 2563 1969 2618 Dei
2001 2564 2266 2635 populum
2303 2563 2593 2619 traducere
2613 2574 2903 2633 conantur,
2923 2565 3232 2621 adulterina
3261 2566 3471 2638 scripta.

1874 2652 2237 2721 proferentes,
2261 2666 2327 2705 es
2348 2659 2540 2705 ventre
2565 2652 2875 2721 loquentes,
2904 2663 2959 2709 et
2989 2669 3096 2709 non
3133 2668 3198 2709 es
3232 2670 3328 2709 ore
3361 2655 3471 2711 Do-

1874 2743 2030 2796 mini.
2069 2744 2260 2800 Solent
2288 2759 2507 2814 semper
2545 2759 2675 2800 cum
2717 2744 2896 2800 tritico
2932 2745 3139 2800 zizania
3186 2748 3467 2820 seminari,

1870 2844 1926 2890 et
1963 2836 2174 2891 veritati
2202 2836 2545 2893 mendacium
2584 2837 2815 2908 aspergi.
2852 2837 3137 2903 Quomodo
3175 2840 3320 2894 enim
3371 2856 3467 2895 ve-

1872 2928 2005 2982 ritas
2029 2927 2320 2993 elucescat,
2366 2927 2412 2982 si
2453 2927 2939 2983 contradictionem
2990 2928 3192 2983 nullam
3233 2930 3472 2986 habeat?

1871 3016 1976 3072 Sed
2004 3016 2122 3071 licet
2151 3033 2263 3084 nos,
2299 3016 2473 3087 inquit
2500 3016 2811 3087 Apostolus,
2842 3026 2936 3070 aut
2979 3018 3199 3090 angelus
3238 3020 3303 3073 de
3340 3020 3467 3074 aeto

197 3121 409 3185 ζιζάνια
437 3118 936 3191 παρασπείρεσθαι,
972 3117 1067 3173 καὶ
1092 3120 1158 3189 τῇ
1189 3117 1419 3190 ἀληθείᾳ
1477 3116 1538 3170 τὸ
1571 3115 1767 3187 ψεῦδος

1876 3109 2187 3180 evangelizct
2234 3109 2403 3173 vobis,
2449 3117 2640 3179 praeter
2688 3125 2850 3180 quam
2896 3116 3032 3181 quod
3087 3111 3469 3179 evattgelizaui-

198 3211 613 3281 παρατίθεσθαι.
657 3210 809 3263 Ἐπεὶ
840 3209 957 3273 πῶς
980 3209 1079 3263 καὶ
1100 3209 1297 3281 φανείη
1317 3207 1547 3280 ἀλήθεια
1575 3209 1651 3279 μὴ
1675 3209 1763 3262 ἀνα

197 3302 434 3371 τιλογίαν
462 3301 700 3372 ἐχουσας
777 3299 951 3355 Ἀλλὰ
985 3300 1083 3355 καί
1116 3299 1226 3353 ἐὰν
1283 3302 1479 3369 ἡμεῖς,
1544 3300 1708 3369 φησὶν
1740 3301 1769 3351 ὀ

209 3394 545 3458 Ἀπόστολος,
571 3393 609 3462 ἣ
642 3392 899 3463 ἅγγελος
923 3393 993 3457 ἐξ
1026 3392 1291 3461 οὐρανοῦ
1322 3391 1768 3463 εὐαγγελίζηται

1875 3218 1990 3257 mus
2012 3201 2175 3267 vobis,
2215 3201 2503 3255 anathema
2536 3201 2642 3256 sit:
2666 3202 2801 3256 sicut
2829 3202 3203 3272 prwdiximus,
3239 3211 3287 3255 et
3330 3220 3467 3257 nunc

1875 3297 2065 3351 iterum
2090 3294 2205 3347 dico
2226 3308 2245 3346 :
2274 3291 2332 3347 Si
2353 3293 2468 3363 quis
2489 3291 2629 3345 vobis
2668 3292 2979 3362 cvangelizet
3013 3302 3201 3362 praatcr
3252 3294 3308 3346 id
3329 3294 3469 3364 quod

1879 3385 2179 3454 accepistis,
2205 3387 2491 3438 anathema
2524 3383 2592 3437 sit
2624 3383 2691 3437 ”.

202 3486 335 3556 ὑμῖν
363 3484 502 3554 παρ’
527 3484 559 3539 δ
592 3484 1106 3554 εὐηγγελισάμεθα
1133 3483 1295 3555 ὑμῖν,
1326 3484 1593 3555 ἀνάθεμα
1617 3485 1774 3538 ἔστω
1795 3497 1811 3513 ο
1848 3482 1930 3546 ὠς
1976 3476 2443 3548 προειρήκαμεν,
2473 3474 2581 3531 καί
2611 3475 2746 3545 άρτι
2806 3473 2995 3529 πάλιν
3016 3471 3174 3545 λέγω
3197 3489 3213 3504 ο
3273 3471 3349 3527 ιιι
3376 3488 3468 3538 τις

200 3571 624 3643 εὐαγγελίζεται
676 3570 832 3641 ὑμᾶς
867 3572 1000 3641 παρ’
1027 3571 1060 3626 ὃ
1088 3572 1473 3641 παρελάϐετε,
1517 3570 1786 3641 ἀνάθεμα
1821 3568 1980 3623 ἔστω

269 3665 402 3736 Περὶ
425 3664 482 3717 δὲ
511 3664 610 3734 τῆς
642 3662 931 3729 Θεοτόκου,
969 3663 1002 3733 ἢ
1056 3662 1370 3718 οὑτινοσοῦν
1423 3662 1533 3719 τῶν
1572 3663 1773 3731 ἁγίων,

199 3757 275 3812 ὅτι
309 3756 684 3821 είκονίζονται,
714 3756 976 3826 περισσόν
996 3755 1086 3827 μοί
1111 3758 1231 3811 ἐστι
1267 3756 1330 3810 τδ
1353 3756 1587 3828 γράφειν
1612 3756 1768 3826 ὑμῖν.

212 3846 443 3900 Ἦλίθιον
473 3847 582 3917 γὰρ
613 3847 894 3901 ὁντιναοῦν
922 3847 1214 3920 ἄνθρωπον
1245 3848 1415 3918 φαίην
1478 3848 1554 3919 μὴ
1598 3865 1773 3920 χαρα-

200 3938 574 4008 κτηρίζεσθαι.
619 3939 759 3993 Ἀλλ’
789 3940 841 3993 οί
893 3941 1127 4012 Χριστὸν
1150 3940 1572 4011 ἁπαναινόμενοι
1617 3957 1774 4012 περι-

201 4030 524 4101 γράφεσθαι,
576 4030 636 4095 ὄς
698 4032 847 4085 ἐστιν
887 4033 920 4103 ἡ
971 4032 1182 4104 κεφαλὴ
1239 4031 1334 4086 τοῦ
1384 4033 1631 4103 σώματος
1673 4033 1773 4103 τῆς

213 4120 558 4190 Ἐκκλησίας,
588 4122 983 4191 συμπεριελεῖν
1029 4122 1213 4187 ἔδοξαν
1240 4124 1335 4177 καὶ.
1362 4122 1431 4176 τὰ
1468 4123 1606 4194 μέλη
1635 4124 1773 4195 Χρι-

204 4211 324 4265 στοῦ
356 4212 437 4283 μὴ
468 4210 828 4277 είκονίζεσθαι
854 4228 869 4243 ·
900 4211 1059 4285 εἴπερ
1087 4214 1259 4283 σῶμα
1288 4214 1550 4283 Χριστοῦ
1600 4214 1775 4283 ἡμεῖς

203 4303 443 4371 πάντες,
462 4304 561 4358 καί
578 4304 735 4375 μέλη
764 4305 834 4359 ἐκ
855 4305 1099 4375 μέρους.
1135 4305 1400 4377 Ἔλεγχος
1424 4306 1531 4376 γὰρ
1563 4308 1774 4371 αὐτοῖς,

1946 3661 2023 3716 οε
2050 3662 2277 3732 Deipara
2305 3668 2487 3715 autem
2514 3669 2570 3715 et
2596 3673 2923 3729 unoquoque
2949 3665 3261 3715 sanctorum
3286 3697 3299 3721 ,
3319 3653 3468 3727 quod

1872 3767 2061 3807 eorum
2112 3752 2376 3824 imagines
2422 3751 2814 3816 elformantur,
2867 3750 3358 3821 supervacaneum’
3381 3755 3467 3804 est

1875 3845 2007 3901 mihi
2031 3845 2271 3901 scribere
2297 3845 2471 3901 vobis.
2497 3844 2734 3900 Stultum
2761 3844 2960 3914 quippe
2992 3843 3218 3898 dixerim
3239 3884 3254 3907 ,
3272 3858 3465 3912 quem-

1872 3952 2092 4007 cunque
2159 3938 2436 3992 hominem
2488 3952 2598 3992 non
2652 3936 2890 4007 (igurari.
2919 3935 2991 3990 At
3036 3935 3128 4005 qui
3185 3934 3466 3989 Christum

1832 4022 1833 4025 “
1875 4030 2247 4086 circumscribi
2278 4039 2498 4101 negant,
2545 4030 2638 4101 qui
2669 4039 2753 4085 est
2793 4039 2957 4099 caput
2995 4027 3240 4098 corporis
3280 4028 3471 4082 Eccle-

1876 4123 2005 4185 siae;
2038 4122 2241 4176 inlerre
2284 4137 2390 4176 una
2416 4121 2722 4186 voluerunt,
2758 4120 3002 4175 membra
3031 4118 3219 4173 itidem
3261 4116 3477 4175 Christi.

1876 4228 1986 4268 non
2011 4212 2190 4284 eﬂingi
2218 4230 2231 4266 :
2260 4212 2526 4283 siquidem
2553 4228 2739 4281 corpus
2765 4211 2956 4267 Christi
2982 4228 3074 4266 nos
3127 4228 3308 4266 sumus
3350 4228 3468 4265 om-

1878 4321 1983 4369 nes,
2012 4312 2062 4359 et
2080 4304 2311 4358 membra
2342 4320 2406 4358 ex
2434 4305 2595 4373 'parte
2623 4303 2687 4357 ³³.
2719 4302 2964 4374 Ipsorum
2998 4312 3181 4357 autem
3212 4302 3471 4358 confuta-

207 4395 415 4465 μητέρα
474 4394 575 4464 μὲν
621 4393 756 4448 Θεοῦ
790 4393 1155 4459 είκονίζεσθαι
1186 4410 1201 4425 ο
1240 4395 1303 4448 ού
1338 4394 1444 4467 μὴν
1472 4395 1566 4449 τὸν
1596 4395 1656 4463 ἐξ
1682 4396 1772 4450 αύ-

1882 4395 1960 4449 tio
1988 4401 2092 4458 est,
2128 4404 2356 4449 matrem
2381 4394 2599 4464 quidem
2627 4392 2722 4448 Dei
2744 4392 2944 4464 eliingi,
2989 4408 3091 4447 nec
3130 4402 3310 4448 tamen
3341 4409 3468 4449 eum

203 4485 296 4555 τῆς
317 4485 602 4557 τεχθέντα,
629 4486 722 4539 καὶ
748 4486 901 4557 αὐτῇ⁸
923 4486 1229 4557 ὑπομάζιον
1257 4487 1514 4557 ὀφθέντα,
1552 4489 1647 4542 καὶ
1676 4488 1777 4542 ὅσα

204 4577 296 4647 τῆς
342 4580 665 4648 σωματικῆς
712 4576 881 4632 αὑτοῦ
937 4578 1247 4647 παρουσίας
1309 4579 1647 4633 ὑπείκονταο
1738 4580 1774 4651 ἢ

206 4668 359 4722 πάλιν
377 4669 507 4732 τοὺς
522 4669 796 4731 αὐτόπτας
824 4669 919 4723 καὶ
944 4669 1223 4741 ὑπηρέτας
1254 4671 1771 4743 στηλογραφεῖσθαι·

204 4760 292 4813 τὸν
323 4761 378 4814 δὲ
400 4761 815 4832 ὑπηρετηθέντα
846 4764 939 4816 καὶ
962 4764 1478 4836 συναναστραφέντα
1506 4764 1581 4835 μὴ
1606 4782 1775 4836 χαρα-

207 4849 576 4922 κτηρίζεσθαι.
613 4852 722 4906 Καὶ
763 4851 1036 4907 Ἰουδαίων
1063 4854 1279 4926 χείρους
1309 4855 1649 4910 δείκνυνται·
1692 4856 1775 4909 ὅτι

206 4939 320 4993 οὐδὲ
350 4940 616 5006 Μωσέως,
664 4941 776 4995 οὐδ’
796 4940 853 4993 εί
898 4958 1044 5007 τινος
1099 4944 1260 4998 ἄλλου
1320 4943 1429 4998 τῶν
1477 4944 1777 5016 προφητῶν

207 5030 384 5083 εἰκόνα
419 5032 772 5103 προσίενταιο
810 5033 1187 5104 προσιεμένων
1236 5036 1462 5089 ἐκείνων
1511 5035 1618 5089 τῶν
1670 5036 1778 5108 πρὸ

206 5120 299 5189 τῆς
326 5122 571 5192 χάριτος,
608 5125 684 5187 ὡς
726 5124 968 5195 νομικῶν
1008 5128 1104 5179 καὶ
1128 5128 1189 5179 ού
1216 5127 1578 5199 Χριστιανῶν.
1607 5130 1670 5183 Ol
1720 5129 1777 5183 δὲ

207 5215 453 5270 τοσοῦτον
475 5218 885 5287 ἀνοηταίνουσιν
916 5220 992 5286 ὡς
1022 5223 1116 5274 καὶ
1141 5222 1356 5285 ἑαυτοῖς
1380 5223 1472 5275 καὶ
1506 5221 1779 5287 Ἰουδαίοις

212 5305 475 5376 μάχεσθαι
503 5325 519 5339 ο
563 5311 658 5363 καὶ
692 5311 832 5383 μήτε
871 5311 1167 5377 Ἰουδαίους
1194 5308 1335 5367 εἶναι
1374 5313 1769 5384 νομοφύλακας

212 5399 343 5468 μήτε
368 5400 748 5471 Χριστιανοὺς,
788 5402 889 5457 οὑκ
921 5403 1379 5474 είδογραφοῦντας
1404 5406 1495 5458 τδν
1523 5405 1778 5477 Χριστὸν,

208 5485 264 5542 ὃν
285 5492 628 5562 προτήκαντο
655 5492 945 5568 ἄνθρωπον
961 5496 1247 5566 γεγονότα.
1264 5496 1421 5567 Φωνὴ
1450 5497 1662 5569 Πέτρου
1686 5495 1781 5550 τοῦ

218 5756 307 5816 27.

1882 4487 1975 4557 qui
1999 4501 2065 4541 ex
2092 4502 2155 4541 ea
2184 4496 2350 4542 natus
2381 4493 2467 4541 est
2493 4526 2508 4551 ,
2544 4486 2639 4557 qui
2681 4484 2803 4555 ejus
2846 4484 3107 4539 uberibus
3136 4484 3384 4549 adhaesit,
3410 4490 3468 4538 et

1882 4594 2220 4652 quiscunque
2242 4579 2346 4634 alia
2372 4578 2515 4634 illius
2562 4581 2618 4632 in
2647 4593 2876 4649 corpore
2926 4578 3216 4632 adventum
3278 4586 3467 4632 secuta

1883 4682 2054 4730 sunt:
2096 4682 2190 4728 aut
2247 4688 2464 4728 rursum
2488 4672 2733 4729 oculatos
2776 4678 2944 4726 testes
2992 4686 3055 4725 ac
3088 4668 3317 4724 famulos
3355 4678 3467 4724 sta-

1884 4764 1992 4817 tuis
2029 4763 2262 4833 exprimi
2302 4780 2318 4829 ;
2366 4762 2543 4834 ipsum
2574 4778 2703 4818 vero
2726 4763 2816 4818 cui
2866 4762 3195 4825 serviebant,
3228 4770 3285 4816 et
3331 4778 3467 4831 quo-

1881 4869 2005 4908 cum
2045 4854 2405 4909 versabantur
2435 4894 2450 4919 ,
2514 4868 2624 4907 non
2653 4853 2907 4924 exprimi.
2956 4855 3023 4908 Et
3068 4852 3273 4908 Iudaeis
3302 4852 3465 4923 plane

1878 4943 2177 5000 deteriores
2203 4960 2262 5001 se
2294 4944 2630 5001 ostendunt:
2664 4945 2789 5015 quia
2829 4960 2933 4999 nec
2968 4944 3182 5016 Moysis,
3204 4960 3306 5000 nec
3331 4946 3466 5000 alte-

1879 5034 1994 5089 rius
2036 5035 2340 5107 cuiuspiam
2380 5050 2411 5091 e
2445 5035 2727 5106 prophetis
2790 5034 3076 5106 imaginem
3147 5035 3461 5105 recipiunt:

1878 5125 2292 5182 admittentibus
2333 5126 2440 5182 illis
2490 5141 2586 5181 eos
2622 5126 2717 5196 qui
2768 5134 2895 5180 ante
2942 5125 3170 5197 gratiam
3219 5125 3459 5193 fuerant,

1880 5233 1980 5272 ceu
2029 5218 2164 5289 legis
2214 5219 2476 5286 cultores,
2508 5228 2565 5274 et
2612 5233 2723 5273 non
2780 5219 3147 5274 Christianos.
3188 5218 3282 5275 Isti
3334 5234 3466 5275 vero

1883 5328 1950 5365 eo
1993 5311 2254 5367 vecordes
2294 5321 2453 5379 sunt,
2505 5321 2565 5368 ut
2625 5327 2810 5367 secum
2854 5312 2956 5382 ipsi
2990 5321 3046 5367 et
3084 5326 3209 5367 cum
3264 5310 3467 5366 Iudaeis

1888 5412 2130 5474 pugnent
2161 5422 2174 5459 :
2208 5413 2269 5459 ut
2299 5420 2476 5475 neque
2495 5404 2669 5460 Judaei
2702 5404 2809 5460 sint
2835 5404 2969 5475 legis
2985 5403 3262 5468 custodes,
3286 5416 3465 5471 neque

1887 5495 2183 5550 Christiani
2207 5496 2329 5567 :qui
2351 5495 2550 5552 Christi
2574 5496 2802 5569 elligiem
2829 5497 3059 5568 exprimi
3077 5496 3277 5560 nolint,
3300 5506 3463 5565 quem

280 5689 363 5769 ΡΙ
404 5696 545 5754 i’etr.
580 5699 756 5767 11,22.
834 5699 1033 5757 “Luc.
1070 5718 1216 5767 xxw,
1273 5699 1363 5756 39.
1456 5701 1501 5733 ”
1527 5699 1719 5757 Thess.
1753 5716 1793 5767 ι,
1828 5699 1878 5753 7.
1959 5698 2000 5731 ³¹
2035 5697 2210 5755 Galat.
2247 5713 2285 5769 ι,
2319 5699 2370 5752 7.
2450 5699 2494 5732 ⁸³
2537 5697 2713 5754 Galat.
2756 5712 2876 5766 vui,
2922 5697 2974 5753 9.
3050 5692 3146 5752 "l
3180 5695 3305 5751 Cor.
3363 5710 3463 5763 xu,
