4054 6364
615 327 762 393 H35

1800 328 1861 389 S.
1897 325 2289 387 THEODORI
2318 325 2665 388 STUDlTi'E

3720 328 3861 395 1136

616 434 892 489 hominem
915 431 1118 488 factum
1155 441 1478 504 agnoscunt.
1510 432 1654 488 Petri
1697 432 1929 503 apostoli
1968 446 2073 485 vox
2101 439 2175 484 est

2286 431 2585 484 ἀποστόλου
2629 429 2778 484 ἐστὶν
2829 430 2889 483 ἐν
2948 431 3160 504 ίστορία
3220 435 3522 506 μαρτυρίου
3564 435 3657 491 τοῦ
3704 440 3862 508 ἁγίου

614 526 669 579 in
709 526 937 580 historia
978 527 1222 597 martyrii
1250 527 1422 582 sancti
1443 525 1711 581 Pancratii
1745 543 1803 579 ει
1834 524 1935 579 Fili
1963 524 2188 594 Joseph,

612 612 748 669 aﬁ‘er
782 614 1071 685 imaginem
1123 614 1334 668 Domini
1368 614 1539 669 nostri
1573 612 1700 669 Jesu
1750 613 1988 679 Christi,
2015 622 2073 669 et
2091 614 2192 668 im-

612 705 787 773 prime
820 705 964 759 illam
1005 708 1060 761 iu
1100 706 1376 777 pyrgisco,
1418 714 1478 759 ut
1508 713 1738 761 cernant
1761 706 1948 776 populi
1975 705 2188 775 qualem

613 794 841 850 formam
862 797 1218 866 assumpserit
1235 797 1399 852 Filius
1424 796 1514 852 Dei
1546 814 1560 849 :
1584 804 1643 850 ut
1666 796 1916 852 videntes
1957 797 2191 867 amplius

612 887 857 951 credant,
891 886 1079 942 forma:
1126 895 1308 958 typum
1352 888 1624 943 intuentes
1670 896 1725 943 et
1772 888 2191 944 reminiscantur

612 991 800 1030 eorum
835 992 958 1045 qua:
999 991 1098 1046 per
1126 991 1227 1031 nos
1263 976 1342 1031 eis
1394 979 1713 1033 annuutiata
1762 979 1973 1034 sunt“.
2005 998 2023 1033 ι
2074 980 2188 1035 Vox

611 1064 760 1120 Pauli
791 1075 872 1121 est
911 1086 925 1122 ;
958 1066 1002 1122 0
1043 1068 1294 1121 insensati
1325 1067 1531 1124 Galata:
1553 1070 1575 1122 .'
1604 1070 1719 1139 quis
1766 1086 1853 1124 vos
1909 1072 2188 1141 faseinavit

609 1171 711 1208 non
740 1156 946 1210 obedire
967 1158 1178 1211 veritati
1206 1174 1227 1223 ;
1251 1167 1371 1213 ante
1391 1175 1611 1229 quorum
1628 1159 1803 1213 oculos
1837 1158 1987 1214 Jesus
2030 1160 2185 1215 Chri-

606 1254 717 1300 stus
754 1248 1091 1316 prmeriptus
1102 1256 1177 1302 est
1206 1249 1261 1301 in
1279 1249 1416 1302 vobis
1442 1249 1723 1317 cruciﬁxus
1746 1250 1792 1282 ³⁸
1808 1250 1831 1303 ?
1850 1249 1963 1305 Vox
2005 1251 2184 1306 Basilii

606 1338 783 1407 magni
822 1346 943 1392 est:
972 1355 992 1390 ι
1028 1337 1375 1409 Exprimatur
1407 1340 1462 1393 in
1485 1340 1672 1395 tabula
1693 1341 2009 1396 certaminis
2048 1358 2185 1411 pra:-

606 1445 695 1485 ses
742 1430 994 1486 Christus
1041 1432 1106 1484 ⁸⁶.
1147 1450 1168 1484 ι
1216 1432 1285 1487 Ει
1322 1432 1520 1486 iterum
1574 1450 1641 1486 ιι
1691 1432 1913 1503 [magini
1967 1433 2183 1488 habitus

605 1517 781 1575 honor
812 1520 879 1575 ad
924 1521 1200 1591 exemplar
1234 1522 1426 1577 transit
1463 1521 1529 1576 ".
1562 1539 1582 1573 ι
1616 1521 1723 1577 Tot
1758 1522 1951 1591 palmis
1998 1523 2181 1595 inclyti

603 1610 889 1664 Athanasii
913 1627 1014 1666 vox
1029 1620 1146 1667 est:
1178 1630 1196 1664 ι
1227 1611 1357 1679 Nos,
1376 1612 1468 1683 qui
1487 1612 1672 1668 ﬁdeles
1692 1629 1901 1679 sumus,
1918 1615 2181 1686 imagines

602 1718 711 1757 non
741 1703 1027 1758 adoramus
1062 1712 1317 1773 tanquam
1344 1704 1495 1768 deos,
1529 1704 1673 1773 quod
1711 1704 1887 1760 Graeci
1916 1705 2127 1787 faciunt
2163 1724 2177 1761 :

601 1793 743 1849 absit
772 1811 786 1849 :
818 1793 913 1849 sed
937 1793 1192 1849 allectum
1217 1795 1589 1850 tantummodo
1615 1804 1667 1851 et
1689 1796 1971 1852 charilatis
1984 1808 2183 1873 nostra:

604 1876 841 1942 studium
873 1902 1001 1958 erga
1029 1886 1252 1957 ﬁguram
1300 1903 1549 1959 persona:
1597 1904 1695 1959 per
1738 1889 2030 1961 imaginem
2085 1906 2183 1946 ex-

602 1995 807 2051 pressa:
830 1979 1167 2035 declaramus
1192 1980 1257 2032 ⁸⁸.
1290 1998 1311 2032 ι
1346 1978 1463 2035 Vox
1486 1979 1858 2049 Chrysostomi
1883 1991 1967 2036 est
1994 2000 2008 2039 :
2031 2000 2050 2033 ι
2071 1980 2185 2052 Ego

603 2090 675 2128 ex
727 2089 851 2130 cera
907 2073 1081 2128 fusam
1132 2074 1308 2128 amavi
1360 2073 1626 2143 picturam
1658 2113 1675 2139 ,
1745 2074 1970 2144 pietatis
2053 2090 2183 2146 ergo

602 2164 799 2222 factam
835 2167 898 2220 ³⁸.
930 2166 1052 2221 Vidi
1114 2165 1259 2220 enim
1310 2166 1558 2237 angelum
1599 2166 1654 2219 in
1705 2164 1938 2236 imagine
1996 2167 2182 2237 c0pias

600 2260 949 2320 barbarorum
972 2266 1281 2315 versantem
1309 2258 1364 2313 in
1394 2258 1598 2329 fugam,
1626 2258 1735 2314 vidi
1758 2259 2024 2329 protritas
2061 2259 2183 2314 bar-

598 2351 759 2408 baras
783 2360 1002 2422 gentes,
1052 2360 1107 2405 et
1137 2349 1392 2404 Davidem
1419 2365 1547 2405 vera
1574 2364 1709 2405 voce
1748 2350 2135 2406 concinentem
2161 2365 2176 2402 :

598 2441 839 2507 Domine,
873 2442 931 2493 in
959 2441 1172 2494 civitate
1218 2450 1309 2494 tua
1350 2441 1632 2511 imaginem
1675 2440 1912 2509 ipsorum
1938 2442 2008 2495 ad
2038 2441 2180 2495 nilli-

602 2532 711 2586 lum
737 2534 937 2603 redigas
960 2531 1026 2587 ⁸⁸.
1057 2550 1076 2583 ι
1107 2530 1262 2597 Quod
1298 2531 1350 2584 in
1385 2530 1661 2586 Christum
1681 2532 1785 2587 hoc
1823 2540 2090 2602 tempore,
2125 2539 2182 2588 et

599 2626 654 2681 in
684 2622 968 2693 lleiparam
1013 2638 1076 2677 ac
1114 2630 1353 2686 sanctos,
1402 2621 1609 2677 faciunt
1662 2623 2081 2678 lcononomachi
2107 2642 2120 2678 :
2147 2638 2181 2679 ο

598 2732 723 2772 rem.
770 2717 960 2772 auditu
995 2715 1326 2772 horrendam
1352 2716 1364 2769 l
1393 2724 1613 2770 sanctas
1658 2714 1874 2771 illorum
1914 2716 2181 2787 imagines

597 2808 883 2863 abolendo.
938 2807 1116 2878 Atque
1159 2816 1220 2861 ut
1267 2814 1495 2861 exteras
1545 2805 1776 2860 aliorum
1829 2807 2181 2863 auctoritates

599 2899 1009 2970 prastermittam
1050 2914 1065 2964 ;
1114 2896 1300 2952 multa:
1341 2896 1490 2951 enim
1516 2906 1855 2967 suppetunt;
1899 2900 1945 2954 si
2009 2914 2177 2955 unam

597 2989 871 3060 adiecero,
894 2988 962 3043 ad
990 2987 1135 3043 aliud
1160 2986 1467 3043 orationem
1488 2995 1823 3045 convertam.

666 3161 785 3218 Vox
817 3171 900 3216 est
923 3160 1228 3216 divinorum
1258 3157 1484 3215 Patrum
1505 3157 1600 3228 qui
1617 3167 1785 3215 sextae
1813 3165 2020 3214 sanctae
2046 3174 2174 3229 syn-

597 3255 705 3311 odo
762 3253 1091 3309 aﬁuerunt:
1150 3272 1169 3306 ι
1223 3250 1283 3306 In
1332 3251 1658 3321 quibusdam
1735 3251 2174 3306 venerandarum

599 3345 895 3415 imaginum
931 3342 1196 3413 picturis,
1248 3342 1556 3413 agnusqui
1602 3340 1960 3396 l’raacursoris
2003 3342 2175 3413 digito

598 3443 940 3493 monstratur
964 3434 1310 3504 exprimitur,
1338 3432 1432 3503 qui
1460 3433 1516 3487 in
1538 3433 1723 3504 gratiae
1747 3441 1929 3503 typum
1959 3448 2173 3488 assum-

598 3536 726 3598 ptus
760 3536 843 3581 est
873 3542 887 3580 :
927 3527 1136 3596 Agnum
1166 3539 1357 3578 verum
1402 3523 1557 3578 nobis
1594 3540 1693 3593 per
1731 3523 1905 3595 legem
1944 3524 2173 3579 demon-

599 3625 781 3671 strans
807 3614 1088 3670 Christum
1125 3612 1297 3668 Deum
1327 3622 1597 3668 nostrum.
1629 3612 1739 3669 Nos
1777 3615 1942 3685 igitur
1970 3613 2171 3687 ﬁguras

598 3716 815 3762 veteres
844 3717 1007 3776 atque
1036 3706 1280 3768 umbras,
1320 3713 1579 3775 tanquam
1621 3705 1868 3761 veritatis
1908 3716 2065 3763 notas
2108 3724 2173 3763 ac

598 3800 752 3872 signa
810 3798 1067 3855 Ecclesia:
1110 3797 1305 3852 tradita
1350 3797 1798 3867 complectentes,
1846 3799 2078 3869 gratiam
2116 3810 2173 3855 et

595 3893 884 3949 veritatem
910 3889 1317 3959 anteponimus,
1341 3904 1503 3958 quam
1529 3898 1589 3943 ut
1614 3888 1747 3959 legis
1773 3890 2168 3959 plenitudinem

596 3986 929 4054 accepimus.
974 3981 1163 4051 Itaque
1192 3990 1253 4036 ut
1285 3981 1337 4036 id
1380 3980 1524 4051 quod
1571 3980 1873 4051 perfectum
1910 3989 2014 4049 est,
2050 3998 2169 4037 om-

596 4077 750 4131 nium
778 4074 941 4130 etiam
989 4073 1164 4128 oculis
1213 4072 1539 4141 subjiciatur
1576 4073 1629 4127 in
1670 4072 1933 4143 picturis;
1973 4075 2167 4129 statui-

595 4179 720 4219 mus
758 4172 818 4218 ut
855 4163 1081 4233 posthac
1118 4162 1316 4216 veteris
1352 4160 1474 4232 agni
1521 4161 1662 4226 loco,
1705 4161 1891 4231 Agnus
1937 4161 2026 4217 ille
2073 4163 2166 4233 qui

595 4252 736 4307 tollit
781 4259 1064 4321 peccatum
1112 4248 1336 4314 mundi,
1397 4250 1633 4303 humana
1684 4248 1857 4304 forma
1902 4251 2066 4306 etiam
2109 4252 2164 4307 in

594 4345 925 4417 imaginibus
972 4343 1247 4415 erigatur;
1298 4348 1360 4396 ut
1389 4356 1488 4412 per
1529 4341 1729 4412 ipsum.
1780 4341 2161 4399 celsitudinem

2292 522 2666 593 Παγκρατίου.
2707 540 2725 574 ι
2762 523 2966 577 Τέκνον
3008 524 3226 596 Ἰωσὴφ,
3249 526 3499 596 ἐξένεγκε
3530 528 3631 600 τὴν
3678 532 3862 586 είκὸνα

2290 612 2386 666 τοῦ
2432 614 2638 683 Κυρίου
2668 612 2823 684 ὴμῶν
2864 613 3038 684 Ἰησοῦ
3069 615 3311 685 Χριστοῦ
3343 630 3357 645 ⁶
3406 618 3502 672 καὶ
3543 619 3863 677 ἑντύπωσον

2290 704 2460 774 αὐτὴν
2506 705 2567 758 ὲν
2604 703 2681 774 τῷ
2712 705 3038 776 πυργίσκῳ·
3076 707 3165 759 ἵνα
3208 708 3423 761 είδωσιν
3450 710 3500 762 οί
3537 710 3659 764 λαοὶ
3703 714 3862 767 ποίαν

2292 795 2506 866 μορφὴν
2537 796 2727 850 ἐλαϐεν
2754 800 2783 851 ὀ
2830 796 2958 861 Υἱὸς
2987 796 3081 851 τοῦ
3136 798 3274 852 Θεοῦ
3301 815 3317 831 ·
3367 799 3455 853 ἵνα
3506 801 3711 867 ίδόντες
3769 807 3861 858 ἐπὶ

2290 885 2452 939 πλέον
2480 886 2861 954 πιστεύσωσιν,
2892 888 3128 959 ὁρῶντες
3172 889 3266 943 τὸν
3297 890 3469 946 τύπον
3492 893 3594 963 τῆς
3619 895 3858 966 μορφῆς.

2288 977 2381 1031 καὶ
2420 977 2733 1049 ὑπόμνησιν
2759 978 3080 1050 λαμϐάνωσι
3128 980 3239 1035 τῶν
3281 982 3414 1054 παρ’
3439 984 3599 1054 ὴμῶν
3628 986 3712 1050 είς
3763 989 3858 1040 αύ-

2286 1067 2412 1133 τοὺς
2440 1069 2840 1139 κηρυχθέντων.
2860 1088 2880 1122 ι
2913 1070 3070 1143 Φωνὴ
3099 1071 3313 1126 Παύλου
3359 1073 3508 1129 ἐστίν
3529 1091 3542 1104 ⁸
3575 1070 3651 1129 Ὦ
3672 1077 3855 1144 ἀνόη-

2285 1176 2376 1213 τοι
2424 1161 2714 1226 Γαλάται,
2766 1162 2861 1228 τις
2887 1162 3046 1232 ὑμᾶς
3072 1162 3371 1233 ἐϐάσκηνε
3403 1164 3747 1235 τῇἀληθειᾳ
3770 1168 3859 1237 μὴ

2284 1252 2612 1318 πείθεσθαι,
2642 1246 2735 1320 οἷς
2771 1254 2898 1307 κατ’
2921 1253 3270 1324 ὀφθαλμοὺς
3317 1255 3556 1323 Ἰησοῦς
3602 1259 3858 1327 Χριστὸς

2283 1341 2625 1412 προεγράφη
2644 1342 2713 1396 ἐν
2727 1343 2870 1413 ὑμῖν
2895 1343 3381 1415 ἐσταυρωμένος;
3397 1348 3553 1419 Φωνὴ
3573 1349 3856 1404 Βασιλεία-,ι

2282 1432 2378 1485 τοῦ
2430 1434 2668 1504 μεγάλου
2698 1434 2869 1488 ἐστίν’
2911 1453 2932 1487 ε
2973 1436 3366 1506 Ἐγγραφέσθω
3396 1437 3475 1509 τῷ
3516 1438 3709 1493 πίνακι
3766 1443 3858 1493 καὶ

2280 1526 2310 1578 ὁ
2340 1526 2449 1578 τῶν
2474 1526 2871 1596 παλαισμάτων
2900 1526 3248 1598 ἀγωνοθέτης
3275 1529 3529 1600 Χριστός.
3568 1548 3590 1583 ι
3621 1531 3738 1584 Καὶ
3765 1527 3858 1585 αὖ·

2282 1614 2386 1679 θις’
2425 1634 2445 1668 ι
2494 1614 2558 1669 Ἦ
2595 1616 2689 1686 τῆς
2716 1617 2928 1682 εἰκόνος
2956 1617 3094 1690 τιμὴ
3126 1618 3218 1672 ἐπὶ
3240 1619 3303 1672 τὸ
3339 1621 3702 1691 πρωτότυπον
3746 1623 3858 1676 δια-

2282 1703 2481 1760 ϐαίνει.
2521 1725 2540 1759 ι
2568 1708 2725 1778 Φωνὴ
2765 1707 3089 1763 ’Δθανασίου
3144 1708 3240 1763 τοῦ
3293 1710 3599 1766 πολυάθλου
3653 1714 3808 1766 ἐστίν
3835 1731 3851 1745 ⁸

2217 1779 2257 1834 Β
2290 1817 2310 1850 ι
2345 1799 2455 1868 Οὐχ
2484 1798 2562 1861 ὡς
2606 1798 2761 1862 θεοὺς
2789 1798 2890 1862 τὰς
2937 1798 3156 1863 εἰκόνας
3203 1800 3618 1872 προσκυνοῦμεν
3653 1805 3707 1857 οί
3764 1823 3854 1857 ra.-

2285 1891 2421 1951 στοὶ,
2449 1888 2526 1960 μὴ
2546 1889 2782 1957 γένοιτο,
2812 1887 3002 1961 ὥσπερ
3023 1890 3075 1943 οἱ
3102 1889 3388 1962 Ἕλληνες.
3422 1891 3584 1945 ’Δλλά
3596 1892 3699 1963 τὴν
3728 1894 3853 1964 σχέο

2284 1995 2370 2033 σιν
2394 1978 2578 2046 μόνον,
2604 1980 2701 2032 καὶ
2732 1978 2823 2032 τὸν
2845 1979 3009 2033 πόθον
3037 1982 3133 2050 τῆς
3164 1980 3322 2051 ὴμῶν
3350 1981 3571 2053 ἀγάπης
3600 1983 3741 2051 πρὸς
3766 1984 3856 2038 τὸν

2280 2069 2608 2141 χαρακτῆρα
2658 2069 2752 2122 τοῦ
2776 2068 3068 2140 προσώπου
3125 2070 3226 2139 τῆς
3275 2072 3480 2135 εἰκόνος
3525 2074 3857 2142 ἐμφανίζον-

2278 2174 2391 2221 τες.
2431 2176 2452 2209 ι
2485 2158 2640 2230 Φωνὴ
2670 2156 2761 2212 τοῦ
2791 2157 3177 2229 Χρυσοστόμου
3211 2158 3385 2212 ἐστίν*
3424 2178 3445 2214 ι
3482 2161 3623 2230 Ἐγὼ
3648 2162 3853 2234 καὶτὴν

2280 2249 2585 2321 κηρόχυτον
2614 2250 2879 2321 ἠγάπησα
2931 2249 3173 2321 γραφὴν,
3194 2250 3477 2317 εὐσεϐείας
3522 2252 3714 2307 ἓνεκεν
3758 2271 3857 2306 τε·

2280 2342 2668 2413 πληρωμένην.
2700 2336 2854 2395 Εῐδον
2874 2339 2983 2412 γὰρ
3012 2342 3244 2410 ἄγγελον
3261 2344 3319 2397 ὲν
3348 2343 3516 2398 εἰκόνι
3557 2344 3854 2399 ἐλαύνοντα

2281 2432 2573 2505 βαρϐάρων
2607 2432 2769 2503 στίφη
2802 2450 2817 2463 ο
2842 2429 2985 2487 εἶδον
3017 2432 3333 2504 πατούμενα
3372 2433 3664 2507 βαρϐάρων
3688 2435 3850 2505 φῦλα,

2278 2524 2375 2578 καὶ
2405 2524 2497 2580 τόν
2523 2524 2688 2579 Δαυῒδ
2713 2522 3047 2595 ἀληθεύοντα
3065 2540 3080 2555 ⁸
3098 2525 3295 2592 Κύριε,
3333 2526 3404 2579 ἐν
3429 2524 3503 2594 τῇ
3535 2528 3711 2581 πόλει
3737 2545 3855 2583 σου

2277 2613 2393 2683 τὴν
2419 2618 2625 2670 είκόνα
2665 2614 2866 2670 αὐτῶν
2914 2614 3363 2683 ἐξουδενὼσεις.
3408 2636 3429 2671 ι
3462 2616 3646 2691 Ὅπερ
3673 2619 3729 2673 oi
3773 2623 3850 2683 εἰς

2278 2706 2512 2775 Χριστὸν
2542 2705 2637 2759 νῦν
2668 2706 3165 2779 Είκονομαχοῦντες
3181 2708 3260 2773 εῐς
3281 2725 3343 2762 τε
3364 2707 3463 2780 τὴν
3478 2709 3742 2766 Θεοτόκον
3760 2711 3848 2765 καὶ

2276 2798 2402 2862 τοὺς
2430 2799 2621 2867 ἁγίους
2649 2799 2997 2870 ἐργάζονται,
3016 2800 3062 2853 ὣ
3087 2800 3183 2854 τοῦ
3214 2799 3449 2872 φοϐεροῦ
3478 2803 3843 2873 ἀκούσματοςῐ

2275 2888 2375 2953 τάς
2400 2888 2566 2958 ἁγίας
2596 2890 2775 2944 αὐτῶν
2793 2891 3011 2955 εἰκόνας
3040 2890 3484 2957 είξουδενοῦντες.
3513 2894 3625 2946 Καὶ
3648 2895 3737 2948 ἱνα
3756 2896 3849 2960 τὰς

2164 3049 2172 3055 ι
2277 2978 2387 3032 τῶν
2430 2978 2605 3033 ἀλλων
2662 2980 2845 3049 φωνὰς
2895 2980 3258 3053 παραδράμωο
3312 2981 3507 3036 πολλαὶ
3558 2983 3672 3054 γάρ
3718 2985 3843 3038 είσι.

2200 3113 2244 3172 c
2275 3066 2422 3122 Mlav
2469 3067 2747 3138 προσθεὶς,
2786 3069 2872 3123 ἐπ’
2925 3068 3055 3124 ἀλλο
3080 3069 3337 3141 τρέψοιμι
3362 3071 3455 3124 τὸν
3481 3072 3661 3142 λόγον.

2346 3161 2502 3232 Φωνὴ
2526 3160 2637 3215 τῶν
2662 3162 2763 3234 τῆς
2787 3163 2956 3234 ἕκτης
2982 3162 3147 3231 ἀγίας
3186 3164 3407 3219 συνόδου
3436 3165 3712 3239 θεοςρόρων
3739 3169 3846 3221 Ila-

2274 3253 2450 3325 τέρων
2486 3254 2669 3309 ἐστίν·
2716 3273 2735 3306 ι
2770 3255 2868 3308 Ἐν
2895 3270 3007 3309 τισι
3042 3256 3150 3308 τῶν
3181 3257 3395 3309 σεπτῶν
3442 3258 3669 3311 είκόνων
3708 3275 3843 3329 γρα-

2276 3346 2405 3413 φαῖς
2432 3344 2601 3414 ἀμνὸς
2630 3344 2878 3417 δακτύλῳ
2902 3344 2996 3399 τοῦ
3033 3346 3346 3419 Προδρόμου
3370 3347 3723 3418 δεικνύμενος
3751 3352 3844 3418 t7-

2273 3435 2602 3506 χαράττεται
2625 3450 2641 3467 ’
2691 3435 2752 3499 δς
2801 3437 2881 3498 είς
2918 3435 3085 3491 τύπον
3114 3437 3438 3509 παρελήφθη
3468 3437 3570 3508 τῆς
3601 3441 3840 3510 χάριτος.

2272 3528 2364 3581 τὸν
2410 3527 2665 3598 ἀληθινὸν
2711 3529 2844 3599 ἡμῖν
2876 3528 2965 3582 διὰ
2994 3529 3158 3599 νόμου
3194 3531 3619 3601 προῦποφαίνων
3652 3533 3840 3601 ἀμνὸν,

2271 3615 2508 3686 Χριστὸν
2537 3616 2629 3670 τὸν
2669 3616 2802 3671 Θεὸν
2847 3616 3025 3687 ἡμῶν.
3052 3617 3190 3681 Τοὺς
3217 3613 3310 3671 οῦν
3349 3617 3614 3682 παλαιοὺς
3645 3618 3844 3682 τύπους

2272 3708 2368 3760 καὶ
2396 3706 2493 3770 τὰς
2525 3706 2704 3770 σκιάς,
2726 3706 2802 3770 ὡς
2826 3706 2927 3776 τῆς
2950 3705 3210 3778 ἀληθείας
3236 3707 3485 3778 σύμσολά
3511 3725 3571 3761 τε
3595 3711 3692 3763 καὶ
3718 3727 3847 3781 προ-

2270 3797 2603 3868 χαράγματα
2629 3800 2695 3869 τῇ
2731 3796 3030 3869 Ἐκκλησία
3059 3798 3527 3869 παραδεδομένους
3559 3817 3841 3855 κατασπα-

2270 3887 2512 3960 ζόμενοι,
2562 3887 2661 3959 τὴν
2704 3888 2865 3959 χάριν
2894 3890 3252 3959 προτιμῶμεν
3290 3889 3384 3943 καὶ
3430 3889 3531 3960 τὴν
3566 3890 3840 3962 ἀλήθειαν,

2268 3980 2345 4042 ὠς
2372 3978 2641 4050 πλήρωμα
2671 3979 2837 4049 νόμου
2860 3978 3062 4049 ταύτην
3092 3978 3501 4049 ὑποδεξάμενοι.
3537 3978 3627 4042 '0;
3652 3980 3719 4034 ἂν
3752 3977 3841 4034 οὖν

2265 4069 2328 4123 τὸ
2350 4070 2554 4124 τέλειον
2586 4070 2688 4123 κάν
2710 4071 2829 4133 ταῖς
2858 4068 3332 4142 χρωματουργίαις
3359 4071 3417 4123 ὲν
3443 4072 3562 4134 ταῖς
3591 4071 3841 4125 ἁπάντων

2264 4162 2452 4231 ὄψεσιν
2484 4161 2869 4234 ύπογράφηται
2885 4176 2903 4190 “
2929 4162 3022 4214 τὸν
3050 4160 3149 4216 τοῦ
3176 4160 3423 4234 αἴροντος
3444 4162 3546 4232 τὴν
3571 4163 3840 4233 ἁμαρτίαν

2262 4251 2359 4305 τοῦ
2389 4251 2594 4323 κόσμου
2620 4252 2794 4323 ἀμνοῦ
2824 4250 3059 4325 Χριστοῦ
3085 4252 3180 4307 τοῦ
3214 4251 3349 4306 Θεοῦ
3382 4253 3562 4324 ὴμῶν,
3595 4254 3735 4307 κατά
3753 4252 3838 4306 τὸν

2261 4341 2603 4414 ἀνθρώπινον
2626 4343 2952 4415 χαρακτῆρα
2976 4358 2992 4375 θ
3028 4343 3125 4397 καὶ
3150 4343 3208 4397 ὲν
3239 4345 3359 4407 ταῖς
3383 4344 3589 4397 εἰκόσιν
3612 4343 3722 4398 ἀπὸ
3746 4341 3836 4396 τοῦ

595 4434 922 4491 humilitatis
954 4433 1047 4488 Dei
1082 4430 1243 4488 Verbi
1283 4431 1808 4502 comprehendentes
1845 4434 2048 4500 animo,
2094 4433 2162 4489 ad

2272 4432 2366 4488 νῦν
2410 4433 2531 4489 ἀντὶ
2565 4434 2660 4487 τοῦ
2695 4432 2925 4489 παλαιοῦ
2978 4434 3151 4504 ἀμνοῦ
3193 4432 3630 4503 ἀναστηλοῦσθαι
3664 4431 3839 4503 ὁρίζο-

596 4526 918 4582 memoriam
955 4523 1386 4581 conversationis
1427 4522 1589 4578 etiam
1641 4523 1698 4577 in
1740 4537 1904 4579 carne
1940 4533 1996 4579 et
2033 4539 2161 4578 cru-

592 4618 768 4672 ciatus
842 4615 1039 4686 ipsius,
1079 4629 1144 4669 ac
1181 4612 1475 4670 salutifera:
1518 4613 1730 4679 mortis,
1768 4614 1913 4669 unde
1957 4614 2161 4669 mundo

592 4709 732 4769 facta
763 4707 1076 4779 redemptio
1098 4718 1203 4771 est,
1252 4704 1664 4761 deducamur“.
1702 4722 1722 4755 ι
1775 4704 1872 4761 His
1901 4721 2029 4777 ergo
2074 4706 2161 4760 in-

592 4799 785 4854 structi
832 4797 1185 4862 testimoniis,
1230 4794 1559 4868 eharissimi,
1590 4810 1714 4850 cum
1750 4794 1836 4849 illa
1869 4805 2072 4862 nostra,
2106 4803 2162 4850 et

592 4891 662 4947 ab
693 4890 808 4960 ipsa
840 4889 1073 4944 veritate
1111 4887 1338 4945 minime
1380 4885 1547 4940 dubia
1576 4884 2062 4950 demonstratione,
2100 4896 2162 4942 ut

592 4997 758 5051 supra
790 4981 1218 5037 demonstratum
1248 4987 1365 5044 est,
1400 4976 1639 5047 Vigilate,
1667 4976 1916 5042 obsecro,
1945 4986 2080 5031 state
2105 4978 2161 5032 in

592 5072 696 5140 ﬁde
734 5088 754 5126 :
797 5073 1019 5126 viriliter
1064 5071 1223 5140 agite,
1270 5078 1320 5123 et
1371 5067 1739 5139 confortamini
1758 5067 1801 5099 “
1843 5086 1857 5123 :
1906 5069 1962 5122 in
2016 5068 2160 5122 nullo

595 5162 897 5215 teri-camini
926 5161 990 5214 ab
1016 5160 1333 5217 adversariis
1356 5159 1423 5225 “,
1455 5175 1632 5230 neque
1659 5175 1693 5214 a
1721 5158 1869 5214 falsis
1901 5159 2160 5215 fratribus

592 5251 684 5320 qui
732 5251 940 5305 seducti
980 5250 1222 5314 luerunt,
1273 5258 1328 5303 et
1369 5249 1424 5303 in
1470 5249 1712 5305 fraudem
1761 5249 2007 5304 inducti:
2041 5266 2157 5321 qua:

2268 4541 2386 4595 μεν.
2430 4524 2510 4577 Δι’
2542 4523 2712 4578 αὑτοῦ
2740 4525 2801 4578 τὸ
2843 4524 2945 4595 τῆς
2975 4522 3355 4588 ταπεινώσεως
3398 4523 3528 4594 ὕψος
3571 4524 3666 4577 τοῦ
3703 4522 3831 4575 Θεοῦ

2263 4614 2439 4682 Λόγου
2472 4614 2860 4678 κατανοοῦντες
2879 4632 2896 4647 ο
2928 4614 3023 4668 καὶ
3052 4614 3189 4685 πρὸς
3216 4615 3438 4684 μνήμην
3467 4612 3568 4683 τῆς
3591 4615 3650 4669 ὲν
3673 4614 3831 4684 σαρκὶ

2264 4705 2562 4773 πολιτείας,
2592 4706 2686 4761 τοῦ
2735 4724 2794 4761 τε
2842 4705 3051 4771 πάθους
3095 4705 3285 4771 αὑτοῦ,
3312 4707 3405 4759 καὶ
3434 4704 3528 4757 τοῦ
3568 4706 3828 4774 σωτηρίου

2265 4795 2497 4856 θανάτου
2535 4798 3061 4870 χειραγωγούμενοι,
3089 4797 3184 4852 καὶ
3211 4796 3312 4867 τῆς
3340 4795 3592 4851 ἐντεῦθεν
3618 4796 3829 4867 γινομέ-

2262 4906 2364 4960 νης
2402 4888 2481 4957 τῷ
2515 4890 2706 4961 κόσμῳ
2743 4889 3198 4962 ἀπολυτρώσεως.
3231 4888 3447 4952 Ταύτας
3476 4884 3572 4943 οὖν
3601 4887 3827 4960 ἔχοντες,

2263 4982 2561 5053 ἀγαπητοὶ,
2592 4981 2693 5045 τάς
2723 4981 3050 5053 μαρτυρίας,
3076 4980 3216 5051 μετά
3234 4981 3336 5051 τῆς
3357 4980 3573 5034 οἷκοθεν
3593 4980 3687 5035 καὶ
3708 4979 3828 5050 παρ’

2261 5068 2431 5140 αὐτῆς
2454 5072 2552 5141 τῆς
2572 5069 2828 5142 ἀληθείας
2852 5070 3255 5141 ἀναμφιλέκτου
3279 5068 3632 5136 ἀποδείξεως,
3652 5068 3826 5130 καθὼς

2261 5161 2769 5232 προαποδέδεικται,
2795 5154 3117 5233 παρακαλῶ,
3143 5160 3500 5229 Γρηγορεῖτε
3522 5177 3535 5189 ·
3582 5159 3825 5225 στήκετε

2261 5250 2333 5304 ἐν
2359 5249 2433 5319 τῇ
2458 5253 2692 5306 πίστεν
2723 5249 3088 5321 ἀνδρίζεσθε,
3112 5250 3529 5320 κραταιοῦσθε,
3557 5250 3640 5320 μὴ
3683 5265 3825 5302 πτυ-

591 5340 707 5403 illis
740 5350 816 5396 est
857 5357 1017 5396 causa
1058 5340 1381 5412 perditionis,
1436 5340 1581 5394 nobis
1628 5349 1803 5397 autem
1848 5340 2077 5395 salutis:
2108 5350 2156 5395 et

2272 5344 2499 5413 ρόμενοι
2528 5342 2597 5397 ὲν
2616 5343 2824 5414 μηδενὶ
2854 5344 2974 5400 ὑπὸ
3004 5343 3122 5398 τῶν
3146 5342 3591 5414 ἀντικειμένων,
3621 5340 3738 5413 μηδ’
3760 5334 3823 5393 αὖ

662 5484 705 5554 ’ί
744 5520 871 5577 Haec
907 5520 1043 5592 ipsa,
1075 5517 1395 5592 testimonia
1424 5518 1611 5592 retulit
1634 5518 1688 5571 in
1719 5517 2127 5592 Il_e_l'uta_Po_em,
2152 5519 2294 5574 Ιεοιι.
2337 5536 2522 5592 supra,
2546 5537 2603 5592 p.
2633 5522 2755 5583 154.
2792 5521 2871 5577 Ex
2903 5523 3021 5578 Vita
3061 5520 3119 5578 S.
3154 5519 3655 5592 PancratiirExstat
3689 5512 3822 5592 apud

588 5584 944 5647 Bollandum:
1003 5590 1239 5663 "Galat.
1268 5606 1363 5663 tu,
1379 5590 1438 5663 1Δ
1503 5590 1548 5621 ³⁸
1574 5588 1722 5641 hom.
1757 5588 1967 5663 ιεδηλε.
1992 5589 2175 5642 Barlai

2272 5632 2273 5637 η
2301 5591 2344 5623 ³⁷
2371 5584 2447 5663 li_e
2468 5584 2672 5661 spiritu
2695 5603 2878 5647 sancta
2921 5609 2970 5647 c.
3000 5594 3086 5659 l8,
3113 5609 3169 5663 p.
3203 5593 3323 5648 l89.
3369 5593 3416 5624 ⁸⁸
3434 5591 3519 5663 Ετ
3539 5584 3822 5663 01mm}!

588 5663 923 5732 Antiochum.
949 5671 1140 5732 quiest.
1159 5660 1246 5732 '59_.
1269 5729 1297 5732 _
1318 5657 1477 5732 ἔξει
1504 5673 1667 5732 seum.
1696 5674 1727 5732 ι
1739 5657 1836 5732 __l)e
1863 5660 2079 5715 diversis
2108 5663 2376 5732 utriusque
2408 5652 2636 5718 Testam.
2669 5663 2818 5719 locis.
2892 5652 3096 5719 “l’sal'.
3114 5652 3291 5730 ἰειιι,
3314 5664 3406 5721 20.
3482 5659 3524 5692 ⁸⁸
3560 5652 3697 5715 (ιιι.
3734 5652 3818 5707 82-

584 5731 630 5769 ⁸³
672 5731 688 5785 l
719 5733 844 5787 Cor.
879 5727 990 5796 xvi,
1023 5731 1111 5786 15.
1186 5729 1231 5763 ⁸³
1268 5729 1467 5798 Philip.
1501 5745 1541 5795 ι,
1574 5727 1667 5793 ἓ8,
1696 5728 1785 5783 50.
