4054 6364
251 364 388 426 1137

1477 355 2018 417 EPISTULABUM
2049 354 2198 417 LIB.
2232 353 2318 417 ΙΙ.

3368 355 3507 428 1138

243 478 354 531 ὑπὸ
410 473 521 528 τῶν
586 472 1087 527 ὑποσκελισθέντων
1138 472 1233 528 καὶ
1290 470 1822 545 φρεναπατηθέντων

1953 484 2018 522 :oc
2047 485 2079 521 a
2109 468 2251 533 Deo;
2282 470 2426 525 sicut
2451 469 2716 539 scriptum
2745 478 2832 526 est
2862 486 2876 526 :
2914 470 3053 537 Quia
3084 472 3228 528 vobis
3254 475 3508 532 donatum

252 564 663 636 psuoaoéltpww
714 563 886 627 Ἵιτις
937 562 1132 627 ἐστίν,
1171 560 1377 625 αὐτοῖς
1415 558 1532 629 μὲν
1574 557 1833 623 ἔνδειξις

1953 570 2008 614 τοι
2030 577 2063 614 a
2088 560 2198 615 Deo
2226 579 2321 631 pro
2351 560 2583 626 Christo,
2616 578 2717 616 non
2742 562 2912 616 solum
2944 572 3002 616 ut
3029 564 3085 616 in
3111 580 3230 619 eum
3261 568 3508 632 credatis,

241 658 571 723 ἀπωλείας,
618 655 764 725 ἡμῖν
823 654 891 708 δὲ
940 654 1271 723 σωτηρίας·
1323 653 1425 707 καὶ
1479 653 1657 707 τοῦτο
1713 651 1833 705 ἀπὸ

1953 650 2023 704 :ed
2072 660 2130 704 ut
2183 653 2346 706 etiam
2395 669 2491 722 pro
2536 653 2626 706 illo
2676 653 2961 722 patiamini
2998 668 3017 707 :
3056 654 3192 708 idem
3245 666 3513 711 certamen

246 750 423 813 Θεοῦ,
460 747 605 801 κοιθά
633 750 981 817 γέγραπται·
1010 745 1136 799 ’Ότι
1161 744 1308 814 ὑμῖν
1335 743 1496 816 [Reg.
1530 744 1654 799 cod.
1675 741 1833 814 ἡμῖν]

1953 739 2198 806 tabentes,
2223 740 2380 810 quale
2407 742 2613 795 vidistis
2664 741 2722 795 in
2762 756 2877 801 me,
2909 750 3219 811 peccatore,
3274 753 3325 797 et
3370 760 3515 798 omne

244 839 537 906 ἐχαρίσθη
563 834 681 891 ἀπὸ
715 835 865 890 Θεοῦ
894 835 960 888 τὸ
991 834 1146 902 ὑπὲρ
1175 834 1283 888 τοῦ
1310 833 1593 902 Χριστοῦ,
1624 834 1697 887 οὐ
1729 833 1837 902 μό-

1935 833 2136 887 auditis
2178 849 2197 887 :
2254 834 2392 887 idem
2437 834 2738 896 sentientes,
2783 835 3080 899 unanimes,
3129 834 3514 891 collaborantes

247 945 363 982 νον
398 928 468 982 τὸ
503 929 590 992 εἰς
623 926 814 980 αὑτὸν
855 926 1184 991 πιστεύειν,
1232 924 1393 979 ἀλλὰ
1435 924 1536 979 καὶ
1573 923 1640 977 τὸ
1682 922 1837 991 ὑπὲρ

1953 922 2058 976 idet“
2099 921 2377 995 Evangelii
2409 938 2429 977 :
2466 938 2588 978 cum
2630 932 2776 978 metu
2809 933 2860 978 et
2892 933 3118 979 tremore
3161 926 3389 981 salutem
3424 944 3516 981 oe-

243 1018 439 1072 αὐτοῦ
476 1016 741 1085 πάσχειν
764 1031 781 1049 ·
820 1015 931 1069 τόν
956 1013 1144 1069 αὐτὸν
1172 1011 1377 1083 ἀγῶνα
1407 1013 1678 1081 ἔχοντες,
1707 1003 1840 1066 οἶον

248 1109 441 1163 elders
482 1109 551 1162 ἐν
576 1106 705 1176 ἐμοὶ
740 1104 820 1175 τῷ
867 1103 1200 1176 ἁμαρτωλῷ,
1246 1103 1347 1158 καί
1409 1104 1526 1159 νῦν
1563 1103 1837 1158 ἀκούετε,

251 1199 774 1268 Συμςρρονοῦντες,
830 1194 1327 1266 συμψυχοῦντες,
1384 1194 1840 1261 συναθλοῦντες

251 1290 331 1358 τῇ
366 1292 563 1344 πίστει
592 1290 698 1344 τοῦ
726 1289 1102 1359 Εὑαγγελίου
1124 1305 1140 1320 ·
1165 1288 1317 1359 μετά
1346 1289 1539 1356 φόϐου
1578 1288 1677 1341 καί
1705 1288 1840 1355 τρό-

245 1400 373 1451 μου
416 1383 531 1447 τὴν
574 1379 806 1436 ἑαυτῶν
845 1382 1149 1448 σωτηρίαν
1196 1377 1720 1449 κατεργαζόμενοι*
1753 1377 1842 1431 ἵνα

254 1473 474 1527 ἀκούων
501 1474 569 1527 τά
594 1472 722 1543 περὶ
757 1471 911 1542 ὑμῶν
939 1470 1116 1544 χαίρω
1152 1473 1181 1526 ό
1215 1470 1559 1542 ἁμαρτωλός.
1603 1468 1841 1524 Βλέπετι

252 1566 353 1618 τὸν
376 1564 623 1619 Σατανᾶν
644 1580 660 1597 ·
695 1562 925 1632 βλέπετε
953 1562 1051 1634 τὴν
1077 1562 1395 1636 παρρησίαν
1414 1578 1431 1596 ·
1462 1563 1626 1633 ὁρᾶτε
1650 1562 1729 1633 μή
1758 1577 1844 1625 τις

254 1657 320 1711 ιν
348 1673 455 1710 τινι
486 1655 894 1726 παραπικράνοι
939 1654 1032 1708 τὸν
1078 1654 1230 1709 Θεόν.
1292 1655 1351 1709 ’0
1395 1654 1505 1726 γάρ
1553 1654 1770 1725 δράκων
1814 1656 1844 1709 ό

261 1748 460 1818 μέγας,
496 1746 820 1816 πολύτεκνός
861 1746 981 1799 ἐστι
1011 1746 1105 1799 καὶ
1140 1745 1491 1814 πολύπειρος.
1520 1744 1713 1799 Ἔνθεν
1752 1745 1842 1800 διά

1935 1023 2107 1067 stram
2128 1024 2413 1083 operantes
2436 1015 2482 1047 “
2509 1032 2524 1069 :
2562 1024 2621 1069 ut
2644 1030 2749 1084 ego
2785 1026 3039 1086 peccator
3073 1018 3358 1087 gaudeam,
3385 1030 3514 1072 cum

1937 1104 2106 1159 audio
2128 1105 2197 1161 de
2224 1106 2404 1161 vobis.
2430 1105 2624 1161 Videte
2647 1106 2908 1162 Satanam
2937 1126 2949 1162 :
2984 1108 3163 1163 videte
3192 1109 3512 1165 audaciam:

1937 1197 2119 1252 videte
2167 1212 2237 1255 ne
2294 1199 2419 1268 quis
2468 1199 2524 1253 in
2555 1199 2665 1253 ullo
2713 1199 2883 1254 Deum
2914 1200 3111 1255 irritet.
3162 1201 3335 1257 Draco
3365 1202 3511 1256 enim

1940 1302 2192 1358 magnus,
2223 1289 2376 1344 vafer
2397 1298 2453 1344 et
2478 1290 2711 1345 callidus
2730 1289 2786 1344 in
2814 1290 2992 1346 varias
3013 1299 3197 1362 partes
3224 1307 3284 1347 se
3310 1300 3512 1347 versat.

1941 1374 2047 1431 Ubi
2069 1391 2167 1446 per
2197 1376 2359 1432 [idem
2392 1377 2667 1448 perimere
2693 1393 2803 1433 non
2831 1387 3031 1448 potest.
3055 1379 3163 1433 illic
3186 1393 3283 1449 per
3305 1378 3515 1446 lapsum

1943 1466 2199 1522 eamdem
2264 1466 2568 1537 perniciem
2607 1467 2770 1524 nobis
2799 1467 2935 1538 ipsis
2964 1466 3164 1523 aﬂ'erre
3206 1468 3389 1525 studet
3418 1483 3517 1538 per

1937 1557 2119 1628 legem
2165 1558 2381 1628 peccati
2426 1566 2830 1629 repugnantem
2881 1559 2991 1629 legi
3040 1559 3240 1614 montis
3282 1567 3514 1615 nostra.

1947 1646 2131 1720 Rugit,
2161 1649 2360 1718 quaerit
2392 1649 2535 1704 sicut
2565 1650 2652 1705 leo
2679 1665 2843 1719 quem
2878 1651 3072 1720 rapiat,
3096 1649 3303 1717 titillat,
3337 1650 3518 1722 ignem

1945 1740 2217 1806 accendit,
2263 1739 2605 1797 inﬂammare
2644 1742 2793 1812 cupit
2834 1742 3030 1796 animm
3058 1742 3301 1797 domum.
3337 1742 3520 1798 Habe-

260 1839 499 1901 πίστεως
549 1838 647 1908 οὑχ
696 1838 942 1909 εὑρίσκει
991 1838 1212 1892 ὀλέσαι·
1258 1838 1467 1892 ἐκεῖθεν
1515 1838 1705 1909 τρέχει
1750 1838 1841 1892 διά

1953 1848 2073 1888 mus
2104 1849 2136 1887 a
2172 1832 2283 1888 Deo
2308 1834 2456 1889 unde
2481 1834 2631 1889 illum
2661 1833 3052 1897 disturbemus,
3084 1849 3281 1902 aquam
3304 1835 3517 1905 capitis,

260 1928 710 1999 παραπτώματος
734 1929 795 1983 τὸ
820 1928 953 1984 αὐτὸ
982 1929 1153 1985 κακὸν
1177 1929 1596 2001 ἀπεργάσασθαι
1619 1931 1678 1983 ὲν
1704 1931 1840 2001 ἡμῖν

260 2020 452 2082 αὑταῖς
495 2019 584 2073 eis
623 2018 719 2073 τοῦ
749 2020 1302 2093 ἀντιστρατευομένου
1333 2022 1496 2092 νόμον
1529 2022 1629 2093 τῆς
1658 2024 1842 2093 ἀμαρ-

258 2111 385 2175 τίας
419 2110 496 2181 τῷ
520 2112 668 2181 νόμῳ
698 2111 791 2165 τοῦ
815 2114 935 2176 νοὸς
959 2113 1135 2182 ἡμῶν.
1164 2113 1465 2185 Βρυχᾶται,
1492 2117 1745 2187 ἐπιτηρεῖ
1764 2115 1843 2179 ὡς

261 2203 405 2256 λέων
439 2204 712 2273 ἀρπᾶσαι,
742 2204 1091 2274 γαργαλίζει·
1115 2205 1224 2277 πῦρ
1251 2206 1516 2260 ἀνάπτει·
1552 2208 1841 2280 ἑμπιπρᾷν

260 2293 519 2363 ὀρέγεται
550 2293 641 2346 τὸν
674 2291 820 2347 οἷκον
858 2296 959 2365 τῆς
988 2296 1186 2367 ψυχῆς.
1224 2296 1462 2367 Ἐχομεν
1507 2298 1573 2352 ὲκ
1599 2297 1735 2352 Θεοῦ
1774 2300 1844 2354 τὰ

265 2381 629 2453 καθαιρετικά
674 2383 837 2437 αὑτοῦ
871 2385 1217 2456 ἀμυντήρια·
1248 2385 1392 2456 ὕδωρ
1431 2388 1694 2460 κεφαλῆς,
1733 2406 1845 2459 πη-

265 2475 373 2544 γὴν
428 2474 715 2545 δακρύων·
757 2476 974 2542 δεήσεις
998 2492 1013 2506 ·
1055 2479 1385 2547 προσευχάς.
1429 2479 1555 2533 Ἐπὶ
1596 2481 1761 2535 πᾶσιν
1816 2482 1845 2534 ό

266 2563 414 2627 θεῖος
451 2563 615 2633 φόϐος
650 2564 886 2636 σιδηρῶν
912 2565 1006 2618 καὶ
1038 2565 1291 2636 καθηλῶν
1316 2566 1418 2630 τάς
1456 2568 1667 2638 σάρκας
1689 2569 1845 2639 ήμῶν

267 2654 434 2708 ἔστω.
464 2652 729 2725 Μηδαμοῦ
756 2652 949 2722 φθόνος
977 2654 1281 2719 αὑλιζέσθω
1301 2672 1317 2688 ·
1354 2656 1479 2727 μηδ’
1503 2653 1569 2711 αὖ
1592 2656 1739 2729 ἔρις·
1770 2662 1845 2731 μὴ

1952 1924 2315 1995 lacrymarum
2348 1925 2581 1992 fontem,
2618 1926 3067 1996 supplicationes,
3106 1925 3402 1981 orationes.
3437 1924 3522 1980 Sit

1946 2016 2004 2070 in
2037 2016 2295 2072 omnibus
2324 2017 2487 2071 timor
2524 2017 2640 2084 Dei,
2680 2016 2774 2087 qui
2822 2031 3043 2071 carnem
3083 2023 3325 2071 nostram
3356 2016 3521 2071 robo-

1948 2113 2033 2159 ret
2057 2115 2119 2161 et
2149 2105 2405 2177 conligat.
2451 2104 2729 2177 Nusquam
2763 2105 2965 2161 invidia
2993 2106 3221 2173 habitet,
3252 2120 3357 2162 nec
3386 2120 3522 2161 con-

1950 2198 2143 2264 tentio,
2175 2214 2278 2254 nec
2305 2200 2488 2256 inanis
2513 2201 2703 2271 gloria,
2728 2215 2831 2256 nec
2856 2201 3153 2271 quidquam
3175 2200 3242 2256 de
3263 2200 3522 2272 operibus

1950 2289 2302 2345 tenebrarum
2347 2308 2361 2346 :
2408 2292 2538 2347 dum
2591 2292 2771 2348 adhuc
2816 2301 3105 2362 emergunt
3155 2302 3213 2349 et
3269 2292 3523 2348 oriuntur

1949 2381 2412 2450 perturbationes,
2459 2392 2790 2438 arceantur:
2831 2398 2903 2438 ne
2946 2396 3234 2454 pOStquam
3270 2383 3521 2439 admissae

1951 2472 2179 2540 iuerint,
2215 2475 2568 2545 animamque
2596 2475 2908 2542 infecerint,
2936 2475 3211 2533 dillicilius
3241 2476 3521 2546 expellan-

1950 2572 2058 2619 tur.
2088 2562 2190 2629 Qui
2215 2564 2271 2618 in
2292 2581 2459 2635 agone
2477 2566 2761 2629 contendit,
2784 2565 2849 2619 ab
2875 2566 3112 2620 omnibus
3136 2582 3190 2620 se
3211 2567 3437 2620 abstinet
3452 2566 3520 2620 “.

1950 2653 2037 2709 Sic
2067 2656 2279 2718 currite,
2314 2665 2372 2709 ut
2402 2657 2848 2726 compreltendatis
2861 2655 2908 2689 “
2942 2674 2955 2711 :
2991 2656 3169 2712 cedite
3228 2656 3509 2712 novissimi

265 2746 383 2814 μὴν
411 2745 686 2809 κενοδοξία
704 2762 719 2775 ο
749 2745 886 2816 μήτε
912 2762 966 2798 τι
994 2745 1101 2800 τῶν
1126 2745 1305 2818 ἔργων
1326 2746 1421 2800 τοῦ
1447 2747 1672 2811 σκότους
1694 2766 1709 2780 ·
1744 2750 1848 2813 ἕως

1953 2747 2168 2813 primis.
2207 2746 2326 2800 Non
2354 2748 2492 2801 enim
2516 2757 2589 2802 est
2614 2749 2949 2804 dissensionis
2978 2746 3139 2814 Deus,
3166 2749 3262 2803 sed
3284 2748 3436 2819 pacis
3451 2747 3519 2803 ".

269 2836 362 2887 ὅτε
390 2834 678 2905 ἀκροϐολεῖ
720 2834 788 2889 τὰ
820 2836 967 2906 πάθη
993 2836 1373 2908 ὲκκρουόσθω·
1400 2837 1486 2891 ἵνα
1517 2838 1591 2909 μὴ
1619 2839 1847 2893 εἰσοικι-

1957 2838 2191 2910 Diligite,
2220 2839 2364 2894 sicut
2390 2840 2554 2906 Deus,
2588 2842 2865 2910 praepositi
2892 2841 3141 2898 subditos
3162 2860 3191 2897 :-
3222 2851 3278 2897 et
3304 2857 3414 2897 non
3454 2857 3524 2899 ex

272 2924 475 2979 σθέντα
517 2924 613 2979 ttat
657 2926 1019 2997 φαρμάξαντα
1057 2927 1157 2997 τὴν
1204 2925 1381 2997 ψυχὴν
1424 2927 1847 2982 δυσαπάλλακτα

1953 2934 2300 3001 auctoritate,
2336 2936 2433 2989 sed
2458 2951 2521 2990 ex
2548 2935 2751 2991 virtute
2774 2943 2829 2990 et
2856 2935 3101 2991 bonitate
3125 2935 3521 3006 subjectionem

270 3016 517 3086 γένηται.
577 3015 632 3069 '0
682 3015 1110 3087 ἀγωνιζόμενος
1168 3018 1367 3072 πάντα
1410 3018 1845 3088 ἐγκρατεύεται.

1955 3025 2181 3096 exigatis
2207 3034 2264 3080 et
2287 3025 2676 3082 obedientiam.
2704 3026 2781 3082 Ne
2810 3027 3141 3097 separamini
3171 3029 3240 3081 ab
3263 3026 3522 3091 invicem,

250 3107 479 3181 ⁴Οὕτως
506 3106 761 3177 τρέχετε,
787 3108 886 3161 ἵνα
906 3107 1282 3177 καταλάϐητε
1298 3126 1311 3139 ·
1341 3110 1595 3165 ὑπείκετε
1621 3114 1668 3165 oi
1695 3112 1849 3184 ἔσχα-

1956 3118 2071 3172 loca
2126 3116 2297 3172 multa
2354 3126 2676 3182 mutantes,‘
2710 3126 2766 3173 et
2819 3133 3090 3188 nusquam
3151 3117 3521 3189 proﬁcientes.

270 3216 352 3251 τοι
404 3171 825 3269 τοίς-πρώτοις.
854 3202 936 3253 Οὐ
975 3200 1085 3271 γάρ
1117 3171 1288 3255 ἐστιν
1327 3171 1792 3272 ἀκαταστασίας
1817 3207 1850 3259 ὁ

1956 3209 2195 3264 Marcum
2230 3210 2621 3279 evangelist
2650 3224 2840 3266 secum
2878 3224 3159 3266 assumere
3183 3210 3359 3265 noluit
3384 3208 3525 3265 Pau-

270 3286 445 3352 Θεὸς,
479 3287 903 3357 ἀλλἐίρήνης.
947 3290 1224 3358 ’Δγαπᾶτε
1269 3292 1465 3358 θεῖκῶς
1496 3297 1545 3349 οί
1579 3297 1852 3367 προηγού-

269 3395 430 3448 μενοι
458 3381 582 3443 τοὺς
614 3380 934 3449 ἑπομένους·
954 3382 1049 3435 καὶ
1084 3384 1161 3455 μὴ
1194 3385 1253 3451 ἐξ
1281 3386 1617 3452 αὑθεντείας,
1647 3388 1763 3442 ἀλλ’
1793 3390 1853 3457 ἐξ

273 3469 481 3538 ἀρετῆς
514 3468 607 3522 καὶ
647 3469 987 3541 ἀγαθότητος
1028 3473 1351 3545 ἀπαιτοίητε
1378 3476 1439 3528 τὸ
1468 3477 1851 3542 ὑποτακτικὸν,

274 3560 371 3613 καὶ
394 3558 652 3629 ὑπήκοον.
674 3559 768 3631 Μὴ
789 3562 1089 3637 χωρίζεσθε
1116 3564 1212 3617 ἀπ’
1242 3565 1507 3638 ἀλλήλων,
1535 3568 1855 3637 ἀμείϐοντες

276 3649 511 3714 πολλοὺς
557 3651 807 3722 πρώτους
837 3651 903 3723 [Γ.
934 3654 1179 3727 τόπους],
1224 3658 1319 3709 καὶ
1368 3657 1606 3727 οὐδαμοῦ
1658 3676 1855 3732 χρησι-

278 3740 565 3809 μεύοντες.
598 3741 826 3812 Μάρκον
856 3743 951 3795 τὸν
978 3744 1370 3816 εὑαγγελιστὴν
1395 3748 1492 3817 οὑχ
1518 3747 1693 3802 εἵλετο
1718 3766 1857 3820 συμ-

276 3830 619 3900 παραλαῦεῖν
653 3832 885 3900 Παῦλος,
910 3833 987 3899 ὡς
1010 3835 1340 3907 γέγραπται,
1367 3838 1455 3893 διά
1480 3840 1540 3893 τὸ
1569 3841 1644 3911 μὴ
1670 3842 1857 3895 συνελ-

269 3921 416 3985 θεῖν,
449 3921 563 3978 ἀλλ)
595 3923 733 3978 οἴκοι
766 3925 1101 3997 ἀναστρέψαι
1126 3928 1187 3979 τὸ
1216 3930 1498 4001 πρότερον.
1534 3931 1692 4002 Πόσῳ
1722 3933 1856 4002 μᾶλ-

274 4013 372 4066 λον
404 4016 562 4086 ἡμεῖς
592 4017 866 4086 ὀφειλέται
890 4018 1061 4090 ἐσμὲν
1086 4020 1363 4091 στέργειν;
1396 4022 1691 4089 Ἕκαστος
1717 4025 1789 4079 ἐν
1810 4018 1859 4093 ᾧ

270 4104 533 4173 ἐκλήθη,
555 4107 827 4177 ἀδελφοί,
862 4109 933 4163 ἐν
962 4112 1147 4175 τούτῳ
1171 4109 1418 4181 μενέτω.
1451 4115 1858 4184 Καθαρίζωμεν

198 4202 223 4229 ³⁵
272 4196 553 4264 ἑαυτοὺς,
585 4198 906 4269 ἀγαπητοί,
954 4202 1045 4256 ἀεὶ
1091 4202 1212 4258 ἀπὸ
1257 4204 1486 4271 παντὸς
1530 4207 1857 4275 μολυσμοῦ

266 4286 509 4354 σαρκὸς
534 4289 632 4341 καὶ
660 4291 1000 4360 πνεύματος
1017 4306 1032 4320 ·
1061 4292 1483 4361 ἐπιτελοῦντες
1511 4296 1859 4367 ἁγιωσύνην

267 4379 349 4433 ἐν
379 4382 545 4449 φόϐῳ
571 4382 741 4438 Θεοῦ.
782 4384 893 4451 Τὰς
928 4387 1292 4453 παραδόσεις
1328 4388 1613 4455 κρατεῖτε,
1639 4390 1713 4457 ἀς
1737 4391 1856 4446 ἐδι-

1954 3301 2059 3365 lus,
2104 3300 2249 3357 sicut
2279 3301 2547 3372 scriptum
2581 3309 2665 3357 est
2681 3300 2750 3367 ἓξ,
2797 3316 2863 3356 eo
2906 3301 3054 3372 quod
3094 3316 3206 3357 non
3239 3302 3372 3358 isset
3396 3317 3522 3358 cum

1954 3392 2042 3456 iis,
2076 3392 2172 3447 sed
2201 3392 2350 3448 domi
2386 3393 2537 3462 prius
2564 3393 2939 3449 remansisset.
2970 3394 3185 3460 Quanto
3211 3395 3381 3466 magis
3421 3408 3528 3451 nos

1953 3483 2303 3551 acquiescere
2337 3483 2642 3539 debemus?
2684 3485 3048 3555 Unusquisque
3084 3486 3141 3538 in
3170 3501 3273 3555 quo
3309 3494 3525 3541 vocatus

1953 3583 2053 3637 est,
2093 3576 2308 3645 fratres,
2365 3576 2422 3629 in
2460 3576 2557 3629 hoc
2605 3577 2999 3645 permaneat“.
3048 3577 3358 3632 Mundemus
3409 3594 3523 3641 nos,

1955 3665 2155 3729 dilecti,
2190 3681 2394 3736 semper
2435 3666 2500 3721 ab
2530 3668 2673 3720 omni
2707 3668 3100 3737 inquinamento
3129 3669 3305 3722 carnis
3338 3677 3387 3722 et
3418 3669 3528 3737 spi-

1955 3756 2111 3817 ritus.
2141 3757 2464 3826 perﬁcientes
2509 3758 2983 3826 sanctiﬁcationem
3022 3758 3078 3812 in
3123 3759 3307 3812 timore
3345 3758 3440 3813 Dei
3457 3758 3526 3817 ⁵⁸.

1960 3845 2147 3902 Tenete
2182 3849 2497 3903 traditiones
2529 3866 2662 3919 quas
2700 3849 2955 3903 didicistis
2970 3849 3013 3882 ⁵⁸
3047 3865 3061 3902 :
3093 3847 3346 3902 instruite
3389 3850 3529 3902 invi-

1955 3954 2109 4004 cem,
2165 3947 2399 3994 mortem
2457 3954 2677 4003 semper
2729 3940 3043 4009 recogitate.
3091 3938 3254 3994 Orate
3305 3938 3524 4007 itaque-

1957 4029 2224 4092 obsecro,
2281 4045 2381 4099 pro
2432 4030 2710 4085 omnibus.
2758 4030 3057 4084 Benedicite
3105 4033 3528 4101 persequentibus

1958 4134 2046 4173 vos
2074 4134 2093 4171 :
2138 4120 2457 4183 benedicite,
2519 4128 2569 4174 et
2628 4118 2788 4173 nolite
2842 4118 3153 4172 maledicere
3172 4119 3260 4171 δίε
3295 4117 3530 4173 circum-

1958 4218 2156 4264 euntes
2198 4209 2418 4265 deloco
2460 4209 2514 4263 in
2560 4210 2762 4275 locum,
2808 4218 3052 4280 egentes,
3100 4208 3409 4279 angustiati,
3446 4207 3531 4262 at-

1959 4300 2090 4356 ﬂicti
2113 4300 2181 4365 ",
2215 4298 2269 4353 in
2300 4299 2533 4354 desertis
2566 4308 2623 4353 ct
2647 4299 2927 4355 montibus
2954 4308 3227 4362 errantes,
3250 4298 3432 4353 forsan
3471 4308 3529 4354 et

1958 4405 2225 4447 cavernas
2252 4400 2412 4449 terra:
2440 4391 2733 4445 intrantes.
2775 4390 3095 4446 Gloriamini
3137 4391 3263 4460 quia
3306 4399 3530 4460 propter

273 4468 540 4539 ὄὰχθητε
565 4486 579 4500 ·
629 4477 920 4543 κατηχεῖτε
954 4476 1249 4547 ἀλλήλους·
1284 4478 1593 4548 ὑπόμνησιν
1638 4481 1850 4551 λαμόἀ·

1958 4482 2235 4538 Cbristum
2285 4500 2301 4537 :
2352 4482 2479 4552 quia
2531 4481 2688 4536 vobis
2738 4482 2937 4552 dignus
2982 4496 3096 4536 non
3137 4491 3221 4536 est
3266 4482 3528 4536 mundus.

272 4577 400 4613 νετε
432 4561 521 4614 ἀεὶ
544 4563 638 4616 τοῦ
669 4563 921 4618 θανάτου.
954 4565 1193 4637 Εΰχεσθε
1223 4564 1337 4636 οὖν,
1368 4571 1693 4640 παρακαλῶ,
1717 4573 1858 4644 ὑπὲρ

277 4651 520 4706 πάντων.
570 4654 891 4724 Budare?“
938 4656 1081 4724 τοὺς
1115 4657 1445 4728 διώκοντας
1470 4662 1625 4731 ὑμᾶς
1644 4679 1658 4695 ·
1682 4666 1861 4720 εὐλο-

274 4742 458 4811 γεῖτε,
486 4744 586 4797 καί
614 4745 702 4814 μὴ
742 4745 1079 4815 καταρᾶσθε
1102 4766 1117 4779 ·
1152 4752 1569 4823 περιερχόμενοι
1600 4755 1665 4807 ὲκ
1693 4754 1860 4809 τόπου

273 4835 362 4897 εἰς
393 4836 578 4900 τόπον,
613 4837 1020 4909 ὑστερούμενοι,
1050 4840 1379 4912 Θλιόόμενοι,
1408 4847 1859 4917 κακουχούμενοι·

275 4931 342 4982 ἐν
378 4927 639 4999 ἐρημίαις
678 4931 773 4982 καὶ
809 4930 964 4999 ὄρεσι
1003 4932 1381 5003 πλανώμενοι·
1429 4937 1460 5007 ἢ
1497 4937 1639 5009 τάχα
1669 4939 1764 4992 καὶ
1800 4941 1860 4993 ὲν

271 5019 445 5082 ὀπαῖς
473 5021 573 5089 τῆς
603 5022 705 5091 γῆς
733 5023 1058 5087 εἰσδύοντες.
1094 5027 1320 5098 Αὑχείτε
1358 5031 1441 5084 ὅτι
1471 5030 1561 5085 διὰ
1601 5033 1859 5104 Χριστὸν,

272 5114 366 5165 ὅτι
395 5111 547 5180 ὑμῶν
572 5114 672 5167 οὑκ
696 5114 844 5179 ἀξιος
866 5118 897 5169 ό
926 5117 1147 5187 κόσμος.
1183 5119 1497 5189 Ἐνέγκατε,
1517 5124 1707 5178 τεκνία
1733 5143 1857 5196 μου,

272 5202 491 5287 τεκνία,
540 5204 796 5272 ἐνέγκατε
857 5210 1071 5279 μικρὸν,
1114 5211 1210 5265 καὶ
1251 5212 1531 5268 ἐλεύσεται
1582 5216 1790 5287 Κύριος
1830 5219 1861 5271 ό

277 5292 698 5363 στεφανοδότης,
756 5298 784 5348 ό
835 5298 1268 5368 μισθαποδῦτης·
1312 5294 1374 5354 οὗ
1426 5304 1860 5375 συγκληρονόμοι

276 5383 613 5453 γεγενῆσθαι
674 5388 1099 5459 ὲπηγγέλμεθα·
1147 5391 1332 5459 Εἴπερ
1393 5394 1859 5465 συμπάσχομεν,

275 5476 386 5527 ἶνα
429 5475 526 5528 καὶ
554 5478 1068 5551 συνδοξασθῶμεν
1089 5499 1101 5513 ·
1135 5484 1228 5535 ἐπὶ
1259 5485 1394 5538 πᾶσι
1435 5489 1863 5559 προσευχόμενοι

1957 4572 2260 4636 Sustinete,
2294 4572 2449 4628 ﬁlioli
2493 4573 2602 4629 mei
2636 4591 2651 4628 :
2687 4564 2861 4641 lilioli,
2901 4573 3169 4628 sustinete
3209 4573 3526 4630 modicum:

1956 4674 2014 4720 et
2042 4665 2230 4719 veniet
2272 4664 2536 4718 Dominus
2573 4678 2791 4719 coronae
2819 4665 2995 4731 dator,
3039 4674 3096 4720 et
3132 4664 3403 4720 mercedis
3443 4681 3531 4722 ne-

1961 4753 2197 4810 tributor
2228 4772 2241 4809 :
2278 4754 2436 4822 cujus
2475 4768 2578 4808 nos
2609 4754 2923 4810 cohaeredes
2951 4755 3069 4810 [one
3098 4755 3257 4811 nobis
3294 4756 3529 4827 promis-

1960 4860 2083 4900 sum
2114 4854 2238 4900 est:
2270 4844 2327 4899 Si
2367 4853 2545 4899 tamen
2591 4848 2959 4914 compatimur,
3002 4856 3058 4901 ut
3096 4857 3144 4902 et
3174 4848 3534 4919 congloriﬁce:

1967 4952 2087 4989 mur
2103 4935 2172 4999 “,
2209 4935 2264 4989 in
2308 4935 2567 4990 omnibus
2588 4945 2833 5001 orantes,
2852 4951 2951 5006 pro
2988 4952 3077 4993 me
3104 4938 3269 4993 etiam
3310 4940 3531 5002 misero,

1971 5037 2030 5082 ut
2058 5027 2415 5081 conﬁrmetur
2449 5042 2546 5082 cor
2574 5043 2756 5083 meum
2796 5030 2864 5085 ad
2904 5032 3228 5100 perferenda
3259 5049 3432 5105 usque
3463 5036 3535 5091 ad

1972 5129 2205 5174 mortem
2232 5133 2298 5173 ea
2326 5134 2447 5187 quae
2478 5119 2638 5174 nobis
2679 5120 3038 5192 inﬂiguntur:
3071 5133 3133 5180 ut
3172 5141 3283 5182 non
3311 5127 3534 5197 repellat

1972 5225 2061 5264 me
2086 5208 2337 5263 Christus
2357 5216 2578 5279 propter
2603 5210 2979 5282 indignitatem
3004 5228 3179 5271 meam
3208 5233 3224 5270 :
3250 5227 3312 5273 ut
3334 5218 3536 5274 liberer

1970 5316 2001 5354 a
2036 5300 2181 5354 malo.
2214 5314 2312 5369 per
2348 5299 2531 5354 omnia
2573 5316 2982 5374 usquequaque.
3014 5305 3171 5364 Nunc
3198 5308 3346 5375 vivo,
3399 5309 3536 5365 diie-

1962 5390 2213 5457 ctissimi,
2246 5390 2377 5444 dum
2397 5392 2557 5446 statis
2590 5390 2644 5446 in
2677 5393 2924 5450 Domino.
2951 5395 3079 5460 Quae
3098 5408 3173 5453 est
3193 5400 3333 5454 enim
3359 5408 3540 5455 nostra

1962 5498 2100 5551 spes,
2134 5490 2228 5535 aut
2264 5482 2540 5552 gaudium,
2574 5492 2669 5536 aut
2699 5500 2889 5539 corona
2926 5486 3208 5559 gloriati"?
3236 5488 3422 5542 Nonne
3452 5506 3539 5543 vos

356 5630 419 5710 δέ.
445 5628 636 5710 Ρλὴίιίρ.
671 5655 733 5700 u,
772 5638 856 5694 12.
933 5641 976 5676 "
1018 5641 1191 5698 lCor.
1230 5660 1302 5708 ix,
1336 5643 1427 5697 25.
1507 5647 1551 5678 “
1590 5649 1723 5704 ibid.
1756 5651 1846 5706 24.

1953 5652 1968 5682 ⁷
2012 5648 2030 5701 1
2061 5641 2187 5697 Cor.
2212 5657 2322 5704 XlV,
2346 5643 2434 5697 55.
2514 5629 2558 5673 δέ
2599 5643 2710 5698 Act.
2753 5664 2838 5710 xv,
2878 5624 2997 5701 58.-
3044 5647 3126 5701 "l
3156 5646 3281 5702 Cor.
3317 5663 3412 5706 vit.
3445 5648 3540 5707 24.

282 5701 334 5730 ¹¹⁰
378 5699 598 5785 Ιξμίῖυιί
628 5699 727 5772 vit,
761 5711 806 5764 l.
883 5712 927 5743 “
968 5712 1160 5770 Thess.
1197 5732 1255 5779 ll,
1290 5699 1375 5770 η.
1456 5716 1499 5747 ’³
1539 5699 1846 5785 Βοώζάῖιῖ

1953 5762 1957 5774 ,
2015 5699 2080 5749 -ιδ
2114 5712 2277 5767 Ilebr.
2312 5699 2389 5777 si,
2421 5714 2509 5766 57.
2587 5715 2631 5747 ⁸⁸
2675 5699 2837 5769 ιιυωί
2864 5699 2977 5781 vin,
3017 5717 3097 5770 l7.

279 5785 351 5828 it,
399 5772 477 5824 l9.

3208 5718 3253 5748 ⁵⁵
3293 5715 3311 5771 Ι
3344 5716 3540 5778 Thess.
