4054 6364
619 347 752 416 11⁸39

1807 357 1867 417 S.
1900 353 2291 416 THEODORI
2325 353 2465 414 STU
2478 354 2670 413 DITAE

3721 348 3844 416 mo

609 466 732 521 estis
769 474 883 519 tum
922 464 979 519 in
1021 464 1145 530 hoc,
1180 474 1293 521 tum
1324 466 1380 521 in
1410 465 1595 523 futuro
1625 468 1862 522 saeculo?
1892 466 2000 522 Vos
2032 467 2181 522 enim

2289 465 2379 519 καὶ
2409 464 2551 535 ὑπὲρ
2580 464 2714 534 ὲμοῦ
2739 462 2833 516 τοῦ
2863 460 3048 547 ἀθλίου
3074 479 3086 493 ·
3120 461 3210 516 ῖνα
3239 478 3341 532 μου
3372 462 3652 534 στερεωθῇ
3676 465 3709 533 ἡ
3732 484 3842 537 καρ.

607 569 664 614 et
692 557 950 612 solatium
982 558 1287 621 charitatis.
1321 567 1377 613 et
1404 559 1703 615 consolatio
1728 575 1847 614 mea
1878 560 2031 615 estis.
2060 559 2183 629 Ipse

606 657 782 701 autem
810 644 953 699 Deus
979 647 1124 715 pacis
1152 646 1446 715 sanctiﬁcat
1471 662 1559 699 vos
1586 662 1679 716 per
1713 646 1890 699 omnia
1912 660 1931 698 :
1962 655 2017 697 ut
2046 646 2182 698 inte-

606 755 698 809 ger
726 740 943 807 spiritus
981 748 1167 803 uester,
1198 748 1249 792 et
1276 740 1482 804 anima,
1519 747 1568 791 et
1606 753 1791 807 corpus
1828 738 1942 791 sine
1969 736 2182 807 querela

605 839 841 883 servetur
858 831 928 884 ⁵⁸.
973 830 1174 885 Fidelis
1221 828 1364 885 Deus
1392 826 1602 893 noster,
1635 827 1853 892 fratres,
1884 828 1977 896 qui
2005 835 2062 881 et
2104 826 2184 881 fa-

605 920 735 976 ciet.
784 919 1029 976 Salutate
1049 922 1267 976 invicem
1314 921 1371 974 in
1392 919 1568 975 osculo
1616 929 1797 974 sancto
1814 922 1877 975 ⁸⁷.
1920 919 2186 975 Salutatio

606 1024 752 1071 mea,
795 1010 1017 1065 humilis
1047 1010 1322 1066 Theodori
1360 1010 1428 1065 ad
1456 1012 1637 1066 omnia
1676 1012 1920 1066 membra
1954 1026 2075 1066 mea
2114 1027 2179 1067 ex

605 1099 767 1154 labiis
804 1100 984 1156 cordis
1031 1102 1161 1157 mei.
1212 1101 1467 1157 Salutant
1515 1117 1613 1158 vos
1652 1102 1746 1172 qui
1791 1117 2005 1158 mecum
2052 1111 2181 1157 sunt

608 1191 824 1246 fratres.
858 1192 1044 1247 Gratia
1078 1208 1201 1248 cum
1232 1194 1427 1263 spiritu
1459 1182 1661 1249 vestro.
1693 1195 1887 1249 Amen.

2283 556 2373 610 δία
2410 556 2654 622 ἐνεγκεῖν
2682 554 2845 626 μέχρι
2878 552 3113 607 θανάτου
3134 552 3206 606 τὰ
3233 553 3550 624 ὲπαγόμενα
3579 556 3711 624 ἡμῖν
3730 572 3743 585 ⁶
3773 558 3847 612 ἶνα

2289 647 2363 718 μή
2402 663 2469 712 με
2497 644 2785 717 ἀπώσηται
2832 646 3068 716 Χριστὸς
3115 644 3204 698 διὰ
3243 644 3342 715 τὴν
3368 644 3699 717 ἀναξιότητά
3725 664 3843 716 μου·

2286 736 2375 789 ῐνα
2401 734 2581 806 ῥυσθῶ
2603 734 2712 788 ἀπὸ
2737 733 2832 787 τοῦ
2861 732 3101 805 πονηροῦ
3128 734 3218 787 διὰ
3239 732 3441 796 παντὸς
3463 734 3523 786 ἐν
3548 735 3713 786 παντὶ
3737 736 3849 804 τρό-

2286 844 2393 898 πῳ.
2418 828 2534 881 Νῦν
2558 827 2656 892 ζῶ,
2679 828 2977 898 ἀγαπητοὶ,
3002 826 3097 880 ἐὰν
3125 827 3283 893 ὑμεῖς
3313 825 3542 895 στήκετε
3569 827 3626 878 έν
3652 826 3846 898 κυρίῳ.

2292 919 2390 985 Τίς
2424 917 2533 987 γὰρ
2564 916 2734 987 ἡμῶν
2762 917 2956 981 ἐλπὶς»
2993 918 3033 985 ἢ
3062 916 3281 986 χιιράνῆ
3300 916 3616 985 ’στέφανος
3638 920 3849 987 καυχή-

2286 1026 2471 1075 σεως;
2504 1009 2641 1064 ἀλλ’
2676 1008 2813 1080 οὐχί
2848 1009 3018 1078 ὑμεῖς
3046 1014 3140 1062 καὶ
3168 1010 3228 1061 ὲν
3258 1007 3335 1079 τῷ
3360 1007 3457 1062 νῦν
3476 1008 3654 1073 αἰῶνι,
3690 1011 3779 1063 καὶ
3799 1012 3849 1064 ὲν

2287 1100 2364 1172 τῷ
2396 1101 2669 1172 μέλλοντι;
2702 1103 2811 1167 ναὶ,
2835 1101 2993 1170 ὑμεῖς
3015 1101 3125 1172 γὰρ
3142 1100 3237 1154 καὶ
3260 1100 3606 1171 παραμύθιον
3621 1103 3846 1173 ἀγάπης.

2288 1194 2385 1247 καὶ
2412 1192 2761 1263 παράκλησίς
2794 1192 3140 1263 μου.Ἂῠτὸς
3168 1191 3237 1245 δὲ
3254 1195 3288 1246 d
3320 1193 3462 1259 Θεὸς
3492 1193 3599 1261 τῆς
3622 1193 3850 1261 εἰρήνης

604 1274 850 1350 ἁγιάσαι
875 1282 1033 1351 ὑμᾶς
1063 1285 1388 1354 ὁλοτελεῖς,
1414 1287 1515 1341 και
1554 1289 1896 1356 ὀλόκληρον
1937 1286 2106 1357 ὑμῶν
2164 1284 2231 1340 τὸ
2270 1287 2526 1356 πνεῦμα,
2580 1287 2677 1341 καὶ
2704 1287 2744 1354 ἠ
2801 1289 2997 1357 ψυχὴ,
3065 1288 3163 1343 καὶ
3214 1288 3282 1343 τὸ
3340 1286 3508 1357 σῶμα
3551 1287 3850 1358 ἀμέμπτως

606 1375 906 1442 τηρηθείη.
935 1377 1133 1441 Πιστὸς
1163 1379 1192 1431 6
1219 1378 1352 1443 Θεὸς
1377 1380 1534 1449 ἡμῶν
1556 1396 1571 1412 ο
1607 1381 1667 1446 ὃς
1696 1381 1792 1435 κα)⁸
1836 1383 2073 1451 ποιήσει,
2112 1380 2349 1451 ἀδελφοί.
2394 1380 2774 1435 Ἀσπάσασθε
2833 1379 3148 1447 ἀλλήλους
3186 1380 3257 1434 ἐν
3280 1380 3565 1449 φιλήματι
3598 1381 3764 1447 (ir/«p-
3800 1381 3850 1437 ὀ

605 1466 897 1537 ἀσπασμός
927 1485 1029 1539 μου
1056 1469 1150 1523 τοῦ
1174 1470 1434 1525 ταπεινοῦ
1454 1471 1734 1544 Θεοδώρου
1759 1472 1897 1543 πρὸς
1919 1471 2099 1525 πάντα
2148 1471 2220 1525 τὰ
2282 1472 2422 1543 μέλη
2469 1489 2572 1541 μου
2619 1472 2731 1525 ἀπὸ
2780 1469 3006 1541 χειλέων
3056 1488 3161 1542 μου
3205 1471 3456 1543 καρδίας.
3483 1471 3850 1541 ’Δσπάζονται,

609 1561 757 1630 ὑμᾶς
790 1562 839 1615 oi
874 1562 993 1630 μετ’
1022 1561 1159 1633 ἐμοῦ
1180 1562 1419 1631 ἀδελφοί.
1459 1563 1526 1618 Ἠ
1549 1564 1711 1635 χάρις
1742 1564 1881 1631 μετὰ
1904 1562 2000 1617 τοῦ
2025 1562 2338 1634 πνεύματος
2369 1563 2545 1631 ὑμῶν.
2585 1562 2779 1633 Ἀμήν.

801 1704 899 1762 IX.
932 1736 1001 1748 ——
1035 1704 1263 1777 Jorepho
1298 1707 1462 1779 fratri
1487 1718 1537 1763 et
1572 1709 1981 1779 archiepiscopo.

2304 1709 2381 1763 Θ’.
2415 1738 2483 1750 -—
2506 1706 2722 1777 Ἰωσὴφ
2750 1705 2994 1777 ἀδελφῷ
3024 1706 3123 1761 καί
3154 1706 3621 1778 ἀρχιεπισκόπῳ.
3643 1709 3823 1784 [ρνα’.]

1406 1826 1737 1886 Quorumdam
1757 1825 2208 1890 praevaricationem
2228 1828 2400 1878 deﬂet.
2447 1826 2650 1889 (Baron.
2681 1840 2762 1877 an.
2786 1826 2894 1887 815,
2921 1840 2969 1875 n.
3003 1826 3108 1889 11.)

686 1931 918 2002 Semper
941 1932 1077 1988 mihi
1106 1933 1344 2003 optabile
1386 1935 1629 1990 scribere
1658 1936 1936 1994 sanctitati
1966 1946 2091 2001 tute,
2124 1952 2188 1991 ac
2218 1948 2261 2002 Β

611 2034 766 2080 tanto
813 2024 1006 2096 magis,
1059 2033 1265 2094 quanto
1308 2025 1483 2081 exsilii
1529 2026 1699 2081 nostri
1755 2027 1997 2097 longiora
2056 2036 2185 2083 sunt

611 2117 894 2173 intervalla
928 2135 943 2171 :
976 2116 1104 2171 facit
1132 2116 1277 2171 enim
1307 2125 1368 2171 ut
1393 2118 1618 2188 propius
1670 2118 2072 2189 quodammodo
2095 2134 2187 2173 veo

609 2211 757 2265 niam
786 2210 841 2264 in
875 2208 1243 2264 venerabilem
1299 2218 1652 2279 conspectum
1703 2221 1878 2276 tuum,
1930 2220 1985 2266 et
2035 2210 2186 2266 leva-

609 2317 739 2358 men
769 2301 927 2356 aﬂ‘ert
956 2301 1074 2372 ipsa
1106 2300 1183 2355 tui
1211 2300 1541 2355 allocutione
1574 2319 1589 2355 :
1628 2302 1775 2370 quod
1800 2311 1858 2356 et
1883 2316 2029 2356 nunc
2048 2317 2186 2373 quo-

610 2408 719 2462 que
747 2393 943 2447 accidit
970 2392 1205 2463 graviter
1235 2392 1487 2447 maerenti
1511 2391 1581 2447 ob
1605 2392 1871 2462 proditam
1900 2407 1931 2447 a
1960 2393 2187 2462 quibus-

609 2483 736 2538 dam
761 2481 1068 2553 praepositis
1096 2482 1406 2538 veritatem.
1438 2482 1509 2538 Ut
1536 2484 1681 2538 enim
1704 2484 1817 2554 jam
1866 2485 2017 2540 novit
2061 2501 2190 2540 san-

609 2576 772 2631 ctitas
820 2586 933 2641 tua,
980 2587 1136 2631 vetus
1183 2576 1272 2630 illa
1302 2576 1569 2643 custodia,
1618 2576 1908 2647 Iosephus,
1944 2578 2187 2649 inquam,

610 2666 846 2721 adulteri
875 2666 1180 2736 copulator,
1224 2665 1622 2731 Photinodites,
1660 2666 2031 2735 Heracleotes,
2079 2669 2190 2725 Me-

611 2758 868 2823 diciotes,
905 2756 1191 2828 Mylianus,
1231 2758 1699 2829 Hypolicbniutes,
1731 2759 2027 2824 Gulaeates.
2052 2771 2129 2827 et,
2154 2778 2189 2817 ο

611 2860 895 2921 peccatum
922 2866 1104 2907 meum
1128 2854 1142 2907 l
1164 2852 1326 2907 etiam
1350 2852 1750 2919 Pblubutenus,
1780 2856 1948 2910 stulta
1978 2855 2189 2925 simpli-

612 2944 777 3000 citate
819 2953 1033 3014 captus,
1089 2946 1333 3001 unanimi
1391 2962 1682 3014 consensu,
1727 2948 2190 3019 dispensationem

612 3037 821 3096 scilicet
877 3048 1304 3110 propugnantes,
1344 3040 1554 3112 abrepti
1588 3042 1657 3097 ab
1690 3057 1758 3097 eo
1789 3039 1882 3112 qui
1931 3042 2059 3097 talia
2091 3055 2192 3111 pa-

613 3137 760 3184 trare
792 3129 930 3184 solet
975 3129 1237 3202 Josepbo,
1264 3141 1387 3201 post
1421 3130 1677 3188 Satanam
1720 3133 1991 3198 abierunt,
2023 3132 2191 3187 semel

612 3231 777 3291 atque
825 3222 1023 3276 iterum
1069 3236 1195 3277 cum
1235 3222 1417 3292 impiis
1438 3224 1927 3278 communicantes.
1973 3222 2090 3289 Qua
2124 3223 2192 3278 de

2371 1935 2526 2005 Ἐμοὶ
2555 1933 2617 1988 τὸ
2657 1934 2998 1989 ἐπιστέλλειν
3048 1936 3116 2006 τῇ
3173 1934 3452 2007 ἁγιωσύνῃ
3497 1951 3591 1989 σου
3637 1935 3850 1990 πάντοτε

2286 2025 2522 2095 ποθητόν
2540 2039 2555 2056 ⁸
2598 2026 2695 2079 καὶ
2724 2026 2980 2081 τοσοῦτον
3005 2027 3137 2081 ὅσον
3170 2028 3261 2081 καὶ
3289 2026 3351 2081 τὺ
3380 2029 3481 2098 τῆς
3511 2028 3850 2099 περιορίσεως

2283 2118 2562 2188 διάστημα
2602 2119 2941 2190 μακρότερον
2967 2137 2979 2150 υ
3003 2120 3196 2198 ,ἔγγὺς
3229 2121 3340 2190 γάρ
3374 2137 3443 2190 με
3482 2123 3630 2173 ποιεῖ
3671 2120 3761 2175 τοῦ
3782 2138 3851 2173 τι-

2289 2208 2415 2279 μίου
2443 2209 2739 2279 προσώπου
2784 2226 2877 2263 σου
2903 2226 2918 2242 ⁸
2949 2212 3044 2265 καὶ
3083 2210 3366 2282 ῥαστώνην
3396 2212 3620 2282 ἐμποιεῖ
3647 2212 3732 2266 διὰ
3764 2213 3851 2283 τῆς

2287 2303 2732 2371 προσφωνήσεως
2750 2316 2767 2333 ⁸
2800 2297 2889 2355 οἷα
2918 2304 3013 2356 καὶ
3045 2301 3139 2356 νῦν
3169 2302 3434 2373 λυπηρῶς
3451 2304 3781 2374 διακειμένῳ
3800 2305 3851 2357 ὲν

2286 2395 2354 2465 τῇ
2403 2394 2512 2447 τῶν
2562 2411 2726 2449 τινων
2775 2394 3096 2465 ἡγουμένων
3148 2395 3410 2467 προδοσίᾳ
3457 2395 3553 2467 τῆς
3590 2395 3848 2466 ἀληθείας.

2291 2484 2408 2538 Ἵνα
2433 2486 2543 2555 γὰρ
2567 2481 2676 2537 οἷδὲ
2706 2501 2800 2538 σου
2837 2486 2870 2555 ἡ
2898 2484 3135 2555 ὁσιότης,
3164 2486 3248 2538 ὅτι
3277 2488 3312 2556 ἡ
3346 2486 3512 2540 πάλαι
3543 2486 3848 2540 κουστωδίασ

2288 2575 2433 2644 λέγω
2462 2574 2529 2646 δὴ
2565 2575 2765 2646 Ἰωσὴφ
2790 2577 2818 2629 6
2849 2574 3265 2647 μοιχοζεὺκτης,
3298 2577 3327 2629 6
3369 2577 3801 2649 Φωτεινουδίτης,
3826 2579 3852 2631 6

2301 2664 2732 2736 Ἦρακλειὼτης,
2756 2668 2785 2719 6
2804 2650 3181 2737 Μηδιῖιιώτης,
3215 2668 3244 2719 6
3267 2667 3558 2733 Μυλιανδς,
3590 2670 3621 2722 6
3660 2668 3852 2722 ’Υπολι-

2290 2754 2547 2826 χνιώτης,
2569 2757 2598 2809 6
2617 2742 2969 2827 Γουλαιάτης,
3002 2755 3138 2809 ἀλλὰ
3171 2755 3274 2826 φεῦ
3305 2757 3405 2828 τῆς
3428 2759 3704 2830 ἁμαρτίας
3729 2759 3846 2829 μουι

2289 2848 2372 2902 ὅτι
2420 2848 2518 2901 καὶ
2560 2848 2591 2901 ὁ
2634 2847 3036 2921 Φλουσρυτηνὸς
3073 2847 3230 2921 [Βθε.
3272 2850 3395 2905 cod.
3433 2847 3849 2923 Φλουὸουτινδς],

2293 2938 2617 3010 συλληφθεὶς
2662 2938 2723 3005 ἐξ
2748 2938 2981 3009 ἄφρονος
3008 2940 3314 3011 ἁπλότητος
3336 2957 3351 2971 ·
3386 2940 3747 3012 ὁμοθυμαδὸν,
3772 2960 3850 3011 μι-

2291 3029 2424 3100 κρὸν
2480 3031 2767 3095 ὲνστάντες
2820 3031 2981 3102 δῆθεν
3043 3033 3389 3104 οἰκονομίας.
3456 3034 3851 3105 ὑφορμηθέντες

2292 3120 2444 3191 παρὰ
2478 3120 2575 3174 τοῦ
2619 3121 2871 3186 εἰωθότος
2916 3116 3352 3192 κατεργάζεσθαι
3384 3123 3454 3177 τὰ
3481 3123 3706 3179 τοιαῦτα
3750 3124 3851 3179 Ἰω-

2294 3211 2427 3283 σὴφ,
2451 3211 2829 3284 ἐξετράπησαν
2853 3214 3029 3268 ὀπίσω
3053 3214 3148 3268 τοῦ
3183 3216 3417 3280 Σατανᾶ,
3443 3219 3853 3288 κοινωνήσαντες

614 3322 778 3361 causa
814 3306 1079 3362 benevole
1102 3306 1335 3372 dimissi,
1375 3307 1428 3361 in
1459 3321 1700 3361 errorem
1728 3323 1886 3362 suum
1914 3307 2189 3362 instabiles

2294 3302 2442 3367 ἅπαξ
2467 3304 2562 3357 καὶ
2591 3304 2674 3367 δὶς
2704 3307 2817 3368 τοῖς
2842 3304 3120 3360 ἀσεϐέσιν.
3156 3306 3244 3360 Ἐν
3271 3299 3316 3375 ᾧ
3344 3307 3437 3361 καὶ
3463 3309 3707 3379 εὐμενῶς
3734 3310 3853 3362 ἀπο-

616 3396 921 3467 impellunt.
981 3397 1311 3464 Quinetiam,
1345 3406 1404 3453 ut
1429 3409 1671 3469 apparet,
1696 3398 1947 3454 Nicaenus
1974 3414 2190 3469 quoque

613 3486 674 3540 in
704 3486 915 3540 ruinam
935 3486 1149 3555 positus
1176 3495 1261 3541 est
1289 3485 1693 3557 episcoporum.
1722 3487 2003 3543 Revocant
2040 3487 2189 3542 enim

614 3577 685 3632 ab
716 3577 945 3643 exsiliis,
976 3586 1038 3632 ut
1092 3577 1216 3633 talia
1252 3577 1475 3632 faciant.
1528 3578 1597 3632 Et
1650 3577 1755 3632 nisi
1802 3592 1903 3632 nos
1960 3576 2190 3633 fulciens

614 3667 911 3737 praeveniat
962 3682 1156 3722 manus
1202 3667 1320 3732 Dei,
1352 3666 1593 3738 perimus
1633 3677 1689 3722 et
1716 3682 1818 3722 nos
1842 3667 1934 3737 qui
1985 3667 2188 3724 residui

614 3773 827 3813 sumus.
857 3757 999 3823 Quid
1027 3773 1157 3827 ergo
1181 3758 1426 3828 estquod
1444 3767 1501 3813 et
1516 3760 1711 3814 iterum
1741 3760 1797 3813 in
1825 3774 1925 3814 nos
1955 3758 2190 3813 humiles

612 3868 740 3908 cum
764 3851 954 3921 paucis
971 3852 1094 3907 aliis
1117 3851 1437 3907 incumbere
1461 3848 1640 3906 fabula
1664 3850 1880 3906 videtur
1898 3851 1922 3905 ?
1946 3850 2189 3921 Exsurge

614 3945 818 4013 itaque,
847 3943 927 3998 vir
952 3942 1069 4009 Dei,
1091 3950 1349 4012 tanquam
1394 3941 1640 4011 pontifex
1670 3941 1871 3997 Christi
1901 3942 2013 3997 veri
2038 3943 2191 4012 prin-

611 4039 752 4110 cipis
779 4046 1083 4110 pastorum,
1106 4047 1366 4108 tantoque
1398 4037 1721 4108 impensius,
1756 4046 1960 4107 quanto
1978 4036 2190 4092 caeteris

612 4130 869 4186 omnibus
944 4130 1319 4201 superemines
1385 4129 1624 4185 culmine
1695 4128 2014 4194 sacerdotii,
2078 4144 2189 4183 uno

613 4223 856 4292 dempto,
880 4222 972 4292 qui
999 4222 1053 4276 in
1075 4222 1260 4277 abdito
1292 4221 1566 4276 detinetur
1599 4236 1613 4273 :
1656 4220 1906 4290 Gloriﬁca
1938 4221 2103 4276 Deum
2133 4224 2189 4275 in

613 4332 829 4386 corpore
858 4323 946 4369 tuo
979 4325 1029 4369 et
1056 4316 1111 4368 in
1131 4315 1325 4383 spiritu
1352 4322 1443 4367 tuo
1469 4314 1536 4367 ”.
1584 4311 1704 4367 Non
1751 4313 1968 4383 penitus
1998 4314 2053 4367 in
2101 4314 2187 4367 in-

615 4408 732 4462 sula
791 4406 1118 4477 relinqueris
1152 4425 1167 4461 :
1201 4407 1443 4461 exerceri
1499 4404 1725 4461 forsitan
1764 4413 1819 4460 et
1866 4405 2078 4475 probari
2111 4414 2185 4473 te,

613 4497 758 4551 sicut
787 4507 962 4561 antea,
993 4505 1224 4566 Oportet,
1256 4503 1319 4550 ut
1347 4510 1602 4550 coronam
1633 4496 1759 4551 inde
1803 4495 2013 4552 referas
2059 4497 2187 4552 illu-

613 4589 889 4643 striorem.
918 4587 1030 4642 rleu
1051 4590 1064 4641 l
1088 4588 1226 4641 heu!
1246 4587 1431 4650 frater,
1453 4586 1509 4640 in
1524 4601 1643 4655 quae
1659 4595 1902 4657 tempora
1927 4588 2185 4644 reservati

614 4664 967 4735 sumus?$‘ed
997 4678 1166 4749 gratia
1197 4686 1374 4731 tamen
1411 4676 1461 4731 ei
1491 4677 1584 4745 qui
1619 4678 1915 4733 reservavit
1948 4696 1962 4733 :
1997 4679 2065 4733 Et
2093 4679 2189 4732 hoc

615 4787 649 4823 α
677 4770 806 4832 Deo,
856 4769 933 4823 ait
982 4768 1297 4837 Apostolus,
1329 4769 1478 4837 quia
1510 4769 1654 4822 nobis
1693 4770 1943 4822 donatum
1977 4779 2051 4822 est
2093 4785 2189 4838 pro

614 4858 842 4923 Christo,
868 4873 972 4911 non
994 4857 1163 4911 solum
1206 4866 1263 4910 ut
1292 4858 1348 4909 in
1372 4873 1491 4910 eum
1528 4859 1823 4923 credamus,
1882 4860 1973 4912 sed
2026 4861 2188 4911 etiam

614 4957 672 5000 ut
700 4964 795 5015 pro
822 4948 917 5001 illo
937 4947 1210 5017 patiamur
1236 4946 1305 5000 ”.
1362 4945 1481 5001 Non
1507 4946 1753 5017 despexit
1793 4948 2055 5003 Dominus
2083 4950 2191 5003 hu-

614 5035 895 5090 militatem
937 5044 1182 5090 nostram
1232 5036 1288 5089 in
1324 5035 1391 5091 iis
1439 5051 1561 5107 qua:
1607 5046 2014 5092 antecesserunt
2048 5056 2061 5092 :
2094 5038 2190 5093 sed

615 5142 793 5197 neque
815 5142 980 5192 nunc,
1002 5141 1182 5198 spero,
1207 5128 1467 5198 despiciet
1495 5130 1851 5185 reverentiam
1885 5141 2064 5185 tuam:
2092 5131 2187 5185 sed

616 5218 761 5274 sicut
794 5224 943 5282 tunc,
976 5216 1049 5271 ita
1082 5226 1138 5272 et
1174 5232 1322 5273 nunc
1373 5219 1807 5290 magnificabitur
1843 5220 2094 5275 Christus
2132 5222 2187 5274 in

615 5323 840 5379 corpore
870 5317 985 5375 tuo,
1017 5308 1221 5365 faciens
1258 5326 1424 5381 supra
1478 5311 1698 5367 modum
1761 5310 2186 5366 misericordiam

613 5417 769 5467 suam
797 5401 866 5456 ad
889 5402 1260 5457 ostensionem
1304 5402 1525 5458 virtutis
1565 5410 1691 5457 tute.
1746 5400 2062 5471 Propterea,
2106 5401 2189 5455 vir

612 5501 822 5559 sancte,
866 5503 922 5547 et
950 5494 1084 5548 mihi
1121 5508 1336 5564 quoque
1358 5494 1579 5564 porrige
1598 5508 1816 5547 manum
1837 5494 2186 5548 intercessio-

614 5585 721 5648 nis,
756 5595 814 5638 ut
864 5586 1154 5640 contirmcr
1204 5594 1259 5639 et
1322 5601 1483 5640 eruar
1532 5585 1601 5640 ab
1666 5585 1951 5657 ingruente
2012 5586 2192 5640 hieme

687 5763 731 5796 ⁸⁸
772 5763 789 5817 l
832 5761 1021 5817 Thess.
1054 5779 1107 5827 v,
1148 5760 1236 5815 25.
1314 5762 1358 5793 "
1401 5759 1444 5815 ll
1475 5760 1603 5815 Cor.
1643 5778 1761 5827 xm,
1808 5762 1891 5816 12.

1999 5761 2043 5794 ⁸⁸
2076 5760 2093 5814 l
2126 5758 2250 5815 Cor.
2286 5776 2356 5825 vi,
2386 5759 2474 5814 ‘20.

2294 3397 2565 3463 λυθέντες,
2599 3398 2912 3451 ἁλίσκουσιν
2967 3397 3028 3451 ὲν
3072 3398 3151 3469 τῷ
3196 3398 3381 3468 οίκείῳ
3437 3403 3695 3469 πτώματι
3740 3400 3853 3462 τοὺς

2294 3487 2678 3557 ἀστηρίκτους.
2715 3486 2857 3540 Ἀλλ’
2881 3486 2958 3541 ὡς
2999 3487 3166 3550 ἔοικε,
3198 3488 3294 3541 καὶ⁵
3335 3488 3364 3539 6
3391 3488 3489 3557 τῆς
3518 3488 3750 3551 Νικαίας
3780 3488 3851 3552 εἰς

2293 3576 2497 3647 πτῶμα
2546 3580 2722 3631 κεῖται
2768 3577 2878 3632 τῶν
2922 3577 3258 3631 ἐπισκόπων.
3298 3577 3721 3633 Ἀνακαλοῦνται
3754 3580 3850 3650 γὰρ

2294 3668 2422 3730 τοὺς
2446 3668 2504 3719 ὲν
2534 3665 2771 3738 ὲξορίαις
2799 3668 2935 3738 πρὸς
2959 3666 3021 3720 τὸ
3051 3665 3118 3720 τὰ
3141 3667 3304 3737 ὅμοια
3323 3668 3549 3739 πρᾶξαι.
3576 3671 3687 3724 Καὶ
3712 3673 3757 3723 εί
3782 3671 3848 3741 μὴ

2295 3757 2600 3826 προφθάσει
2616 3759 2649 3826 ἡ
2670 3758 2793 3828 χεὶρ
2810 3757 2905 3810 τοῦ
2921 3756 3056 3811 Θεοῦ
3078 3758 3459 3829 ὑπερείδουσα,
3478 3760 3746 3830 όλλύμεθα
3765 3760 3848 3814 καὶ

2293 3848 2345 3901 oi
2378 3848 2816 3918 ὑπολειφθέντες.
2835 3848 2901 3902 Τί
2928 3845 3021 3903 οὖν
3045 3851 3192 3903 ἐστιν
3213 3851 3296 3903 ὅτι
3329 3852 3424 3904 καὶ
3445 3852 3627 3919 πάλιν,
3647 3852 3722 3915 ὡς
3741 3852 3851 3920 φαί-

2294 3954 2466 4004 νεται,
2494 3939 2574 4000 είς
2606 3939 2751 4008 ἡμᾶς
2772 3939 2895 4001 τοὺς
2917 3940 3207 4003 ταπεινοὺς
3232 3940 3576 4010 περιίσταται
3602 3944 3664 3995 τὸ
3683 3943 3849 4013 δρᾶμα

2296 4031 2396 4083 σὺν
2428 4028 2660 4098 ὀλίγοιςς
2699 4029 2931 4084 Ἀνάστα
2952 4024 3066 4094 οὖν,
3094 4024 3139 4083 ὦ
3165 4029 3440 4103 ἄνθρωπε,
3470 4033 3567 4087 τοῦ
3589 4034 3721 4087 Θεοῦ
3739 4050 3753 4066 ·
3780 4032 3849 4096 ὡς

2294 4121 2585 4192 ἀρχιερεὺς
2622 4119 2718 4174 τοῦ
2757 4120 2994 4191 Χριστοῦ
3020 4120 3115 4175 τοῦ
3144 4122 3399 4193 ἀληθινοῦ
3436 4122 3812 4195 ἀρχιποιμένος
3831 4136 3845 4151 ·
3870 4180 3885 4199 ο

2294 4213 2389 4266 καὶ
2422 4211 2676 4266 τοσοῦτον
2703 4213 2825 4266 ὅσον
2865 4211 2973 4265 τῶν
3001 4204 3256 4267 ἁπάντων
3290 4207 3341 4266 εἴ
3370 4214 3650 4285 ὑπερέχων
3673 4217 3739 4285 τῇ
3766 4230 3850 4267 κε-

2293 4304 2478 4373 φαλίδι
2517 4304 2619 4375 τῆς
2659 4303 2985 4376 ἱερωσύνης,
3012 4303 3153 4374 πλὴν
3176 4303 3271 4357 τοῦ
3299 4306 3417 4369 ἑνὸς
3440 4306 3499 4358 ὲν
3530 4306 3847 4377 παραὸὑστῳ

2292 4395 2573 4465 κειμένου.
2604 4395 2878 4460 Δόξασυν
2934 4397 3011 4465 δὴ
3054 4397 3163 4451 τὸν
3207 4397 3357 4451 Θεὸν
3399 4397 3469 4450 ἐν
3511 4396 3593 4463 τῷ
3636 4395 3848 4462 σώματί

2292 4501 2411 4540 σου
2433 4485 2531 4539 καὶ
2561 4486 2631 4540 ἐν
2656 4486 2737 4551 τῷ
2763 4488 3059 4557 πνεύματί
3082 4504 3199 4542 σου
3220 4504 3236 4520 ·
3268 4488 3332 4541 οὑ
3369 4487 3589 4551 πάντως
3615 4489 3847 4559 ἀφεθήσῃ

2293 4581 2352 4632 ὲν
2369 4581 2436 4648 τῇ
2458 4580 2633 4649 νήσῳ·
2656 4582 2820 4650 τυχὸν
2848 4579 3209 4650 πειρασθῆναι
3231 4596 3290 4633 σε
3310 4580 3391 4633 δεῖ
3413 4581 3554 4636 κατὰ
3579 4583 3649 4636 τὰ
3674 4582 3842 4636 πάλαιο

2213 4649 2267 4709 D
2293 4669 2381 4723 ἵνα
2406 4670 2502 4723 καὶ
2527 4649 2853 4743 στεφανίτης
2880 4649 3165 4726 κάνταῦθα
3191 4672 3571 4744 λαμπρότερος
3593 4692 3694 4744 χρη
3703 4674 3845 4744 ματί-

2291 4777 2424 4824 σοις.
2453 4759 2523 4813 Δΐ
2544 4802 2560 4825 ,
2587 4761 2647 4815 αῖ
2671 4801 2686 4826 ,
2717 4762 2935 4832 ἀδελφέ,
2966 4764 3045 4826 εἰς
3092 4763 3235 4826 οἵους
3273 4764 3500 4833 καιροὺς
3539 4763 3844 4835 ὲταμιεύθη-

2293 4869 2429 4923 μεν;
2483 4852 2644 4906 Ἀλλὰ
2707 4854 2870 4925 χάρις
2909 4854 3059 4924 ὅμως
3112 4853 3191 4925 τῷ
3248 4856 3700 4927 ταμιευσαμένῳπ
3758 4856 3842 4908 καί

2287 4944 2467 4998 τοῦτο
2489 4944 2608 4998 ἀπὸ
2631 4944 2798 5009 Θεοῦ,
2824 4946 2990 5015 φησὶν
3017 4946 3045 4998 ὁ
3073 4945 3413 5010 ’Δπόστολος,
3444 4946 3534 5001 ὄτι
3561 4947 3701 5016 ἡμῖν
3726 4947 3842 5016 ἐχα-

2282 5036 2471 5106 ρίσθη
2495 5036 2647 5105 ὑπὲρ
2674 5038 2952 5105 Χριστοῦ,
2981 5038 3053 5091 οὐ
3085 5038 3279 5107 μόνον
3314 5037 3381 5091 τὸ
3413 5041 3503 5105 εις
3539 5039 3722 5093 αὐτόν
3760 5053 3844 5089 αι-

2291 5127 2551 5191 στεύειν,
2594 5127 2755 5181 ἀλλὰ
2804 5128 2903 5181 καί
2947 5127 3016 5181 τὸ
3061 5127 3214 5197 ὑπὲρ
3240 5127 3431 5183 αὐτοῦ
3474 5128 3748 5198 πάσχειν.
3777 5126 3841 5180 υὺ

2288 5222 2514 5293 παρεῖδε
2546 5222 2748 5293 Κύριος
2777 5223 2876 5292 τὴν
2905 5221 3232 5277 ταπείνωσιν
3258 5222 3417 5293 ἡμῶν
3445 5225 3504 5277 ὲν
3525 5227 3633 5287 τοῖς
3658 5220 3840 5293 προλαο

2289 5310 2479 5365 δοῦσιν
2503 5327 2516 5341 ’
2551 5311 2665 5365 ἀλλ’
2692 5312 2814 5365 οὑδὲ
2850 5311 2965 5376 νῦν,
2990 5311 3245 5375 πέποιθα,
3276 5313 3608 5384 ὑπερόψεται
3651 5312 3745 5382 τῆς
3772 5328 3840 5362 τι-

2297 5400 2550 5473 μιότητός
2603 5417 2734 5455 σουο
2787 5401 2902 5455 ἀλλ’
2932 5402 3007 5465 ὡς
3035 5402 3337 5474 τηνικαῦτα
3377 5403 3553 5468 οὕτως
3600 5404 3693 5457 καὶ
3732 5402 3840 5470 ἄρτι

2297 5492 2765 5564 μεγαλυνθήσεται
2797 5493 3030 5563 Χριστὸς
3074 5495 3133 5547 ἐν
3172 5494 3248 5565 τῷ
3285 5494 3499 5564 σώματί
3528 5510 3655 5548 σου·
3691 5492 3842 5546 ποιῶν

2290 5586 2759 5657 ὑπερεκπερισσοῦ
2781 5586 2843 5639 τὸ
2871 5585 3019 5648 ἔλεος
3045 5586 3211 5642 αὑτοῦ
3245 5588 3325 5652 είς
3360 5587 3583 5654 ἔνδειξιν
3608 5587 3707 5657 τῆς
3728 5588 3840 5657 ἀρε-

2586 5759 2630 5791 "
2660 5757 2894 5831 Philipp.
2938 5761 3084 5831 1,28.
