4054 6364
289 346 424 411 llii
1483 347 2026 409 EPISTOLARUM
2087 348 2236 410 LIB.
2278 348 2366 411 II.
3421 343 3560 410 1142

277 465 385 533 τῆς
408 477 524 516 σου.
547 458 640 513 Διδ
659 459 872 531 ὁρέγοις
902 460 1073 532 κάμοὶ
1097 461 1255 532 χεῖρα
1282 462 1706 534 πρεσϐευτικὴν,
1726 463 1860 527 δσιε,

1973 478 2176 518 amara.
2233 463 2351 529 Sta,
2395 470 2449 517 et
2488 461 2784 532 prepitium
2829 461 2935 527 fac,
2968 467 3029 516 ut
3084 459 3320 530 procella
3369 461 3426 516 in
3452 476 3559 515 aii-

281 549 644 622 στηριχθῆναι
673 549 770 604 καὶ
811 550 1053 621 σωθῆναι
1079 551 1188 605 ἀπὸ
1213 549 1308 604 τοῦ
1342 548 1635 611 ἑνεστῶτος
1663 548 1860 619 χειμῶ-

1970 570 2088 608 ram
2133 553 2374 624 Spiritus
2402 554 2576 609 sancti
2633 561 2984 610 convertatur
3019 571 3032 606 :
3070 553 3314 607 utinam!
3347 550 3554 606 Fratri-

279 659 374 706 νος
420 640 642 712 πικροῦ.
676 641 841 710 Στῆθι
889 643 983 696 καὶ
1017 642 1258 706 ίλέωσαι,
1285 641 1738 712 μεταστραφῆναι
1765 639 1860 711 τὴν

1971 646 2075 701 bus
2101 647 2331 701 salutem
2354 646 2643 717 plurimam
2669 646 2812 712 dico,
2843 661 2940 701 eos
2963 646 3277 710 obsecrans,
3311 654 3372 699 ut
3393 653 3554 700 orent

277 732 572 801 καταιγίδα
598 733 679 796 είς
705 730 881 803 αὔραν
906 731 1001 786 τοῦ
1031 733 1192 799 ἁγίου
1229 731 1541 803 Πνεύματος
1563 749 1579 764 ο
1615 731 1826 800 γένοιτο
1848 733 1860 785 l

1970 751 2072 806 pro
2095 736 2404 791 humilitate
2435 751 2579 792 mea.
2618 735 2724 804 Qui
2767 751 2982 793 mecum
3009 744 3157 805 sunt,
3187 736 3418 808 pedibus
3447 735 3558 793 tuis

275 826 422 890 Τοὺς
443 825 705 896 ἀδελφοὺς
729 825 1111 896 ἀσπαζόμενος
1136 824 1365 878 πλεῖστα
1382 841 1399 858 ο
1431 825 1528 879 καὶ
1555 825 1866 896 παρακαλῶ

276 916 382 970 ύπε
394 917 684 988 ρεύχεσθαί
721 933 824 988 μου
843 919 945 986 τῆς
963 914 1365 981 ταπεινώσεως.
1391 917 1456 970 Οί
1479 915 1578 971 σὺν
1605 914 1731 987 ἐμοὶ
1751 916 1866 980 τοῖς

275 1008 406 1061 ποσί
433 1024 528 1062 σου
560 1007 1019 1080 προσπίπτουσιν.

523 1147 581 1204 1'.
609 1177 679 1186 --
697 1145 1053 1216 Ναυκρατίφ
1079 1145 1296 1211 τέκνῳ.
1334 1140 1496 1215 [ρνβθ.

1969 827 2358 884 advolvuntur.

2425 1139 2492 1195 Χ.
2525 1167 2597 1182 -
2622 1140 2918 1196 Naucratio
2945 1142 3079 1212 lilio.

275 1312 569 1376 Dogmatica
591 1310 656 1360 de
680 1310 864 1360 sanctis
887 1308 1203 1373 imaginibus.
1242 1305 1320 1358 Ne
1341 1302 2326 1431 qviorumdfgiaggsuuperstpgbznti);alii
2349 1319 2362 1355 :
2391 1307 2561 1369 potius
2590 1318 2654 1357 eo
2677 1308 2786 1369 ipso
2809 1308 3095 1358 excitentur
3117 1307 3176 1357 ad
3198 1307 3545 1360 constantiam.

307 1597 310 1600 ἢ
349 1527 570 1600 Πονηρά
601 1527 635 1598 ἡ
663 1524 896 1596 ἀγγελία
915 1525 1027 1580 τῶν
1048 1523 1398 1596 γραμμάτων
1428 1538 1546 1588 σου,
1572 1515 1618 1576 ῶ
1646 1521 1860 1574 τέκνον·

271 1625 398 1694 ἧτις
453 1619 818 1690 καθαψαμένη
865 1634 970 1690 μου
998 1617 1098 1689 τῆς
1131 1616 1396 1686 ταπεινῆς
1421 1614 1602 1686 ψυχῆς
1630 1611 1710 1683 τῷ
1746 1613 1863 1666 δντι

271 1715 541 1788 ώδύνησε,
562 1715 656 1768 καὶ
677 1712 912 1784 δάκρυον
937 1709 1387 1784 προσεκαλέσατο
1415 1706 1711 1778 καρδιακόν
1734 1721 1749 1736 ο
1769 1722 1860 1776 μι-

2042 1519 2320 1576 Pessimus
2361 1521 2588 1576 nuntius
2617 1521 2922 1578 litterarum
2971 1532 3210 1590 tuarum,
3242 1540 3276 1581 ο
3308 1525 3383 1582 illi
3411 1527 3546 1598 :qui

1965 1611 2128 1667 simul
2155 1613 2416 1668 humilem
2445 1616 2684 1670 animam
2729 1631 2904 1672 meam
2966 1617 3164 1689 attigit,
3197 1634 3386 1674 revera
3412 1635 3548 1675 con-

1967 1703 2224 1768 tristavit,
2252 1713 2309 1759 et
2335 1705 2518 1760 cordis
2579 1707 2844 1777 lacrymas
2905 1708 3115 1775 elicuit,
3171 1719 3380 1766 tantum
3433 1729 3546 1768 non

273 1805 414 1878 κροῦ
459 1806 592 1872 δεῖν,
620 1802 828 1861 ἀῦπνόν
869 1820 959 1874 μοι
1004 1801 1105 1870 τὴν
1139 1799 1311 1854 νύκτα
1343 1795 1464 1851 καθ’
1492 1792 1859 1894 ῆὶὲδεξάμην

1968 1797 2273 1851 insomnem
2307 1797 2438 1850 mihi
2470 1798 2705 1854 reddens
2737 1809 2954 1856 noctem
3005 1802 3150 1858 illam
3175 1819 3282 1874 qua
3334 1803 3546 1861 litteras

273 1898 372 1952 ἐπὶ
421 1898 612 1968 χεῖρας
657 1893 758 1965 τὴν
797 1891 1086 1964 ἐπιστολὴν
1137 1889 1506 1962 ὲμποιήσασα.
1543 1885 1713 1940 Τοῦτο
1757 1886 1855 1956 μὲν

271 1988 370 2041 ἐπὶ
403 1986 622 2040 πάντων
661 1983 773 2038 τῶν
803 1979 1286 2053 συμπεπτωκότων
1307 1992 1321 2008 ·
1355 1975 1648 2048 ἐξαιρέτως
1690 1974 1747 2028 δὲ
1775 1975 1858 2037 είς

271 2080 366 2134 τὸν
407 2078 508 2148 τῆς
550 2074 912 2145 Φλουϐουτῆς.
937 2073 1061 2127 Ὅτι
1100 2073 1150 2124 οἱ
1195 2070 1292 2142 μιν
1333 2071 1448 2133 τοῖς
1491 2065 1858 2138 προλαϐοῦσιν

271 2174 440 2242 ὁμοια
466 2171 562 2224 καὶ
584 2167 752 2223 τανῦν
780 2163 1026 2239 ἔπραξαν
1049 2180 1060 2196 ’
1091 2167 1121 2218 ὁ
1151 2165 1207 2218 δὲ
1239 2163 1346 2218 τῶν
1368 2161 1668 2216 δοκούντων
1695 2159 1857 2214 ἑστά-

271 2283 365 2318 ναι
393 2261 653 2334 ἀσφαλῶς
687 2258 1040 2330 ὲγνωρίζετο.
1083 2253 1424 2326 Ἐθαύμαζον
1454 2249 1566 2316 οὖν,
1592 2251 1673 2306 ἔτι
1697 2252 1858 2323 ἔστης

271 2356 450 2408 κότων
481 2350 665 2406 αὐτῶν
683 2389 702 2416 ,
727 2351 812 2404 ὅτι
868 2349 944 2420 μὴ
983 2347 1416 2418 ὁμολογήσαντες
1447 2343 1550 2414 τὴν
1585 2341 1878 2412 προτέραν

271 2447 372 2500 ἐπὶ
429 2443 648 2516 μοιχείᾳ
701 2441 797 2496 καὶ
845 2435 1196 2511 μοιχοζευξίᾳ
1234 2431 1403 2505 ἧτταν
1467 2433 1672 2499 αὐτῶν,
1731 2433 1858 2485 ἀντ-

269 2535 555 2592 επδιοῦντο
582 2535 674 2588 ἐπὶ
692 2535 760 2606 τῇ
791 2530 1128 2603 προκειμένῃ
1154 2527 1409 2582 ὑποθέσει
1427 2542 1441 2556 °
1475 2527 1570 2581 καὶ
1595 2526 1737 2596 τάχα
1764 2526 1860 2578 ὑπ-

269 2631 462 2684 ενόουν
490 2628 598 2700 ίὸίᾳ
629 2626 725 2681 καὶ
757 2623 879 2680 καθ’
913 2622 1140 2684 ἑαυτοὺς
1165 2620 1264 2692 τὴν
1302 2617 1666 2690 μεταμέλειαν
1695 2618 1858 2686 ἐσχη-

271 2722 467 2776 κέναι·
501 2719 596 2772 καὶ
636 2717 854 2787 ἔχαιρον
895 2716 925 2769 ὁ
955 2711 1208 2774 ταπεινὸς
1253 2709 1348 2764 επὶ
1391 2712 1458 2782 τῇ
1501 2707 1858 2779 ὁρθοποδήσει

272 2810 478 2866 αὐτῶν.
517 2807 655 2864 Ἀλλ’
678 2807 754 2871 ὡς
781 2807 980 2870 ἔοικεν,
1011 2805 1070 2857 ὲν
1100 2802 1318 2870 σαθροῖς
1345 2801 1446 2870 τὴν
1468 2798 1645 2854 οίκίαν
1677 2798 1858 2853 αὐτῶν

271 2902 754 2972 οἰκοδομήσαντες,
779 2898 859 2970 τῷ
884 2896 1106 2952 λαίλαπι
1131 2895 1232 2966 τῆς
1260 2892 1681 2967 προσπεσούσης
1710 2892 1860 2963 αίρέ-

275 3012 440 3058 σεως,
475 2991 800 3047 πεπτώκασι
851 2987 1060 3043 πτῶσιν
1091 2985 1190 3058 τὴν
1226 2985 1652 3057 χαλεπωτάτην·
1695 2984 1858 3039 πάλιν

273 3089 592 3160 οἰκονομίαν
635 3087 884 3156 λέγοντες
923 3083 1022 3155 τὴν
1063 3081 1321 3149 ἀθέτησιν
1357 3080 1456 3150 τῆς
1487 3079 1766 3150 ἀληθείας.
1794 3079 1856 3131 Οί

1959 1886 2166 1956 accepi.
2199 1883 2378 1956 Atque
2414 1887 2519 1942 hoc
2553 1887 2774 1957 quidem
2809 1889 3052 1945 omnium
3091 1907 3255 1947 causa
3309 1895 3404 1964 qui
3435 1910 3544 1948 una

1958 1977 2094 2048 lapsi
2134 1985 2281 2043 sunt,
2317 1977 2551 2032 maxime
2609 1988 2792 2034 autem
2825 1981 2896 2036 ob
2932 1979 3218 2037 Phlubutae
3284 1985 3548 2056 praeposi-

1959 2076 2096 2122 tum.
2125 2066 2260 2122 Nam
2289 2070 2432 2138 quod
2454 2069 2522 2124 ad
2551 2069 2686 2125 alios
2735 2071 2950 2138 attinet,
2975 2084 3344 2130 consentanea
3399 2091 3547 2146 pra:-

1960 2159 2137 2214 teritis
2195 2169 2426 2232 egerunt
2458 2179 2472 2216 :
2510 2161 2601 2218 hic
2646 2177 2780 2217 vero
2831 2179 2896 2218 ex
2929 2164 2996 2220 iis
3029 2175 3165 2232 erat,
3197 2168 3289 2237 qui
3345 2183 3544 2226 secure

1958 2257 2104 2306 stare
2160 2251 2502 2308 videbantur.
2560 2253 2794 2310 Mirabar
2818 2256 3020 2326 itaque,
3053 2257 3368 2329 priusquam
3413 2275 3544 2315 rue-

1961 2353 2084 2400 rent
2111 2344 2208 2408 illi,
2239 2345 2386 2415 quod
2419 2346 2702 2416 pristinam
2737 2363 2891 2402 suam
2943 2349 3085 2404 circa
3116 2351 3450 2408 adulterium
3484 2363 3542 2408 et

1957 2436 2188 2493 adulteri
2225 2439 2444 2509 nuptias
2485 2439 2750 2511 ignaviam
2802 2442 3028 2498 minime
3081 2445 3544 2514 agnoscentes,iu

1961 2545 2021 2586 re
2074 2532 2329 2600 praesenti
2374 2532 2576 2602 aliquid
2632 2533 2899 2590 auderent
2929 2554 2944 2590 :
2972 2536 3386 2608 cogitabamque
3419 2538 3542 2591 illos

1959 2619 2212 2690 privatim
2233 2623 2458 2678 forsitan
2482 2632 2538 2679 et
2556 2625 2699 2694 apud
2729 2641 2786 2679 se
2815 2627 3135 2696 pmnitentia
3149 2637 3321 2683 tactos
3340 2629 3540 2685 fuisse:

1960 2712 2082 2768 ideo
2110 2715 2412 2786 gaudebam
2445 2716 2628 2782 miser,
2661 2718 2818 2788 quasi
2857 2726 3004 2774 recte
3033 2721 3397 2776 ambularent.
3429 2719 3539 2778 Sed

1961 2805 2017 2859 in
2046 2806 2321 2872 marcidis,
2352 2817 2410 2862 ut
2429 2818 2676 2878 apparet,
2713 2809 2936 2865 domum
2967 2826 3123 2865 suam
3152 2812 3482 2869 aedificantes
3523 2833 3539 2876 ;

1959 2897 2280 2968 ingruentes
2337 2899 2610 2956 haereseos
2657 2901 2895 2967 turbine,
2930 2904 3089 2958 ruina
3137 2905 3372 2975 pessima
3419 2921 3543 2961 cor-

1962 2996 2190 3043 ruerunt
2218 2989 2712 3059 :dispensationem
2737 2992 2936 3048 iterum
2972 2996 3333 3065 appellantes,
3363 2997 3538 3068 ipsam

1961 3080 2206 3137 veritatis
2233 3082 2768 3138 condemnationem.
2807 3084 2883 3140 Illi
2911 3085 3010 3156 ipsi
3041 3087 3132 3157 qui
3160 3088 3418 3144 Ecclesiae
3443 3087 3540 3144 Dei

273 3182 433 3237 αὐτοὶ
478 3179 575 3235 καὶ
614 3179 879 3250 πρότερον
915 3160 1214 3230 σκάνδαλον
1241 3172 1501 3243 γεγόνασι
1526 3173 1590 3242 τῇ
1633 3170 1858 3241 Ἐκκλη-

1967 3174 2224 3230 seandalo
2248 3185 2406 3231 antea
2439 3175 2671 3240 fuerant,
2706 3171 2898 3234 eodem
2929 3195 3075 3235 nunc
3106 3179 3443 3247 relabuntur,
3483 3189 3542 3236 et

275 3275 371 3345 σία
398 3271 494 3328 τοῦ
523 3271 654 3326 Θεοῦ
673 3287 687 3300 ’
727 3271 823 3324 καὶ
851 3268 946 3323 νῦν
977 3267 1040 3322 τὸ
1071 3266 1202 3321 αὐτὸ
1239 3265 1306 3319 δι’
1333 3257 1409 3320 ὧν
1435 3264 1678 3336 ἔπραξαν
1718 3264 1855 3318 πάν·

272 3383 374 3430 τας
404 3363 874 3436 προσκαλούμενοι
911 3363 992 3425 είς
1017 3359 1317 3415 ἀπώλειαν.
1360 3358 1536 3426 Καίγε
1570 3357 1779 3427 ἕτοιμοι
1807 3356 1857 3409 οἱ

274 3456 525 3510 πλείστοι
577 3454 716 3526 πρὸς
768 3453 868 3526 τὴν
917 3452 1011 3506 τοῦ
1063 3451 1236 3507 κακοῦ
1299 3450 1589 3522 μετουσίαν
1635 3452 1694 3504 ἐν
1735 3451 1858 3511 ταῖς

273 3547 543 3616 ἀνάγκαις
569 3544 858 3617 ζητοῦντες
897 3544 1141 3615 ἐξευρεῖν
1173 3561 1296 3596 τινα
1337 3543 1645 3614 πρόφασιν
1685 3543 1754 3597 δι’
1789 3538 1858 3615 ἦς

275 3639 538 3700 ἅθλιπτος
571 3637 662 3691 καὶ
703 3635 1082 3705 ἀταλαίπωρος
1113 3634 1300 3698 αὐτοῖς
1341 3634 1370 3686 ὁ
1403 3634 1545 3704 ὑπὲρ
1573 3633 1859 3696 εὐσεϐείας

275 3729 431 3800 ἀγὼν
470 3728 744 3799 ὑπαχθείη
765 3744 778 3758 ⁸
829 3727 1196 3798 ἐκοινώνησαν
1225 3727 1317 3781 ἐπὶ
1353 3729 1422 3798 τῇ
1461 3728 1688 3798 ἀρνήσει
1720 3727 1858 3796 Χρι-

278 3819 431 3885 στοῦ,
468 3819 568 3890 τῆς
597 3819 884 3881 Θεοτὸκου,
914 3817 1024 3870 τῶν
1067 3817 1285 3872 πάντων
1315 3817 1508 3885 ἁγίων.
1547 3815 1716 3870 Τοῦτο
1745 3815 1857 3889 γάρ

276 3915 312 3985 η
340 3913 443 3984 τῆς
468 3911 676 3976 εἰκόνος
718 3909 1027 3965 οὑτινοσοῦν
1064 3910 1315 3981 ἄρνησις.
1357 3908 1464 3962 Φεῦ
1507 3909 1611 3980 τῆς
1650 3927 1860 3979 συμφο-

279 4004 418 4074 pagi
461 4000 561 4072 φεῦ
589 4001 688 4072 τῆς
713 4002 961 4070 ἀπάτηςί
996 4000 1179 4071 οίμοιί
1213 3999 1332 4064 πῶς
1357 3999 1716 4069 ἐναρξάμενοι
1745 4015 1859 4052 κα·-

275 4095 410 4163 λῶς,
437 4094 788 4166 ἐστράφησαν
815 4093 895 4154 είς
929 4092 1001 4147 τά
1027 4093 1236 4157 ὁπίσω;
1273 4091 1418 4162 οἴμοι
1440 4093 1456 4146 l
1491 4093 1678 4154 πόσοις
1705 4089 1859 4143 ἔσον-

273 4204 369 4242 ται
391 4185 744 4258 καταστροφή
766 4200 780 4216 ’
809 4185 1105 4256 ὁμοταγέσι
1135 4183 1230 4238 καὶ
1259 4182 1586 4254 ὑπερέχουσι
1605 4199 1619 4214 ο
1648 4181 1858 4245 λαῖκοῖς

272 4297 336 4334 τε
402 4280 498 4332 καὶ
545 4277 826 4350 κληρικοῖς
880 4277 976 4333 καὶ
1026 4277 1352 4347 μονασταῖς;
1393 4275 1533 4330 Ἀλλ’
1581 4277 1615 4346 ἠ
1651 4276 1858 4347 ἀρχαία

274 4371 484 4443 πληγὴ,
505 4371 567 4424 τὸ
593 4369 878 4440 ὲγκόλπιον
907 4370 1098 4428 κακόν.
1147 4368 1346 4438 Ἰωσὴφ
1374 4369 1402 4421 ὁ
1433 4369 1600 4423 πάλαι
1629 4369 1856 4433 εἰκότως

274 4463 500 4535 κληθεὶς
524 4461 950 4533 Μοιχοζεύκτης,
982 4462 1100 4514 νυνὶ
1129 4460 1186 4514 δὲ
1212 4459 1698 4531 Χριστεμπαίκτης
1719 4475 1733 4489 ο
1760 4460 1856 4511 αὐ·-

271 4524 381 4618 τδς.
412 4524 607 4625 ὁδηγδς
635 4524 763 4616 tto—ig
806 4524 904 4623 τῆς
942 4550 1178 4622 ἀρχαίας
1221 4524 1576 4613 κουστωδίας.
1621 4524 1686 4603 Ἰ;ί
1717 4550 1854 4618 πρὸς
1881 4524 1934 4582 Ῑ)

273 4647 492 4713 causa;
523 4643 970 4715 ὲκλυθησόμεθα;
1006 4642 1465 4713 καταπεωύμεθα
1491 4661 1507 4709 ;
1539 4643 1858 4713 ἀποκαμοῦ-

279 4742 423 4815 μεθα
470 4741 608 4810 πρὸς
644 4741 743 4812 τὴν
773 4736 1012 4809 Χριστοῦ
1040 4735 1332 4808 ὁμολογίαν
1377 4735 1513 4804 ὁμοῦ
1547 4738 1641 4789 καὶ
1667 4735 1858 4788 ἔνστα-

277 4851 394 4900 σιν;
421 4832 706 4904 μηδαμῶς,
737 4825 782 4884 ὦ
803 4829 1045 4898 ἀδελφοὶ.
1079 4827 1363 4898 μηδαμῶς.
1396 4827 1458 4880 El
1486 4828 1617 4899 γὰρ,
1646 4826 1858 4879 ἀσεϐῶν

274 4926 756 4989 καταπιπτόντων,
785 4924 836 4976 oi.
869 4922 1070 4975 δίκαιοι
1089 4919 1318 4990 ἔμφοϐοι
1341 4917 1554 4972 ἔσονται
1573 4935 1587 4948 ο
1617 4918 1734 4973 ἀλλ’
1764 4914 1858 4972 οὖν

273 5017 356 5087 τῷ
387 5014 482 5068 τοῦ
516 5013 686 5077 πέλας
717 5010 973 5081 πτώματι
1004 5006 1274 5079 ἀσφάλεια
1300 5006 1380 5077 τῷ
1412 5008 1666 5075 ἑστηκότι
1706 5007 1861 5078 μεγί-

279 5124 405 5178 στη.
457 5103 680 5174 Στῶμεν
729 5098 823 5156 οὖν
873 5102 933 5156 ὲν
982 5099 1172 5171 Κυρίῳ
1230 5097 1598 5178 βεϐαιότερον,
1659 5099 1860 5169 μᾶλλον

277 5197 587 5268 παρακαλῶ
605 5213 619 5228 ο
659 5195 735 5268 μὴ
763 5195 1097 5267 πτυρόμενοι
1125 5184 1183 5245 ὲν
1215 5193 1403 5263 μηδενὶ⁸
1437 5192 1542 5246 ὑπὸ
1568 5191 1678 5245 τῶν
1708 5193 1858 5246 ἀντι-

278 5288 572 5359 κειμένων.
627 5287 720 5358 Μὴ
775 5286 884 5356 γὰρ
922 5284 1108 5338 ἕνεκεν
1141 5282 1252 5337 τῶν
1280 5281 1779 5336 ὐποσκελισθέντων
1821 5283 1858 5352 ἠ

276 5378 542 5451 ὁμολογία
564 5378 752 5449 ἡμῶν;
801 5375 836 5447 ἢ
881 5377 948 5446 τῇ
980 5377 1186 5429 τούτων
1234 5374 1422 5427 στάσει
1453 5372 1860 5444 ὲπερειδόμενοι

277 5467 720 5540 ὲστερεούμεθα,
762 5465 850 5519 ἴνα
893 5466 988 5518 καὶ
1014 5467 1082 5536 τῇ
1117 5464 1354 5518 σκελίσει
1387 5463 1566 5517 αὐτῶν
1599 5479 1860 5518 κατασει-

279 5560 534 5630 σθῶμεν;
569 5559 644 5630 μὴ
665 5559 916 5627 γένοιτοί
950 5555 1072 5611 οὗτε
1103 5554 1330 5621 τούτων,
1353 5553 1478 5608 οὔτε
1503 5554 1697 5610 ἀλλων·
1726 5555 1860 5628 Χρι-

281 5651 406 5713 στὸς
438 5649 595 5721 ἡμῶν
622 5652 652 5703 ὁ
678 5648 947 5718 θεμέλιος,
976 5649 1034 5700 ἐν
1061 5640 1106 5714 ᾧ
1134 5647 1406 5716 στήκομεν
1431 5661 1446 5677 ⁸
1478 5647 1536 5698 ὲν
1561 5640 1606 5714 ᾧ
1634 5645 1852 5716 καυχώ-

281 5740 428 5812 μεθα
451 5757 463 5770 ·
501 5739 598 5798 σὺν
628 5739 705 5812 τῷ
737 5738 935 5811 Παύλῳ
967 5738 1245 5808 λέγοντες’
1289 5739 1382 5808 Τίς
1421 5736 1574 5807 ἡμᾶς
1620 5739 1861 5809 χωρίσει

1959 3266 2086 3321 facti
2119 3267 2200 3322 sui
2236 3267 2486 3337 exemplo
2499 3269 2565 3322 ad
2597 3269 2876 3326 interitum
2909 3280 3205 3340 provocant
3232 3271 3536 3331 universos.

1958 3358 2024 3414 Et
2069 3359 2288 3430 quidem
2331 3361 2532 3430 paratis
2559 3361 2779 3432 plurimi
2828 3363 2897 3418 ad
2919 3362 3164 3418 criminis
3195 3363 3535 3429 societatem,

1958 3459 2282 3521 praetextum
2324 3453 2632 3523 quempiam
2663 3454 2720 3508 in
2742 3454 3162 3510 necessitatibus
3181 3455 3426 3524 reperire
3451 3471 3539 3526 ge-

1958 3543 2212 3610 stientes,
2267 3560 2377 3614 quo
2433 3559 2800 3600 aerumnarum
2828 3553 2886 3603 et
2912 3545 3280 3602 calamitatum
3339 3562 3540 3617 expers

1959 3636 2091 3706 ipsis
2118 3637 2334 3705 pietatis
2354 3645 2631 3692 certamen
2653 3638 2910 3693 reddatur
2936 3655 2951 3704 ;
2987 3639 3042 3694 in
3059 3641 3350 3710 negatione
3373 3640 3538 3695 Chri-

1959 3729 2052 3792 sti,
2087 3728 2354 3798 Deiparae,
2411 3739 2724 3786 sanctorum
2777 3730 3045 3795 omnium,
3094 3733 3538 3789 communionem

1957 3817 2220 3873 inierunt.
2254 3817 2368 3874 Hoc
2390 3820 2656 3889 siquidem
2693 3829 2777 3874 est
2802 3821 3098 3891 cujuslibet
3156 3823 3406 3894 imaginis
3438 3840 3540 3880 ne-

1958 3911 2122 3982 gatio.
2176 3910 2220 3965 0
2251 3911 2591 3982 perniciem!
2639 3930 2672 3968 o
2717 3913 3022 3968 fallaciam!
3063 3915 3150 3969 hei
3185 3917 3357 3972 mihi!
3398 3933 3538 3986 quo-

1959 4004 2142 4067 modo,
2190 4019 2314 4058 cum
2342 4013 2491 4059 recte
2539 4005 2858 4073 coepissent,
2891 4015 3037 4061 retro
3070 4009 3322 4062 conversi
3369 4011 3541 4064 sunt?

1960 4094 2047 4149 hei
2081 4093 2249 4149 mihi!
2282 4109 2445 4162 quam
2472 4093 2656 4148 multis
2695 4095 2872 4150 fraudi
2908 4105 3068 4149 erunt
3091 4107 3148 4151 et
3169 4098 3537 4164 subversioni,

1957 4182 2279 4250 aequalibus,
2299 4191 2355 4238 et
2373 4183 2692 4252 majoribus,
2709 4183 2884 4251 laicis,
2897 4185 3111 4240 clericis
3145 4196 3202 4240 et
3220 4189 3540 4246 monachis?

1963 4272 2176 4326 Etenim
2206 4275 2492 4342 antiquum
2542 4273 2760 4340 vulnus,
2785 4275 3102 4329 intestinum
3128 4277 3351 4341 malum,
3381 4277 3538 4338 lose-

1957 4366 2102 4435 phus
2128 4366 2256 4420 olim
2290 4365 2721 4422 Mmchozeuctes
2749 4367 2942 4420 merito
2968 4367 3174 4430 dictus,
3207 4385 3355 4424 nunc
3382 4370 3548 4426 Chai.

1959 4467 2326 4527 stempaectes,
2359 4456 2475 4528 ipse
2523 4456 2634 4512 dux
2664 4457 2768 4512 fuit
2795 4459 2999 4514 veteris
3032 4461 3296 4516 custodia:
3325 4477 3540 4533 praepo-

1960 4551 2116 4606 situs.
2137 4550 2278 4616 Quid
2303 4550 2370 4606 ad
2405 4550 2556 4606 hac?
2583 4551 3020 4624 languidioresne
3039 4553 3246 4610 erimus
3261 4555 3287 4608 ?
3319 4555 3540 4626 frange-

1960 4640 2118 4694 inur‘!
2144 4639 2499 4695 concidemus
2532 4639 2732 4697 animis
2785 4640 2854 4695 ad
2893 4641 3319 4707 confessionem,
3351 4644 3541 4699 defen-

1959 4731 2279 4801 sionemque
2323 4729 2802 4788 ChristiiMinime
2841 4732 3105 4804 gentium,
3155 4733 3375 4800 fratres,
3437 4736 3541 4789 mi-

1958 4823 2129 4877 nime.
2176 4821 2391 4878 Etenim
2423 4823 2491 4888 si,
2542 4825 2928 4880 corruentibus
2957 4827 3159 4894 impiis,
3197 4826 3328 4895 justi
3390 4839 3539 4884 metu

1960 4915 2329 4986 percelluntur
2356 4932 2370 4982 ;
2399 4925 2454 4970 at
2487 4915 2646 4971 vicini
2687 4917 2870 4986 lapsus
2931 4919 3163 4976 maxima
3209 4927 3294 4974 est
3347 4921 3542 4976 stantis

1959 5009 2248 5064 securitas.
2299 5008 2520 5063 Stemus
2564 5007 2730 5079 igitur
2770 5008 2825 5063 in
2859 5010 3091 5066 Domino
3119 5012 3538 5076 constantiores,

1960 5097 2194 5166 amplius
2226 5097 2489 5162 obtestor,
2541 5113 2645 5152 nec
2690 5097 2746 5154 in
2781 5098 2891 5154 ullo
2930 5101 3211 5156 conterriti
3238 5101 3306 5156 ab
3345 5103 3541 5158 adver-

1965 5188 2144 5244 sariis.
2183 5187 2440 5263 Nunquid
2472 5189 2622 5244 enim
2651 5201 2874 5261 propter
2892 5207 2990 5246 eos
3018 5192 3108 5262 qui
3135 5193 3382 5250 subversi
3413 5206 3544 5250 sunt

1965 5278 2237 5333 confessio
2273 5277 2497 5332 nostra?
2531 5286 2627 5332 aut
2647 5278 2860 5334 illorum
2899 5281 3189 5338 stabilitate
3237 5283 3351 5338 nixi
3407 5301 3544 5340 con-

1966 5369 2316 5437 sistebamus,
2353 5379 2414 5426 ut
2441 5386 2631 5428 eorum
2661 5387 2878 5444 quoque
2910 5373 3060 5445 lapsu
3115 5377 3544 5431 concutiamur?

1965 5461 2152 5518 Absit!
2199 5479 2379 5534 neque
2434 5464 2655 5529 borum,
2683 5481 2862 5536 neque
2906 5465 3160 5521 aliorum.
3192 5465 3542 5520 Fundamen-

1969 5561 2086 5610 tum
2135 5564 2382 5612 nostrum
2427 5556 2678 5612 Christus
2703 5567 2808 5624 est,
2845 5558 2902 5613 in
2932 5573 3041 5628 quo
3069 5567 3300 5622 stamus,
3332 5557 3386 5610 in
3433 5573 3544 5626 quo

1957 5647 2270 5721 gloriamur,
2304 5665 2428 5704 cum
2459 5649 2623 5704 Paulo
2653 5650 2899 5710 dicentes
2953 5667 2966 5702 :
3001 5649 3252 5714 Quis-nos
3277 5648 3542 5716 separabit

1970 5759 2001 5796 a
2049 5743 2309 5798 charitate
2340 5743 2437 5799 Dci
2467 5744 2490 5798 ?
2527 5742 2823 5798 Tribulatio
2852 5745 2876 5797 ?
2917 5759 2987 5797 an
3031 5743 3274 5812 angustia
3297 5743 3323 5797 Ρ
3347 5757 3418 5797 an
3456 5742 3542 5809 {a-
