4054 6364
534 325 672 390 1143

1726 323 1787 385 S.
1829 320 2224 384 THEODOBI
2256 320 2604 382 STUDITIE

3667 318 3808 384 ιιιι

526 455 634 492 rues
661 439 685 492 ?
715 453 789 492 an
839 437 1132 502 persecutio
1164 436 1189 490 2
1240 441 1314 490 an
1343 431 1558 488 auditas
1584 433 1610 488 2
1651 447 1724 486 an
1774 430 2066 500 periculum
2091 431 2117 484 .’

2218 429 2336 488 ἀπὸ
2358 427 2471 498 τῆς
2489 428 2731 509 ἀγάπης
2751 429 2860 484 τοῦ
2883 429 3069 495 Θεοῦ;
3091 431 3321 500 θλίψις,
3339 431 3384 500 ἠ
3405 437 3803 504 στενοπορία,

524 549 597 585 an
643 531 861 603 gladius
899 531 926 585 .9
963 528 1066 586 Sed
1101 531 1240 585 enim
1289 530 1346 584 in
1401 529 1482 582 his
1515 527 1754 583 outnibus
1803 543 2116 597 superamus

524 633 739 692 propter
767 637 886 677 eum
905 623 997 692 qui
1027 621 1211 676 dilexit
1234 637 1327 674 nos
1343 619 1485 674 ⁶⁶·⁸⁸.
1512 619 1696 688 Itaque
1723 617 1819 689 qui
1837 617 2118 673 accinctus

523 732 626 786 pro
664 715 884 771 Christo
929 728 1042 782 non
1073 712 1393 778 certaverit,
1423 709 1777 767 Christianus
1822 723 1944 768 esse
2005 723 2114 762 non

523 817 727 879 potest.

590 985 674 1040 An
711 999 844 1040 vero
879 983 1154 1037 incassum
1192 986 1494 1051 martyrum
1525 992 1752 1050 agones,
1791 978 2114 1044 certamina,

522 1083 797 1132 tormenta
818 1074 843 1126 ί
875 1089 945 1128 an
975 1071 1222 1126 eamdem
1255 1070 1546 1128 nobiscum
1579 1083 1807 1125 carnem
1838 1085 1948 1124 non
1990 1084 2116 1140 ges-

524 1165 762 1221 serunt?
793 1165 879 1218 An
920 1162 1088 1218 tantis
1121 1161 1408 1232 suppliciis
1441 1161 1680 1232 subjecti
1710 1161 1958 1217 laborem
1989 1159 2117 1215 nul-

524 1257 638 1312 lum
680 1253 1024 1311 senserunt?
1053 1253 1255 1308 Annon
1300 1267 1396 1309 eos
1431 1253 1620 1309 vivere
1649 1252 1905 1318 taulebat,
1947 1261 2006 1308 ut
2040 1252 2120 1308 ait

523 1347 816 1418 Apostolus
838 1345 930 1399 "‘l
958 1343 1065 1400 Sed
1099 1343 1428 1414 perennium
1457 1360 1746 1416 poenarum
1785 1354 1958 1412 metu,
2005 1361 2120 1402 cos-

525 1437 860 1505 lestiumque
893 1433 1243 1504 prarmiorum
1287 1431 1589 1500 desiderio,
1639 1434 1823 1489 carnis
1860 1443 2116 1499 mortem,

526 1539 588 1584 ut
634 1527 960 1598 prudentes,
1015 1541 1178 1596 quam
1233 1534 1498 1580 aeternam
1547 1525 1736 1582 subire
1782 1525 2116 1581 maluerunt.

522 1621 669 1676 Nihil
702 1617 1164 1688 expavescebant,
1196 1617 1426 1672 minime
1451 1617 1636 1672 animo
1681 1617 2117 1673 consternaban-

525 1723 639 1780 tur,
692 1719 748 1767 et
779 1711 962 1766 futura
995 1717 1254 1780 tanquam
1286 1709 1580 1780 praesentia
1615 1711 1966 1775 meditantes,
2004 1709 2116 1764 laeti

2217 521 2256 591 ἢ
2309 520 2508 592 λιμὸς.
2548 522 2589 590 ἢ
2618 522 2896 592 διωγμὸς,
2923 524 2962 592 ἢ
2989 525 3316 594 γυμνότης.
3337 524 3379 594 ἦ
3411 523 3727 592 κίνδυνος,
3761 526 3804 595 ἢ

2213 613 2516 684 μάχαιρα;
2547 615 2657 670 Kal
2684 615 2794 686 map
2817 615 2887 670 ἐν
2912 617 3146 683 τούτοις
3170 615 3367 673 πᾶσιν
3389 617 3808 687 ὑπερνικῶμεν

2217 706 2317 761 διὰ
2348 707 2454 763 τοῦ
2478 707 2911 778 ἀγαπήσαντος
2940 705 3124 777 ἡμᾶς.
3157 708 3345 772 Οὕτως
3372 709 3404 762 ό
3437 707 3517 780 μὴ
3549 725 3805 780 παρατε-

2121 853 2129 857 _
2217 795 2492 866 ταγμένος
2512 797 2614 850 οὐκ
2636 796 2951 865 ἀγωνιεῖται
2976 795 3120 869 ὑπὲρ
3139 796 3404 868 Χριστοῦ,
3430 798 3554 852 οὐδὲ
3573 798 3807 854 δύναται

2219 888 2546 958 Χριστιανὸς
2575 883 2740 944 εἶναι.

2290 979 2404 1034 Οὐκ
2437 979 2558 1050 είκῆ
2607 981 2657 1034 οἱ
2696 979 2906 1048 ἀγῶνες
2937 980 3050 1035 τῶν
3087 979 3406 1054 μαρτύρων,
3435 981 3507 1036 τὰ
3537 977 3704 1048 ἆθλα,
3745 985 3806 1037 at

2219 1068 2477 1138 βάσανοι;
2513 1069 2589 1141 μὴ
2613 1070 2724 1142 γὰρ
2747 1071 2844 1142 οὐχ
2871 1071 3170 1143 όμόσαρκοι
3204 1073 3396 1144 ήμῶν;
3421 1073 3498 1146 μὴ
3525 1075 3628 1129 οὐκ
3668 1075 3806 1128 ἑπό-

2219 1176 2344 1215 νουν
2396 1163 2693 1225 τοσαύταις
2733 1162 3030 1234 τιμωρίαις
3071 1163 3530 1234 ὕποΰαλλόμενοι;
3588 1167 3663 1236 μὴ
3703 1167 3809 1220 οὐκ

2217 1249 2586 1324 ὲξηποροῦντο
2613 1252 2708 1306 καὶ
2747 1253 2844 1306 τοῦ
2891 1255 3018 1326 ζῇν,
3053 1253 3132 1320 ὥς
3175 1271 3342 1326 φησιν
3375 1259 3406 1310 ὁ
3441 1257 3806 1324 ’Δπόστολοςς

2220 1343 2358 1400 ἀλλὰ
2385 1345 2464 1416 τῷ
2495 1347 2647 1417 φόϐῳ
2669 1344 2781 1400 τῶν
2810 1346 3046 1400 αἰωνίων
3078 1346 3379 1412 κολάσεων,
3411 1348 3510 1403 καὶ
3540 1347 3621 1418 τῷ
3649 1347 3812 1417 πόθῳ

2218 1435 2329 1490 τῶν
2348 1436 2616 1508 οὐρανίων
2641 1437 2908 1508 ἀμοιᾷῖιν,
2925 1437 3131 1492 εἴλοντο
3161 1437 3384 1510 μᾶλλον,
3402 1440 3482 1504 ὠς
3505 1438 3806 1510 ἔμφρονες,

2220 1529 2312 1582 τὸν
2348 1529 2448 1599 τῆς
2479 1531 2679 1600 σαρκὸς
2706 1527 2935 1584 θάνατον
2953 1569 2968 1591 ,
3007 1529 3150 1600 ὑπὲρ
3171 1531 3264 1584 τὸν
3292 1529 3512 1584 αἰώνιον
3539 1530 3809 1602 ἦνεγκαν.

2221 1615 2337 1670 οὐκ
2363 1617 2736 1688 ἐπτοήθησαν·
2753 1618 2817 1672 οὐ
2841 1618 3290 1690 κατεπλάγησαν.
3321 1621 3433 1673 Καὶ
3450 1619 3530 1682 ὡς
3555 1621 3812 1691 παρόντα

2219 1707 2288 1760 τὰ
2325 1707 2588 1776 μέλλοντα
2619 1710 3053 1780 φανταζόμενοι,
3082 1711 3230 1780 χαρᾷ
3253 1710 3500 1781 ἐχώρουν
3535 1710 3676 1781 πρὸς
3704 1711 3810 1774 τὰς

524 1814 583 1859 et
625 1775 837 1858 alacres
884 1801 952 1856 ad
999 1775 1640 1872 tormenta—pergebant,
1695 1801 1944 1856 muneris
1993 1799 2116 1855 loco

2223 1775 2527 1868 βασάνους.
2555 1775 2765 1867 δωρεάς
2803 1775 3036 1870 ἠέρι...
3072 1775 3173 1880 ag
3197 1775 3597 1863 ξηαπτεοεεαέ
3637 1799 3814 1869 Ἦμεν

525 1895 804 1950 habebant
865 1891 1098 1962 plurima
1147 1891 1256 1962 pati
1315 1890 1532 1946 :Nobis
1578 1891 1717 1945 enim
1779 1907 1879 1960 pro
1914 1890 2121 1946 Christo

525 1993 788 2039 donatum
820 1991 895 2037 est
925 1997 1031 2036 non
1062 1979 1234 2036 solum
1264 1989 1322 2034 ut
1354 1981 1410 2035 in
1439 1997 1558 2035 eum
1592 1981 1868 2035 credamus
1893 2020 1910 2047 ,
1941 1983 2032 2036 sed
2063 1991 2122 2036 ut

527 2077 688 2130 etiam
735 2091 830 2145 pro
879 2073 972 2128 illo
1024 2073 1299 2144 patiamur
1318 2072 1386 2126 ⁵⁸.
1438 2071 1510 2127 Et
1558 2071 1685 2127 alibi
1751 2087 1971 2126 rursum
2005 2090 2020 2127 :
2052 2070 2121 2126 In

526 2167 694 2222 multo
749 2167 889 2220 enim
945 2165 1298 2233 experimento
1357 2163 1718 2218 tribulationis
1785 2162 2118 2218 abundantia

525 2260 712 2331 gaudii
735 2259 974 2328 ipsorum
994 2258 1096 2329 {ait
1118 2257 1184 2312 “.
1210 2255 1289 2311 ita
1311 2255 1642 2327 gaudebant,
1666 2255 1742 2310 ita
1767 2255 2114 2323 lmtabantur,

524 2367 650 2408 cum
699 2365 800 2422 pro
836 2349 1058 2406 Christo
1103 2358 1430 2422 paterentur
1489 2348 1666 2404 sancti
1711 2362 1928 2404 omnes.
1974 2348 2120 2403 Deli-

529 2444 727 2498 bemus
759 2450 816 2498 et
846 2456 971 2506 nos.
1005 2439 1373 2504 dilectissimi,
1409 2439 1738 2496 charitatem
1773 2439 2000 2506 Christi,
2033 2439 2120 2494 in-

525 2539 788 2594 cedamus
841 2551 940 2607 per
990 2541 1313 2590 sanctorum
1365 2523 1594 2604 vestigia
1643 2551 1656 2588 :
1705 2533 1892 2588 saeculi
1943 2533 2112 2604 hujus

525 2629 761 2686 aﬂ‘ectus
795 2640 991 2683 omnes
1037 2623 1362 2695 abjiciamus
1391 2642 1406 2679 :
1441 2623 1563 2678 Non
1606 2623 1857 2680 habemus
1885 2625 1969 2679 hic
2000 2641 2114 2679 ma-

528 2730 736 2775 nentem
781 2717 1144 2774 civitatem“.
1195 2713 1446 2786 Superna
1493 2713 1797 2771 Jerusalem
1841 2716 2016 2787 patria
2062 2723 2120 2771 et

527 2811 722 2869 civitas
753 2819 943 2865 nostra
967 2817 1075 2872 est,
1109 2821 1144 2862 ο
1173 2806 1280 2861 viri
1313 2813 1574 2876 potentes
1599 2805 1658 2861 in
1691 2805 1925 2876 Spiritu,
1956 2822 1991 2862 ο
2021 2805 2116 2862 lilii

531 2902 649 2966 Dei,
677 2916 791 2956 non
823 2900 972 2955 enim
1004 2898 1112 2954 mei
1137 2898 1231 2968 qui
1261 2907 1521 2968 peccator
1551 2913 1672 2952 sum
1701 2899 1714 2953 ι
1749 2897 1826 2954 Ne
1855 2914 2117 2969 procum-

529 2996 745 3058 bamus,
787 2991 1034 3063 quamvis
1067 3005 1265 3046 omnes
1306 2990 1722 3057 subvertantur,
1761 2991 1909 3062 quod
1951 2992 2113 3048 absit.

529 3087 638 3159 Ipsi
687 3095 892 3149 autem,
940 3096 1003 3140 ut
1038 3083 1190 3150 olim,
1229 3099 1261 3138 a
1297 3083 1410 3138 Deo
1447 3082 1786 3138 corroborati
1823 3101 1838 3138 :
1871 3084 1961 3139 vel
2006 3083 2107 3138 soli
2135 3117 2179 3176 ε

527 3179 832 3232 etiamnum
860 3173 1260 3246 depugnemus.
1301 3171 1422 3226 Stat
1449 3186 1481 3226 a
1515 3172 1676 3226 nobis
1704 3171 1870 3238 Deus,
1902 3173 2110 3226 sancti-

527 3282 636 3338 que
664 3279 858 3320 omnes
886 3263 980 3334 qui
1009 3277 1247 3333 unquam
1277 3260 1527 3317 fuerunt.
1563 3261 1862 3318 Nobiscum
1892 3261 2110 3330 Oriens,

530 3358 820 3413 nobiscum
863 3355 1176 3411 Occidens:
1213 3354 1409 3426 exigua
1457 3367 1584 3424 pars
1629 3363 1714 3410 est
1757 3369 1880 3425 qua:
1910 3355 1978 3410 ab
2008 3356 2113 3410 Ec-

531 3449 700 3505 clesia
753 3448 1010 3502 universa
1053 3461 1178 3502 sese
1231 3446 1470 3517 abrupit,
1521 3455 1580 3502 et
1622 3447 1895 3518 seiunxit,
1948 3447 2112 3518 idque

533 3547 702 3604 metu,
735 3547 790 3594 et
817 3545 1044 3608 propter
1075 3537 1191 3593 haec
1223 3537 1564 3608 temporalia,
1601 3547 1825 3610 propter
1851 3554 2110 3594 carnem:
2149 3548 2152 3550 ‘

529 3645 696 3700 quam
726 3629 1094 3700 postmodum,
1117 3629 1219 3682 nisi
1255 3629 1542 3684 veritatem
1573 3629 1942 3698 defendimus,
1973 3644 2118 3685 sem-

527 3722 764 3793 piternis
811 3721 1034 3793 ignibus
1079 3735 1188 3776 una
1237 3737 1365 3777 cum
1413 3723 1595 3777 anima
1647 3723 1764 3794 ipsa
1809 3723 2111 3779 trademus.

528 3813 924 3878 Exerceamur,
957 3822 1099 3878 esto,
1147 3820 1204 3867 et
1237 3811 1596 3883 ﬂagellemur,
1625 3829 1806 3884 neque
1827 3815 1881 3870 id
1922 3815 2114 3880 semel,

527 3907 626 3960 sed
673 3903 916 3975 saepius:
951 3905 1192 3974 denique
1235 3905 1564 3960 moriamur.
1615 3906 1809 3963 Nonne
1839 3916 1963 3978 post
2000 3907 2119 3963 haec

528 3995 786 4068 gaudium
820 3996 926 4052 erit
961 3996 1264 4062 ineffabile,
1294 4011 1398 4052 nos
1427 3998 1694 4054 caelorum
1720 4013 1952 4070 regnum
1980 4014 2118 4055 con-

527 4089 708 4160 sequi,
754 4098 813 4144 et
854 4089 1087 4161 gloriam
1137 4091 1266 4145 inde
1320 4087 1526 4144 referre
1577 4090 1966 4158 immortalem,
2005 4107 2116 4146 non

527 4191 724 4237 contra
752 4181 820 4237 iis
851 4197 974 4252 qua}
1005 4182 1118 4238 dixi
1149 4181 1358 4247 vitatis,
1397 4190 1696 4253 propterea
1735 4183 1952 4239 irrideri
1989 4199 2120 4254 per-

527 4281 718 4344 petuo,
750 4281 807 4328 et
829 4273 1189 4345 ignominiam
1219 4274 1631 4330 interminatam
1662 4274 2119 4330 sustinere‘lUti-

525 4381 634 4438 que
676 4381 776 4421 vos
805 4381 924 4432 oro,
975 4366 1128 4422 ﬁlioli
1175 4366 1306 4430 mei,
1349 4380 1491 4436 quos
1540 4367 1705 4437 genui
1756 4367 1812 4422 in
1860 4365 2114 4432 Domino,

2223 1889 2334 1960 γὰρ
2359 1887 2656 1960 ἐχαρίσθη
2683 1888 2838 1958 ὑπὲρ
2867 1891 3128 1960 Χριστοῦ
3159 1892 3232 1946 οὐ
3261 1891 3454 1962 μόνον
3483 1893 3554 1946 τὸ
3581 1893 3670 1958 εις
3701 1894 3811 1948 ai:-

2221 1981 2330 2036 τὸν
2357 1983 2689 2049 πιστεύειν,
2716 1983 2880 2038 ἀλλὰ
2908 1984 3009 2038 καί
3029 1983 3096 2038 τὸ
3122 1984 3276 2053 ὑπὲρ
3299 1983 3490 2040 αὑτοῦ
3517 1983 3807 2053 πάσχειν.

2222 2073 2336 2128 Καὶ
2367 2069 2524 2138 αὖθις
2569 2073 2839 2146 ἑτέρωθι·
2875 2075 2974 2130 Ἐν
2999 2074 3112 2146 γὰρ
3159 2075 3368 2145 πολλῇ
3410 2075 3631 2146 δοκιμῇ
3674 2078 3811 2131 θλί-

2220 2168 2381 2234 ψεως
2413 2165 2454 2234 ἠ
2482 2166 2804 2235 περισσεία
2825 2166 2938 2236 τῆς
2970 2164 3162 2236 χαρᾶς
3188 2165 3409 2222 αὐτῶν.
3433 2165 3624 2230 οὕτως
3654 2166 3812 2237 ἔχαι-

2222 2275 2351 2332 ρον,
2411 2255 2587 2322 οὕτως
2649 2257 2949 2327 ἠγάλλοντο
3008 2259 3149 2330 ὑπὲρ
3202 2257 3440 2330 Χριστοῦ
3503 2259 3813 2327 πάσχοντες

2221 2349 2430 2414 πάντες
2457 2351 2506 2404 ot
2545 2349 2715 2419 ἅγιοι.
2751 2347 3090 2421 Γευσώμεθα
3119 2349 3220 2404 καὶ
3263 2351 3446 2421 ἡμεῖς,
3491 2349 3810 2418 ἀγαπητοὶ,

2218 2441 2318 2512 τῆς
2362 2441 2585 2510 ἀγάπης
2629 2438 2909 2512 Χριστοῦ·
2958 2441 3430 2512 περιπατήσωμεν
3485 2441 3546 2493 ὲν
3599 2440 3809 2511 ίχνεσιν

2219 2533 2425 2601 ἁγίων·
2485 2531 2744 2604 ρήξωμεν
2815 2531 2917 2597 τὰς
2995 2533 3380 2604 προσπαθτίας
3436 2532 3533 2587 τοῦ
3605 2517 3810 2596 αἰῶνός

2219 2624 2434 2678 τούτου.
2475 2625 2598 2678 Οὐκ
2637 2625 2860 2694 ἔχομεν
2886 2617 3004 2677 ὦδε
3021 2623 3346 2694 ’μένουσαν
3378 2623 3598 2677 πόλιν·
3626 2624 3662 2694 η
3691 2622 3814 2677 ἄνω

2232 2713 2589 2787 Ἰερουσαλὴμ
2621 2716 2826 2786 πατρὶς
2863 2715 2959 2783 καὶ
2995 2715 3150 2779 πόλις
3181 2714 3342 2785 ἡμῶν
3361 2730 3377 2746 ·
3412 2707 3460 2768 ὦ
3483 2714 3679 2786 ἄνδρες
3713 2716 3810 2768 δυ-

2218 2807 2371 2863 νατοὶ
2393 2807 2452 2862 ὲν
2482 2807 2784 2874 ιινεύματι,
2810 2802 2856 2860 ὧ
2894 2806 3063 2862 τέκνα
3108 2807 3244 2864 Θεοῦ
3263 2823 3280 2839 ·
3311 2808 3372 2861 οὐ
3407 2808 3521 2878 γὰρ
3543 2807 3682 2879 ἁμοῦ
3711 2805 3813 2861 τοῦ

2218 2897 2577 2970 ἀμαρτωλοῦί
2629 2897 2720 2968 Μὴ
2765 2887 3112 2968 ὀκλάσωμεν,
3141 2898 3248 2952 κᾶν
3275 2899 3480 2962 πάντες
3503 2901 3805 2969 τραποίεν·

2218 2989 2358 3058 ὅπερ
2392 2988 2469 3058 μὴ
2509 2986 2744 3056 γένοιτο.
2785 2985 2928 3040 Ἀλλ’
2963 2985 3126 3058 ἡμεῖς
3177 2986 3254 3050 ὡς
3303 2987 3473 3041 πάλαι
3522 2987 3629 3040 ὑπὸ
3667 2986 3808 3042 Θεοῦ

2217 3081 2653 3152 δυναμωθέντες,
2709 3080 2806 3136 καὶ
2859 3080 2930 3133 τὰ
2982 3079 3080 3134 νῦν
3133 3081 3629 3151 μονομαχήσωμιν.
3668 3081 3806 3136 Μεθ’

2216 3170 2378 3244 ἡμῶν
2431 3171 2462 3224 ό
2512 3169 2680 3230 Θεός·
2709 3170 2914 3234 πάντες
2961 3173 3012 3225 οἱ
3057 3171 3156 3226 ἀπ’
3205 3171 3401 3235 αἰῶνος
3445 3171 3629 3239 ἅγιοι·
3685 3161 3811 3243 μεθ’

2214 3262 2373 3333 ήμῶν
2412 3258 2675 3330 Ἀνατολὴ
2705 3259 2802 3314 καὶ
2827 3260 3021 3325 Δύσις·
3065 3260 3239 3333 μικρὰ
3290 3261 3448 3332 μερὶς
3475 3264 3510 3332 ἡ
3561 3261 3813 3332 ἀπορρη-

2215 3355 2356 3422 ξασα
2385 3353 2587 3423 ἑαυτὴν
2614 3351 2724 3406 ἀπὸ
2751 3352 2852 3422 τῆς
2897 3352 2988 3405 ὑπ’
3033 3351 3263 3423 οὐρανὸν
3299 3351 3670 3423 Ἐκκλησίας·
3710 3353 3808 3406 καὶ

2215 3445 2378 3499 τοῦτο
2401 3443 2491 3497 διὰ
2525 3443 2696 3513 φόϐον
2716 3458 2731 3474 ·
2759 3441 2853 3496 διὰ
2881 3441 2952 3496 τὰ
2981 3445 3296 3515 πρόσκαιρα
3313 3455 3330 3474 ·
3354 3443 3443 3498 διὰ
3472 3444 3573 3516 τὴν
3602 3443 3808 3516 σάρκα·

2215 3539 2285 3610 ἣν
2333 3536 2533 3608 μικρὸν
2579 3535 2809 3608 ὓστερον
2854 3532 3257 3607 παραδώσομεν
3289 3536 3371 3608 τῷ
3401 3536 3609 3608 αίωνίῳ
3668 3538 3807 3606 πυρί

2219 3631 2319 3684 σὺν
2359 3631 2428 3700 τῇ
2475 3628 2656 3700 ψυχῇ,
2709 3629 2760 3682 εἰ
2800 3627 2874 3700 μὴ
2921 3629 3315 3700 ἀπισχώμεθα
3363 3631 3464 3701 τῆς
3519 3629 3808 3701 ἀληθείας.

2222 3724 2426 3788 Ἔστω,
2470 3722 2568 3776 καὶ
2617 3721 3042 3794 πειρασθῶμεν·
3103 3724 3202 3777 καὶ
3257 3723 3680 3794 μαπιχθῶμεν·
3711 3723 3808 3777 καὶ

2217 3813 2380 3869 τοῦτο
2428 3812 2720 3878 πολλάκις·
2750 3814 2924 3881 τέλος,
2965 3815 3063 3869 καὶ
3106 3815 3491 3888 ἀποθάνωμεν.
3523 3812 3661 3870 Εἶτα
3703 3817 3804 3871 οὐκ

2217 3905 2337 3960 ἔστι
2386 3906 2533 3978 χαρά
2575 3904 2944 3972 ἀνεκλάλητος
2995 3907 3278 3978 ἀπιτυχείν
3327 3909 3477 3980 ἡμᾶς
3527 3908 3808 3980 βασιλείας

2219 3998 2466 4070 οὐρανῶν
2487 4014 2502 4030 ·
2533 3997 2834 4053 κάντεῦθεν
2866 3998 3283 4069 ἀπενέγκασθαι
3315 4001 3474 4066 κλέος
3511 4001 3801 4060 ἀθάνατον·

2219 4091 2254 4162 ἢ
2283 4089 2594 4145 τούναντίον
2627 4091 2904 4160 φυγόντας
2950 4091 3020 4146 τὰ
3057 4092 3458 4165 προειρημένα,
3509 4093 3806 4148 κάντεῦθεν

2221 4181 2628 4252 κωμῳδηθῆναι
2679 4182 2843 4254 μέχρι
2883 4182 3108 4248 τέλους·
3149 4183 3246 4236 καὶ
3287 4183 3554 4254 αἰσχύνην
3581 4185 3803 4238 ὑποῐσαι

2219 4273 2616 4344 ἁτελεύτητονς
2650 4274 2779 4343 Ναὶ,
2795 4274 3008 4346 δέομαι,
3039 4274 3228 4330 τεκνία
3261 4286 3384 4347 μου,
3418 4273 3515 4340 οὒς
3537 4276 3804 4346 ἐγέννησα

2222 4371 2281 4423 ὲν
2319 4368 2542 4440 Κυρίῳ·
2567 4367 2662 4431 οὓς
2687 4368 2893 4440 ηὔξησε
2921 4369 3157 4441 Χριστὸς
3182 4370 3243 4424 ἐν
3272 4369 3459 4433 πόνοις
3489 4371 3585 4423 καὶ
3615 4371 3803 4433 κόποις

525 4457 728 4528 quibus
757 4457 1159 4513 incrementum
1197 4457 1348 4513 dedit
1372 4457 1629 4512 Christus
1661 4475 1675 4511 :
1707 4473 1806 4528 per
1837 4473 2114 4514 aerumnas

2221 4460 2283 4513 οὐ
2352 4461 2512 4530 μόνον
2577 4461 2919 4530 ἀσκητικοῖς,
2968 4460 3106 4515 ἀλλὰ
3153 4461 3264 4530 γὰρ
3317 4462 3414 4514 καὶ
3463 4460 3799 4530 ἀθλητικοῖς.

524 4561 582 4606 et
613 4551 832 4606 labores
861 4565 976 4604 non
1011 4550 1185 4606 solum
1214 4550 1500 4616 asceticos,
1528 4565 1718 4605 verum
1743 4549 1908 4604 etiam
1939 4551 2114 4605 athle-

524 4643 687 4697 ticos.
745 4641 970 4712 Implete
1017 4643 1275 4713 gaudium
1328 4657 1524 4706 meum,
1579 4649 1636 4694 ut
1688 4642 1827 4695 idem
1867 4643 2112 4710 sapiatis,

525 4717 767 4788 eamdem
827 4733 1142 4788 charitatem
1194 4733 1480 4804 habentes,
1525 4734 1823 4799 unanimes,
1880 4736 2113 4804 idipsum

526 4827 809 4891 sentientes
833 4840 852 4879 .'
879 4825 1009 4878 nihil
1033 4841 1127 4894 per
1155 4826 1560 4890 contentionem,
1593 4841 1756 4896 neque
1784 4842 1877 4894 per
1898 4827 2111 4880 inanem

528 4917 776 4988 gloriam,
810 4917 901 4970 sed
930 4916 1250 4982 humilitate,
1295 4917 1586 4987 superiores
1624 4917 1722 4971 sibi
1767 4917 1984 4973 invicem
2021 4935 2113 4972 ar-

528 5011 785 5064 bitrantes
808 5010 876 5065 °‘.
911 5010 1226 5080 Apostolica
1249 5011 1369 5065 huc
1392 5011 1599 5064 monita
1627 5028 1640 5063 :
1674 5009 1803 5066 licet
1835 5026 1865 5065 a
1899 5025 1988 5066 me
2013 5011 2110 5064 mi-

529 5119 655 5158 sero
705 5105 760 5157 in
805 5103 1128 5159 memoriam
1172 5103 1526 5158 reducantur.
1575 5102 1740 5157 Orate
1777 5109 1834 5158 et
1867 5117 1967 5173 pro
2000 5118 2111 5167 me,

527 5197 781 5263 obsecro,
813 5207 874 5252 ut
900 5197 1062 5253 detur
1091 5195 1228 5251 mihi
1262 5195 1552 5260 fortitudo,
1582 5195 1769 5259 robur,
1805 5209 1987 5250 seamo
2016 5211 2115 5265 per

529 5305 646 5356 vos,
679 5289 934 5360 quamvis
958 5289 1141 5345 divina
1177 5288 1351 5360 gratia
1401 5287 1665 5358 indignus
1702 5287 1804 5340 sim
1840 5305 1853 5341 :
1889 5295 1948 5341 ut
1975 5302 2112 5341 una-

530 5382 751 5437 nimiter
790 5383 844 5438 in
870 5397 981 5437 uno
1016 5381 1213 5451 spiritu
1255 5378 1590 5452 gloriﬁcetur
1616 5377 1761 5433 Deus
1790 5378 1846 5432 in
1882 5393 2114 5449 corpore

529 5484 584 5529 et
603 5475 796 5546 spiritu
822 5484 1033 5532 nostro.
1063 5472 1214 5529 Mitte
1235 5474 1301 5528 ad
1325 5470 1806 5541 archiepiscopum
1833 5471 2110 5543 egregium

531 5567 872 5639 Dionysium.
917 5566 1102 5623 Saluta
1140 5565 1363 5620 Petrum
1400 5564 1673 5629 abbatem,
1717 5563 1983 5636 lgnatium
2016 5567 2112 5618 ab-

2215 4553 2584 4622 Πληρώσατέ
2626 4571 2742 4623 μου
2792 4552 2908 4622 τὴν
2950 4553 3144 4623 χαράν
3163 4569 3180 4587 ·
3217 4555 3319 4608 ἵνα
3362 4553 3430 4608 τὸ
3470 4555 3624 4608 αὐτὸ
3660 4571 3800 4625 φρο-

2215 4644 2364 4714 νῆτε
2382 4659 2397 4675 ·
2427 4645 2545 4714 τὴν
2560 4645 2756 4715 αὐτὴν
2777 4645 3022 4716 ἀγάπην
3043 4646 3293 4716 ἔχοντες
3314 4663 3328 4679 ·
3357 4648 3703 4717 σύμψυχοι·
3730 4645 3800 4700 τὸ

2216 4738 2287 4792 ἓν
2322 4739 2726 4808 φρονοῦντες·
2755 4738 2954 4810 μηδὲν
3001 4741 3130 4795 κατ’
3175 4740 3436 4809 ἐρίθειαν
3474 4739 3514 4807 ἧ
3557 4741 3800 4794 κενοδο-

2219 4831 2394 4896 ξίαν·
2478 4831 2642 4888 ἀλλὰ
2701 4831 2776 4900 τῇ
2845 4832 3372 4900 ταπεινοφροσύνῃ
3414 4843 3432 4858 ⁸
3483 4831 3798 4898 ἀλλήλους

2217 4926 2542 4996 ἡγούμενοι
2571 4923 2977 4994 ὑπερέχοντας
3025 4922 3276 4989 ἑαυτῶν.
3333 4923 3696 4977 ’Ᾱποστολικά
3728 4921 3797 4975 τὰ

2219 5017 2658 5088 παραγγέλματα
2677 5032 2690 5046 ·
2720 5015 2823 5070 κᾶν
2843 5015 2974 5088 παρ’
3005 5017 3139 5087 ἐμοῦ
3168 5016 3262 5071 τοῦ
3288 5017 3639 5089 ταλαιπώρου
3671 5018 3798 5071 ὑπο-

2219 5109 2663 5179 μιμνησκόμενα.
2708 5107 3085 5179 Προσεύχεσθε
3112 5109 3208 5163 καὶ
3247 5109 3377 5179 περὶ
3412 5108 3572 5178 ἐμοῦ,
3615 5124 3793 5177 mpu-

2217 5197 2396 5254 καλῶ·
2423 5198 2511 5252 ἵνα
2533 5216 2621 5270 μοι
2645 5197 2771 5268 δοθῇ
2799 5199 2968 5268 ίσχὺς,
2991 5199 3208 5271 κράτος.
3230 5198 3388 5266 λόγος
3403 5199 3468 5252 δι’
3489 5199 3638 5270 ὑμᾶς
3657 5217 3671 5229 ·
3690 5199 3793 5252 κᾶν

2218 5286 2332 5357 ἐγὼ
2368 5287 2585 5352 ἀνάξιος
2611 5287 2760 5350 Θείας
2797 5287 3020 5358 χάριτος
3041 5306 3056 5319 ·
3095 5288 3242 5351 ὅπως
3266 5287 3614 5359 ὁμοθυμαδὸν
3631 5290 3687 5340 ὲν
3712 5287 3791 5340 ἐνὶ

2214 5378 2494 5449 πνεύματι
2526 5375 2758 5448 δοξασθῇ
2799 5379 2828 5431 ό
2862 5377 2994 5440 Θεὸς
3024 5379 3082 5432 ἐν
3123 5376 3204 5448 τῷ
3235 5376 3449 5449 σώματι
3483 5381 3580 5434 καὶ
3621 5382 3679 5434 ὲν
3711 5376 3790 5448 τῷ

2220 5471 2495 5543 πνεύματι
2535 5469 2716 5542 ἡμῶν.
2761 5471 2977 5524 Στεῖλον
3001 5472 3082 5535 είς
3113 5472 3206 5526 τὸν
3230 5474 3662 5543 ἀρχιεπίσκοπον
3697 5473 3790 5524 τὸν

2222 5564 2383 5618 καλὸν
2411 5561 2707 5618 Διονύσιον.
2742 5564 3194 5636 Προσαγόρευσον
3223 5564 3313 5620 τὸν
3351 5565 3529 5620 ἁϐὁᾶν
3556 5567 3790 5636 Πέτρον·

597 5687 729 5770 “1-5:
749 5685 907 5741 Rom.
941 5645 1264 5753 ττιιιῶὕρϐ.
1320 5682 1363 5715 ⁸³
1388 5681 1431 5738 ll
1463 5681 1590 5740 Cor.
1629 5701 1667 5750 ι,
1701 5683 1754 5740 8.
1817 5683 1860 5716 ⁸³
1901 5682 2096 5756 Philip.

2218 5683 2288 5740 39.
2347 5684 2392 5716 “
2419 5682 2463 5739 ll
2485 5679 2610 5739 Cor.
2637 5682 2828 5748 vut,2.
2890 5683 2932 5716 ⁵⁵
2962 5683 3128 5740 llebr.
3172 5701 3288 5750 xm,
3321 5685 3407 5741 Η.
3487 5685 3788 5770 “Philipp.

533 5771 592 5820 ll,
618 5753 671 5819 9.,
699 5755 752 5809 3.
