4054 6364
251 326 392 391 1145
1446 315 1568 377 ΕΡΙ
1580 313 1852 375 S'I‘OLAF

1924 315 1996 374 [Μ
2054 314 2203 375 LIB.
2240 314 2326 374 II.
3384 316 3525 385 1146

239 440 338 493 τὸν
379 434 560 491 assa»
598 430 864 502 ἰγνάτιον
882 447 895 462 ·
943 428 1039 483 καὶ
1082 428 1177 484 τὸν
1227 427 1406 483 άσὸἄν
1454 426 1656 496 Τιθόην
1676 441 1691 457 ο
1739 425 1836 478 uel.

1939 425 2144 488 batem,
2181 431 2236 479 et
2279 421 2517 478 Titboen
2558 424 2836 490 abbatem,
2870 434 2926 481 et
2964 426 3195 482 ostende
3238 426 3344 484 illis
3384 431 3528 486 hanc

240 530 524 596 ὑπόδειξον
563 527 749 588 αὐτοῖς
797 524 862 578 τὸ
914 523 1174 595 γράμμα.
1212 521 1337 576 Ἔτι
1384 516 1679 590 ὲτοιμάζου
1728 516 1830 569 σὺν

1933 514 2247 585 epistolam.
2291 514 2466 571 Porro
2507 516 2815 588 accingere,
2866 529 2925 573 et
2972 528 3195 589 paratus
3236 526 3356 575 esto
3400 536 3525 576 cum

235 624 353 684 τοῖς
395 620 607 680 λοιποῖς
637 655 655 680 ,
705 616 801 669 καὶ
848 614 1088 685 μάλιστα
1119 615 1235 676 τοῖς
1264 610 1788 683 προγεγραμμένοις
1812 624 1829 640 ·

1937 608 2175 673 caeteris,
2216 615 2276 663 et
2300 623 2425 663 cum
2456 608 2525 663 iis
2554 609 2790 663 maxime
2820 625 2959 679 quos
2987 609 3184 680 scripsi
3212 624 3231 665 :
3261 612 3521 681 quoniam

238 714 327 767 ὅτι
383 711 495 765 τῶν
556 707 791 779 ἐγγύθεν
846 706 1008 777 ήμῶν
1052 703 1484 773 ὀλισθησάντων,
1532 702 1634 755 οῦκ
1682 699 1834 754 ἔστιν

1936 714 2063 755 cum
2098 700 2235 770 lapsi
2277 699 2391 754 sint
2423 700 2517 770 qui
2561 701 2721 755 nobis
2753 701 2922 756 vicini
2966 711 3144 767 erant,
3179 701 3296 757 ﬁeri
3337 706 3531 775 nequit

238 806 394 876 ἡμᾶς
427 800 601 875 ﬂag.
635 800 762 855 cod.
797 796 982 869 ὑμᾶς]
1012 796 1244 865 ὲαθῆναι
1275 793 1368 848 ὑπ’
1397 793 1580 848 αὐτῶν
1609 792 1835 846 ἐκείνων

1939 801 2003 847 ut
2029 793 2405 863 relinquamur
2451 794 2521 848 ab
2557 793 2664 848 illis
2690 793 2822 863 ipsis
2848 793 3036 849 delati.
3081 792 3184 849 Det
3210 804 3391 851 autem
3422 798 3531 851 Do-

240 894 784 963 ἑνδιασαλλομένους.
816 890 943 959 Δοίη
991 887 1052 942 δὲ
1099 884 1313 959 Κύριος
1360 884 1575 947 σθένος,
1608 882 1836 954 κράτος,

1943 884 2130 941 minus
2152 885 2311 941 vobis
2331 886 2497 949 vires,
2523 886 2709 952 robur,
2741 885 3102 952 intellectum,
3133 886 3378 951 oculum,
3401 903 3534 957 pru-

240 986 391 1050 νοῦν,
438 983 745 1055 ὀφθαλμὸν,
804 980 1047 1047 σύνεσιν,
1097 978 1211 1033 πᾶν
1268 976 1455 1031 ὁτιοῦν
1511 974 1576 1029 εῦ
1624 973 1838 1045 πρᾶξαι

1940 976 2210 1043 dentiam,
2237 978 2422 1033 omnia
2451 986 2604 1034 recte
2630 993 2792 1049 agere
2822 977 2878 1031 in
2921 979 3185 1034 honorem
3214 986 3270 1034 et
3304 977 3531 1050 gloriam

243 1078 393 1147 ὑμᾶς
435 1078 516 1138 εἰς
553 1075 777 1129 ιπαινον
819 1070 916 1127 καὶ
962 1070 1124 1138 δόξαν
1151 1065 1429 1139 Χριστοῦ·
1459 1066 1539 1129 είς
1571 1062 1839 1135 καύχημα

1942 1067 2170 1134 Christi,
2211 1069 2281 1124 ad
2314 1069 2532 1125 laudem
2572 1084 2752 1125 meam
2795 1077 2853 1125 et
2879 1069 3264 1141 gloriationem
3294 1079 3531 1126 vestram

242 1170 382 1241 ἐμόν
402 1184 415 1199 ⁸
449 1169 531 1232 είς
584 1166 743 1231 κλέος
775 1164 932 1235 ὑμῶν
956 1161 1199 1218 αἰώνιον.
1232 1156 1750 1232 Προσαγορεύουσιν
1787 1153 1841 1207 οι

1940 1163 2358 1231 sempiternam.
2409 1162 2661 1218 Salutant
2689 1163 2784 1233 qui
2816 1178 3034 1219 mecum
3074 1173 3206 1220 sunt
3246 1173 3532 1235 utrosque.

243 1260 499 1324 συνόντες
553 1275 647 1330 μοι
699 1255 1067 1328 ἀμφοτέρους.
1110 1252 1170 1308 '0
1214 1249 1452 1323 Χριστὸς
1496 1245 1618 1318 μεθ’
1658 1245 1837 1316 ὑμῶν.

1833 1284 1837 1296 ι
1940 1250 2200 1308 Christus
2228 1253 2533 1310 vobiscum.
2568 1255 2765 1310 Amen.
3432 1264 3434 1267 ’

224 1346 227 1353 ’
255 1348 461 1421 ’Δμήν.

762 1479 871 1535 lA'.
900 1505 973 1517 —
1009 1470 1096 1541 Τῷ
1121 1470 1304 1539 αὐτῷ.
1332 1468 1464 1544 [ρνδ’
1471 1467 1513 1542 ,1

1369 1467 1513 1542 ρνδ’
2527 1474 2623 1533 XI.
2651 1508 2725 1518 —
2758 1475 2970 1537 Eidem.

911 1594 989 1645 De
1014 1590 1330 1655 quibusdam,
1353 1589 1442 1653 qui
1472 1587 1602 1651 lapsi
1631 1588 1798 1646 erant,
1830 1585 2154 1648 recipiendis.
2200 1588 2399 1651 (θοι-οη.
2427 1603 2508 1641 an.
2546 1591 2660 1651 816,
2697 1607 2748 1644 n.
2770 1592 2878 1656 16.)

322 1708 487 1779 Παρά
506 1703 846 1778 προσδοκίαν
879 1696 1021 1757 εἶδον
1050 1700 1124 1754 τὰ
1154 1696 1465 1769 γράμματά
1497 1712 1620 1761 σου,
1646 1693 1839 1748 τέκνον
1867 1695 1915 1754 Β

2012 1692 2224 1751 Praeter
2256 1699 2746 1769 exspectationem,
2795 1699 2995 1757 dilecte
3035 1700 3134 1768 ﬁli,
3168 1702 3377 1759 litteras
3415 1712 3535 1759 tua:

247 1800 632 1872 ἠγαπημένον,
682 1797 781 1851 καὶ
826 1795 955 1858 τοὺς
1006 1790 1303 1861 ἀδελφούς·
1331 1790 1395 1843 οὺ
1424 1788 1557 1858 γάρ,
1589 1786 1667 1850 ὡς
1703 1799 1843 1856 προ-

1946 1795 2006 1842 et
2035 1787 2235 1845 fratres
2259 1790 2395 1845 vidi.
2438 1789 2561 1846 Non
2586 1793 2754 1857 enim,
2784 1801 2843 1847 ut
2868 1801 3027 1849 antea
3050 1796 3403 1865 scripseram,
3437 1813 3535 1851 us-

250 1892 507 1964 ἔγραψα,
545 1890 783 1959 ἐπέσχες
825 1886 988 1958 μέχρι
1034 1880 1441 1953 Σεπτεμϐρίου.
1494 1878 1638 1933 Ἀλλ’
1689 1877 1843 1946 ὅμως

1948 1896 2058 1950 que
2088 1881 2158 1937 ad
2200 1884 2583 1953 Septembrem
2622 1884 2908 1941 distulisti.
2940 1885 3215 1942 Caeterum
3254 1890 3537 1958 amplexus

250 1986 606 2055 ἀπεδεξάμην
643 1997 738 2035 σου
777 1979 840 2032 τὺ
885 1975 1193 2049 πρόθυμον,
1230 1974 1296 2027 τδ
1323 1974 1429 2037 οῦκ
1472 1969 1705 2026 ἀνεκτὸν
1742 1968 1844 2037 τῆς

1946 1989 2069 2030 sum
2113 1975 2450 2031 alacritatem
2500 1986 2668 2044 tuam,
2710 1978 3035 2034 charitatem
3064 1995 3176 2035 non
3229 1981 3536 2047 remissam,

250 2078 512 2147 ἀγάπης,
565 2074 628 2127 τὸ
672 2070 941 2141 διάπυρον
993 2065 1092 2121 τοῦ
1136 2065 1346 2132 πόθου,
1396 2063 1460 2117 τὸ
1499 2062 1627 2134 περὶ
1665 2060 1847 2115 πάντα

1946 2066 2149 2121 ardens
2205 2068 2583 2136 desiderium,
2660 2070 2715 2124 in
2768 2071 3029 2126 omnibus
3079 2072 3338 2142 pietatem
3409 2089 3536 2146 erga

254 2168 536 2240 φιλόθεονο
566 2162 867 2235 προσθείην
893 2159 941 2215 δ’
972 2159 1041 2215 ἂν
1082 2160 1179 2213 καὶ
1207 2156 1595 2228 φιλοπάτριον.
1634 2153 1706 2206 Σύ
1740 2166 1843 2219 μου

1947 2155 2143 2223 Deum,
2185 2158 2495 2215 addiderim
2521 2162 2687 2217 etiam
2726 2179 2854 2235 erga
2887 2174 3125 2235 patrem.
3156 2163 3238 2220 Tn
3269 2165 3453 2221 latitia
3483 2176 3538 2221 et

255 2262 407 2333 χαρά
435 2259 531 2313 καὶ
561 2253 920 2328 παραμύθιον
942 2268 959 2285 θ
1015 2249 1081 2305 σύ
1137 2267 1239 2321 μου
1280 2251 1337 2304 ὲν
1387 2246 1579 2320 Κυρίῳ
1615 2248 1674 2299 ὲν
1709 2244 1846 2297 πᾶσι

1946 2250 2255 2306 consolatio
2284 2266 2406 2306 mea
2438 2271 2452 2307 :
2498 2262 2557 2307 tu
2588 2271 2771 2310 meum
2805 2256 2860 2310 in
2893 2257 3153 2312 omnibus
3188 2258 3447 2328 periculis
3481 2269 3539 2313 et

256 2357 369 2418 τοῖς
406 2350 673 2413 κινδύνοις
707 2348 804 2403 καὶ
834 2346 1082 2416 θλίψεσιν
1110 2344 1360 2414 ἒδρασμα
1380 2382 1395 2408 ,
1427 2341 1526 2395 καὶ
1572 2338 1845 2407 στέφανος

1948 2340 2399 2399 tribulationibus
2423 2344 2828 2400 ﬁrmamentum
2859 2348 2913 2401 in
2940 2346 3173 2403 Domino
3205 2357 3258 2404 et
3296 2350 3538 2404 exsulta-

257 2434 624 2519 καυχήσεως,
658 2442 799 2515 μετά
846 2441 1068 2495 πάντων
1100 2437 1208 2492 τῶν
1253 2434 1538 2490 συνάθλων
1580 2449 1675 2486 σου
1696 2448 1709 2462 ο
1750 2430 1848 2485 καὶ

1948 2432 2117 2489 tionis
2141 2448 2367 2503 corona,
2402 2452 2527 2492 cum
2560 2440 2925 2493 certaminum
2962 2450 3183 2495 tuorum
3217 2441 3384 2496 sociis
3414 2442 3539 2496 uni-

258 2542 369 2613 πρδ
396 2540 616 2595 πάντων
646 2531 904 2603 ἀδελφῶν
931 2534 965 2604 ἡ
975 2530 1093 2604 μῶν
1138 2531 1197 2583 ὲν
1228 2525 1454 2601 Χριστῷ
1497 2524 1674 2597 Ἰησοῦ
1695 2564 1711 2590 ,
1751 2523 1850 2577 καὶ

1948 2526 2145 2591 versis,
2183 2542 2297 2597 prae
2336 2529 2597 2583 omnibus
2626 2529 2833 2584 nostris
2865 2530 2919 2584 in
2947 2530 3170 2585 Christo
3195 2529 3326 2586 Jesu
3353 2532 3541 2586 fratri-

256 2633 489 2688 τέκνων.
523 2628 617 2683 Διὸ
649 2628 746 2681 καὶ
786 2624 987 2699 χαίρω,
1027 2619 1271 2689 εὐλογῶν
1312 2618 1407 2671 τὸν
1440 2617 1575 2670 θεὸν
1602 2614 1697 2669 τοῦ
1730 2616 1848 2668 Πα-

1948 2616 2054 2671 bus
2085 2626 2143 2673 et
2189 2619 2336 2674 ﬁliis.
2372 2618 2639 2685 Quocirca
2686 2632 2740 2675 et
2786 2621 2946 2677 laetor
2993 2621 3314 2693 plurimum,
3369 2624 3537 2679 Deum

257 2724 390 2795 τρός
428 2737 529 2793 μου
549 2736 565 2752 ⁸
609 2719 694 2773 ὅτι
719 2715 924 2787 ύγιάζῃ
953 2714 1102 2784 ψυχῇ
1135 2711 1235 2766 ml.
1265 2708 1511 2781 σώματι·
1544 2705 1720 2771 οὕτως
1744 2703 1851 2760 ὑπὸ

1949 2708 2127 2765 Patris
2154 2712 2265 2766 mei
2308 2711 2562 2777 laudans,
2608 2713 2754 2783 quod
2798 2715 2986 2769 animo
3034 2724 3089 2770 et
3130 2730 3362 2786 corpore
3391 2727 3540 2773 recte

258 2812 398 2867 Θεοῦ
425 2806 879 2879 οἰκονομηθέντος
907 2799 1052 2857 εἶναι
1080 2818 1142 2855 os
1179 2801 1381 2871 ἄφετον
1405 2801 1470 2853 ὲκ
1491 2796 1733 2888 δεσμῶνξ
1757 2795 1848 2888 ῖνα

1950 2802 2148 2859 vales:
2206 2804 2319 2859 Deo
2360 2805 2439 2860 sic
2487 2806 2671 2862 omnia
2743 2805 3089 2877 disponente,
3171 2818 3230 2863 ut
3297 2820 3352 2863 tu
3416 2810 3539 2863 vin-

258 2905 393 2967 τοὺς
433 2905 492 2957 ἒν
506 2888 747 2971 τεσμοϊς
791 2895 1022 2967 ἀλείφῃς
1046 2935 1063 2959 ,
1093 2894 1225 2957 τοὺς
1255 2889 1569 2961 ἀφεμένους
1613 2886 1850 2941 συνδέων

1951 2893 2093 2949 culis
2152 2895 2364 2951 solutus
2405 2895 2594 2963 fueris,
2629 2914 2738 2968 quo
2760 2898 2881 2954 illos
2900 2898 2992 2970 qui
3016 2900 3072 2956 in
3128 2900 3362 2955 vinculis
3412 2909 3543 2957 sunt

261 2993 663 3067 ὲπιστηρίζοις.
700 2992 765 3045 ’0
801 2990 897 3043 καὶ
928 2989 1109 3051 ποιεῖς
1135 2986 1322 3058 χάριτι
1348 2982 1587 3056 Χριστοῦ
1608 3020 1624 3047 ,
1665 2997 1849 3051 παρα-

1952 2986 2225 3052 subleves,
2304 3003 2401 3043 eos
2457 3002 2643 3045 autem
2714 2991 2807 3060 qui
2867 2992 3033 3047 soluti
3111 3002 3242 3047 sunt
3305 2992 3541 3062 conjun-

261 3088 471 3153 καλῶν,
505 3083 798 3147 νουθετῶν,
832 3077 1332 3151 παραμυθούμενος
1363 3076 1461 3129 ἕνα
1489 3073 1848 3135 ἓκαστον.Ὢ;

1952 3078 2130 3149 gendo
2175 3079 2489 3136 conﬁrmes.
2545 3080 2704 3147 Quod
2737 3082 2959 3153 quidem
3009 3081 3144 3138 facis
3192 3097 3291 3155 per
3338 3082 3543 3138 Christi

261 3166 481 3250 ἀληθῶς
507 3175 640 3231 Θεοῦ
679 3176 987 3244 οἰκονόμος.
1030 3170 1236 3241 Δέομαι
1285 3166 1381 3221 οὖν
1415 3166 1547 3220 αὐτὸ
1572 3164 1734 3220 τοῦτο
1774 3164 1853 3236 μὴ

1953 3172 2204 3242 gratiam,
2230 3188 2677 3245 unumquemque
2706 3176 3030 3239 adhortans,
3061 3175 3386 3242 admonens,
3414 3192 3547 3231 con-

263 3273 526 3327 ὲκκακεῖν
573 3265 906 3341 ἐργάζεσθαί
967 3281 1027 3318 σε
1085 3265 1165 3327 εἱς
1221 3262 1381 3327 δόξαν
1436 3256 1714 3332 Χριστοῦ,
1772 3257 1853 3320 είς

1953 3263 2174 3332 solans,
2233 3270 2495 3336 tanquam
2547 3273 2714 3323 verus
2768 3267 2865 3322 Dei
2920 3267 3288 3338 dispensator.
3346 3267 3549 3323 Precor

263 3364 624 3437 περιποίησιν
675 3362 951 3433 σωτηρίας
992 3375 1126 3425 σου,
1174 3360 1254 3421 εἰς
1302 3354 1568 3427 καύχημα
1613 3353 1739 3424 ἐμοὶ
1773 3350 1854 3423 τῷ

1954 3352 2120 3424 igitur
2178 3370 2251 3411 ne
2294 3357 2485 3411 animo
2533 3357 2759 3413 deﬁcias
2817 3357 2949 3413 illud
2995 3357 3174 3428 ipsum
3222 3358 3433 3429 agendo
3478 3358 3546 3414 ad

262 3436 603 3529 ἠπορημένῳ
630 3456 688 3509 ὲν
714 3451 979 3507 παντιοῦν
1013 3450 1225 3521 ἀγαθῷ.
1273 3449 1444 3520 Πλὴν,
1494 3446 1692 3517 άδελφὲ
1717 3485 1733 3510 ,
1770 3446 1853 3500 ὅτι

1989 3443 2159 3499 ὶιπίειὶ
2209 3445 2474 3517 gloriam,
2526 3447 2593 3502 ad
2643 3448 2836 3504 salutis
2885 3457 2991 3504 tua:
3039 3447 3427 3510 assertionem.
3480 3436 3590 3503 ad.

262 3549 370 3603 ούκ
404 3549 484 3612 είς
512 3547 669 3601 κενὸν
693 3544 1006 3616 ὲδράμομεν
1037 3543 1133 3597 καὶ
1159 3541 1432 3613 τρέχομεν
1464 3540 1632 3593 πάλαι
1668 3554 1730 3592 τε
1758 3540 1857 3592 καὶ

1954 3549 2158 3604 meam,
2189 3537 2281 3606 qui
2314 3538 2692 3610 cujuscunque
2726 3540 2859 3595 boni
2889 3556 3011 3595 sum
3050 3538 3232 3610 inops,
3269 3537 3550 3610 gloriatio-

264 3640 400 3695 νῦνο
447 3638 555 3692 οὐδ’
604 3639 685 3701 εἰς
733 3636 893 3690 κενὸν
946 3633 1259 3705 κοπιῶμενο
1297 3632 1442 3703 ὑπὲρ
1471 3629 1711 3702 Χριστοῦ
1745 3631 1855 3700 γάρ

1956 3643 2105 3683 nem.
2139 3627 2406 3694 Tametsi,
2440 3630 2630 3695 frater,
2662 3648 2774 3687 non
2806 3632 2861 3686 in
2892 3649 3127 3687 vacuum
3154 3631 3285 3686 olim
3316 3647 3552 3687 concur-

266 3732 368 3786 καὶ
400 3730 490 3783 διὰ
528 3727 763 3801 Χριστὸν
794 3725 937 3798 ὑπὲρ
965 3718 1027 3778 οῦ
1057 3725 1122 3779 τὸ
1162 3723 1421 3794 πάσχειν,
1453 3722 1677 3793 πάσχα·
1713 3720 1857 3792 ὑπὲρ

1956 3722 2153 3785 rimus,
2184 3737 2364 3794 neque
2390 3725 2455 3779 in‘
2487 3740 2722 3780 vacuum
2763 3725 3114 3792 laboramus;
3148 3725 3416 3795 siquidem
3450 3740 3551 3796 pro

265 3816 331 3876 οῦ
353 3822 417 3875 τδ
444 3819 757 3883 λυπεῖσθαι,
776 3819 944 3890 χαρά.
961 3817 1145 3885 Εἵπερ
1171 3815 1644 3886 συμπάσχομεν,
1666 3813 1856 3884 φησὶν,

1956 3814 2180 3871 Christo
2226 3824 2284 3870 et
2331 3832 2429 3886 per
2481 3816 2789 3883 Christum,
2846 3834 2948 3889 pro
2995 3834 3104 3889 quo
3151 3817 3356 3887 aliquid
3412 3817 3550 3887 pati,

268 3917 374 3970 Ira
401 3915 500 3969 καὶ
530 3909 1066 3979 συνδοξασθῶμεν.
1096 3906 1408 3978 Λογίζομαι
1452 3909 1565 3975 τὰρ
1611 3906 1701 3961 ὅτι
1744 3904 1857 3958 οὐκ

1958 3909 2161 3979 pascha
2196 3918 2315 3963 est:
2353 3925 2453 3980 pro
2490 3925 2601 3979 quo
2626 3909 2853 3973 tristari,
2886 3909 3096 3965 laetitia.
3132 3909 3191 3965 Si
3219 3909 3377 3964 modo
3408 3926 3552 3963 com-

268 4008 413 4072 ᾶξια
464 4007 538 4059 τὰ
583 4003 904 4072 παθήματα
961 4000 1070 4054 τοῦ
1121 3998 1239 4053 νῦν
1285 3995 1495 4067 καιροῦ
1540 3996 1692 4064 πρὸς
1742 3992 1860 4061 τὴν

1959 4000 2228 4068 patimur,
2282 4000 2489 4071 inquit,
2551 4010 2608 4056 ut
2663 4012 2712 4055 et
2765 4001 3237 4073 congloriﬁcemur.
3290 4002 3552 4057 Existimo

265 4098 628 4170 μέλλουσαν
694 4092 884 4158 δόξαν
946 4088 1461 4161 ἀποκαλυφθῆναι
1523 4092 1614 4157 είς
1676 4087 1857 4159 ἡμᾶς.

1960 4092 2101 4146 enim
2136 4092 2275 4161 quod
2312 4108 2416 4145 non
2448 4102 2569 4147 sunt
2606 4094 2878 4165 condigna:
2923 4095 3190 4164 passiones
3218 4094 3377 4164 hujus
3417 4104 3552 4148 tem-

270 4191 388 4244 Καὶ
424 4185 675 4248 εἰκότως.
732 4183 798 4237 Ἥ
830 4182 942 4255 γάρ
974 4181 1211 4236 ἐνταῦθα
1246 4179 1527 4250 σύνθλιψις
1552 4219 1569 4245 ,
1599 4179 1860 4233 ὁποιαοῦν

1960 4183 2105 4255 poris
2136 4183 2206 4236 ad
2236 4184 2475 4255 futuram
2504 4184 2729 4255 gloriam
2761 4201 2878 4255 qua:
2905 4185 3219 4239 revelabitur
3238 4186 3289 4240 in
3319 4186 3464 4240 nobis
3486 4187 3550 4241 ⁸⁷.

273 4280 513 4352 σκιώδης
540 4279 636 4334 καὶ
657 4277 954 4349 ὀνειρώδης
977 4290 992 4307 ⁸
1023 4276 1058 4347 ή
1084 4275 1143 4330 δὲ
1169 4276 1348 4328 ἐκεῖσε
1372 4272 1722 4344 ἅντάμειψις,
1746 4270 1861 4345 ζωὴ

1962 4271 2030 4327 Et
2054 4272 2273 4330 merito.
2312 4272 2443 4328 Istic
2467 4274 2615 4329 enim
2644 4273 2869 4330 alllictio
2896 4275 3317 4346 qualiscunque,
3336 4260 3555 4331 ‘umbre

274 4375 588 4445 ἀπέραντος
623 4370 761 4443 μετά
798 4368 959 4439 δόξης
1000 4365 1242 4422 αἰωνίου.
1290 4365 1385 4438 Μὴ
1433 4361 1528 4419 οὖν
1563 4368 1855 4434 ἐπαισχυν-

1962 4374 2019 4421 et
2049 4366 2265 4421 somnio
2296 4366 2493 4421 similis
2522 4386 2539 4421 :
2570 4366 2682 4424 illic
2723 4376 2911 4423 autem
2945 4366 3343 4437 compensatio,
3380 4368 3554 4423 inter-

276 4466 486 4536 θῶμεν,
512 4456 558 4517 ὦ
586 4462 797 4526 τέκνον,
825 4459 887 4513 τδ
921 4458 1096 4529 παρὸν
1129 4456 1431 4529 μαρτύριον
1452 4473 1467 4488 θ
1508 4454 1604 4509 τοῦ
1648 4455 1856 4526 Κυρίου

1958 4458 2169 4514 minata
2202 4458 2316 4514 vita
2355 4475 2480 4517 cum
2517 4459 2688 4533 gloria
2718 4461 3074 4531 sempiterna.
3109 4460 3227 4514 Non
3267 4460 3557 4514 erubesca-

274 4560 391 4632 γάρ
441 4560 583 4612 ἐστι.
618 4554 814 4609 Πολλοὶ
855 4552 1219 4622 ἐπεθύμησαν
1250 4552 1311 4618 ἐξ
1356 4540 1579 4620 ἀγάπης
1619 4546 1859 4621 Χριστοῦ

1962 4567 2079 4607 tuus
2094 4567 2241 4624 ergo,
2260 4552 2354 4617 ﬁli,
2367 4569 2609 4625 praesens
2628 4554 3032 4609 testimonium:
3052 4553 3266 4606 Domini
3284 4551 3430 4606 enim
3448 4559 3554 4611 est.

272 4650 435 4707 τοῦτο
466 4648 625 4702 ίδεῖν·
658 4644 775 4701 ἀλλ’
814 4645 915 4697 οὐκ
962 4643 1260 4713 ἐπέτυχονο
1296 4643 1461 4712 ἡμεῖς
1498 4641 1555 4694 δὲ
1583 4638 1860 4711 κατηξιώ-

1957 4642 2112 4699 Multi
2131 4660 2242 4715 prae
2274 4644 2476 4700 Christi
2504 4661 2689 4701 amore
2726 4645 2857 4700 illud
2874 4645 3060 4701 videre
3090 4639 3557 4714 optaverunt,sed

275 4742 442 4813 μεθα.
475 4738 541 4793 Τί
587 4735 775 4800 τοῦτο;
812 4734 955 4805 ὑπὲρ
1002 4731 1167 4786 αὑτοῦ
1211 4733 1482 4804 πάσχειν⁶
1533 4730 1858 4785 διώκεσθαιο

1960 4736 2103 4792 nacti
2123 4752 2233 4791 non
2253 4744 2415 4791 sunt:
2440 4752 2541 4792 nos
2566 4744 2749 4792 autem
2772 4737 2924 4809 digni
2960 4736 3131 4790 habiti
3159 4748 3371 4789 sumus.
3393 4730 3560 4800 Quid-

274 4830 781 4906 αἰχμαλωτίζεσθαι
801 4844 814 4858 ο
838 4825 1233 4896 φυλακίζεσθαι
1256 4841 1269 4856 °
1297 4827 1363 4878 ὲκ
1392 4822 1561 4878 τόπου
1583 4825 1664 4886 εἰς
1692 4822 1856 4877 τόπον

1963 4845 2088 4884 nam
2106 4828 2264 4884 illud?
2282 4845 2379 4900 pro
2396 4830 2516 4901 ipso
2526 4830 3253 4901 pati,vexari,captivitatem
3267 4844 3332 4882 ac
3344 4825 3558 4881 vincula

273 4923 721 4997 περιορίζεσθαι·
770 4920 805 4993 ἢ
835 4921 979 4991 τάχα
1014 4918 1109 4974 καὶ
1141 4917 1441 4971 τύπτεσθαι
1461 4934 1476 4949 ·
1508 4916 1735 4987 θέατρον
1773 4916 1859 4985 γί-

1965 4921 2523 4985 sustinere,delocoin
2541 4922 2718 4978 locum
2736 4922 2992 4993 pelli,aut
3005 4920 3249 4976 fortassis
3259 4918 3427 4973 etiam
3446 4933 3565 4973 ver-

274 5019 468 5075 νεσΘαι
498 5017 592 5071 καὶ
614 5013 870 5084 ἀγγέλοις
896 5012 991 5066 καὶ
1013 5009 1345 5081 ἀνθρώποις.

1967 5013 2169 5077 berari.
2201 5015 2575 5084 spectaculum
2618 5015 2812 5070 ﬁeriet
2833 5014 3040 5086 angelis
3084 5022 3140 5068 et
3160 5011 3562 5067 hominibus“.

349 5113 416 5166 El
448 5111 506 5164 δὲ
530 5110 613 5163 ὅτι
644 5107 741 5161 καὶ
766 5106 829 5160 τὸ
856 5105 1030 5175 ὄνομα
1069 5102 1228 5174 ἡμῶν
1266 5101 1343 5166 ὡς
1393 5101 1633 5173 πονηρὸν
1674 5098 1863 5168 ὲξὲϐαυ

2046 5106 2203 5172 Quod
2231 5106 2274 5160 si
2302 5116 2355 5162 et
2373 5123 2571 5164 nomen
2590 5116 2840 5163 nostrum
2859 5107 3142 5177 cjecerunt
3156 5120 3412 5174 tanquam
3446 5096 3578 5157 ma?

275 5206 394 5266 λον,
410 5197 906 5271 άναθεματίζοντες
927 5196 1033 5267 ἰδίᾳ
1060 5211 1121 5249 τε
1142 5194 1239 5247 καὶ⁸
1276 5193 1514 5265 δημοσίᾳ
1536 5194 1632 5246 σὺν
1655 5191 1860 5261 άγίοιςο

1965 5195 2100 5263 lum,
2168 5198 2694 5256 anathematizantes
2758 5198 3009 5270 privatim
3060 5206 3115 5253 et
3168 5197 3386 5268 publice
3432 5209 3559 5250 cum

277 5292 382 5345 οὐκ
418 5289 496 5343 ἔνι
531 5288 711 5359 χαράς
756 5288 857 5340 οὐκ
895 5286 976 5338 ἔνι
1010 5285 1273 5356 σκιρτᾷνς
1313 5279 1468 5348 Οἶδα,
1515 5282 1731 5346 τέκνον,
1778 5281 1868 5335 τὸν

1967 5286 2177 5341 sanctis
2209 5305 2223 5350 ;
2252 5303 2437 5344 nonne
2465 5291 2720 5361 gaudium
2740 5291 2859 5345 est?
2879 5304 3065 5344 nonne
3097 5287 3223 5341 licet
3247 5283 3566 5341 exsultare?

283 5380 640 5453 μακαρισμὸν
694 5380 925 5453 Κυρίου.
987 5377 1213 5441 Τούτοις
1288 5377 1385 5430 καὶ
1441 5376 1603 5439 αὐτὸς
1659 5374 1867 5448 γήθου·

1966 5375 2103 5433 Novi
2133 5395 2258 5450 ego,
2293 5382 2389 5445 ﬁli,
2423 5382 2819 5438 beatitudinem
2850 5398 2883 5437 a
2916 5380 3147 5436 Domino
3187 5377 3559 5447 prxdicatam.

280 5476 489 5548 τέρπου
531 5475 630 5527 σὺν
677 5473 821 5535 ὅλοις
861 5471 1091 5533 τέκνοις.
1126 5467 1310 5539 Ὑμεῖς
1345 5468 1456 5538 γάρ
1496 5470 1638 5523 ἐστε
1696 5467 1871 5539 σῶμα

1973 5469 2057 5524 Tu
2093 5487 2312 5545 quoque
2362 5474 2432 5529 ob
2464 5474 2579 5529 haec
2636 5474 2820 5530 lactare
2857 5499 2869 5528 ;
2912 5474 3085 5545 gaude
3128 5487 3253 5525 cum
3287 5468 3562 5523 universis

283 5567 579 5639 Χριστοῦ,
615 5566 716 5621 καὶ
741 5565 900 5637 μέλη
938 5563 1010 5620 ἐκ
1042 5563 1288 5635 μέρους.
1324 5562 1433 5617 Καὶ
1482 5563 1601 5618 εἴτε
1641 5562 1865 5634 πάσχει

1976 5563 2143 5620 ﬁliis:
2186 5566 2278 5621 Vos
2314 5568 2451 5621 enim
2500 5567 2622 5622 estis
2663 5582 2848 5637 corpus
2892 5564 3085 5623 Christi
3125 5572 3173 5617 et
3228 5561 3455 5617 membra
3497 5575 3566 5617 ea:

347 5748 392 5778 ⁸⁷
424 5745 584 5800 Rom.
616 5762 736 5810 \‘lll,
777 5744 863 5809 l7,
902 5742 984 5798 ιε.
1059 5743 1099 5775 ἐ
1127 5742 1259 5799 Luc.
1289 5758 1360 5804 τι,
1382 5742 1470 5796 22.
