4054 6364
30 1145 42 1508 ἰ

30 1513 40 1720 Ι

573 302 711 369 tm
1441 278 1443 280 ’
1773 326 1834 385 s.
1865 326 2259 390 THEUDORI
2309 321 2658 396 εωθιτά
3695 335 3826 402 tua

565 600 740 665 brum,
801 606 1132 674 congaudent
1173 614 1350 668 omnia
1402 618 1634 672 membra
1673 621 1741 674 ".
1785 621 2004 688 Quaare,
2049 624 2146 688 ait,

566 708 689 761 quae
719 703 945 761 restant,
976 709 1156 766 sputa,
1179 704 1457 774 colaphos,
1481 723 1697 764 crucem
1713 712 1951 782 denique
1981 731 1996 768 :
2025 713 2148 769 dul-

566 795 660 835 ces
716 783 848 837 mihi
879 785 1064 841 clavos
1101 788 1323 858 Christi,
1357 795 1554 864 quibus
1597 800 1835 871 cruciﬁgi
1875 817 1998 858 cum
2029 805 2148 874 ipso

566 871 754 939 ecquis
779 874 886 928 erit
901 878 994 952 qui
1017 879 1211 949 dignus
1231 881 1495 940 habeatur
1520 904 1534 940 :
1561 903 1754 945 servus
1771 907 1894 946 cum
1917 871 2147 950 Domino

565 960 754 1018 lancea
782 967 1034 1038 confodi,
1049 973 1368 1042 sanguinem
1396 978 1631 1036 miscens
1653 985 1901 1054 sanguini
1920 1001 1936 1041 :
1960 986 2143 1053 homo,

567 1052 661 1107 Dei
707 1056 987 1114 viventis?
1022 1062 1208 1118 Sancti
1257 1066 1364 1123 hoc
1407 1068 1606 1126 allectu
1640 1052 1809 1142 pleni.
1841 1052 2148 1144 gaudebant

566 1159 690 1200 cum
740 1146 1136 1207 dilaniarentur
1165 1173 1180 1209 :
1213 1158 1521 1228 gestiebant
1547 1177 1672 1216 cum
1717 1167 1960 1222 membra
1987 1183 2144 1226 seca-

567 1244 776 1290 rentur.
810 1241 1045 1296 Advenit
1094 1243 1276 1316 itaque
1322 1259 1378 1305 et
1425 1261 1674 1308 nostrum
1721 1257 2022 1326 gaudium:
2078 1275 2145 1316 ex

566 1335 722 1395 parte
757 1333 948 1388 tentati
1000 1333 1202 1392 fuimus
1230 1357 1244 1395 :
1275 1350 1332 1395 et
1365 1343 1568 1398 utinam
1603 1359 1974 1404 consummata
1999 1361 2146 1407 esset

567 1420 818 1486 tentatio,
880 1425 1048 1494 gratia
1087 1439 1141 1483 et
1171 1430 1504 1504 benignitate
1531 1435 1660 1492 Jesu
1691 1437 1894 1495 Christi
1930 1443 2142 1500 Domini

563 1511 784 1566 nostri!
848 1529 950 1584 per
1000 1521 1230 1588 gratiam
1281 1525 1429 1580 enim
1486 1527 1708 1582 victoria
1768 1533 2046 1604 contingat
2084 1535 2142 1591 in

562 1617 892 1673 quocunque
917 1625 931 1661 :
961 1617 1148 1665 utnon
1176 1612 1434 1682 glorietur
1454 1620 1738 1690 quisquam
1763 1625 1914 1692 quasi
1942 1626 2141 1696 aliquid

563 1707 630 1746 ex
651 1709 711 1748 se
742 1695 942 1753 habeat
973 1715 988 1754 :
1018 1704 1114 1755 sed
1151 1711 1213 1756 ut
1251 1704 1343 1758 Dei
1379 1707 1811 1766 misericordiam
1841 1715 1894 1768 in
1921 1695 2142 1773 Christo

564 1780 697 1836 Jesu
750 1799 1152 1856 consequamur
1181 1807 1279 1861 per
1311 1794 1479 1849 animi
1523 1797 1910 1857 demissionem
1941 1813 1996 1858 et
2026 1806 2144 1861 etli-
2176 1773 2215 1828 Β

563 1887 747 1926 cacem
767 1875 1172 1935 conﬁdentiam.
1191 1881 1368 1954 Siqua
1388 1903 1510 1958 ergo
1531 1893 1816 1948 consolatio
1837 1895 1892 1948 in
1913 1895 2141 1962 Christo.

562 1965 611 2018 si
638 1967 774 2034 quod
800 1968 1050 2025 solatium
1095 1973 1390 2048 charitatis;
1416 1981 1463 2033 si
1491 1999 1596 2051 qua
1638 1987 1860 2040 societas
1901 1988 2044 2056 ﬁdei,
2095 1993 2143 2046 si

564 2073 668 2126 qua
689 2059 884 2113 viscera
903 2077 949 2115 et
970 2065 1350 2133 miserationes,
1371 2071 1579 2140 implete
1594 2078 1849 2145 gaudium
1871 2097 2043 2134 meum
2060 2085 2105 2116 7°
2124 2103 2139 2152 ;

568 2152 628 2196 ut
669 2160 770 2216 ego
813 2148 979 2202 miser
1021 2166 1146 2207 cum
1197 2155 1458 2224 Apostolo
1514 2161 1728 2218 dicam:
1757 2163 1905 2220 Idem
1949 2148 2139 2239 sapite,

565 2238 802 2291 eamdem
887 2241 1198 2298 charitatem
1269 2247 1544 2314 habentes,
1653 2257 1954 2323 unanimes,
2015 2238 2140 2314 fidi-

562 2341 712 2389 psunt
760 2330 1058 2398 sentientes,
1117 2335 1248 2388 nihil
1277 2354 1370 2405 per
1425 2345 1807 2399 contentionem
1860 2363 2024 2419 neque
2049 2367 2142 2420 per

562 2415 774 2470 inanem
814 2419 1040 2488 gloriam
1067 2423 1134 2500 ’,⁸,
1186 2425 1424 2484 invicem
1453 2431 1827 2493 adversantes.
1863 2437 2138 2498 Interdum

562 2507 707 2561 enim
743 2509 796 2564 in
826 2510 891 2566 iis
938 2514 1104 2569 etiam
1133 2533 1254 2586 qua:
1295 2535 1394 2588 pro
1439 2522 1637 2591 pietate
1677 2539 1940 2597 geruntur
1959 2544 2140 2589 certa-

563 2597 802 2653 minibus
831 2603 1120 2671 aucupatio
1151 2605 1449 2674 primarum
1485 2612 1719 2680 partium
1746 2623 1802 2670 et
1835 2618 2138 2686 pervicacia

562 2689 968 2746 contentionem
1001 2695 1235 2765 obrepit.
1276 2697 1384 2754 Vos
1413 2717 1541 2756 vero
1565 2713 1820 2774 tanquam
1859 2709 1948 2762 Dei
1978 2711 2141 2766 mini-

561 2778 702 2845 stri;
738 2796 862 2835 nam
898 2783 950 2838 in
977 2801 1208 2855 persona
1243 2799 1331 2846 tua
1362 2807 1457 2846 eos
1481 2798 1870 2866 comprehendi
1902 2801 2026 2856 volo
2045 2805 2138 2873 qui

561 2878 823 2936 przesunt,
855 2873 1057 2944 quique
1101 2876 1242 2933 hanc
1282 2881 1574 2960 epistolam
1617 2887 1848 2958 legerint
1879 2909 1893 2945 :
1921 2891 2138 2950 Nemini

561 2959 746 3014 dantes
798 2963 964 3018 ullam
1005 2967 1354 3039 oﬁ'ensionem,
1410 2984 1468 3029 ut
1517 2959 1868 3036 ministerium
1909 2993 2138 3040 vestrum

562 3063 666 3100 non
687 3050 784 3116 ﬁat
815 3053 1154 3120 vituperabile
1177 3058 1241 3112 ".

631 3140 706 3194 De
737 3141 842 3197 illis
866 3155 1047 3201 autem
1088 3166 1224 3220 quos
1273 3155 1465 3210 scribis
1496 3158 1625 3212 mihi
1656 3161 1859 3217 erroris
1883 3164 1966 3219 sui
2019 3182 2138 3237 pte-

559 3227 790 3286 nitentia
826 3233 950 3288 duci
985 3256 998 3290 :
1032 3253 1157 3310 erga
1179 3257 1276 3296 eos
1297 3243 1389 3313 qui
1418 3245 1484 3299 de
1508 3261 1737 3318 corpore
1767 3263 1957 3310 nostro
1987 3267 2136 3325 sunt,

560 3323 756 3377 medici
781 3341 992 3394 sumus,
1017 3333 1266 3400 quamvis
1287 3335 1512 3408 indigni.
1534 3338 1704 3405 Quam
1729 3343 1892 3414 igitur
1921 3363 2138 3416 poenam

561 3411 765 3480 Oresti,
794 3418 886 3486 qui
918 3419 985 3474 ad
1025 3437 1126 3476 nos
1159 3424 1267 3479 huc
1297 3430 1463 3492 venit,
1498 3447 1594 3502 per
1622 3411 1818 3490 fratres
1844 3411 2140 3497 indiximus

561 3506 788 3576 (neque
829 3509 974 3565 enim
1008 3517 1304 3572 convenire
1363 3521 1560 3576 multas
1607 3525 1678 3579 ob
1726 3541 1919 3584 causas
1962 3530 2139 3588 visum

561 3607 666 3662 est,
703 3607 761 3653 ut
784 3602 838 3654 in
867 3614 1222 3674 conspectum
1253 3621 1497 3667 nostrum
1529 3615 1970 3694 admitteretur),
1998 3622 2141 3680 hanc

561 3687 810 3741 eamdem
840 3698 896 3744 et
937 3695 1118 3748 caeteri
1144 3697 1486 3768 suscipiant:
1534 3703 1790 3760 nimirum
1825 3718 1884 3764 ut
1936 3711 2140 3766 sanctis

561 3781 836 3848 mysteriis
887 3799 996 3837 non
1027 3788 1353 3858 participem
1389 3809 1402 3859 ;
1444 3809 1550 3848 una
1575 3811 1699 3850 cum
1726 3799 1848 3854 aliis
1873 3801 2138 3857 observa-

562 3871 823 3928 tionibus.
863 3875 1155 3948 Quousque
1190 3881 1451 3937 tandem?
1485 3901 1662 3955 rogas.
1713 3888 1899 3954 Quoad
1944 3895 2138 3949 ortho-

559 3961 714 4017 doxze
735 3963 856 4018 ﬁdei
887 3969 1249 4036 tranquillitas
1287 3973 1490 4029 redeat.
1516 3975 1570 4029 Si
1595 3993 1740 4033 mors
1770 3981 2093 4042 interveniat
2119 4025 2136 4052 ,

559 4052 758 4121 inquit,
822 4060 1248 4116 communicent.
1308 4063 1618 4121 Remissum
1683 4068 1792 4125 illis
1848 4083 2134 4142 peccatum

559 4143 906 4202 arbitramur.
963 4151 1117 4214 Quod
1156 4167 1285 4206 vero
1329 4153 1670 4226 signiﬁcasti,
1713 4175 1809 4215 vos
1851 4161 1919 4216 de
1952 4163 2054 4220 hac
2081 4175 2136 4221 et

559 4232 648 4287 illa
680 4249 738 4289 re
768 4235 911 4290 inter
938 4254 1032 4292 vos
1047 4239 1343 4296 dissidere:
1369 4245 1537 4300 tollite
1553 4250 1882 4316 quaestiones
1902 4264 2132 4321 vestras,

564 4333 619 4378 et
655 4336 899 4382 mutuam
943 4345 1130 4398 pacem
1171 4329 1445 4390 habetote.
1485 4335 1603 4391 Non
1643 4339 1784 4394 sicut
1826 4341 1878 4396 hi
1929 4345 2020 4414 qui
2062 4347 2131 4402 ab

551 431 738 486 parte.
766 417 837 474 Et
880 421 928 476 si
971 425 1099 494 quid
1140 428 1344 496 patitur
1381 445 1544 488 unum
1571 434 1886 500 membrum,
1934 455 2139 510 compa-

2247 441 2318 495 ἓν
2338 443 2551 511 μέλος,
2583 442 2935 514 συμπάσχει
2963 443 3162 500 πάντα
3189 446 3260 500 τὰ
3279 445 3436 515 μέλη
3461 461 3478 478 ·
3506 446 3633 501 αἵτε
3659 445 3824 511 δοξά-

567 511 771 564 tiuntur
805 514 982 566 omnia
1037 519 1270 574 membra
1298 536 1319 578 ε
1347 523 1456 579 sive
1493 525 1754 596 gloriatur
1779 544 1944 583 unum
1983 547 2150 586 mem-

2251 531 2404 595 ζεται
2433 533 2504 589 ἐν
2527 535 2736 606 μέλος,
2761 538 3080 608 συγχαίρω
3108 536 3308 593 πάντα
3337 539 3410 592 τὰ
3426 539 3610 608 μέλη.
3642 540 3826 609 Ζνήτει,

2250 625 2405 694 φησὶ,
2464 626 2536 680 τὰ
2590 625 2910 696 λειπόμενα,
2966 626 3363 698 ὲμπτύσματα,
3413 627 3822 696 κολαφίσματα,

2246 715 2400 780 τέλος
2423 716 2516 770 τὸν
2545 716 2812 788 σταυρόν·
2847 717 2973 780 τοὺς
2997 717 3223 785 γλυκεῖς
3250 734 3343 784 μοι
3368 717 3612 788 Χριστοῦ
3642 718 3822 788 meo:

2245 797 2329 867 οἷς
2351 804 2436 868 τίς
2461 804 2529 858 ἂν
2559 803 2930 874 καταξιωθείη
2974 805 3428 876 συσταυρωθῆναι
3451 822 3466 834 ·
3499 806 3826 876 συλλοτχευ-

2249 891 2408 963 θῆναι
2433 892 2618 955 δοῦλος
2645 892 2928 965 Δεσπότηθ
2982 894 3138 964 μίξαι
3176 889 3316 964 αἷμα
3347 895 3572 965 αἵματιο
3611 895 3824 966 ἄνθρω-

2248 1000 2370 1048 πος,
2401 983 2538 1038 Θεοῦ
2571 981 2667 1038 τοῦ
2712 984 2950 1052 ζῶντοςς
2977 985 3216 1058 Τοιαύτη
3244 986 3485 1040 διαθέσει
3519 986 3824 1058 χωροῦντες

2245 1073 2297 1125 οἱ
2327 1073 2474 1140 ᾶγιοι
2501 1073 2724 1145 ἔχαιρον
2754 1075 3081 1144 κοπτόμενοι
3100 1076 3320 1147 ’ἥδοντο
3341 1075 3821 1148 μελοτομούμενοι.

2251 1161 2499 1232 Ἐφθασε
2522 1164 2816 1236 τοιγαροῦν
2849 1167 2944 1220 καὶ
2970 1167 3004 1236 η
3037 1167 3287 1238 ἡμετέρα
3315 1168 3459 1238 χαρά
3484 1183 3500 1200 ο
3535 1169 3602 1222 ἑκ
3626 1169 3824 1240 μέρους

2245 1249 2652 1325 ὲπειράθημενβ
2700 1256 2816 1325 εῐγε
2843 1255 2937 1310 καὶ
2968 1257 3369 1328 πειραθείημεν
3391 1258 3608 1312 τέλεον·
3641 1259 3822 1330 χάριτι

2246 1342 2342 1393 καὶ
2370 1343 2563 1410 φιλανθ
2574 1344 2758 1416 ρωπίᾳ
2796 1344 2970 1415 Ἰησοῦ
2996 1345 3238 1416 Χριστοῦ
3267 1345 3362 1400 τοῦ
3397 1347 3608 1419 Κυρίου
3631 1348 3819 1418 ήμῶνί

2245 1431 2325 1503 Τῇ
2361 1432 2470 1503 γὰρ
2503 1434 2686 1506 χάριτι
2732 1437 2817 1508 εῐη
2852 1436 2917 1491 τὸ
2943 1439 3092 1500 νῖκος
3118 1437 3206 1506 ἐφ’
3232 1437 3438 1509 ὁτῳοῦν
3459 1454 3474 1467 ·
3507 1439 3598 1493 ἵνα
3628 1440 3704 1509 μή
3741 1455 3823 1503 τις

2244 1525 2592 1596 καυχήσηται
2615 1527 2829 1581 οἴκοθέν
2857 1545 2912 1582 τι
2939 1526 3118 1599 ἔχειν’
3137 1527 3278 1582 ὥστε
3300 1529 3534 1599 ἓλκομεν
3555 1528 3648 1583 τὸν
3675 1528 3824 1582 ἔλεον

2243 1611 2380 1665 Θεοῦ
2413 1615 2473 1667 ὲν
2505 1616 2729 1687 Χριστῷ
2767 1617 2983 1688 Ἰησοῦ,
3039 1617 3128 1672 διὰ
3170 1619 3270 1689 τῆς
3317 1618 3824 1690 ταπεινοφροσύνης

2243 1703 2339 1755 καὶ
2369 1705 2630 1776 ἐνεργοῦς
2660 1709 3061 1780 πεποιθήσεως.
3084 1710 3156 1763 ει
3182 1727 3276 1776 τις
3295 1706 3413 1766 οὖν
3437 1711 3823 1781 παράκλησις

2242 1793 2315 1847 ἐν
2357 1797 2629 1863 Χριστῷ·
2678 1799 2736 1853 sl
2783 1816 2839 1855 τι
2884 1801 3264 1870 παραμύθιον
3309 1800 3588 1869 ἀγάπης-ο
3645 1803 3705 1856 ετ
3737 1818 3824 1869 τις

2243 1887 2525 1940 κοινωνία
2576 1889 2838 1956 πίστεως
2860 1905 2876 1920 ·
2926 1890 2982 1943 et
3028 1906 3164 1946 τινα
3213 1890 3541 1960 σπλάγχνα
3595 1890 3696 1944 καὶ
3741 1891 3822 1944 οι-

2243 1975 2496 2044 κτιρμοί,
2555 1977 2917 2045 πληρώσατέ
2968 1996 3091 2049 μου
3135 1977 3253 2048 τὴν
3303 1979 3538 2049 χαράν·
3591 1980 3691 2034 σὺν
3743 1979 3820 2050 τῷ

2243 2066 2565 2139 ,Ἀποστόλῳ
2593 2072 2621 2122 ό
2647 2070 2818 2134 τάλας
2851 2071 3069 2139 λέγειντ
3112 2072 3182 2124 Τὸ
3208 2071 3356 2126 αὐτὸ
3397 2070 3667 2140 φρονεῖν,
3705 2070 3820 2140 τὴν

2241 2158 2440 2228 αὐτὴν
2476 2159 2723 2232 ἀγάπην
2758 2163 3006 2232 ἔχοντες
3029 2179 3045 2194 ο
3079 2163 3398 2232 σύμψυχοι
3420 2177 3435 2190 °
3484 2162 3550 2216 τὸ
3576 2161 3648 2218 ἐν
3673 2178 3819 2231 sepe.

2241 2250 2524 2318 νοῦντες·
2551 2253 2748 2322 μηδὲν
2773 2257 2900 2309 κατ’
2929 2255 3189 2322 ἐρίθειαν
3221 2254 3261 2322 ἣ
3292 2253 3653 2319 κενοδοξίαν
3671 2255 3822 2310 ἀντι-

2241 2341 2572 2411 πράττοντες
2590 2379 2608 2408 ,
2636 2343 2731 2396 καὶ
2755 2343 3266 2415 ἀντικαθιστάμενοι
3293 2344 3568 2414 ἀλλήλοις.
3597 2345 3818 2408 Ilii-pun

2241 2433 2354 2504 γὰρ
2399 2436 2493 2488 καὶ
2525 2436 2613 2487 ἐπ’
2660 2434 2840 2490 αὐτῶν
2869 2435 2980 2488 τῶν
3019 2435 3158 2507 ὑπὲρ
3185 2435 3463 2498 εὐσεϐείας
3491 2433 3724 2504 ἀγώνων
3758 2436 3816 2490 τὸ

2241 2525 2584 2594 φιλόπρωτον
2609 2526 2705 2579 καὶ
2737 2525 3041 2594 φιλόνεικον
3074 2527 3446 2597 παρεισδύειν.
3490 2527 3636 2581 Ἀλλ’
3663 2528 3815 2598 ὑμεῖς

2239 2616 2318 2679 ὡς
2343 2614 2479 2668 Θεοῦ
2513 2615 2752 2671 διάκονοι
2800 2617 3359 2689 (συμπαραλαμϐἀνω
3403 2619 3515 2690 γὰρ
3542 2619 3623 2689 τῷ
3649 2635 3825 2689 προσ,

2239 2707 2375 2778 ὡπῳ
2417 2724 2512 2761 σου
2545 2708 2672 2770 τοὺς
2700 2708 3067 2780 ὑπερέχοντας
3091 2749 3108 2773 ,
3157 2710 3208 2764 οἳ
3258 2712 3354 2764 καὶ
3397 2713 3688 2780 ἀναγνοῖεν
3721 2711 3815 2782 τὴν

2239 2797 2903 2868 ὲπιστολὴν),Μηδεμίαν
2937 2801 3010 2854 ἐν
3047 2799 3266 2870 μηδενὶ
3309 2800 3513 2868 δοίητε
3557 2817 3820 2870 προσκο-

2238 2888 2388 2958 πήν,
2420 2889 2521 2944 ἵνα
2539 2889 2626 2959 μὴ
2646 2889 2896 2961 μωμητὴ
2921 2891 2960 2960 ἠ
2988 2889 3266 2946 διακονία
3296 2889 3466 2962 ὑμῶν
3489 2890 3748 2962 γένοιτο.

2319 3151 2454 3224 Περί
2486 3145 2562 3208 ὧν
2587 3151 2835 3224 ἔγραψάς
2877 3171 2968 3223 μοι
3006 3154 3066 3209 ὲν
3099 3153 3359 3227 μετανοίᾳ
3379 3154 3666 3224 γεγονέναι
3685 3172 3701 3186 ⁸
3739 3158 3815 3218 εἰς

2241 3243 2366 3306 τοὺς
2399 3243 2494 3297 τοῦ
2540 3242 2790 3314 σώματος
2837 3243 3016 3314 ἡμῶν,
3049 3245 3098 3296 εί
3149 3244 3242 3297 καὶ
3284 3245 3522 3314 ἀνάξιοι,
3568 3247 3690 3302 ἀλλ’
3725 3244 3815 3303 οὖν

2241 3319 2402 3406 ἡμεῖς
2468 3335 2662 3407 ἰατροί.
2721 3338 2786 3390 Ὃ
2836 3335 3015 3390 τοίνυν
3081 3335 3365 3407 ἐδώκαμεν
3418 3339 3696 3410 ἐπιτίμιον
3741 3341 3815 3412 τῷ

2253 3429 2486 3500 Ὀρέστῃ
2507 3428 2716 3483 ἐλθόντι
2748 3427 2979 3482 ἐνταῦθα
3000 3468 3016 3494 ,
3063 3429 3151 3482 διὰ
3182 3429 3372 3500 φωνῆς
3414 3430 3523 3504 τῶν
3573 3431 3815 3502 ἀδελφῶν

2240 3517 2385 3591 (οὐδὲ
2429 3521 2538 3592 γὰρ
2566 3519 2906 3591 κεκρίκαμεν
2938 3514 2997 3572 εὗ
3047 3519 3194 3590 ἔχειν
3234 3521 3627 3592 συνοψισθῆναι
3672 3523 3815 3593 αὐτῷ

2238 3611 2325 3666 διὰ
2349 3600 2522 3665 πολλὰ
2546 3613 2741 3682 αἴτια),
2769 3610 2926 3665 τοῦτο
2973 3614 3152 3682 σχοῖεν
3180 3613 3273 3666 καὶ
3298 3614 3348 3666 οἰ
3373 3614 3581 3668 λοιποί·
3615 3617 3815 3686 ἀμετά-

2238 3719 2369 3774 χους
2429 3697 2572 3757 εἶναι
2621 3703 2731 3758 τῶν
2780 3703 3173 3772 ἀγιασμάτωνο
3219 3705 3316 3759 καὶ
3369 3706 3428 3759 ὲν
3470 3709 3587 3770 τοῖς
3635 3708 3814 3772 ἄλλοις

2241 3795 2731 3866 παρατηρήμασιν.
2772 3795 3014 3866 Ἐρωτᾷς
3059 3794 3166 3858 ἕως
3204 3795 3375 3861 πότες
3424 3796 3529 3858 ἕως
3578 3796 3646 3850 ἂν
3682 3797 3814 3853 ἀνα-

2237 3887 2425 3962 λάμψῃ
2471 3889 2505 3959 ή
2553 3891 2655 3958 τῆς
2703 3887 3011 3960 όρθοδοξίας
3058 3887 3267 3960 αἰθρία.
3312 3888 3408 3950 Εἰ.
3440 3891 3614 3959 φησὶ,
3663 3889 3815 3960 τύχοι

2238 3981 2496 4046 θάνατος
2513 3979 2981 4034 Κοινωνείτωσαν.
2997 3979 3229 4032 Πιστεύο
3235 3997 3334 4050 μεν
3355 3981 3814 4053 συγκεχωρῆσθαι

2237 4072 2422 4136 αὐτοῖς
2451 4073 2513 4126 τὸ
2554 4072 2881 4144 ἁμάρτημα.
2929 4072 3148 4144 Ἐπειδὴ
3184 4073 3242 4126 δὲ
3288 4074 3580 4144 γέγραφας
3603 4114 3620 4135 ,
3659 4075 3814 4127 τοῦτο

2237 4163 2458 4217 κάκεῖνο
2478 4163 2814 4217 ἀντιλεκτεῖν
2845 4163 2988 4234 ὑμᾶς
3019 4163 3156 4234 πρὸς
3193 4163 3460 4234 ἀλλήλους
3487 4181 3500 4194 ·
3529 4163 3812 4218 διαλύεσθε

2235 4254 2343 4308 τῶν
2369 4254 2776 4326 προϐλημάτων
2807 4254 2984 4324 ὑμῶν,
3015 4255 3111 4307 καὶ
3135 4254 3452 4325 εἰρηνεύετε
3484 4257 3544 4308 ὲν
3578 4257 3812 4318 ἑαυτοῖς.

2237 4348 2350 4419 Οὐχ
2371 4347 2446 4411 ὡς
2472 4349 2522 4401 oi
2548 4347 2606 4411 ἐξ
2635 4347 2902 4416 αἱρέσεως
2935 4346 3377 4418 ἐπιστρέφοντες,
3405 4345 3554 4402 οὗτοι
3583 4348 3807 4402 δεκτὲοι·

560 4415 753 4470 haeresi
771 4429 1184 4487 convertuntur,
1217 4423 1510 4492 recipiendi
1538 4437 1665 4482 sunt
1683 4429 1768 4484 isti
1789 4449 1803 4498 ;
1822 4449 2129 4506 quanquam

2240 4415 2395 4509 εἰπερ
2424 4439 2585 4492 κάκεῖ
2619 4415 3004 4509 παρατήρησις
3033 4415 3301 4508 διαφορᾶς
3333 4439 3394 4491 οὐ
3418 4439 3519 4522 τῆς
3542 4439 3813 4509 τυχούσης

559 4517 616 4562 et
653 4507 761 4563 illic
791 4526 1008 4580 quoque
1036 4528 1145 4567 non
1178 4514 1295 4569 leve
1334 4515 1626 4573 discrimen
1657 4533 1738 4577 est
1779 4525 1942 4594 hujus
1968 4529 2034 4582 ad
2068 4531 2124 4582 il-

560 4598 664 4653 lam
695 4617 711 4663 ;
759 4603 852 4656 sed
887 4611 1140 4670 tanquam
1178 4608 1271 4674 qui
1306 4622 1504 4661 nomen
1537 4610 1745 4666 Domini
1787 4615 2128 4692 abnegarint,

558 4691 673 4745 sive
703 4693 767 4746 ad
794 4694 913 4763 ejus
951 4695 1366 4765 abnegationem
1414 4699 1842 4761 Christomacbis
1887 4691 2132 4766 commu-

559 4781 812 4847 nicarin-t,
844 4800 941 4838 seu
969 4793 1117 4840 metu
1157 4787 1332 4843 adacti
1369 4806 1463 4847 seu
1492 4792 1651 4848 aliam
1683 4795 1752 4850 ob
1781 4814 2020 4856 causam.
2049 4803 2128 4858 Ad

559 4869 725 4938 hujus
739 4873 883 4927 enim
914 4875 1326 4948 abnegationem
1352 4883 1640 4940 manifesto
1661 4892 2135 4949 communicarent

539 4972 804 5019 sanctam
851 4968 969 5038 ejus
1000 4969 1288 5042 imaginem
1324 4977 1650 5046 negantibus
1688 4996 1702 5033 :
1754 4981 1881 5048 quia
1917 4987 2132 5055 negatio

563 5054 812 5123 imaginis
865 5061 934 5116 ad
986 5071 1328 5135 prototypum
1363 5069 1575 5132 transit,
1625 5079 1685 5124 ut
1735 5072 1977 5128 clamans
2007 5054 2134 5131 cla.

562 5159 676 5203 mat
699 5151 762 5206 ⁷³.
800 5152 905 5208 Nec
929 5155 1086 5210 aliter
1115 5173 1174 5212 se
1207 5173 1294 5212 res
1322 5159 1504 5225 habet,
1535 5163 1746 5217 tametsi
1779 5167 2128 5236 negationem

563 5240 774 5297 elevare
827 5246 1044 5315 quidam
1077 5238 1293 5304 velint.
1331 5250 1388 5305 Si
1434 5267 1563 5324 ergo
1611 5269 1720 5308 non
1773 5256 1927 5326 prius
1987 5267 2134 5314 recte

560 5335 882 5398 sentientes.
903 5353 1008 5412 nec
1035 5340 1316 5396 veritatem
1341 5343 1538 5410 edocti,
1562 5347 1655 5400 sed
1693 5347 1872 5403 divina
1897 5350 2131 5418 quadam

555 5425 895 5492 providentia
921 5419 1163 5484 veritatis
1189 5431 1392 5487 lumine
1411 5435 1660 5490 illustrati
1695 5437 1763 5492 ad
1793 5453 1896 5494 nos
1925 5455 2130 5496 convo~

556 5513 760 5570 lassent
793 5536 806 5571 :
846 5518 949 5572 alia
995 5519 1134 5574 ratio
1176 5532 1342 5586 esset,
1381 5539 1483 5579 nec
1526 5533 1731 5581 temere
1782 5543 1878 5583 eos
1916 5531 2124 5588 admitti

559 5615 848 5675 oporteret,
887 5609 988 5664 nisi
1031 5627 1094 5666 cx
1122 5613 1480 5682 plurimorum
1532 5617 1958 5673 orthodoxorum
1995 5637 2126 5675 con-

2238 4528 2402 4598 τῆσδε
2439 4529 2573 4598 πρὸς
2600 4528 2758 4600 τήνδε
2783 4544 2798 4558 ο
2848 4529 2968 4582 ἀλλ’
3013 4530 3090 4594 ὡς
3128 4530 3499 4602 ἀρνησάμενοι
3543 4531 3607 4584 τὸ
3642 4533 3813 4602 ὄνομα

2239 4619 2468 4691 Κυρίου,
2493 4621 2612 4691 ήτοι
2655 4619 2750 4674 ἐπὶ
2791 4624 2858 4690 τῇ
2891 4621 3120 4692 ἀρνήσει
3150 4621 3316 4675 αὑτοῦ
3343 4623 3807 4693 κεκοινωνηκότες

2234 4716 2347 4778 τοῖς
2375 4711 2774 4784 Χριστομάχοις
2801 4711 2887 4764 διὰ
2927 4712 3094 4781 φόϐον
3129 4713 3163 4782 ἧ
3205 4729 3329 4766 τινα
3371 4711 3542 4785 ἀλλην
3577 4713 3810 4784 περιπέ-

2237 4820 2409 4856 τειαν.
2447 4801 2571 4856 Ἐπὶ
2593 4802 2702 4873 γὰρ
2736 4804 2802 4872 τῇ
2837 4802 3068 4870 ἀρνήσει
3093 4802 3259 4856 αὑτοῦ
3287 4802 3657 4876 ἐκοινώνησαν
3682 4820 3810 4875 προ-

2237 4893 2414 4964 δήλως
2449 4891 2778 4963 ὴρνημένοις
2807 4891 2907 4961 τὴν
2947 4890 3108 4960 ἁγίαν
3137 4892 3302 4946 αὑτοῦ
3333 4893 3546 4947 εἰκόνα.
3589 4893 3652 4946 Ἠ
3703 4895 3806 4963 γὰρ

2238 4982 2335 5051 τῆς
2364 4981 2571 5044 εἰκόνος
2601 4981 2830 5051 ἄρνησις
2859 4979 2954 5033 ἐπὶ
2999 4979 3061 5033 τὸ
3097 4982 3460 5052 πρωτότυπον
3499 4981 3804 5045 ἀναϐαίνει,

2239 5072 2316 5135 ὡς
2363 5071 2462 5143 βοᾷ
2505 5073 2533 5125 ὁ
2583 5071 2740 5142 βοῶν.
2777 5071 2887 5124 Καὶ
2921 5072 3021 5126 οὐκ
3047 5072 3194 5128 ἐστιν
3226 5073 3487 5138 ἀλλοίως·
3531 5075 3632 5129 κᾶν
3666 5091 3807 5136 τινες

2237 5163 2557 5234 σμικρύνειν
2596 5163 2696 5234 τὴν
2722 5162 2949 5236 ἄρνησιν
2991 5163 3285 5234 βούλοιντο.
3322 5167 3388 5220 Εἰ
3413 5167 3510 5220 οὖν
3541 5168 3617 5239 μὴ
3648 5167 3805 5240 όρθο-

2234 5252 2510 5319 δοξοῦντες
2531 5253 2592 5308 τὸ
2622 5253 2914 5326 πρότερον,
2931 5254 3065 5326 μηδὲ
3090 5257 3392 5328 μυηθέντες
3409 5259 3509 5329 τὴν
3529 5259 3803 5330 ἀλήθειαν,

2233 5346 2298 5399 ὲκ
2330 5346 2481 5411 θείας
2511 5347 2775 5419 προνοίας
2791 5347 3406 5432 αύγασθέντεςιτάληθὲς
3425 5352 3803 5424 μετεπήδησαν

2233 5439 2314 5502 εἰς
2370 5440 2541 5511 ἡμᾶς,
2593 5439 2770 5505 ἄλλως
2815 5435 2968 5511 εῖχε’
3021 5441 3306 5507 κάκείνους
3363 5444 3462 5514 οὐχ
3509 5444 3584 5508 ὡς
3647 5444 3804 5514 ἔτυχε

2234 5527 2612 5598 προσδεκτέον,
2640 5531 2690 5584 εί
2723 5531 2799 5601 μὴ
2833 5531 2922 5586 διὰ
2957 5530 3227 5586 πλείστων
3259 5533 3555 5602 όρθοδόξων
3580 5551 3804 5604 συμφωσ

2233 5620 2440 5691 νήσεως
2465 5638 2480 5653 ·
2513 5623 2588 5687 ὡς
2613 5622 2919 5695 δεδήλωκεν
2962 5627 2991 5680 ό
3024 5625 3166 5688 θεῖος
3199 5624 3477 5692 Βασίλειος
3508 5630 3642 5701 πρὸς
3675 5627 3799 5692 τοὺς

621 5723 666 5755 ⁶⁹
704 5722 724 5777 Ι
765 5726 888 5780 Cor.
921 5745 1020 5794 xu,
1066 5730 1232 5797 2,26.
1308 5734 1352 5764 ⁷ο
1393 5731 1625 5802 Philipp.
1667 5748 1720 5800 il,
1752 5733 1798 5801 1,
1825 5733 1880 5789 2.
1957 5738 1997 5769 ⁷¹
2033 5737 2139 5794 ibid

2240 5781 2248 5796 .
2327 5742 2368 5774 ⁷³
2403 5740 2449 5796 ll
2471 5740 2596 5799 Cor.
2633 5761 2705 5812 Vl,
2732 5747 2783 5803 3.
2861 5748 2904 5780 "
2939 5747 2995 5802 ὃ.
3035 5745 3302 5818 βαδίίίιις.
