4054 6364
309 365 475 432 ’1149

1520 372 2062 444 EPISTULARUM
2109 374 2255 435 LIB.
2295 370 2390 441 IlI.

3451 363 3590 430 1150

332 484 396 546 tv
426 476 824 548 Μεσοποταμίᾳ
847 477 906 544 ἐξ
929 476 1208 547 Αἰγύπτου
1237 478 1706 550 περιωρισμένους
1728 493 1742 507 ·
1781 476 1910 530 καθ-

2018 492 2174 534 sensu
2213 499 2226 536 :
2261 493 2322 536 ut
2347 453 2569 536 divinus
2592 475 2823 533 Basilius
2848 474 3010 532 docet
3031 474 3101 541 ",
3129 473 3197 530 ad
3217 488 3314 530 eos
3340 474 3588 531 scribens

332 574 642 644 απτόμενος
669 569 852 624 αὐτῶν
879 571 938 623 ἐν
966 569 1047 640 τῷ
1076 569 1404 641 ἀφυλάκτως
1429 568 1834 640 προσήκασθαι.

406 753 478 806 Ἦ
509 751 757 822 ἀγνοεῖτε
781 747 812 802 δ
840 763 1006 820 φησιν
1030 750 1060 803 ό
1087 747 1249 813 αὐτὸς
1279 747 1471 818 Πατὴρ
1500 747 1560 801 έν
1589 749 1753 819 ἑτέρᾳ
1781 749 1906 802 ὲπιο

332 845 532 916 στολῇς
565 863 585 897 ¢
614 843 732 897 Οὐκ
772 837 892 897 οῖδα
919 840 1243 905 ἐπίσκοπον,
1278 841 1414 912 μηδὲ
1439 839 1811 912 άριθμήσαιμι
1849 841 1908 892 ὲν

332 933 654 996 ἐπισκόποις
696 931 790 986 τὸν
840 922 932 985 ἐπὶ
975 933 1326 1002 καταστροφῇ
1374 929 1479 1001 τῆς
1525 930 1762 994 πίστεως
1801 929 1909 984 ὑπὸ

329 1021 443 1075 τῶν
478 1020 724 1091 βεϐήλων
755 1019 958 1090 χειρῶν
1002 1019 1344 1092 προαχθέντα
1390 1020 1471 1084 είς
1516 1021 1810 1093 προεδρίαν
1833 1037 1849 1054 ο
1882 1037 1902 1072 s

331 1105 436 1164 οἷοί
463 1108 786 1188 είσιιτανῦν,
817 1109 878 1162 οὐ
907 1109 978 1162 δι’
1005 1107 1230 1178 ἄγνοιαν
1249 1149 1264 1175 ,
1311 1109 1452 1165 ἀλλά
1473 1110 1906 1182 διάνφιλαρχίαν,

331 1197 710 1268 ἑπιπηδῶντες
739 1199 854 1260 τοῖς
901 1195 1148 1267 θρόνοις·
1193 1196 1490 1270 προέμενοι
1532 1198 1804 1262 ἀκουσίως
1843 1196 1909 1270 [ί.

335 1288 642 1362 ἑκουσίως]
691 1288 792 1360 τὴν
841 1287 1128 1359 άλήθειανὲ
1153 1289 1248 1342 καὶ⁴
1277 1289 1773 1360 ἀντιλαμϐάνοντες
1809 1291 1911 1360 τὴν

336 1384 436 1455 τῆς
483 1380 738 1444 ἀσεϐείας
782 1367 1098 1451 προεδρίαν.
1133 1381 1204 1434 El
1234 1377 1386 1434 κατά
1431 1377 1748 1449 ἄνθρωπον
1773 1379 1912 1446 ἐθη-

329 1473 678 1544 ριομάχησα
698 1511 713 1537 ,
751 1472 917 1542 φησιν
967 1473 996 1524 ό
1032 1470 1352 1533 Ἀπόστολος
1376 1510 1394 1536 ,
1431 1469 1504 1524 ἐν
1542 1468 1772 1539 Ἐφέσῳ
1796 1509 1814 1536 ,
1852 1470 1914 1524 τί

331 1581 437 1634 μοι
462 1562 528 1616 τὸ
549 1562 768 1631 ὄφελος
787 1576 808 1625 ;
829 1560 988 1630 Λέγω
1011 1559 1168 1629 κάγὼ
1190 1575 1206 1591 ο
1235 1560 1298 1614 Ei
1321 1559 1443 1614 καθ’
1473 1561 1620 1628 ὑμᾶς
1643 1560 1783 1631 μετά
1810 1560 1912 1632 τὴν

336 1655 569 1726 ἄρνησιν
624 1654 742 1724 ἦτοι
787 1653 1074 1706 κοινωνίαν
1132 1652 1242 1705 τῶν
1298 1653 1696 1724 Χριστομάχων
1749 1653 1914 1718 εὐθὺς

335 1746 546 1801 δεκτέοι
577 1745 673 1799 καὶ
702 1744 1087 1814 ἀνεπιτίμητοι
1126 1744 1176 1797 oi
1204 1741 1438 1796 τοιοῦτοι
1457 1757 1474 1774 ο
1497 1741 1552 1796 τί
1586 1743 1766 1813 μάτην
1797 1759 1915 1796 κιν-

2010 571 2104 639 qui
2139 571 2194 625 in
2223 570 2665 642 Mesopotamiam
2708 568 2926 623 fuerant
2963 566 3186 638 relegati
3212 582 3280 621 ex
3311 565 3544 637 A'ngpIo
3572 585 3587 621 :

2009 662 2384 733 perstringens
2411 661 2534 715 illos
2562 659 2708 729 quod
2737 667 2942 712 temere
2965 657 3340 711 admitterent.

2081 751 2164 804 An
2193 751 2416 808 nescitis
2443 749 2573 820 quid
2595 748 2744 808 idem
2764 748 2924 802 Pater
2939 747 3088 801 dicat
3115 746 3170 800 in
3198 745 3305 800 alia
3326 745 3551 816 cpistola
3567 747 3593 800 ?

2018 861 2038 896 ι
2071 841 2193 898 Non
2240 840 2479 913 agnosco
2533 839 2878 911 episcopum.
2931 853 3036 893 nec
3092 838 3236 893 inter
3299 837 3590 908 episcopos

2012 930 2168 988 illum
2213 931 2617 988 adnumerarim
2643 971 2658 996 ,
2705 931 2794 1000 qui
2847 943 2877 983 a
2921 927 3168 999 profanis
3221 929 3476 983 manibus
3516 929 3586 982 ad

2011 1023 2138 1079 ﬁdei
2180 1023 2609 1080 destructionem
2647 1019 2851 1092 praesul
2879 1020 3088 1075 electus
3117 1030 3200 1074 est
3225 1021 3293 1074 ⁷⁵.
3331 1037 3352 1072 ι
3387 1019 3588 1085 Quales

2011 1130 2160 1172 nunc
2188 1123 2317 1170 sunt
2331 1117 2447 1185 qui,
2480 1129 2589 1168 non
2623 1128 2721 1183 per
2741 1111 3126 1183 ignorantiam,
3153 1111 3251 1166 sed
3271 1111 3588 1166 dominandi

2013 1208 2217 1274 studio,
2268 1207 2325 1262 in
2376 1206 2535 1263 sedes
2579 1204 2865 1270 insiliunt,
2914 1201 3202 1258 veritatem
3246 1210 3440 1271 sponte
3489 1217 3590 1256 sua

2013 1299 2330 1371 prodentes,
2368 1305 2426 1351 et
2459 1294 2672 1366 praemii
2714 1294 2835 1349 loco
2879 1291 3176 1363 impietatis
3222 1290 3590 1360 principatum

2014 1389 2364 1460 accipientes.
2393 1386 2452 1442 Si
2470 1386 2751 1440 secundum
2769 1384 3050 1443 hominem.
3078 1381 3590 1452 inquit‘Apostolus.

2013 1482 2084 1537 ad
2130 1480 2322 1535 bestias
2381 1479 2612 1549 pugnavi
2662 1476 2873 1547 Ephesi,
2923 1475 3049 1546 quid
3081 1473 3208 1528 mihi
3259 1475 3468 1544 prodest
3493 1472 3594 1525 "‘l

2013 1575 2114 1630 Aio
2140 1581 2198 1628 et
2220 1587 2324 1644 ego
2352 1589 2370 1631 :
2401 1571 2458 1627 Si
2487 1581 2609 1642 post
2652 1569 2999 1642 negationem
3037 1568 3121 1624 vel
3152 1567 3592 1623 communionem

2014 1682 2142 1724 cum
2165 1665 2619 1730 Christomachis,
2659 1663 2794 1718 tales
2823 1661 3032 1726 statim,
3080 1660 3356 1718 sententia
3386 1669 3591 1722 vestra,

2017 1758 2134 1814 sine
2162 1771 2322 1828 poena
2353 1755 2648 1826 recipiendi
2684 1763 2813 1810 sunt
2837 1773 2850 1810 :
2873 1770 2970 1809 cur
2997 1753 3273 1808 incassum
3313 1753 3598 1823 periclitor

338 1837 548 1892 δυνεύω
576 1836 697 1890 καθ’
738 1836 978 1906 ἑκάστην
1010 1835 1255 1907 ἡμέρανο
1293 1835 1388 1889 καὶ
1433 1833 1509 1906 μὴ
1536 1833 1916 1905 αὐτομολήσας

2019 1850 2077 1906 in
2107 1849 2244 1915 dies,
2287 1863 2351 1903 ac
2377 1862 2488 1902 non
2515 1848 2698 1918 potius
2728 1847 2796 1902 ad
2843 1848 3190 1904 adversarios
3223 1845 3368 1900 ultro
3397 1859 3598 1900 oecus-

339 1929 482 2000 πρὸς
519 1928 649 1993 τούς
697 1927 1074 1993 ὑπεναντίους,
1126 1923 1282 1990 αὖθις
1334 1925 1424 1980 διά
1471 1926 1764 1998 μετανοίας
1801 1927 1916 1990 τοῖς

338 2019 644 2090 όρθοδόξοις
687 2019 1096 2089 ᾀνεπιτιμήτως
1129 2016 1516 2087 συνταχθείην;
1557 2015 1652 2085 Μὴ
1685 2014 1918 2070 πλανᾶ-

339 2116 472 2176 σθε,
491 2113 842 2183 φθείρουσιν
863 2109 980 2178 ἥθη
1005 2108 1241 2178 χρηστὰ
1263 2109 1490 2178 ὁμιλίαι
1512 2108 1695 2162 κακαί
1699 2147 1714 2162 .
1731 2107 1918 2178 Ἐκνή·

339 2206 478 2277 ψατε
508 2207 568 2259 ὲν
605 2203 813 2274 Κυρίῳ.
847 2201 948 2268 Τίς
977 2203 1034 2255 δὲ
1058 2201 1342 2256 κοινωνία
1386 2199 1535 2271 φωτί
1575 2199 1729 2270 πρὸς
1773 2200 1920 2254 0x6—

338 2313 467 2364 τος·
487 2296 574 2351 ίνα
589 2298 655 2350 ὲκ
675 2293 1025 2366 παραλλήλου
1048 2292 1157 2346 τῶν
1170 2293 1571 2364 Χριστομάχων
1586 2294 1654 2348 τά
1671 2291 1918 2364 ήμίτερα

340 2391 616 2462 τηρῆται;
662 2388 738 2453 ὡς
769 2388 874 2453 ὅτι,
905 2388 1092 2458 φησὶν,
1123 2385 1278 2442 αὐτοὶ
1331 2385 1460 2449 τούς
1505 2384 1567 2450 ἑξ
1605 2384 1919 2457 όρθοδοξίας

341 2481 480 2553 πρὸς
496 2481 696 2542 αὐτοὺς
719 2477 1036 2550 χωροῦντας
1059 2478 1204 2550 χαρᾷ
1227 2476 1638 2548 άνεπιτιμήτως
1665 2475 1922 2548 προσίεν-

339 2591 455 2628 ται.
481 2573 598 2627 Οὐά
611 2588 632 2610 ο
656 2572 776 2626 δέον
793 2569 889 2626 οὖν
916 2570 1014 2626 καὶ
1041 2553 1346 2639 στεφανοῦν
1361 2570 1511 2641 ἡμᾶς
1531 2569 1660 2632 τοὺς
1676 2568 1920 2640 ἀρνητάς

337 2665 438 2720 τοῦ
490 2663 752 2736 Χριστοῦ,
807 2663 904 2718 καὶ
955 2660 1340 2732 σολυμνιάζειν
1389 2660 1468 2724 ὡς
1511 2658 1710 2714 ἐκεῖνοί
1769 2675 1920 2722 τινας

340 2755 592 2810 ἀκείνων.
636 2753 927 2822 Ἀδελφοί,
959 2751 1167 2821 δέομαι
1199 2748 1389 2820 ὑμῶν,
1409 2748 1497 2820 μὴ
1523 2748 1736 2804 παιδία
1762 2750 1920 2818 τίνε-

335 2854 456 2906 σθε
485 2847 619 2914 ταῖς
655 2847 876 2917 φρεσίν
893 2861 907 2878 ο
939 2843 1077 2898 ἀλλά
1105 2842 1414 2897 τελειοῦσθε
1439 2841 1528 2896 διά
1559 2841 1659 2912 τῆς
1686 2841 1921 2912 ἀληθοῦς

337 2943 715 3014 ἐπιγνώσεως.
754 2945 891 3015 Περὶ
927 2942 1040 2997 τῶν
1078 2941 1185 3007 ἔξω
1211 2941 1312 3012 τῆς
1342 2939 1703 3010 ἀδελφότητος
1737 2939 1918 3010 ήμῶν,

336 3037 426 3102 τίς
480 3038 596 3109 είμι
649 3035 834 3091 δοῦναι
857 3034 1056 3103 λόγονς
1099 3033 1164 3087 El.
1209 3031 1266 3086 δὲ
1311 3031 1410 3084 καὶ
1448 3030 1752 3100 ἀναγκάζοι
1798 3029 1916 3093 τίς·

2016 1956 2164 2006 rens,
2199 1939 2521 1995 orthodoxis
2552 1938 2772 2005 iterum,
2804 1953 2928 1994 mox
2983 1947 3044 1993 ut
3082 1936 3210 1992 facti
3256 1933 3594 2006 paenituerit,

2016 2034 2134 2090 sine
2162 2047 2324 2104 paena
2351 2031 2460 2086 ulla
2483 2046 2569 2086 me
2599 2046 2828 2102 aggrego
2851 2030 2874 2084 ?
2901 2029 3075 2084 Nolite
3099 2029 3277 2083 seduci
3305 2045 3325 2082 :
3357 2041 3598 2081 corrum~

2017 2132 2147 2194 punt
2171 2123 2328 2177 bonos
2358 2135 2526 2174 mores
2545 2117 2801 2189 colloquia
2829 2134 2996 2187 prava
3021 2117 3089 2170 ".
3115 2114 3378 2187 Evigilate
3406 2114 3462 2167 in
3485 2113 3598 2166 Do-

2017 2214 2188 2270 mino.
2225 2211 2356 2277 Qum
2405 2218 2587 2265 autem
2615 2211 2837 2264 societas
2878 2209 2984 2262 luci
3035 2209 3104 2261 ad
3135 2206 3376 2260 tenebras
3404 2205 3450 2236 "
3483 2221 3498 2258 :
3535 2211 3596 2257 ut

2017 2304 2560 2362 Christomachorum
2611 2301 2784 2357 instar
2833 2317 2923 2357 res
2970 2309 3170 2355 nostra:
3226 2299 3534 2368 dirigantur
3574 2297 3600 2350 ?

2019 2401 2287 2469 Quoniam
2311 2399 2436 2470 ipsi,
2466 2397 2738 2468 inquiunt,
2770 2411 2866 2450 eos
2889 2395 2980 2465 qui
3005 2394 3074 2449 ab
3109 2393 3411 2449 orthodoxa
3441 2402 3597 2462 parte

2019 2496 2086 2551 ad
2104 2495 2223 2549 illos
2245 2482 2548 2557 transeunt,
2569 2506 2693 2546 cum
2717 2489 2934 2562 gaudio,
2971 2486 3117 2541 nulla
3149 2499 3308 2555 poena
3340 2483 3594 2554 irrogata,

2019 2586 2346 2657 suscipiunt.
2370 2585 2507 2650 Vae;
2553 2599 2684 2655 ergo
2711 2590 2766 2637 et
2792 2579 3088 2636 coronandi
3132 2583 3261 2632 sunt
3300 2574 3458 2630 nobis
3499 2588 3600 2626 ne-

2019 2689 2232 2752 gatores
2258 2677 2482 2743 Christi,
2527 2684 2583 2731 et
2628 2673 2858 2730 solemni
2889 2673 3098 2727 honore
3126 2667 3418 2729 alliciendi,
3449 2675 3508 2721 ut
3530 2666 3598 2721 ab

2020 2772 2128 2827 illis
2173 2771 2391 2842 quidam
2436 2783 2629 2825 eorum
2665 2766 2843 2821 πισσοιί
2881 2774 3030 2820 sunt.
3068 2763 3306 2826 Fratres,
3349 2776 3440 2814 oro
3482 2775 3596 2822 vos,

2021 2864 2181 2919 nolite
2225 2864 2376 2934 pueri
2425 2861 2554 2932 eﬂici
2579 2859 2812 2915 sensibus
2841 2859 2910 2923 ",
2941 2856 3036 2912 sed
3072 2871 3171 2926 per
3202 2869 3387 2908 veram
3416 2851 3600 2906 scien-

2021 2956 2152 3011 tiam
2206 2954 2550 3026 perlicimini.
2582 2951 2658 3006 De
2698 2951 2784 3006 bis
2806 2955 2990 3005 autem
3023 2947 3117 3019 qui
3159 2954 3314 3002 extra
3338 2943 3597 2999 fraterni-

2022 3056 2189 3102 tatem
2220 3055 2465 3101 nostram
2483 3052 2631 3110 sunt,
2655 3043 2781 3113 quis
2800 3057 2900 3114 ego
2931 3055 3052 3096 sum
3080 3047 3140 3094 ut
3164 3037 3329 3094 verba
3359 3035 3550 3090 iaciam
3574 3034 3600 3088 Ἰ

337 3128 530 3200 ἐπειδὴ
575 3128 616 3196 ἡ
665 3127 868 3197 ἀγάπη
902 3125 1210 3194 πλήρωμα·
1241 3117 1403 3178 οὖσα
1445 3125 1636 3192 νόμου
1668 3121 1784 3192 ἔχει
1824 3120 1918 3174 καὶ

2021 3138 2076 3194 Si
2108 3147 2265 3209 cogat
2309 3145 2492 3190 tamen
2520 3134 2828 3204 quispiam:
2870 3131 3127 3202 quoniam
3173 3144 3293 3196 quae
3326 3126 3600 3196 plenitudo

334 3221 442 3292 τὴν
477 3217 653 3274 πειθώ
675 3235 691 3252 ο
719 3217 879 3272 τοῦτό
925 3234 1071 3289 φημι
1114 3215 1142 3270 δ
1175 3217 1270 3270 καὶ
1301 3216 1394 3269 ἐπὶ
1422 3215 1546 3270 ,τῶν
1590 3213 1878 3285 ἡμετέρων
1898 3229 1912 3243 ⁸

334 3311 614 3383 ἡμεδαποὶ
659 3309 772 3383 γὰρ
820 3310 1086 3364 κάκεῖνοι.
1119 3306 1498 3379 Πρεσᾶύτερος
1527 3303 1640 3360 εἴτε
1668 3305 1916 3376 ὑπογρά-

333 3405 469 3477 ψας,
502 3406 614 3459 εἴτε
641 3404 982 3474 κοινωνήσας
1011 3401 1165 3473 φόϐῳ
1199 3400 1274 3472 μὴ
1297 3399 1478 3472 φέρων
1509 3397 1606 3466 τὴν
1645 3396 1914 3460 κάκωσιν,

337 3496 614 3570 εἰργέσθω
641 3496 744 3568 τῆς
771 3495 1078 3558 κοινωνίας.
1112 3493 1270 3548 Κατὰ
1298 3490 1536 3563 Χριστοῦ
1577 3489 1688 3562 γὰρ
1727 3506 1919 3543 κοινωο

337 3593 530 3664 νήσας.
562 3591 682 3654 πῶς
713 3590 917 3646 δύναιτ’
949 3588 1015 3642 ἂν
1037 3586 1260 3658 Χριστῷ
1301 3586 1616 3650 κοινωνεϊν;
1657 3583 1770 3646 Τῆς
1807 3579 1919 3652 γάρ

337 3680 727 3749 ἑγκρατήσεως
776 3677 878 3747 τῆς
933 3675 1248 3746 ἱερουργίας
1289 3671 1441 3745 παρά
1483 3671 1767 3742 συνοδικῆς
1803 3671 1921 3723 ὲπιο

339 3771 594 3842 σκέψεως
624 3773 659 3842 ή
688 3770 865 3835 λύσις.
906 3769 968 3826 Ὀ
1003 3769 1164 3837 δόξας
1197 3768 1339 3841 μετά
1363 3767 1464 3838 τὴν
1507 3759 1681 3836 ἧτταν
1707 3764 1921 3819 ἀναπα-

336 3864 526 3919 λαϊσαι
545 3880 560 3895 °
577 3862 939 3934 άποχωρείτω
966 3862 1062 3917 τοῦ
1085 3863 1143 3916 ὲν
1162 3854 1207 3929 ᾧ
1232 3859 1528 3925 ἐκαθέζετο
1555 3857 1686 3928 πρὶν
1707 3855 1874 3910 τόπου
1898 3867 1918 3888 ⁸

338 3956 466 4010 ἐπεὶ
495 3954 613 4019 πῶς
643 3953 1024 4025 γνωσθήσεται
1068 3953 1218 4026 αὐτῷ
1265 3971 1326 4007 τε
1373 3951 1568 4024 ἐκείνῳ
1605 3951 1641 4022 ἡ
1680 3947 1917 4020 ἄρνησις

336 4051 412 4122 ἢν
437 4049 649 4119 ὑπέστη
669 4086 686 4115 ,
718 4047 816 4102 καὶ
843 4045 1026 4111 ἄλλοις
1050 4063 1068 4113 ;

411 4223 493 4282 Οὐ
565 4222 731 4296 χωρῶ
797 4222 1088 4294 ἐπιτρέψαι
1130 4237 1146 4255 °
1184 4220 1272 4276 ἐπ’
1325 4219 1393 4276 ἀν
1443 4220 1480 4292 ή
1552 4219 1922 4283 ἀναπάλαισις

339 4315 510 4372 αὐτοῦ
539 4315 773 4388 μάλιστα
788 4317 888 4370 οὐκ
916 4315 1136 4385 ἐγένετο
1167 4317 1226 4368 ὲν
1258 4315 1516 4387 ἐπισήμῳ
1545 4314 1656 4368 τινὶ
1683 4314 1920 4386 δράματι

337 4405 458 4467 οἷον
493 4413 586 4467 ἐπὶ
623 4411 717 4467 τοῦ
746 4410 1089 4474 Λαοδικείας.
1119 4410 1256 4464 Οὐδὲ
1287 4409 1397 4481 γάρ
1447 4409 1642 4481 ἐκείνῳ
1673 4409 1920 4478 συμϐου-

2021 3229 2148 3301 legis
2181 3237 2258 3283 est
2278 3227 2492 3282 dilectio
2517 3227 2586 3292 8",
2615 3239 2769 3281 suam
2802 3238 3018 3294 quoque
3053 3220 3329 3277 suadelam
3374 3217 3542 3273 habet
3581 3233 3596 3272 :

2019 3322 2125 3377 hoc
2165 3320 2344 3390 ipsum
2377 3318 2525 3382 dico,
2559 3316 2702 3386 quod
2725 3315 2792 3371 de
2834 3313 3038 3369 nostris
3071 3330 3086 3368 :
3144 3325 3272 3366 nam
3322 3318 3379 3365 et
3426 3306 3599 3362 nostri

2017 3423 2146 3472 sunt
2165 3415 2331 3468 etiam
2352 3410 2448 3465 illi.
2473 3408 2758 3478 Presbyter
2775 3420 2873 3461 seu
2897 3401 3305 3473 subscripserit,
3329 3415 3426 3455 seu
3451 3405 3601 3452 metu

2018 3499 2443 3561 communicarit
2492 3497 2840 3553 amictionem
2865 3510 2978 3550 non
3016 3493 3198 3549 ferens
3234 3508 3250 3558 ;
3285 3506 3316 3545 a
3349 3503 3599 3546 commu-

2017 3597 2184 3652 nione
2213 3601 2483 3650 arceatur.
2516 3589 2622 3657 Qui
2651 3588 2798 3644 enim
2835 3587 3094 3643 adversus
3135 3583 3416 3641 Christum
3447 3594 3601 3637 com-

2020 3686 2338 3743 munionem
2371 3684 2511 3748 iniit,
2551 3683 2644 3754 qui
2699 3688 2876 3752 potest
2918 3694 3042 3735 cum
3083 3676 3300 3734 Christo
3352 3689 3599 3731 commu-

2019 3774 2249 3830 nicare?
2283 3771 2617 3828 Privationis
2665 3771 2814 3826 enim
2862 3767 3115 3824 sacriﬁcii
3148 3765 3411 3823 relaxatio
3439 3777 3604 3835 syno-

2019 3867 2156 3925 dicae
2175 3874 2262 3922 est
2281 3862 2715 3920 consultationis.
2741 3859 2844 3927 Qui
2867 3869 2991 3944 post
3005 3859 3217 3929 lapsum
3234 3857 3301 3912 ad
3323 3863 3600 3912 certamen

2020 3961 2219 4017 iterum
2251 3957 2564 4019 revertitur,
2591 3955 2864 4010 abstineat
2889 3953 2959 4009 ab
2986 3968 3054 4009 eo
3092 3953 3214 4008 loco
3245 3965 3409 4021 quem
3447 3949 3598 4020 prius

2019 4054 2256 4112 obtinuit
2287 4069 2302 4108 :
2345 4050 2546 4121 alioqui
2571 4050 2847 4120 quomodo
2883 4051 3193 4104 innotescat
3225 4055 3344 4101 tum
3377 4043 3599 4114 ipsimet

2021 4147 2237 4220 negatio
2271 4160 2434 4216 quam
2469 4157 2665 4214 passus
2693 4149 2800 4206 est,
2825 4153 2939 4197 tum
2967 4141 3140 4196 aliis?

2093 4238 2212 4294 Non
2252 4251 2478 4309 possum
2531 4234 2842 4305 permittere
2876 4252 2890 4287 :
2918 4231 3219 4302 praesertim
3251 4228 3473 4301 quando
3503 4227 3605 4282 ite-

2020 4341 2139 4388 rata
2172 4331 2344 4402 ipsius
2379 4343 2556 4400 pugna
2603 4327 2802 4398 insigni
2848 4325 3105 4396 quopiam
3149 4338 3314 4394 opere
3346 4337 3453 4376 non
3485 4337 3606 4376 cer-

2023 4424 2206 4479 nitur:
2231 4419 2693 4492 quemadmodum
2733 4418 2786 4472 in
2811 4418 3069 4488 episcopo
3091 4415 3392 4471 Laodiceae.
3417 4413 3606 4484 Neque

317 4503 602 4576 ⁶λεύσαιμι
633 4506 701 4559 ἂν
721 4505 897 4574 ἔγωγε
937 4505 1264 4575 ἱερουργεῖν,
1319 4503 1353 4574 ἢ
1413 4503 1578 4574 μόνον
1636 4504 1918 4556 κοινωνεῖν

2023 4515 2168 4572 enim
2198 4515 2273 4570 illi
2305 4526 2408 4584 ego
2437 4520 2628 4567 auctor
2658 4509 2855 4566 luerim
2897 4507 3264 4569 sacriﬁcandi,
3299 4505 3393 4561 sed
3445 4520 3603 4559 com-

339 4597 433 4651 διά
460 4596 522 4650 τδ
546 4595 840 4666 ἐπίσημον.
867 4595 1055 4658 Οὕτως
1078 4593 1172 4648 ἐπὶ
1201 4593 1296 4648 τοῦ
1349 4592 1604 4664 τυχόντος
1657 4592 1921 4663 μονάζον-

340 4703 438 4751 τος
459 4702 477 4720 ⁸
509 4685 686 4750 οὕτως
716 4685 811 4739 επὶ
829 4685 1022 4740 λαϊκοῦ
1046 4701 1062 4718 ο
1097 4682 1273 4757 εἷρξις
1301 4683 1406 4754 τῆς
1435 4685 1746 4750 κοινωνίας,
1781 4686 1923 4755 μετὰ

339 4776 454 4832 τῶν
485 4775 664 4831 ἄλλων
685 4777 856 4844 ἀξίων
885 4775 1117 4847 καρπῶν
1171 4777 1277 4846 τῆς
1317 4776 1610 4846 μετανοίας
1643 4793 1658 4808 ο
1713 4777 1924 4848 ἀναμέ-
1957 4825 1962 4830 .

341 4885 460 4924 νειν
483 4885 543 4922 τε
571 4868 663 4921 τὸν
693 4867 887 4938 καιρὸν
914 4867 1016 4938 τῆς
1039 4865 1375 4940 ὀρθοθοξίας.
1412 4869 1562 4939 Πλὴν
1584 4868 1774 4941 ἐπειδὴ
1831 4871 1922 4922 ὲν-

339 4959 583 5029 δέχεται,
616 4958 712 5011 καὶ
749 4956 944 5027 ὕφεσιν
974 4957 1072 5010 καὶ
1119 4957 1419 5028 πρόσθεσιν
1465 4957 1716 5027 γίνεσθαι
1773 4958 1927 5030 παρὰ

338 5047 446 5102 τοῦ
474 5047 845 5120 ἐπιτιμῶντος
867 5068 881 5080 ·
914 5047 1008 5101 ἐπὶ
1030 5047 1131 5118 τῆς
1163 5048 1452 5112 κοινωνίας
1473 5048 1618 5118 λέγω
1638 5064 1654 5081 ο
1685 5051 1927 5104 ἐκτεινο-

344 5139 529 5209 μένων
551 5139 660 5193 τῶν
683 5139 894 5211 χρόνων
920 5140 1022 5211 τῆς
1053 5140 1324 5209 αἱρέσεως
1355 5141 1500 5194 κατά
1519 5140 1587 5194 τὰ
1635 5141 1928 5214 ἀθεώρητα

339 5231 592 5302 κρίματα
624 5231 726 5300 τῆς
750 5231 968 5295 δικαίας
1011 5231 1182 5303 ὀργῆς
1209 5230 1306 5285 τοῦ
1335 5231 1472 5286 Θεοῦ
1497 5248 1513 5264 ο
1549 5233 1667 5286 ἐστι
1693 5233 1789 5287 καὶ
1818 5233 1926 5304 πρὸ

341 5321 570 5375 συνόδου
602 5321 767 5381 λῦσαι
790 5324 852 5376 ιν
911 5322 1105 5394 Κυρίῳ
1127 5339 1144 5356 ο
1206 5322 1394 5387 καθὼς
1441 5323 1810 5378 ὑποπέπτωκε
1861 5325 1925 5378 τὸ

337 5413 642 5490 πρόσωπον
671 5413 972 5486 βαρύτερον
1003 5414 1037 5486 ἢ
1072 5413 1440 5485 ἐλαφρότερον
1466 5430 1481 5446 ο
1535 5417 1634 5470 καὶ
1680 5417 1805 5472 καθ’
1855 5418 1924 5490 ἣν

337 5503 508 5558 πάλιν
539 5502 892 5558 ὑποδείκνυσι
927 5504 1219 5575 μετάνοιαν
1249 5519 1264 5533 ·
1293 5504 1376 5569 είς
1423 5522 1485 5559 τε
1539 5506 1669 5570 τούς
1720 5508 1925 5578 ἡμετέ-

341 5613 474 5667 ρους
498 5597 595 5651 καὶ
619 5597 748 5661 τοὺς
778 5597 904 5666 ἔξω,
933 5598 1314 5652 συνεστιᾶσθαι
1343 5598 1545 5664 αὐτοὺς
1568 5601 1630 5654 οὐ
1651 5601 1926 5656 κωλυτέον

2016 4605 2333 4663 municandi
2357 4613 2567 4660 tantum
2599 4613 2822 4673 propter
2851 4600 3245 4657 celebritatem.
3276 4597 3369 4653 Sic
3399 4597 3456 4652 in
3483 4612 3604 4650 mo-

2017 4699 2193 4755 nacho
2257 4711 2612 4768 unoquoque,
2660 4695 2744 4750 sic
2793 4694 2846 4748 in
2898 4693 3085 4747 laico:
3120 4690 3392 4746 arcendus
3437 4696 3522 4744 est
3573 4703 3603 4742 a

2015 4789 2424 4853 communione,
2437 4803 2563 4844 cum
2585 4786 2709 4842 aliis
2733 4785 2914 4856 dignis
2944 4782 3212 4839 fructibus
3230 4778 3563 4852 pteniteuliae
3587 4795 3602 4833 :

2017 4879 2554 4950 exspectantiumque
2573 4887 2786 4947 tempus
2804 4876 2926 4931 ﬁdei
2951 4874 3290 4930 orthodoxae.
3308 4867 3604 4932 Caeterum,

2028 4970 2288 5042 quoniam
2327 4978 2382 5024 et
2404 4968 2606 5025 remitti
2632 4979 2687 5023 et
2716 4965 2922 5022 intendi
2960 4979 3177 5037 poenam
3208 4964 3278 5018 ab
3309 4977 3376 5017 eo
3407 4960 3492 5015 fas
3521 4969 3607 5014 est

2027 5063 2124 5133 qui
2173 5062 2430 5130 imponit;
2461 5061 2529 5116 de
2577 5059 2968 5114 communione
3025 5059 3247 5128 loquor;
3296 5055 3340 5111 si
3375 5051 3607 5108 occultis

2021 5154 2186 5226 justas
2213 5151 2306 5208 Dei
2340 5153 2434 5208 iraa
2459 5151 2684 5222 iudiciis
2713 5152 2984 5206 haereseos
3025 5158 3269 5219 tempora
3303 5160 3607 5217 prorogan-

2027 5255 2137 5310 tur,
2159 5245 2518 5300 Iicebitetiam
2541 5251 2664 5298 aute
2685 5243 2956 5314 synodum
2989 5241 3044 5295 in
3076 5239 3313 5295 Domino
3334 5238 3605 5298 relaxare,

2033 5345 2194 5408 prout
2219 5351 2453 5408 persona
2487 5335 2710 5405 gravius
2741 5335 2984 5390 Ieviusve
3009 5333 3158 5403 lapsa
3191 5339 3297 5395 est,
3334 5339 3388 5384 et
3417 5344 3515 5398 pro
3543 5342 3608 5382 ea

2031 5443 2250 5484 rursum
2289 5427 2630 5498 poenitentia,
2657 5442 2820 5498 quam
2870 5442 2982 5498 pra:
3031 5441 3091 5481 se
3134 5425 3237 5479 l‘ert
3278 5439 3291 5476 :
3331 5431 3447 5476 tum
3479 5433 3610 5488 erga

2032 5531 2275 5584 nostros,
2309 5528 2422 5574 tum
2453 5533 2582 5589 erga
2615 5526 2903 5574 extraneos
2928 5514 3326 5587 prohibendum
3354 5525 3462 5563 non
3488 5518 3608 5573 est;

2031 5605 2165 5676 quin
2194 5621 2302 5661 una
2324 5606 2631 5678 cpulentur,
2661 5622 2768 5661 non
2797 5615 2978 5660 tamen
3027 5613 3088 5658 ut
3123 5599 3451 5656 benedicaut
3484 5607 3610 5650 ante

415 5711 460 5792 ’ξ
483 5711 662 5792 Epist.
723 5711 850 5792 eis.
926 5689 1178 5792 νίψει.
1219 5713 1340 5777 192,
1379 5712 1664 5792 nicopolit.
1692 5717 1912 5792 prcsbyt

2018 5721 2107 5778 "1
2149 5723 2274 5782 Cor.
2305 5741 2394 5791 xv,
2425 5713 2526 5782 32..
2591 5723 2639 5757 "
2677 5721 2840 5780 ﬂibid.
2882 5722 2972 5777 55.
3048 5719 3093 5750 ⁷⁸
3142 5715 3184 5773 ll
3220 5714 3347 5772 Cor.
3385 5731 3459 5779 γι,
3521 5712 3604 5768 Η.

315 5861 317 5863 ι
349 5783 396 5816 ⁷³
429 5779 450 5836 l
478 5779 603 5838 Cor.
632 5799 741 5849 xw,
776 5783 866 5839 ‘20.
943 5784 990 5816 ⁸ο
1021 5779 1178 5840 Rom.
1214 5800 1329 5847 xm.
1375 5784 1462 5841 10.
