4054 6364
545 336 680 402 liFl

1729 348 1795 406 S.
1823 345 2220 407 TIIEODORI
2269 345 2622 407 STUDITAB

3680 345 3817 412 1152

541 456 956 510 retasatlonem.
977 455 1103 512 "rec
1139 463 1267 511 siml
1291 471 1413 527 quae
1433 457 1609 512 dehis
1633 457 1808 512 habeo
1838 458 1891 511 iit
1920 459 2109 512 timore

2221 457 2320 527 οὐχ
2353 456 2442 510 ἵνα
2473 456 2774 526 εὐλογῶσιν
2799 457 2909 520 ’ἕως
2935 455 3169 520 λῦσεως.
3197 455 3453 514 Τοσαῦτα
3494 475 3589 528 μοι
3627 452 3811 514 ὦπται

543 545 636 600 Dei
665 557 718 600 et
743 547 991 602 veritate.
1016 547 1074 602 Si
1095 550 1230 616 quid
1263 550 1389 604 novi
1418 551 1504 603 vel
1531 565 1562 604 ιι
1601 549 1757 604 vobis
1787 549 1869 603 vel
1898 550 1968 605 ab
1995 550 2118 606 aliis

541 636 872 704 proferatur,
905 637 1134 694 discam.
1166 638 1362 694 Fateor
1384 641 1530 694 enim
1558 655 1646 694 me
1677 639 1730 693 in
1757 640 1948 696 multis
1997 655 2120 710 pec-

539 744 666 782 rare
696 748 712 784 :
743 738 796 784 et
829 730 998 783 multa
1035 730 1246 784 nescire
1291 745 1398 785 non
1447 731 1650 786 abnuo.
1706 730 1892 786 Saluta
1922 731 2119 788 fratres

541 829 666 875 tuos
706 831 757 874 et
787 820 928 876 filios
959 835 1137 886 meos,
1169 820 1388 876 Petrum
1421 822 1695 886 abbatem,
1719 833 1776 878 et
1821 824 2114 894 lgnatium,

539 921 594 965 et
624 910 878 976 Tithoen,
903 911 1242 967 desideratos
1269 912 1407 966 mihi
1439 912 1491 967 in
1518 913 1748 970 Domino
1766 917 2118 984 etadjutores

543 1017 718 1056 meos.
745 1003 928 1056 Saluta
959 1017 1055 1056 eos
1071 1003 1164 1072 qui
1187 1003 1490 1058 mihichari
1517 1013 1732 1060 suntex
1765 1017 1952 1062 sancta
1983 1021 2120 1061 con-

541 1093 872 1162 gregatione.
913 1089 1104 1147 Saluta
1161 1094 1545 1163 mysteriorum
1597 1095 1874 1163 custodes,
1909 1097 2119 1154 viscera

544 1198 661 1236 mea
717 1183 1063 1239 charissima.
1113 1182 1302 1239 Saluta
1378 1201 1500 1241 eam
1558 1189 1718 1254 cuius
1762 1204 1992 1260 magnus
2037 1199 2122 1247 est

542 1273 694 1326 labor
720 1274 774 1326 in
797 1271 1060 1329 Domino:
1083 1275 1150 1330 de
1179 1291 1287 1344 qua
1311 1277 1514 1347 recipio
1539 1285 1593 1332 et
1621 1279 1839 1334 abundo
1861 1282 1911 1333 in
1941 1281 2118 1337 bonis.

541 1363 727 1418 Saluta
781 1377 972 1422 omnes
1024 1367 1083 1421 in
1129 1365 1352 1422 Christo
1409 1367 1627 1433 fratres,
1660 1371 1822 1424 etiam
1856 1372 1955 1440 qui
1989 1381 2122 1426 sunt

540 1457 683 1520 laici,
734 1473 798 1512 ex
847 1459 1048 1529 quibus
1090 1471 1176 1516 est
1222 1460 1444 1530 Sergius
1486 1463 1607 1532 pius
1636 1473 1692 1517 et
1741 1463 1965 1535 Engins.
2014 1465 2119 1534 Qui

540 1563 754 1601 mecum
785 1558 912 1603 sunt
943 1548 1140 1606 fratres
1171 1564 1387 1621 semper
1423 1553 1608 1608 dilecti
1642 1564 1694 1608 te
1713 1563 1768 1609 et
1803 1555 1942 1609 alios
1973 1556 2123 1611 salu-

541 1647 674 1694 tant.
705 1638 1036 1696 Mementote
1083 1645 1364 1698 tenuitatis
1410 1659 1563 1700 meae.
1611 1645 1880 1704 Dominus
1932 1657 2124 1706 noster

537 1728 700 1787 Jesus
735 1731 988 1790 Christus
1015 1733 1324 1797 vobiscum,
1354 1734 1574 1792 fratres.

878 2046 994 2104 XII.
1019 2080 1090 2093 —
1115 2049 1373 2106 Paschafi
1403 2070 1558 2124 papa:
1579 2054 1779 2112 Romaz.

2222 548 2356 618 περὶ
2379 547 2590 600 τούτων
2615 549 2675 600 ἐν
2697 547 2851 618 φόδῳ
2881 547 3023 602 Θεοῦ
3059 548 3156 602 καὶ
3181 547 3435 620 ἀληθείᾳ.
3477 550 3541 603 Ei
3571 549 3631 603 δέ
3663 567 3719 604 τι
3761 552 3818 619 εξ

2223 634 2381 704 ὑμῶν
2405 634 2438 704 ἢ
2466 635 2562 688 ἀπ’
2591 633 2770 688 ἄλλων
2793 634 3137 706 καινότερον,
3200 635 3458 706 διδαχθῶ.
3526 637 3812 707 Ὁμολογεῖ»

2220 725 2331 796 γὰρ
2362 724 2442 788 ὡς
2467 724 2636 778 πολλὰ
2663 725 2999 795 ἁμαρτάνων
3017 763 3034 786 .
3072 725 3169 778 καὶ
3203 726 3381 780 πολλὰ
3409 728 3631 796 ἀγνοεῖν
3668 727 3820 796 δέχο-

2223 833 2342 886 μαι.
2387 817 2665 868 Ἄσπασαι
2703 816 2830 878 τοὺς
2861 815 3130 884 ἀδελφούς
3159 833 3254 872 σου
3285 819 3382 872 καὶ
3405 819 3476 872 τὰ
3497 819 3666 872 τέκνα
3692 836 3816 888 μου,

2218 907 2310 960 τὸν
2342 906 2518 960 ὰὸὁᾶν
2548 907 2777 977 Πέτρον,
2806 907 2904 961 καὶ
2944 907 3226 974 Ἰγνάτιον,
3267 909 3363 962 καὶ
3392 909 3596 978 Τιθόην

2219 997 2356 1070 Reg.
2388 997 2643 1070 Τιδόῖον],
2676 998 2808 1062 τοὺς
2829 999 2890 1051 εν
2939 999 3129 1070 Κυρίῳ
3155 999 3529 1072 ἑπιποθήτους
3551 1017 3659 1070 μου
3717 1005 3814 1055 καὶ

2220 1089 2546 1160 συνεργούς.
2587 1091 2870 1144 ¹Ἄσπασαι
2899 1090 3026 1153 τοὺς
3055 1091 3122 1144 ἐκ
3148 1090 3248 1161 τῆς
3267 1091 3433 1159 ἁγίας
3459 1090 3712 1174 συνοδίας
3727 1108 3817 1161 9t-

2219 1180 2420 1252 λητούς
2451 1197 2578 1252 μου.
2616 1183 2904 1236 ’Ἄσπασαι
2932 1183 3062 1247 τοὺς
3137 1183 3688 1254 μυστηριοφύλακας,
3749 1185 3816 1237 τὰ

2221 1273 2244 1326 ὲ
2253 1273 2335 1343 μὰ
2379 1271 2722 1342 ὴγαπημὲνα
2747 1271 3054 1343 σπλάγχνα.
3091 1273 3374 1343 ’Ἄσπασαι
3402 1274 3505 1343 τὴν
3529 1273 3816 1327 κοπιῶσιν

2221 1339 2280 1417 ὲν
2307 1339 2496 1434 Κυρίῳ
2517 1379 2534 1396 ο
2558 1339 2634 1433 ἧς
2668 1363 2864 1433 ἀπέχω
2901 1339 2998 1417 καὶ
3041 1339 3363 1432 restitissent»
3421 1339 3482 1418 tv
3539 1365 3774 1432 ἀγαθοῖς
3796 1382 3812 1394 ο

2221 1455 2466 1509 ἇσπασαι
2491 1455 2702 1519 πάντας
2728 1456 2860 1520 τοὺς
2883 1456 2944 1508 ὲν
2970 1454 3193 1526 Χριστῷ
3215 1454 3486 1523 ἀδελφοὺς
3507 1495 3524 1522 ,
3563 1455 3674 1509 κᾶν
3687 1455 3810 1508 λαῖ-

2221 1547 2335 1612 xei,
2385 1546 2445 1612 ἐξ
2475 1539 2552 1600 ὧν
2586 1545 2814 1617 Σέργιος
2837 1549 2868 1600 ὸ
2891 1544 3127 1616 εὐσεϐὴς
3163 1545 3260 1600 καὶ
3281 1545 3470 1615 ἐγγιος
3503 1544 3568 1618 [f.
3605 1544 3810 1618 artos].

2235 1638 2597 1702 ’Δσπάζονται
2615 1638 2686 1692 σε
2705 1635 2802 1692 καὶ
2830 1639 2959 1702 τοὺς
2983 1637 3182 1701 ἄλλους
3209 1637 3260 1690 ei
3291 1637 3393 1691 σῦν
3435 1637 3563 1706 ἐμοὶ
3587 1636 3812 1708 ἀδελφοὶ

2223 1729 2562 1801 ἀειπόθητοι.
2595 1727 2986 1798 Μνημονεύετὲ
3015 1744 3118 1798 μου
3156 1727 3256 1799 τῆς
3279 1725 3691 1791 ταπεινώσεως.
3752 1729 3809 1782 '0

2148 1786 2194 1847 Β
2221 1820 2428 1890 Κύριος
2445 1786 2616 1892 ’ἡμῶν
2677 1786 2886 1890 ’ίήσοῦς
2939 1786 3178 1891 Χριστὸς
3210 1786 3357 1890 ’μεθ’
3412 1820 3590 1891 ὑμῶν,
3647 1786 3810 1874 tua.

2229 1913 2320 1983 φοί
2329 1955 2342 1968 .

2511 2053 2616 2108 lB'.
2635 2081 2708 2092 —
2740 2049 3072 2120 Πασχαλιῳ
3091 2048 3265 2120 πὰπᾳ.
3306 2050 3564 2122 Ῥώμης.

1020 2166 1228 2218 Romani
1263 2170 1508 2230 pontificis
1536 2183 1685 2234 opem
1705 2174 1942 2224 adversus
1965 2172 2311 2224 lconomachos
2333 2169 2583 2232 exposcit.
2625 2167 2829 2230 (Baron.
2855 2177 2936 2214 an.
2967 2163 3080 2224 8t7,
3111 2177 3159 2214 ιι,
3183 2164 3286 2224 il.)

538 2271 766 2327 Prorsus
793 2277 1130 2330 sanctissimo
1151 2277 1405 2333 luminari
1434 2295 1655 2349 magno,
1689 2284 1992 2337 antistitum
2014 2299 2108 2336 su-

601 2380 802 2432 premo,
849 2364 1061 2420 domino
1111 2380 1317 2432 nostro,
1352 2371 1566 2426 domino
1611 2375 1901 2441 apostolica
1934 2389 2105 2441 papw,

602 2457 857 2520 Joannes,
888 2457 1230 2526 Theodosius,
1257 2462 1604 2530 Athanasius,
1641 2463 1898 2528 Joannes,
1938 2464 2105 2519 Theo-

595 2551 788 2614 dorus,
828 2554 1031 2606 minimi
1058 2555 1354 2626 presbyteri
1385 2568 1435 2610 et
1465 2561 1739 2629 praepositi
1793 2575 1976 2613 eorum
2013 2561 2103 2629 qui

597 2645 748 2712 apud
781 2645 1040 2712 Cothara,
1093 2647 1408 2716 Picridittm,
1443 2651 1844 2723 Paulopetriuut
1866 2691 1883 2718 ,
1929 2652 2102 2708 Ence-

601 2738 766 2802 riaot,
797 2750 845 2793 et
865 2739 1137 2798 Studium.

602 2917 800 2971 Audita
853 2917 966 2987 jam
1031 2928 1164 2974 sunt
1208 2920 1351 2975 haud
1395 2922 1560 2978 dubie
1605 2939 1877 2994 supremae
1918 2937 2112 2984 vestra:

531 3007 857 3062 beatitudini
887 3022 947 3062 ea
993 3023 1114 3078 quae
1148 3020 1368 3080 propter
1420 3023 1662 3081 peceata-
1693 3024 1878 3071 nostra
1913 3016 1966 3071 in
2009 3032 2110 3072 no-

531 3109 704 3154 stram
764 3099 1061 3156 Ecclesiam
1119 3102 1389 3159 invasere.
1426 3105 1636 3160 Etenim
1678 3105 1802 3161 facti
1835 3121 2025 3163 sumus
2054 3108 2106 3163 in

2222 2279 2305 2346 Τῷ
2325 2279 2522 2332 πάντα
2547 2273 3000 2345 πανατεστάτφ.
3018 2271 3290 2342 φωστῆρι
3301 2271 3566 2341 μεγάλῳ,
3589 2272 3803 2340 ἀρχα-

2277 2370 2380 2440 psi
2408 2369 2753 2439 πρωτίστῳ,
2794 2364 2978 2433 κυρίῳ
3005 2361 3196 2432 ἡμῶν,
3229 2362 3497 2431 δεσπότῃ
3533 2363 3800 2419 damn.

2284 2461 2434 2528 λικῷ
2461 2459 2653 2527 πὰπᾳ,
2703 2456 3010 2524 Ἰωάννης,
3041 2454 3386 2521 Θεοδόσιος,
3419 2453 3798 2522 Ἀθανάσιος,

2294 2553 2602 2621 Ἰωάννης,
2657 2550 2976 2618 Θεόδωρος,
3019 2547 3336 2616 ἐλάχιστοι
3395 2548 3796 2615 πρεσϐύτεροι

2281 2649 2380 2702 καί
2402 2647 2726 2716 ἡγούμενοι
2753 2642 2875 2697 τῶν
2891 2641 3130 2710 Καθαρὰ
3148 2681 3164 2706 ,
3194 2639 3315 2694 τῶν
3339 2639 3674 2708 Πικριδίου,
3691 2639 3797 2694 τοῦ

2283 2737 2753 2805 Παυλοπετρίου,
2825 2733 2937 2803 τῆς
2967 2733 3279 2801 Εὑκερίας,
3307 2729 3427 2785 τῶν
3477 2729 3792 2785 Σπουδίου.

2290 2929 2429 3001 Ἤδη
2461 2945 2562 2982 που
2598 2927 2822 2989 πάντως
2880 2925 3146 2997 ήκουσται
3193 2925 3260 2993 τῇ
3326 2924 3606 2993 κορυφαίῳ.
3643 2921 3798 2991 ὑμῶν

2219 3021 2587 3094 μακαριότητι
2615 3017 2686 3072 τὰ
2709 3016 2853 3071 κατὰ
2909 3015 3007 3079 τὰς
3033 3013 3317 3086 ἁμαρτίας
3355 3014 3520 3085 ήμῶν
3549 3014 3618 3083 τῇ
3661 3011 3782 3066 καθ’

2215 3113 2364 3184 ἡμᾶς
2403 3109 2704 3182 Ἐκκλησία
2733 3107 3046 3162 ἐπελθόντα.
3109 3106 3221 3159 Καὶ
3269 3105 3382 3176 γὰρ
3443 3103 3794 3173 γεγενήμεθα

535 3189 846 3257 parabolam
897 3200 951 3246 et
1001 3193 1350 3261 proverbium
1401 3197 1659 3252 omnibus
1708 3197 1996 3266 gentibus.
2051 3209 2106 3252 ut

2212 3207 2294 3268 είς
2319 3201 2640 3274 παραϐολὴν
2675 3202 2771 3254 καὶ
2801 3200 3048 3269 διήγημα
3105 3197 3162 3250 ιν
3219 3197 3490 3258 πᾶσιτοῖς
3561 3194 3744 3249 ἔθνεσι
3771 3235 3790 3262 ,

533 3282 837 3358 secundum
890 3283 1226 3353 Scripturam
1276 3286 1524 3356 loquar"
1567 3305 1583 3342 :
1629 3290 1869 3343 nondum
1926 3297 2105 3344 tamen

537 3371 771 3426 fortasse
785 3387 847 3426 ea
868 3371 1105 3442 perfecte
1129 3383 1183 3429 et
1205 3390 1300 3445 per
1317 3377 1580 3445 epistolas
1600 3379 1910 3434 renuntiata
1937 3380 2106 3436 fuere.

535 3459 718 3526 Quare
741 3476 843 3516 nos
874 3462 1109 3527 minimi,
1150 3465 1252 3519 etsi
1280 3466 1583 3521 membrum
1627 3469 1872 3536 corporis
1895 3470 2110 3526 Christi

536 3552 788 3607 ultimum
816 3569 1008 3610 sumus
1036 3572 1051 3611 :
1078 3565 1290 3623 tamen,
1313 3573 1436 3613 cum
1469 3560 1516 3614 is
1544 3559 1636 3630 qui
1666 3571 1828 3630 caput
1861 3570 2107 3617 nostrum

535 3651 638 3708 est,
657 3646 908 3714 captivus
941 3647 1031 3711 sit,
1071 3647 1235 3717 atque
1259 3649 1294 3702 ii
1316 3649 1410 3719 qui
1437 3650 1576 3705 inter
1613 3650 1808 3707 fratres
1843 3653 2107 3718 eminent,

445 3767 455 3776 -
538 3737 645 3792 huc
685 3745 850 3807 atque
883 3737 1012 3793 illnc
1050 3739 1300 3808 dissipati
1340 3758 1355 3794 :
1389 3741 1575 3811 aliquo
1609 3742 1772 3796 modo
1805 3745 2106 3813 potuimus,

533 3843 600 3882 ex
635 3841 700 3882 eo
727 3829 871 3898 quod
899 3844 1066 3899 prope
1085 3845 1296 3897 sumus,
1315 3841 1370 3887 et
1389 3847 1456 3887 ex
1481 3845 1670 3888 mutua
1689 3835 2106 3904 significatione,

537 3931 794 3988 tanquam
824 3935 928 3974 uno
949 3921 1142 3990 spiritu
1165 3933 1219 3978 et
1243 3925 1624 3980 communibus
1655 3927 1834 3982 verbis
1859 3929 2109 3998 quamvis

535 4009 882 4064 temerarium
930 4011 1026 4077 sit,
1068 4013 1173 4068 ista
1210 4013 1470 4070 scribere.
1523 4015 1688 4079 Audi,
1747 4017 2106 4085 apostolicum

533 4109 717 4170 caput,
756 4116 789 4156 a
833 4100 944 4156 Deo
979 4103 1268 4173 pra-posite
1297 4113 1480 4174 pastor
1507 4106 1692 4162 ovium
1719 4107 1942 4173 Christi,
1961 4107 2107 4178 jani-

534 4201 619 4244 tor
637 4193 786 4260 regni
814 4192 1102 4256 caelorum,
1124 4201 1273 4262 petra
1306 4195 1429 4250 fidei
1464 4212 1630 4267 super
1653 4212 1820 4267 quam
1839 4199 2104 4256 aedificata

533 4293 614 4334 est
647 4282 916 4338 catholica
949 4282 1211 4340 Ecclesia.
1245 4287 1437 4344 Petrus
1466 4289 1610 4345 enim
1644 4298 1720 4356 tn,
1745 4289 1889 4347 Petri
1921 4293 2102 4348 sedero

534 4387 810 4426 exornans
846 4380 901 4425 et
935 4373 1266 4439 gubernans.
1315 4375 1452 4446 Lupi
1486 4393 1678 4450 graves
1712 4379 2025 4451 irruperunt
2047 4382 2104 4438 in

535 4464 748 4518 caulam
803 4465 1016 4520 Domini
1047 4483 1062 4520 :
1092 4475 1260 4536 porta:
1299 4468 1475 4536 inferi,
1501 4479 1558 4525 nt
1582 4472 1734 4537 olim,
1775 4481 1948 4544 rupta:
1978 4485 2106 4531 sunt

2216 3298 2508 3370 Γραφικῶς
2539 3297 2716 3349 εἰπεῖν
2735 3311 2750 3326 ο
2775 3294 2838 3348 οὐ
2865 3293 2972 3364 μὴν
2995 3293 3128 3355 ἴσως
3150 3293 3184 3362 ή
3213 3290 3536 3358 ἀπαγγελία
3558 3288 3793 3351 insitth

2211 3405 2272 3442 τε
2301 3391 2396 3441 xui.
2428 3385 2814 3449 ἑπιστολικῶς.
2842 3386 3048 3455 Διόπερ
3081 3384 3248 3453 ἡμεῖς
3300 3383 3354 3435 oi
3392 3380 3698 3451 ιλάχιστοι,
3746 3379 3794 3432 εί

2211 3479 2310 3532 καὶ
2340 3478 2502 3550 μέλος
2549 3495 2654 3532 που
2678 3477 2777 3531 τοῦ
2825 3476 3076 3546 σώματος
3116 3474 3357 3546 Χριστοῦ
3394 3473 3628 3544 ἔσχατον
3657 3489 3793 3541 τυτ-

2211 3571 2466 3642 χάνοντες
2489 3583 2506 3603 δ
2545 3570 2695 3641 ὅμως
2723 3569 2826 3639 τῆς
2846 3566 3092 3638 κεφαλῆς
3121 3565 3282 3637 ἡμῶν
3309 3567 3662 3636 είργομένης,
3683 3564 3794 3617 τῶν

2209 3680 2270 3716 τε
2331 3664 2391 3716 ιν
2428 3663 2752 3733 ἀδελφότητι
2809 3662 3154 3733 προεχόντων
3220 3653 3325 3714 ὧδέ
3354 3676 3414 3713 τε
3441 3660 3668 3712 κάκεῖσε
3715 3658 3796 3710 δι-

2209 3756 2573 3826 εσπαρμένων
2591 3771 2605 3784 ·
2635 3753 2983 3825 ἠδυνήθημεν
3007 3771 3125 3816 πως
3152 3753 3218 3806 ὲκ
3276 3751 3373 3804 τοῦ
3416 3751 3690 3819 σύνεγγυς
3709 3744 3792 3803 εἴ⁹

2209 3842 2298 3898 ναι
2327 3847 2418 3899 καὶ
2441 3844 2530 3898 διὰ
2557 3843 2658 3914 τῆς
2689 3846 2770 3906 είς
2821 3842 3084 3911 ἀλλήλους
3107 3838 3538 3910 καταμηνύσεως
3585 3839 3667 3900 είς
3723 3835 3784 3890 ἓν

2207 3935 2465 4004 γενέσθαι
2495 3936 2588 3989 καὶ
2618 3933 2839 4005 πνεῦμα
2870 3933 2970 3986 καὶ
3018 3932 3173 4004 ῥῆμα
3194 3947 3211 3963 ο
3250 3931 3565 4001 γράφοντες
3601 3931 3652 3982 si
3699 3929 3792 3981 ui

2206 4026 2498 4097 τολμηρῶς
2544 4026 2694 4080 τάδε.
2721 4027 2944 4089 ΙἌκουε,
2976 4024 3312 4091 ἀποστολικὴ
3343 4022 3510 4094 κάρα,
3563 4020 3793 4092 θεοπρὸ-

2208 4117 2372 4188 6λητε
2399 4119 2604 4189 ποιμὴν
2633 4118 2742 4170 τῶν
2773 4116 3013 4187 Χριστοῦ
3031 4117 3318 4186 προϐάτων
3341 4130 3358 4146 ⁸
3389 4113 3665 4183 κλειδοῦχε
3689 4113 3790 4180 τῆς

2205 4206 2452 4278 οὐρανῶν
2502 4206 2782 4278 βασιλείας
2818 4221 2833 4236 ⁶
2894 4207 3070 4276 πέτρα
3126 4207 3228 4275 τὴς
3281 4205 3543 4268 πίστεως,
3609 4203 3699 4272 ἐφ’

2205 4298 2552 4369 ᾠκοδόμηται
2579 4299 2612 4367 ή
2636 4296 2906 4368 καθολική
2945 4296 3264 4366 Ἐκκλησία.
3299 4296 3508 4367 Πέτρος
3534 4295 3648 4366 γὰρ
3697 4296 3784 4357 σὺ,

2202 4391 2296 4442 τδν
2347 4388 2558 4460 Πέτρου
2598 4388 2788 4459 θρόνον
2813 4387 3037 4457 κοσμῶν
3064 4388 3159 4439 καὶ
3183 4385 3404 4440 διέπων.
3459 4385 3630 4439 Λύκοι
3691 4383 3788 4455 βα-
3873 4385 3880 4394 ³

2208 4483 2325 4550 ρεῖς
2350 4478 2762 4550 είσεφθάρησαν
2793 4480 2852 4533 ὲν
2878 4479 2947 4547 τῇ
2977 4478 3114 4548 αὐλῇ
3146 4477 3354 4547 Κυρίου
3388 4493 3402 4508 ο
3427 4473 3600 4530 πύλαι
3626 4475 3780 4546 ᾅδου,

539 4556 591 4610 in
613 4556 807 4625 ipsam.
831 4558 974 4624 Quid
1003 4561 1138 4615 hoc?
1161 4560 1600 4620 Persecutionem
1623 4566 1828 4636 patitur
1851 4567 2102 4627 Christus

2212 4571 2281 4633 ὡς
2312 4571 2482 4625 πάλαι
2507 4610 2523 4634 ,
2575 4569 3037 4640 προπρῤἀγησαν
3098 4569 3237 4639 αὐτῇ
3263 4606 3280 4622 .
3323 4568 3390 4622 Τί
3437 4568 3599 4621 τοῦτο
3625 4585 3641 4632 ;
3669 4567 3790 4620 διώ-

535 4665 660 4703 cum
695 4653 867 4706 matre
914 4660 969 4706 et
1029 4652 1336 4708 ministris:
1372 4654 1640 4725 siquidem
1681 4669 1872 4715 contra
1912 4661 2106 4734 imagi-

536 4758 658 4794 nmn
707 4742 980 4810 incursus,
1024 4746 1296 4816 prolotypi
1345 4756 1430 4803 est
1479 4753 1806 4818 persecutio.
1841 4753 1980 4811 Hinc
2011 4757 2108 4812 de-

537 4835 708 4887 tentio
746 4837 1127 4904 patriarchalis
1167 4839 1361 4910 capitis
1392 4857 1408 4895 :
1437 4843 1627 4898 exsilia
1661 4854 1716 4900 et
1748 4846 2107 4917 relegationes

531 4926 1069 4996 archiepiscoporum
1121 4941 1177 4984 et
1219 4930 1590 4995 sacerdotum,
1619 4944 1672 4990 et
1714 4938 2103 4994 monachorum

527 5017 1039 5090 snenaehartnnqne
1067 5024 1359 5092 compedes
1409 5032 1464 5079 et
1511 5027 1724 5083 vincula
1760 5028 1952 5098 ferrea,
1993 5039 2104 5086 tor-

525 5115 827 5176 vmentaque
863 5117 917 5163 et
946 5110 1013 5163 ad
1040 5121 1348 5169 extremum
1380 5130 1547 5172 mors.
1579 5117 1624 5171 0
1659 5118 1970 5176 horribilem
2003 5137 2104 5176 au-

527 5199 830 5254 ditionem!
873 5200 1188 5259 Veneranda
1234 5206 1411 5279 imago
1439 5209 1731 5267 salvatoris
1777 5212 1872 5268 Dei
1909 5215 2103 5277 nostri,

534 5307 699 5359 quam
742 5292 905 5347 etiam
959 5293 1230 5352 dannones
1273 5300 1728 5370 perhorrescunt,
1758 5305 2106 5361 contumeliis

525 5381 818 5437 all‘erta'et
851 5382 1086 5439 ludibrio
1122 5385 1304 5442 habita
1351 5398 1455 5452 est,
1482 5407 1592 5446 non
1635 5395 1811 5449 solum
1854 5395 1910 5449 in
1956 5397 2100 5465 regia

524 5473 690 5537 urbe,
711 5489 900 5528 verum
933 5475 1096 5530 etiam
1122 5477 1339 5534 inomni
1368 5482 1587 5552 regione
1609 5493 1664 5539 et
1689 5485 1871 5555 opido.
1897 5485 2101 5540 Altaria

522 5566 706 5620 deleta
728 5574 876 5632 sunt,
913 5568 1109 5637 templa
1129 5571 1422 5640 destructa,
1453 5590 1607 5631 sacra
1629 5575 1911 5646 profanata
1932 5577 2098 5643 ,eﬂ‘u-

523 5669 632 5710 ius
685 5663 769 5714 est
823 5657 1047 5726 sanguis
1075 5669 1130 5712 et
1169 5659 1468 5720 effunditur
1520 5680 1710 5722 eorum
1747 5666 1842 5737 qui
1874 5667 2106 5723 retinent

578 5767 646 5801 -"
679 5765 822 5822 Psal.
850 5785 1035 5836 uvm,
1081 5772 1160 5827 li.

2208 4679 2366 4716 κεται
2418 4660 2656 4733 Χριστὸς
2721 4664 2818 4715 σὺν
2857 4661 3028 4732 μητρὶ
3057 4660 3149 4713 καὶ
3176 4659 3505 4731 θεράπουσιν
3529 4676 3542 4689 ο
3563 4661 3724 4730 εἰπερ
3749 4660 3782 4728 ή

2206 4753 2305 4822 τῆς
2353 4752 2560 4815 εἰκόνος
2588 4751 2928 4821 καταδρομὴ.
2969 4748 3067 4804 τοῦ
3098 4750 3460 4821 πρωτοτύπου
3511 4750 3773 4819 διωγμός.

2207 4843 2490 4898 Ἐντεῦθεν
2517 4842 2798 4908 κατένεξις
2855 4841 3267 4913 πατριαρχικῆς
3347 4839 3594 4910 κεφαλῆς
3627 4857 3644 4870 ·
3701 4839 3783 4904 t5-

2205 4937 2352 5009 ορίαι
2376 4953 2437 4989 τε
2475 4937 2570 4989 καὶ
2596 4935 2942 5006 περιορισμοὶ
2977 4933 3281 5005 ἀρχιερέων
3317 4947 3376 4986 τε
3432 4933 3527 4986 καὶ
3567 4932 3778 5003 ἱερέων,

2210 5026 2496 5098 μοναστῶν
2521 5043 2582 5080 τε
2625 5029 2720 5080 καὶ
2755 5025 3106 5096 μοναζουσῶν
3136 5041 3150 5055 ·
3181 5024 3402 5096 είρκταί
3431 5041 3495 5078 τε
3551 5024 3647 5078 καὶ
3706 5029 3781 5076 σι-

2205 5119 2472 5191 δηρώσεις
2502 5137 2518 5153 ⁸
2544 5121 2768 5192 βάσανοί
2801 5137 2863 5173 τε
2893 5119 2991 5173 xei.
3053 5119 3206 5182 τέλος
3263 5118 3510 5172 θάνατοι.
3568 5118 3632 5169 Ὠ
3684 5114 3778 5169 τοῦ

2205 5212 2440 5283 φοϐεροῦ
2468 5211 2852 5281 ἁκούσματοςῐ
2886 5213 2918 5281 ἡ
2951 5209 3124 5280 σεπτὴ
3159 5209 3326 5262 εἰκὼν
3375 5208 3472 5263 τοῦ
3522 5208 3777 5278 Σωτῆρος

2205 5303 2364 5373 ἡμῶν
2400 5303 2560 5368 Θεοῦ,
2593 5304 2659 5372 ἣν
2699 5302 2794 5356 καὶ
2819 5301 3081 5371 δαίμονες
3135 5301 3455 5370 φρίττουσιν
3480 5315 3498 5332 ο
3557 5298 3777 5366 ἐνύδρι-

2208 5409 2332 5446 σται
2363 5409 2380 5425 ο
2421 5392 2896 5457 ὲξουδένωται·οὐ
2950 5391 3109 5462 μόνον
3167 5391 3228 5443 ὲν
3282 5392 3350 5462 τῇ
3418 5388 3776 5460 βασιλευούσῃ

2207 5483 2361 5537 πόλει
2390 5500 2405 5514 ·
2435 5484 2575 5538 ἀλλὰ
2603 5485 2714 5555 γὰρ
2753 5483 2850 5536 καὶ
2881 5483 3025 5536 κατὰ
3091 5484 3274 5536 πᾶσαν
3306 5481 3490 5552 χώραν
3527 5479 3620 5536 καὶ
3678 5496 3778 5532 που

2206 5575 2414 5646 λίχνην.
2445 5577 2823 5646 Θυσιαστήρια
2845 5573 3120 5645 ἠφανίσθη
3137 5589 3153 5604 ⁸
3176 5574 3293 5628 ναοὶ
3319 5571 3730 5644 ὴμαυρώθησαν
3759 5585 3771 5598 ·

2206 5667 2327 5738 ίερ⁵ι
2350 5665 2635 5740 ὲκοινώθη.
2665 5667 2826 5739 ἐχέθη
2854 5666 3064 5739 αἵματα
3096 5666 3188 5720 καὶ
3235 5664 3425 5736 χέεται
3474 5663 3580 5718 τῶν
3643 5663 3772 5716 ἀντ-
