4054 6364
281 312 420 379 1153

1475 322 2025 391 ΚΡΙὸΤΟΙΛΗΠΜ
2076 323 2223 384 LIB.
2270 323 2361 385 Π.

3417 326 3559 391 ΗΜ

270 428 555 502 εχομένων
594 427 690 483 τοῦ
742 430 1104 500 Εὗαγγελίου.
1142 434 1386 504 Διωγμοὶ
1419 435 1515 489 καὶ
1580 434 1870 505 φυγαδείαι

1973 433 2350 505 Evangelium,
2405 438 2821 505 persecutiones
2874 442 2931 491 et
2979 434 3173 492 exsilia
3221 450 3414 493 eorum
3459 442 3553 509 qui

270 521 384 575 τῶν
415 519 497 574 ἔτι
551 519 1056 592 ὑπολελειμμένων.
1125 524 1379 596 Ἐσίγησε
1439 529 1551 581 πᾶν
1599 525 1862 581 εὐσεϐοὗν

272 612 455 682 στόμα
523 612 634 669 θέει
688 613 926 667 θανάτου
958 630 975 646 ο
1029 615 1305 687 ἀνέῳκται
1358 618 1393 689 ἡ
1441 619 1721 686 ἀντίθετος
1765 623 1863 676 καὶ

273 706 599 777 βλάσφημος
652 705 882 775 γλῶσσα
909 724 927 737 ο
961 708 1287 764 σεσάλευται
1313 711 1466 764 πᾶσα
1508 712 1649 784 σὰρξ
1677 714 1860 784 ἀμφοο

270 799 588 870 τερίζουσα.
626 800 795 869 υιμοι
821 838 839 865 ,
869 800 1061 870 φησὶν,
1091 800 1185 855 ὅτι
1218 800 1589 873 ἐγενήθημεν
1606 804 1689 870 ὡς
1709 819 1863 859 συν-

270 887 437 958 άγων
464 888 747 960 καλάμην
768 890 839 944 ἐν
866 890 1092 961 ἀμητῷ,
1125 892 1224 948 καὶ
1257 894 1339 961 ὡς
1363 894 1743 965 exigvi/lida
1791 895 1863 951 ἐν

270 980 545 1050 τρυγητῷ
564 996 577 1009 ·
610 985 725 1053 οὐχ
756 983 1142 1054 ὑπάρχοντος
1158 986 1447 1056 βότρυος.

360 1074 670 1145 Ἐφ’ἠμᾶε,
717 1068 764 1130 ὧ
792 1076 1002 1148 μάκαρ,
1026 1078 1249 1147 ἐγένετο
1293 1079 1469 1134 ταῦτα
1520 1079 1724 1134 πάντα.
1790 1082 1862 1136 Ἀ

270 1163 359 1230 τίς
387 1165 486 1237 μὲν
512 1166 615 1221 οὔκ
641 1169 1095 1238 ὲπιστυγνάσειεν
1121 1172 1202 1235 είς
1233 1171 1504 1226 ἑαυτὸντά
1518 1171 1614 1226 τοῦ
1634 1172 1863 1244 πλησίον

272 1257 611 1330 ἀναθεωρῶν
642 1261 791 1331 πάθη
828 1277 842 1325 ;
874 1262 972 1327 Τίς
1004 1262 1064 1317 δι
1090 1262 1154 1317 ού
1210 1262 1486 1333 λογίσοιτο
1539 1266 1861 1336 προεισόδια

271 1344 421 1404 εἶναι
452 1351 553 1421 τῆς
611 1351 708 1406 τοῦ
776 1342 1150 1424 ’Ᾱντῑχρίστου
1206 1356 1515 1427 παρουσίας
1542 1372 1557 1387 ’
1602 1356 1863 1410 τοσοῦτον

269 1440 609 1515 διαφέροντα
635 1444 760 1499 ὅσον
786 1445 953 1500 εἰκὼν
982 1446 1326 1517 ἀρχετύπου,
1362 1449 1450 1516 ἐφ’
1479 1442 1632 1523 ﬁnal.
1676 1447 1863 1519 μαίνε-

268 1549 408 1602 ται;
453 1534 626 1607 Δεῦρο
662 1536 730 1608 δὴ
759 1532 856 1591 οὖν
906 1538 1016 1592 ἀπὸ
1047 1539 1282 1610 Δυσμῶν
1306 1542 1336 1594 6
1387 1539 1863 1611 Χριστομίμητος,

286 1627 634 1697 Ἀνάστηθι,
667 1629 768 1684 καί
786 1631 875 1700 μὴ
899 1630 1119 1701 ἀπώσῃ
1142 1635 1231 1699 είς
1260 1630 1456 1699 τέλος.
1494 1632 1640 1703 Πρός
1668 1632 1733 1685 σὲ
1782 1634 1864 1687 εῖ-

276 1734 417 1789 ρηκε
443 1720 680 1792 Χριστὸς
705 1722 736 1774 6
757 1722 892 1787 Θεὸς
919 1724 1081 1794 ημῶν
1111 1739 1126 1755 ο
1155 1725 1266 1779 Kal
1287 1725 1371 1778 σὺ
1393 1724 1543 1779 ποτὲ
1573 1717 1858 1794 ἐπιστρέ-

269 1812 728 1880 ψας-στηρίξας
756 1813 900 1882 τοὺς
931 1815 1240 1885 ἀδελφούς
1260 1831 1400 1871 σου.
1448 1815 1558 1871 Ἴδε
1592 1817 1622 1870 6
1662 1819 1859 1888 χρόνος

270 1900 370 1953 καὶ
399 1902 429 1954 6
455 1902 621 1967 τόπος
645 1920 662 1938 ο
704 1903 979 1977 βοήθησον
1004 1908 1140 1977 ἡμῖν
1166 1908 1195 1961 6
1224 1907 1330 1962 ὑπὸ
1353 1908 1451 1961 τοῦ
1485 1907 1625 1963 Θεοῦ
1654 1926 1859 1979 τεταγ-

274 1989 440 2059 μένος
470 1993 553 2056 είς
584 1992 740 2047 τοῦτο
762 2009 778 2024 °
829 1993 1019 2064 δρεξον
1054 1998 1215 2067 χεῖρα
1269 1995 1396 2052 καθ’
1453 1997 1579 2051 ὅσον
1639 1991 1752 2052 οἷόν
1798 1997 1860 2052 τό

271 2081 427 2137 εστιν
457 2099 473 2114 ⁸
498 2082 648 2155 ἔχεις
678 2085 739 2139 τὸ
769 2084 978 2156 ἰσχύειν
1001 2088 1156 2157 παρὰ
1179 2088 1303 2159 Θεῷ
1355 2089 1421 2142 ὲκ
1486 2088 1585 2147 τοῦ
1637 2090 1860 2143 πάντων

270 2171 580 2243 πρωτεύειν
600 2189 615 2205 ’
648 2175 710 2229 ιν
737 2167 783 2244 ᾧ
810 2176 907 2230 καὶ
932 2176 1150 2248 ὲτέθης.
1169 2178 1711 2247 Πτόησον,δεόμεθα.
1732 2179 1861 2243 τοὺς

269 2263 591 2333 αἱρετικοὺς
620 2266 800 2337 θῆρας
827 2267 1054 2340 σύριγγι
1078 2270 1175 2324 τοῦ
1220 2270 1366 2324 θείου
1405 2271 1566 2339 λόγου
1617 2288 1736 2327 σου.
1800 2271 1861 2326 '0

272 2354 482 2426 ποιμὴν
506 2354 537 2407 6
554 2356 741 2425 καλὸς,
773 2358 865 2424 θὶς
885 2358 985 2431 τὴν
1012 2359 1196 2431 ψυχὴν
1211 2361 1358 2433 ὑπὲρ
1388 2360 1502 2416 τῶν
1525 2362 1823 2433 προϐάτων
1844 2378 1859 2394 ο

272 2447 614 2519 ἱκετεύομεν.
697 2450 1016 2505 ’Ᾱκουσάτω
1059 2452 1092 2523 ἡ
1141 2452 1235 2505 ὑπ’
1295 2452 1550 2524 οὐρανὸν,
1617 2455 1701 2509 ὃτι
1767 2454 1860 2524 ὑφ’

270 2537 430 2609 ὑμῶν
458 2539 954 2611 ἀναθεματίζονται
1000 2542 1299 2604 συνοδικῶς
1350 2546 1400 2598 οί
1439 2545 1618 2601 ταῦτα
1677 2546 1864 2600 τετολ-

274 2632 536 2704 μηκότες,
566 2632 658 2687 καί
690 2650 756 2703 γε
793 2634 1292 2706 ἀναθεματίζοντες
1320 2636 1450 2700 τοὺς
1504 2638 1695 2706 ἀγίους
1745 2640 1862 2693 Πα-

268 2725 439 2796 τέρας
472 2726 653 2796 ἡμῶν.
686 2724 858 2780 Τοῦτο
888 2728 978 2795 εἴη
1006 2726 1128 2799 Θεῷ
1168 2728 1536 2798 εὐπρόσιτον·
1603 2729 1862 2798 ἀγγέλοις

270 2818 371 2872 καὶ
421 2817 600 2887 ἀγίοις
647 2819 1034 2891 χαρμόσυνονο
1095 2820 1481 2892 σαλευομένοις
1536 2823 1856 2894 στήριγμα·

269 2909 686 2984 ἑδραιουμενοις
786 2912 1214 2986 ἑπισφράγισμα
1260 2930 1277 2948 ·
1358 2916 1862 2972 καταπεπτωκόσιν

268 3003 568 3075 ἀνάστημα
591 3021 607 3039 ο
635 3006 788 3080 πάσῃ
827 3006 1129 3079 Ἐκκλησία
1158 3007 1464 3079 ὀρθοδόξων
1489 3008 1817 3081 ἀγαλλίαμα
1841 3025 1858 3041 ⁸

1886 1772 1937 1830 Β

1964 526 2147 582 adhuc
2190 527 2365 581 relicti
2403 536 2554 583 sunt.
2579 526 2859 582 Conticuit
2886 543 3050 584 omne
3079 543 3143 583 ns
3174 528 3321 597 pium
3366 531 3561 585 mortis

1965 629 2112 674 metu
2147 637 2160 673 :
2194 628 2385 690 aperta
2422 627 2508 675 est
2534 619 2854 675 adversaria
2882 628 2938 675 et
2965 620 3282 690 blasphema
3323 620 3510 691 lingua
3542 641 3558 677 :

1963 720 2241 765 commota
2289 722 2375 768 est
2423 711 2608 766 omnis
2639 725 2777 766 caro
2814 710 2869 764 in
2908 711 3269 781 ambiguitate
3307 728 3557 767 versans.

1964 798 2068 853 Rei
2105 799 2275 854 mihi!
2304 801 2504 871 inquit,
2537 802 2664 871 quia
2713 800 2849 870 facti
2892 816 3079 855 sanius
3128 810 3187 854 ut
3231 802 3323 871 qui
3358 801 3562 871 colligit

1962 894 2230 949 calamum
2277 894 2331 948 in
2364 910 2551 959 messe,
2572 902 2624 948 et
2664 909 2930 948 racemum
2984 893 3043 947 in
3095 890 3393 958 vindemia,
3440 907 3561 945 cum

1963 999 2070 1038 non
2097 985 2165 1038 sit
2182 986 2362 1038 botrus
2380 986 2450 1039 θ’.

2033 1073 2092 1129 1η
2136 1091 2262 1141 nos,
2322 1091 2357 1130 ο
2418 1075 2593 1142 beate,
2658 1074 2775 1129 haec
2825 1073 3011 1128 omnia
3069 1072 3210 1128 facta
3242 1081 3384 1128 sunt.
3426 1071 3560 1139 Quae

1962 1173 2090 1243 quis
2145 1187 2263 1227 non
2316 1187 2458 1242 aegre
2491 1169 2695 1237 tulerit,
2750 1171 2809 1225 in
2849 1170 3035 1239 seipso
3074 1170 3311 1239 proximi
3358 1169 3558 1224 damna

1962 1264 2353 1320 considerans?
2387 1262 2529 1330 Quis
2568 1272 2761 1319 autem
2803 1262 3166 1318 ratiocinatus
3209 1275 3320 1314 non
3369 1258 3575 1326 fuerit,

1962 1372 2085 1413 esse
2132 1357 2407 1413 adventus
2455 1356 2777 1411 Antichristi
2816 1356 3117 1425 praeludis,
3159 1361 3372 1409 tantum
3409 1351 3562 1407 dilic-

1966 1448 2143 1505 rentia
2200 1456 2466 1519 quantum
2534 1447 2606 1502 ab
2669 1447 2971 1517 exemplari
3021 1447 3236 1518 imago,
3292 1448 3346 1500 in
3394 1459 3560 1514 quam

1964 1541 2132 1594 etiam
2179 1538 2495 1595 insanitur?
2521 1537 2642 1594 Huc
2675 1539 2845 1607 igitur
2873 1540 2942 1593 ab
2966 1537 3331 1599 Occidente.o
3352 1536 3561 1591 Christi

1965 1628 2254 1684 imitator:
2296 1628 2535 1700 Easurge
2571 1638 2627 1687 et
2670 1644 2734 1683 ne
2779 1628 3003 1698 repellas
3053 1630 3110 1682 in
3156 1630 3318 1698 [ineat
3335 1627 3401 1680 ³³.
3437 1624 3559 1680 Tibi

1965 1720 2103 1775 dixit
2126 1719 2379 1776 Christus
2437 1720 2582 1775 Deus
2630 1729 2866 1775 noster:
2904 1719 2975 1774 Et
3007 1731 3064 1773 tu
3097 1719 3389 1791 aliquando
3429 1734 3559 1772 con-

1962 1828 2143 1868 versus
2209 1811 2547 1882 conﬁrmabis
2605 1813 2800 1882 fratres
2852 1812 3057 1867 tuos“.
3112 1810 3255 1866 Ecce
3318 1820 3557 1880 tempus,

1961 1921 2092 1962 ecce
2122 1906 2276 1961 locus
2312 1924 2325 1961 :
2358 1906 2632 1975 opitulare
2663 1905 2846 1967 nobis,
2874 1905 2972 1975 qui
3031 1920 3093 1959 es
3145 1920 3176 1959 a
3225 1905 3334 1959 Deo
3355 1908 3423 1958 ad
3458 1905 3562 1959 hoc

1962 1998 2253 2053 ordinatus
2289 2015 2304 2053 :
2339 1996 2563 2067 porrige
2595 2011 2819 2051 manum
2850 2004 3117 2066 quantum
3169 1994 3285 2050 ﬁeri
3332 2006 3505 2065 potest
3542 2012 3559 2052 :

1963 2089 2137 2145 babes
2172 2095 2498 2160 potestatem
2530 2104 2563 2142 a
2599 2086 2734 2155 Deo,
2760 2102 2828 2143 eo
2855 2088 3002 2156 quod
3029 2087 3276 2142 omnium
3305 2088 3561 2156 princeps

1961 2196 2023 2237 es
2060 2201 2073 2236 :
2114 2180 2170 2235 in
2203 2194 2315 2250 quo
2350 2190 2406 2235 et
2446 2179 2661 2249 positus
2708 2193 2791 2234 es.
2846 2176 3116 2253 Terreto,
3160 2178 3559 2248 supplicamus.

1964 2272 2249 2327 baereticas
2307 2271 2453 2326 feras
2506 2270 2719 2326 calamo
2781 2270 2951 2325 divini
3003 2270 3151 2324 verbi
3211 2269 3314 2323 tui.
3369 2268 3552 2323 Pastor

1963 2363 2124 2427 bone,
2166 2379 2309 2434 pone
2344 2364 2588 2418 animam
2623 2376 2725 2432 pro
2762 2361 2979 2426 ovibus,
3021 2361 3420 2432 supplicamus.
3449 2362 3562 2415 Au-

1962 2457 2074 2511 diat
2100 2456 2345 2512 Ecclesia
2376 2472 2501 2528 qua:
2539 2456 2645 2512 sub
2682 2454 2824 2509 coelo
2852 2463 2963 2519 est,
2992 2455 3136 2524 quod
3164 2470 3195 2509 a
3226 2455 3381 2509 vobis
3422 2469 3562 2508 ana-

1963 2549 2391 2607 thetnatizantur
2454 2562 2552 2618 per
2603 2547 2875 2619 synodum
2912 2546 3007 2618 qui
3037 2545 3154 2602 haec
3188 2544 3331 2606 ausi.
3362 2555 3416 2599 et
3443 2544 3558 2615 jatn

1962 2655 2183 2700 sanctos
2232 2641 2424 2698 Patres
2474 2650 2701 2698 nostros
2730 2640 3223 2695 anathematizauit.
3253 2638 3368 2692 Hoc
3397 2636 3562 2692 fuerit

1965 2736 2075 2791 Deo
2105 2744 2414 2805 acceptum,
2442 2734 2655 2804 angelis
2687 2741 2742 2787 et
2778 2732 2988 2787 sanctis
3016 2731 3300 2801 gaudium,
3331 2743 3556 2783 concus-

1963 2831 2040 2885 sis
2067 2829 2493 2893 tirtiiamentum,
2517 2827 2762 2882 fundatis
2793 2825 3131 2891 stabilimen,
3172 2822 3341 2892 lapsis
3374 2835 3560 2875 resur-

1964 2922 2156 2987 rectio,
2201 2922 2352 2978 omni
2388 2920 2821 2976 orthodoxorum
2870 2916 3127 2973 Ecclesiae
3156 2912 3471 2977 exsultatio,
3503 2918 3562 2966 et

1965 3027 2073 3073 tua:
2102 3027 2247 3072 certe
2275 3013 2618 3076 celsitudini,
2648 3011 2955 3068 secundum
2989 3025 3088 3066 eos
3122 3008 3217 3079 qui
3251 3006 3565 3076 antiquitus

268 3096 369 3150 καί
398 3113 463 3167 γε
491 3101 559 3170 τῇ
597 3100 664 3171 σῇ
689 3100 1090 3173 κορυφαιότητι
1121 3100 1267 3155 κατά
1293 3102 1427 3165 τοὺς
1494 3103 1665 3157 πάλαι
1720 3121 1860 3176 προ-

1973 3116 2388 3184 ρταξοεδεεηιιιι,
2408 3117 2674 3162 aeternum
2701 3102 3125 3158 monimentum.
3156 3098 3261 3167 Qui
3283 3096 3563 3153 similibus

268 3189 663 3261 ηγησαμίνους
689 3192 1034 3263 μνημόσυνον
1065 3192 1305 3248 αἰώνιον.
1324 3195 1389 3248 Οἳ
1425 3195 1486 3248 ἐν
1505 3198 1617 3259 τοῖς
1652 3198 1861 3267 ὁμοίοις

271 3284 491 3352 καιροῖς
521 3282 590 3338 τὰ
619 3285 752 3355 παρ’
780 3283 936 3355 ἡμῶν
969 3284 1080 3338 τῶν
1122 3286 1468 3357 ἁμαρτωλῶν
1505 3288 1603 3342 νῦν
1668 3291 1862 3345 αἰτού-

275 3390 417 3444 μενα
432 3372 755 3446 δεδρακότες
779 3393 914 3431 πνευ
924 3379 1304 3449 ματοκινήτως
1324 3395 1341 3411 ο
1359 3380 1456 3435 καὶ
1487 3384 1863 3452 μνημονεύον-

270 3478 402 3526 ται.
433 3466 528 3518 καὶ
571 3470 999 3537 μμακάρινται.
1030 3470 1257 3532 Πάντως
1309 3472 1368 3527 δὲ
1404 3474 1741 3547 πιστεύομεν
1786 3477 1870 3541 ὡς

273 3553 415 3625 tum
458 3557 763 3631 οἰκτιρμῶν
794 3563 1187 3634 καμπτόμενος
1218 3564 1352 3636 δέξῃ
1371 3566 1532 3637 ἡμῶν
1553 3566 1615 3621 τὸ
1640 3568 1864 3632 εὐτελὲς

272 3646 550 3719 τράμμαθ
600 3651 839 3721 Χριστὸν
892 3654 1275 3727 μιμούμενοςο
1315 3659 1377 3723 ὃς
1437 3660 1573 3723 Θεὸς
1623 3660 1701 3714 ὢν
1754 3662 1865 3716 τῶν

275 3739 558 3807 ἁπάντων,
587 3743 689 3798 οὐκ
718 3746 1000 3817 ἀπηξίωσε
1030 3748 1131 3821 τὴν
1155 3751 1311 3822 παρὰ
1341 3753 1600 3825 Αὐγάρου
1641 3756 1866 3809 ὲπιστο-

273 3831 377 3904 λὴν
421 3834 518 3889 καὶ
540 3835 818 3906 δέξασθαι,
851 3841 947 3895 καὶ
977 3842 1115 3914 πρὸς
1139 3844 1311 3917 αὐτὴν
1331 3845 1689 3919 ἀντιγράψαι.

746 3975 849 4032 li".
877 4005 945 4017 -
983 3974 1067 4043 Τῷ
1095 3976 1279 4043 αὐτῷ.
1313 3976 1443 4051 [σα’]

1965 3201 2304 3273 temporibus
2362 3213 2488 3253 cum
2541 3195 2772 3252 fecerint
2798 3210 2863 3250 ea
2904 3208 3025 3264 quae
3058 3208 3088 3247 ε
3118 3191 3280 3247 nobis
3306 3198 3564 3260 peccato-

1965 3296 2121 3351 ribus
2143 3307 2290 3348 nunc
2323 3300 2582 3363 petuntur
2600 3329 2618 3354 ,
2654 3287 2862 3358 Spiritu
2890 3295 3079 3342 sancto
3101 3284 3301 3349 amati;
3328 3290 3382 3336 et
3408 3295 3562 3337 com-

1967 3396 2367 3451 memorantur,
2410 3394 2466 3440 et
2510 3384 2658 3440 beati
2704 3381 2877 3437 habiti
2921 3388 3069 3435 sunt.
3099 3378 3331 3433 Prorsus
3382 3384 3563 3429 autem

1964 3482 2244 3537 credimus
2282 3488 2340 3533 et
2363 3476 2723 3541 confidimus,
2749 3473 2899 3543 quod
2923 3470 3297 3527 misericordia
3330 3469 3564 3521 misera-

1966 3575 2176 3629 tionum
2226 3571 2400 3625 ﬂexus
2452 3578 2695 3625 nostram
2730 3577 2947 3622 tenuem
2979 3563 3268 3634 epistolam
3301 3559 3562 3627 accipies,

1964 3666 2250 3721 Christum
2294 3662 2562 3727 imitatus,
2598 3660 2717 3726 qui,
2750 3658 2894 3717 Deus
2927 3672 3053 3712 cum
3102 3663 3251 3710 esset
3291 3653 3564 3710 omnium,

1967 3773 2081 3813 non
2141 3754 2417 3810 recusavit
2460 3752 2531 3806 ab
2569 3751 2792 3822 Abgaro
2862 3745 3159 3819 epistolam
3206 3741 3479 3812 accipere,
3513 3745 3570 3791 et

1968 3858 2209 3920 acceptas
2238 3845 2564 3904 rescribere.

2532 3975 2672 4031 Xlll.
2705 4008 2774 4017 —
2802 3973 3010 4029 Eidem.

1158 4096 1393 4159 Ejusdem
1414 4110 1471 4148 ac
1492 4099 1725 4162 superior
1747 4099 2048 4167 argumenti.
2075 4101 2283 4165 (Baron.
2306 4113 2387 4149 an.
2410 4096 2522 4157 8t8,
2548 4109 2601 4145 n.
2625 4095 2698 4158 2.)

279 4195 372 4263 Τῷ
428 4196 504 4253 τὰ
555 4199 755 4255 πάντα
808 4203 1247 4273 παναγσστὰτῳ
1292 4206 1499 4275 Πατρι,
1563 4212 1873 4280 κορυφαίῳ

1980 4206 2089 4265 Per
2118 4210 2297 4262 omnia
2337 4203 2737 4276 religiosissimo
2784 4200 2959 4265 Patri,
3008 4213 3260 4270 supremo
3305 4195 3573 4250 («minari

350 4288 624 4360 φωστῆρι
667 4290 1079 4361 οικουμενικῷ,
1117 4294 1303 4363 κυρίῳ
1358 4293 1549 4364 ἡμῶν,
1600 4295 1869 4366 δεσπότῃ

348 4381 738 4450 ἀποστολικῷ
763 4384 954 4453 acina,
990 4384 1299 4455 Ἰωάννης,
1339 4386 1681 4455 Θεοδόσιος,
1717 4390 1873 4445 Ἄθα-

349 4475 591 4543 νὰσιος,
618 4477 939 4547 Θεόδωρος,
980 4478 1293 4548 ἐλάχισωι
1337 4481 1731 4550 πρεσϐύτεροι
1770 4482 1868 4536 καί

350 4569 679 4639 ἡγούμενοι
722 4568 844 4624 τῶν
890 4573 1171 4640 Καθαρά,
1207 4571 1329 4626 τῶν
1384 4573 1717 4642 Πικριδίου,
1762 4574 1871 4629 τοῦ

353 4661 830 4731 ΙΙαυλοπετρίου.
853 4660 974 4716 τῶν
1000 4662 1310 4717 Στουδίου.

367 4753 786 4822 Ἐπεσκέψατο
803 4752 960 4823 ὑμᾶς
1008 4752 1303 4823 Ἀνατολὶι
1327 4754 1399 4820 ἐξ
1460 4754 1684 4826 ὕψους.
1739 4756 1870 4829 Χρι-

282 4844 413 4909 στὸς
441 4849 470 4900 6
499 4846 632 4909 Θεὸς
655 4846 816 4918 ἡμῶν
840 4864 856 4879 ι
886 4849 987 4921 τὴν
1015 4846 1113 4919 σὴν
1147 4849 1206 4901 ἑν
1260 4847 1329 4921 τῇ
1376 4848 1544 4903 Δύσει
1594 4849 1870 4922 μακαριό-

282 4954 448 5008 τητα,
478 4938 672 5010 ὥσπερ
701 4939 827 4994 τινὰ
859 4939 1083 5012 λυχνίαν
1111 4941 1342 5013 θεαυγῆ,
1371 4943 1453 5007 είς
1522 4942 1867 5014 περίλαμψιν

285 5030 392 5102 τῆς
417 5031 512 5086 ὑπ’
558 5031 792 5102 οὐρανὸν
833 5032 1185 5104 Ἐκκλησίας,
1239 5036 1336 5088 ἐπὶ
1365 5033 1460 5088 τὸν
1510 5033 1874 5089 ἀποστολικὸν

285 5120 597 5193 πρώτιστον
628 5123 820 5193 θρόνον
851 5124 1103 5195 θέμενος.
1138 5126 1251 5180 Καὶ
1278 5128 1391 5197 γὰρ
1417 5126 1666 5199 ᾔσθημεν
1691 5128 1872 5197 φωτὸς

284 5214 480 5283 νοεροῦ
516 5216 566 5268 ol
594 5216 655 5269 ὲν
685 5216 870 5270 σκότει
900 5218 992 5271 καὶ
1037 5219 1168 5291 σκιᾷ
1222 5219 1459 5274 θανάτου
1511 5220 1870 5291 ἑνισχημὲνοι

283 5304 390 5375 τῆς
422 5305 670 5376 πονηρᾶς
704 5305 975 5377 αἱρέσεως
1003 5324 1017 5340 ο
1061 5309 1157 5362 καὶ
1183 5308 1244 5362 τὸ
1269 5309 1433 5379 νέφος
1480 5312 1578 5380 τῆς
1628 5309 1872 5379 ἀθυμίας

284 5393 612 5467 ἀπεθέμεθα
632 5412 647 5426 ’
685 5396 783 5450 καὶ
805 5397 944 5469 πρὸς
970 5398 1216 5469 χρηστὰς
1244 5400 1465 5463 ἐλπίδας
1497 5400 1873 5471 ἀνενεύσαμεν

287 5489 674 5561 μεμαθηκότες
730 5490 800 5545 δι’
829 5485 906 5546 ὧν
960 5492 1365 5563 ἀπεστείλαμεν
1411 5492 1660 5563 ἀδελφῶν
1712 5492 1874 5563 ἡμῶν

284 5583 386 5635 καὶ
415 5583 741 5649 συνδούλων,
782 5579 871 5639 οἷα
899 5585 995 5639 καὶ
1022 5586 1189 5657 ἡλίκα
1218 5585 1472 5655 πέπραχε
1508 5602 1569 5638 τε
1599 5587 1695 5639 καὶ
1721 5585 1870 5639 λέλε-

286 5690 387 5745 χεν
418 5675 454 5744 ἠ
487 5674 623 5745 ἀγία
654 5676 814 5749 ὑμῶν
850 5677 1221 5750 κορυφαιότης
1248 5678 1407 5742 ’τοὺς
1439 5678 1541 5749 μὲν
1560 5679 1875 5750 αίρετικοὺς

1910 4636 1952 4692 D

2049 4298 2361 4363 universali,
2383 4296 2597 4351 domino
2628 4301 2833 4358 nostro,
2848 4291 3062 4344 domino
3079 4287 3369 4359 apostolico
3388 4303 3566 4358 paper,

2046 4391 2305 4458 Joannes,
2340 4387 2683 4451 Theodosius,
2719 4384 3066 4449 Athanasius,
3096 4380 3422 4447 Theodorus,
3464 4382 3569 4435 nii-

2051 4488 2182 4541 nimi
2204 4482 2491 4556 presbyteri
2517 4490 2567 4536 et
2602 4477 2880 4548 Prii-positi
2904 4474 3281 4543 Catltarorum,
3314 4472 3577 4539 Picridii,

2050 4577 2404 4647 Paulopetrii,
2434 4582 2485 4629 et
2516 4570 2719 4627 Studii.

2046 4757 2294 4830 Respexit
2319 4772 2415 4812 nos
2441 4754 2614 4810 oriens
2640 4769 2705 4809 ex
2722 4752 2902 4818 alio”,
2920 4750 3177 4807 Christus
3193 4748 3335 4803 Deus
3359 4755 3579 4812 noster,

1976 4858 2127 4905 tuam
2178 4851 2231 4903 in
2260 4846 2561 4903 Occidente
2606 4843 3041 4908 beatitudinem,
3070 4849 3330 4911 tanquam
3384 4838 3566 4893 facem

1977 4939 2269 5009 quamdam
2304 4937 2572 4992 divinitus
2594 4935 2892 5000 lucentem,
2922 4933 2990 4987 ad
3020 4932 3279 4988 Ecclesia:
3307 4946 3429 5001 qua:
3456 4932 3573 4986 sub

1977 5031 2118 5088 coelo
2157 5041 2241 5087 est
2281 5027 2761 5089 illuminationem,
2790 5025 2844 5080 in
2876 5025 3174 5096 apostolica
3214 5024 3390 5094 prima
3424 5024 3572 5078 sede-

1975 5124 2340 5181 constituens.
2374 5121 2591 5178 Etenim
2639 5118 2928 5190 spiritualc
2963 5118 3148 5171 lumen
3195 5116 3562 5187 percepimus,

1977 5219 2071 5290 qui
2096 5218 2151 5272 in
2179 5215 2417 5271 tenebris
2462 5222 2517 5269 et
2553 5214 2607 5267 in
2650 5213 2845 5267 umbra
2872 5212 3065 5267 mortis
3090 5209 3353 5281 improba:
3385 5208 3579 5263 haere~

1979 5327 2104 5367 seos
2139 5312 2500 5365 tenebamur:
2540 5317 2594 5363 et
2618 5306 2851 5363 tristitiae
2887 5304 3141 5361 nebulam
3186 5303 3578 5373 deposuimus,

1977 5412 2144 5473 atque
2172 5401 2227 5457 in
2269 5415 2422 5471 spem
2452 5400 2710 5470 optimam
2748 5397 3076 5454 emersitnus
3105 5437 3120 5462 ,
3152 5410 3278 5450 cum
3334 5392 3576 5448 didicis-

1978 5508 2160 5551 semus
2195 5508 2264 5549 ex
2320 5492 2576 5549 fratribus
2604 5491 2807 5548 nostris
2830 5498 2886 5545 et
2918 5487 3200 5544 conservis
3223 5499 3365 5555 quos
3407 5483 3577 5538 inist—

1985 5602 2129 5652 nius,
2162 5586 2345 5656 qualia
2368 5593 2423 5641 et
2439 5593 2641 5655 quanta
2690 5583 2864 5655 egerit
2894 5590 2950 5638 et
2986 5579 3186 5636 dixerit
3214 5584 3402 5633 sancta
3446 5575 3563 5630 ccl-

1982 5678 2167 5736 situdo
2189 5687 2369 5734 vestra
2398 5696 2412 5733 :
2433 5677 2657 5749 quando
2677 5676 2963 5734 haereticos
2983 5672 3229 5745 quidem.
3256 5668 3577 5741 Apocristan-

357 5788 407 5823 "
434 5788 600 5847 Mich.
629 5808 725 5863 rit,
780 5793 827 5849 ι.
904 5793 952 5828 ⁸³
975 5792 1122 5852 Psal.
1153 5809 1311 5862 sun,
1346 5792 1437 5850 25.
1513 5794 1560 5826 "
1593 5793 1724 5851 Luc.
1757 5810 1882 5850 uti.

1973 5795 2014 5848 ξ.
2090 5794 2137 5828 ³⁸
2171 5792 2304 5851 Luc.
2338 5808 2379 5861 ι,
2412 5791 2503 5847 78.
