4054 6364
493 314 638 382 1155

1703 321 1762 381 So
1789 319 2194 384 TIIEODORI
2221 323 2572 387 STUDITrE

3645 323 3780 394 1156

488 439 622 506 rios,
651 437 797 494 velut
827 437 998 506 l'ures,
1028 451 1096 494 ne
1117 437 1172 494 in
1214 452 1434 495 sacrum
1469 438 1688 510 quidem
1719 450 2072 512 conspectum

2193 445 2634 520 ὶποκρισιαρίους
2661 444 2738 509 ὡς
2759 443 3100 512 λωποδύτας,
3131 445 3270 518 μηδὲ
3299 445 3382 510 είς
3414 445 3572 517 ίεράν
3614 447 3787 518 αὐτῆς

489 531 736 598 admisit,
771 531 866 587 sed
893 545 1019 587 cum
1055 530 1246 601 procul
1292 531 1473 588 adhuc
1499 539 1701 598 essent,
1727 533 1922 588 merito
1945 533 2085 603 reje-

489 625 610 680 cit:
644 625 848 682 nostris
873 639 1003 680 vero
1039 624 1446 690 calamitatibus
1473 639 1542 679 ex
1581 625 1884 680 litterarum
1928 626 2088 682 audi-

493 715 644 770 tione
671 725 726 770 et
781 715 1074 771 missorum
1119 713 1379 770 relatione
1432 714 1798 784 compatiens,
1843 715 2086 771 indoluit

493 815 659 876 atque
679 807 966 877 ingemuit,
981 805 1074 862 Dei
1088 805 1358 877 exemplo,
1382 813 1642 876 tanquam
1662 807 1898 879 propriis
1921 823 2089 863 mem-

494 901 630 956 bris.
674 900 752 954 Ac
783 901 956 969 reipsa
984 913 1085 955 nos
1143 897 1380 955 humiles
1423 898 1815 970 cognovimus,
1852 899 2088 956 manife-

495 1003 638 1051 stum
673 989 1062 1059 Apostolorum
1109 989 1376 1060 principis
1414 1005 1791 1047 successorem
1820 988 2087 1046 Romana)

495 1086 753 1143 Ecclesiae
803 1080 1110 1152 prazsidere,
1174 1091 1437 1152 certoque
1482 1082 1642 1138 nobis
1685 1082 2086 1154 persuasimus,

493 1178 788 1234 Dominum
823 1173 1126 1231 Ecclesiam
1169 1183 1416 1230 nostram
1471 1175 1700 1230 minime
1751 1174 2086 1242 deseruisse,

493 1269 585 1324 cui
637 1284 807 1323 unum
863 1269 1154 1336 solumque
1197 1279 1226 1320 a
1271 1266 1428 1321 vobis
1467 1266 1736 1321 auxilium
1796 1266 2086 1332 hactenus,

495 1368 664 1428 atque
703 1359 772 1413 ab
805 1359 924 1429 ipso
961 1357 1214 1421 exordio,
1247 1356 1302 1410 in
1346 1358 1763 1414 occurrentibus
1799 1357 2086 1423 molestiis,

495 1449 590 1504 Dei
627 1451 965 1521 providentia
996 1465 1320 1507 concessum
1363 1459 1468 1505 est.
1517 1448 1626 1507 Vos
1691 1450 1858 1522 igitur
1901 1450 2090 1506 illimis

494 1559 684 1601 revera
714 1560 778 1601 ac
805 1547 1054 1603 sincerus
1099 1547 1168 1602 ab
1197 1545 1355 1601 initio
1401 1544 1527 1600 fons
1579 1545 1904 1602 orthodoxae
1941 1545 2090 1601 veri-

493 1638 624 1693 tatis
659 1653 674 1691 :
705 1653 804 1693 vos
847 1639 1112 1696 adversus
1160 1653 1380 1694 omnem
1431 1638 1746 1695 haareticam
1791 1639 2086 1710 procellam

495 1727 825 1798 tranquillus
877 1731 1153 1800 sepositus
1204 1730 1462 1788 Ecclesia:
1524 1731 1794 1788 universae
1839 1744 2078 1804 portus:

494 1912 851 1967 temerarium
876 1924 959 1968 est
977 1929 1008 1969 a
1035 1915 1192 1970 nobis
1217 1917 1435 1972 miseris
1466 1931 1532 1972 ac
1574 1918 1812 1989 indignis
1833 1925 2085 1977 encomia

496 2005 719 2074 congeri
764 2005 950 2060 divino
985 2007 1194 2062 nomini
1247 2017 1452 2074 vestro,
1483 2010 1629 2081 quod
1693 2011 1895 2067 divinae
1949 2013 2082 2069 olim

495 2097 696 2168 linguae
721 2098 941 2153 beatum
987 2100 1357 2170 praedicarunt
1388 2119 1403 2158 :
1435 2113 1660 2173 praestat
1696 2112 1758 2160 ut
1788 2105 1854 2161 ad
1886 2120 2088 2162 aarum-

495 2205 596 2246 nas
626 2199 847 2247 nostras
875 2191 1185 2249 veniamus.
2005 2191 2028 2206 “

563 2371 720 2445 lmpii
748 2388 880 2445 ergo
915 2383 1177 2432 consueta
1208 2375 1310 2432 sibi
1352 2375 1500 2432 omni
1537 2386 1733 2434 conatu
1768 2391 1834 2433 ac
1858 2375 2086 2432 vesania

495 2463 672 2520 facere
697 2481 803 2520 non
827 2475 1047 2522 cessant
1075 2486 1088 2523 :
1119 2483 1311 2524 omnes
1335 2507 1352 2532 ,
1384 2469 1478 2539 qui
1522 2469 1715 2525 mortis
1755 2478 1902 2524 metu
1929 2467 2082 2522 fran-

495 2566 720 2630 guntur,
741 2559 797 2614 in
825 2559 1056 2614 haeresis
1081 2560 1400 2616 barathrum
1429 2560 1712 2616 trahentes
1735 2569 1790 2615 et
1813 2559 2090 2630 abripien-

493 2656 616 2704 tes:
647 2647 916 2718 siquidem
949 2648 1175 2704 omnino
1217 2663 1443 2705 necesse
1483 2659 1568 2705 est
1597 2664 1722 2704 eum
1758 2649 1854 2719 qui
1893 2649 2088 2704 cedere

494 2741 654 2806 nolit,
708 2742 998 2797 verberum
1051 2742 1399 2810 aliorumque
1460 2741 1854 2812 suppliciorum
1907 2742 2086 2812 pinnis

494 2833 841 2904 subjici:ita
878 2842 938 2889 ut
991 2833 1238 2888 ditiiuant
1292 2833 1498 2889 sensim
1553 2832 1748 2903 aliqui,
1801 2833 1948 2902 quod
1997 2841 2116 2895 est,

494 2923 894 2988 miserrimum,
919 2925 1082 2978 etiam
1117 2939 1180 2978 ex
1211 2923 1280 2980 iis
1314 2923 1408 2994 qui
1443 2931 1724 2978 certamen
1767 2931 1929 2977 antea
1961 2937 2088 2978 sus-

494 3014 790 3070 tinuerant.
826 3011 938 3071 Nos
977 3029 1107 3070 vero
1147 3015 1366 3080 iterum,
1390 3013 1624 3070 humiles
1651 3025 1706 3069 et
1739 3014 1794 3069 in
1828 3015 2090 3070 membris

497 3105 788 3176 postremi,
824 3114 932 3160 tam
965 3121 1064 3176 pro
1093 3121 1254 3162 sacro
1283 3098 1509 3176 proprio
1551 3107 1749 3174 capite,
1785 3122 1951 3176 quam
1987 3122 2087 3177 pro

495 3197 724 3268 reliquis
769 3198 1178 3254 decertantibus
1215 3197 1464 3269 patribus
1490 3207 1545 3253 et
1570 3197 1832 3254 fratribus
1874 3199 2084 3253 auden-

495 3297 582 3344 tes
609 3289 882 3359 legatione
911 3288 1192 3360 fungimur
1212 3327 1228 3354 ,
1257 3297 1314 3343 et
1344 3288 1702 3344 obsecramus
1731 3297 1791 3342 ut
1835 3289 2086 3342 console-

495 3390 584 3437 tur
608 3396 708 3436 nos
773 3391 962 3436 sancta
990 3389 1047 3435 ct
1099 3380 1400 3450 apostolica
1455 3379 1640 3434 anima
1677 3388 1790 3434 tua.
1839 3377 2084 3434 Primum

493 3473 738 3543 quidem,
767 3473 913 3542 quod
941 3483 995 3527 et
1020 3472 1200 3526 facere
1232 3472 1380 3525 illam
1406 3471 1706 3538 credimus,
1730 3486 1799 3526 ne
1830 3486 1960 3526 suas
1985 3487 2087 3542 pro

492 3565 791 3622 stabilitate
826 3573 882 3620 et
912 3565 1090 3620 salute
1119 3564 1366 3619 omnium
1419 3563 1590 3618 Deum
1627 3563 1905 3619 ﬂectentes
1949 3579 2081 3634 pre-

501 3673 596 3714 ces
619 3658 966 3714 intermittat.
987 3658 1062 3714 Ita
1085 3658 1432 3714 obtestamur
1451 3655 1830 3713 sacratissima
1849 3657 2082 3713 viscera.

493 3751 701 3808 Deinde
729 3761 791 3807 ut
815 3767 938 3823 quae
967 3753 1204 3822 Spiritus
1229 3753 1402 3808 sancti
1448 3752 1712 3806 instinctu
1751 3766 1854 3822 pro
1905 3751 2089 3807 humi-

2187 535 2318 591 θέαν
2373 535 2791 608 προσηκαμένη,
2819 537 3012 610 πόρρω
3037 537 3117 592 δὲ.
3147 537 3311 602 ὄντας
3373 538 3605 602 ἐνδέκως
3653 544 3784 594 ἀπο⁹

2186 627 2522 700 πεμψαμένη
2555 643 2569 658 ο
2596 631 2710 693 τοῖς
2737 629 2794 684 δὲ
2828 629 3124 702 ἡμετέροις
3161 629 3671 704 ταλαιπωρὴμασι,
3700 631 3785 685 διά

2185 722 2286 791 τῆς
2311 720 2708 792 ὲπακροάσεως
2741 720 2851 775 τῶν
2877 720 3251 792 γραμμάτων,
3313 721 3410 775 καὶ
3467 720 3784 793 διηγήσεως

2185 812 2300 866 τῶν
2371 811 2830 877 ἀποσταλέντων,
2885 811 3344 881 ὲπιστυγνάσασά
3385 829 3446 866 τε
3506 814 3608 867 καὶ
3669 814 3787 866 επι-

2187 902 2493 969 στενάξασα
2525 903 2990 975 θεομιμήτως,ῶς
3021 889 3245 968 οἰκείοις
3274 903 3486 976 μέλεσι.
3540 904 3660 958 Καὶ
3697 903 3785 957 όν-

2188 1015 2298 1062 τως
2330 996 2583 1068 ἔγνωμεν
2610 997 2660 1050 οί
2699 997 2974 1060 ταπεινοὶ,
2999 995 3076 1062 ῶς
3102 996 3342 1068 ἐναργὴς
3385 997 3640 1068 διάδοχος
3691 995 3786 1050 τοῦ

2187 1087 2296 1142 τῶν
2344 1087 2661 1143 ἀποστόλων
2690 1089 2995 1158 κορυφαίου
3019 1087 3267 1158 προέστη
3298 1087 3401 1158 τῆς
3463 1087 3788 1159 Ῥωμαῖκῆς

2204 1179 2535 1250 Ἐκκλησίας
2563 1195 2580 1211 ο
2616 1178 2836 1250 άληθῶς
2865 1177 3217 1251 πεπείσμεθα
3243 1221 3258 1246 ,
3310 1180 3397 1234 ὅτι
3425 1180 3528 1234 οὒκ
3587 1181 3790 1248 ἐγκατ-

2188 1271 2346 1324 έλιπε
2381 1271 2586 1342 Κύριος
2616 1271 2717 1340 τὴν
2747 1270 2870 1326 καθ’
2904 1272 3054 1342 ἡμᾶς
3090 1271 3422 1343 Ἐκκλησίαν
3447 1286 3464 1302 ο
3505 1273 3642 1342 μιᾶς
3692 1272 3788 1324 καὶ

2191 1362 2364 1434 μόνης
2390 1363 2489 1432 τῆς
2515 1362 2649 1432 παρ’
2683 1361 2840 1434 ὑμῶν
2892 1363 3218 1434 ἐπικουρίας
3257 1362 3468 1417 ἀνωθεν
3497 1379 3560 1415 τε
3600 1363 3700 1416 καὶ
3729 1361 3791 1426 ἐξ

2188 1454 2366 1523 ἀρχῆς
2393 1454 2453 1505 ὲν
2491 1453 2614 1515 ταῖς
2669 1451 3109 1520 συμϐαινούσαις
3156 1452 3552 1522 περιστάσεσιν
3613 1453 3790 1523 ὑπαρ-

2189 1545 2391 1617 χούσης
2422 1546 2561 1618 αὐτῇ
2611 1543 2749 1599 Θεοῦ
2775 1545 3112 1616 προμηθείᾳ.
3157 1543 3352 1616 Ὑμεῖς
3374 1541 3472 1599 οὖν
3521 1546 3600 1608 ὡς
3653 1545 3791 1616 άλη-

2191 1636 2301 1700 θῶς
2331 1638 2365 1708 ή
2399 1635 2676 1699 ἀθόλωτος
2721 1635 2822 1690 καὶ
2873 1636 3262 1708 ἀκαπηλευτος
3314 1636 3468 1708 πηγὴ
3494 1637 3554 1704 ἐξ
3609 1638 3789 1708 ἀρχῆς

2195 1727 2299 1798 τῆς
2323 1725 2676 1800 όρθοδοξίας·
2726 1727 2888 1796 ὑμεῖς
2945 1728 2974 1781 ό
3030 1729 3216 1799 πάσης
3275 1727 3563 1800 αἰρετικῆς
3617 1726 3790 1800 ζάλης

375 1877 378 1880 ,
493 1835 596 1875 vos
627 1835 659 1874 a
684 1820 793 1875 Deo
817 1821 986 1878 electa
1015 1823 1207 1880 civitas
1230 1823 1427 1895 refugii
1446 1825 1660 1881 salutis.
1685 1823 1790 1880 Sed
1817 1828 2079 1896 quoniam

2193 1815 2556 1888 ἂνῳκισμίνος
2574 1814 2749 1881 εὔδιος
2765 1815 2932 1888 λιμὴν
2945 1817 3047 1888 τῆς
3072 1817 3204 1887 ὅλης
3239 1817 3570 1888 Ἐκκλησίας
3586 1831 3604 1849 ·
3627 1817 3788 1887 duci;

2186 1912 2220 1982 ἡ
2243 1909 2528 1974 θεόλεκτος
2559 1909 2716 1973 πόλις
2747 1907 2845 1963 τοῦ
2877 1907 3316 1981 φυγαδευτηρίου
3343 1910 3444 1980 τῆς
3473 1909 3782 1979 σωτηρίας.

2199 2002 2344 2056 Ἀλλ’
2374 2003 2458 2055 ὅτι
2503 2001 2786 2073 τολμηρὸν
2845 2000 2978 2072 παρ’
3030 1999 3192 2071 ἡμῶν
3247 1999 3357 2055 τῶν
3399 2001 3639 2072 οίκτρῶν
3686 2001 3786 2059 καὶ

2187 2095 2424 2160 ἀναξίων
2449 2092 2706 2164 ἐγκώμια
2731 2091 3010 2165 συναίρειν
3038 2095 3106 2165 τῇ
3137 2093 3245 2147 ὑπὸ
3298 2092 3464 2148 θείων
3518 2093 3788 2162 γλωσσῶν

2185 2182 2359 2237 πάλαι
2390 2181 2860 2253 μεμακαρισμένῃ
2900 2181 3062 2252 ὑμῶν
3129 2181 3413 2256 θεωνυμίᾳ
3443 2198 3459 2214 ο
3519 2183 3644 2238 δίον
3691 2185 3786 2238 ἐπὶ

2189 2275 2248 2330 τὸ
2277 2276 2464 2329 πονεῖν
2493 2272 2696 2328 ἐλθεῖν.

2257 2367 2324 2420 Οί
2355 2365 2458 2437 μὲν
2470 2361 2564 2420 οὖν
2585 2363 2913 2430 ἀσεϐοῦντες
2940 2365 3012 2420 τά
3033 2365 3242 2438 συνήθη
3274 2366 3376 2420 σὺν
3395 2366 3546 2438 πάσῃ
3576 2366 3784 2436 σπουδῇ

2188 2461 2285 2514 καὶ
2322 2457 2496 2532 μανίᾳ.
2529 2459 2708 2512 ποιεῖν
2737 2459 2840 2512 οὐκ
2859 2458 3131 2513 ὲνδιδόασι
3155 2474 3172 2491 ο
3214 2459 3425 2523 πάντας
3454 2460 3786 2528 ὑφέλκοντες

2188 2554 2282 2607 καὶ
2310 2550 2702 2616 κατασπῶντες
2726 2553 2806 2615 εἰς
2830 2551 2894 2605 τὺ
2921 2551 3020 2622 τῆς
3047 2551 3323 2622 αἱρέσεως
3373 2551 3653 2623 βάραθρον
3693 2551 3785 2604 δε-

2193 2643 2546 2714 διττομένους
2566 2645 2660 2697 τὸν
2673 2641 2928 2697 θάνατον.
2973 2643 3220 2714 Ἀνάγκη
3250 2643 3365 2715 γάρ
3394 2645 3570 2709 πάσα,
3592 2644 3686 2698 τὸν
3709 2643 3788 2716 μὴ

2189 2735 2406 2789 εἴκοντα
2461 2737 2528 2806 τῇ
2559 2735 2775 2805 πονηρᾷ
2805 2733 2966 2804 φλογὶ
2985 2735 3096 2788 τῶν
3148 2737 3432 2806 μαστίγων
3459 2737 3780 2807 ὑποϐληθῆ-

2188 2841 2280 2880 ναι
2311 2826 2409 2878 σὺν
2445 2826 2558 2888 τοῖς
2583 2823 2921 2886 ἀκολούθοις,
2973 2822 3120 2877 ὥστε
3184 2825 3328 2878 κατά
3369 2825 3568 2897 μικρὸν
3607 2826 3787 2898 ὑπορ-

2191 2917 2355 2988 ρἐιν,
2383 2916 2445 2969 τὸ
2477 2914 2894 2987 σχετλιώτατον,
2929 2916 3026 2969 καὶ
3046 2914 3110 2980 ἐξ
3131 2915 3316 2970 αὐτῶν
3365 2915 3478 2970 τῶν
3533 2916 3782 2988 ἠθληκό-

2189 3025 2319 3063 των.
2364 3007 2560 3078 Ἦμεῖς
2591 3006 2764 3061 δὲκαὶ
2793 3002 2951 3071 αὖθις
2975 3008 3027 3060 οἱ
3057 3007 3311 3062 ταπεινοὶ⁵
3338 3007 3436 3062 καὶ
3459 3007 3682 3080 ἔσχατοι
3726 3009 3788 3061 ὲν

2188 3102 2303 3164 τοῖς
2342 3099 2588 3171 μέλεσιν,
2635 3099 2778 3169 ὑπέρ
2809 3115 2873 3152 τε
2894 3098 2999 3167 τῆς
3035 3098 3250 3163 οίκείας
3306 3099 3465 3168 ἱερᾶς
3510 3100 3786 3170 κεφαλῆς,

2188 3194 2286 3247 καὶ
2327 3191 2429 3262 τῆς
2453 3191 2820 3263 ἐνισταμένης
2884 3191 3268 3264 ὑπερεχούσης
3319 3193 3669 3264 πατρότητός
3721 3209 3788 3246 τε

2184 3289 2282 3340 καί
2313 3285 2701 3356 ἀδελφότητος,
2754 3283 3073 3356 τολμῶντες
3129 3285 3522 3356 πρεσδεύομέν
3575 3301 3634 3338 τε
3688 3286 3788 3339 καὶ

2185 3376 2618 3449 ὲκλιπαροῢμεν,
2690 3377 3122 3448 παρακληθῆναί
3183 3395 3280 3432 σου
3320 3378 3424 3450 τὴν
3477 3378 3642 3447 ἁγίαν
3691 3377 3792 3432 καὶ

2185 3471 2554 3544 ἀποστολικὴν
2580 3469 2785 3542 ψυχήν.
2823 3453 3050 3542 Πρῶτον
3082 3471 3204 3542 μὲν,
3234 3471 3375 3542 ὅπερ
3417 3472 3512 3525 καὶ
3540 3472 3790 3526 πιστεύο-

2190 3581 2292 3635 μεν
2346 3567 2545 3628 ποιεῖν,
2603 3565 2680 3637 μη
2705 3565 3015 3635 καταλῆξαι
3042 3564 3148 3636 τῆς
3175 3565 3320 3635 ὑπὲρ
3346 3565 3666 3638 στηριγμοῦ
3690 3564 3793 3620 καὶ

2187 3655 2506 3720 διασώσεως
2565 3657 2825 3712 ἁπάντων
2887 3655 3206 3722 θεοκλινοῦς
3258 3659 3598 3729 προσευχῆς.
3649 3657 3790 3722 Ναὶ,

2186 3747 2422 3818 δεόμεθα
2448 3748 2518 3802 τά
2539 3747 2812 3818 ίερώτατα
2845 3749 3155 3818 σπλάγχνα.
3191 3749 3430 3803 Ἔπειτα
3453 3749 3492 3803 δ.
3530 3766 3792 3820 πνευμα-

495 3845 664 3899 litatis
693 3853 894 3900 nostra:
917 3845 1146 3900 utilitate
1169 3860 1235 3901 ac
1251 3853 1510 3916 perpetua
1533 3845 1748 3902 virtutis
1777 3859 1892 3902 sua?
1927 3844 2087 3900 laude

2193 3842 2494 3912 τοκινήτως
2518 3842 2654 3913 αὐτῇ
2698 3840 3056 3912 βεϐούλευται
3095 3841 3193 3897 καὶ
3226 3840 3464 3912 ὥρισται
3523 3840 3611 3894 ἐπ’
3641 3840 3797 3910 ὠφε-

492 3939 812 3995 deliberavit
839 3949 896 3995 et
936 3938 1150 4010 statuit,
1185 3939 1256 3995 ad
1317 3937 1526 3994 exitum
1555 3979 1573 4007 ,
1623 3937 1738 3994 Deo
1773 3938 2086 4010 adjuvante,

2195 3931 2316 4004 λείᾳ
2339 3933 2438 4003 μὲν
2464 3931 2626 4004 ἡμῶν
2651 3933 2764 3986 τῶν
2794 3933 3092 3999 ταπεινῶν,
3127 3932 3336 4002 αίωνίῳ
3358 3932 3418 3986 δὲ
3447 3930 3795 4003 μακαρισμῷ

493 4030 781 4101 perducat.
2197 4024 2300 4096 τῆς
2344 4025 2553 4088 οἰκείας
2579 4024 2784 4097 ἀρετῆς
2804 4063 2820 4092 ,
2847 4026 2928 4089 είς
2951 4025 3128 4097 πέρας
3155 4027 3255 4079 σὺν
3275 4025 3400 4096 Θεῷ
3423 4025 3674 4093 ἀγαγεῖν.

882 4215 1027 4273 XIV.
1059 4216 1312 4289 —-Papa:
1356 4218 1722 4278 Alexandria.

2474 4214 2572 4270 ΙΝ.
2599 4244 2672 4258 -ο
2691 4213 2870 4282 Πάπᾳ
2897 4211 3380 4282 Ἀλεξανδρείας.
3424 4210 3573 4284 [σδῖ]

1267 4384 1499 4448 Ejusdem
1519 4399 1578 4436 ac
1601 4385 1713 4436 dus
1733 4384 2021 4449 superiores
2043 4381 2343 4449 argumenti.
2375 4383 2580 4447 (Baron.
2604 4395 2686 4432 an.
2705 4381 2820 4444 817,
2843 4395 2893 4431 ιι.
2916 4380 3022 4444 26.)

495 4533 564 4590 In
609 4537 853 4594 omnibus
911 4541 1246 4596 sanctissimo
1284 4541 1438 4597 Patri
1512 4543 1770 4610 Patrum,
1818 4544 2078 4599 luiiiinari

2193 4538 2274 4605 Τῷ
2294 4539 2367 4593 τὰ
2401 4535 2601 4592 πάντα
2645 4535 2945 4607 ἁγιωτάτῳ
2966 4534 3149 4602 Harp!
3178 4532 3481 4603 Πατέρων,
3515 4531 3793 4604 φωστῆρι

565 4628 936 4698 luminariunt,
963 4631 1187 4686 Domino
1205 4651 1338 4700 meo,
1357 4633 1584 4688 Domino
1603 4635 1909 4690 beatissimo
1926 4651 2079 4705 papa:

2259 4630 2614 4702 φωστήρων,
2650 4631 2836 4697 κυρίῳ
2877 4647 3022 4698 μου,
3049 4631 3321 4697 δεσπότῃ
3353 4629 3787 4697 μακαριωτάτῳ

568 4718 933 4785 Alexandriae.
959 4721 1260 4780 Theodorus
1287 4725 1538 4781 minimus
1561 4726 1832 4796 presbyter
1859 4733 1910 4780 et
1941 4741 2082 4796 pra:-

2258 4725 2429 4792 πάπᾳ
2453 4723 2930 4792 Ἀλεξανδρείας,
2955 4722 3260 4790 Θεόδωρος
3278 4719 3610 4790 ἐλάχιστος
3639 4737 3792 4788 πρε-

565 4816 770 4884 positus
802 4815 1006 4871 Studii.
1037 4881 1040 4884 ἢ

2259 4821 2553 4887 σόύτερος
2582 4817 2684 4872 καί
2714 4801 3050 4888 ἡγούμενος
3088 4813 3210 4870 τῶν
3239 4814 3562 4870 Στουδίου.

568 4923 860 4980 Maximum
885 4925 1177 4982 humilitati
1207 4941 1344 4983 mea:
1383 4939 1608 4991 munus,
1634 4935 1706 4982 et
1733 4926 1934 4982 summi
1963 4932 2079 4982 voti
2115 4953 2164 5013 ο

495 5031 635 5086 opus
661 5027 800 5083 erat,
840 5029 902 5074 ut
931 5019 1130 5088 dignus
1161 5020 1345 5076 ﬁerem
1375 5022 1469 5091 qui
1521 5034 1615 5090 per
1644 5019 1852 5074 litteras
1903 5018 2078 5074 collo-

2193 5026 2352 5097 ιῦχῆς
2399 5026 2502 5097 τῆς
2543 5025 2808 5080 ἀνωτάτω
2835 5023 3018 5095 ἔργον,
3044 5022 3135 5077 διὰ
3156 5022 3490 5094 γράμματος
3537 5017 3788 5087 ἀξιωθῆ-

495 5121 696 5179 querer
735 5123 860 5162 cum
904 5110 1206 5178 apostolico
1263 5111 1467 5166 vertice
1501 5121 1618 5174 tuo,
1657 5126 1765 5165 non
1799 5111 1978 5166 solum
2011 5111 2084 5164 oh

2193 5136 2274 5174 van.
2315 5119 2395 5182 είς
2426 5115 2645 5188 ὁμιλίαν
2669 5116 2845 5170 ὲλθεῖν
2869 5112 2976 5186 τῆξ
2999 5113 3369 5180 ἀποστολικῆς
3388 5129 3484 5166 σου
3507 5109 3788 5182 κορυφῆς.

497 5200 819 5256 tenuitatem
877 5202 1162 5272 parvitatis
1207 5217 1361 5266 meae,
1419 5218 1543 5272 qua:
1591 5203 1767 5274 impar
1791 5209 1962 5258 estut
2015 5201 2082 5257 ad

2193 5212 2247 5265 οὗ
2288 5211 2452 5282 μόνον
2506 5209 2597 5264 διὰ
2647 5209 2710 5263 τὸ
2787 5208 3006 5273 εὐτελὲς
3066 5209 3168 5279 τῆς
3225 5206 3595 5278 σμικρότητός
3639 5219 3786 5273 μουο

500 5291 743 5365 ιηυιιίεε
767 5293 993 5360 scribat,
1020 5294 1221 5350 nedum
1241 5296 1308 5350 ad
1333 5303 1441 5350 tam
1471 5311 1732 5368 magnum
1753 5305 1809 5352 et
1835 5295 2081 5351 divinum

2193 5299 2253 5374 ἧς
2294 5304 2390 5356 καὶ
2419 5301 2479 5356 τὸ
2527 5301 2671 5373 πρὸς
2719 5301 2874 5365 ἴσους
2927 5300 3163 5372 γράφειν
3221 5297 3428 5362 ἐνδεὲς,
3482 5295 3558 5366 μὴ
3601 5296 3686 5349 ὅτι
3713 5311 3788 5363 γε

495 5393 663 5456 caput
693 5401 710 5453 ;
739 5400 924 5442 verum
948 5386 1110 5441 etiam
1131 5387 1204 5440 ob
1224 5386 1496 5443 didicilem
1519 5389 1573 5442 in
1615 5398 1766 5444 tanto
1799 5389 2085 5444 intervallo

2194 5397 2333 5467 πρός
2361 5395 2506 5451 οὕτω
2542 5395 2791 5467 μεγάλην
2824 5396 2922 5450 καὶ
2949 5393 3103 5448 θείαν
3133 5391 3386 5462 κεφαλήν
3409 5409 3423 5423 ·
3473 5389 3614 5444 ἀλλὰ
3665 5390 3786 5461 γὰρ

497 5491 806 5544 accessum,
834 5493 995 5549 quem
1023 5478 1245 5534 ethnica
1288 5478 1558 5549 praecipue
1608 5479 1822 5536 inhibet
1865 5481 2086 5537 obstru-

2193 5488 2288 5542 καὶ
2339 5487 2427 5542 διά
2469 5487 2572 5559 τὴν
2641 5489 2702 5540 ὲν
2759 5485 3000 5558 τοσούτῳ
3029 5482 3345 5556 μακρυσμῷ
3399 5481 3656 5550 πάροδον.
3697 5483 3778 5552 τῇ

498 5569 626 5624 ctio.
675 5569 930 5626 Attamen
966 5569 1058 5625 Dei
1114 5569 1306 5640 optimi
1333 5570 1579 5625 bonitate
1607 5571 1741 5626 mihi
1774 5571 1989 5642 obtigit,
2022 5581 2082 5628 ct

2193 5575 2374 5646 ἐθνικῇ
2403 5576 2486 5629 ὅτι
2513 5574 2748 5647 μάλιστα
2785 5573 3116 5645 είργομὲνην
3169 5570 3525 5640 διατειχίσει.
3579 5567 3784 5634 Ὅμως

498 5678 647 5718 nunc
677 5664 859 5720 scribo
885 5665 1100 5720 duabus
1123 5664 1194 5719 de
1215 5663 1400 5720 causis
1434 5681 1447 5718 :
1476 5664 1670 5730 altera,
1705 5673 1764 5719 ut
1795 5681 1908 5736 quo
1933 5665 2080 5736 jam-

2193 5667 2402 5740 εὐδοκία
2445 5667 2541 5722 τοῦ
2585 5665 2945 5739 ύπεραγάθου
2981 5663 3118 5719 Θεοῦ
3145 5662 3439 5732 ἐξεγένετό·
3469 5678 3562 5733 μοι
3583 5675 3596 5690 ·
3627 5659 3782 5713 δυοῖν

495 5755 760 5812 dumdum
803 5768 992 5814 teneor
1020 5756 1296 5816 desiderio
1324 5797 1340 5827 ,
1381 5756 1435 5812 id
1481 5767 1735 5828 peccator
1781 5757 2071 5831 explicem,

2193 5759 2369 5814 εἵνεκα
2388 5775 2402 5790 ο
2434 5757 2552 5822 ἐνὸς
2588 5757 2712 5831 μὲν,
2739 5757 2815 5822 ῶς
2846 5755 2912 5811 ἂν
2941 5756 3007 5829 ἣν
3035 5754 3202 5812 πάλαι
3256 5748 3408 5825 εἶχον
3467 5748 3777 5821 ἐπιθυμίαν

2273 4933 2363 4997 Ὠς
2419 4934 2685 5004 μέγιστον
2741 4933 2810 5003 τῇ
2872 4932 2981 5002 ἐμῇ
3038 4927 3371 4984 ταπεινώσει
3427 4927 3630 4999 δῶρον,
3689 4927 3795 4979 καὶ
3883 4918 3896 4926 ’
