4054 6364
241 321 382 390 1157

1442 329 1980 394 EPISTOLARUM
2017 332 2162 395 LIB.
2224 333 2311 394 Π.

3376 334 3515 401 ἱιῖιθ

236 440 274 490 ὁ
299 434 627 508 ἁμαρτωλὸς
654 435 1072 511 ἀποπληρώσω,
1097 437 1186 493 διά
1208 440 1404 511 νοερᾶς
1432 441 1830 513 προσψαύσεως

1941 445 2290 500 intellectuali
2344 451 2598 500 contactu
2662 460 2957 504 sacrorum
3024 447 3220 519 pedum
3278 461 3521 511 tuorum.

234 529 350 584 τῶν
403 527 569 600 ἱερῶν
596 546 690 583 σου
738 530 902 599 ίχνῶν
924 546 938 560 ·
975 531 1099 585 οὐδὲ
1124 533 1233 603 γὰρ
1274 531 1451 597 ἄλλως
1503 530 1574 605 ἦν
1603 534 1829 592 δυνατὸν

233 624 300 676 τὸ
323 623 660 695 καταθύμιον
688 623 1047 694 πληρωθῆναι
1065 641 1080 656 ο
1113 624 1303 697 ἐτέρου
1331 626 1414 691 δὲ,
1456 627 1486 681 ὃ
1512 628 1608 681 καὶ
1630 628 1831 699 μᾶλλον

239 714 590 781 κατεπεῖγον,
620 711 759 781 πρὸς
803 712 868 764 τὸ
889 712 1299 785 γνωριμώτερα
1345 716 1704 787 παραστῆσαι
1760 717 1830 771 τὰ

237 801 539 855 ἐπελθόντα
564 800 716 857 δεινά
749 802 1013 869 ἐνταῦθα,
1040 806 1109 874 τῇ
1139 803 1396 878 θειοτάτῃ
1452 823 1548 859 σου
1585 809 1828 879 κορυφῇ,

238 892 318 955 ὡς
348 892 748 965 συμπασχούσῃ
782 896 896 957 τοῖς
930 895 1024 949 τοῦ
1063 896 1188 950 ὅλου
1247 897 1505 968 σώματος
1539 898 1641 969 τῆς
1705 898 1834 953 Ἐκ-

239 986 472 1055 κλησὶας
498 985 740 1056 μέλεσιν.
784 988 853 1040 Ἀ
893 987 1248 1059 ὲξήκουσται,
1280 990 1354 1053 ὡς
1380 987 1566 1061 οἶμαι,
1597 992 1696 1046 καὶ
1747 993 1831 1057 είς

240 1076 315 1129 τά
344 1076 550 1148 ἔσχατα
584 1077 681 1145 τῆς
724 1078 1072 1150 οἰκουμένης,
1105 1080 1196 1135 διὰ
1223 1083 1285 1135 τὸ
1310 1083 1412 1153 τῆς
1460 1083 1665 1148 κακίας
1725 1101 1828 1137 πε·

244 1171 527 1242 ριὸόητον.

319 1266 569 1336 Διωγμὸς
612 1265 941 1336 κατείληφεν
973 1265 1144 1334 ἡμᾶς,
1188 1258 1237 1321 ὧ
1286 1264 1697 1337 μακαριώτατε,
1740 1268 1835 1321 καὶ

241 1359 506 1431 διωγμῶν
538 1359 568 1413 ὁ
594 1356 917 1430 βαρύτατος.
950 1357 1126 1411 Πάλαι
1158 1357 1258 1428 μὲν
1290 1358 1386 1413 οὖν
1417 1358 1621 1429 Ἀχαάὄ
1654 1358 1834 1429 ζητῶν

259 1453 450 1507 Ἠλίαν
489 1452 582 1505 τὸν
610 1452 917 1521 προφήτην,
948 1450 1130 1504 πάντα
1156 1450 1324 1504 τόπον
1364 1452 1647 1522 ἐμπρῆσαι
1676 1450 1832 1520 λέγεο

242 1559 338 1595 ται
359 1557 375 1572 ο
408 1539 504 1594 τοῦ
534 1539 871 1612 ἐμπρησμοῦ
901 1542 992 1594 τὸν
1014 1541 1187 1610 θυμὸν
1212 1540 1309 1595 τοῦ
1337 1542 1571 1604 ἀσεϐοῦς
1598 1541 1835 1612 ὑποφαί-

242 1649 454 1696 νοντος.
480 1632 617 1687 Νυνὶ
648 1633 705 1687 δι
735 1634 766 1685 ὁ
801 1632 1131 1704 ’Δχααὸἱτης
1170 1633 1265 1687 καὶ
1293 1634 1394 1704 τὴν
1421 1633 1582 1699 ἀξίαν
1610 1634 1708 1689 καὶ
1733 1634 1835 1705 τὴν

246 1722 505 1791 καρδίαν,
537 1721 600 1775 ού
633 1723 727 1776 τὸν
764 1721 949 1776 Ἠλιοῦ
983 1722 1145 1793 μόνον
1178 1723 1661 1794 ἐγγεγραμμένον⁸
1698 1724 1835 1778 ἀλλά

247 1816 349 1869 καὶ⁵
370 1816 463 1869 τὸν
486 1814 676 1869 τούτου
695 1814 978 1886 Δεσπότην
1010 1814 1216 1886 Ἰησοῦν
1239 1808 1496 1885 Χριστὸν,
1517 1815 1610 1870 τὸν
1631 1817 1836 1887 Κύριον

246 1906 350 1959 καὶ
370 1905 503 1960 Θεὸν
526 1907 688 1977 ἡμῶν
703 1923 719 1938 ⁸
751 1906 850 1974 τὴν
870 1906 1133 1961 Θεοτόκον
1157 1908 1253 1960 καὶ
1276 1908 1457 1961 πάντα
1480 1907 1635 1976 ἅγιον
1656 1909 1839 1981 ζητῶν

243 1997 492 2069 ὲκζητεῖ,
525 1998 621 2051 καὶ
647 1996 827 2069 εὑρὼν
853 1996 1169 2067 ὲξαφανίζει
1196 1997 1356 2069 θυμῷ
1388 1998 1611 2072 μεγάλῳ
1639 2003 1705 2055 ἐκ
1733 2004 1839 2057 πά-

247 2106 355 2160 σης
390 2089 601 2155 πόλεως
635 2092 731 2146 καὶ
750 2090 937 2163 χώρας
958 2094 1061 2163 τῆς
1086 2091 1193 2145 ὑπὸ
1216 2094 1397 2164 χεῖρα.
1424 2093 1708 2149 Ἐντεῦθεν
1737 2096 1836 2150 θυ-

246 2185 547 2255 σιαστήρια
582 2183 1012 2254 κατεσκαμμένα
1029 2198 1045 2213 '
1075 2185 1194 2238 ναοὶ
1217 2185 1425 2257 Κυρίου
1449 2187 1833 2259 ὴχρειωμένοι,

248 2275 351 2330 καὶ
393 2277 515 2329 κατ’
547 2275 730 2339 οῐκους
762 2275 857 2329 καὶ
886 2274 1192 2339 καθολικῶς
1222 2276 1318 2331 καὶ
1355 2276 1417 2329 ἑν
1445 2276 1708 2349 ἀνδρῶσι,
1743 2280 1839 2333 καὶ

245 2367 313 2419 ὲν
347 2365 713 2437 παρθενῶσιν,
758 2366 812 2418 οἱ
878 2366 1072 2431 πάλαι,
1121 2366 1171 2420 οἱ
1219 2368 1418 2420 νεωστὶ
1450 2368 1836 2439 ἑγηγερμένοι.

261 2457 529 2512 Ἐλεεινδν
559 2458 740 2529 θέαμα
764 2457 956 2529 ὥσπερ
988 2457 1368 2527 ὲξοψισθέντας
1397 2458 1722 2529 ἀνθρώπους
1747 2460 1841 2514 τὲ-

249 2551 400 2621 ρατά
430 2568 552 2605 τινα
572 2568 588 2585 ο
619 2550 795 2614 οὕτως
821 2552 921 2613 τὰς
951 2550 1048 2604 τοῦ
1078 2549 1218 2604 Θεοῦ
1249 2550 1576 2623 Ἐκκλησίας
1616 2551 1839 2622 βλέπειν

247 2643 624 2715 ἀφῃρημένας
672 2643 765 2697 τὸν
804 2643 1010 2696 οίκεῖον
1058 2642 1284 2713 κόσμον,
1324 2641 1420 2695 καὶ
1474 2641 1841 2713 ἀμορφώτους

246 2735 630 2798 καθεστώσας.
656 2734 753 2800 Τίς
777 2734 979 2805 ἧκουσε
1003 2733 1243 2787 τοιοῦτον
1287 2732 1321 2801 ἢ
1345 2731 1592 2803 ἑώρακεν
1628 2734 1687 2786 ἐν
1723 2735 1838 2798 τοῖς

247 2827 428 2881 πάλαι
471 2826 820 2898 ἀσεδήμασις
857 2827 1011 2896 Τάχα
1046 2826 1076 2878 ό
1110 2824 1459 2894 ἐπικείμενος
1492 2826 1623 2897 ὑμῖν
1653 2826 1839 2897 Ἄραψ

247 2919 397 2973 αἱδοῖ
437 2916 723 2989 χρώμενος
758 2915 1234 2987 φιλοχριστότερον
1265 2914 1520 2981 διέξεισιν
1547 2916 1607 2968 ἐν
1638 2915 1838 2987 τούτῳ.

260 3009 409 3063 Ἀλλ’
445 3010 545 3080 οὑχ
586 3010 617 3063 ό
656 3007 926 3080 ἡμέτερος
952 3006 1189 3077 Ταῦεήλο
1225 3006 1454 3071 Φεῖσαι,
1502 3007 1705 3075 Κύριε,
1738 3007 1840 3061 καί

242 3101 340 3171 μὴ
363 3099 481 3167 δῷς
512 3101 726 3155 τέλεον
749 3099 865 3168 τὴν
889 3099 1299 3168 κληρονομίαν
1327 3115 1446 3153 σου
1467 3101 1557 3164 εις
1581 3098 1836 3165 ὄνειδος.
1867 3118 1909 3175 (ς

248 3192 370 3246 Καὶ
421 3193 471 3246 εἱ
516 3189 643 3255 τοὺς
687 3191 748 3244 έν
780 3190 966 3255 πίναξι
1004 3188 1382 3261 χαρακτῆρας,
1408 3190 1536 3254 τοὺς
1578 3192 1635 3244 ὲν
1673 3192 1840 3262 ἱεροῖς

248 3277 593 3349 ἀναθήμασι,
614 3278 834 3341 δέλτους
861 3280 963 3341 τάς
990 3278 1551 3349 ὑπομνηματιζούσας
1582 3282 1714 3352 περὶ
1742 3281 1841 3335 αύ-

247 3374 389 3436 τῶν,
436 3370 704 3435 σκώπτει,
744 3371 1020 3440 κωμῳδεῖ,
1054 3369 1301 3441 διασύρει
1334 3370 1411 3436 ὡς
1450 3372 1836 3444 βδελύγματω

248 3463 333 3528 ὡς
355 3462 642 3532 θεοπυγῆ·
687 3460 757 3515 τά
795 3460 1039 3529 θεοφιλῆ,
1072 3460 1167 3516 καὶ
1200 3462 1408 3532 κόσμου
1451 3464 1724 3536 σωτήριαο
1757 3464 1835 3519 ibi

247 3556 341 3618 τίς
381 3555 483 3609 οὐκ
518 3554 834 3619 ὲπιστάξειε
868 3553 1137 3624 δάκρυον;
1166 3552 1253 3618 τίς
1276 3555 1378 3607 οὐκ
1402 3556 1605 3626 ἀφήσει
1634 3574 1841 3611 στενα-

250 3648 400 3718 γμὸν
455 3650 522 3702 ὲκ
582 3647 782 3718 βάθους
829 3646 1057 3716 καρδίας
1113 3646 1613 3718 ἁναπεμπόμενονς
1682 3648 1838 3704 Ὀδοὶ

250 3738 414 3793 Σιὼν
441 3738 738 3795 πενθοῦσι
762 3738 923 3807 παρὰ
950 3738 1019 3792 τὸ
1040 3735 1127 3809 μὴ
1160 3738 1315 3793 εἷναι
1345 3740 1471 3802 τοὺς
1496 3740 1738 3805 εὐσεϐῶς
1760 3742 1840 3795 δι-

248 3828 559 3893 οδεύοντας.
589 3828 698 3883 Καί
718 3845 782 3899 γε
831 3828 1063 3896 Πάντες
1085 3828 1427 3897 ἐξέκλιναν,
1454 3830 1575 3899 ἅμα
1595 3832 1844 3902 ὴχρειώο

252 3926 480 3991 θησαν.
534 3922 831 3995 Ἱεραρχεῖν
877 3922 1158 3989 δοκοῦντες
1201 3924 1298 3979 καὶ
1340 3926 1529 3995 ἱερεῖς,
1578 3928 1842 3997 μονασταὶ

253 4016 355 4069 καὶ
390 4015 639 4086 μιγάδες,
674 4016 783 4070 πᾶν
811 4015 993 4084 γένος,
1021 4016 1116 4070 καὶ⁵
1151 4017 1303 4070 πᾶσα
1351 4017 1539 4088 ἡλικία
1563 4033 1579 4049 ·
1636 4019 1709 4071 οἱί
1739 4018 1840 4090 μὲν

250 4104 442 4158 τέλεον
475 4104 885 4175 ναυαγήσαντες
940 4103 1070 4175 περὶ
1098 4102 1197 4175 τὴν
1224 4102 1428 4168 πίστιν,
1459 4104 1509 4157 οἱ
1552 4102 1611 4157 δὲ
1654 4104 1704 4156 εί
1748 4103 1842 4157 καὶ

251 4196 386 4259 τοὺς
414 4194 715 4267 λογισμοὺς
738 4195 799 4248 ού
828 4193 1372 4260 καταποντισθέντες,
1404 4196 1471 4265 τῇ
1504 4193 1562 4248 δὲ
1587 4195 1839 4266 αἱρετικῇ

252 4285 519 4357 κοινωνίᾳ
561 4285 619 4352 ἐξ
653 4284 907 4357 ἡμισείις
934 4285 1042 4339 δέει
1080 4284 1397 4357 σωματικοῦ
1432 4286 1669 4341 θανάτου
1704 4304 1841 4357 συγ-

252 4376 687 4443 κινδυνεύοντες.
725 4377 869 4449 Πλὴν
908 4378 990 4431 ὅτι
1017 4377 1156 4431 εἱσὶν
1183 4376 1662 4449 ὑπολελειμμένοι,
1698 4380 1842 4434 οἵτι-

1932 534 2377 604 quandoquidem
2412 535 2568 589 aliter
2597 545 2786 591 votum
2838 538 3056 608 explere
3107 554 3215 593 non
3248 541 3407 597 licet:
3436 545 3520 595 al-

1934 636 2076 688 tera,
2106 641 2232 695 qua:
2260 626 2434 696 magis
2457 636 2632 696 urget,
2662 638 2723 682 ut
2748 630 2959 684 notiora
2992 632 3128 685 liant
3168 632 3521 689 divinissimo

1932 717 2124 772 vertici
2176 728 2457 788 tuo,‘quaa
2502 720 2591 775 hic
2611 720 2727 775 dira
2746 722 3062 777 acciderunt
3092 742 3105 778 :
3138 733 3201 778 ut
3228 725 3320 795 qui
3355 726 3524 781 totius

1935 810 2184 877 corporis
2226 808 2482 865 Ecclesiae
2512 812 2777 867 membris
2803 813 3121 870 condoleat.
3146 815 3280 881 Qua:
3298 817 3521 885 quidem

1934 899 2020 954 vel
2045 900 2100 954 in
2134 900 2342 955 ultimis
2369 912 2528 957 terra:
2561 901 2764 959 finibus
2805 904 2878 960 ob
2918 916 3220 961 extremam
3270 908 3522 977 impieta-

1935 997 2046 1045 tem
2085 991 2270 1047 audita
2303 992 2581 1049 existimo.

2004 1256 2212 1314 Invasit
2276 1275 2377 1314 nos
2422 1261 2758 1331 persecutio,
2794 1262 3137 1331 beatissime,
3174 1274 3229 1321 et
3260 1282 3523 1336 persecu-

1934 1349 2147 1405 tionum
2213 1352 2564 1422 gravissima.
2616 1352 2758 1407 Olim
2830 1356 3051 1424 quidem
3108 1358 3298 1413 Achab
3338 1359 3519 1415 Etiam

1933 1456 2189 1510 quaerens
2255 1442 2601 1512 prophetam,
2638 1444 2755 1498 loca
2795 1446 2978 1499 omnia
3045 1448 3362 1506 incendisse
3383 1451 3521 1506 dici-

1934 1541 2044 1597 tur,
2101 1535 2353 1590 incendio
2407 1536 2502 1590 illo
2540 1537 2690 1606 impii
2740 1538 2878 1592 iram
2924 1547 2979 1593 et
3028 1538 3269 1596 furorem
3300 1544 3526 1598 demon-

1934 1632 2144 1679 straute
2165 1623 2234 1679 “.
2271 1622 2429 1681 Nunc
2471 1641 2602 1680 vero
2645 1639 2698 1682 et
2751 1628 3018 1698 dignitate
3070 1640 3121 1685 et
3150 1632 3318 1688 corde
3345 1634 3525 1689 Acha-

1935 1715 2102 1781 bites,
2139 1730 2246 1769 non
2294 1713 2469 1770 Eliam
2500 1715 2678 1770 solum
2713 1715 3016 1786 depictum.
3048 1720 3143 1775 sed
3176 1722 3341 1791 hujus
3381 1738 3524 1792 quo-

1938 1822 2046 1876 que
2071 1804 2365 1860 Dominum
2393 1804 2581 1860 Jesum
2604 1805 2911 1868 Christum.
2946 1808 3238 1865 Dominum
3263 1820 3315 1866 et
3353 1813 3523 1868 Deum

1941 1906 2232 1963 nostrum,
2291 1897 2579 1967 Deiparam
2637 1907 2695 1953 et
2753 1909 3006 1954 sanctum
3071 1902 3523 1974 unumquemque

1938 2002 2194 2057 quaerens
2242 1989 2456 2056 quaerit,
2492 1987 2892 2059 inventumque
2931 2004 3131 2062 magna
3179 1992 3257 2046 ira
3290 1994 3434 2049 delet
3461 1996 3518 2050 in

1938 2075 2090 2130 omni
2121 2076 2344 2131 civitate
2373 2086 2427 2132 et
2456 2077 2679 2149 regione
2716 2078 2945 2135 ditionis
2980 2094 3114 2135 suae.
3160 2079 3299 2137 Hinc
3335 2098 3527 2139 eversa

1939 2164 2156 2231 altaria,
2210 2166 2409 2236 templa
2456 2166 2675 2221 Domini
2717 2177 2954 2236 vastata,
2983 2178 3042 2225 et
3091 2170 3302 2240 privata
3334 2181 3391 2227 et
3420 2189 3527 2243 pu-

1938 2258 2104 2324 blica,
2135 2274 2256 2329 quae
2285 2260 2339 2313 in
2371 2259 2614 2314 virorum
2640 2260 2985 2331 etvirginum
3029 2262 3387 2329 habitaculis,
3418 2275 3527 2320 tam

1938 2358 2122 2406 vetera
2160 2365 2327 2421 quam
2381 2365 2570 2407 recens
2601 2358 2902 2407 exstructa.
2949 2351 3260 2410 Mlserabile
3312 2364 3530 2426 specta-

1940 2443 2127 2498 culum
2152 2443 2166 2496 ἱ
2193 2451 2452 2512 tanquam
2474 2440 2615 2496 facie
2629 2441 2968 2501 deformatos
2985 2445 3235 2501 homines
3259 2454 3315 2500 et
3343 2456 3532 2503 osten-

1940 2544 1995 2591 ta
2026 2537 2305 2607 quaedam,
2334 2538 2416 2593 sic
2447 2536 2542 2592 Dei
2572 2536 2850 2593 Ecclesias
2887 2549 3085 2593 ornatu
3111 2553 3214 2594 suo
3236 2540 3530 2596 destitutas

1941 2638 1997 2684 et
2022 2629 2288 2685 informes
2315 2629 2537 2685 relictas
2563 2631 2943 2700 contemplari.
2971 2631 3111 2697 Quis
3148 2633 3281 2687 talia
3312 2632 3529 2688 audivit

1943 2729 2037 2775 aut
2064 2719 2201 2775 vidit
2231 2737 2475 2791 unquam
2504 2722 2559 2777 in
2585 2722 2783 2793 prisca
2810 2722 3183 2792 improbitatis
3216 2724 3531 2793 exemplis!

1944 2814 2040 2868 Ille
2087 2813 2227 2883 ipse,
2275 2813 2370 2881 qui
2413 2814 2725 2869 cervicibus
2775 2815 2978 2868 vestris
3030 2814 3300 2869 incumbit
3330 2814 3529 2880 Arabs,

1942 2906 2135 2962 mitius
2183 2906 2413 2962 forsitan
2446 2906 2553 2962 hac
2590 2907 2647 2962 in
2690 2917 2847 2978 parte
2876 2923 3003 2978 erga
3035 2907 3317 2963 Christum
3346 2924 3407 2964 se
3437 2925 3532 2979 ge-

1945 3000 2037 3054 rit.
2067 3002 2135 3055 At
2164 3014 2272 3054 non
2300 3002 2382 3055 sic
2412 2999 2616 3056 Tabeel
2662 3009 2853 3057 noster
2880 3018 2896 3055 :
2944 3000 3133 3067 Parce,
3178 3002 3437 3069 Domine,
3471 3020 3534 3058 ne

1942 3094 2031 3146 des
2077 3093 2222 3147 ultra
2261 3094 2625 3149 hereditatem
2654 3103 2801 3148 tuam
2838 3096 2895 3149 in
2927 3096 3263 3165 opprobrium
3293 3097 3361 3153 ⁸⁷.
3393 3096 3532 3152 Cum

1942 3200 2073 3255 ergo
2126 3185 2298 3254 pictas
2353 3186 2408 3240 in
2458 3186 2664 3243 tabulis
2705 3187 2974 3258 imagines
3007 3203 3038 3243 e
3082 3189 3256 3244 sacris
3291 3189 3536 3245 donariis

1940 3278 2207 3343 sublatas,
2240 3287 2294 3333 et
2321 3278 2495 3334 libros
2516 3280 2613 3350 qui
2642 3280 2981 3335 mentionem
2998 3295 3186 3335 earum
3224 3282 3529 3345 continent,

1939 3372 2267 3440 proscindit,
2317 3372 2529 3439 irridet,
2564 3374 2873 3430 subsannat
2906 3383 3167 3445 tanquam
3205 3376 3534 3430 abominan-

1939 3460 2007 3515 da
2043 3472 2100 3516 et
2125 3462 2296 3517 invisa
2322 3462 2436 3517 Deo
2481 3463 2725 3534 piacula,
2764 3478 2888 3534 quae
2931 3463 3041 3519 Den
3072 3476 3297 3536 accepta
3321 3475 3450 3521 sunt
3480 3474 3535 3521 ct

1942 3551 2149 3606 mundo
2172 3552 2437 3607 salutaria
2474 3570 2489 3608 :
2517 3552 2670 3610 Heu!
2698 3555 2823 3625 quis
2848 3554 3124 3626 lacrymas
3156 3556 3381 3610 teneat?
3408 3560 3537 3626 quis

1941 3642 2175 3711 gemitus
2202 3658 2270 3698 es
2295 3644 2406 3699 imo
2442 3654 2666 3716 pectore
2698 3661 2809 3701 non
2844 3648 2970 3702 edat
2990 3648 3014 3702 l
3038 3646 3150 3703 Via:
3178 3647 3309 3702 Sion
3328 3648 3533 3718 lugent,

1940 3748 2001 3786 eo
2029 3736 2169 3806 quod
2200 3754 2306 3793 non
2334 3738 2441 3791 sint
2472 3739 2563 3808 qui
2591 3739 2679 3809 pie
2709 3739 2991 3795 ambulent
3020 3740 3073 3794 in
3102 3741 3183 3796 eis
3205 3741 3272 3795 ⁸⁸.
3311 3740 3376 3795 Et
3398 3756 3530 3796 vero

1945 3834 2137 3890 Omnes
2199 3830 2634 3893 declinaverunt,
2682 3830 2843 3883 simul
2884 3830 3098 3884 inutiles
3149 3831 3282 3900 facti
3324 3832 3535 3885 sunt”.

1941 3924 2044 3989 Qui
2073 3920 2315 3992 episcopi
2351 3920 2677 3974 videbantur
2722 3929 2777 3974 et
2831 3919 3164 3984 sacerdotes,
3196 3921 3452 3976 monachi
3484 3933 3540 3977 et

1942 4014 2253 4077 saeculares,
2285 4011 2467 4067 omnis
2498 4024 2664 4065 sexus
2709 4018 2765 4064 et
2785 4011 2966 4065 omnis
3003 4019 3158 4075 tetas,
3182 4012 3275 4065 alii
3309 4012 3535 4081 quidem

1941 4106 2088 4161 circa
2138 4104 2296 4160 fidem
2337 4102 2591 4157 ultimum
2638 4098 2983 4171 naufragium
3025 4102 3173 4175 passi
3222 4111 3393 4163 sunt,
3422 4102 3540 4156 alii.

1941 4199 1989 4254 si
2034 4196 2220 4253 minus
2258 4202 2443 4250 mente
2483 4192 2918 4267 etcogitatione
2962 4192 3225 4258 demersi,
3283 4192 3538 4248 haeretica

1940 4291 2136 4346 saltem
2159 4286 2550 4344 communione
2574 4285 2770 4340 mortis
2824 4292 2972 4340 metu
3004 4294 3303 4351 contracta,
3334 4284 3532 4340 eodem

1941 4397 2005 4436 ex
2046 4386 2202 4451 parte
2247 4377 2492 4448 periculo
2539 4376 2793 4431 involuti.
2836 4374 3035 4432 Relicti
3079 4386 3262 4432 tamen
3309 4377 3536 4447 quidam

251 4483 364 4535 νες
408 4470 521 4522 οὐκ
567 4469 850 4539 ἔκαμψαν
898 4470 1046 4540 γόνυ
1094 4468 1171 4538 τῇ
1215 4471 1405 4526 Βάαλ.
1442 4472 1554 4525 Καὶ
1594 4471 1840 4527 τοσοῦτοι

1948 4481 2078 4529 sunt
2122 4470 2213 4540 qui
2259 4486 2364 4523 non
2407 4477 2755 4523 curvaverant
2806 4484 2978 4539 genua
3020 4478 3143 4523 ante
3175 4468 3319 4523 Baal
3343 4471 3389 4502 ”
3414 4484 3434 4523 .'
3464 4469 3542 4524 si-

252 4558 449 4612 ὀπόσοι
478 4560 570 4613 καὶ
600 4558 933 4631 ἠρίθμηνται
962 4560 1176 4633 Κυρίῳ.
1200 4559 1316 4630 Πρὸ
1341 4560 1559 4615 πάντων
1583 4562 1612 4615 ό
1640 4560 1849 4632 πρώτι-

256 4667 390 4715 στος
433 4651 613 4723 ⁴ἡμῶν,
646 4655 680 4724 ἡ
720 4653 839 4724 ἱερά
870 4652 1027 4725 ἡμῶν
1061 4653 1295 4726 κεφαλὴ,
1326 4654 1425 4708 καὶ
1466 4653 1745 4725 όμοταγὴς
1775 4656 1845 4726 τῇ

254 4744 565 4815 τελειότητι
597 4761 692 4797 σου
712 4760 728 4776 θ
774 4746 1028 4817 ἱεράρχαι
1067 4746 1163 4799 καὶ
1196 4747 1363 4817 ἱερεῖς
1396 4746 1605 4817 Κυρίου
1626 4763 1641 4779 ’
1674 4763 1849 4817 μονα-

258 4837 392 4891 σταὶ
418 4839 515 4891 καὶ
547 4837 909 4909 μονάξουσαιο
940 4838 1147 4892 τούτων
1175 4838 1227 4891 οἱ
1262 4837 1362 4910 μὲν
1387 4838 1723 4910 ἐμπαιγμῶν
1751 4839 1849 4893 καὶ

160 4936 173 4945 ·
261 4926 551 4998 μαστίγων
576 4930 771 4998 πεῖραν
795 4928 985 4983 ἔλαϐον
1004 4944 1019 4958 ·
1051 4929 1101 4981 οἱ
1127 4927 1183 4981 δὲ
1201 4929 1418 4999 δεσμῶν
1442 4930 1536 4982 καὶ
1566 4928 1814 5001 φυλακῆς
1830 4945 1846 4961 ο

260 5017 418 5089 ἄρτῳ
444 5018 649 5091 μετρίῳ
690 5018 786 5074 καὶ
820 5019 977 5075 ὕδατι
1008 5021 1358 5091 τρεφόμενοι.
1394 5021 1578 5075 "sum
1606 5021 1850 5093 ἐξορὶαις

260 5109 708 5179 περιορισθέντες
733 5128 748 5143 ’
780 5110 958 5183 ἕτεροι
1005 5113 1064 5165 ὲν
1102 5112 1367 5183 ἐρημίαις
1410 5114 1506 5166 καὶ
1548 5112 1701 5184 ὄρεσι
1752 5113 1850 5167 καὶ

262 5205 557 5274 σπηλαίοις
614 5206 709 5260 καὶ
757 5206 879 5270 ταῖς
932 5206 1094 5270 ὀπαῖς
1135 5205 1238 5275 τῆς
1264 5206 1368 5277 γῆς
1401 5206 1846 5278 ὲνδιαιτώμενοιυ

262 5298 401 5352 ἔνιοι
444 5299 502 5352 δὲ
545 5302 640 5353 καὶ
676 5301 934 5369 παραυτά
978 5300 1438 5372 μαστιγωθέντες,
1492 5302 1849 5374 μαρτυρικῶς

263 5390 407 5463 πρὸς
439 5391 644 5462 Κύριον
671 5392 1037 5463 ὲξεδήμησαν.
1067 5394 1189 5446 Elui.
1217 5394 1275 5447 δὲ
1306 5394 1355 5448 οἶ
1387 5395 1481 5448 καὶ
1519 5394 1848 5448 σακκισθέν-

262 5501 360 5548 τες
382 5483 857 5555 ὲθαλασσεύθησαν
883 5486 1083 5557 ἀωρίᾳ,
1107 5484 1185 5550 ὡς
1209 5485 1380 5556 σαφὲς
1400 5485 1624 5556 γέγονεν
1646 5486 1712 5540 ὲκ
1741 5484 1851 5541 τῶν

262 5574 493 5640 τούτους
521 5576 896 5649 θεασαμένων.

349 5727 399 5763 ⁸⁸
428 5730 492 5787 Ill
527 5731 660 5803 Reg.
712 5749 871 5804 svnt,
939 5734 963 5790 l
997 5749 1150 5806 seqq.

1256 5731 1448 5790 "Joel
1510 5749 1571 5802 ιι,
1636 5734 1723 5789 l7.

271 5805 441 5861 Rom.
473 5821 551 5866 xl,
586 5806 643 5860 4.

1854 5734 1901 5768 ⁸⁸
1939 5733 2143 5809 Tlircn.
2198 5746 2238 5798 I,
2264 5729 2319 5785 4.

1951 4560 2174 4634 quidem
2222 4568 2303 4616 t0t
2334 4572 2586 4624 numero,
2625 4569 2763 4628 quot
2790 4566 2846 4614 et
2883 4558 3156 4614 numerati
3205 4567 3336 4613 sunt
3372 4573 3403 4613 a
3435 4558 3542 4611 Do-

1953 4655 2127 4711 mino.
2157 4656 2298 4709 Ante
2326 4666 2542 4717 omnes,
2579 4651 2674 4723 qui
2729 4652 2941 4723 primus
2986 4660 3069 4707 est
3117 4650 3262 4706 inter
3303 4665 3425 4716 nos,
3456 4665 3543 4705 sa-

1955 4760 2111 4802 crum
2142 4753 2307 4815 caput
2330 4752 2602 4808 nostrum,
2642 4752 2700 4798 et
2721 4742 2965 4812 ejusdem
3015 4749 3195 4798 tecum
3227 4741 3543 4813 dignitatis;

1953 4837 2197 4910 episcopi
2238 4846 2293 4891 et
2326 4834 2645 4891 sacerdotes
2670 4833 2925 4901 Domini;
2972 4835 3227 4889 monachi
3258 4844 3313 4889 et
3344 4849 3541 4890 mona-

1948 4933 2113 4988 chae:
2171 4942 2409 4999 quorum
2469 4926 2523 4981 hi
2578 4926 2832 4981 ludibriis
2879 4934 2936 4981 et
2983 4926 3306 4982 verberibus
3344 4925 3541 4981 tentati

1949 5022 2213 5086 fuerunt;
2268 5019 2347 5072 illi
2401 5016 2636 5072 vinculis
2666 5024 2722 5072 et
2750 5016 3094 5081 carceribus,
3140 5031 3282 5086 pane
3310 5018 3541 5072 modico

1948 5124 2004 5171 et
2032 5129 2176 5185 aqua
2208 5113 2371 5168 vitam
2403 5111 2682 5167 trahentes
2708 5128 2724 5177 ;
2754 5110 2845 5164 alii
2894 5109 3116 5165 exsiliis
3154 5110 3377 5180 relegati
3404 5126 3421 5177 ;
3449 5110 3545 5165 alii

1951 5205 2007 5261 in
2059 5203 2297 5260 desertis
2334 5211 2391 5257 et
2431 5200 2731 5263 montibus.
2776 5199 2833 5254 in
2883 5199 3160 5270 speluncis
3192 5208 3248 5255 et
3294 5198 3548 5254 cavernis

1955 5305 2119 5353 terrae
2176 5304 2493 5359 versantes;
2536 5292 2762 5363 quidam
2818 5292 3044 5362 insuper
3105 5291 3342 5363 ﬂagellis
3392 5291 3542 5355 caesi,

1956 5397 2225 5459 martyres
2253 5386 2322 5441 ad
2353 5385 2641 5440 Dominum
2664 5383 3027 5455 emigrarunt.
3070 5382 3212 5438 Sunt
3243 5381 3338 5451 qui
3379 5395 3548 5436 sacco

1961 5481 2162 5538 inclusi
2226 5480 2282 5533 in
2341 5492 2494 5533 mare
2538 5475 2779 5532 demersi
2813 5485 2980 5532 noctu
3013 5474 3259 5541 fuerunt,
3295 5481 3356 5528 ut
3383 5472 3453 5527 ab
3480 5472 3549 5528 iis

1959 5576 2054 5647 qui
2094 5574 2362 5639 viderant,
2398 5572 2633 5627 relatum
2657 5579 2764 5626 est.

2419 5728 2465 5761 ⁸⁹
2492 5727 2637 5783 Psal.
2669 5743 2765 5792 ur,
2809 5724 2859 5779 4.
2973 5724 3019 5756 ⁹⁶
3054 5721 3117 5776 lll
3153 5719 3282 5789 Reg.
3340 5736 3391 5786 ιι,
3430 5717 3496 5774 18
3530 5729 3547 5779 ι
