4054 6364
544 288 690 375 1159

1738 305 1799 363 S.
1840 302 2236 364 THEODORI
2277 302 2625 364 STUDIT.‘E

3683 300 3824 365 1160

542 480 545 481 ν
609 416 755 484 Quid
783 412 1024 471 cmtera?
1051 411 1414 468 Anathemate
1438 409 1710 467 feriuntur
1734 412 1907 466 sancti
1938 410 2129 466 Patres

2305 411 2371 464 Τί
2410 411 2610 476 τάλλας
2653 408 3175 482 Ἀναθεματίζονται
3206 411 3257 464 oi
3288 411 3435 479 ἅγιοι
3464 409 3624 481 ἡμῶν
3651 412 3828 465 Πατέ-

541 509 765 564 nostri:
824 506 1193 577 pradicantur
1241 506 1336 574 qui
1386 505 1539 575 impii
1584 503 1845 566 fuerunt,
1891 504 2136 559 infantes

539 600 840 672 impietatis
863 599 1140 669 dogmata,
1178 598 1378 653 tradito
1405 596 1684 667 magistris
1716 604 1883 661 torno,
1926 599 2135 651 docen-

540 702 632 748 tur
661 709 677 746 ε
712 706 821 747 non
859 698 943 746 est
971 704 1201 759 usquam
1233 689 1424 744 salutis
1464 686 1774 757 perfugium
1806 686 1950 742 inter
1979 701 2136 741 tuor-

542 778 718 832 tales:
763 778 915 847 pium
958 777 1185 833 verbum
1229 774 1460 845 proferri
1499 790 1606 830 non
1652 774 1801 841 licet,
1852 789 2023 845 prope
2054 774 2135 829 in.

544 878 693 926 stant
716 869 949 934 insidiae,
982 871 1059 925 ita
1101 880 1159 924 ut
1186 868 1270 924 vir
1299 884 1331 923 a
1358 868 1591 940 conjuge
1622 884 1723 925 sua
1766 877 1961 925 caveat
1989 885 2005 922 :
2041 869 2132 923 in-

549 961 705 1016 dices
758 974 814 1017 et
870 963 1216 1031 pittaciorum
1268 960 1543 1016 oblatores
1599 962 1666 1016 ad
1700 962 1805 1017 hoc
1855 961 2037 1030 ipsum
2068 960 2141 1016 ab

546 1050 880 1122 imperatore
934 1052 1239 1106 mercedem
1296 1051 1540 1122 capiunt,
1582 1062 1643 1106 ut
1674 1052 1992 1117 observent,
2045 1052 2138 1108 ubi

546 1145 672 1215 quis
701 1145 833 1215 quid
877 1144 1079 1200 dicata
1108 1143 1328 1199 Cmsare
1364 1145 1707 1214 discrepans,
1749 1154 1844 1199 aut
1871 1144 2137 1214 impietati

547 1252 658 1293 non
681 1236 1071 1298 communicet,
1102 1244 1199 1290 aut
1227 1236 1428 1290 librum
1460 1237 1657 1291 habeat
1690 1236 1759 1292 de
1798 1237 2137 1306 imaginibus

549 1335 913 1382 tractantem:
951 1327 1038 1382 vel
1066 1326 1359 1397 imaginem
1388 1328 1588 1398 ipsam,
1627 1336 1726 1383 aut
1767 1330 2012 1385 exsulem
2044 1345 2134 1386 re-

547 1418 733 1486 cipiat,
774 1426 869 1473 aut
908 1418 1142 1489 captivis
1187 1433 1287 1488 pro
1337 1418 1573 1474 Domino
1604 1419 1905 1477 ministret.
1944 1421 2051 1488 Qui
2083 1422 2130 1477 si

538 1508 1011 1579 deprehendatur,
1054 1510 1201 1565 illico
1239 1512 1473 1580 rapitur,
1536 1512 1784 1577 caeditur,
1815 1514 2132 1583 relegatur:

550 1598 698 1652 unde
721 1608 775 1652 et
801 1598 1056 1653 dominos
1101 1599 1287 1655 videas
1330 1601 1504 1655 servis
1544 1602 1917 1671 supplicantes
1945 1604 2135 1659 indicii

549 1697 721 1743 metu.
760 1686 932 1744 Nobis
962 1689 1099 1745 illud
1131 1690 1315 1745 dicere
1361 1691 1447 1747 fas
1479 1701 1566 1747 est
1594 1711 1609 1747 :
1669 1692 1792 1748 Non
1824 1704 1904 1748 est
1929 1696 1985 1748 in
2009 1706 2139 1750 tem-

548 1796 674 1850 pore
715 1779 810 1833 hoc
854 1781 1119 1850 princeps,
1148 1790 1198 1836 et
1230 1782 1508 1851 propheta,
1553 1792 1605 1837 et
1633 1783 1765 1850 dux,
1800 1801 1964 1856 neque
1989 1786 2134 1841 locus

550 1872 912 1940 primitiarum
961 1887 1138 1927 coram
1190 1872 1436 1938 Domino,
1482 1884 1540 1928 ut
1588 1877 1852 1945 possimus
1901 1878 2135 1933 invenire

551 1965 1045 2021 misericordiam".
1089 1966 1380 2036 Propterea
1411 1968 1529 2023 haec
1560 1970 1704 2039 apud
1736 1980 1985 2025 sanetam
2017 1972 2138 2026 aui-

552 2070 700 2110 mam
750 2065 899 2113 tuam
947 2058 1152 2129 indigni
1201 2058 1588 2126 lamentamur,
1642 2069 1905 2131 tauquam
1940 2079 2006 2117 ex
2041 2080 2136 2119 ore

553 2147 799 2203 omnium
825 2148 922 2218 qui
949 2152 1230 2206 veritatem
1260 2151 1579 2218 defendunt,
1617 2154 1740 2222 ejus
1765 2156 2135 2225 patrocinium

551 2246 609 2293 et
640 2240 1045 2296 miserationem
1093 2242 1467 2313 implorantes.
1518 2243 1738 2301 Scimus
1781 2247 1951 2314 enim,
1980 2248 2138 2318 siju-

552 2344 685 2385 vare
735 2331 897 2388 aliter
945 2348 1052 2389 non
1105 2334 1305 2404 possit,
1361 2350 1583 2405 precum
1642 2338 1835 2393 saltem
1887 2340 2136 2396 subsidio

552 2410 812 2493 magnum
850 2423 1083 2480 nobisin
1114 2426 1347 2481 summis
1363 2426 1654 2496 angustiis,
1676 2443 1803 2482 eum
1837 2429 2133 2499 prepitium

553 2514 726 2571 Deum
754 2516 975 2583 habeat,
1003 2517 1438 2574 emolumentum
1464 2518 1778 2576 allaturam.
1804 2519 1927 2587 Quo
1952 2531 2132 2577 autem

552 2622 619 2663 ex
657 2620 811 2677 parte
852 2618 1168 2679 cognoscat,
1219 2610 1405 2680 qualia
1457 2611 1568 2666 sint
1600 2610 1811 2667 nefaria
1838 2613 2134 2683 impiorum

553 2699 830 2769 dogmata,
862 2700 948 2756 his
973 2715 1038 2756 ea
1062 2701 1262 2757 litteris
1291 2702 1516 2771 adjuuxi
1553 2704 1607 2758 in
1640 2706 2131 2774 quaterniouibus:

554 2806 679 2859 quae
723 2791 940 2860 piorum
990 2801 1186 2862 rogatu
1232 2793 1519 2850 refutanda
1575 2795 1866 2867 imperitus
1892 2799 2131 2870 suscepi.

556 2879 669 2937 Oro
703 2892 889 2938 autem
938 2882 1180 2939 divinam
1239 2885 1564 2954 sapientiam
1622 2896 1795 2954 tuam,
1860 2897 1922 2944 ut
1949 2891 2134 2945 omnia

557 2975 833 3046 inspiciat.
859 2984 915 3030 et
938 2975 1254 3047 imperfecta
1284 2979 1544 3049 corrigat,
1576 2981 1906 3051 veniamque
1930 2982 2137 3039 tribuat

2239 519 2368 574 ρες·
2418 502 2889 573 ἀνακηρύττονται
2940 503 2991 555 οί
3038 502 3413 573 ὴσεδηκότεςι
3442 504 3511 556 τά
3550 504 3725 572 νήπια
3771 505 3830 556 ἐν

2235 572 2353 659 τοῖς
2377 594 2478 664 τῆς
2497 572 2754 657 ἀσεϐείας
2775 594 3044 664 δόγμασιν
3066 572 3494 667 ἀνατρέφονέαι,
3521 596 3599 667 τῷ
3619 596 3828 650 δοθέντι

2238 686 2390 757 τόμῳ
2408 688 2523 749 τοῖς
2542 686 2882 751 διδασκάλοις
2900 702 2917 720 ⁸
2942 688 3045 741 οὐκ
3074 688 3193 742 ἐστι
3222 705 3328 742 που
3350 689 3829 759 καταφευκτήριον

2238 778 2495 847 σώματος
2519 777 2580 830 ὲν
2608 778 2981 848 οἰκουμένοις⁸
3010 779 3111 833 οὐκ
3155 781 3273 834 ἐστι
3305 780 3572 851 προέσθαι
3600 779 3833 841 εὐσεϐές

2238 886 2291 922 τι
2323 869 2474 939 ῥῆμα
2498 885 2510 899 ο
2549 868 2645 922 καὶ
2690 869 2725 939 ἡ
2754 868 2900 939 θήρα
2932 870 3191 938 ἐγγύθεν·
3228 870 3305 935 ὠς
3333 870 3705 940 φυλάττεσθαι
3740 868 3833 923 ἄν·

2241 958 2460 1031 θρωπον
2485 959 2582 1013 καὶ
2606 959 2715 1014 ἀπὸ
2745 960 2849 1030 τῆς
2877 961 3171 1029 συγκοίτου
3196 976 3209 989 ·
3244 964 3482 1033 μηνυταὶ
3511 961 3607 1016 καὶ
3635 979 3836 1014 πιττα-

2240 1049 2456 1103 κοδόται
2497 1049 2577 1112 είς
2609 1048 2739 1102 αὐτὸ
2776 1048 2935 1101 τοῦτο
2970 1050 3117 1119 παρά
3153 1050 3248 1104 τοῦ
3297 1051 3625 1121 κρατοῦντος
3665 1068 3735 1119 με
3746 1068 3835 1119 μι-

2243 1139 2531 1210 σθωμένοι,
2558 1139 2661 1192 ποῦ
2692 1139 2775 1203 τίς
2800 1157 2854 1192 τι
2883 1139 3030 1209 λέγει
3055 1141 3375 1212 ἀπαρέσκον
3402 1142 3482 1213 τῷ
3506 1143 3776 1209 Καίσαρι,
3798 1142 3831 1210 ἢ

2245 1231 2321 1303 μὴ
2346 1231 2620 1286 κοινωνῶν
2664 1235 2729 1303 τῇ
2766 1232 3016 1305 ἀσεϐείᾳ,
3059 1232 3093 1303 ἢ
3128 1232 3312 1302 βίδλον
3341 1233 3482 1304 ἔχων
3524 1236 3659 1305 περὶ
3691 1233 3834 1286 είκό-

2240 1341 2350 1378 νων
2379 1324 2609 1393 ἔχουσάν
2631 1342 2683 1378 τι
2706 1325 3020 1395 λεγόμενον,
3044 1326 3214 1396 ἧγουν
3235 1326 3407 1395 αὐτὴν
3429 1328 3614 1381 είκόνα
3632 1344 3651 1359 ο
3676 1328 3746 1381 ἄν
3774 1343 3832 1379 τε

2242 1416 2682 1486 φυγαδευόμενον
2742 1417 3141 1487 εἰσδεχόμενος,
3203 1416 3237 1487 ἢ
3297 1420 3412 1481 τοὶς
3475 1418 3566 1471 διὰ
3621 1417 3833 1488 Κύριον

2243 1507 2675 1578 φρουρουμένοις
2705 1506 2994 1562 διακονῶν.
3029 1508 3150 1562 Κᾶν
3177 1508 3465 1579 φωραθείη
3495 1521 3513 1537 ·
3542 1509 3713 1572 εὐθὺς
3741 1512 3835 1562 ἀν-

2241 1601 2544 1671 ἁρπαστος.
2566 1598 2890 1670 δαρήσιμος,
2925 1598 3202 1669 ὲξόριστος
3226 1616 3241 1630 ·
3264 1599 3324 1664 ἐξ
3347 1593 3409 1654 οὐ
3443 1600 3536 1653 καὶ
3558 1603 3676 1661 τοῖς
3709 1599 3833 1652 δούς-

2243 1691 2357 1753 λοις
2382 1691 2432 1744 οί
2463 1690 2724 1743 δεσπόται
2749 1688 3150 1753 ὑποπίπτοντες
3177 1690 3285 1743 δέει
3320 1692 3626 1761 μηνύσεως.
3671 1690 3831 1759 Ἡμῖν

2242 1782 2442 1854 πρέπει
2472 1782 2680 1851 λέγειν,
2710 1782 2793 1836 ὅτι
2861 1784 2984 1837 οὐκ
3020 1781 3195 1836 ἔστιν
3216 1783 3289 1836 ἐν
3316 1781 3398 1849 τῷ
3429 1782 3613 1852 καιρῷ
3639 1783 3832 1847 τούτῳ

2239 1873 2459 1943 ἅρχων,
2488 1874 2629 1928 οὔτε
2661 1872 2999 1949 προφήτης,
3041 1873 3182 1928 οὔτε
3213 1875 3551 1944 ἡγούμενος
3572 1890 3592 1908 ο
3626 1876 3702 1928 οὐ
3740 1876 3830 1928 τός

2238 1980 2357 2032 πος
2403 1966 2513 2020 τοῦ
2545 1964 2860 2035 καρπώσαι
2903 1966 3162 2020 ἐνώπιον
3212 1967 3460 2036 Κυρίου,
3494 1967 3598 2020 mi
3631 1965 3830 2033 εὑρεῖν

2240 2057 2439 2124 ἔλεος.
2470 2056 2573 2111 Διὰ
2605 2057 2764 2112 τοῦτο
2787 2057 2963 2112 ταῦτα
2993 2058 3415 2129 ἐπεὼησάμεθα
3444 2058 3494 2111 οι
3519 2058 3735 2122 ἀνάξιοι
3759 2059 3823 2127 τῇ

2242 2148 2375 2220 ἁγίᾳ
2404 2165 2499 2203 σου
2529 2148 2700 2222 ψυχῇ,
2734 2149 2812 2213 ὡς
2843 2149 2954 2203 ἀπὸ
2985 2150 3256 2222 στόματος
3293 2150 3515 2204 πάντων
3556 2150 3672 2203 τῶν
3704 2150 3827 2203 ἀντ·

2241 2240 2518 2310 εχομένων
2551 2239 2653 2310 τῆς
2685 2240 2968 2310 ἀληθείας,
3010 2240 3095 2305 είς
3146 2240 3433 2311 ἀντίληψιν
3466 2240 3560 2294 καὶ
3607 2240 3824 2310 συμπά-

2242 2332 2393 2385 θειαν
2438 2330 2601 2402 ἡμῶν
2641 2330 3035 2402 ἐκκαλούμενοι
3075 2332 3271 2403 αὐτήν.
3305 2333 3547 2401 Οἴδαμεν
3587 2332 3722 2402 γὰρ,
3748 2333 3825 2385 ὅτι

2241 2424 2347 2476 κᾶν
2378 2421 2456 2494 μὴ
2480 2419 2591 2476 οἷόν
2610 2439 2672 2476 τε
2697 2423 3009 2494 ἐπικουρεῖν
3032 2422 3227 2489 ἄλλως,
3252 2422 3389 2477 ἀλλά
3412 2439 3475 2491 γε
3505 2426 3572 2494 τῇ
3604 2424 3719 2477 τῶν
3739 2420 3826 2475 εὐ-

2240 2512 2357 2585 χῶν
2379 2512 2603 2585 βοηθείᾳ
2636 2514 2782 2584 μέγα
2807 2514 3037 2586 παρέξει
3066 2516 3200 2586 ἡμῖν
3225 2516 3285 2568 ἐν
3319 2516 3433 2579 τοῖς
3459 2515 3824 2581 ἀναγκαιοτά-

2239 2621 2356 2669 τοις
2413 2605 2476 2659 τὸ
2527 2604 2740 2673 ὄφελος,
2770 2605 2977 2675 εὐμενῆ
3016 2606 3110 2660 τὸν
3155 2606 3289 2660 Θεὸν
3332 2606 3555 2677 ἔχουσα.
3603 2607 3723 2661 Ἵνα
3770 2607 3824 2660 δὲ

2240 2696 2398 2767 γνοίη
2426 2697 2493 2750 ἐκ
2529 2696 2749 2767 μέρους,
2784 2691 2874 2750 οἷα
2904 2696 2975 2751 τά
2998 2697 3170 2768 ἀσεϐῆ
3199 2697 3448 2769 δόγματα
3483 2698 3597 2751 τῶν
3629 2699 3819 2762 ἀθέων,

2243 2786 2644 2841 συναπέστειλα
2684 2788 2797 2851 τοῖς
2831 2786 3127 2859 γράμμασι
3175 2789 3271 2842 καὶ
3311 2789 3486 2843 ταῦτα
3527 2790 3587 2841 ἐν
3636 2804 3823 2858 τετρα-

2242 2879 2396 2942 δίοις.
2436 2879 2505 2933 Ἃ
2537 2877 2632 2931 καὶ
2682 2877 2836 2943 ἔδοξα
2879 2881 2908 2932 ὁ
2936 2880 3156 2950 ἀμαθὴς
3194 2881 3548 2952 ἀνατρέπειν,
3584 2897 3821 2952 προτρα-

2240 2971 2363 3033 πεὶς
2385 2970 2538 3040 παρά
2562 2968 2825 3024 εὐσεϐῶν.
2852 2971 2999 3023 Atti?)
3022 2971 3082 3024 δὲ
3104 2970 3209 3025 ὑπὸ
3226 2972 3326 3042 τῆς
3352 2971 3502 3036 θείας
3528 2989 3624 3026 σου
3661 2988 3822 3040 μεγα-

558 3067 690 3122 mihi
721 3075 1051 3133 erratorum,
1089 3068 1306 3139 meique
1332 3069 1547 3126 inutilis
1570 3070 1666 3127 filii
1689 3072 1746 3127 in
1778 3073 1897 3131 suis
1920 3072 2136 3130 flecten-

2241 3061 2450 3127 λονοίας
2479 3062 2880 3132 ὲπισκεφθῆναι
2922 3062 3019 3115 καὶ
3057 3061 3120 3116 τὸ
3150 3062 3374 3127 ἐλλιπὲς
3420 3063 3819 3135 ἀνορθωθῆναι,

559 3159 707 3216 tibus
734 3159 908 3217 Deum
938 3160 1195 3232 precibus
1226 3162 1567 3219 recordetur.

561 3414 692 3473 ιιωο
757 3430 934 3475 autem
994 3421 1215 3501 epistola
1272 3423 1436 3501 missa
1489 3435 1567 3501 est
1621 3428 1782 3484 etiam
1816 3432 1886 3489 ad
1913 3435 2144 3501 patriar.

1107 3493 1261 3546 cham
1299 3492 1615 3552 Antiochia’.

2246 3154 2342 3209 καὶ
2364 3153 2698 3225 συγγνώμην
2723 3152 2832 3208 τῶν
2855 3154 3079 3226 ὲπωφλη
3089 3155 3268 3225 μένων
3289 3154 3545 3220 δέξασθαί
3579 3171 3671 3225 με,
3693 3156 3821 3222 λαμο

2248 3245 2510 3301 δάνεσθαί
2550 3262 2612 3299 τε
2653 3248 2735 3309 είς
2765 3247 2989 3317 μνήμην
3033 3248 3092 3300 ἐν
3123 3249 3244 3311 ταῖς
3282 3246 3619 3301 θεοκλινέσιν
3661 3246 3820 3315 αὐτῆς

2248 3339 2600 3410 προσευχαῖς,
2627 3338 2703 3401 ὡς
2732 3339 2953 3407 ἀχρεῖον
2978 3338 3192 3393 τέκνον.

2359 3430 2431 3486 Ἦ
2472 3430 2624 3499 αὐτὴ
2679 3430 2749 3484 δὲ
2803 3429 3100 3498 ἐπιστολὴ
3150 3428 3249 3485 καί
3297 3428 3448 3498 πρός
3504 3429 3620 3499 ,τὸν
3638 3426 3744 3496 τῆς

2494 3498 2851 3571 Ἀντιοχείας
2883 3499 3259 3570 πατριάρχην
3275 3498 3620 3567 ἀπεστάλη.

1107 3645 1360 3698 Adversus
1379 3648 1811 3703 Ioonomacborum
1842 3655 2070 3707 haeresim
2095 3665 2149 3710 et
2174 3663 2547 3714 immanitatem.
2583 3662 2786 3726 (Baron.
2824 3674 2907 3712 an.
2942 3660 3052 3722 817,
3091 3674 3142 3711 n.
3168 3660 3276 3722 50.)

560 3795 765 3863 χιε-
789 3794 856 3851 1η
881 3795 1123 3851 omnibus
1145 3796 1483 3855 sanctissimo
1511 3798 1668 3855 Patri
1688 3800 1936 3875 Patrum,
1952 3807 2141 3867 lumini

632 3887 916 3953 luminum,
949 3888 1204 3957 magistro
1233 3904 1369 3952 meo,
1398 3888 1614 3944 domino
1641 3896 1965 3962 patriarcha:
2008 3904 2138 3957 Hie-

630 3980 1036 4050 rosolymoram,
1077 3980 1380 4036 Theodorus
1439 3985 1712 4056 minimus,
1750 3992 2043 4064 presbyter,
2086 4007 2141 4053 et

628 4072 944 4143 prepositus
982 4072 1347 4133 Stuaitarum.

630 4164 765 4231 Quis
807 4168 1147 4222 aununtiabit
1174 4172 1461 4240 Abraham,
1514 4175 1657 4247 quod
1695 4188 1865 4234 .actat
1916 4196 2140 4251 puerum

561 4258 793 4314 Sara"?
821 4258 898 4313 ait
927 4261 1137 4331 uspiam
1161 4277 1344 4318 sermo
1375 4265 1612 4323 divinus.
1663 4267 1731 4324 Et
1760 4271 1887 4340 quis
1916 4272 2142 4345 indigno

560 4350 693 4407 mihi
749 4350 967 4407 nuntiet
1011 4351 1275 4410 humilem
1317 4357 1603 4427 epistolam
1656 4374 1831 4417 meam
1856 4363 1923 4418 ad
1953 4379 2142 4422 sacras

558 4442 843 4513 apostolici
878 4444 1047 4501 vestri
1077 4446 1380 4504 beatissimi
1424 4451 1686 4509 culminis
1723 4470 1921 4512 manus
1947 4473 2141 4528 perve-

560 4535 749 4591 nisse?
801 4537 1057 4593 Attamen
1113 4541 1410 4610 perveniet,
1471 4553 1533 4599 ut
1579 4559 1790 4616 spero:
1855 4564 1963 4605 non
1995 4551 2140 4606 enim

559 4641 765 4682 vesana
820 4629 1140 4700 cupiditate,
1176 4631 1272 4687 sed
1320 4637 1630 4690 necessaria
1673 4652 1839 4695 causa
1869 4639 2142 4712 impulsus

559 4730 819 4791 peccator
846 4732 903 4779 et
929 4722 1219 4793 epistolam
1270 4726 1492 4782 mittere
1528 4742 1701 4785 ausus
1744 4745 1889 4797 sum,
1921 4742 1976 4788 et
2003 4734 2142 4790 lato-

558 4826 675 4867 rem
708 4829 816 4870 una
847 4814 1472 4874 fratremeharissimum
1491 4819 1809 4893 Dionysium
1839 4824 2140 4897 destinare,

560 4905 774 4960 tidelem
834 4921 1085 4976 prorsus,
1142 4918 1198 4964 et
1247 4911 1342 4980 qui
1392 4914 1647 4983 supplere
1691 4930 1789 4986 per
1840 4932 1901 4973 se
1956 4921 2140 4976 omnia

559 5007 730 5063 queat
774 5012 896 5065 qua:
931 5000 1175 5069 epistola:
1227 5002 1448 5060 desunt.
1509 5003 1694 5077 Itaque
1742 5008 1892 5064 velut
1936 5012 2139 5069 absens

558 5102 814 5158 corpore,
863 5106 1101 5160 praesens
1139 5103 1319 5151 autem
1356 5098 1575 5167 spiritu,
1629 5101 1870 5170 primum
1916 5104 2136 5174 quidem

559 5178 682 5249 ejus
732 5181 896 5249 pedes
946 5184 1243 5240 secundum
1294 5186 1464 5243 Deum
1524 5191 1869 5249 ambulantes
1921 5194 2143 5253 humilis

558 5271 902 5340 amplector:
940 5273 1070 5330 hinc
1106 5276 1252 5332 enim
1295 5279 1429 5333 mihi
1470 5281 1775 5339 benedictio
1815 5293 1871 5339 et
1899 5287 2142 5342 sanctifi-

559 5363 725 5419 catio.
757 5362 957 5421 Deinde
987 5375 1244 5438 tanquam
1288 5370 1358 5424 ab
1385 5386 1450 5426 ea
1468 5372 1658 5442 jussus
1690 5375 1754 5429 ad
1789 5385 1979 5432 sancta
2022 5376 2139 5433 loca

560 5455 898 5526 proﬁciscor,
926 5459 1230 5515 adveneror
1266 5478 1488 5519 sacrum
1521 5465 1724 5530 solum,
1759 5468 1907 5540 quod
1948 5468 2134 5526 divina

559 5548 785 5621 vestigia
810 5552 1115 5618 calcarunt,
1161 5553 1437 5611 viviticum
1469 5570 1904 5628 monumentum,
1944 5560 1998 5616 iu
2022 5577 2133 5634 quo

631 5730 679 5765 "
728 5732 864 5791 Dan.
901 5754 980 5805 ιιι,
1021 5740 1110 5795 58.
1186 5742 1232 5774 ”
1261 5745 1395 5800 Gen.
1432 5761 1553 5813 εει,
1596 5746 1647 5800 7.

2242 3814 2345 3870 iE’.
2381 3844 2455 3857 -—
2479 3813 2565 3881 Τῷ
2606 3815 2683 3869 τὰ
2713 3813 2913 3868 πάντα
2957 3813 3257 3883 ἁγιωτάτῳ
3301 3810 3488 3879 Πατρί
3518 3811 3815 3879 Πατέρων,

2310 3904 2578 3976 φωστῆρι
2600 3906 2954 3975 φωστήρων,
2977 3903 3162 3973 κυρίῳ
3174 3920 3315 3973 μου,
3345 3902 3614 3969 δεσπότῃ
3626 3917 3817 3969 πατρι-

2310 4002 2466 4074 άρχῃ
2491 4001 2951 4070 Ἰεροσολύμων,
2975 3998 3276 4066 Θεόδωρος
3301 3996 3648 4067 ἐλάχιστος,
3687 4009 3815 4063 πρε-

2311 4096 2600 4162 σϐύτερος
2630 4092 2733 4147 καί
2756 4092 3092 4163 ἡγούμενος
3116 4090 3237 4145 τῶν
3261 4089 3578 4145 Στουδίου.
3684 4083 3815 4161 [ππ]

2316 4186 2413 4251 Τίς
2436 4184 2757 4255 ἀναγγελεῖ
2787 4183 3033 4253 Ἀϐραὰμ
3056 4182 3147 4236 ὅτι
3174 4181 3373 4252 Σάρρα
3397 4180 3633 4248 θηλάζει
3657 4196 3677 4244 ;
3699 4176 3818 4249 φησί

2241 4291 2346 4329 που
2375 4277 2405 4328 ὁ
2437 4276 2581 4347 ίερὸς
2612 4275 2792 4344 λόγος.
2846 4276 2956 4328 Καὶ
2984 4275 3071 4339 τίς
3100 4274 3230 4346 ἐμοὶ
3254 4274 3333 4344 τῷ
3362 4274 3571 4343 ἀναξίῳ
3597 4272 3816 4340 εὐαγγε-

2241 4366 2465 4433 λίσοιτο,
2495 4368 2576 4420 ὅτι
2621 4383 2724 4439 μου
2756 4366 2819 4420 τὸ
2847 4367 3105 4420 ταπεινὸν
3132 4366 3371 4436 γράμμα
3420 4366 3503 4428 είς
3536 4365 3686 4435 ἱερὰς
3714 4364 3815 4433 χεί-

2246 4475 2345 4529 ρας
2390 4457 2616 4526 φθάσειε
2661 4458 2760 4528 τῆς
2803 4457 3169 4527 ἀποπολικῆς
3210 4456 3368 4527 ὐμῶν
3408 4456 3815 4527 μακαριωτάτης

2244 4551 2526 4623 κορυφῆς;
2556 4549 2749 4620 Ὅμως
2783 4549 3048 4613 πιστεύω,
3096 4549 3179 4602 ὅτι
3226 4549 3557 4619 γενήσεταιο
3609 4549 3668 4601 οὐ
3720 4547 3815 4617 γὰρ

2242 4643 2423 4713 ἀλόγῳ
2443 4640 2735 4712 ἐπιθυμίᾳ,
2768 4640 2906 4695 ἀλλὰ
2936 4638 3215 4710 ἀναγκαίᾳ
3246 4640 3511 4693 ὑποθέσει
3536 4639 3767 4708 κινηθεὶς
3792 4638 3817 4690 ό

2246 4734 2573 4806 ἁμαρτωλὸς
2626 4732 2903 4805 ἐτόλμησα
2950 4732 3050 4786 καὶ
3103 4733 3166 4786 τὸ
3204 4733 3444 4803 γράμμα
3494 4731 3813 4790 ἀποστεῖλαι,

2244 4828 2338 4881 καὶ
2386 4826 2480 4881 τὸν
2525 4826 2956 4897 ἐπιστοληφόρον
2999 4825 3277 4880 Διονύσιον
3320 4826 3414 4878 τὸν
3456 4824 3813 4879 ποθεινότατον

2242 4918 2471 4987 ἀδελφὸν
2517 4915 3031 4988 συνεκπέμψασθαι,
3064 4916 3255 4972 πιστὸν
3294 4916 3449 4979 ὄντα,
3479 4917 3575 4969 καὶ
3610 4912 3814 4967 δυνατὸν

2241 5009 2344 5063 ὅσα
2399 5008 2637 5062 ἐλλείπει
2693 5010 2760 5077 τῇ
2804 5005 3064 5077 ἐπιστολῇ
3107 5005 3202 5076 ἀφ’
3229 5004 3425 5059 ἑαυτοῦ
3476 5003 3807 5074 ὲξηγορῆσαι.

2242 5100 2546 5173 Τοιγαροῦν
2576 5100 2653 5164 ὡς
2678 5098 2836 5154 ἀπὼν
2863 5099 2944 5170 τῷ
2974 5099 3213 5168 σώματι,
3244 5096 3441 5167 παρὼν
3471 5097 3529 5150 δὲ
3562 5096 3636 5167 τῷ
3666 5092 3811 5147 πνεύ-

2252 5212 2405 5265 ματι,
2441 5193 2661 5265 πρῶτον
2691 5193 2790 5264 μὲν
2820 5194 2849 5247 ό
2877 5192 3135 5257 ταπεινὸς
3162 5188 3593 5260 κατασπάζομαι
3622 5188 3688 5241 τὰ
3714 5185 3792 5239 θεο

2248 5286 2386 5357 δαδῆ
2439 5286 2609 5357 αὐτῆς
2654 5285 2814 5357 ῐχνηο
2858 5283 3019 5338 τοῦτο
3057 5282 3169 5354 γὰρ
3212 5281 3338 5353 ἐμοὶ
3380 5280 3600 5350 εὐλογία
3637 5295 3694 5330 τε
3725 5275 3805 5329 καὶ

2246 5378 2537 5450 ἀγιασμός.
2571 5378 2805 5431 Ἔπειτα
2833 5375 2909 5440 ὡς
2934 5374 3070 5446 πρὸς
3097 5373 3266 5443 αὐτῆς
3288 5372 3609 5442 ἐπιτραπεὶς
3628 5368 3802 5436 ἄπειμι

2243 5471 2304 5525 ἐν
2347 5472 2461 5532 τοῖς
2493 5468 2780 5532 σεδαστοῖς
2824 5467 3042 5529 τόποις·
3076 5462 3540 5536 προσπτύσσομαι
3579 5460 3636 5515 τὸ
3676 5459 3801 5510 θεῖον

2241 5563 2455 5633 ἔδαφος,
2486 5554 2549 5616 οὐ
2570 5562 2639 5617 τὰ
2662 5560 2782 5617 θεῖα
2810 5558 2930 5632 ἴχνη
2961 5557 3162 5630 βέϐηκε
3183 5557 3290 5633 ’.τὸ
3319 5555 3583 5623 ζωοποιδν
3608 5552 3795 5624 μνῆμα.
