4054 6364
271 263 402 328 1161

1459 261 1994 334 EPISTOLARUM
2058 263 2206 326 LIB.
2251 264 2334 326 II.

3381 257 3515 324 1162

265 383 352 450 ἐφ’
381 371 427 446 ᾧ
456 377 518 430 τὸ
545 375 808 444 πανάγιον
830 376 989 444 σῶμα
1015 375 1106 429 τοῦ
1135 377 1270 431 Θεοῦ
1295 380 1386 432 καὶ
1409 379 1661 446 Σωτῆρος
1687 377 1842 446 ὴμῶν

1956 375 2358 430 sanctissimum
2401 372 2494 428 Dei
2521 381 2578 428 et
2607 371 2905 427 Salvatoris
2950 369 3123 426 nostri
3153 368 3286 427 Jesu
3311 371 3514 428 Christi

279 469 454 543 Ἰησοῦ
484 465 719 538 Χριστοῦ
749 467 1032 535 κατετέθη’
1068 469 1154 521 τὸν
1182 469 1357 541 χῶρον
1379 471 1475 524 τοῦ
1508 471 1662 538 ἁγίου
1688 471 1838 541 Κρα-

265 565 402 627 νίου,
435 563 494 614 ὲν
523 551 569 627 ᾧ
598 557 942 628 ἐσταύρωται
975 562 1004 612 6
1035 560 1233 631 Κύριος
1262 565 1361 632 τῆς
1389 563 1571 634 δόξης.
1603 564 1838 633 Μέτειμι

264 649 504 720 ἀλλαχοῦ
529 666 542 684 ο
575 649 690 720 ὁρῶ
734 649 831 720 τὴν
879 649 1042 718 ἁγίαν
1095 649 1341 721 Βηθλεὲμ
1376 653 1453 716 ὡς
1641 632 1836 721 Ἐδέμο

269 743 564 814 προσκυνῶ
603 742 702 811 τὴν
747 741 898 796 Θείαν
937 741 1145 812 φάτνην
1174 743 1316 813 ὑπὲρ
1347 744 1446 811 τὴν
1475 746 1712 814 στάμνον
1741 746 1841 815 τὴν

269 836 500 906 χρυσῆν,
533 835 593 886 ἐν
631 827 666 907 ᾖ
712 832 774 885 ού
811 832 1007 901 μάννα,
1047 832 1164 886 ἀλλ’
1203 834 1232 886 6
1260 835 1358 903 τῆς
1383 833 1530 902 ζωῆς
1561 835 1724 905 ἄρτος
1751 837 1842 889 τέ-

270 925 470 978 θειται.
503 923 611 978 Καὶ
640 921 746 992 μὴν
770 921 952 990 βλέπω
993 921 1053 975 τὸ
1085 923 1240 990 ἅγιον
1264 923 1410 993 ὅρος,
1437 917 1498 978 οὗ
1529 926 1560 993 ὴ
1593 924 1842 996 θειοτάτη

273 1013 697 1084 μεταμόρφωσις
722 1026 737 1042 ⁸
777 1011 838 1064 τὺ
870 1011 979 1065 τῶν
1009 1013 1202 1066 ἐλαιῶν
1229 1014 1376 1084 ὅρος,
1407 1015 1501 1083 ἀφ’
1531 1009 1592 1067 οὗ
1633 1016 1843 1084 ἀνέπτη

271 1103 413 1174 πρὸς
467 1101 731 1171 οὐρανοὺς
777 1101 805 1154 6
866 1102 974 1154 τῶν
1031 1103 1170 1156 ὅλων
1219 1105 1459 1174 Κύριος·
1525 1106 1627 1176 τὴν
1681 1107 1845 1175 ἁγίαν

272 1193 621 1263 Γεθσημανῆ.
659 1193 744 1262 ἐφ’
779 1188 864 1267 ᾖό
887 1194 1056 1262 τάφος
1087 1195 1187 1263 τῆς
1217 1197 1592 1250 πανσεϐάστου
1625 1197 1844 1252 δεσποί-

272 1301 372 1353 νης
399 1284 558 1350 ἡμῶν
589 1284 852 1338 Θεοτόκου
872 1301 886 1315 ·
918 1284 1076 1338 τοῦτο
1110 1287 1333 1339 κάκεῖνο
1355 1302 1368 1316 °
1404 1288 1491 1340 ἵνα
1525 1287 1600 1358 μὴ
1635 1289 1847 1360 μακρὸν

270 1373 616 1444 ἀποτείνοιμι
643 1373 819 1442 λόγον.
851 1377 914 1427 Ὦ
939 1375 1056 1439 πῶς
1084 1376 1181 1428 καὶ
1203 1377 1296 1429 ἀπ’
1328 1377 1501 1445 αὐτῆς
1527 1379 1693 1447 μόνης
1722 1379 1846 1431 ἐπι.⁸

274 1467 528 1534 μνήσεως
550 1465 824 1537 ἀγιασμοῦ
855 1468 972 1519 ἐστι
1002 1467 1338 1537 μετάληψιςι
1377 1469 1442 1520 Ὢ
1470 1469 1715 1537 πηλίκων
1757 1471 1850 1523 καὶ

273 1557 521 1627 φρικτῶν
555 1556 915 1628 σεδασμάτων
952 1561 986 1628 ἡ
1019 1559 1121 1629 τῆς
1171 1560 1271 1630 σῆς
1313 1561 1709 1630 μακαριότητος
1743 1562 1842 1614 61t-

276 1647 442 1716 άρχει
473 1650 684 1718 κορυφή
711 1647 725 1700 ι
761 1647 832 1700 Σὺ
855 1649 1071 1719 πρῶτος
1096 1651 1476 1721 πατριαρχῶν,
1520 1651 1622 1705 κᾶν
1650 1653 1849 1708 πεντά-

1946 481 2147 536 corpus
2199 466 2506 536 depositum
2551 464 2685 528 fuit,
2744 479 2963 519 sacrum
3004 463 3270 518 Calvaria:
3295 464 3513 528 locum,

1946 560 2040 615 ubi
2073 559 2335 614 Dominus
2378 557 2564 628 gloriae
2622 557 2940 612 crucifixus.
2989 556 3114 609 Alio
3144 572 3310 626 pergo
3340 573 3356 610 :
3388 571 3514 610 sau-

1946 660 2088 706 ctam
2129 650 2402 704 Bethleem
2447 650 2606 720 quasi
2672 648 2841 703 Eclem
2901 646 3223 717 conspicio:
3273 646 3516 702 divinum

1947 743 2118 797 adoro
2158 755 2399 810 praasepe
2438 755 2605 810 supra
2663 755 2856 795 urnam
2907 753 3152 803 auream,
3191 737 3245 792 in
3269 752 3518 808 quonon

1949 848 2168 895 manna,
2200 832 2294 887 sed
2347 831 2501 901 panis
2530 832 2654 886 vitae
2689 830 2943 886 conditus
2986 839 3093 884 est.
3138 827 3308 883 Video
3355 829 3517 882 etiam

1949 933 2198 980 sanctum
2247 933 2510 988 montem,
2543 921 2597 976 in
2627 936 2737 992 quo
2759 919 3098 976 divinissima
3139 919 3520 986 Transfigura-

1951 1015 2071 1069 tio:
2122 1013 2400 1069 Olivarum
2445 1021 2708 1079 montem,
2739 1011 2882 1067 unde
2923 1011 2992 1066 ad
3039 1010 3209 1065 enatos
3257 1011 3522 1064 Dominus

1951 1106 2196 1159 omnium
2247 1104 2484 1160 evolavit
2513 1120 2527 1158 :
2579 1113 2823 1160 sanctam
2851 1102 3277 1165 Gethsemauen,
3309 1101 3398 1155 ubi
3430 1116 3523 1155 se-

1951 1197 2198 1266 pulcrum
2223 1196 2370 1250 omni
2397 1197 2605 1250 honore
2630 1193 2870 1251 colendae
2897 1193 3140 1247 Dominae
3169 1201 3371 1248 nostrae
3400 1193 3522 1246 Dei--

1953 1303 2120 1356 parae.
2153 1286 2265 1342 Hoc
2287 1299 2446 1356 atque
2470 1286 2624 1350 illud,
2657 1301 2728 1341 ne
2757 1286 2976 1355 longam
3003 1295 3176 1340 texam
3196 1285 3522 1339 orationem.

1955 1377 2000 1435 Ο
2031 1388 2234 1449 quanta
2265 1379 2347 1433 vel
2373 1394 2437 1434 ex
2468 1379 2584 1449 ipsa
2635 1378 3158 1433 commemoratione
3184 1385 3371 1432 manat
3396 1392 3521 1431 sau-

1955 1472 2240 1526 ctificatiol
2264 1487 2297 1524 ο
2323 1482 2456 1540 (ιιιοι
2483 1481 2538 1525 et
2561 1470 2780 1540 quantis
2836 1469 3067 1524 culturis
3114 1479 3311 1538 praeest
3341 1471 3516 1523 beati-

1957 1564 2160 1619 tudinis
2213 1574 2318 1617 tuae
2375 1563 2591 1617 vertex!
2639 1559 2722 1615 Tu
2780 1561 2990 1630 primus
3049 1561 3524 1630 patriarcharum.

1959 1654 2084 1708 licet
2111 1654 2338 1723 quintus
2386 1651 2714 1706 numereris.
2746 1650 2849 1706 Ubi
2889 1652 3036 1706 enim
3090 1652 3380 1721 episcopus
3409 1651 3528 1704 aui—

274 1737 396 1803 ζοις
449 1737 526 1807 τῷ
565 1737 806 1810 ἀριθμῷ.
849 1734 925 1794 Οῦ
954 1741 1064 1813 γὰρ
1096 1742 1126 1794 6
1164 1741 1462 1806 ἐπίσκοπος
1495 1743 1606 1798 τῶν
1641 1744 1851 1816 ψυχιῖῖν,

1956 1760 2170 1800 marum
2219 1759 2284 1798 ac
2326 1742 2568 1812 pontifex
2618 1741 2866 1796 omnium
2929 1751 3090 1796 natus
3121 1750 3232 1806 est,
3264 1751 3319 1795 et
3346 1742 3528 1796 divina

275 1827 377 1883 καὶ
408 1829 514 1882 τῶν
541 1830 678 1882 ὅλων
727 1831 1015 1902 ἀρχιερεὺς
1071 1833 1165 1886 καὶ
1215 1833 1502 1904 ἐγεννήθη,
1537 1835 1633 1889 καὶ
1660 1835 1851 1906 ἔδρασε

1956 1835 2136 1892 omnia
2169 1843 2450 1904 operatus,
2483 1843 2536 1889 ct
2570 1848 2786 1903 passus,
2824 1841 2880 1888 et
2909 1833 3176 1902 sepultus,
3208 1832 3303 1886 ubi
3348 1848 3530 1886 resur-

273 1919 352 1974 τά
373 1919 606 1992 θεουργά
632 1923 832 1984 πάντα,
863 1923 957 1976 καὶ
978 1921 1171 1985 ἔπαθε,
1202 1925 1294 1978 καὶ
1321 1925 1604 1993 τέθαπται,
1640 1927 1734 1982 καὶ
1758 1928 1851 1982 ἀν·

1957 1930 2116 1994 rexit,
2144 1937 2200 1983 et
2228 1927 2363 1982 vixit
2401 1934 2457 1982 et
2482 1934 2800 1996 as'sumptus
2843 1933 2962 1990 est;
2993 1925 3103 1978 illic
3125 1938 3380 1994 suprema
3411 1939 3530 1979 om-

276 2012 438 2082 έστη,
473 2012 568 2065 καὶ
612 2012 794 2084 ἔζησε,
830 2014 927 2068 καὶ
975 2015 1256 2086 ἀνελήφθη
1281 2031 1296 2046 ·
1346 2019 1463 2070 ἐκεῖ
1503 2018 1745 2089 δηλονότι
1795 2019 1851 2073 τέ

1956 2021 2108 2074 nium
2153 2018 2343 2088 procul
2381 2016 2550 2072 dubio
2588 2017 2850 2087 dignitas.
2881 2015 2984 2070 Sed
3014 2015 3083 2070 de
3123 2015 3210 2070 his
3244 2015 3531 2079 hactenus,

276 2103 579 2174 ὑπεραῖρον
636 2104 892 2158 ἁπάντων
939 2105 1178 2177 ἀξίωμα.
1233 2107 1394 2162 Ἀλλά
1444 2110 1574 2181 περὶ
1603 2110 1702 2180 μὲν
1735 2111 1851 2165 τού-

1956 2111 2227 2168 desiderio
2301 2124 2366 2165 ac
2435 2109 2740 2164 reverentia
2808 2105 3080 2177 impulsus
3137 2105 3284 2174 loqui
3360 2119 3532 2159 ausus

279 2209 396 2246 των
462 2191 702 2246 τοσαῦτα
771 2192 922 2262 πόθῳ
985 2195 1081 2248 καὶ
1133 2195 1322 2266 τρόμῳ
1388 2197 1714 2270 τετόλμηται
1766 2216 1851 2269 μοι

1956 2219 2101 2260 sum.
2181 2197 2337 2256 Nunc
2393 2199 2463 2253 ad
2535 2198 2760 2252 alteram
2822 2195 3192 2250 narrationem
3251 2208 3338 2249 me
3400 2209 3533 2250 con-

278 2283 557 2353 λαλῆσαι·
612 2284 707 2336 ἐπὶ
751 2283 807 2336 δὲ
863 2284 925 2338 τὸ
966 2285 1154 2356 ἕτερον
1199 2286 1471 2357 τρέψομαι
1502 2288 1854 2359 ἀπάγγελμα.
1956 2306 2132 2350 verto.

355 2371 604 2442 Διωγμὸς
654 2373 800 2443 ἡμᾶς
847 2373 1194 2444 κατείληφεν,
1235 2369 1280 2428 ὧ
1327 2376 1733 2448 μακαριώτατε,
1765 2378 1851 2432 καὶ

2029 2387 2232 2442 Invasit
2281 2398 2383 2439 nos
2415 2381 2746 2453 persecutio,
2794 2379 3134 2442 beatissime,
3183 2387 3239 2433 et
3271 2392 3530 2449 persecu-

279 2463 542 2532 διωγμῶν
559 2465 588 2516 ό
609 2463 1169 2534 Ἐλληνοειδέστατος.
1187 2466 1340 2520 Ἐπεὶ
1361 2470 1469 2539 γὰρ
1489 2467 1683 2539 ⁴ᾔσθετο
1702 2471 1730 2523 6
1756 2471 1851 2524 Σα-

1958 2481 2163 2536 tionum
2194 2476 2438 2532 omnium
2465 2475 2694 2530 ethnicae
2719 2473 3018 2528 simillima.
3060 2471 3356 2542 Postquam
3385 2471 3532 2525 enim

279 2557 450 2615 τανᾶς
483 2557 540 2608 ἐν
571 2554 868 2625 προθύροις
911 2552 1052 2610 εἶναι
1095 2557 1194 2628 τὴν
1235 2559 1515 2630 μακαρίαν
1545 2560 1735 2614 ἐλπίδα
1765 2563 1851 2614 καὶ

1957 2571 2130 2628 sensit
2165 2569 2396 2624 Satanas
2433 2567 2486 2620 in
2509 2565 2696 2635 januis
2746 2577 2869 2620 esse
2896 2563 3112 2619 beatam
3150 2577 3322 2631 spem,
3354 2570 3408 2615 et
3436 2561 3534 2614 ad-

282 2644 610 2713 ἐπιφάνειαν
633 2643 732 2715 τῆς
752 2644 911 2716 δόξης
939 2645 1032 2700 τοῦ
1059 2648 1297 2717 μεγάλου
1321 2647 1457 2703 Θεοῦ
1486 2651 1576 2704 καὶ
1609 2653 1851 2723 Σωτῆρος

1959 2670 2176 2716 νιιηιιιιιι
2208 2659 2394 2729 gloria:
2435 2656 2618 2726 magni
2661 2655 2754 2711 Dei
2785 2667 2840 2710 et
2877 2653 3180 2710 Salvatoris
3204 2653 3377 2708 nostri
3400 2649 3532 2707 Jesu

283 2735 446 2807 ήμῶν
495 2735 671 2807 Ἰησοῦ
719 2737 978 2808 Χριστοῦ.
1011 2739 1252 2804 Μείζους
1297 2741 1406 2795 τῶν
1452 2743 1718 2813 αἱρέσεων
1768 2745 1851 2797 άν-

1957 2751 2180 2815 Christi,
2215 2749 2448 2819 majores
2478 2749 2746 2805 haeresum
2780 2745 2928 2802 faces
2962 2744 3236 2808 accendit,
3275 2743 3534 2813 praeludia

283 2830 450 2884 ἅπτει
478 2827 578 2891 τὰς
607 2828 842 2898 φλόγας,
880 2832 1192 2900 προεισόδια
1230 2831 1329 2902 τῆς
1358 2831 1453 2885 τοῦ
1493 2834 1851 2904 ’Δντιχρίστου

1959 2845 2224 2896 adventus
2282 2838 2624 2895 Antichristi.
2666 2836 2805 2904 Quid
2848 2836 2952 2891 hoc
2987 2836 3062 2889 rei
3111 2835 3237 2891 est?
3280 2833 3536 2888 Exortam

284 2919 608 2989 παρουσίας.
657 2919 724 2972 Τί
774 2919 971 2985 τοῦτο;
1003 2921 1104 2992 τὴν
1138 2921 1304 2988 πάλαι
1341 2923 1435 2977 ἐπὶ
1488 2924 1715 2988 Λέοντος
1767 2926 1851 2979 καὶ

1957 2934 2087 2989 olim
2117 2933 2221 2990 sub
2258 2932 2438 2986 Leone
2469 2938 2524 2985 et
2561 2928 2918 2984 Constantino
2948 2927 3302 2998 impietatem,
3335 2925 3539 2994 diuque

285 3012 699 3065 Κωνσταντίνου
745 3012 1116 3084 διεγερθεῖσαν
1158 3015 1437 3082 ἀσέϐειαν,
1471 3017 1562 3070 καὶ
1599 3021 1851 3088 μανεῖσαν

1964 3025 2374 3090 dehacchatam,
2437 3021 2528 3077 sed
2584 3019 2766 3076 divina
2823 3018 3066 3074 vindicta
3123 3031 3536 3087 compressam,

284 3104 383 3155 ἐπὶ
420 3103 577 3166 πολὺ,
615 3104 710 3157 καὶ⁸
741 3106 1000 3176 ραγεῖσαν
1027 3105 1148 3177 θεία
1186 3107 1525 3178 ἐπιτιμήσει,
1554 3105 1709 3173 αὖθις
1735 3110 1851 3181 ἄρτι

1968 3130 2112 3168 nunc
2141 3116 2335 3167 iterum
2364 3108 2709 3180 COgnominis
2733 3116 2788 3163 et
2816 3123 2970 3177 aeque
3015 3105 3217 3176 impius
3245 3107 3541 3175 imperator

283 3197 314 3246 6
344 3194 639 3264 ὁμώνυμος
677 3196 772 3249 καὶ
807 3193 1118 3266 συνώνυμος
1147 3201 1212 3270 τῇ
1243 3197 1466 3270 ἀσεϐείᾳ
1511 3200 1730 3270 κρατῶν
1763 3203 1851 3255 ἀν-

1964 3205 2264 3268 renovavit,
2320 3204 2483 3274 idque
2530 3209 2684 3257 tanto
2731 3209 2955 3264 conatu,
2989 3209 3048 3254 ut
3078 3199 3296 3253 illorum
3337 3196 3541 3252 rabiem

284 3285 702 3340 ενεὼσατο.Καὶ
731 3285 1007 3352 τοσοῦτον,
1041 3287 1114 3349 ὡς
1143 3288 1460 3360 ἀποκρύψαι
1503 3289 1603 3361 τὴν
1635 3290 1851 3344 ἐκείνων

1964 3299 2237 3354 obscuret.
2265 3295 2594 3365 Expressum
2643 3293 2877 3362 picturis
2925 3291 3206 3347 Christum
3235 3289 3540 3343 insectatur

285 3378 508 3433 λύτταν.
536 3379 734 3432 Διὼκει
757 3379 848 3432 τὸν
877 3380 1112 3450 Χριστὸν
1138 3382 1588 3453 ἐγγεγραμμένον
1613 3384 1710 3437 σὺν
1743 3385 1860 3453 Μη-

284 3471 379 3540 τρὶ
409 3471 502 3522 καὶ
532 3471 852 3542 θεράπουσιο
883 3472 977 3534 καὶ
1015 3466 1077 3526 οῦ
1120 3471 1187 3526 ἂν
1209 3468 1382 3545 εὖροι,
1418 3473 1690 3546 καθαίρει,
1735 3474 1862 3544 φλέ-

287 3575 400 3628 γει.
462 3559 741 3612 Ἐντεῦθεν
793 3559 1154 3631 θυσιαστήρια
1202 3563 1666 3634 κατεσκαμμέναο
1727 3566 1864 3636 ἱεροὶ

288 3651 412 3704 ναοὶ
439 3651 830 3722 ἠμαυρωμένοι
854 3666 868 3680 ·
907 3650 1076 3723 σκεύη
1106 3651 1229 3722 ίερά
1249 3653 1690 3726 ἐμπεπρησμένα
1711 3672 1726 3687 °
1764 3655 1865 3709 οὐκ

287 3740 440 3792 ἐστιν
468 3741 548 3793 ὅτι
577 3739 651 3811 μὴ
692 3740 1028 3796 ἐλλέλειπται
1066 3743 1230 3813 μέρος
1260 3744 1360 3814 τῆς
1386 3745 1477 3798 ὑπ’
1506 3745 1670 3799 αὐτὸν
1697 3745 1864 3816 ’βασι-

288 3831 443 3895 λείας
470 3833 626 3887 ὲαθὲν
654 3833 1038 3904 ἀκαθαίρετον.
1082 3834 1221 3887 Ἀλλ’
1252 3836 1305 3889 εἴ
1341 3853 1460 3900 πως
1491 3837 1740 3908 εὑρεθείη
1781 3855 1866 3902 τις

286 3923 651 3994 ἑγκεκρυφὼς
682 3927 886 3995 σεπτὴν
911 3925 1119 3992 εἰκόνα,
1157 3928 1190 4000 ἢ
1220 3926 1403 3982 δέλτον
1426 3929 1555 4000 περὶ
1578 3930 1745 4001 αὐτῆς
1773 3929 1865 3983 λε-

1965 3405 2088 3446 cum
2123 3387 2289 3442 Matre
2313 3396 2368 3441 et
2399 3384 2668 3440 ministris
2697 3401 2711 3438 :
2745 3382 3059 3450 ubicunque
3087 3388 3280 3435 nactus
3307 3394 3402 3434 eas
3433 3388 3540 3440 est,

1966 3484 2129 3547 delet,
2191 3481 2394 3537 exurit.
2427 3479 2567 3536 llinc
2597 3491 2786 3532 eversa
2819 3474 3034 3540 altaria,
3066 3473 3211 3528 mdes
3245 3487 3414 3527 sacrae
3447 3472 3543 3525 dc-

1966 3575 2228 3640 furmatze,
2255 3587 2410 3627 sacra
2439 3585 2570 3625 vasa
2605 3575 2976 3631 concremata,
3020 3579 3123 3620 nec
3176 3564 3284 3619 ulla
3339 3577 3465 3634 pars
3489 3563 3542 3617 iu

1964 3661 2084 3732 ejus
2113 3674 2280 3731 regno
2309 3667 2392 3713 est
2438 3657 2508 3712 ab
2573 3655 2663 3710 illa
2716 3654 3054 3724 grassatione
3088 3651 3366 3707 immunis.
3399 3651 3541 3718 Quin

1967 3755 2012 3809 si
2045 3760 2290 3822 repertus
2311 3748 2584 3820 quispiam
2636 3744 2797 3800 fuerit
2828 3741 3196 3798 venerandam
3252 3741 3543 3813 imaginem

1967 3844 2292 3906 occultasse,
2325 3847 2419 3894 aut
2449 3838 2644 3914 librum
2676 3836 2771 3906 qui
2800 3835 2869 3889 de
2896 3848 2958 3888 ea
3025 3840 3306 3897 retractet,
3340 3833 3545 3902 rapitur

1966 3953 1998 3992 e
2022 3935 2272 4005 vestigio,
2302 3931 2647 3995 verberatur,
2697 3936 2752 3982 et
2781 3926 2898 3980 dira
2948 3924 3054 3979 alia
3083 3923 3267 3978 omnia
3301 3923 3543 3992 perpeti-

286 4017 420 4069 κτὸν
451 4033 505 4068 τι
537 4016 796 4086 ἔχουσανο
829 4016 1178 4088 ἀνάρπαστος
1219 4018 1402 4084 εὐθὺς,
1437 4019 1654 4089 μάστιξι
1698 4038 1851 4074 κατα·

1971 4040 2080 4085 tur.
2115 4027 2256 4082 lliuc
2302 4034 2541 4080 terrores
2586 4035 2651 4075 ac
2697 4017 3120 4088 trepidationes,
3186 4027 3546 4084 stuporesque

286 4109 632 4178 ξαινόμενος,
669 4111 766 4162 καὶ
807 4111 916 4164 πᾶν
949 4109 1078 4165 ἄλλο
1105 4109 1280 4164 δεινὸν
1317 4113 1700 4183 ὑφιστάμενος.
1749 4113 1851 4166 Ἐν-

1969 4119 2213 4176 omnium
2261 4114 2581 4170 hominum:
2619 4108 2756 4164 adeo
2788 4117 2849 4162 ut
2878 4106 3045 4161 frater
3071 4105 3228 4160 fratri
3251 4103 3543 4167 valetlicat,

285 4201 484 4256 τεῦθεν
531 4201 782 4270 δείματα,
836 4202 932 4256 καὶ
983 4202 1196 4273 τρόμοι,
1257 4204 1354 4256 καὶ
1410 4205 1696 4269 ἐκστάσεις
1739 4209 1851 4278 περ’

1970 4221 2024 4268 et
2052 4211 2262 4266 amicus
2313 4205 2553 4262 amicum
2609 4209 2915 4256 aversetur.
2981 4196 3234 4268 Synodus
3263 4197 3405 4250 facta
3437 4206 3544 4261 est,

288 4295 468 4349 πάντα
517 4293 836 4365 ἄνθρωπονο
896 4295 973 4359 ὡς
1017 4296 1112 4349 καὶ
1163 4295 1372 4367 χαίρειν
1422 4296 1603 4366 λέγειν
1653 4299 1851 4372 ἀδελφιξ

1973 4313 2204 4359 veterem
2237 4299 2385 4354 illam
2422 4294 2649 4366 impiam
2679 4290 3037 4352 confirmans,
3085 4295 3141 4342 et
3184 4287 3544 4342 orthodoxam

285 4384 542 4454 ἀδελφὺν,
570 4385 664 4438 καὶ
707 4384 844 4457 φίλῳ
889 4385 1061 4460 φίλον,
1085 4387 1469 4458 ἐκτρέπεσθαι.
1505 4389 1728 4456 Σύνοδος
1769 4410 1851 4446 κυ-

1965 4401 2310 4459 anathemate
2345 4392 2740 4450 condemnans.
2769 4384 3095 4442 Sacerdotes
3121 4397 3229 4439 non
3259 4382 3544 4437 intellexe-

287 4477 464 4549 ροῦσα
474 4477 574 4545 τὴν
590 4477 754 4531 πάλαι
776 4477 1168 4544 άσεϐεστάτην,
1186 4480 1280 4533 καὶ
1293 4481 1562 4535 καταναθε
1569 4489 1675 4552 ματ
1684 4481 1851 4548 ίζουσα

1975 4499 2124 4556 runt,
2156 4487 2447 4543 Dominum
2477 4499 2583 4538 non
2629 4479 3004 4550 requisierunt
3031 4475 3160 4532 :sed
3193 4475 3336 4545 quod
3360 4475 3548 4529 Achab

284 4571 389 4639 τὴν
422 4568 721 4640 όρθόδοξον.
755 4568 943 4640 Ἰερεῖς
971 4571 1399 4641 ἡφρονεύσαντο,
1428 4573 1522 4626 καὶ
1549 4574 1642 4628 τὸν
1665 4575 1851 4646 Κύριοι

1974 4585 2198 4658 placuit,
2242 4577 2716 4649 comprobarunt:
2771 4572 2965 4627 Omnes
3021 4569 3434 4632 declinaverunt,
3473 4570 3548 4622 si-

284 4659 391 4712 οὗκ
425 4659 758 4730 ἐξεζήτησαν
777 4674 792 4690 °
822 4660 960 4714 ἀλλά
988 4661 1048 4714 τὸ
1077 4659 1155 4731 τῷ
1189 4662 1393 4734 Ἀχαάϐ
1421 4663 1578 4728 δόξαν
1608 4667 1851 4737 συνεκρό

1974 4675 2086 4730 mul
2117 4672 2331 4728 inutiles
2354 4669 2484 4740 [acti
2512 4676 2632 4720 sunt
2655 4665 2724 4730 ³³,
2746 4662 2937 4734 paucis
2964 4660 3256 4716 admodum
3285 4660 3545 4728 exceptis.

283 4766 480 4819 τησαν.
543 4749 771 4816 Πάντες
825 4751 1173 4817 ἐξέκλιναν,
1234 4753 1354 4823 ἅμα
1420 4755 1864 4825 ὴχρειώθησαν·

286 4841 435 4911 πλὴν
472 4839 670 4909 ὀλίγων
704 4842 923 4913 κομιδῇ.
969 4844 1142 4897 Τίνων
1174 4845 1407 4911 τούτων;
1460 4847 1774 4901 ἐπισκόπων
1806 4866 1851 4901 τι

1971 4869 2026 4914 et
2061 4854 2411 4916 monialibus,
2447 4856 2503 4905 et
2535 4849 2672 4918 ipso,
2703 4845 2799 4901 Dei
2851 4844 3049 4915 gratia,
3081 4857 3340 4914 supremo
3368 4841 3548 4895 archi-

284 4936 384 4988 καὶ
409 4935 724 5004 ἡγουμένων
747 4949 763 4967 ο
795 4933 1134 5004 μοναζόντων
1154 4953 1212 4989 τε
1237 4937 1330 4989 καὶ
1355 4937 1704 5005 μοναζουσῶν
1725 4955 1739 4969 ο
1773 4941 1851 4992 αὖ·

1966 4948 2226 5018 episcOpo
2255 4953 2466 4998 nOstro.
2509 4938 2754 5006 Quorum
2790 4936 3006 5006 quidem
3036 4935 3124 4988 alii
3162 4933 3384 5004 ﬂagellis
3421 4933 3548 4987 ι’πεί

285 5026 385 5078 τοῦ
431 5041 515 5088 τε,
550 5025 733 5095 χάριτι
765 5023 927 5088 Θεοῦ,
949 5023 1045 5077 τοῦ
1078 5028 1510 5096 κορυφαιοτάτου
1540 5028 1698 5099 ἡμῶν
1735 5029 1851 5100 ἀρχα

1968 5048 2116 5102 sunt,
2152 5036 2243 5091 alii
2275 5033 2520 5104 relegati,
2546 5031 2638 5084 alii
2666 5030 2719 5084 in
2755 5043 3033 5085 carcerem
3073 5026 3305 5089 detrusi,
3333 5024 3424 5079 alii
3456 5039 3551 5092 per

289 5119 518 5190 ιερέως·
549 5113 624 5173 ὧν
643 5122 692 5173 οἱ
723 5120 820 5190 μὲν
855 5120 1293 5191 ἐμαστίχθησαν·
1318 5122 1467 5177 ἄλλοι
1496 5123 1851 5194 ὑπερωρίσθηη

1971 5133 2134 5186 hasce
2185 5142 2375 5199 pmnas
2418 5125 2487 5180 ad
2523 5123 2816 5178 Dominum
2857 5121 3186 5192 migrarunt,
3233 5117 3549 5175 athleticam

289 5227 428 5265 σανο
471 5212 651 5281 ἕτεροι
695 5211 1162 5282 ἐφυλακίσθησαν.
1191 5213 1365 5266 Ἔνιοι
1395 5214 1452 5266 δὲ
1487 5215 1582 5268 καὶ
1615 5216 1851 5286 παραυτέ

1976 5237 2236 5280 coronam
2259 5226 2627 5290 τοροτιοιιιεεο

286 5303 401 5357 τῶν
429 5303 630 5356 ποινῶν
661 5303 796 5374 πρὸς
825 5303 1027 5374 Κύριον
1048 5303 1412 5378 ἐξεδήμησαν,
1438 5305 1730 5379 ἀθλητικὸν
1752 5307 1873 5360 στέ-

290 5409 466 5464 φανον
495 5393 782 5463 ἀράμενοι.

367 5483 436 5538 Τί
469 5484 540 5538 τὰ
563 5486 662 5556 τῆς
692 5484 1082 5558 βλασφημίας;
1115 5487 1479 5560 κωμῳδεῖται
1507 5488 1541 5561 ὴ
1576 5489 1748 5561 σεπτὴ
1771 5489 1851 5545 ml

2043 5485 2183 5556 Quid
2204 5485 2270 5544 de
2293 5484 2632 5558 blasphemia
2675 5483 2912 5557 loquar?
2933 5481 3197 5539 lrridetur
3241 5472 3551 5534 veneranda

369 5663 420 5699 "
461 5663 608 5722 Psai.
639 5678 734 5729 ιιι,
761 5665 818 5720 4.

630 5757 907 5820 Parnm.
950 5757 1068 5820 Gn.
1121 5755 1350 5822 XCIX.
3213 5740 3286 5811 3'7

1973 4767 2314 4834 Quibusnam
2346 4759 2488 4814 illis?
2519 4754 2804 4826 Episcopis
2825 4763 2878 4807 et
2901 4750 3228 4822 praepositis,
3263 4750 3548 4804 monachis
3663 4764 3668 4768 '
