4054 6364
555 273 689 340 1163
1747 265 1814 324 S.
1853 260 2140 323 THEOD(

2238 259 2243 320 ἱ
2280 261 2632 322 STUDlT/E
3701 260 3830 326 1164

547 393 603 438 et
643 379 922 436 tremenda
975 379 1155 452 imago
1203 378 1436 452 Christi,
1478 384 1742 447 tanquam
1790 373 2128 430 abominatio

2238 372 2438 444 φρικτὴ
2461 371 2626 425 εἰκὼν
2657 370 2914 442 Χριστοῦ,
2939 370 3015 434 ὡς
3051 369 3333 441 βδέλυγμα
3363 372 3728 443 ἐρημώσεως,
3756 380 3825 439 ὡς

547 473 932 536 desolationis,
967 481 1226 542 tanquam
1262 471 1469 526 idolum
1497 469 1708 524 erroris
1743 486 1757 524 :
1789 466 1984 522 eodem
2014 479 2135 520 mo-

547 569 621 621 do
681 566 941 637 quaelibet
995 565 1100 620 alia
1155 565 1401 619 Domina!
1443 571 1645 616 nostra:
1687 569 1742 614 et
1794 568 2135 613 sanctorum.

547 656 730 723 Nunc,
792 656 994 725 inquit,
1044 655 1259 710 sincera
1306 660 1362 708 et
1414 650 1689 720 inculpata
1748 647 1938 702 lides:
1995 661 2138 704 nunc

548 751 816 805 Dominus
876 749 1093 804 locutus
1133 755 1217 802 est
1248 761 1428 816 pacem
1465 743 1658 813 populo
1704 759 1822 808 suo,
1858 752 1905 798 et
1941 742 2137 796 sanctis

547 845 684 914 ejus,
743 851 793 898 et
837 843 904 896 iis
951 840 1045 912 qui
1083 839 1154 894 ad
1205 838 1356 894 illum
1384 854 1474 892 cor
1517 839 1908 892 convertunt".
1963 834 2135 902 Quasi

551 936 762 991 sublata
792 950 897 1005 pax
949 942 1114 996 esset.
1172 947 1238 988 ex
1277 945 1389 1002 quo
1439 930 1695 987 Christus
1725 929 1862 985 dixit
1893 947 1905 984 :
1938 926 2135 983 Pacem

550 1027 791 1096 relinquo
839 1025 1003 1091 vobis,
1052 1038 1234 1094 pacem
1297 1039 1468 1078 meam
1525 1021 1594 1076 do
1633 1021 1864 1084 vobis".
1917 1019 1986 1074 ad
2035 1019 2139 1073 l'toc

553 1133 725 1187 usque
781 1127 1044 1187 tempus:
1107 1126 1161 1172 et
1224 1118 1346 1189 ejus
1431 1115 1678 1173 Ecclesia
1740 1114 2134 1178 contaminata,

549 1225 713 1280 quam
740 1219 965 1266 sanctus
1022 1208 1228 1266 Paulus
1265 1225 1370 1264 non
1395 1208 1669 1263 habentem
1703 1206 1971 1262 maculam
1998 1220 2140 1276 prae-

549 1299 715 1364 dicat,
749 1308 843 1353 aut
884 1316 1090 1371 rugam,
1141 1309 1238 1354 aut
1291 1299 1496 1370 aliquid
1531 1299 1860 1370 Itujusmodi,
1886 1295 1976 1352 sed
2006 1312 2137 1352 san-

452 1433 463 1444 .
549 1398 688 1442 ctam
731 1399 781 1443 et
824 1389 1312 1445 immaculatum".
1371 1388 1438 1444 Et
1472 1389 1564 1444 alii
1611 1388 1834 1460 quidem
1876 1387 2136 1442 ultimum

549 1481 696 1536 circa
733 1480 891 1536 fidem
921 1480 1267 1551 naufragium
1307 1481 1600 1546 fecerunt;
1634 1480 1727 1536 alii
1779 1494 1909 1536 vero
1939 1493 2138 1550 quam-

547 1575 633 1630 vis
665 1583 850 1631 mente
877 1584 933 1632 et
985 1576 1317 1646 cogitatione
1360 1577 1636 1633 submersi
1679 1591 1788 1633 non
1846 1575 1981 1643 sint,
2016 1575 2137 1646 ipsa

549 1677 729 1723 tamen
758 1667 980 1724 haeresis
1018 1668 1428 1733 communione,
1455 1684 1561 1724 una
1596 1669 1904 1740 perierunt.
1948 1667 2137 1723 Enim-

549 1769 681 1816 νει-ο
721 1762 888 1816 etiam
943 1761 982 1816 ii
1042 1761 1136 1832 qui
1186 1770 1336 1818 recte
1397 1761 1680 1826 sentiunt,
1735 1761 2135 1833 persecutionis

549 1851 909 1908 diuturnitate
943 1853 1178 1909 titubant
1214 1853 1361 1909 circa
1400 1853 1688 1931 veritatem
1726 1873 1740 1910 :
1786 1855 2142 1924 quemadmo-

549 1947 680 2004 dum
706 1946 774 2002 iis
815 1945 1082 2018 contingit
1115 1945 1207 2017 qui
1239 1948 1306 2002 ad
1351 1947 1692 2003 decumanos
1733 1947 1904 2004 maris
1939 1947 2142 2003 ﬂuctus

549 2041 922 2112 navigationis
998 2041 1163 2097 rudes
1231 2041 1492 2112 caligant.
1572 2040 1883 2098 Miseranda
1980 2041 2140 2097 nobis

549 2132 758 2196 omnia,
803 2131 1063 2202 luctuque
1118 2131 1301 2202 digna.
1365 2130 1782 2187 Subtrahuntur
1829 2131 2044 2188 cantica
2073 2133 2142 2187 ab

548 2225 793 2296 antiquis
820 2233 1064 2296 accepta,
1098 2226 1151 2279 iu
1195 2223 1398 2295 quibus
1446 2225 1746 2296 imaginum
1797 2225 1856 2281 fit
1889 2226 2094 2282 mentio
2125 2245 2138 2280 :

547 2326 828 2373 canuntur
852 2332 950 2387 pro
971 2317 1050 2371 eis
1072 2330 1212 2371 nova
1247 2315 1414 2388 impia
1463 2317 1724 2388 dogmata
1760 2318 1942 2388 palam
1968 2332 2139 2388 expo-

548 2409 674 2474 sita,
730 2425 852 2479 quae
886 2419 940 2464 et
991 2409 1176 2479 pueris
1227 2408 1362 2479 ipsis
1422 2409 1716 2464 traduntur
1769 2425 1799 2463 a
1837 2410 2137 2480 magistris.

549 2500 808 2558 Omnium
839 2517 1022 2558 rerum
1057 2502 1222 2572 impia
1258 2510 1342 2558 est
1385 2502 1694 2567 conversio,
1740 2501 1888 2558 Facti
1922 2518 2138 2568 sumus,

550 2601 614 2650 ut
659 2594 878 2664 proprie
930 2594 1145 2664 loquar,
1203 2593 1348 2650 sicut
1407 2593 1650 2649 Sodoma
1717 2604 1773 2650 et
1831 2593 2140 2656 Gomorrba

551 2696 776 2760 pmpter
803 2694 1024 2757 peccata
1051 2696 1240 2742 nostra
1259 2689 1303 2720 ⁸⁷
1337 2705 1348 2742 :
1377 2695 1433 2742 et
1456 2686 1696 2756 procella
1722 2688 1948 2744 haeresis
1972 2687 2139 2743 altius

551 2783 608 2837 in
663 2781 781 2836 dies
832 2796 1126 2851 assurgens
1164 2794 1270 2835 nos
1326 2780 1553 2850 operit:
1595 2795 1698 2835 nec
1759 2780 2015 2836 inventus
2058 2790 2142 2836 est

549 2871 646 2942 qui
689 2871 969 2929 Christum
1005 2870 1176 2926 Deum
1220 2880 1468 2927 nostrum
1523 2869 1946 2942 expergefaciat,
1981 2881 2038 2926 ut
2067 2873 2141 2926 in-

551 2972 737 3030 crepet
775 2965 1146 3020 turbulentnm
1173 2963 1275 3020 hoc
1307 2979 1476 3019 mare.

621 3055 693 3110 At
732 3065 788 3112 tu
821 3067 939 3110 esto
967 3055 1125 3111 nobis
1149 3071 1337 3111 unuse
1369 3054 1654 3112 duodecim
1687 3057 1976 3127 apostolis,
2009 3057 2138 3112 bea-
2165 3070 2208 3130 (ε

550 3149 764 3206 tissime
797 3166 809 3202 :
836 3149 1012 3203 excita
1043 3161 1074 3201 e
1103 3161 1298 3203 somno
1338 3148 1644 3202 insomnem
1673 3148 1894 3204 oculum
1924 3148 2142 3220 dispen-

551 3241 758 3298 satorie
811 3240 1225 3304 dormitantem,
1289 3239 1419 3308 quia
1471 3239 1716 3308 perimus
1771 3240 2020 3296 omnino.
2082 3241 2141 3296 Si

551 3332 697 3403 quod
729 3340 814 3387 est
855 3339 910 3386 et
939 3330 1088 3386 aliud
1133 3329 1319 3385 auxilii
1352 3330 1709 3400 pharmacum
1743 3331 1812 3386 ad
1860 3333 2140 3390 sanandos

551 3424 800 3479 inﬁrmos
829 3439 844 3491 ;
875 3432 936 3478 ut
972 3421 1180 3492 peritus
1225 3421 1446 3478 adhibe.
1487 3422 1870 3492 Deprecamur,
1907 3424 2142 3480 sanctis-

550 3517 710 3578 sime,
744 3515 1104 3580 obtestamur,
1137 3513 1445 3569 hortamur.
1473 3513 1717 3572 Membra
1745 3525 1836 3572 tua
1884 3531 2080 3573 sumus
2121 3535 2136 3572 :

550 3606 1000 3678 quandoquidem
1031 3606 1218 3664 ﬁdeles
1240 3621 1437 3663 omnes
1471 3623 1662 3672 corpus
1683 3619 1806 3663 sunt
1839 3608 2060 3676 Christi,
2089 3619 2141 3663 et

549 3700 786 3756 membra
811 3718 876 3758 ea:
925 3713 1079 3773 parte
1106 3703 1174 3758 ³⁸.
1207 3702 1448 3775 Ριαιςίρο
1479 3712 1534 3760 et
1570 3703 1696 3760 aliis
1720 3704 1925 3760 sanctis
1962 3702 2142 3758 Patri-

551 3793 657 3853 bus
700 3793 927 3859 nostris,
980 3793 1424 3852 intercessoriam
1468 3810 1693 3850 manum
1739 3794 2043 3866 porrigant,
2081 3802 2141 3849 ut

557 3887 858 3942 multorum
895 3887 1248 3958 interpositu,
1279 3903 1436 3946 suam
1470 3885 1616 3944 Deus
1639 3887 1801 3944 nobis
1831 3886 2141 3943 misericor-

549 3981 696 4038 diam
729 3981 1030 4052 impertiat.
1072 3980 1232 4038 llunc
1268 3981 1326 4038 in
1369 3983 1530 4038 linem
1577 3982 1834 4053 epistola,
1869 3991 1925 4038 et
1967 3983 2140 4040 tabel-

550 4075 722 4131 larius
767 4075 836 4130 ab
877 4073 1136 4131 omnibus
1169 4073 1356 4130 animo
1389 4074 1714 4140 destinatus,
1759 4074 1864 4132 etsi
1899 4089 1933 4130 a
1977 4075 2138 4132 nobis

547 4168 682 4222 solis
737 4167 982 4223 omnium
1037 4167 1282 4224 minimis
1350 4167 1568 4222 illorum
1624 4168 1798 4222 vicem
1849 4169 2136 4239 agentibus

548 4260 777 4326 missus.
812 4257 883 4314 Ut
909 4266 1091 4316 autem
1125 4274 1192 4315 ex
1235 4265 1391 4331 parte
1414 4269 1712 4327 cognoscat
1744 4259 2011 4316 celsitudo
2042 4276 2134 4318 ve-

2241 465 2461 519 εῐδωλον
2485 463 2695 534 πλάνης
2719 479 2734 496 ⁸
2761 461 2936 528 οὕτως
2967 464 3118 518 πᾶσα
3143 462 3278 536 ἄλλη
3301 463 3642 537 δεσποινικὴ,
3666 468 3824 536 ἁγιω-

2240 557 2390 628 τική.
2431 559 2615 627 "Apri,
2661 555 2821 626 φησὶ,
2871 554 3092 628 καθαρὰ
3124 555 3220 609 καὶ
3258 555 3562 627 ἀμώμητος
3605 559 3824 624 πίστις’

2240 649 2390 720 ἄρτι,
2423 649 2582 719 φησὶ,
2618 645 2829 718 Κύριος
2851 644 3117 717 ἐλάλησεν
3143 635 3397 716 εἰρήνην
3421 647 3520 702 ἐπὶ
3551 649 3661 704 τὸν
3680 653 3826 704 λαὸν

2240 739 2450 802 αὑτοῦ,
2489 737 2586 792 καὶ
2619 735 2722 792 ἐπὶ
2756 735 2901 803 τοὺς
2929 737 3144 804 ὁσίους
3187 739 3396 803 αὑτοῦ,
3429 740 3529 794 καὶ
3562 741 3665 794 ἐπὶ
3696 743 3825 807 τοὺς

2239 829 2716 900 ἐπιστρέφοντας
2742 829 2996 898 καρδίαν
3019 829 3114 882 ἐπ’
3141 830 3351 884 αὐτόν.
3389 829 3481 894 Ὠς
3507 831 3611 903 ἥδη
3645 833 3826 902 apust-

2242 937 2343 990 σης
2365 919 2464 989 τῆς
2497 919 2743 991 εἰρήνης,
2774 921 2868 990 ἀφ’
2895 912 2959 973 οὗ
2989 920 3226 990 Χριστὸς
3252 917 3382 989 ἔφη*
3423 921 3692 990 Εἰρήνην
3718 925 3826 992 ἀρ.

2240 1012 2368 1082 (run
2396 1011 2542 1079 ὑμῖν
2562 1026 2576 1040 ⁸
2611 1009 2864 1079 ειρήνην
2885 1009 3003 1079 τὴν
3033 1009 3190 1080 ἐμὴν
3219 1009 3430 1079 διδωμι
3458 1010 3602 1080 ὑμῖν
3621 1031 3638 1044 ο
3672 1015 3830 1087 μέχρι

2239 1101 2335 1156 τοῦ
2369 1101 2534 1175 δεῦρο
2556 1118 2570 1132 ο
2606 1103 2698 1156 καὶ
2728 1101 3132 1175 ὲρῤυπωμένης
3162 1100 3331 1172 οὔσης
3359 1102 3463 1172 τῆς
3503 1103 3831 1173 Ἐκκλησὶας

2239 1193 2406 1248 αὐτοῦ
2431 1211 2446 1226 ο
2477 1195 2544 1264 ἢν
2569 1196 2598 1248 ὁ
2634 1193 2779 1265 ἱερὸς
2809 1193 3025 1259 Παῦλος
3063 1192 3165 1266 βοᾷ
3187 1193 3276 1264 μὴ
3313 1195 3483 1263 ἔχειν
3513 1194 3767 1262 σπῖλον,
3795 1199 3830 1266 ἢ

2231 1285 2472 1356 ῥυτίδα,
2502 1285 2542 1356 ἢ
2572 1303 2628 1340 τι
2662 1284 2784 1340 τῶν
2819 1286 3105 1342 τοιούτων
3124 1303 3138 1318 ο
3169 1285 3312 1342 ἀλλ’
3339 1283 3494 1342 εἶναι
3531 1288 3713 1358 ἁγίαν
3737 1293 3834 1344 καὶ

2239 1377 2502 1448 ἄμωμον.
2533 1379 2599 1432 0i
2627 1377 2727 1449 μὲν
2749 1377 2934 1432 τέλεον
2965 1378 3094 1450 περὶ
3117 1378 3217 1450 τὴν
3243 1379 3427 1432 πίστιν
3449 1379 3830 1451 ἐναυάγησαν

2238 1469 2288 1522 oi
2312 1468 2455 1533 δὲ,εῑ
2483 1470 2578 1522 καὶ
2604 1469 2719 1533 τοῖς
2739 1467 3018 1541 λογισμοῖς
3041 1471 3103 1523 οὐ
3134 1469 3666 1542 κατεποντίσθησαν,
3690 1465 3836 1542 ὅμως

2241 1563 2308 1632 τῇ
2341 1561 2600 1633 κοινωνίᾳ
2647 1560 2750 1632 τῆς
2782 1562 3048 1632 αἱρέσεως
3099 1561 3476 1616 συνόλλυνται.
3515 1561 3686 1618 Ἀλλὰ
3729 1564 3835 1635 γὰρ

2238 1653 2334 1705 καὶ
2379 1650 2535 1704 αὐτοὶ
2577 1651 2628 1702 οἱ
2677 1651 2820 1706 κατὰ
2853 1649 2978 1704 νοῦν
3016 1647 3448 1722 ὀρθοδοξοῦντες,
3492 1655 3560 1724 τῇ
3603 1653 3834 1725 ἐπιμονῇ

2168 1725 2212 1783 Β
2238 1735 2335 1791 τοῦ
2365 1736 2610 1808 διωγμοῦ
2650 1737 2923 1808 ἰλιγγιῶσι
2949 1738 3080 1812 περὶ
3107 1740 3210 1810 τὴν
3234 1739 3496 1812 ἀλήθειαν
3513 1757 3530 1773 ·
3563 1740 3754 1814 ὥσπερ
3781 1745 3832 1796 ol

2242 1827 2348 1883 ὑπὸ
2379 1829 2690 1901 τρικυμιῶν
2720 1829 3002 1901 θαλάσσης
3027 1832 3255 1904 ἀπειρίᾳ
3290 1833 3575 1899 πλεύσεως
3610 1835 3832 1890 catomi-

2243 1937 2418 1991 μενοι.
2461 1922 2705 1977 Ἐλεεινὰ
2752 1923 2822 1977 τὰ
2855 1925 3033 1980 πάντα
3077 1926 3209 1996 ὑμῖν
3250 1926 3347 1981 καὶ
3390 1926 3644 1999 ὀδυρμῶν
3687 1929 3834 1995 ἄξια.

2241 2015 2715 2086 Παμπέλλονται
2755 2016 3068 2088 ψαλμῳδξαι
3102 2018 3624 2089 ἀρχαιοπαράδοτοι,
3663 2023 3720 2072 ἐν
3747 2018 3834 2086 αἷς

2241 2103 2371 2173 περὶ
2398 2103 2625 2158 εἰκόνων
2662 2105 2846 2176 ᾇδεταί
2889 2123 2976 2160 τι·
3005 2107 3291 2178 musam
3318 2109 3386 2162 τὰ
3415 2111 3588 2181 ἀσεϐῆ
3618 2110 3715 2166 νέα
3749 2114 3833 2166 δό-

2240 2211 2426 2266 γματα
2467 2199 2548 2261 εἰς
2575 2193 2855 2269 προῦπτον
2888 2199 3124 2269 κειμενα
3149 2215 3162 2228 ·
3197 2200 3334 2254 ἄλλα
3358 2203 3472 2266 τοῖς
3502 2205 3662 2256 παισὶ
3697 2206 3829 2276 πρὸς

2239 2287 2349 2340 τῶν
2377 2287 2720 2343 διδασκάλων
2743 2289 3171 2362 παραδιδόμενα.
3203 2291 3312 2346 Καὶ
3345 2297 3828 2364 μεταστοιχεωσις

2237 2379 2350 2432 τῶν
2377 2380 2634 2434 ἁπάντων
2662 2382 2968 2455 ἀθεωτάτη.
3009 2383 3363 2454 Ἐγενόμεθα,
3395 2386 3605 2457 κυρίως
3634 2388 3828 2454 εἰπεῖν,

2241 2470 2318 2534 ὡς
2359 2471 2568 2542 Σόδομα
2606 2472 2704 2527 καὶ
2730 2472 2986 2547 Γόμορρα
3021 2474 3166 2529 κατὰ
3195 2476 3297 2540 τὰς
3327 2476 3602 2548 ἁμαρτίας
3637 2480 3828 2550 ημῶνο

2241 2563 2340 2617 καὶ
2365 2565 2400 2635 ἡ
2432 2564 2710 2634 καιταιγὶς
2733 2565 2836 2637 τῆς
2863 2565 3132 2636 αἱρέσεως
3160 2569 3544 2642 κορυφουμὲνη
3572 2571 3829 2642 κορυφοῦ-

2239 2672 2332 2709 ται
2375 2655 2648 2728 ὁσημέραι
2667 2672 2684 2688 ο
2727 2657 2824 2712 καὶ
2852 2657 2882 2710 ὁ
2909 2657 3288 2731 διαναστήσων
3317 2661 3556 2732 Χριστὸν
3579 2662 3675 2716 τὸν
3703 2663 3829 2717 Θεὸν

2241 2746 2401 2817 ἡμῶν
2435 2748 2762 2820 ἐπιτιμῆσαι
2779 2751 2847 2822 τῇ
2877 2751 3095 2822 πονηρᾷ
3124 2749 3298 2824 ταύτῃ
3329 2751 3579 2827 θαλάσσῃ
3607 2754 3709 2826 οὐχ
3741 2753 3825 2809 εὕ-

2243 2856 2408 2911 ρηται
2420 2881 2432 2895 .

2325 3082 2487 3138 Ἀλλὰ
2522 3081 2682 3152 γενοῦ
2715 3085 2847 3155 ἡμῖν
2891 3079 2972 3148 εἷς
3019 3083 3132 3139 τῶν
3157 3083 3368 3140 δώδεκα
3405 3087 3746 3150 ἀποστόλων,
3784 3079 3826 3140 ὦ

2248 3174 2634 3247 μακαριώτατε
2658 3191 2672 3206 ο
2721 3175 3002 3230 διύπνισον
3052 3175 3146 3229 τὸν
3197 3177 3504 3248 ἀκοίμητον
3554 3178 3826 3250 ὀφθαλμὸν

2241 3266 2605 3338 οἰκονομικῶς
2632 3266 2965 3320 καθεύδοντα
2988 3279 3004 3296 ⁸
3038 3267 3121 3320 ὅτι
3151 3266 3510 3338 ἀπολλύμεθα
3531 3271 3734 3324 τέλεον.
3769 3273 3825 3325 El

2238 3376 2359 3423 sum;
2401 3359 2497 3412 καὶ
2534 3357 2710 3421 ἄλλως
2737 3357 2854 3412 ἐστι
2885 3375 2940 3412 τι
2979 3359 3273 3430 φάρμακον
3305 3359 3586 3431 βοηθείας,
3617 3361 3828 3433 ἰατρεῦ-

2243 3467 2336 3504 σαι
2385 3451 2512 3513 τοὺς
2564 3449 2970 3521 ὴσθενηκόταςο
3016 3450 3094 3516 ὡς
3148 3452 3475 3523 ἐπιστήμων
3525 3455 3823 3524 ιπείχθητι.

2241 3541 2370 3608 Ναὶ,
2405 3539 2660 3610 δεόμεθα,
2693 3539 2966 3610 ἀγιώτατε
2987 3541 3410 3613 ’ἀντιϐολοῦμεν
3430 3558 3447 3575 ·
3477 3545 3822 3616 παρακαλοῦ-

2243 3646 2366 3700 μεν.
2411 3629 2516 3684 Σοῦ
2554 3631 2722 3700 ὲσμεν
2754 3629 2892 3700 μέλη
2915 3645 2930 3662 ο
2963 3630 3090 3684 ἐπεὶ
3130 3632 3182 3684 οι
3212 3632 3413 3696 πάντες
3449 3636 3634 3687 πιστοὶ
3660 3635 3824 3704 σῶμα

2239 3720 2500 3789 Χριστοῦ
2529 3719 2630 3774 καὶ
2662 3717 2823 3789 μέλη
2849 3721 2918 3774 ὲκ
2941 3721 3192 3791 μέρους.
3234 3723 3562 3796 Ἐπίτρεψον
3593 3726 3690 3780 καὶ
3715 3729 3820 3790 τοῖς

2237 3812 2422 3876 ἄλλοις
2457 3811 2637 3880 ἁγίοις
2679 3812 2960 3882 Πατράσιν
3003 3813 3164 3884 ήμῶν
3215 3815 3376 3886 χεῖρα
3423 3815 3818 3887 πρεσϐευτικὴν

2237 3901 2426 3974 ὀρέξαι
2445 3917 2458 3930 ·
2493 3902 2582 3957 ἵνα
2605 3903 2670 3956 ἐκ
2697 3902 2911 3956 πολλῶν
2940 3903 3256 3975 προσώπων
3287 3905 3347 3959 τὸ
3385 3907 3467 3970 εἰς
3498 3909 3652 3978 ἡμᾶς
3679 3909 3819 3972 ἔλεος

2237 3995 2323 4064 ein
2366 3992 2521 4066 παρὰ
2562 3993 2722 4050 Θεοῦ.
2753 3994 2959 4049 Τούτου
2998 3995 3064 4067 δὴ
3091 3997 3253 4068 χάριν
3285 3997 3347 4051 τὸ
3377 3999 3638 4069 γράμμα,
3673 4001 3763 4054 καὶ
3792 4005 3819 4054 6

2237 4085 2714 4157 γραμματηφόρος
2749 4086 2889 4158 πρὸς
2917 4089 3136 4142 πάντων
3161 4091 3229 4160 τῇ
3258 4089 3516 4160 προθέσει
3548 4093 3817 4146 ἀπεσταλ-

2239 4174 2400 4246 μένος
2423 4190 2437 4206 ο
2470 4176 2520 4228 ει
2550 4175 2646 4228 καὶ
2674 4175 2807 4245 παρ’
2835 4177 2868 4246 ἡ
2877 4175 2995 4247 μῶν
3025 4177 3204 4246 μόνων
3228 4177 3338 4232 τῶν
3368 4179 3667 4250 ἐλαχίστων
3691 4185 3818 4235 ἀνα-

2237 4267 2594 4340 πληρούντων
2632 4268 2694 4322 τὸ
2731 4269 2957 4323 ἐκείνων
2994 4269 3309 4340 πρόσωπον.
3338 4270 3458 4325 Ἵνα
3485 4273 3542 4326 δὲ
3577 4275 3724 4344 γνοίη
3755 4275 3816 4326 ἐκ

547 4365 685 4417 stra,
738 4352 1047 4424 cuiusmodi
1099 4353 1213 4408 sint
1262 4352 1517 4424 dogmata
1565 4353 1860 4423 impiorum
1906 4371 1920 4407 :
1963 4357 2132 4428 eain

2240 4361 2443 4431 μέρους
2471 4362 2506 4433 η
2533 4361 2902 4432 κορυφαιότης
2933 4377 3048 4424 σου,
3077 4355 3165 4415 οἷα
3188 4361 3258 4415 τὰ
3281 4361 3390 4416 τῶν
3414 4363 3592 4418 ἀθέων
3615 4364 3813 4434 δόγμα-

547 4444 1003 4517 quaternionibus
1042 4444 1312 4513 descripta
1359 4443 1607 4515 epistola:
1659 4444 1831 4515 adjeci
1879 4463 1892 4499 :
1929 4461 2050 4515 qua:
2079 4456 2134 4502 et

2239 4470 2337 4507 τα*
2393 4453 2790 4507 συναπέστειλα
2831 4456 2945 4518 τοῖς
2991 4455 3284 4525 γράμμασι
3329 4455 3507 4509 ταῦτα
3538 4457 3595 4508 ἐν
3628 4473 3812 4526 τετρα-

548 4537 785 4590 aliorum
834 4544 1025 4607 rogatu
1072 4533 1360 4589 relutanda
1405 4535 1693 4604 imperitus
1741 4537 1978 4607 suscepi.
2025 4536 2133 4592 Ora

2239 4543 2403 4607 δίοιςο
2433 4543 2471 4597 ἃ
2498 4544 2594 4598 καὶ
2623 4543 2780 4610 ἔδοξα
2816 4545 2846 4597 ὁ
2865 4544 3083 4614 ἀμαθὴς
3111 4545 3464 4616 ἀνατρέπειν,
3487 4547 3812 4618 προτραπεὶς

547 4638 730 4684 autem
769 4637 826 4681 ut
857 4643 917 4682 ea
958 4627 1421 4698 inspiciatdirina
1454 4636 1546 4682 tua
1580 4629 1872 4698 sapientia,
1909 4638 1962 4684 et
1985 4629 2132 4699 quod

2242 4636 2333 4706 ὑφ’
2382 4637 2605 4706 ἑτέρων.
2639 4637 2784 4690 Αἰτῶ
2812 4637 2871 4690 δὲ
2901 4639 3053 4708 παρὰ
3091 4639 3192 4708 τῆς
3242 4638 3342 4708 σῆς
3375 4637 3660 4708 θεοσοφιας
3700 4641 3811 4692 ἑπι-

545 4721 702 4777 deest
732 4721 1000 4790 suppleat,
1029 4720 1358 4790 veniamque
1379 4719 1515 4775 mihi
1543 4720 1751 4776 tribuat
1781 4728 2086 4776 erratorum
2115 4737 2130 4774 :

2241 4729 2574 4800 σκεφθῆναι·
2601 4729 2698 4784 καὶ
2725 4728 2786 4782 τδ
2807 4728 3024 4793 ἐλλιπὲς
3051 4729 3428 4799 ἀνορθωθῆναι
3449 4747 3464 4762 ’
3499 4729 3811 4800 συγγνώμην

547 4825 714 4884 atque
773 4812 912 4868 adeo
951 4827 1276 4869 conservum
1333 4811 1556 4868 fratrem
1611 4822 1862 4868 nostrum
1924 4812 2133 4869 litteras

2238 4837 2300 4874 τε
2346 4822 2454 4875 τῶν
2518 4801 2932 4894 ὲπωφλῆμένων
2980 4822 3236 4888 δέξασθαί
3276 4839 3347 4893 με
3373 4839 3386 4854 ·
3435 4825 3500 4878 οὐ
3539 4823 3640 4895 μὴν
3681 4823 3811 4876 am

545 4921 686 4974 quas
727 4907 936 4976 accepit
986 4906 1190 4962 sanctis
1235 4906 1360 4961 aliis
1407 4905 1653 4970 reddere,
1695 4916 1750 4962 et
1781 4907 1888 4963 huc
1920 4916 2130 4979 postea,

2239 4914 2332 4966 καὶ
2384 4913 2476 4967 τὸν
2529 4913 2818 4969 σύνδουλον
2866 4914 3023 4987 ἡμῶν
3066 4914 3294 4984 ἀδελφὸν
3341 4915 3776 4988 συγκροτηθῆναι
3795 4932 3808 4944 ·

548 4997 662 5052 Deo
693 4999 926 5062 volente,
956 4997 1136 5053 redire
1165 4998 1464 5068 permittat.
2053 5053 2058 5056 .

2238 5005 2372 5076 πρός
2427 5022 2486 5059 τε
2555 5005 2793 5060 διάδοσιν
2856 5005 2966 5062 τῶν
3018 5007 3078 5060 ὲν
3130 5002 3212 5070 οἷς
3264 5008 3656 5080 ἐπεστείλαμεν
3704 5005 3812 5060 tti-

548 5110 657 5165 ρων
725 5091 897 5158 ἁγίων
967 5091 1276 5161 προσώπων
1344 5091 1642 5144 ἐπιστολῶν
1669 5109 1680 5121 ·
1729 5091 1824 5144 καὶ
1874 5090 1958 5163 δὴ,
1990 5091 2128 5148 Θεοῦ
2170 5095 2434 5164 θέλοντος,
2497 5101 2577 5162 εἰς
2637 5099 2975 5172 ἐπιστροφὴν
3028 5098 3340 5164 παλινοδίας
3373 5101 3543 5155 αὑτοῦ
3588 5101 3689 5154 τῶν
3731 5102 3813 5153 ἐν-

545 5183 739 5239 ταῦθα.

829 5321 966 5377 XVI.
1003 5351 1073 5363 —
1100 5322 1181 5374 Ad
1210 5322 1440 5375 Lauram
1471 5325 1644 5377 sancti
1673 5323 1849 5380 Sabaz.

550 5438 592 5492 A
621 5437 731 5494 Deo
776 5439 1060 5503 honorato,
1083 5436 1276 5491 dilecto
1311 5446 1361 5491 et
1394 5439 1668 5507 spirituali
1693 5438 1852 5492 Patri
1876 5455 2011 5507 meo,
2034 5440 2132 5494 do-

565 5509 580 5524 “
617 5532 760 5584 mino
802 5531 1085 5600 pt'wpusito
1101 5529 1600 5600 percelebrislaurw
1645 5532 1936 5587 beatissimi
1963 5536 2135 5589 sancti

615 5621 795 5677 Patris
841 5626 1006 5680 nostri
1060 5623 1240 5691 Saba',
1276 5634 1324 5679 et
1355 5625 1424 5679 iis
1453 5626 1542 5694 qui
1573 5632 1666 5678 sub
1691 5642 1750 5678 ea
1779 5636 1901 5680 sunt
1935 5629 2134 5681 sanctis

2383 5324 2502 5396 κζ’.
2527 5357 2598 5368 --
2627 5331 2730 5394 Εις
2752 5327 2866 5394 τὴν
2888 5327 3133 5394 Λαύραν
3160 5305 3266 5380 τὸῦ
3291 5323 3470 5393 ἁγίου
3502 5322 3672 5377 rasa.

2246 5441 2332 5508 Τῷ
2371 5442 2717 5512 θεοτιμήτῳ,
2742 5440 3106 5510 ἠγαπημένῳ
3141 5437 3240 5492 καὶ
3280 5433 3656 5506 πνευματικῷ
3691 5452 3808 5502 μου

2309 5534 2516 5602 Πατρὶ,
2555 5533 2739 5602 κυρίῳ
2766 5531 3127 5602 καθηγεμόνι
3153 5528 3265 5596 τῆς
3295 5529 3642 5597 περιϐοήτου
3659 5527 3809 5582 ,λαύ-

2306 5643 2423 5695 ρας
2453 5624 2560 5679 τοῦ
2630 5623 3026 5694 παμμάκαρος
3049 5622 3222 5692 ἁγίου
3245 5623 3476 5690 Πατρὸς
3500 5620 3661 5690 ἡμῶν
3699 5619 3807 5674 Σά-

619 5743 667 5777 υδ
698 5741 844 5799 Psal.
867 5759 1085 5812 Lxutv,
1127 5745 1180 5800 9.
1258 5747 1302 5778 ⁹⁵
1328 5743 1490 5801 Joan.
1521 5761 1632 5810 xlv,
1667 5744 1758 5800 27.
1838 5747 1884 5780 ⁸⁸
1912 5745 2117 5817 Ephcs.
2143 5760 2195 5813 ν,
2229 5745 2318 5800 27.
2396 5746 2440 5776 ’7
2481 5743 2588 5800 lsa.
2623 5759 2660 5807 ι,
2689 5743 2743 5797 9.
2825 5741 2869 5773 ⁹³
2910 5739 2955 5795 ll
2996 5739 3120 5796 Cor.
3153 5755 3252 5804 xu,
3279 5736 3368 5792 27.
