4054 6364
1539 0 2116 12 _—_'________v___._

208 346 384 422 ,1165

1442 368 1985 433 EPISTOLARUM
2025 373 2172 434 LIB.
2239 374 2321 435 ΙΙ.

3341 372 3519 441 -1166

299 463 397 566 ϐα,
417 464 664 566 καί-τοῖς
688 471 791 525 ὑπ’
823 473 982 544 αὐτῇ
1013 478 1205 546 ὁσίοις
1235 497 1354 551 μου
1378 483 1667 551 Πατρὰσι,
1691 485 1824 539 Θεό-

2005 488 2260 544 Patribus
2300 489 2453 555 meis,
2494 488 2804 546 Theodorus
2850 488 3122 560 minimus,
3167 491 3432 565 presbyter
3463 505 3516 566 et

301 555 492 648 δωρος
520 559 870 633 ἐλάχιστος,
921 571 1322 641 πρεσϐύτερος
1361 577 1459 630 καί
1489 578 1827 648 ἡγούμενος

304 647 427 745 ἰῶν
444 652 763 745 ξτουδίου.
1626 671 1790 745 [agt]

302 740 474 835 Χαρὰ
493 759 584 835 μοι
621 747 835 820 μεγάλη
863 751 958 804 καὶ
986 752 1147 824 δόξης
1177 757 1443 828 περιϐολὴ
1471 761 1550 833 τῷ
1579 740 1789 835 ἀναξίῴ
1803 779 1818 795 ο

200 836 202 838 ’
228 831 428 902 ὅτιπερ
458 834 700 904 ὴξίωμαι
727 839 943 905 εὐτελές
970 861 1072 914 μου
1095 852 1478 918 γραμματεῖον
1503 831 1826 912 ἁποστεῖλαι

227 920 290 972 ἐν
499 923 660 994 ἁγίῳ,
691 928 750 982 ἐν
783 933 1007 1001 σκηναῖς
1039 935 1203 989 ὁσίων
1225 937 1326 1008 τῆς
1358 939 1635 1015 ὑμετέρας
1669 961 1825 1016 περι-

229 1011 470 1082 ποθήτου
512 1016 878 1107 πατρότῗητος.
926 1023 1142 1096 Ἐπειδὴ
1181 1028 1290 1100 γὰρ
1322 1033 1386 1102 τῇ
1424 1011 1824 1107 τοῦσώματος

231 1107 510 1200 παρουσία
553 1109 654 1180 οὐχ
681 1106 795 1166 οἷόν
832 1132 892 1168 τε
923 1111 991 1188 ἦν
1030 1125 1437 1192 παραγενέσθαι
1490 1146 1560 1199 με
1591 1106 1730 1200 πρὸς
1757 1133 1826 1187 ea

233 1193 357 1267 ῐχνη
389 1198 564 1294 ὑμῶν,
599 1202 692 1255 καὶ
747 1204 874 1259 ίδείν
926 1209 987 1262 τὸ
1042 1209 1198 1280 ἁγιον
1238 1193 1504 1287 τέμενοςί
1533 1193 1648 1291 τὴν.
1673 1193 1826 1294 ἱερὰν

205 1291 494 1361 ’περιοχὴν
521 1293 697 1364 ὑμῶν,
722 1298 790 1369 ἢν
820 1300 933 1368 ἐγὼ
957 1303 986 1355 6
1009 1307 1286 1376 ταπεινὸς,
1315 1310 1392 1373 ὡς
1419 1312 1574 1366 πόλιν
1597 1291 1739 1368 Θεοῦ
1757 1297 1827 1370 δι’

227 1382 412 1478 αἰδοῦς
444 1385 584 1455 ἔχων
623 1390 739 1459 είμί
767 1407 781 1422 ·
819 1395 1118 1468 εὐδόκησεν
1146 1401 1176 1453 6
1207 1402 1412 1470 ἀγαθὸς
1437 1405 1572 1468 Θεὸς
1609 1408 1699 1461 διὰ
1726 1407 1827 1478 τῆς

226 1474 326 1571 16-3
371 1482 700 1550 γράμματος
735 1487 1050 1559 ἐπισκοπῆς
1082 1491 1141 1544 τὸ
1172 1494 1511 1566 καταθύμιόν
1544 1515 1647 1568 μου
1683 1474 1824 1571 πλη-

230 1568 406 1662 ρῶσαι
446 1572 540 1624 τοῦ
569 1574 920 1646 ἁμαρτωλοῦ.
953 1581 1063 1636 Καὶ
1107 1583 1171 1655 δὴ
1217 1585 1294 1650 ὡς
1332 1587 1524 1660 παρὼν
1574 1591 1682 1662 πρὸ
1716 1568 1827 1648 τῶν

225 1660 410 1752 ποδῶν
437 1661 594 1734 ὑμῶν
627 1707 642 1732 ,
677 1669 770 1722 καὶ
801 1672 1244 1746 περιπτύσσομαι
1279 1677 1424 1748 ὑμᾶς
1449 1679 1525 1750 τῷ
1549 1660 1692 1752 ἁγίῳ
1725 1684 1826 1738 πό-

339 1770 352 1785 ·
388 1754 484 1808 καὶ
522 1760 816 1828 προσκυνῶ
853 1762 914 1816 τὺ
942 1764 1085 1818 θεῖον
1114 1766 1334 1837 ἔδαφος,
1369 1769 1430 1822 ἐν
1471 1764 1517 1839 ᾧ
1563 1772 1624 1826 τὸ
1667 1751 1824 1829 ἐκλε-

225 1846 362 1901 κτὸν
392 1849 584 1914 σκεῦος
607 1854 700 1906 τοῦ
731 1854 867 1909 Θεοῦ
907 1861 1263 1930 τεταμίευται
1285 1879 1301 1895 ο
1346 1864 1410 1918 τὸ
1436 1864 1554 1934 φῶς
1579 1866 1689 1920 τῶν
1721 1885 1822 1940 μου
1855 1837 1898 1894 Β

198 1938 525 2002 ’ναζόντωνο
559 1943 588 1996 6
627 1943 886 2018 λαμπτὴρ
918 1950 1016 2021 τῆς
1040 1951 1368 2026 οἰκουμένης
1392 1971 1407 1986 ο
1440 1958 1470 2010 6
1498 1955 1591 2011 τοῦ
1627 1938 1822 2030 νοητοῦ

223 2031 433 2099 Φαραὼ
487 2041 949 2111 καταποντιστήςο
993 2043 1087 2097 καὶ
1129 2045 1227 2098 τοῦ
1270 2047 1432 2115 ἁγίου
1465 2049 1652 2115 ἔθνους
1687 2052 1822 2106 καθ-

231 2124 472 2196 ηγητὴς,
508 2128 537 2180 6
573 2129 673 2199 τῆς
708 2131 869 2199 ἁγίας
897 2134 1001 2205 γῆς
1029 2137 1324 2210 ἐγκρατὴς,
1357 2141 1451 2194 καὶ
1494 2142 1602 2197 τῶν
1655 2143 1819 2200 θείων

227 2214 413 2284 μονῶν
464 2216 814 2292 κληροδότης.
867 2225 1300 2299 Συνασπὰζομαι
1339 2233 1433 2285 καὶ
1481 2233 1579 2298 τὰς
1628 2235 1824 2302 λοιπὰς

226 2305 534 2396 σεϐασμίαῗς
596 2310 794 2381 θήκας,
848 2314 932 2383 ἐφ’
987 2312 1075 2380 αἷς
1123 2320 1193 2372 τὰ
1255 2321 1379 2392 ἱερὰ
1434 2322 1662 2396 σώματα
1709 2327 1822 2382 τῶν

205 2397 396 2451 ¹ὁσίων
417 2415 431 2429 ·
465 2395 546 2463 οἷς
577 2401 606 2454 6
632 2401 860 2467 πλοῦτος
887 2405 996 2460 τῶν
1025 2408 1258 2478 ἀρετῶν,
1289 2412 1348 2465 ἐν
1378 2415 1534 2467 νυκτὶ
1566 2416 1661 2470 τοῦ
1693 2419 1821 2488 τῇδε

226 2489 618 2578 βίου-ἄστροις
666 2495 870 2550 ἐοικόσι
929 2497 1236 2568 θεοφαέσιν.
1300 2503 1444 2574 Ὀρῶ
1478 2505 1571 2558 τὸν
1621 2507 1819 2578 χῶρον,

225 2581 321 2668 ἐφ’
352 2575 397 2649 ᾧ
451 2584 481 2636 6
531 2584 726 2650 στύλος
783 2587 877 2640 τοῦ
930 2591 1102 2661 πυρὸς
1142 2591 1219 2663 τῷ
1251 2595 1428 2668 στύλῳ
1455 2598 1564 2651 τῶν
1599 2575 1813 2668 ἁρετῶν

226 2667 418 2728 ὦπται
435 2691 449 2704 ·
479 2675 512 2746 ἡ
541 2679 678 2748 πρὸς
705 2681 831 2745 τοὺς
862 2682 1130 2752 ἁοράτους
1156 2687 1384 2758 ἐχθροὺς
1405 2692 1697 2763 νικηφόρος
1721 2693 1824 2748 πά-

198 2763 301 2837 ’λη
329 2784 342 2798 ·
396 2767 455 2820 τὸ
501 2769 598 2840 τῆς
649 2770 1096 2846 θαυματουργίας
1147 2778 1366 2852 δρᾶμαο
1407 2782 1567 2838 τοῦτο
1599 2786 1823 2840 κάκεῖνο

199 2922 204 2926 ¹
229 2857 656 2930 ποικιλλόμενον
679 2864 800 2929 ταῖς
826 2867 965 2920 κατὰ
991 2869 1184 2937 καιρὸν
1213 2871 1516 2942 ἐνεργείαις
1531 2874 1627 2928 τοῦ
1651 2876 1822 2930 Πνεύ-

228 2967 430 3019 ματος.
463 2953 527 3004 Ὢ
558 2953 705 3010 πόσα
729 2973 819 3027 μοι
857 2959 885 3011 6
916 2959 1080 3025 πόθος
1109 2963 1392 3018 ἐπιϐάλλει
1423 2965 1636 3035 λέγεινι
1671 2970 1764 3024 καὶ
1790 2970 1820 3023 6

225 3045 435 3111 τρόπος·
459 3042 638 3114 εἴργει
667 3045 760 3100 τοῦ
788 3048 865 3119 μὴ
897 3050 977 3112 είς
1007 3050 1247 3124 ἄμετρον
1281 3057 1538 3110 ἐκπεσεῖν
1571 3059 1670 3130 τὴν
1698 3061 1820 3115 ἐπι-

225 3131 448 3238 στολήν.
469 3133 542 3238 Ὠ.
560 3134 744 3238 πόσων
763 3138 985 3207 ἀγαθῶν
1006 3142 1259 3215 πράξεων
1290 3145 1531 3216 σύμϐολα
1561 3150 1656 3203 καὶ
1685 3151 1888 3238 ὑπο-,ρ

228 3223 500 3294 μνήματα
526 3226 584 3280 ἐν
615 3228 743 3298 ὑμίν
765 3230 778 3284 l
813 3235 1098 3306 μονονουχὶ
1125 3237 1220 3290 καὶ
1243 3238 1347 3291 ὑπὸ
1370 3239 1496 3304 θέας
1519 3241 1692 3312 αὐτῆς
1723 3243 1818 3297 δυ-

224 3312 444 3383 νάμενα
467 3318 806 3386 παρακαλεῖν
833 3321 1012 3396 ψυχὴν
1035 3327 1115 3390 εἰς
1147 3327 1388 3384 ἐπίδοσιν
1420 3332 1641 3403 ἀρετῆς.
1680 3334 1822 3388 Ἀλλ’

224 3405 254 3456 6
289 3403 396 3474 μὲν
427 3407 643 3478 πρῶτος
673 3410 828 3480 λόγος
854 3417 1024 3486 ἐχέτω
1053 3417 1258 3473 ταῦτα·
1284 3421 1332 3474 εί
1367 3422 1460 3476 καὶ
1479 3423 1820 3495 ἐνδεέστερον

224 3497 334 3569 τῆς
361 3499 678 3582 ἐπιθυμίας.
720 3505 838 3575 Ἐφ’
872 3507 1062 3580 ἕτερον
1088 3509 1145 3564 δὲ
1178 3512 1579 3582 μετελεύσομαι
1607 3517 1822 3588 ὀδυρτιο

227 3590 348 3655 κὸν,
376 3592 438 3644 οὐ
482 3597 759 3668 περιχαρῆ
779 3614 794 3630 ·
820 3599 888 3652 δι’
912 3601 972 3654 ὃν
1017 3604 1112 3656 καὶ¹
1141 3605 1170 3656 6
1199 3606 1463 3677 πρότερος
1507 3608 1819 3682 ὑφωρμήθη

229 3701 324 3752 μοι
364 3683 628 3756 ὑπάρξαι.
679 3689 847 3763 Ὀργὴ
881 3691 1016 3746 Θεοῦ
1047 3695 1194 3766 ἡμᾶς
1216 3697 1538 3764 κατέλαϐεν,
1567 3693 1613 3753 ὦ
1648 3701 1822 3755 Πατέ-

231 3791 328 3844 ρες
361 3775 682 3844 ἁγιώτατοι,
713 3779 801 3834 ὃιὰ
825 3784 884 3836 τὸ
918 3785 1290 3858 πληθυνθῆναι
1319 3789 1420 3858 τὴν
1449 3790 1698 3861 ἀνομίαν,
1720 3791 1823 3861 ψυ-

225 3867 427 3936 γείσης
458 3868 558 3938 τῆς
592 3871 835 3944 ἀγάπης,
865 3875 941 3938 ὡς
988 3878 1016 3930 6
1062 3877 1268 3948 Κύριος
1318 3880 1530 3951 εῐρηκε.
1573 3884 1824 3954 Διωγμδς

243 3958 650 4031 Ἐλληνοειδὴς,
686 3963 1072 4032 χαλεπώτατος
1091 3968 1232 4022 λίαν.
1276 3969 1558 4042 Ἀπηλὰθη
1591 3974 1690 4043 τῆς
1723 3975 1824 4028 αῦ-

225 4050 330 4122 λῆς
373 4052 403 4104 6
435 4052 774 4126 ἀρχιποιμὴν
820 4057 976 4126 ἡμῶν
1002 4075 1016 4091 ο
1049 4059 1439 4132 διεσκορπίσθη
1487 4066 1553 4116 τὰ
1584 4065 1822 4135 Χριστοῦ

224 4146 525 4217 πρόϐατα·
575 4147 732 4203 λύκοι
772 4150 960 4223 βαρεῖς
1007 4152 1413 4226 είσεφθάρησαν
1461 4154 1526 4227 [Γ.
1571 4157 1824 4226 είσέφθα-

227 4245 358 4318 σαν]
403 4248 465 4300 ἐν
491 4250 558 4318 τῇ
587 4249 812 4322 ποίμνῃ,
837 4253 1004 4321 aratra
1029 4253 1239 4322 μονιὸς
1265 4252 1475 4323 ἄγριος
1499 4255 1823 4324 κατενεμή-

225 4352 388 4390 σατο
425 4337 642 4405 αὐτήν.
667 4341 731 4393 Τί
775 4341 966 4408 τοῦτο;
996 4343 1168 4398 Πάλιν
1204 4344 1439 4399 ἐνταῦθα
1485 4345 1822 4417 ὴτιμὰσθηή

226 4428 410 4496 σεπτὴ
457 4429 623 4484 εἰκὼν
668 4431 764 4486 τοῦ
817 4433 954 4488 Θεοῦ
993 4437 1088 4489 καὶ
1134 4436 1390 4508 Σωτῆρος
1448 4435 1608 4506 ὴμῶν
1645 4435 1822 4505 Ἰησοῦ

2002 582 2322 654 praepositus
2343 581 2704 640 Studitarum.

2001 753 2194 826 Magna
2257 756 2392 810 mihi
2428 755 2635 824 laetitia,
2683 757 2987 830 ingensque
3017 760 3211 830 gloria,
3256 761 3514 832 indignus

1929 844 2032 899 sim
2069 844 2196 900 licet
2246 846 2392 915 quod
2429 854 2646 900 tenuem
2689 847 2977 915 epistolam
3031 847 3246 904 mittere
3294 847 3349 902 in
3392 849 3513 902 loca

1929 951 2086 993 sacra
2119 938 2433 1009 contigerit,
2483 938 2538 994 in
2571 938 2924 995 tabernacula
2954 948 3293 1005 sanctorum,
3321 950 3515 995 vestrae

1929 1030 2138 1085 scilicet
2183 1028 2478 1098 plurimum
2529 1027 2850 1084 desiderata:
2907 1029 3276 1098 paternitatis.
3322 1028 3513 1096 Quan-

1929 1118 2222 1190 doquidem
2248 1119 2394 1174 enim
2426 1119 2620 1175 adesse
2641 1134 2828 1174 coram
2855 1135 2962 1174 non
2995 1119 3142 1184 licet,
3175 1134 3240 1175 ac
3265 1119 3512 1191 vestigiis

1927 1211 2126 1268 vestris
2177 1211 2415 1275 advolvi,
2449 1221 2505 1269 et
2537 1222 2782 1268 sanctam
2815 1211 2985 1267 aedem
3022 1223 3258 1267 vestram
3283 1212 3510 1278 intueri,

1901 1319 2255 1376 sacrumque
2289 1313 2527 1375 septum,
2574 1305 2718 1375 quod
2768 1319 2870 1375 ego
2930 1303 3180 1371 humilis,
3241 1313 3506 1374 tanquam

1930 1396 2024 1451 Dei
2060 1397 2357 1461 civitatem,
2411 1397 2665 1469 religiose
2695 1411 2946 1462 veneror,
2991 1397 3194 1466 placuit
3224 1397 3336 1451 Deo
3362 1397 3509 1466 Opti-

1930 1503 2021 1542 mo
2064 1505 2161 1559 per
2208 1489 2438 1555 litteras,
2489 1489 2651 1544 veluti
2707 1505 2803 1560 per
2845 1490 3146 1562 speculam,
3175 1490 3316 1545 votis
3348 1489 3506 1555 meis,
3593 1513 3601 1522 -

1929 1582 2058 1636 licet
2102 1582 2341 1651 peccatis
2391 1584 2492 1638 sim
2531 1582 2830 1648 obnoxius,
2880 1584 3278 1638 obsecundare.
3322 1581 3510 1652 Itaque

1928 1682 2190 1741 tanquam
2241 1673 2437 1727 vestris
2463 1672 2690 1741 pedibus
2723 1671 3033 1735 advolutus,
3067 1683 3256 1728 sancto
3285 1689 3382 1727 vos
3416 1671 3510 1728 dc-

1929 1760 2131 1815 siderio
2177 1762 2536 1830 complector,
2593 1769 2647 1816 et
2698 1761 2944 1816 divinum
2985 1762 3173 1817 animo
3219 1765 3511 1819 exosculor

1927 1853 2130 1917 solum,
2166 1852 2219 1907 in
2252 1868 2360 1923 quo
2377 1867 2475 1908 vas
2506 1851 2598 1908 Dei
2633 1853 2864 1909 electum
2893 1863 3164 1918 servatur,
3196 1854 3288 1909 lux
3321 1871 3501 1924 mona-

1927 1941 2181 2007 chorum,
2237 1943 2387 1998 orbis
2433 1949 2701 1997 terrarum
2751 1942 2994 2011 lucerna,
3048 1945 3142 2014 qui
3205 1944 3508 2014 spiritalem

1926 2030 2266 2085 Pharaonem
2299 2029 2582 2097 demersit,
2611 2031 2757 2102 genti
2801 2041 3007 2087 sanctae
3044 2033 3356 2088 moderator
3388 2034 3509 2099 vim,

1927 2132 2085 2182 terra:
2145 2132 2348 2180 sanctae
2395 2138 2640 2195 compos,
2690 2124 3114 2196 divinarumque
3162 2127 3510 2182 mansionum

1925 2214 2277 2295 distributor.
2328 2216 2518 2272 Saluto
2549 2233 2656 2273 una
2689 2226 2743 2273 et
2775 2219 3018 2288 reliquos
3051 2212 3393 2276 venerandos
3431 2221 3513 2275 lo-

1925 2307 2100 2370 culos,
2132 2308 2188 2362 in
2224 2307 2424 2379 quibus
2457 2323 2615 2380 sacra
2662 2319 2976 2366 sanctorum
3017 2312 3233 2367 condita
3257 2327 3509 2382 corpora,

1926 2398 1981 2453 in
2021 2399 2222 2469 quibus
2260 2401 2524 2456 virtutum
2557 2416 2689 2472 Opes
2720 2404 2991 2472 repositae,
3036 2404 3238 2475 quippe
3285 2421 3408 2475 qua:
3451 2406 3508 2459 in

1926 2497 2088 2546 nocte
2119 2491 2352 2560 hujusce
2371 2492 2500 2548 vitae
2527 2493 2838 2550 divinorum
2881 2496 3121 2551 siderum
3155 2497 3331 2554 instar
3349 2497 3510 2554 caui-

1925 2589 2074 2650 gent.
2113 2579 2320 2638 Locum
2351 2584 2486 2639 mihi
2532 2586 2720 2642 videre
2757 2585 2965 2651 videor,
3017 2588 3072 2642 in
3116 2604 3226 2660 quo
3255 2590 3510 2646 columna

1926 2671 2068 2742 ignis
2105 2687 2202 2742 per
2253 2675 2518 2730 virtutmn
2555 2677 2868 2733 columnam
2911 2689 3376 2749 reprwsentatur:
3418 2681 3511 2738 ubi

1925 2761 2073 2818 lucta
2130 2764 2394 2821 adversus
2457 2767 2646 2824 hostes
2692 2769 3000 2826 invisibiles
3050 2787 3174 2828 cum
3220 2773 3513 2843 adeptione

1924 2855 2188 2921 victoriae,
2239 2858 2331 2912 ubi
2367 2873 2533 2914 scena
2577 2859 2780 2934 referta
2831 2862 3136 2932 miraculis,
3165 2863 3257 2919 ubi
3309 2863 3415 2921 hoc
3457 2875 3514 2922 et

1925 2947 2058 3003 illud
2103 2960 2412 3019 opportune
2457 2952 2696 3008 illustrat
2743 2954 3027 3024 multiplex
3074 2956 3301 3026 spiritus
3347 2957 3431 3013 vis
3458 2966 3514 3013 et

1923 3040 2181 3098 efﬁcacia.
2216 3041 2262 3098 Ο
2316 3054 2520 3114 quanta
2579 3045 2761 3106 dicere
2804 3045 3045 3118 suggerit
3102 3047 3360 3103 animus!
3415 3049 3511 3105 sed

1923 3133 2123 3189 modus
2181 3137 2450 3191 tenendus
2509 3145 2634 3201 est,
2676 3151 2743 3192 ne
2788 3136 2843 3191 in
2893 3137 3222 3195 immensum
3261 3153 3517 3208 excurrat

1922 3224 2176 3296 epistola.
2232 3223 2446 3295 Oquod
2480 3240 2662 3280 rerum
2706 3227 2964 3298 praeclare
3012 3238 3291 3299 gestarum
3345 3243 3514 3300 argu-

1921 3327 2104 3374 menta
2143 3319 2285 3390 apud
2334 3334 2431 3375 vos
2465 3334 2530 3375 ac
2577 3329 2932 3376 monumenta
2971 3329 3211 3386 exstant,
3258 3336 3382 3391 qua:
3425 3321 3513 3379 vel

1923 3413 2044 3485 ipso
2070 3420 2370 3482 conspectu
2420 3412 2700 3484 impellere
2726 3413 2969 3469 animum
3002 3415 3217 3483 possint
3241 3414 3308 3469 ad
3336 3415 3509 3470 virtu-

1923 3506 1994 3560 tis
2040 3506 2387 3574 prol‘ectum!
2445 3504 2549 3561 Sed
2577 3505 2650 3561 sit
2686 3507 2801 3561 haec
2846 3505 2998 3576 prior
3030 3507 3174 3576 [pars
3219 3506 3510 3571 orationis,

1924 3610 2236 3668 quanquam
2287 3595 2544 3665 pauciora
2583 3595 2693 3649 dixi
2733 3609 2898 3665 quam
2935 3593 3117 3649 velim.
3154 3595 3234 3650 Ad
3285 3597 3510 3651 alteram

1923 3686 2264 3760 progrediar,
2311 3702 2410 3741 nec
2454 3686 2602 3741 illam
2653 3686 2874 3756 quidem
2925 3686 3108 3756 gaudii
3145 3687 3362 3758 plenam
3414 3689 3513 3744 sed

1924 3779 2179 3837 mmroris
2216 3797 2229 3833 :
2272 3779 2343 3834 ob
2385 3793 2549 3848 quam
2585 3787 2639 3834 et
2663 3779 2812 3848 prior
2834 3778 2923 3832 illa
2956 3785 3040 3834 est
3074 3793 3105 3833 a
3138 3794 3225 3834 me
3250 3778 3392 3833 ultro
3422 3779 3512 3833 inv

1923 3874 2134 3929 stituta.
2169 3871 2543 3943 Apprehendit
2571 3885 2672 3926 nos
2690 3870 2770 3926 ira
2797 3869 2916 3936 Dei,
2937 3867 3126 3926 Patres
3153 3871 3510 3937 sanctissimi,

1922 3961 2181 4032 quoniam
2226 3961 2525 4016 abundavit
2568 3961 2850 4032 iniquitas,
2895 3959 3283 4033 refrigesceute
3326 3961 3514 4018 chari-

1925 4062 2056 4118 tate,
2116 4057 2262 4109 sicut
2333 4053 2596 4108 Dominus
2660 4051 3036 4122 pronuntiavit
3072 4052 3141 4107 θ’.
3196 4051 3512 4108 Persecutio

1924 4146 2157 4202 ethnicze
2200 4145 2415 4210 similis,
2467 4153 2664 4214 praeter
2702 4144 2922 4198 modum
2967 4158 3130 4199 saeva.
3171 4144 3411 4200 Abactus
3439 4145 3509 4200 ab

1925 4237 2053 4292 ovili
2093 4252 2345 4292 summus
2397 4243 2584 4304 pastor
2632 4244 2839 4299 noster,
2889 4233 3150 4304 dispersa:
3203 4241 3333 4300 sunt
3379 4249 3510 4289 oves

1923 4328 2150 4392 Christi,
2201 4328 2312 4398 lupi
2361 4340 2585 4397 rapaces
2621 4325 2940 4380 invaserunt
2979 4341 3220 4395 gregem,
3247 4335 3296 4380 et
3326 4327 3508 4397 singu-

1925 4421 2060 4476 laris
2105 4421 2251 4491 [erus
2289 4419 2542 4490 depastus
2569 4427 2648 4474 est
2687 4433 2806 4472 eum
2834 4417 2875 4470 '.
2910 4417 3052 4484 Quid
3096 4419 3239 4474 istud
3275 4418 3353 4474 rei
3380 4420 3510 4474 est?

225 4518 496 4589 Χριστοῦ,
533 4521 632 4588 τῆς
689 4521 974 4588 Θεοτόκου,
1026 4524 1227 4588 παντὸς
1285 4525 1593 4579 οὑτινοσοῦν
1637 4525 1818 4594 ἁγίου.

1925 4518 2128 4572 Iterum
2149 4515 2246 4591 hic
2269 4514 2464 4570 aiIecta
2508 4512 2722 4584 probris
2750 4521 2834 4569 est
2867 4514 3174 4568 veneranda
3206 4513 3384 4584 imago
3412 4513 3508 4571 Dei

223 4610 327 4664 Διὰ
385 4610 544 4664 τοῦτο
594 4613 877 4682 ποιμένες
922 4616 1402 4685 ἡφρονεύσαντο,
1460 4617 1555 4672 καὶ
1588 4617 1686 4688 οὐχ
1736 4619 1821 4673 ὅτι

226 4703 346 4758 τὸν,
375 4703 616 4770 Κύριον,
656 4706 1012 4776 προφητικῶς
1044 4707 1239 4772 εἰπεῖν,
1273 4708 1384 4760 οὐκ
1403 4699 1777 4776 ἐξεζῆτησαν
1801 4723 1816 4738 ⁸

226 4787 397 4863 ἧττον
419 4794 528 4864 γὰρ
556 4793 622 4847 ἂν
651 4789 720 4864 ἦν
745 4795 806 4849 τὸ
827 4797 1081 4867 ἀσέϐημα
1104 4813 1118 4828 ο
1149 4797 1266 4852 ἀλλ’
1301 4799 1385 4852 ὅτι
1413 4799 1821 4869 συνήχθησαν

240 4885 557 4948 Ἰουδαϊκῶς
621 4886 773 4942 κατὰ
840 4888 945 4941 τοῦ
1014 4889 1270 4956 Κυρίου,
1339 4890 1438 4943 καὶ
1496 4890 1649 4946 κατὰ
1713 4891 1820 4946 τοῦ

226 4976 496 5046 Χριστοῦ
523 4976 744 5032 αὐτοῦ’
789 4977 1290 5050 ἀποδοκιμάσαντες
1324 4981 1491 5035 αὑτοῦ
1524 4981 1622 5052 τὴν
1657 4982 1820 5050 ἁγίαν

227 5073 440 5133 εἰκόνα.
504 5070 603 5142 τῆς
659 5086 718 5124 τε
788 5070 954 5124 αὑτοῦ
1024 5073 1268 5142 Μητρὸς,
1325 5073 1419 5126 καὶ
1485 5073 1593 5127 τῶν
1652 5073 1818 5147 θερα-

229 5161 469 5216 πόντων.

300 5252 405 5305 Διὰ
435 5253 596 5308 τοῦτο
630 5256 994 5326 θυσιαστήρια
1039 5258 1172 5326 ἅγια
1211 5258 1482 5330 ἠφανίσθη
1513 5277 1528 5293 ο
1563 5260 1658 5313 καὶ
1702 5259 1821 5313 ναοὶ

229 5346 444 5416 Κυρίου
478 5347 916 5420 ἡμαυρὼθησαν,
941 5350 998 5402 ἐν
1027 5350 1177 5422 πάσῃ
1219 5351 1374 5404 πόλει
1405 5351 1499 5405 καὶ
1534 5351 1688 5424 χώρᾳ
1719 5351 1821 5420 τῆς

227 5437 360 5508 τῇδε
415 5436 686 5502 ἐξουσίας,
727 5441 808 5502 είς
844 5438 1038 5502 πένθος
1087 5439 1438 5510 προκείμενοι
1477 5443 1590 5503 τοῖς
1628 5439 1818 5510 ὁρῶσι,

225 5531 321 5581 τὸν
350 5532 552 5584 οἰκεῖον
583 5530 788 5602 κόσμον
816 5531 916 5600 τῆς
942 5531 1092 5592 θείας
1115 5531 1418 5601 εὐμορφίας
1447 5532 1815 5605 ἀφῃρημένοι.

229 5623 329 5676 Διὰ
372 5620 538 5674 τοῦτο
575 5623 697 5692 ίερὰ
741 5624 912 5695 σκεύη
965 5624 1443 5696 ἁναχωνευόμενα,
1497 5626 1594 5678 καὶ
1649 5622 1816 5696 ἐσθὴς

1921 4617 1976 4665 et
2006 4606 2314 4663 Servatoris
2337 4605 2512 4663 nostri
2545 4603 2674 4663 Jesu
2701 4604 2929 4670 Christi,
2957 4604 3225 4676 Deiparaa,
3251 4620 3304 4662 et
3331 4608 3508 4662 sancti

1921 4704 2232 4774 cujuslibet.
2264 4702 2469 4758 Idcirco
2487 4700 2651 4756 stulte
2684 4709 2902 4772 egerunt
2931 4711 3194 4771 pastores,
3223 4715 3328 4754 non
3360 4702 3508 4770 quod

1923 4795 2234 4861 Dominum,
2283 4803 2344 4849 ut
2401 4809 2525 4849 cum
2577 4793 2838 4863 propheta
2892 4793 3104 4863 loquar,
3151 4793 3508 4861 προσωπείο-

1923 4889 2106 4955 runt’,
2137 4888 2311 4943 levius
2331 4889 2477 4942 enim
2506 4886 2784 4957 piaculum
2812 4885 2974 4951 foret;
2999 4885 3094 4940 sed
3123 4885 3264 4956 quod
3284 4885 3505 4941 Iudaeo-

1893 4991 1898 4996 ’
1922 4997 2044 5039 rum
2073 4995 2226 5037 more
2262 4988 2611 5036 convenerunt
2651 4980 2705 5034 in
2731 4995 2893 5034 unum
2918 4979 3171 5044 adversus
3197 4979 3506 5042 Dominum,

1921 5087 1969 5128 et
2007 5074 2259 5128 adrersus
2303 5073 2576 5126 Christum
2623 5071 2737 5141 ejus
2768 5071 2790 5104 ⁸
2817 5089 2831 5126 :
2861 5081 3109 5128 sanctam
3151 5071 3269 5141 ejus
3311 5071 3482 5142 imagi

1922 5180 2046 5219 nem
2078 5163 2452 5234 reprobantes,
2483 5162 2671 5218 Matris
2711 5163 2838 5218 item
2874 5177 2939 5218 ac
2968 5162 3323 5218 famulorum.

1993 5256 2127 5311 Eam
2163 5257 2235 5311 ob
2266 5271 2379 5311 rem
2416 5265 2606 5312 sancta
2636 5256 2828 5310 altaria
2855 5255 3061 5320 diruta,
3085 5263 3140 5311 ct
3172 5255 3372 5325 templa
3401 5254 3508 5310 Do-

1922 5349 2058 5404 mini
2091 5347 2434 5415 labefactata,
2478 5348 2532 5403 in
2567 5348 2722 5404 omni
2746 5348 2966 5403 civitate
3006 5363 3072 5402 ac
3111 5347 3352 5418 regione,
3383 5361 3506 5418 quae

1922 5443 2054 5496 huic
2104 5441 2331 5511 imperio
2377 5450 2550 5510 paret,
2599 5441 2790 5512 ingens
2821 5441 3162 5495 intuentibus
3206 5440 3384 5494 luctus
3416 5453 3506 5494 ar-

1924 5541 2263 5602 gumentum,
2315 5547 2440 5588 cum
2493 5532 2603 5588 sint
2653 5533 2743 5587 iI-Ia
2801 5531 3022 5604 proprio
3059 5529 3228 5585 divini
3289 5529 3504 5583 decoris

1924 5635 2124 5680 ornatu
2149 5626 2372 5680 nudata.
2397 5625 2609 5683 Idcirco
2640 5641 2769 5684 vasa
2804 5641 2961 5682 sacra
2991 5625 3216 5695 liquata,
3238 5632 3291 5678 et
3318 5622 3504 5678 divina

303 5801 349 5834 ’θ
377 5800 572 5858 Matth.
599 5795 746 5870 sitv,
784 5804 871 5860 I2.
952 5805 966 5836 ‘
1002 5803 1144 5860 Psal.
1174 5820 1320 5872 uix,
1356 5802 1440 5859 14.
1519 5805 1539 5835 ²
1569 5801 1772 5860 Jerem.
1801 5820 1824 5860 ι

1925 5803 1974 5859 l.
2047 5804 2072 5838 θ
2102 5801 2250 5860 Psal.
2293 5815 2356 5872 ιι,
2393 5801 2448 5857 2.
