4054 6364
45 265 52 316 ί

45 321 52 466 Ξ

575 366 718 438 1107
1773 351 1833 412 S.
1868 347 2268 409 THEODORI
2309 347 2654 408 STUDIT/E
3717 350 3859 417 “38

575 485 738 541 vestis
772 479 882 550 igni
917 477 1136 542 tradita,
1164 489 1286 532 cum
1315 470 1548 545 depictis
1589 473 1642 526 in
1673 469 1869 546 tabella
1911 465 2163 538 imagini-

2276 463 2384 518 lsia
2415 465 2549 536 πυρὶ
2586 481 2653 518 πα
2667 463 3008 534 ραδιδομένη,
3063 465 3160 520 σὺν
3194 467 3304 530 τοῖς
3357 466 3416 520 ὲν
3462 467 3645 534 πίναξι
3680 488 3858 542 χαραο

572 577 702 639 bus,
759 582 814 632 et
845 573 1002 628 libris
1042 573 1097 625 in
1151 571 1351 642 quibus
1385 568 1564 638 aliqua
1621 565 1824 620 mentio
1861 564 2158 632 imaginum

569 675 738 720 esset.
819 663 952 717 Eam
1009 663 1080 716 ob
1160 675 1384 716 causam
1442 671 1704 727 magnum
1775 655 2162 710 incarnationis

573 753 895 824 mysterium
926 751 1226 816 deridetur,
1249 759 1303 804 et
1324 747 1693 803 abominanda
1716 761 1804 801 res
1833 746 2158 815 appellatur,

573 845 719 916 quod
751 853 806 899 et
838 845 1098 898 horresco
1150 841 1413 903 rcfvl‘ens,
1469 855 1591 911 qua:
1632 839 1857 894 salutari
1912 838 2030 892 orbi
2082 848 2166 893 est

577 949 839 1006 expressa
892 933 1098 989 Christi
1157 931 1348 1002 ﬁgura,
1378 931 1464 987 vel
1493 929 1748 986 Christus
1809 930 1927 1000 ipse
1980 929 2165 998 potius

573 1041 702 1083 cum
752 1024 924 1079 Matre
977 1031 1032 1080 et
1081 1021 1340 1078 famulis:
1393 1019 1837 1092 quandoquidem
1870 1020 2078 1074 honore
2113 1026 2168 1074 et

575 1117 940 1188 appellatione
982 1115 1123 1170 idem
1170 1113 1332 1168 ambo
1364 1125 1513 1178 sunt,
1554 1113 1734 1183 imago
1767 1120 1823 1167 et
1863 1110 2164 1181 exemplar.

574 1206 785 1263 Idcirco
846 1205 1182 1276 quaestiones
1233 1212 1290 1260 et
1356 1201 1742 1274 inquisitiones
1778 1217 1875 1272 per
1919 1201 2167 1272 singulos

576 1313 832 1370 quosque
875 1297 1026 1352 viros
1065 1310 1130 1352 ac
1163 1295 1377 1360 domos,
1423 1302 1660 1348 terrores
1709 1307 1776 1348 ac
1819 1290 2002 1356 minae,
2057 1305 2166 1344 non

576 1388 743 1443 modo
777 1402 848 1442 ne
893 1385 1096 1451 omnis,
1129 1385 1226 1442 sed
1279 1399 1347 1440 ne
1392 1384 1596 1455 aliqua,
1649 1381 1924 1438 haereticis
1964 1380 2167 1435 intacta

577 1480 760 1552 imago
789 1479 1162 1536 subtrahatur.
1192 1477 1403 1533 Idcirco
1429 1476 1742 1532 sacerdotes
1764 1474 1950 1544 inique
1975 1480 2164 1544 agunt,

575 1581 633 1627 et
664 1569 942 1636 monachi,
983 1576 1149 1624 exuto
1195 1567 1548 1627 monacbatu.
1593 1566 1813 1620 irruuut
1846 1563 1899 1618 in
1923 1563 2166 1633 ejusdem

579 1662 823 1719 instituti
850 1661 1022 1722 viros.
1068 1658 1278 1714 alumni
1315 1658 1606 1713 adversum
1646 1655 1988 1727 praepositos,
2019 1652 2170 1709 defe—

578 1755 779 1812 ctionis
833 1754 1120 1824 praemium
1172 1749 1549 1822 praefecturam
1595 1749 1914 1819 accipiunt;
1963 1755 2017 1802 et
2073 1745 2167 1816 qui

2265 557 2464 628 κτῆρσι
2496 557 2589 608 καὶ
2616 555 2816 626 βίϐλοις
2841 557 2899 609 ὲν
2927 551 3012 620 αἷς
3039 575 3090 610 τι
3113 557 3303 612 λεκτῖιν
3323 557 3451 629 περὶ
3476 561 3725 617 είκόνων.
3754 565 3856 618 Διά

2264 648 2422 701 τοῦτο
2453 647 2678 717 γελᾶται
2718 647 2780 699 τὸ
2811 648 2955 716 μέγα
3006 648 3106 712 τῆς
3149 650 3467 719 οἰκονομίας
3508 655 3812 724 μυστήριον
3839 671 3854 686 ·

2267 739 2358 792 καὶ
2390 737 2667 808 βδέλυγμα
2699 737 2982 809 κέκληται,
3011 738 3040 791 δ
3069 739 3163 792 καὶ
3193 740 3402 810 φρίττω
3428 740 3621 812 λέγων,
3658 745 3719 797 τὸ
3749 763 3860 799 σω-

2267 833 2454 903 τήριον
2483 831 2677 902 κόσμῳ
2715 831 2970 902 ὁμοίωμα
3003 832 3276 904 Χριστοῦο
3308 833 3511 904 μᾶλλον
3538 835 3596 890 δὲ
3622 837 3859 908 Χριστὸς

2269 923 2366 975 σὺν
2391 921 2578 991 Μητρὶ
2608 922 2704 974 καὶ
2726 920 3086 992 θεράπουσιψ
3115 923 3277 993 είπερ
3301 923 3378 988 ὡς
3403 927 3472 996 τῇ
3498 929 3631 998 τιμῇ
3665 929 3761 981 καὶ
3787 933 3856 998 τῇ

2268 1010 2462 1082 κλήσει
2514 1010 2711 1064 ταυτὸν
2772 1011 3081 1084 ἀμφότερα,
3116 1011 3284 1069 είκὼν
3327 1016 3424 1071 καὶ
3473 1019 3856 1089 πρωτὸτυπον.

2267 1102 2370 1158 Διά
2397 1100 2559 1156 τοῦτο
2584 1101 2966 1173 ὲξερευνήσεις
2997 1104 3090 1158 καὶ
3118 1103 3468 1178 ἐκζητήσεις,
3495 1108 3594 1163 καὶ
3617 1110 3738 1163 κατ’
3758 1112 3859 1165 άν-

2266 1195 2367 1266 δρα
2395 1195 2492 1249 καὶ
2522 1195 2645 1249 κατ’
2675 1191 2825 1249 οἶκον
2849 1212 2864 1228 ο
2900 1196 2997 1251 καὶ
3027 1196 3183 1267 φόϐοι
3217 1199 3313 1254 καὶ
3343 1200 3589 1267 ἀπειλαὶ,
3615 1201 3692 1272 μὴ
3723 1203 3862 1256 ὐπο-

2268 1284 2554 1357 λειφθῆναι
2598 1285 2875 1340 ἀνάλωτον
2908 1288 2975 1358 τῇ
3007 1287 3217 1359 αἱρέσει
3258 1289 3383 1344 τινά
3413 1290 3536 1361 μηδ’
3566 1288 3635 1346 αὖ
3673 1295 3861 1348 πᾶσαν

2269 1375 2476 1431 εἰκόνα.
2523 1375 2624 1430 Διά
2669 1375 2831 1431 τοῦτο
2875 1379 3042 1448 ἱερεῖς
3090 1378 3444 1450 ἀνομοῦντες,
3488 1383 3584 1435 καὶ
3631 1385 3863 1456 μοναχοὶ

2269 1466 2534 1538 ἀμόναχοι
2558 1467 2700 1521 κατά
2727 1467 2837 1522 τῶν
2869 1469 3203 1541 ὀμοσχήμων
3245 1471 3576 1543 φερόμενοι·
3605 1479 3863 1547 φοιτηταὶ

2270 1558 2413 1612 κατά
2461 1557 2571 1613 τῶν
2619 1559 2964 1631 ἡγουμένων,
3012 1558 3178 1617 ἆθλον
3221 1563 3323 1635 τῆς
3372 1565 3719 1633 ἀποστασίας
3760 1571 3863 1639 τὴν

2271 1650 2564 1723 προεδρίαν
2583 1651 2968 1723 κομιζόμενοι·
2995 1655 3091 1708 καὶ
3117 1658 3145 1710 ό
3165 1655 3233 1709 τὰ
3253 1657 3482 1713 πλεῖστα
3508 1661 3699 1731 μανεὶς
3721 1668 3865 1716 κατά

2271 1741 2534 1813 Χριστοῦ,
2566 1743 2831 1798 πλειόνων
2873 1745 2968 1799 καὶ
2997 1746 3177 1817 τιμῶν
3209 1748 3530 1819 ἠξιωμένος.
3572 1751 3674 1806 Διά
3700 1753 3866 1807 τοῦτο

579 1823 962 1902 vehementius
1016 1844 1072 1900 in
1122 1842 1400 1899 Christum
1449 1839 1672 1907 insanit,
1702 1839 1952 1911 pluribus
1979 1837 2026 1893 is
2063 1837 2163 1891 ho-

2276 1834 2560 1905 μάστιγες,
2593 1833 2807 1907 δεσμοὶ,
2858 1835 3126 1906 φυλακαὶ,
3157 1838 3596 1912 λιμοκτονήσεις,
3631 1842 3862 1916 ὲξορίαι,

579 1936 812 1992 noribus
856 1934 1193 1991 cumulatur.
1237 1934 1452 1990 Idcirco
1489 1932 1741 1996 verbera,
1773 1930 2011 1995 vincula,
2041 1945 2166 1984 car-

581 2039 760 2089 ceres,
791 2024 985 2080 inedia:
1015 2065 1032 2091 ,
1063 2023 1280 2091 exsilia,
1301 2037 1462 2078 neces
1491 2023 1546 2076 in
1576 2036 1672 2077 eos
1698 2021 1792 2092 qui
1817 2021 2167 2076 obnituntur.

652 2116 772 2173 Non
804 2125 890 2172 est
923 2115 1107 2186 impiis
1139 2113 1428 2172 sacerdotii
1457 2114 1840 2180 reverentiam,
1880 2127 1989 2169 non
2015 2114 2171 2169 cani-

579 2208 675 2265 tiei
731 2206 1165 2271 commiseratio,
1198 2219 1309 2260 non
1337 2204 1518 2260 cultus
1576 2204 1816 2274 pietatis,
1877 2213 1972 2259 aut
2020 2203 2168 2258 aliud

581 2297 863 2369 quidpiam
886 2311 1076 2352 eorum
1101 2310 1224 2365 qua:
1245 2295 1458 2350 veniam
1485 2302 1908 2350 commercatur.
1927 2293 2035 2350 Lex
2062 2309 2172 2350 una

583 2390 671 2444 his
705 2388 968 2459 principis
1001 2386 1285 2442 arbitrium
1315 2395 1398 2442 est
1427 2404 1443 2442 :
1489 2401 1621 2442 cura
1659 2386 1787 2442 item
1813 2402 1942 2452 una,
1976 2401 2172 2442 omnes

582 2489 644 2536 ut
669 2480 777 2534 hoc
809 2480 1010 2550 laqueo
1034 2477 1470 2548 intercipiantur.
1517 2477 1673 2533 Nunc
1705 2493 1800 2534 eos
1823 2477 1916 2548 qui
1946 2493 2005 2533 se
2032 2477 2172 2548 fugai

580 2568 867 2635 dederunt,
909 2569 1232 2624 solitudines
1266 2567 1514 2624 habent:
1572 2583 1736 2638 rupes
1785 2583 1853 2624 ac
1901 2569 2176 2638 spelunca:

579 2677 701 2726 eos,
748 2663 840 2732 qui
911 2662 1310 2718 consuluerunt
1341 2659 1504 2716 saluti
1541 2676 1672 2715 suze.
1706 2661 1778 2717 Ut
1805 2661 2014 2718 similes
2044 2661 2174 2718 facti

582 2769 778 2809 sumus
828 2754 1078 2824 pelicano
1133 2751 1450 2808 solitudinis
1479 2752 1546 2806 δι
1594 2761 1654 2808 ut
1697 2751 1812 2807 dati
1862 2766 2057 2808 sumus
2118 2751 2174 2805 in

583 2849 892 2917 captionem
931 2846 1189 2902 dentibus
1233 2844 1528 2916 impiorum
1559 2845 1581 2877 '
1614 2846 1628 2899 ι
1675 2854 1730 2900 et
1764 2845 1919 2914 plura
1945 2855 2172 2914 praeter-

588 2941 769 3006 mitto,
802 2954 924 3010 qua:
983 2937 1265 2994 fastidium
1297 2937 1577 2994 alierrent.
1616 2938 1687 2992 At
1717 2937 1894 2992 vicem
1926 2947 2176 2994 nostram

587 3048 687 3089 vos
762 3033 962 3102 lugete,
1013 3029 1218 3101 quibus
1291 3038 1376 3086 est
1427 3030 1481 3084 in
1533 3030 1732 3086 alienis
1783 3029 1946 3085 malis
2023 3039 2175 3084 tene-

2270 1927 2518 1994 θάνατοι,
2551 1927 2646 1981 ἐπὶ
2678 1928 2806 1994 τοὺς
2839 1929 3252 2001 ἐνισταμένους.

2343 2106 2460 2161 Οὐκ
2486 2107 2872 2181 ἀρχιερωσύνη
2897 2113 3011 2175 τοῖς
3035 2111 3295 2168 ἀσεϐέσιν
3321 2115 3626 2186 αἰδέσιμος·
3666 2118 3732 2172 οὐ
3764 2135 3864 2171 πο-

2272 2197 2361 2252 λιά
2383 2200 2796 2271 οίκτειρήσιμος
2816 2216 2832 2232 ·
2857 2202 2957 2256 οὐκ
2978 2200 3216 2273 ἄσκησις
3245 2205 3532 2272 εὐσεϐείας
3553 2223 3568 2238 ο
3611 2209 3711 2261 οὐκ
3737 2209 3866 2263 ἄλλο

2270 2307 2325 2344 τι
2371 2290 2480 2345 τῶν
2521 2291 2744 2361 φειδοῦς
2771 2292 2962 2360 ἀξίων.
3011 2289 3106 2354 Εἷς
3157 2296 3322 2367 νόμος
3349 2297 3413 2351 τὸ
3451 2299 3546 2352 τοῦ
3586 2301 3866 2372 Καίσαρος

2273 2382 2490 2453 θέλημα
2509 2398 2523 2412 ’
2552 2382 2648 2438 καὶ
2682 2384 2782 2454 μία
2815 2385 3021 2456 σπουδὴ
3051 2385 3300 2452 ἅπαντας
3338 2389 3399 2442 έν
3425 2390 3598 2462 τούτῳ
3636 2392 3860 2447 ἁλῶναι.

2272 2477 2338 2528 Δί
2381 2475 2614 2546 ὲρημίαι
2646 2477 2772 2542 τοὺς
2801 2477 3240 2547 διαπεφευγότας
3289 2480 3538 2551 ἔχουσιν·
3577 2484 3633 2536 αί
3667 2485 3863 2555 πέτραι

2273 2565 2370 2619 καὶ
2395 2565 2466 2620 τά
2497 2566 2743 2636 σπήλαια
2759 2569 2890 2632 τοὺς
2915 2570 3484 2641 διασεσωσμέ·ιους.Ὢ
3505 2572 3624 2636 πῶς
3651 2574 3865 2642 ὡμοιώ-

2275 2655 2452 2726 θημεν
2503 2657 2766 2711 πελεκᾱνι
2803 2658 3094 2729 ὲρημικῷί
3136 2658 3182 2712 ὣ
3212 2659 3329 2722 ττῶς
3364 2660 3752 2731 παρεδόθημεν
3783 2662 3862 2725 εἰς

2275 2749 2465 2818 χεῖρας
2487 2751 2599 2812 τοῖς
2627 2749 2808 2803 ὀδοῦσι
2835 2750 2944 2804 τῶν
2969 2749 3210 2804 ἀσεϐὦνε
3235 2750 3328 2803 καὶ
3356 2751 3424 2804 τά
3443 2750 3614 2804 πλείω
3641 2753 3862 2824 παρῆκα

2273 2837 2364 2892 διά
2409 2837 2473 2892 τὺ
2523 2840 2851 2911 προσκορές.
2901 2839 3063 2894 Ἀλλά
3118 2840 3413 2906 στενάξατε
3468 2844 3556 2911 ἐφ’
3594 2845 3766 2914 ἡμᾶς,
3814 2837 3863 2896 ὦ

2277 2930 2749 3000 συμπαθέστατοι,
2783 2932 2861 2994 ὡς
2907 2932 3190 3003 σύσσωμοι
3212 2950 3228 2964 °
3254 2933 3481 3004 όρέξατε
3533 2939 3695 3006 χεῖρα
3733 2953 3860 3008 πρε-

2279 3021 2573 3094 σϐευτικὴν
2619 3023 2698 3087 ὡς
2749 3022 3088 3094 φιλάδελφοι.
3120 3023 3242 3078 Τῶν
3288 3025 3480 3080 αὐτόθι
3534 3027 3756 3098 χείρονα
3799 3029 3862 3080 τὰ

586 3135 708 3175 runt
764 3128 956 3191 pectus
1016 3129 1274 3191 tanquam
1324 3120 1572 3190 ejusdem
1638 3120 1932 3191 corporis:
1991 3120 2172 3191 preci-

2279 3114 2526 3187 ὴμέτερα
2565 3115 2983 3189 βαρϐαρίζεται.
3027 3117 3116 3184 Ὠς
3151 3117 3364 3190 Σόδομα
3403 3119 3510 3191 ἥδη
3539 3121 3861 3192 γεγόναμεν,

588 3211 694 3268 bus
745 3211 900 3278 fusis,
971 3211 1235 3282 porrigite
1281 3226 1506 3265 manum
1563 3219 1826 3281 tanquam
1886 3209 2173 3268 fratribus.

587 3302 889 3357 Acerhiora
911 3310 1041 3358 sunt
1057 3315 1182 3372 quae
1218 3300 1307 3356 hic
1336 3301 1596 3371 patimur,
1621 3316 1787 3371 quam
1810 3316 1934 3372 quae
1960 3302 2174 3372 uspiam

592 3410 626 3451 a
669 3393 920 3450 barbaris
949 3401 1097 3465 gesta
1127 3400 1278 3450 sunt.
1305 3390 1428 3448 Jam
1478 3394 1622 3449 sicut
1649 3392 1890 3450 Sodoma
1921 3394 2049 3451 facti
2077 3410 2176 3451 su—

591 3503 738 3552 mus,
784 3495 841 3543 et
888 3486 1033 3544 sicut
1081 3485 1390 3542 Gomorrha
1435 3487 1646 3544 similes
1691 3504 1886 3546 sumus
1928 3490 1972 3544 ⁸.
2026 3487 2178 3545 Hanc

591 3581 761 3651 igitur
799 3578 873 3634 ob
909 3593 1133 3636 causam
1174 3579 1488 3635 sanctitatis
1532 3588 1727 3636 vestra:
1762 3580 2027 3636 auxilium
2071 3582 2178 3636 hu-

591 3670 752 3726 miles
780 3667 1218 3739 imploravimus,
1240 3667 1390 3723 velut
1421 3683 1532 3723 uno
1551 3683 1646 3725 ore
1667 3669 1913 3725 omnium
1946 3669 2178 3726 fratrum

589 3760 687 3830 qui
723 3759 927 3830 pariter
953 3769 1239 3815 vexantur.
1267 3756 1531 3815 Novimus
1552 3761 1698 3815 enim
1716 3772 1983 3833 quantum
2003 3763 2180 3818 valeat

586 3852 738 3922 iusta
772 3858 952 3908 vestra
981 3849 1295 3922 deprecatio
1329 3850 1556 3907 assidua
1580 3851 1626 3917 ',
1664 3859 1747 3918 ut,
1787 3863 2015 3907 exorato
2044 3853 2177 3918 Deo,

595 3943 838 4000 haeretici
873 3943 1036 4015 gladii
1064 3942 1211 4000 acies
1250 3943 1647 4014 conquiescat:
1671 3941 1741 3997 ad
1773 3953 1981 4001 rectam
2018 3945 2179 4010 fidem

592 4051 720 4092 cum
771 4051 906 4108 pace
938 4035 1288 4107 coniunctam
1334 4045 1628 4092 revocante
1670 4034 1904 4092 Domino
1934 4047 2178 4094 nostram

591 4143 818 4200 quoque
863 4125 1192 4183 Ecclesiam.
1225 4124 1300 4183 Ut
1329 4137 1511 4182 autem
1537 4135 1593 4183 et
1620 4142 1720 4184 vos
1744 4128 1987 4186 vicissim
2021 4131 2179 4187 imel-

591 4217 802 4287 ligatis,
852 4215 957 4271 viri
1000 4214 1363 4282 venerabiles,
1406 4215 1593 4286 qualia
1643 4218 1756 4274 sint
1789 4219 2180 4291 sacrilegorum

592 4307 764 4379 impia
800 4306 1097 4380 dogmata:
1149 4307 1315 4363 simul
1370 4308 1490 4365 haec
1543 4324 1671 4365 cum
1717 4309 1915 4367 litteris
1946 4312 2072 4368 misi
2126 4313 2181 4367 in

2279 3208 2374 3260 xui.
2395 3206 2472 3270 ὡς
2506 3208 2760 3281 Ιῖόμορρα
2789 3209 2890 3280 ἤδη
2927 3208 3317 3281 ὡμοιώθημεν.
3347 3212 3449 3265 Διά
3484 3211 3648 3265 τοῦτο
3684 3229 3864 3282 τοιγα-

2279 3298 2408 3370 ροῦν
2436 3299 2532 3354 καὶ
2555 3300 2978 3372 ὲπεϐοησάμεθα
3004 3303 3073 3374 τῇ
3097 3302 3379 3376 ἁγιωσύνῃ
3403 3303 3563 3374 ἡμῶν
3591 3306 3642 3358 oi
3675 3322 3862 3358 ταπει-

2276 3389 2380 3455 νοὶ,
2424 3391 2504 3454 ὼς
2557 3391 2618 3444 έν
2655 3391 2740 3444 ἑνὶ
2796 3393 3024 3462 στόματι
3063 3391 3176 3448 τῶν
3222 3395 3446 3450 πάντων
3487 3395 3744 3466 ἀδελφῶν
3773 3397 3861 3450 καὶ

2279 3483 2733 3552 συμπασχόντων.
2765 3485 2959 3556 Ἰσμεν
2988 3484 3100 3557 γάρ
3121 3485 3204 3540 ὅτι
3238 3485 3412 3556 ίσχύει
3438 3487 3471 3557 η
3496 3487 3688 3542 δικαία
3713 3489 3860 3559 ἡμῶν

2276 3569 2463 3643 δέησις
2493 3572 2864 3646 ἐνεργουμένη
2889 3591 2906 3605 ο
2933 3574 3011 3639 ὡς
3039 3574 3108 3628 ἀν
3135 3575 3216 3647 τῷ
3253 3577 3538 3648 ὲξιλασμῷ
3566 3579 3738 3649 αὐτῆς
3772 3596 3856 3633 κου

2279 3657 2433 3731 πάσῃ
2455 3664 2488 3731 η
2509 3659 2740 3730 θραῦσις
2767 3663 2871 3731 τῆς
2902 3663 3193 3735 αίρετικῆς
3222 3666 3521 3738 ῥομφαίας*
3549 3667 3644 3721 τοῦ
3667 3669 3857 3741 Κυρίου

2278 3753 2362 3815 είς
2412 3753 2695 3825 εἰρηνικὴν
2730 3752 3044 3826 όρθοδοξίαν
3071 3757 3442 3828 ὲπανάγοντος
3487 3760 3585 3814 καὶ
3623 3763 3726 3831 τὴν
3752 3755 3858 3815 καθ’

2278 3847 2430 3916 ἡμᾶς
2468 3847 2821 3919 Ἐκκλησίαν.
2850 3847 2969 3902 ’Ὶνα
2991 3848 3048 3902 δὲ
3075 3849 3254 3920 είδῆτε
3284 3851 3380 3905 καὶ
3422 3851 3604 3922 ὑμεῖς,
3638 3848 3686 3907 ὦ
3716 3855 3858 3908 σεϐα-

2283 3955 2453 4010 σμιοι,
2477 3941 2544 3994 ὲκ
2578 3941 2800 4013 μέρους,
2827 3937 2918 3996 οἷα
2938 3941 3008 3998 τά
3033 3942 3209 4013 ἀσεϐῆ
3235 3943 3484 4014 δόγματα
3507 3945 3622 4000 τῶν
3649 3947 3818 4002 ἀθέων
3838 3962 3852 3979 ο

2283 4033 2685 4088 συναπέστειλα
2711 4035 2826 4098 τοῖς
2851 4033 3150 4108 γράμμασι
3203 4033 3380 4091 ταῦτα
3423 4038 3483 4092 ἐν
3530 4040 3858 4110 τετραδίοιςο

2281 4121 2318 4177 ἀ
2349 4123 2442 4176 καὶ
2471 4123 2628 4190 ἔδοξα
2661 4125 2690 4178 ό
2721 4123 2944 4196 ἀμαθὴς
2973 4126 3326 4198 ἀνατρέπειν,
3348 4132 3695 4201 προτραπεὶς
3725 4133 3858 4202 παρά

2281 4214 2546 4269 εὐσεϐῶν.
2583 4216 2733 4270 Δίτῶ
2776 4216 2835 4271 δὲ
2887 4215 2995 4271 ὑπὸ
3047 4217 3150 4286 τῆς
3189 4219 3343 4283 θείας
3378 4220 3537 4289 ὑμῶν
3589 4223 3858 4292 ἀγχινοίας

2283 4307 2682 4379 ἑπισκεφθῆναι
2706 4324 2721 4339 ⁸
2783 4310 2880 4363 καὶ
2929 4308 2992 4364 τὸ
3025 4309 3244 4376 ἐλλιπὲς
3295 4313 3715 4384 ἀνορθωθῆναι·
3770 4316 3857 4368 καὶ

594 4399 1077 4469 quaternionibus,
1124 4414 1249 4470 quae
1295 4399 1552 4457 indoctus
1598 4401 1723 4457 licet
1767 4402 2054 4460 confutare
2085 4419 2172 4476 ag-

2286 4400 2620 4474 συγγνώμην
2673 4402 2785 4456 τῶν
2816 4402 3236 4476 ὲπωφλημένων
3269 4404 3527 4470 δέξασθαί
3564 4425 3633 4478 με
3657 4422 3676 4440 ο
3729 4407 3855 4476 λαμ-

597 4505 822 4562 gressus
841 4506 989 4558 sum,
1013 4491 1311 4562 proborum
1329 4492 1575 4548 virorum
1598 4491 1839 4550 hortatu.
1858 4493 1970 4550 Oro
1998 4503 2172 4551 autem

2289 4499 2552 4555 ϐάνεσθαί
2579 4515 2640 4552 τε
2691 4499 2774 4564 είς
2827 4500 3050 4572 μνήμην
3083 4500 3143 4553 ἐν
3176 4501 3296 4564 ταῖς
3333 4499 3666 4556 θεοκλινέσιν
3717 4500 3854 4571 ὑμῶν

599 4593 662 4639 ut
691 4600 755 4640 ea
785 4598 887 4654 pro
917 4584 1105 4640 divina
1135 4591 1316 4639 vestra
1348 4584 1648 4656 sagacitate
1673 4587 2016 4656 expendatis,
2039 4590 2172 4660 quot

2285 4591 2618 4664 προσευχαῖς
2641 4607 2657 4622 ο
2705 4589 2802 4644 καὶ
2848 4590 2958 4663 μὴν
2994 4590 3091 4645 καὶ
3119 4591 3512 4649 συντάττεσθαι
3542 4592 3619 4656 ὼς
3646 4592 3852 4663 ἔσχατον

600 4676 859 4731 vitiosum
899 4683 987 4730 est
1017 4672 1346 4740 emendetis,
1387 4685 1812 4748 erratorumque
1837 4679 2052 4734 veniam
2086 4681 2188 4736 tri-

601 4769 811 4831 buatis,
835 4775 892 4822 et
922 4775 983 4822 ut
1016 4767 1124 4824 mei
1156 4768 1516 4826 memineritis
1547 4769 1602 4824 in
1627 4769 1824 4826 vestris
1849 4769 2192 4842 ﬂectentibus

2286 4681 2506 4736 πάντων
2557 4680 2721 4752 μέλος
2762 4681 2823 4735 ἐν
2869 4679 2949 4754 τῷ
3004 4679 3338 4754 πληρώματι
3369 4681 3474 4753 τῆς
3520 4683 3679 4754 ἁγίας
3713 4681 3851 4754 ὑμῶν

2299 4772 2654 4844 Ἐκκλησίας.

604 4858 778 4913 Deum
821 4859 1074 4929 precibus
1108 4877 1124 4916 :
1171 4861 1408 4933 denique
1440 4871 1503 4918 ut
1544 4870 1811 4934 tanquam
1854 4873 2195 4934 postremum
2264 4870 2512 4929 omnium
2566 4865 2873 4921 membrum
2940 4879 3172 4922 censear
3213 4866 3269 4922 in
3307 4867 3640 4939 plenitudine
3667 4874 3848 4923 sancta:

603 4969 801 5016 vestra:
837 4961 1116 5018 Ecclesiae.

675 5050 808 5107 Hec
847 5055 1032 5110 eadem
1070 5056 1293 5126 epistola
1323 5059 1485 5112 missa
1523 5067 1601 5112 est
1629 5060 1791 5114 etiam
1821 5062 1892 5115 ad
1921 5074 2188 5118 monaste-

602 5140 743 5194 rium
769 5143 944 5198 sancti
979 5143 1285 5200 Theodosii.

2381 5058 2452 5112 Ἦ
2479 5054 2634 5124 αὐτὴ
2660 5053 2958 5120 ἐπιστολὴ
2985 5051 3305 5119 ἀπεστάλη
3335 5050 3434 5105 καὶ
3469 5049 3618 5120 πρὸς
3639 5047 3739 5115 τὴν
3758 5060 3850 5114 p0-

2297 5149 2420 5220 γὴν
2448 5147 2556 5203 τοῦ
2583 5147 2756 5216 ἁγίου
2787 5144 3134 5200 Θεοδοσίου.

1499 5309 1752 5362 Adversus
1771 5313 1970 5363 eosdem
1991 5314 2356 5365 lconomachos.
2382 5313 2581 5376 (Baron.
2621 5324 2701 5361 an.
2724 5311 2836 5373 8l7,
2859 5324 2913 5362 n.
2935 5313 3004 5363 at

605 5457 861 5516 XVll.—
886 5462 931 5516 A
967 5461 1074 5517 Deo
1118 5461 1410 5531 honorato,
1447 5465 1641 5520 dilecto
1668 5480 1716 5522 et
1745 5471 1983 5537 spiritali
2028 5471 2185 5526 Patri

674 5569 813 5620 meo,
839 5557 1056 5611 domino
1099 5557 1420 5612 moderatori
1454 5560 1703 5615 maxime
1747 5562 1918 5618 (aura:
1951 5565 2186 5620 beatissi-

623 5674 626 5678 -
675 5645 750 5700 mi
780 5647 956 5702 sancti
994 5645 1176 5703 Patris
1207 5647 1376 5702 nostri
1417 5647 1745 5720 Charitonis,
1786 5662 1837 5708 et
1867 5653 1935 5710 iis
1963 5655 2055 5723 qui
2087 5656 2183 5712 sub

2296 5467 2563 5536 ΙΖ’.-Τῷ
2581 5469 2907 5540 θεοτιμήτῳ
2923 5510 2940 5535 ,
2963 5467 3330 5537 ἠγαπημένῳ
3351 5465 3452 5520 καί
3503 5445 3854 5550 πνευματικῶ

2363 5579 2482 5632 μου
2555 5563 2782 5630 Πατρὶ,
2827 5560 3014 5628 κυρίῳ
3050 5558 3413 5629 καθηγεμόνι
3455 5556 3566 5624 τῆς
3589 5553 3853 5650 μεγίστης

2361 5658 2593 5724 λαύρας
2636 5654 2744 5711 τοῦ
2783 5651 3176 5726 παμμάκαρος
3231 5651 3408 5722 ἁγίου
3442 5648 3662 5719 Πατρός
3697 5645 3854 5712 ἡμῶν

676 5818 698 5853 ⁸
733 5819 881 5877 Psal.
907 5837 980 5886 CI,
1020 5823 1072 5878 7.
1147 5824 1170 5856 ⁸
1215 5822 1365 5883 Psal.
1391 5842 1580 5892 cxxui,
1619 5825 1672 5882 6.
1749 5830 1771 5860 ⁸
1801 5829 1909 5885 lsa.
1947 5846 1986 5898 I,
2021 5831 2074 5886 9.
2152 5829 2308 5886 ’Jac.
2341 5846 2394 5898 ν,
2433 5831 2525 5890 I6.
