4054 6364
257 421 399 488 1169

324 633 561 702 τριίσιν,
595 633 893 703 Θεόδωρος
943 634 1288 705 ἐλάχιστος,
1317 638 1720 707 πρεσϐύτερος
1741 637 1842 692 καί

327 726 663 794 ἡγούμενος
685 722 806 779 τῶν
836 727 1149 782 Στουδίου.
1687 729 1836 802 [σζ’.]

337 816 560 886 Ἐπειδὴ
583 817 715 886 παρ’
745 817 939 870 ἐλπίδα
968 820 1004 887 ή
1034 819 1312 885 ἐπίτευξις
1338 820 1447 874 τῶν
1466 822 1836 892 γραμμάτων,

249 907 648 976 θαυμαστικῶς
679 907 972 978 βοήσομαιο
992 909 1162 963 Πόθεν
1193 928 1286 980 μοι
1305 909 1482 977 τοῦτο,
1513 912 1602 966 ἵνα
1623 911 1839 976 ἀξιωθῶ

249 1001 282 1050 6
317 997 539 1070 εὐτελὴς
570 998 875 1052 ἐπιστεῖλαι
897 999 1027 1069 ύμῖν
1055 1003 1168 1065 τοῖς
1202 1001 1381 1068 ἁγίοις
1412 1020 1514 1071 μου
1538 1003 1836 1072 Πατράσιν;

266 1091 398 1142 Ἰδοὺ
449 1090 560 1159 γὰρ
604 1088 680 1152 ῶς
736 1091 1065 1156 κατείληφεν
1108 1093 1258 1163 ἡμᾶς
1309 1093 1399 1147 διὰ
1429 1093 1528 1156 τάς
1563 1094 1839 1165 ἁμαρτίας

252 1183 412 1250 ήμῶν
461 1183 490 1235 6
549 1181 934 1252 χαλεπώτατος
975 1184 1218 1254 διωγμὸς
1262 1179 1420 1250 οὗτος
1441 1201 1456 1217 °
1501 1181 1563 1241 οὗ
1611 1189 1646 1258 ή
1699 1186 1838 1257 ἀκοὴ

252 1277 477 1336 παντως
527 1274 692 1346 μέχρι
739 1276 834 1328 καὶ
887 1276 1042 1346 ὑμῶν
1097 1277 1355 1347 ἔφθασεν.
1419 1277 1713 1333 Ἐσκόπουν
1743 1282 1838 1334 καὶ

253 1363 571 1435 ἀνηρεύνων
589 1367 617 1418 6
636 1365 909 1429 ταπεινὸς,
935 1366 1052 1429 πῶς
1080 1369 1180 1422 καὶ
1206 1367 1276 1422 δι’
1299 1361 1508 1432 οὗτινος
1545 1369 1837 1440 προσώπου

251 1456 544 1527 δυνηθείην
573 1457 973 1526 ἀποδύρασθαι,
1013 1458 1109 1512 καὶ
1152 1460 1290 1530 πρὸς
1321 1461 1465 1530 ὑμᾶς
1490 1461 1618 1525 τοὺς
1648 1461 1837 1530 ἁγίους

251 1549 328 1602 τά
351 1547 633 1618 συμϐάντα
659 1549 791 1618 ἡμῖν
829 1549 1001 1614 δεινά,
1035 1551 1138 1604 ούκ
1173 1549 1336 1604 ἄλλου
1389 1551 1534 1613 τινὸς
1562 1553 1772 1620 ἕνεκεν,
1803 1552 1836 1620 ἢ

251 1643 354 1696 τοῦ
400 1645 480 1706 είς
531 1643 876 1713 συμπάθειαν
905 1645 1305 1699 ἐκκαλέσασθαι
1353 1646 1510 1716 ὑμῶν
1536 1647 1639 1710 τὰς
1677 1647 1838 1715 ἁγίας

249 1734 461 1804 ψυχὰς,
515 1734 898 1788 ἀντιλαϐέσθαι
958 1737 1117 1807 ήμῶν
1173 1737 1265 1791 διὰ
1319 1737 1430 1791 τῶν
1487 1740 1837 1810 προσευχῶν,

255 1827 610 1896 συμπάσχειν
645 1827 890 1896 δηλονότι
916 1828 1136 1882 εἰδότων
1167 1831 1311 1883 κατά
1339 1829 1438 1900 τὴν
1472 1831 1838 1901 ἀποστολικὴν

1445 425 1985 487 EPISTOLARUM
2040 427 2185 487 LIB.
2238 427 2322 486 II.

322 538 679 605 Χαρίτωνος,
734 537 832 592 καί
882 538 1004 603 τοῖς
1036 541 1138 596 ὑπ’
1169 539 1322 610 αὐτῇ
1365 542 1562 607 ὁσίοις
1583 559 1702 611 μου
1723 545 1842 595 Πα-
1870 544 1920 601 Α

3379 429 3516 494 1170

2014 541 2112 595 illa
2133 551 2252 596 sunt
2265 544 2464 597 sanctis
2479 541 2732 598 Patribus
2753 545 2903 610 meis,-
2927 543 3231 602 Theodorus
3249 551 3518 618 minimus,

2007 635 2274 705 presbyter
2303 645 2353 690 et
2385 638 2697 706 praepositus
2741 635 3102 693 Studitarum.

2006 817 2458 888 Quandoquidem
2500 827 2698 889 praeter
2737 836 2891 891 spem
2931 821 3152 878 occasio
3199 837 3258 878 se
3293 821 3391 874 dat
3429 820 3519 874 Iit-

1939 917 2198 975 terarum,
2250 920 2475 982 stupens
2506 914 2824 968 exclamabo
2873 933 2888 971 :
2934 915 3091 971 Unde
3135 915 3240 970 hoc
3271 914 3426 979 mihi,
3461 923 3522 967 ιιι

1935 1016 2061 1055 cum
2099 1002 2302 1056 nullius
2331 1004 2432 1058 sim
2462 1004 2644 1073 pretii,
2683 1005 2751 1059 ad
2797 1020 2917 1070 vos,
2960 1003 3150 1060 Patres
3189 1005 3292 1059 mei
3323 1003 3518 1065 sancti,

1938 1091 2147 1146 litteras
2186 1094 2526 1149 conscribam
2555 1094 2742 1152 ?Ecce
2781 1097 2926 1151 enim
2974 1097 3065 1151 ubi
3112 1112 3213 1150 nos
3251 1095 3524 1166 oppressit

1939 1185 2010 1237 ob
2043 1185 2249 1239 scelera
2291 1195 2479 1240 nostra
2511 1188 2706 1240 acerba
2743 1187 2862 1243 haec
2886 1188 2940 1240 in
2969 1187 3158 1256 primis
3187 1185 3520 1254 persecutio,

1937 1275 2096 1344 cujus
2122 1274 2266 1330 fama
2307 1276 2532 1331 omnino
2561 1277 2629 1332 ad
2661 1293 2761 1333 vos
2806 1293 2983 1348 usque
3014 1277 3281 1348 pervenit.
3316 1275 3517 1345 Explo-

1937 1369 2167 1438 raviego
2191 1368 2459 1433 misellus,
2477 1379 2532 1424 et
2557 1371 2740 1426 animo
2755 1371 3017 1434 volutavi,
3058 1369 3520 1442 quemadmodum

1937 1465 1992 1510 et
2025 1473 2120 1524 per
2146 1471 2305 1526 quem
2327 1458 2459 1513 mihi
2486 1457 2566 1516 ias
2595 1469 2739 1515 esset
2753 1475 2816 1516 ea
2848 1461 3032 1531 lugere
3054 1462 3216 1516 etiam
3235 1462 3376 1530 apud
3405 1474 3524 1526 vos,

1939 1545 2040 1599 viri
2062 1547 2260 1609 sancti,
2293 1563 2415 1617 quae
2461 1549 2619 1604 nobis
2655 1551 2934 1621 contigere
2985 1550 3304 1613 infortunia,
3349 1567 3526 1620 neque

1939 1635 2102 1690 aliam
2135 1638 2204 1690 ob
2231 1653 2474 1704 causam,
2503 1655 2667 1708 quam
2698 1651 2757 1694 ut
2789 1651 3038 1696 sanctum
3068 1649 3260 1711 pectus
3285 1652 3524 1695 vestrum

1937 1727 2005 1782 ad
2035 1729 2566 1786 commiserationem
2609 1739 3052 1801 provocaremus,
3071 1744 3128 1787 ut
3152 1751 3252 1787 nus
3277 1735 3526 1801 precibus

1939 1817 2316 1882 snblevaretis,
2351 1820 2444 1888 qui
2484 1821 2722 1890 compati
2748 1821 2995 1876 videlicet
3043 1824 3288 1892 apprime
3329 1825 3524 1889 nostis,

251 1918 629 1972 διδασκαλίαν.
654 1919 827 1988 Elin-.9
847 1919 1037 1988 ἐσμὲν
1064 1921 1120 1973 οί
1141 1919 1367 1984 πάντες
1386 1919 1557 1989 σῶμα
1580 1919 1839 1988 Χριστοῦ

1944 1911 2094 1980 iuxta
2117 1910 2358 1979 Apostoli
2376 1912 2835 1967 adhortationem.
2853 1913 3132 1984 Siquidem
3160 1930 3352 1970 omnes
3371 1915 3527 1970 Chri-

254 2009 362 2064 καὶ
384 2007 540 2078 μέλη
572 2009 642 2062 ἐκ
677 2006 923 2077 μέρους.
955 2008 1064 2062 Καὶ
1096 2007 1172 2072 ὡς
1209 2008 1312 2078 ήδη
1353 2009 1526 2062 ταῦτα
1571 2010 1838 2064 ἐνενόουνο

251 2101 461 2168 ἐπέστη
486 2098 694 2168 ἀθρόως
734 2099 828 2152 καί⁵
849 2100 878 2151 6
914 2097 1383 2169 γραμματοφόρος
1414 2099 1479 2151 ὲκ
1507 2097 1614 2152 τῶν
1650 2098 1840 2152 αὐτόθι

252 2193 445 2262 ἥκων·
496 2191 591 2242 καὶ
639 2181 795 2252 οὗτος
839 2189 953 2253 υίὸς
1000 2189 1133 2260 ὲμδς
1163 2190 1220 2242 ἐν
1252 2190 1546 2260 πνεύματι,
1575 2190 1670 2243 καὶ
1718 2189 1840 2242 λίαν

253 2281 601 2344 πιστότατος.
633 2277 758 2344 Πῶς
801 2274 894 2333 οῦν
926 2279 1029 2334 οὐκ
1056 2278 1282 2350 ἔμελλον
1311 2281 1341 2332 6
1377 2277 1696 2350 ἁμαρτωλὸς
1745 2279 1839 2331 ἑκ-

252 2371 535 2440 πλαγῆναι
561 2371 654 2422 ἐπὶ
685 2370 765 2440 τῷ
795 2372 1052 2441 έρμαίῳ;
1091 2371 1213 2434 Πῶς
1245 2370 1304 2425 δὲ
1343 2371 1442 2424 οὐκ
1474 2370 1842 2441 ἁνθομολογή-

255 2461 460 2515 σασθαι
497 2462 687 2532 Κυρίῳ
713 2459 793 2530 τῷ
831 2459 949 2530 Θεῷ
994 2477 1097 2530 μου
1141 2460 1209 2514 τὰ
1239 2460 1467 2524 είκότα;
1515 2459 1680 2512 ’Λλλά
1709 2462 1842 2530 πρὶν

254 2550 499 2616 ἐξειπεῖν
549 2553 620 2606 τὰ
672 2551 940 2622 ὢυνηρά,
1000 2551 1093 2604 τὸν
1142 2551 1280 2622 πρὸς
1334 2552 1480 2620 ὑμᾶς
1519 2569 1624 2622 μου
1677 2550 1841 2607 πόθον

254 2643 643 2714 ἀφοσιῶσομαι
685 2645 713 2696 6
744 2643 1020 2706 ταπεινός.
1068 2644 1325 2714 Χαίρετε,
1357 2637 1402 2697 ὦ
1435 2643 1841 2714 μακαριώτατοι

258 2733 506 2803 Πατέρες
532 2748 548 2763 ·
575 2733 627 2786 οί
668 2731 770 2803 τῆς
802 2733 966 2800 ἁγίας
993 2733 1096 2802 γῆς
1139 2734 1425 2805 οίκήτορες
1451 2752 1467 2768 ο
1514 2733 1576 2787 τὸ
1606 2733 1842 2804 χρυσοῦν

257 2826 422 2890 γένος
446 2839 460 2853 ⁸
509 2825 558 2877 οί
605 2823 704 2895 τὴν
735 2823 918 2876 πίστιν
949 2823 1332 2894 δοκιμώτατοι,
1359 2826 1455 2878 καὶ
1501 2824 1612 2878 τῶν
1651 2825 1842 2880 παθῶν

253 2915 584 2985 δαμάιορες·
617 2915 855 2984 χαίρετε,
873 2916 908 2986 ή
941 2915 1263 2986 περιϐόητος
1284 2917 1556 2987 ὁμήγυρις
1579 2915 1839 2988 Χριστοῦ·

255 3007 314 3057 oi.
348 3005 578 3076 ἐργάται
599 3004 708 3058 τῶν
735 3004 967 3059 ἐντολῶν
1003 3005 1209 3076 Κυρίου
1229 3023 1244 3038 ο
1288 3008 1378 3060 καὶ
1419 3007 1519 3078 τῆς
1549 3009 1608 3060 ὲν
1662 3024 1841 3080 παρα-

253 3097 426 3168 δείσῳ
446 3096 656 3167 διαίτης
685 3098 784 3166 τὴν
809 3097 1019 3168 θεοειδῆ
1036 3097 1181 3168 ζωήν
1213 3097 1539 3169 μιμούμενοι
1558 3114 1572 3130 ’
1594 3101 1842 3172 χαίρετε,

255 3191 296 3256 ὴ
333 3186 428 3239 τοῦ
475 3185 611 3240 Θεοῦ
667 3187 821 3251 πόλις
869 3187 1100 3256 ἑκλεκτή
1136 3205 1153 3221 ο
1188 3189 1348 3259 είπερ
1401 3191 1458 3242 ἐν
1493 3189 1646 3262 μέσῳ
1686 3191 1842 3261 ὑμῶν

255 3278 492 3349 Κύριος,
526 3278 616 3332 διὰ
642 3279 740 3348 τῆς
773 3278 883 3331 τῶν
919 3279 1140 3348 ἀγαθῶν
1173 3280 1352 3350 ἔργων
1401 3281 1723 3353 ἀναλήψεως
1755 3282 1843 3335 θε-

258 3369 658 3441 ραπευόμενος.
703 3369 1036 3439 Ἐϐουλόμην
1069 3371 1189 3440 ὕψει
1227 3371 1518 3425 ύπολαῦεἴν
1558 3373 1658 3443 τὴν
1692 3373 1842 3428 θείαν

259 3460 424 3528 ὑμῶν
451 3459 735 3532 περιοχὴν,
773 3460 870 3514 καὶ
901 3461 1288 3533 προσάψασθαι
1338 3463 1446 3516 τῶν
1482 3465 1645 3535 ἱερῶν
1687 3465 1843 3534 ὑμῶν

261 3552 454 3622 ίχνῶν’
477 3552 604 3605 ίδείν
632 3553 695 3605 τὸ
724 3552 880 3618 ἀγιον
910 3552 1135 3622 τέμενος
1156 3570 1173 3586 ο
1205 3555 1580 3626 προσκυνῆσαι
1607 3557 1668 3609 τὸ
1699 3557 1844 3610 θεῖον

257 3646 482 3713 ἔδαφοςο
512 3643 722 3698 ἕκαστα
755 3646 1192 3717 κατασκοπῆσαι,
1208 3646 1313 3699 ποῦ
1340 3649 1369 3700 6
1401 3647 1556 3716 ἀγιος
1584 3648 1677 3702 τοῦ
1706 3649 1843 3702 Θεοῦ

257 3741 289 3791 6
356 3721 694 3807 φερωνύμως
755 3737 1017 3807 Χαρίτων
1082 3737 1515 3808 πεπληρωμένος
1581 3739 1844 3809 ὲνήθ).ησε

261 3825 620 3898 μαρτυρικῶς
645 3843 706 3879 τε
737 3826 871 3897 ὁμοῦ
899 3828 994 3880 καὶ
1023 3828 1336 3898 ἀσκητικῶς
1362 3843 1379 3859 ο
1424 3829 1502 3898 πῆ
1531 3828 1587 3882 δὲ
1611 3829 1671 3884 τὸ
1700 3829 1846 3899 ἱερὸν

258 3919 432 3974 αὑτοῦ
489 3917 648 3989 σῶμα
694 3918 1087 3989 τεταμίευται·
1139 3923 1168 3974 6
1218 3921 1387 3986 ὅντως
1431 3922 1704 3992 θησαυρὸς
1738 3921 1845 3972 τῶν

257 4011 479 4086 ἀρετῶν
500 4027 517 4044 ⁸
547 4013 577 4066 6
607 4012 708 4082 τῆς
732 4013 941 4083 ἐρήμου
976 4013 1220 4085 πολίτης,
1255 4015 1350 4068 καὶ
1387 4015 1487 4086 τῆς
1520 4015 1844 4085 οἰκουμένης

259 4106 533 4175 λαμπτήρ
561 4122 575 4135 ·
627 4100 688 4159 οὗ
739 4104 800 4158 τὸ
846 4104 1063 4175 ἔντιμον
1108 4106 1330 4177 σπέρμα
1357 4108 1458 4160 οὐκ
1506 4107 1842 4168 ἐκλέλοιπεν,

257 4199 388 4252 οὐδὲ
430 4195 730 4265 ικλείψειεν
749 4196 855 4261 ἓως
882 4197 984 4265 τῆς
1013 4197 1322 4262 συντελείας
1350 4198 1450 4252 τοῦ
1478 4199 1692 4262 αἰῶνος.
1720 4197 1846 4252 Εἴθε

261 4285 412 4342 εἶδον
441 4288 635 4352 ταῦτα,
681 4289 776 4342 καὶ
816 4289 1268 4360 περιεπτυξάμην
1295 4291 1387 4356 τὸν
1416 4291 1546 4361 χοῦν
1575 4291 1651 4354 ῶς
1677 4291 1847 4360 ἔμψυ-

260 4383 393 4452 χονί
429 4378 637 4446 ὤφελον
683 4381 778 4433 καὶ
829 4381 1084 4452 ἀπήχθην
1117 4382 1177 4434 ὲν
1222 4385 1343 4450 ταῖς
1384 4383 1599 4446 λοιπαῖς
1651 4383 1846 4454 θήκαις

259 4473 377 4525 τῶν
426 4473 612 4536 ὁσίων,
645 4472 936 4544 ἀπἀύτῆς
997 4460 1167 4544 μόνης
1221 4474 1398 4544 ὂψεως
1445 4476 1844 4546 ἀγιαξόμενοςῐ

274 4565 422 4620 Ἀλλ’
452 4565 573 4618 ἐπεὶ
604 4562 776 4618 ταῦτα
803 4565 862 4631 ἐξ
898 4564 1081 4634 ὀλίγου
1113 4583 1204 4636 μοι
1247 4566 1482 4637 ὕμνηται
1509 4606 1525 4631 ,
1583 4566 1716 4636 φέρε
1765 4570 1846 4620 δι-

263 4659 566 4727 ηγήσωμαι
581 4657 676 4710 καὶ
699 4656 769 4709 τὰ
803 4657 996 4726 ὀδύνης
1016 4657 1248 4728 ἔμπλεα·
1283 4657 1534 4726 Ἀνέστη
1554 4659 1856 4725 βασιλεὺς

262 4749 491 4817 ἕτερος,
518 4748 653 4820 φησί
675 4765 779 4802 που
809 4748 872 4802 τὸ
903 4748 1048 4813 ἱερὸν
1069 4749 1330 4822 Γράμμα,
1358 4750 1426 4816 ὃς
1450 4745 1562 4804 οὐκ
1588 4750 1719 4821 ᾔδει
1751 4751 1856 4804 τὸν

277 4836 530 4907 Ἰωσήφ.

340 5019 599 5084 Τοιοῦτος
631 5020 697 5091 δὴ
725 5020 820 5074 οῦν
843 5021 874 5074 6
914 5019 1183 5090 ἡμέτερος
1206 5019 1428 5090 Φαραὼ,
1458 5015 1504 5073 ὦ
1537 5018 1851 5088 ἁγιώτατοιο

264 5115 330 5167 ού
371 5112 465 5165 τὸν
501 5111 699 5181 Ἰωσήφ
728 5111 963 5180 ἀγνοῶν,
1003 5111 1140 5166 ἀλλά
1169 5112 1263 5166 τδν
1303 5112 1652 5182 ἀγοράσαντα
1695 5109 1856 5162 αὑτὸν

267 5201 552 5271 Δεσπότην
581 5201 940 5273 ἀρνούμενος.
971 5202 1144 5272 Δῆλον
1168 5203 1278 5272 γὰρ
1299 5203 1374 5266 ὡς
1405 5203 1435 5254 6
1460 5201 1669 5255 ἀθετῶν
1689 5199 1854 5254 αὑτοῦ

265 5298 366 5366 τὴν
395 5295 604 5358 είκὸνα,
645 5294 810 5348 αὑτὸν
859 5295 1060 5348 ἀθετεῖ.
1104 5293 1263 5348 Οῦτω
1315 5294 1407 5347 καὶ
1447 5293 1546 5364 τὴν
1573 5292 1854 5358 Θεοτόκον,

269 5388 362 5439 καὶ
393 5386 572 5438 πάντα
603 5386 762 5453 ἀγιον
793 5384 1081 5455 ἠθέτησεν.
1111 5386 1188 5438 οὐ
1243 5387 1352 5454 γὰρ
1385 5385 1548 5456 ἔφερε
1580 5385 1742 5454 φύσις
1775 5385 1852 5438 ὢν

265 5476 563 5546 ἀρνητική,
595 5475 672 5547 μή
711 5475 834 5546 ούχὶ
861 5479 927 5545 τῇ
957 5475 1167 5545 κεφαλῇ
1224 5477 1609 5547 συμπεριελεῐν
1641 5477 1737 5530 καὶ
1783 5476 1854 5528 τὰ

271 5568 407 5638 μέλη
443 5568 622 5620 πάντα
641 5582 658 5600 ⁶
710 5568 800 5621 ἵνα
847 5568 984 5638 μόνη
1014 5570 1047 5637 ή
1077 5565 1241 5620 είκὼν
1268 5568 1432 5621 αὐτοῦ
1462 5567 1851 5639 ὲμφανίζηται,

268 5659 856 5731 Ναϐουχοδονοσορικῷ
912 5659 1167 5728 δόγματι.
1243 5659 1524 5713 Ἐντεῦθεν
1575 5663 1853 5732 ἐρήμωσις

273 5749 462 5801 πασῶν
506 5749 612 5802 τῶν
680 5749 1021 5818 Ἑκκλησιῶν
1079 5748 1175 5801 τοῦ
1230 5749 1401 5816 Θεοῦ,
1453 5751 1852 5824 ἀφανιζομένης

341 5861 364 5892 ⁸
397 5859 419 5916 l
443 5861 571 5918 Cor.
600 5877 699 5934 xu,
725 5862 779 5917 2.
855 5863 876 5896 ⁹
901 5861 1069 5920 Exod.
1093 5876 1130 5926 ι,
1161 5861 1216 5915 8.

1944 2005 2019 2058 sti
2049 2020 2238 2072 corpus
2271 2020 2473 2070 sumus,
2498 2015 2548 2058 et
2581 2005 2812 2059 membra
2835 2022 2900 2059 ex
2935 2015 3085 2076 parte
3105 2006 3148 2058 ⁸.
3175 2004 3383 2060 Etcum
3415 2007 3529 2061 lucc

1936 2093 2049 2163 jam
2067 2093 2183 2162 ipse
2201 2109 2412 2149 mecum
2439 2104 2774 2164 reputarem,
2787 2097 2960 2152 astitit
2973 2105 3194 2168 repente
3212 2096 3528 2153 tabellarius

1941 2201 2006 2240 ex
2041 2186 2150 2240 illis
2189 2187 2505 2258 regionibus
2547 2202 2846 2256 reversus;
2887 2198 2942 2244 et
2988 2189 3077 2244 ille
3110 2191 3329 2260 quidem
3381 2190 3526 2245 lilius

1941 2293 2098 2332 meus
2129 2278 2184 2332 iu
2208 2279 2423 2348 spiritu,
2453 2279 2708 2350 idemque
2748 2281 3100 2352 integerrima
3126 2282 3248 2337 ﬁde.
3279 2282 3523 2349 Quuluo-

1941 2369 2013 2422 do
2048 2368 2214 2439 igitur
2251 2385 2359 2423 non
2396 2385 2483 2424 me
2531 2381 2872 2440 peceatorcm
2919 2373 3163 2442 Oportuit
3188 2381 3298 2427 tam
3339 2374 3525 2443 inspe-

1943 2468 2061 2513 rato
2085 2460 2238 2514 lucro
2277 2460 2665 2532 obstupescere
2692 2462 2718 2516 ?
2762 2461 3051 2528 Quomodo
3089 2479 3195 2518 non
3221 2463 3403 2517 decuit
3437 2463 3526 2534 ju-

1939 2550 2212 2605 stissimas
2253 2566 2414 2622 agere
2459 2553 2663 2621 gratias
2724 2553 2957 2608 Domino
3019 2568 3142 2608 meo
3201 2552 3314 2608 Deo
3352 2555 3376 2607 ?
3420 2555 3524 2609 Sed

1941 2639 2266 2710 priusquam
2288 2657 2352 2696 ea
2375 2658 2499 2711 qua:
2545 2651 2674 2698 sunt
2697 2643 2860 2714 digna
2901 2644 3052 2699 luctu
3077 2645 3326 2715 eloquar,
3352 2647 3528 2700 obiter

1942 2741 2124 2778 meum
2183 2741 2308 2797 erga
2371 2743 2467 2783 vos
2529 2729 2862 2786 desiderium
2919 2732 3174 2802 indignus
3234 2749 3525 2802 exponam.

1944 2813 2211 2882 Gaudete,
2271 2815 2461 2873 Patres
2506 2818 2830 2887 felicissimi,
2874 2831 3035 2878 terrae.
3082 2834 3285 2879 sanctae
3316 2825 3526 2889 incolae,

1942 2923 2114 2978 genus
2135 2925 2386 2975 aureum,
2417 2909 2522 2965 ﬁde
2545 2927 2710 2982 supra
2739 2923 2966 2970 caeteros
3005 2915 3240 2985 probati,
3265 2916 3526 2971 vitiorum

1941 3002 2288 3058 domitores:
2343 3001 2594 3072 gaudete,
2658 3004 2990 3074 percelebris
3039 3004 3244 3060 Christi
3319 3016 3520 3073 emtus,

1943 3089 2236 3147 eﬂ‘ectores
2279 3091 2663 3147 mandatorum
2696 3092 2814 3161 Dei,
2849 3109 2913 3150 ac
2937 3094 3122 3150 divina
3155 3097 3369 3151 vivendi
3405 3113 3528 3152 nor-

1944 3199 2032 3238 ma
2073 3184 2374 3241 imitatores
2410 3187 2530 3257 ejus
2564 3186 2689 3242 vitae
2726 3203 2848 3257 quae
2877 3187 2932 3241 in
2956 3189 3225 3259 ,paradiso
3250 3190 3466 3259 degitur
3507 3208 3522 3246 :

1941 3275 2198 3342 gaudete,
2243 3276 2412 3331 electa
2447 3275 2556 3330 Dei'
2587 3276 2805 3344 civitas,
2850 3277 3118 3348 siquidem
3143 3287 3229 3333 est
3259 3279 3312 3332 in
3346 3280 3526 3333 medio

1943 3377 2086 3420 coetu
2141 3375 2325 3420 vestro
2389 3366 2674 3432 Dominus,
2744 3383 2907 3438 quem
2973 3368 3240 3423 bonorum
3298 3386 3524 3440 operum

1943 3454 2332 3508 exercitatione
2391 3456 2591 3510 colitis.
2633 3455 2839 3512 Vellera
2880 3457 3067 3527 utique
3115 3459 3361 3514 divinum
3392 3460 3524 3513 illud

1944 3557 2186 3601 vestrum
2212 3556 2423 3617 septum
2457 3549 2632 3605 oculis
2665 3565 2953 3620 usurpare,
2985 3565 3142 3605 sacra
3171 3562 3352 3605 vestra
3385 3567 3523 3606 cun-

1943 3639 2152 3710 tingere
2209 3641 2458 3710 vestigia,
2503 3653 2748 3696 sanctam
2794 3642 2994 3697 intueri
3036 3644 3227 3708 aedem,
3272 3643 3520 3698 divinum

1943 3732 2121 3785 solum
2164 3732 2425 3796 osculari,
2470 3733 2682 3802 singula
2705 3730 2939 3789 lustrare
2966 3735 3245 3798 attentius,
3294 3735 3384 3788 ubi
3416 3733 3526 3789 Deo

1943 3821 2159 3890 plenus,
2183 3837 2246 3875 ac
2267 3838 2368 3876 suo
2402 3824 2737 3892 respondens
2767 3827 2972 3879 nomini
2997 3835 3218 3879 sanctus
3258 3823 3349 3879 Dei
3377 3825 3523 3879 Cha-

1944 3912 2072 3976 rito,
2115 3921 2228 3966 tum
2291 3915 2535 3983 martyrii
2589 3924 2702 3969 tum
2761 3917 2883 3970 vita:
2925 3917 3239 3972 monaSIica:
3291 3916 3524 3985 palmam

1945 4003 2070 4057 tulit
2108 4021 2121 4057 :
2171 4005 2262 4059 ubi
2291 4021 2506 4059 sacrum
2539 4006 2682 4061 illius
2721 4023 2922 4077 corpus
2975 4007 3313 4062 reconditum
3351 4024 3364 4060 :
3401 4021 3528 4060 vere

1946 4094 2238 4151 thesaurus
2291 4098 2576 4160 virtutum,
2621 4100 2791 4152 eremi
2845 4099 3002 4163 civis,
3056 4099 3204 4152 orbis
3255 4108 3523 4151 terrarum

1946 4185 2212 4241 lucerna:
2263 4188 2422 4257 cujus
2464 4188 2761 4257 pretiosum
2795 4204 2982 4244 semen
3030 4205 3137 4243 non
3167 4189 3387 4253 defecit,
3425 4205 3526 4244 nec

1946 4295 2079 4335 vero
2136 4279 2349 4335 deﬁciet
2401 4295 2575 4350 usque
2635 4281 2688 4334 in
2739 4282 3273 4336 consummationem
3316 4281 3519 4335 saeculi.

1950 4371 2168 4427 Utinam
2223 4373 2338 4427 haec
2361 4373 2534 4428 oculis
2581 4388 2885 4437 cernerem,
2939 4373 3327 4444 pulveremque
3369 4387 3524 4426 cum-

1950 4463 2215 4532 pleclerer
2247 4463 2412 4517 veluti
2441 4463 2740 4532 spirantem
2773 4464 2787 4517 !
2835 4461 3054 4517 Utinam
3091 4473 3148 4515 et
3170 4460 3528 4530 progrederer

1954 4556 2019 4606 ad
2079 4553 2321 4624 reliquos
2377 4563 2691 4608 sanctorum
2723 4553 2950 4617 loculos,
3001 4551 3086 4606 vel
3149 4551 3270 4605 solo
3324 4550 3524 4603 intuitu

1954 4646 2245 4715 expiatus!
2277 4645 2347 4700 At
2379 4656 2666 4716 postquam
2698 4646 2809 4701 [nec
2825 4645 3056 4700 strictim
3079 4641 3525 4701 commemoravi,

1952 4737 2128 4792 dicam
2169 4753 2332 4807 porro
2375 4747 2430 4790 et
2474 4754 2596 4808 quae
2636 4747 2765 4792 sunt
2810 4737 2966 4806 plena
3011 4738 3234 4791 luctus:
3283 4733 3528 4788 Surrexit

1955 4844 2048 4882 rex
2075 4845 2257 4893 novus,
2285 4829 2484 4884 alicubi
2520 4829 2762 4884 referunt
2798 4843 2970 4884 sacra:
3004 4828 3232 4896 pagina,
3261 4826 3352 4896 qui
3381 4826 3529 4895 igne.

1954 4921 2105 4974 rabat
2127 4921 2322 4990 Ioseph
2344 4925 2388 4976 ’.

2024 5012 2173 5068 Talis
2219 5012 2470 5081 profecto
2510 5011 2728 5067 Pharao
2766 5021 2956 5067 noster
2995 5020 3104 5074 est,
3139 5008 3244 5063 viri
3291 5007 3529 5062 sanctis-

1952 5104 2104 5166 simi,
2133 5119 2243 5156 non
2277 5104 2372 5173 qui
2403 5102 2603 5173 Joseph
2651 5103 2885 5169 nesciat,
2926 5103 3022 5158 sed
3053 5101 3148 5171 qui
3177 5116 3328 5163 eum,
3360 5113 3529 5167 aquo

1953 5199 2270 5266 redemptus
2326 5205 2444 5263 est,
2502 5196 2798 5251 Dominum
2844 5196 3027 5266 ipsum
3085 5202 3266 5264 neget.
3314 5192 3530 5260 Quippe

1952 5290 2309 5345 manifestum
2338 5299 2442 5354 est,
2483 5289 2580 5359 qui
2614 5289 2790 5359 ipsius
2835 5288 3132 5359 imaginem
3175 5296 3526 5355 aspernatur,

1953 5383 2136 5453 ipsum
2189 5383 2497 5453 aspernari.
2549 5381 2642 5438 Sic
2692 5382 2784 5436 ille
2831 5391 2886 5437 et
2935 5383 2988 5435 in
3033 5380 3323 5450 Deiparam
3373 5386 3428 5430 et
3471 5377 3526 5428 iu

1962 5483 2216 5528 sanctum
2273 5473 2574 5542 quemlibet
2644 5473 2882 5542 injurius
2946 5470 3069 5524 fuit.
3132 5467 3322 5538 Neque
3375 5466 3524 5519 enim

1958 5567 2102 5620 ferre
2126 5566 2305 5634 putuit
2336 5575 2530 5618 natura
2555 5563 2621 5618 ad
2661 5562 2970 5635 negandum
3000 5551 3280 5628 preclivis,
3310 5555 3529 5624 quomi-

1957 5675 2062 5713 nus
2099 5675 2206 5714 una
2247 5674 2369 5713 cum
2406 5660 2580 5728 capite
2611 5659 2866 5711 universa
2901 5669 3123 5726 quoque
3155 5650 3398 5705 membra
3427 5664 3527 5701 au-

1958 5750 2124 5806 ferret
2153 5767 2165 5804 :
2194 5761 2253 5806 ut
2284 5753 2398 5808 sola
2441 5749 2512 5806 sit
2548 5750 2723 5820 ipsius
2753 5750 2933 5820 imago
2978 5747 3302 5816 conspicua,
3337 5739 3528 5799 Nabu-
