4054 6364
514 369 648 440 1171

1709 369 1774 430 s.
1816 337 2212 428 THEODORI
2244 345 2628 427 STUDITE’

3657 360 3796 429 1172

511 481 954 539 chodonosorico
982 473 1186 538 edicto.
1233 479 1374 537 Hinc
1415 480 1660 536 omnium
1696 477 1789 533 Dei
1825 477 2098 533 Ecclesia-

2205 475 2484 546 πανταχοῦ
2509 475 2689 544 πάσης
2714 473 2917 546 σεπτῆς
2947 471 3178 537 εἰκόνος.
3197 471 3481 528 Ἐντεῦθεν
3513 471 3792 546 ἐμπρησις

511 591 636 630 rum
702 575 1008 639 desolatio,
1073 575 1287 644 ubique
1338 573 1554 630 sublata
1618 587 1650 626 e
1706 571 1889 626 medio
1941 570 2096 623 omni

513 667 828 722 veneranda
881 666 1142 738 imagine.
1198 663 1338 722 llinc
1394 676 1682 720 sacrorum
1733 661 2097 716 donariorum

511 761 753 824 (ξιιιειὶο,
789 759 844 813 in
882 759 1086 830 quibus
1127 758 1344 828 imago;
1398 767 1463 811 ac
1495 753 1866 820 voluminum,
1902 755 1956 808 iu
1981 753 2102 823 qui-

514 855 618 910 bus
654 853 837 922 aliqua
866 851 1123 922 imaginis
1150 850 1380 907 mentio.
1423 849 1563 905 Hinc
1593 849 1770 920 plenae
1800 847 2099 918 impietatis

513 945 948 1014 subscriptiones
977 944 1275 1014 exiguntur
1305 961 1319 996 :
1352 951 1405 997 et
1440 942 1722 1013 sacrilegae
1751 940 2099 996 communio-

514 1037 602 1092 nis
622 1036 974 1107 participatio
1014 1033 1165 1090 facta
1193 1034 1444 1106 diligenti
1491 1049 1556 1090 ac
1587 1032 1825 1089 sollicita
1866 1026 2100 1102 inquisi-

515 1132 688 1193 tione,
740 1143 807 1183 ne
839 1127 966 1197 quis
1006 1127 1326 1182 mortalium
1376 1141 1486 1181 non
1521 1126 1774 1182 devictus
1825 1139 1886 1181 se
1927 1123 2100 1180 ruinae

512 1219 824 1277 subtrahat.
855 1217 898 1272 Ε
930 1219 1152 1276 duobus
1177 1220 1324 1276 enim
1353 1220 1682 1276 alterutrum
1721 1217 2097 1274 necessarium

512 1314 600 1367 est
629 1323 644 1360 :
672 1316 766 1362 aut
798 1306 1029 1363 colenda
1065 1309 1246 1380 imago
1290 1317 1608 1375 aurea,'aut
1648 1307 1852 1364 acerba
1881 1307 2101 1362 crucia-

513 1409 669 1453 tuum
713 1401 932 1456 ﬂamma
973 1400 1322 1472 perferenda.
1366 1401 1447 1458 Ac
1496 1401 1858 1459 nihilominus
1908 1415 2103 1456 nume-

514 1508 638 1548 rare
687 1493 740 1547 in
799 1504 1058 1564 promptu
1113 1503 1197 1550 est
1243 1510 1340 1551 eos
1380 1495 1477 1565 qui
1528 1496 1820 1566 perstitere
1861 1494 2098 1550 immoti.

512 1585 754 1648 Quinam
781 1585 860 1639 illi
897 1587 1108 1656 porro?
1139 1585 1308 1642 Sacer
1332 1587 1522 1657 utique
1543 1588 1860 1658 patriarcha
1888 1597 2098 1652 noster,

512 1678 759 1748 episcopi
792 1689 848 1733 et
879 1679 1221 1744 sacerdotes,
1275 1679 1535 1734 monachi
1563 1688 1618 1736 et
1649 1679 1952 1734 monachae.
1996 1679 2102 1733 Ne-

513 1785 621 1837 que
647 1770 794 1825 enim
829 1770 1183 1825 meretricius
1214 1771 1415 1825 oculus
1449 1770 1657 1824 veritus
1691 1778 1776 1831 est
1802 1769 1886 1842 vel
1913 1771 1966 1822 in
1999 1768 2110 1840 hos_

514 1877 692 1932 usque
721 1861 938 1934 ﬂagella
991 1862 1307 1917 immittere.
1358 1859 1482 1927 Quo
1525 1861 1672 1916 enim
1705 1868 1868 1927 pacto
1907 1860 2087 1928 palam

436 1969 441 1974 '
513 1969 785 2023 exponam
828 1955 1174 2021 vexationes,
1217 1969 1492 2018 carceres,
1540 1953 1781 2020 vincula,
1829 1950 2094 2013 inediam,

511 2047 729 2110 exsilia.
772 2047 976 2102 damna
1011 2048 1183 2114 illata,
1227 2047 1430 2104 neces?
1460 2045 1525 2101 Et
1551 2047 1666 2102 haec
1693 2047 1878 2101 omnia
1906 2061 2100 2102 sumus

513 2139 723 2208 experti
761 2128 776 2194 Ξ
807 2139 862 2193 in
899 2140 1183 2195 montibus
1212 2138 1393 2210 fugas,
1439 2138 1847 2192 occultationes
1889 2137 1943 2190 in
1973 2150 2100 2206 spe-

511 2231 694 2286 luncis
747 2225 802 2287 et
856 2231 1111 2288 cavernis
1165 2241 1343 2288 terrae.
1383 2232 1590 2288 Abdias
1631 2231 1919 2301 pr0pheta,
1971 2245 2096 2283 cum

509 2331 661 2382 esset
695 2325 876 2380 adhuc
909 2340 941 2381 e
979 2325 1211 2381 ducibus
1239 2326 1456 2391 Achab,
1510 2341 1635 2381 cum
1663 2323 1882 2380 Jezabel
1918 2325 2098 2379 caedes

510 2426 779 2488 patraret,
819 2417 1023 2474 dicitur
1060 2419 1204 2474 ﬁlios
1235 2418 1630 2489 prophetarum
1673 2418 2098 2488 quinquagenos

511 2509 569 2564 in
615 2508 832 2564 duabus
877 2511 1160 2579 speluncis
1206 2511 1544 2572 occultasse.
1573 2523 1713 2580 quos
1751 2517 1807 2564 et
1851 2509 2002 2579 pavit
2030 2509 2096 2562 ’°.

586 2599 686 2653 Hic
718 2615 850 2656 vero
886 2600 932 2656 si
963 2602 1090 2670 quis
1115 2601 1561 2671 deprehendatur
1587 2601 1672 2656 vel
1719 2616 1889 2656 unum
1934 2599 2099 2653 modo

511 2693 851 2763 occuluisse,
891 2695 948 2749 in
996 2710 1262 2766 magnum
1292 2693 1381 2748 ille
1419 2694 1717 2749 discrimen
1758 2693 1954 2748 venit:
1987 2691 2100 2746 imo

511 2787 560 2841 si
591 2786 678 2842 vel
718 2787 860 2842 clam
899 2787 1126 2856 impiam
1160 2769 1614 2842 Communionem
1666 2784 1962 2855 refugisse,
2004 2792 2100 2838 aut

511 2894 680 2949 penes
704 2894 765 2934 se
803 2893 1060 2935 servasse
1091 2879 1420 2948 imaginem,
1453 2886 1547 2934 aut
1577 2879 1832 2934 volumen
1872 2879 2096 2949 aliquod

510 2975 570 3029 in
599 2988 712 3044 quo
753 2973 885 3043 quid
927 2973 1139 3029 inesset
1187 2973 1310 3043 ejus
1360 2973 1694 3045 argumenti.
1740 2972 1916 3029 Silent
1949 2973 2096 3029 domi

513 3081 612 3122 ora
637 3065 891 3134 piarunt;
935 3063 1147 3120 nefaria
1189 3065 1378 3137 lingua
1409 3066 1676 3129 solvitur,
1714 3082 1974 3138 magnum
2024 3067 2099 3120 in-

2127 1821 2174 1880 B

2202 567 2366 638 ἱερῶν
2405 567 2792 638 ἀναθημάτων,
2829 568 2887 619 ὲν
2915 559 2999 630 οἷς
3027 565 3212 620 εἰκῶν⁸
3245 565 3342 620 καὶ
3371 564 3595 636 βίϐλων,
3627 567 3689 620 ἑν
3707 562 3793 632 αἶς

2199 660 2330 730 περὶ
2374 658 2548 728 αὐτῆς
2578 675 2631 711 τι
2678 656 2890 712 λεκτὸν.
2931 656 3215 711 Ἐντεῦθεν
3266 656 3336 710 τὰ
3384 657 3485 728 τῆς
3536 657 3794 721 ἀσεϐείας

2200 747 2544 819 χειρόγραφα
2592 747 2978 818 ἀπαιτούμενα
3000 762 3014 777 ⁸
3046 747 3199 818 καὶὴ
3235 745 3458 820 μέθεξις
3495 748 3600 818 τῆς
3625 746 3794 801 ἀθέευ

2199 839 2486 902 κοινωνίας
2513 838 2603 893 διὰ
2659 837 2860 908 πολλῆς
2914 838 3263 909 ὲκζητήσεως
3299 841 3394 893 καὶ
3423 839 3690 910 ἐρεύνης·
3719 839 3794 902 ὡς

2204 932 2279 1003 μὴ
2319 931 2714 1002 ὑπολειφθῆναι
2765 932 3042 986 ἀνάλωτον
3070 932 3250 986 πάντα
3280 931 3594 1004 ἄνθρωπον.
3635 934 3795 986 Δυοῖν

2199 1023 2308 1090 γάρ
2365 1022 2594 1093 θάτερον
2620 1023 2836 1093 ἀνάγκη
2859 1039 2874 1052 ·
2902 1022 2948 1094 ἢ
2986 1025 3370 1096 προσκυνῆσαι
3417 1028 3482 1096 τῇ
3521 1025 3694 1079 εἰκόνι
3723 1031 3792 1100 τῇ

2199 1115 2398 1184 χρυσῇ,
2430 1113 2462 1184 ἦ
2499 1117 2564 1186 τῇ
2603 1115 2818 1186 πονηρᾷ
2850 1114 3010 1184 φλογὶ
3051 1115 3163 1170 τῶν
3192 1116 3444 1186 βασάνων
3472 1117 3795 1189 ὑποϐληθῆ-

2202 1222 2314 1260 ναι.
2379 1206 2690 1283 κα-ῖ--ρμως
2745 1206 3105 1280 εὐαρίθμητοι
3165 1209 3217 1260 οῖ
3276 1210 3579 1283 ἀκαμπεῖς.
3635 1195 3876 1275 Τίνες)¹

2201 1280 2484 1363 οὗτοιῖνῆ
2527 1280 3562 1372 2agcxbjtTuTEﬁﬁFIﬁm/ispdpxat
3603 1317 3667 1354 τε
3698 1302 3795 1356 καὶ

2205 1388 2390 1459 ἱερεῖς,
2427 1388 2692 1458 μονασταὶ
2739 1389 2834 1442 καὶ
2861 1388 3210 1458 μονάζουσαι.
3243 1390 3378 1444 osse
3403 1390 3513 1461 γὰρ
3542 1393 3576 1462 ὴ
3617 1392 3792 1464 πόρνη

2204 1477 2269 1550 [Γ.
2302 1478 2534 1551 πόρνης]
2561 1477 2704 1548 ὄψις,
2745 1477 2946 1551 ᾐδέσθη
2985 1481 3082 1532 καὶ
3111 1480 3276 1551 μέχρι
3314 1479 3520 1535 τούτων
3543 1481 3646 1545 τάς
3689 1484 3796 1553 μά-

2206 1589 2398 1640 στιγας
2423 1574 2733 1642 ἐπαφεῖναι.
2765 1571 2888 1635 Πῶς
2918 1571 3028 1642 γὰρ
3081 1573 3148 1626 ἂν
3201 1574 3450 1644 ἐναργῶς
3500 1576 3794 1646 παραστή-

2206 1680 2363 1733 σαιμι
2413 1663 2511 1727 τὰς
2558 1663 2766 1734 θλίψεις
2787 1705 2802 1732 ,
2827 1663 2926 1728 τὰς
2957 1666 3227 1734 φυλακὰς,
3252 1667 3380 1731 τοὺς
3405 1666 3670 1738 δεσμοὺς,
3694 1668 3795 1728 τὰς

2204 1756 2641 1838 λιμοκτονήσεις,
2696 1757 2798 1822 τὰς
2853 1759 3090 1830 ἐξορίας,
3128 1760 3229 1823 τὰς
3280 1761 3610 1828 ἀπαγωγὰς,
3665 1763 3799 1826 τοὺς

2202 1851 2502 1919 θανάτου;;
2550 1852 2703 1906 Ἐπεὶ
2758 1853 2856 1908 κα)⁸
2905 1852 3070 1925 μέχρι
3123 1853 3279 1909 τοῦδε
3315 1856 3349 1926 ἠ
3388 1857 3578 1926 πεῖρα,
3608 1856 3710 1918 τὰς
3736 1857 3800 1909 ἐν

2201 1944 2355 2015 ὄρεσι
2387 1945 2702 2014 φυγαδείας,
2722 1944 2821 2009 τὰς
2843 1947 2902 2000 ἐν
2932 1944 3222 2016 σπηλαίοις
3253 1947 3349 2000 καὶ
3371 1948 3534 2010 ὀπαῖς
3565 1947 3666 2017 τῆς
3687 1947 3800 2017 γῆς

2201 2038 2596 2109 κατακρύψεις.
2639 2038 2850 2094 Ἀϐδιοὺ
2876 2041 2905 2093 ὁ
2931 2042 3241 2112 προφήτης,
3272 2039 3353 2093 ἔτι
3384 2039 3462 2094 ῶν
3493 2041 3799 2113 τριστάτης

2215 2131 2443 2201 Ἀχαάϐ,
2475 2131 2573 2202 τῆς
2621 2130 2856 2196 Ἰεζάϐελ
2887 2131 3160 2203 φονώσηςο
3192 2132 3408 2202 λέγεται
3435 2133 3796 2204 κατακρύψαι

2205 2227 2356 2289 υἱοὺς
2375 2226 2484 2280 τῶν
2505 2226 2804 2298 προφητῶν
2821 2225 2925 2281 ἀνά
2944 2227 3284 2298 πεντήκοντα
3309 2227 3392 2292 είς
3411 2227 3504 2282 δύο
3528 2228 3797 2299 σπήλαια,

2202 2318 2297 2381 οὒς
2321 2319 2416 2372 καὶ
2438 2319 2742 2389 διέτρεφεν.

2286 2596 2552 2652 Ἐνταῦθα
2576 2598 2632 2652 δὲ
2653 2599 2702 2652 εί
2732 2601 3012 2674 φωραθείη
3042 2619 3125 2667 τις
3152 2603 3248 2656 καὶ
3278 2603 3440 2674 μόνον
3463 2603 3561 2659 ἕνα
3586 2623 3794 2677 κεκρυ-

2203 2684 2318 2756 φὼς
2343 2727 2357 2752 ,
2403 2688 2462 2739 ὲν
2503 2688 2735 2759 κινδύνῳ
2767 2690 2986 2761 μεγάλῳ
3011 2706 3025 2720 ο
3067 2691 3202 2744 ἀλλὰ
3234 2691 3344 2764 γὰρ
3385 2692 3490 2745 κᾶν
3532 2693 3796 2764 κρύϐδην,

2203 2777 2422 2846 φεύγων
2467 2779 2565 2850 τὴν
2615 2781 2789 2852 ἀσεϐῆ
2815 2783 3120 2849 κοινωνίαν,
3161 2782 3194 2853 ἢ
3223 2783 3408 2836 είκόνα
3443 2785 3722 2855 φρουρῶν,
3757 2785 3794 2854 ἢ

2206 2871 2391 2942 βίϐλον
2445 2873 2806 2943 περιέχουσαν
2858 2875 2928 2928 τὰ
2986 2876 3108 2927 κατ’
3137 2875 3332 2945 αὑτήν.
3370 2875 3510 2946 Σιγᾷ
3563 2877 3631 2930 τὰ
3684 2876 3797 2930 τῶν

2203 2963 2572 3020 εὐσεϐούντων
2635 2965 2783 3019 ἔνδον
2843 2967 3086 3038 στόματα
3118 2985 3134 2999 ·
3190 2970 3400 3023 ἀνεῖται
3469 2968 3796 3040 βλάσφημος

2202 3057 2464 3128 γλῶσσα·
2524 3057 2866 3129 κωμῳδεῖται
2911 3058 2971 3112 τὸ
3019 3059 3162 3130 μέγα
3205 3061 3306 3130 τῆς
3343 3061 3660 3131 οἰκονομίας
3695 3081 3797 3132 μυ-

513 3159 858 3216 caruationis
877 3159 1200 3230 mysterium
1232 3160 1286 3212 in
1316 3167 1694 3228 contemptum
1721 3159 1890 3213 venit.
1919 3156 2093 3224 Nunc,

2205 3153 2448 3223 στήριον.
2481 3152 2658 3222 Ἀρτι,
2690 3153 2826 3222 φησὶ
2852 3193 2867 3218 ,
2915 3154 3134 3222 Κύριος
3185 3154 3496 3223 ἐλάλησεν
3543 3156 3797 3225 εἰρήνην

513 3253 694 3324 inquit
729 3271 743 3308 :
775 3253 1034 3307 Dominus
1067 3252 1274 3328 locutus
1304 3262 1384 3306 est
1405 3269 1584 3321 pacem
1611 3253 1666 3307 in
1691 3253 1890 3323 plebem
1923 3271 2096 3318 suam,

510 3353 566 3400 ιι
597 3358 756 3414 super
779 3353 990 3397 sanctos
1017 3359 1168 3408 suos,
1191 3352 1241 3398 et
1273 3344 1328 3398 in
1345 3360 1432 3398 eos
1455 3347 1544 3416 qui
1576 3355 1879 3400 convertunt
1907 3363 1998 3400 cor
2029 3346 2100 3400 ad

512 3437 686 3501 ipsum
715 3432 754 3464 ¹¹
791 3432 929 3502 :qui
973 3432 1136 3488 initio
1168 3434 1409 3504 propriis
1453 3435 1741 3505 discipulis
1774 3436 1912 3491 dixit
1947 3455 1960 3491 :
1993 3436 2102 3490 Pa-

512 3539 626 3578 cem
649 3523 886 3594 relinquo
918 3525 1084 3591 vobis,
1129 3541 1315 3595 pacem
1353 3543 1524 3581 meam
1561 3529 1628 3579 do
1659 3528 1804 3582 vobis
1828 3529 1892 3581 ¹².
1921 3528 2098 3593 Nunc,

513 3613 798 3684 inquiunt,
829 3614 1047 3670 sublata
1079 3629 1110 3670 e
1158 3616 1343 3672 medio
1387 3617 1533 3670 idola
1565 3617 1800 3672 ethnica:
1831 3618 2098 3685 supersti-

517 3704 708 3768 tionis,
755 3721 880 3776 qum
931 3705 1176 3762 Deorum
1223 3708 1644 3764 multitudinem
1705 3709 1908 3765 astruit
1944 3727 1958 3764 :
1989 3710 2100 3764 cla-

512 3805 705 3850 mante
751 3797 866 3866 jam
926 3797 1057 3852 olim
1114 3799 1425 3868 Apostolo:
1467 3799 1621 3854 Nihil
1664 3810 1742 3855 est
1799 3801 1998 3855 idolum
2045 3803 2100 3855 in

513 3888 712 3944 mundo
738 3890 800 3944 ⁸³.
832 3888 1010 3956 Nunc,
1033 3891 1211 3954 aiunt,
1236 3892 1499 3947 mundata
1526 3891 1770 3949 Ecclesia
1797 3901 1904 3957 est,
1932 3907 2096 3962 quam

511 3982 643 4036 olim
701 3981 846 4038 idem
901 3983 1202 4053 Apostolus
1244 3985 1624 4055 pronuntiavit
1649 3984 1693 4017 ιδ
1745 4001 1853 4039 non
1899 3984 2100 4040 habere

511 4075 792 4130 maculam
827 4090 1008 4146 neque
1043 4092 1259 4147 rugam,
1297 4086 1394 4132 aut
1423 4077 1632 4147 aliquid
1663 4076 1962 4146 ejusmodi,
2001 4076 2096 4132 sed

487 4183 638 4223 esse
683 4177 936 4224 sanctam
987 4177 1042 4224 et
1100 4169 1536 4224 immaculatum.
1585 4167 1764 4233 Nunc,
1817 4169 2099 4240 inquiunt,

512 4260 610 4316 lux
648 4261 981 4317 Christianis
1016 4261 1222 4317 all'ulsit
1262 4261 1586 4332 ignorantia
1627 4261 1862 4331 caligine
1916 4261 2098 4330 impli-

513 4353 657 4408 catis
701 4371 716 4408 :
755 4354 962 4423 quibus
1014 4353 1343 4425 jampridem
1408 4368 1439 4408 a
1517 4353 1787 4423 principio
1842 4353 2096 4407 Christus

511 4445 654 4501 dixit
694 4463 710 4499 :
744 4445 859 4516 Ego
905 4447 1000 4501 lux
1059 4447 1112 4501 in
1162 4446 1420 4501 mundum
1465 4446 1582 4500 veni
1609 4461 1628 4499 :
1664 4457 1721 4498 ut
1773 4445 1945 4499 omnis
2005 4447 2096 4514 qui

2200 3242 2298 3296 ἐπὶ
2326 3242 2435 3296 τὸν
2464 3242 2621 3296 λαὸν
2651 3242 2860 3305 αὐτοῦ,
2894 3244 2994 3297 καὶ
3025 3244 3124 3299 ἐπὶ
3151 3243 3295 3312 τοὺς
3334 3247 3551 3312 ὁσίους
3581 3247 3793 3312 αὑτοῦ,

2201 3335 2301 3390 καὶ
2335 3336 2434 3390 ἐπὶ
2473 3336 2617 3404 τοὺς
2663 3335 3142 3406 ἐπιστρέφοντας
3165 3337 3419 3406 καρδίαν
3449 3337 3543 3392 ἐπ’
3571 3339 3757 3392 αὐτόν
3777 3357 3790 3367 ·

2198 3431 2226 3482 ὁ
2276 3431 2333 3482 ἐν
2371 3431 2512 3502 ἀρχῇ
2555 3431 2728 3502 φήσας
2763 3432 2874 3494 τοῖς
2911 3431 3136 3494 οίκείοις
3163 3429 3437 3502 μαθηταῖς
3471 3448 3484 3461 ο
3521 3430 3792 3499 Εἰρήνην

2199 3524 2413 3594 ἀφίημι
2467 3525 2631 3594 ὑμῖν,
2683 3525 2934 3594 εἰρήνην
2981 3526 3099 3594 τὴν
3155 3527 3314 3596 ἐμὴν
3364 3527 3580 3597 δίδωμι
3626 3532 3788 3600 ὑμῖν.

2203 3619 2269 3671 Ἀ
2281 3635 2386 3688 ρτι,
2411 3619 2596 3688 φασὶν,
2623 3619 2766 3691 ῆρθη
2788 3623 2854 3673 ἐκ
2893 3620 3058 3688 μέσου
3084 3619 3430 3691 βδελύγματα
3467 3621 3792 3692 Ἑλληνικῆς

2202 3711 2508 3776 πολυθεῖας·
2547 3711 2641 3766 τοῦ
2679 3712 3003 3766 Ἀποστόλου
3028 3711 3268 3784 ἀρχῆθεν
3293 3713 3530 3783 βοῶντος
3551 3732 3566 3746 ·
3598 3715 3793 3770 οὐδὲν

2199 3802 2454 3856 εῐδωλον
2501 3802 2572 3856 ἐν
2603 3803 2831 3870 κόσμῳ.
2885 3802 3083 3870 Ἀρτι,
3137 3803 3273 3872 φασὶ
3302 3844 3316 3866 ,
3377 3804 3719 3873 κεκάθαρται
3757 3805 3793 3875 ὴ

2213 3893 2528 3964 Ἐκκλησία,
2577 3895 2646 3963 ἣν
2676 3894 2847 3947 πάλαι
2880 3895 3160 3965 ἀπέφηνεν
3199 3896 3228 3948 ὁ
3265 3895 3428 3959 αὐτὸς
3468 3897 3792 3960 Ἀπόστολος

2205 3985 2280 4057 μὴ
2314 3985 2458 4056 ἔχειν
2490 3985 2696 4053 σπῖλον,
2733 3985 2766 4057 ἢ
2810 3985 3020 4056 ῥυτίδα,
3055 3987 3089 4057 ῆ
3135 4004 3189 4040 τι
3214 3987 3322 4041 τῶν
3344 3989 3606 4042 τοιούτων
3629 4007 3644 4021 ο
3673 3989 3791 4042 ἀλλ’

2200 4078 2340 4132 εἶναι
2381 4079 2542 4146 ἁγίαν
2568 4079 2662 4131 καὶ
2684 4077 2938 4149 ἄμωμον.
2957 4079 3136 4150 Ἀρτι,
3165 4079 3320 4148 φασὶ,
3344 4080 3406 4132 τὸ
3439 4080 3557 4148 φῶς
3583 4080 3792 4153 ηῦγασε

2200 4169 2310 4231 τοῖς
2343 4169 2689 4238 Χριστιανοῖς
2741 4168 3117 4238 ὲνισχημένοις
3166 4167 3319 4237 ζόφῳ
3379 4170 3604 4238 ἀγνοίας
3633 4189 3647 4202 ’
3707 4167 3794 4236 οἷς

2198 4259 2408 4315 ἄνωθεν
2439 4260 2532 4314 καὶ
2571 4259 2664 4312 ἀπ’
2693 4261 2874 4330 ’ἀρχῆς
2904 4256 3142 4330 Χριστὸς
3171 4259 3376 4331 ἔφησεν
3407 4277 3421 4293 ο
3465 4261 3614 4331 Ἐγὼ
3662 4263 3792 4332 φῶς

2198 4355 2287 4419 εἱς
2343 4350 2451 4406 τὸν
2491 4353 2728 4420 κόσμον
2761 4349 3035 4420 ἐλήλυθα
3057 4363 3072 4380 ⁶
3119 4352 3218 4404 ἵνα
3265 4351 3388 4418 πᾶς
3421 4354 3454 4406 ὁ
3489 4356 3792 4407 πιστεύων

2199 4447 2287 4512 εὶς
2336 4444 2462 4514 ἐμὲ,
2508 4444 2579 4497 ἐν
2609 4441 2683 4513 τῇ
2716 4443 2932 4509 σκοτίᾳ
2959 4443 3046 4514 μὴ
3075 4443 3277 4513 μείνῃ.
3324 4445 3544 4514 Ὁρᾶτε,
3575 4446 3792 4516 ἀδελφοὶ

513 4519 680 4590 credit
706 4536 762 4590 in
786 4552 887 4600 me,
915 4538 970 4591 in
997 4537 1225 4593 tenebris
1250 4554 1354 4592 non
1391 4545 1604 4591 maneat
1630 4539 1694 4591 ιδ.
1726 4535 1959 4602 Videtis,
1987 4538 2095 4592 l’ra-

2202 4536 2365 4604 ἆγιοι,
2418 4537 2515 4606 τὴν
2555 4534 2892 4588 ἀποστασίαν
2937 4534 3004 4604 ἦν
3032 4534 3114 4587 δεῖ
3150 4535 3365 4604 πρῶτον
3415 4535 3615 4602 ἐλθεῖν,
3647 4536 3792 4590 καθά

515 4636 628 4684 tres
669 4629 869 4695 sancti,
913 4631 1339 4696 discessionem,
1385 4646 1550 4701 quam
1603 4639 1816 4700 oportet
1863 4632 2098 4700 primum

2202 4644 2363 4698 φησιν
2393 4629 2422 4680 ὸ
2465 4624 2811 4690 Ἀπόστολος.
2845 4625 2986 4696 Ἤδη
3018 4627 3078 4680 ἐν
3107 4626 3411 4698 ὀφθαλμοῖς
3464 4631 3624 4701 ἡμῶν
3650 4632 3792 4702 ὁρῶ-

511 4721 727 4787 venire,
757 4723 1224 4792 quemadmodum
1252 4723 1550 4793 Apostolus
1573 4723 1817 4793 loquitur
1844 4725 1913 4778 ιθ.
1944 4723 2098 4779 Nunc

2202 4736 2300 4791 μεν
2348 4721 2418 4774 τὰ
2471 4719 2676 4774 είσόδια
2736 4716 2828 4772 τοῦ
2877 4719 3273 4790 Ἀντιχρίστου.
3316 4721 3788 4793 Ἐκλελοίπαμεν·

515 4812 700 4867 oculis
735 4812 836 4882 ipsi
867 4814 1150 4870 cernimus
1181 4812 1508 4870 Antichristi
1539 4815 1863 4884 primordia.
1885 4813 2098 4870 Defeci-

511 4917 676 4967 mus,
731 4903 1047 4975 consumpti
1096 4919 1290 4960 sumus
1323 4923 1338 4960 :
1369 4903 1574 4974 Deiecit
1618 4905 1968 4976 suﬁlatorium
2014 4905 2092 4970 ”;

513 4993 716 5048 occidit
746 5009 872 5063 spes
919 4995 1124 5064 omnis,
1153 4995 1200 5051 si
1235 4997 1468 5052 facultas
1500 4998 1738 5052 humana
1789 5002 2092 5066 spectatur.

513 5087 588 5140 At
613 5085 786 5141 vicem
816 5097 1063 5145 nostram
1093 5103 1193 5145 vos
1223 5090 1424 5160 lugete,
1454 5089 1660 5159 quibus
1699 5098 1783 5145 est
1813 5091 1868 5144 in
1899 5089 2098 5144 alienis

513 5175 679 5231 malis
724 5186 972 5232 tenerum
999 5189 1211 5249 pectus,
1245 5189 1508 5250 tanquam
1544 5179 1793 5250 ejusdem
1821 5181 2094 5250 cm-poris.

513 5266 684 5337 Opem
740 5269 902 5325 nobis
958 5285 1055 5340 per
1110 5282 1322 5328 vestras
1367 5289 1557 5344 preces
1599 5275 1776 5342 ferte,
1835 5283 2099 5343 tauquam

515 5361 756 5414 fratrum
787 5371 1063 5418 amantes.
1092 5362 1390 5420 Acerbiora
1421 5375 1552 5421 sunt
1575 5382 1700 5435 qua:
1721 5367 1810 5422 hic
1841 5368 2103 5436 patimur,

513 5468 686 5521 quam
721 5467 845 5522 quae
885 5454 1103 5524 uspiam
1141 5469 1172 5508 a
1203 5452 1462 5510 Barbaris
1492 5465 1776 5524 geruntur.
1809 5453 1928 5509 lam
1964 5454 2110 5510 sicut

515 5546 756 5601 Sodoma
807 5545 940 5602 facti
990 5563 1210 5614 sumus,
1256 5557 1312 5603 et
1354 5549 1496 5604 sicut
1541 5548 1846 5604 Gomorrha
1897 5548 2107 5604 similes

515 5651 713 5692 sumus
740 5638 806 5691 ⁸⁸.
853 5635 1008 5694 Hanc
1041 5638 1212 5710 igitur
1258 5641 1330 5694 ob
1377 5655 1604 5695 causam
1652 5639 1970 5696 sanctitatis
2013 5654 2106 5694 ve-

590 5748 635 5778 "
659 5745 728 5823 Ill
750 5745 889 5823 Reg.
916 5763 1070 5823 avni,
1106 5751 1160 5804 4.
1241 5751 1280 5781 ¹¹
1305 5751 1702 5823 Ρεειιιωςκκιν,
1737 5751 1789 5806 9.
1869 5751 1917 5823 ff
1940 5748 2098 5823 Joan,

2202 5764 2244 5813 ν,
2275 5749 2369 5823 27.
2453 5746 2682 5806 ¹³ΙΕοι’.
2717 5766 2835 5823 vni,
2869 5752 2924 5808 4.

846 5815 890 5850 ’⁸
915 5815 963 5876 11
987 5815 1186 5879 Thess.
1220 5837 1280 5891 ιι,
1316 5823 1368 5879 5.
1450 5821 1490 5856 ¹⁷
1516 5815 1715 5880 Jcrem.
1751 5839 1827 5887 vi,
1856 5821 1948 5876 29.
2029 5816 2196 5874 “153-
2233 5833 2272 5886 1,
2302 5820 2354 5876 9ο

516 5831 620 5884 xu,
661 5815 754 5872 46.

2197 4808 2642 4883 παρανηλώμεθα
2671 4825 2686 4840 ⁶
2728 4810 3006 4875 Ἐξέλιπε
3053 4810 3340 4881 φυσητήρ
3369 4827 3384 4840 ·
3451 4807 3790 4885 ἀπελήλαται

2199 4907 2352 4958 πᾶσα
2399 4903 2706 4968 ἐλπὶςνὸσον
2751 4902 2891 4956 κατά
2930 4902 3237 4974 ἄνθρωπον.
3286 4904 3453 4962 Ἀλλά
3500 4907 3790 4972 στενάξατε

2202 4997 2290 5064 ἐφ’
2319 4997 2487 5066 ἡμᾶς,
2511 4991 2557 5048 ῶ
2579 4995 3044 5079 συμπαθέστατοι,
3075 4995 3151 5059 ὡς
3185 4995 3490 5068 σύσσωμοι.
3538 4999 3790 5069 ’(ιρέξατε

2207 5090 2367 5159 χεῖρα
2416 5087 2843 5159 πρεσϐευτικῆν,
2907 5086 2981 5152 ὡς
3032 5088 3372 5158 φιλάδελφοι.
3421 5091 3544 5145 Τῶν
3599 5092 3790 5147 αὐτόθι

2206 5179 2431 5252 χείρονα
2457 5178 2526 5233 τά
2563 5179 2811 5250 ᾑμέτερα
2843 5176 3259 5250 βαρϐαρίξεται.
3308 5179 3397 5243 Ὧς
3435 5183 3639 5252 Σόδομα
3683 5183 3790 5254 ἤδη

2203 5272 2529 5343 γεγόναμεν,
2563 5271 2660 5325 καὶ
2713 5270 2790 5336 ὡς
2821 5271 3209 5344 Γόμοῤῥαῆδη
3260 5272 3644 5344 ὡμοιώθημεν.
3686 5277 3790 5326 Διὰ

2201 5365 2362 5420 τοῦτο
2414 5362 2705 5436 τοιγαροῦν
2762 5365 2858 5417 καὶ
2919 5363 3343 5436 ὲπεϐοησάμεθα
3396 5370 3462 5439 τῇ
3510 5367 3792 5440 ἁγιωσύνῃ

2205 5456 2358 5526 ὑμῶν
2403 5457 2453 5508 ot
2495 5456 2774 5522 ταπεινοὶ,
2818 5455 2894 5520 ὡς
2923 5457 2980 5510 ὲν
3027 5456 3108 5510 ἐνὶ
3155 5456 3368 5527 σώματι
3428 5460 3538 5513 τῶν
3571 5458 3790 5512 πάντων

2203 5547 2451 5618 ἀδελφῶν
2482 5546 2578 5601 καὶ
2605 5549 3062 5620 συμπασχόντων.
3098 5549 3287 5621 Ἴσμεν
3319 5550 3430 5622 γὰρ
3479 5553 3559 5606 ὅτι
3606 5552 3793 5622 ἰσχύει

2204 5638 2239 5708 ἠ
2268 5635 2455 5692 δικαία
2483 5635 2636 5706 ὑμῶν
2663 5637 2846 5710 δέησις
2880 5640 3270 5712 ἐνεργουμένη,
3295 5640 3372 5705 ὼς
3398 5641 3465 5695 ἄν
3492 5641 3568 5711 τῷ
3601 5639 3792 5707 ἐξιλα-

3006 5751 3270 5830 “Ephes.
3307 5769 3358 5818 ν,
3386 5753 3478 5835 27.
3555 5749 3788 5812 "Joan.
