4054 6364
307 404 446 472 1173

1494 407 2032 472 EPISTULARUM
2096 413 2245 473 LIB.
2292 410 2373 471 II.

3427 411 3596 481 1174.

302 519 430 592 σμῷ
460 518 633 590 αύτῆς
658 519 873 591 κοπάσῃ
925 521 959 590 ή
1012 519 1242 593 θραῦσις
1286 524 1384 594 τῆς
1415 523 1702 594 αἱρετικῆς
1736 525 1871 594 ῥομ-

1985 533 2108 580 strze
2160 522 2425 578 auxilium
2475 534 2578 575 nos
2622 520 2858 578 humiles
2913 521 3372 592 imploravimus,
3431 539 3558 579 cum

303 611 472 679 φαίας
493 625 509 641 ⁶
547 609 644 663 τοῦ
674 611 884 683 Κυρίου
911 612 994 674 είς
1023 611 1306 684 είρηνικὴν
1333 613 1646 684 όρθοδοξίαν
1701 614 1874 666 επαν-

290 701 526 769 ’ἀγοντος
551 700 646 754 καὶ
674 699 774 771 τὴν
800 699 922 754 καθ’
951 702 1100 772 ήμᾶς
1132 702 1600 774 Ἑκκλησίαν.¹’1να
1619 703 1678 758 δὲ
1707 703 1883 775 εἰδῆτε

303 793 398 845 καὶ
444 792 622 861 ὑμεῖς,
658 785 703 844 ὦ
755 791 1068 862 σεϐάσμιοι,
1107 793 1174 847 ὲκ
1227 793 1450 864 μέρους,
1502 789 1594 850 οἵα
1615 794 1685 849 τὰ
1712 793 1881 866 ἀσεϐῆ

300 882 548 951 δόγματα
586 879 694 934 τῶν
725 879 902 934 ἀθέων
929 896 943 912 ο
984 880 1381 935 συναπέστειλα
1426 884 1540 946 τοῖς
1588 884 1884 955 γράμμασι

301 971 475 1026 ταῦτα
501 973 559 1024 ὲν
590 969 887 1041 τετραδίοις
909 986 924 1001 ο
957 969 994 1026 ἀ
1022 972 1114 1025 καὶ
1151 971 1304 1036 ἔδοξα
1335 972 1364 1024 ό
1402 971 1621 1042 ἀμαθὴς
1647 974 1878 1045 ἀνατρέ-

301 1079 451 1130 πειν,
507 1063 839 1135 προτραπεὶς
888 1062 1040 1134 παρά
1071 1062 1332 1116 εὐσεϐῶν.
1362 1062 1510 1117 Λίτῶ
1541 1063 1598 1117 δὲ
1646 1064 1751 1118 ὑπὸ
1778 1063 1881 1135 τῆς

300 1153 454 1216 θείας
480 1152 760 1222 ἀγχινοίας
790 1153 946 1224 ὑμῶν
985 1153 1409 1225 ὲπισκεφθῆναι,
1435 1155 1530 1207 καὶ
1571 1155 1636 1209 τὸ
1663 1155 1882 1221 ἐλλιπὲς
1909 1174 1912 1176 ⁷

300 1243 675 1316 ἀνορθωθῆναι
701 1257 717 1274 ο
763 1245 858 1298 καὶ
907 1241 1242 1316 συγγνώμην
1299 1245 1410 1299 τῶν
1469 1245 1880 1316 έπωφλημένων

301 1317 558 1404 δέξασθαί
606 1353 710 1407 με’
769 1333 1144 1406 λαμϐάνεσθαί
1197 1351 1259 1388 τε
1303 1336 1386 1399 είς
1421 1337 1642 1407 μνήμην
1671 1337 1732 1389 ὲν
1759 1339 1880 1401 ταῖς

303 1428 630 1482 Θεοκλινέσιν
663 1427 817 1499 ὑμῶν
848 1428 1177 1498 προσευχαῖς
1201 1442 1214 1457 ·
1249 1426 1344 1480 καὶ
1371 1427 1480 1498 μὴν
1510 1427 1607 1481 καὶ
1646 1428 1876 1482 συντάτ-

299 1519 492 1574 τεσθαι
519 1518 594 1583 ῶς
631 1519 856 1589 ἔσχατον
890 1518 1110 1573 πάντων
1141 1517 1303 1589 μέλος
1333 1520 1392 1571 ὲν
1438 1517 1516 1590 τῷ
1547 1518 1879 1590 πληρώματι

302 1616 406 1685 τῆς
429 1615 591 1684 ἀγίας
620 1614 773 1685 ὑμῶν
812 1614 1158 1685 Ἐκκλησίας.

1988 617 2064 672 sit
2118 630 2287 672 unum
2350 627 2553 683 corpus
2606 611 2852 667 omnium
2924 612 3153 667 fratrum
3209 615 3305 684 qni
3357 615 3563 682 pariter

1986 714 2278 761 vexantur.
2309 702 2576 758 Novimus
2599 704 2745 757 enim
2777 713 3044 774 quantum
3081 704 3261 759 valeat
3290 703 3436 773 justa
3471 719 3562 758 ve-

1986 803 2110 848 ειται
2129 793 2443 862 deprecatio
2491 792 2797 856 assidua",
2845 801 2928 856 ut,
2961 804 3189 848 exorato
3225 792 3358 858 Deo,
3389 794 3561 849 haere-

1985 880 2079 937 tici
2111 881 2277 952 gladii
2310 881 2430 936 acie
2466 883 2828 952 conquiescat
2859 896 2873 933 :
2905 885 2972 939 ad
3003 893 3210 939 rectam
3236 883 3397 939 iidem
3433 899 3558 938 cum

1986 987 2121 1043 pace
2161 973 2511 1044 conjunctam
2551 982 2842 1029 remeante
2870 973 3104 1030 Domino
3144 984 3387 1031 nostram
3421 990 3564 1046 quo-

1983 1081 2090 1134 que
2119 1065 2447 1121 Ecclesiam.
2477 1063 2548 1118 Ut
2575 1073 2780 1128 autent,
2813 1072 2869 1121 et
2899 1082 3019 1130 vos,
3049 1067 3154 1122 viri
3194 1067 3558 1130 venerabiles,

1982 1171 2048 1212 ex
2075 1165 2226 1227 parte
2254 1155 2574 1227 intelligatis
2612 1157 2798 1230 qualia
2827 1157 2938 1212 sint
2977 1158 3368 1230 sacrilegorum
3394 1159 3559 1228 impia

1983 1247 2242 1319 dogmata
2269 1263 2285 1303 :
2317 1247 2481 1303 sinqu
2523 1229 2654 1302 hate
2685 1247 2810 1302 misi
2843 1263 2966 1304 cum
3000 1229 3200 1303 litteris
3249 1250 3302 1302 in
3334 1257 3562 1319 quater-

1985 1337 2286 1393 nionihus:
2320 1352 2443 1406 qam
2496 1327 2789 1391 Confutare
2831 1351 3127 1406 aggressus
3182 1351 3324 1401 sum,
3380 1351 3562 1404 quan—

1985 1442 2153 1499 quam
2199 1427 2474 1490 indoctus,
2528 1425 2826 1494 proborum
2873 1425 3120 1479 virorum
3155 1425 3402 1478 hortatu.
3451 1421 3563 1476 Oro

1987 1532 2168 1574 autem
2203 1526 2257 1572 ut
2297 1533 2362 1572 ea
2393 1531 2490 1586 pro
2531 1515 2715 1570 divina
2749 1524 2928 1570 vestra
2960 1515 3253 1585 sagacitate
3289 1515 3564 1581 expenda-

1987 1612 2060 1667 tis
2094 1608 2282 1680 :quod
2333 1608 2591 1662 vitiosum
2629 1616 2715 1662 est
2759 1607 3066 1662 emendetis
3098 1626 3111 1661 :
3144 1605 3566 1675 erratorumqne

303 1708 518 1762 veniam
550 1707 804 1762 tribuatis
833 1725 846 1762 :
876 1715 934 1762 et-
964 1717 1025 1762 ut
1049 1707 1156 1764 mei
1197 1707 1568 1765 memineritis
1599 1709 1654 1764 in
1687 1709 1888 1766 vestris
1925 1705 2068 1776 apud
2107 1702 2279 1757 Deum
2341 1700 2596 1770 precibus
2627 1715 2642 1755 :
2707 1700 2943 1772 denique
2982 1708 3042 1754 ut
3065 1709 3325 1770 tanquam
3350 1694 3566 1768 postre-

303 1799 457 1858 tnum
495 1803 744 1857 omnium
800 1803 1105 1857 membrum
1158 1817 1392 1858 censear
1442 1803 1498 1858 in
1546 1803 1886 1874 plenitudine
1923 1810 2126 1858 sancta:
2149 1806 2348 1853 vestra:
2381 1794 2666 1852 Ecclesiae...

388 1898 459 1952 ἰι
487 1895 642 1962 αὑτὴ
671 1894 970 1962 ἐπιστολὴ
999 1894 1318 1962 ἀπεστάλη
1345 1895 1620 1965 καὶπρὸς
1645 1895 1760 1964 τὴν
1779 1913 1883 1966 μο-

2065 1889 2271 1944 Eadem
2301 1887 2525 1956 epistola
2567 1886 2733 1940 missa
2780 1896 2856 1940 est
2889 1887 3049 1941 etiam
3077 1885 3147 1939 ad
3183 1885 3564 1938 monasterium

304 1988 426 2057 γὴν
456 1987 563 2043 τοῦ
586 1987 758 2058 ἁγίου
784 1981 1112 2055 Εὐθυμίου.

301 2103 413 2158 ιιιο.
447 2129 514 2140 -
550 2098 867 2168 [νικηφόρῳ
893 2095 974 2163 τῷ
1003 2098 1683 2171 ἁγιωτάτῳ-πατριάρχῃ.
1710 2097 1878 2173 [σιε⁹.]

1993 1985 2166 2039 sancti
2208 1981 2503 2054 Euthymii.

2088 2092 2277 2151 XVIII.
2312 2123 2378 2135 —
2406 2092 2704 2164 Nicephoro
2737 2081 3074 2148 sanctissima
3110 2091 3458 2162 patriarchae.

1399 2213 1600 2264 Solatur
1634 2214 1877 2264 exsulem.
1903 2212 2100 2275 (Baron.
2120 2223 2200 2260 an.
2219 2207 2334 2270 8U,
2358 2221 2407 2258 ιι.
2434 2206 2540 2269 29.)

374 2319 641 2382 Πολλάκις
677 2317 1009 2389 προθέμενος
1057 2315 1360 2371 ἐπιστεῖλαι
1397 2320 1466 2390 τῇ
1523 2319 1646 2390 ἱερᾷ
1673 2321 1884 2390 κορυφῇ

303 2414 403 2482 τῆς
433 2408 829 2482 μακαριότητός
869 2424 988 2462 σουο
1016 2408 1304 2479 ὲνεκόπην,
1331 2408 1408 2480 πῆ
1445 2409 1544 2480 μὲν
1569 2409 1668 2481 τὴν
1691 2409 1887 2464 ἑαυτοῦ

302 2503 628 2572 ἀναξιότητα
672 2499 1017 2570 λογιζόμενος
1050 2497 1212 2571 [ἣδε.
1259 2500 1384 2554 cod.
1433 2500 1879 2575 ἑπαισθόμενος],

305 2597 386 2666 πῆ
408 2595 463 2649 δὲ
488 2593 720 2663 ύποδεὴς
745 2590 820 2645 ὢν
849 2592 976 2656 τοὺς
1000 2591 1364 2663 πειρασμούς.
1387 2593 1525 2646 Νυνὶ
1546 2593 1603 2647 δὲ
1627 2611 1887 2666 περιφρο-

301 2690 476 2758 νήσας
505 2686 849 2758 ἀμφοτέρων,
874 2685 974 2742 καὶ
997 2687 1066 2756 τῇ
1101 2685 1292 2757 Τριάδι
1321 2686 1350 2738 6
1380 2686 1549 2750 τάλας
1580 2685 1884 2758 Θαρρήσας,

300 2781 477 2848 λέγων
508 2779 623 2848 είμ)⁵
649 2777 794 2832 τάδε·
827 2778 1019 2847 Χαῖρε,
1037 2777 1254 2850 ἀληθῶς
1275 2779 1593 2850 νικητήριον
1608 2779 1882 2843 ἀσεϐείας,

300 2871 336 2921 ὁ
372 2870 431 2922 έν
477 2865 762 2937 τεθρίππῳ
798 2865 1008 2938 ἀρετῶν
1054 2865 1287 2920 διανύων
1343 2866 1436 2920 τὸν
1484 2866 1589 2938 τῆς
1649 2868 1884 2934 πίστεως

300 2957 769 3030 δρόμονοχαίρε,ό
795 2957 969 3028 μέγας
999 2955 1153 3027 ἥλιος
1174 2957 1275 3026 τῆς
1307 2956 1649 3027 όρθοδοξίας,
1676 2950 1736 3010 οὗ
1767 2961 1885 3022 ταῖς

301 3051 726 3123 ὀμολογητικαίς
782 3051 967 3104 ἀκτῖσι
1026 3049 1416 3119 φωτοδολεῖται
1465 3053 1499 3122 ή
1559 3052 1879 3122 οἰκουμένη·

303 3146 487 3216 χαῖρε,
513 3142 799 3214 ὑπέρμαχε
849 3141 951 3212 τῆς
1009 3141 1268 3212 ἀληθείας
1324 3142 1462 3196 κατά
1483 3142 1609 3206 τοὺς
1651 3142 1884 3196 ἔκπαλαι

303 3233 604 3303 θεοφόρους
649 3231 965 3301 διαπρέπων
992 3230 1070 3302 τῷ
1106 3231 1208 3300 τῆς
1240 3231 1444 3302 ἀρετῆς
1494 3233 1703 3290 κάλλει.
1749 3234 1880 3286 Ἀπ-

301 3326 491 3388 έλιπες
519 3323 611 3377 τδν
634 3322 848 3394 ’ὑψηλὸν
897 3322 1086 3393 θρόνον
1147 3323 1239 3376 διὰ
1285 3324 1393 3378 τὸν
1417 3324 1638 3384 ἑαυτὸν
1681 3341 1884 3381 ταπει-

301 3417 586 3470 νώσαντα
632 3415 811 3486 μέχρι
843 3415 1126 3480 θανάτου,
1161 3415 1420 3472 θανάτου
1480 3416 1549 3470 δὲ
1591 3419 1880 3488 σταυροῦο

303 3507 572 3568 ἀπελιπες
596 3505 987 3578 ἀρχιερατικάς
1028 3506 1334 3575 ὑπηρεσίας
1383 3509 1476 3560 καὶ
1522 3510 1878 3574 ἀναπαύσεις·

2056 2314 2193 2370 Cum
2243 2325 2625 2382 saepenumero
2676 2309 2744 2365 ad
2791 2321 3009 2365 sacrum
3057 2306 3414 2365 beatitudinis
3462 2320 3568 2366 tuae

1990 2408 2252 2463 verticem
2290 2405 2530 2462 scribere
2554 2403 2942 2466 instituissem,
2985 2401 3174 2458 destiti
3206 2404 3276 2458 ab
3305 2406 3564 2475 inempto,

1984 2499 2183 2571 partim
2245 2495 2591 2568 indignitatis
2639 2509 2790 2549 mete
2833 2493 3309 2561 consideratione,
3364 2501 3564 2568 partim

1984 2593 2147 2648 etiam
2208 2590 2532 2645 infirmitate
2583 2603 2648 2642 ex
2719 2587 2982 2642 aerumnis
3032 2597 3161 2644 nata
3214 2593 3563 2660 praepeditus.

1985 2682 2140 2738 Nune
2195 2696 2324 2736 vero
2373 2690 2672 2749 utrumque
2719 2679 3142 2749 parvipendens.
3195 2691 3246 2734 ct
3297 2681 3566 2737 Trinitate

1986 2774 2182 2837 fretus,
2218 2773 2384 2828 miser
2419 2772 2537 2827 bzec
2566 2772 2710 2825 dico.
2754 2771 2964 2835 Gaude,
2994 2787 3120 2826 vere
3149 2773 3328 2827 victor
3370 2776 3563 2845 impie-

1987 2866 2138 2929 tatis,
2165 2865 2260 2934 qui
2299 2865 2560 2918 virtutum
2593 2863 2879 2932 quadrigis
2905 2863 3026 2918 fidei
3056 2879 3281 2918 cursum
3306 2881 3561 2920 consum-

1987 2973 2103 3012 mas
2139 2974 2152 3012 :
2191 2957 2363 3021 salve,
2388 2970 2585 3025 magne
2619 2955 2701 3009 sol
2739 2955 3006 3009 doctrinas
3035 2955 3377 3020 orthodoxae.
3407 2958 3565 3028 cujus

1985 3049 2352 3106 confessionis
2369 3048 2538 3102 radiis
2556 3048 2845 3102 universus
2866 3047 3011 3103 orbis
3034 3048 3336 3103 illustratur
3357 3068 3370 3105 :
3391 3051 3560 3116 salve,

1988 3141 2640 3214 propngnatorveritatis,
2661 3150 2908 3195 veterum
2927 3155 2984 3195 sa
2995 3149 3244 3196 nctornm
3265 3144 3436 3198 instar
3453 3144 3565 3198 vir-

1986 3235 2118 3289 tutis
2157 3232 2568 3304 pulchritudine
2607 3233 2911 3288 collucens.
2953 3233 3244 3302 Reliquisti
3282 3236 3561 3290 excelsum

1986 3327 2245 3382 thronum
2273 3324 2395 3394 ejus
2423 3338 2614 3388 causa,
2640 3325 2732 3394 qui
2761 3325 3099 3392 semetipsum
3135 3326 3435 3382 humiliavit
3469 3345 3564 3382 us-

1983 3435 2080 3488 que
2107 3419 2176 3471 ad
2206 3426 2445 3480 mortem,
2486 3425 2705 3470 mortem
2730 3427 2912 3470 autem
2945 3419 3118 3472 crucis
3147 3420 3248 3485 '°‘;
3292 3421 3562 3491 reliquisti

1991 3507 2210 3561 turbam
2236 3505 2562 3560 famulorum
2591 3514 2646 3560 et
2682 3505 3081 3560 oblectamenta
3120 3508 3564 3580 archiepiscopa-

308 3597 512 3668 μᾶλλον
565 3597 819 3667 ἑλόμενος
880 3598 1372 3668 συγκακουχείσθαι
1401 3599 1478 3670 τῷ
1505 3600 1882 3674 όμολογητικῷ

1985 3599 2055 3653 Iia
2085 3614 2100 3653 :
2135 3608 2190 3653 et
2241 3597 2409 3653 variis
2461 3596 2868 3662 incommodis,
2922 3597 3305 3654 confessorum
3369 3616 3563 3668 more,

303 3689 517 3759 τρόπῳ,
568 3689 602 3759 ἢ
651 3688 986 3759 πρόσκαιρον
1023 3687 1169 3760 ἔχειν
1229 3691 1506 3762 ἁμαρτίας
1557 3693 1881 3752 ἀπόλαυσιν.

307 3781 502 3849 Ὅμως
547 3780 628 3833 ὃτι
659 3779 781 3833 οὐδὲ
811 3780 930 3834 κατ’
963 3780 1153 3846 αύτάς,
1177 3767 1286 3836 κᾶν
1316 3783 1374 3836 ὲν
1421 3785 1631 3851 αὑταῖς,
1661 3784 1769 3850 ζῶν
1791 3782 1882 3858 ἦς’

306 3871 520 3945 νεκρῶν
573 3872 642 3926 τά
681 3871 816 3942 μέλη
849 3875 914 3943 τῇ
944 3873 1002 3925 ὲν
1043 3873 1233 3946 Κυρίῳ
1265 3874 1378 3947 ζωῇ
1405 3892 1418 3908 ·
1455 3877 1693 3948 ήνεγκας
1724 3879 1887 3946 ἁγίας

305 3962 532 4034 Μητρὸς
581 3964 874 4035 στέρησινο
913 3962 1159 4032 ἀδελφῶν
1213 3965 1434 4034 τιμίων,
1482 3967 1702 4021 πάντων
1748 3969 1884 4040 ὁμοῦ

305 4055 370 4106 ὲν
393 4052 598 4107 ἅπασιν
620 4053 964 4124 ἀφαιρεθείς.
996 4055 1107 4108 Καὶ
1143 4053 1296 4110 οῠπω
1321 4056 1465 4126 λέγω
1494 4059 1622 4123 τοὺς
1651 4062 1885 4132 Χριστο-

306 4145 472 4208 ειδεῖς
533 4162 628 4198 σου
687 4145 1049 4216 ὀνειδισμοὺς,
1101 4147 1200 4210 τὰς
1263 4149 1329 4201 έκ
1375 4149 1482 4203 τῶν
1545 4152 1886 4222 κρατούντων

308 4233 640 4307 προσϐολὰς,
664 4235 1000 4307 ὲρεσχελίας,
1033 4239 1421 4309 στενοχωρίας,
1451 4242 1546 4294 καὶ
1573 4243 1737 4295 οἱονεὶ
1761 4245 1888 4297 ἀπο⁶

307 4326 537 4393 πνίξεις.
581 4326 941 4398 Κατηνέχθης
978 4328 1075 4382 σὺν
1107 4328 1329 4401 Χριστῷ
1375 4331 1434 4384 έν
1460 4331 1620 4385 νυκτί
1644 4347 1659 4362 ο
1699 4332 1886 4405 ἐπειδὴ

308 4417 406 4470 καὶ
460 4416 620 4479 αὐτὸς
674 4416 1102 4488 προδιδόμενος,
1159 4419 1530 4491 περιωρίσθης
1560 4460 1577 4485 ,
1649 4421 1883 4494 μεθωρί-

307 4508 446 4578 σθης
490 4509 550 4562 ὲν
603 4509 865 4581 γεωλόφῳ
901 4525 1004 4564 που
1044 4509 1411 4582 καθεζόμενος
1449 4515 1478 4568 ό
1512 4514 1725 4585 μάρτυς
1753 4515 1886 4586 Χρι-

310 4619 461 4658 στου.

390 4694 532 4748 Ἀλλ’
565 4687 714 4762 εὖγε,
740 4695 826 4748 ὅτι
858 4693 1036 4748 πάντα
1062 4695 1143 4756 είς
1179 4695 1340 4748 καλόν
1368 4711 1472 4750 σοι.
1504 4690 1673 4766 Ἀρον
1701 4695 1887 4766 κύκλῳ

305 4788 434 4850 τοὺς
462 4784 776 4857 ὀφθαλμούς
806 4801 902 4838 σου
929 4784 1038 4840 ἀπὸ
1062 4784 1160 4856 τῆς
1192 4785 1286 4839 τοῦ
1313 4785 1406 4841 νοῦ
1459 4789 1692 4852 σκοπιᾶς
1719 4805 1734 4820 ’
1791 4793 1887 4843 καὶ

307 4878 388 4933 ῐδε
421 4895 517 4932 σου
543 4878 613 4932 τὰ
636 4877 826 4939 τέκνα,
866 4875 968 4928 εἴτ’
991 4872 1086 4929 οὖν
1116 4875 1387 4945 πρόϐατα,
1419 4879 1449 4931 ό
1498 4878 1703 4948 ποιμὴν
1733 4881 1762 4932 ό
1791 4896 1887 4932 κα-

1985 3690 2228 3746 exerceri
2285 3689 2554 3752 maluisti,
2591 3703 2758 3759 quam
2798 3691 3144 3759 temporariis
3189 3691 3296 3748 frui
3354 3695 3564 3752 deliciis

1985 3779 2192 3851 peccati
2215 3781 2283 3832 ὀ.
2322 3779 2402 3834 Ac
2430 3788 2599 3843 certe,
2640 3780 2906 3848 quoniam
2943 3796 3046 3835 non
3087 3797 3155 3836 ex
3195 3782 3324 3848 illis,
3357 3785 3460 3840 etsi
3507 3786 3561 3840 in

1985 3870 2118 3935 illis,
2152 3871 2392 3935 vivebas,
2431 3871 2678 3926 membra
2707 3886 2806 3940 per
2840 3871 3009 3926 vitam
3047 3873 3100 3926 in
3128 3872 3360 3929 Domino
3387 3885 3562 3931 actam

1987 3961 2350 4023 mortificans,
2393 3973 2598 4018 sanctae
2628 3963 2820 4018 matris
2849 3963 3212 4032 privationem
3249 3969 3560 4036 pertulisti:

1987 4053 2174 4109 charis
2204 4054 2490 4116 fratribus,
2542 4054 2802 4110 omnibus
2847 4057 3016 4110 simul
3061 4059 3312 4122 omnino,
3365 4061 3566 4130 spolia-

1988 4154 2098 4200 tus.
2135 4143 2380 4200 Necdum
2425 4145 2719 4215 Opprobria
2750 4156 2840 4201 tua
2880 4147 3102 4204 Christi
3131 4151 3442 4220 opprobriis
3485 4155 3566 4209 εἰς

1987 4237 2138 4292 milia
2195 4251 2610 4301 commemoro,
2671 4237 2950 4294 immissas
3007 4238 3077 4292 ab
3141 4239 3564 4310 imperatoribus

1987 4329 2445 4399 Oppugnationes,
2485 4329 2907 4394 Indiflcationes,
2949 4332 3274 4402 angustias:
3305 4347 3369 4388 ac
3396 4325 3564 4394 veluti

1989 4420 2403 4476 suﬂ‘ocationcs.
2462 4419 2638 4476 Noctu
2689 4437 2815 4477 cum
2870 4421 3091 4485 Christo
3135 4425 3407 4484 abductus
3455 4443 3516 4484 es
3535 4448 3559 4484 ιε

1959 4514 2189 4574 ,etenitn
2235 4512 2488 4582 proditus
2525 4513 2689 4570 etiam
2722 4514 2837 4585 ipse
2882 4515 3160 4586 relegatus
3197 4533 3280 4582 es,
3321 4519 3375 4574 in
3407 4520 3564 4576 collis

1990 4601 2292 4656 confinium
2318 4604 2576 4659 redactus
2600 4619 2683 4668 es,
2719 4615 2928 4677 martyr
2959 4606 3186 4664 Christi.

2060 4692 2167 4747 Sed
2204 4707 2363 4763 euge,
2393 4695 2658 4764 quoniam
2685 4695 2736 4750 in
2765 4697 2970 4753 bonum
3001 4699 3098 4754 tibi
3123 4701 3336 4755 omnia.
3361 4702 3564 4758 Attolle

1989 4783 2042 4838 in
2077 4785 2264 4839 orbem
2293 4786 2487 4842 oculos
2511 4803 2576 4842 ex
2609 4790 2834 4858 specula
2865 4791 3087 4856 mentis,
3118 4802 3174 4847 et
3199 4793 3388 4863 aspice
3422 4794 3564 4851 ﬁlios

1991 4885 2138 4939 tuos,
2177 4892 2276 4932 seu
2317 4879 2492 4938 mavis
2537 4894 2692 4946 oves,
2721 4889 2913 4950 pastor
2945 4883 3108 4948 bone,
3149 4885 3404 4953 quamvis
3425 4901 3560 4942 cor-

230 4966 244 4976 '
305 4964 420 5029 λὸς,
450 4966 499 5018 εί
533 4964 627 5018 καὶ
681 4962 1143 5034 διεσκορπισμένα
1179 4963 1414 5034 σώματι,
1475 4965 1590 5018 ἀλλ’
1627 4966 1883 5037 ἡνωμένα

1985 4982 2116 5037 pore
2143 4967 2444 5037 dispersas,
2497 4970 2682 5025 animo
2729 4981 2915 5028 tamen
2963 4973 3316 5044 coniunctas,
3346 4977 3398 5032 in
3451 4989 3560 5034 tota

307 5053 601 5124 πνεύματι,
655 5051 970 5123 διειληφότα
1022 5052 1210 5124 σχεδὸν
1246 5053 1376 5108 ἄλλο
1409 5055 1532 5110 κατ’
1557 5056 1686 5111 ἄλλο
1721 5058 1888 5128 μέρος

302 5147 406 5216 τήν
448 5143 775 5216 Ἐκκλησίαν
826 5159 922 5197 σου
971 5145 1154 5198 πᾶσαν
1187 5159 1201 5174 ·
1252 5145 1346 5198 καὶ
1387 5148 1507 5208 ταῖς
1549 5147 1747 5216 αὐγαῖς
1773 5149 1889 5218 ,τῆς

301 5236 597 5308 ὁμολογίας
651 5235 809 5308 δίκην
866 5233 1116 5306 ἀστέρων
1173 5236 1607 5309 φρυκτωροῦντα
1662 5240 1776 5302 τοῖς
1829 5242 1888 5294 ὲν

301 5325 648 5396 νυκτομαχίᾳ
694 5325 794 5396 τῆς
828 5325 1119 5394 αἱρέσεως,
1153 5325 1216 5378 τὸ
1238 5326 1354 5396 φῶς
1407 5327 1508 5398 τῆς
1535 5328 1846 5400 όροοδοξίας
1871 5346 1884 5357 ·

301 5417 371 5469 τά
407 5416 508 5486 μὶν
555 5415 788 5470 τυθέντα
824 5416 944 5487 Θεῷ
992 5416 1062 5470 δι’
1081 5417 1383 5489 ἀθλητικῆς
1413 5419 1747 5485 τελειώσεως
1769 5437 1785 5454 ο
1810 5424 1878 5476 τὰ

299 5508 357 5561 δὲ
409 5505 702 5573 ἀθλοῦντα,
752 5507 920 5579 μηδὲν
957 5508 1378 5579 ὑποπτήσσοντα
1417 5510 1526 5564 τῶν
1556 5511 1837 5583 παρόντων
1861 5529 1875 5542 σ

299 5597 441 5652 ἀλλὰ
495 5597 816 5670 ρωννύμενα
863 5599 987 5662 ταῖς
1040 5597 1338 5653 θεοκλινέσι
1383 5616 1478 5653 σου
1525 5605 1876 5673 προσευχαῖς.

300 5684 454 5756 Αὖτη
501 5687 535 5756 ή
580 5684 708 5752 δόξα
760 5703 853 5740 σου
889 5689 992 5757 τῆς
1032 5687 1359 5759 Ἐκκλησίας
1394 5705 1406 5718 ο
1456 5688 1614 5743 τοῦτό
1672 5708 1766 5744 σου
1820 5693 1880 5744 τὸ

380 5804 420 5835 ¹⁹
440 5801 556 5863 Jac.
587 5821 642 5873 ν,
675 5805 761 5860 16.
839 5808 900 5883 ’ξ’
933 5805 1131 5871 Philip.
1168 5823 1227 5872 ιι,
1267 5807 1319 5862 8.
1401 5807 1628 5863 "Hebr.
1659 5825 1737 5874 XI,
1774 5808 1866 5864 ‘25.

1988 5073 2126 5126 pene
2156 5058 2396 5114 Ecclesia
2423 5070 2515 5115 tua
2549 5061 2722 5117 variis
2740 5062 2880 5118 locis
2910 5066 3139 5134 positas,
3175 5075 3231 5122 et
3255 5068 3561 5126 confessio-

1987 5149 2074 5204 nis
2125 5166 2237 5204 sna:
2276 5151 2509 5223 fulgore,
2556 5153 2842 5209 stellarum
2873 5155 3069 5221 instar,
3117 5156 3186 5213 iis
3231 5160 3325 5229 qui
3375 5161 3428 5214 in
3457 5175 3559 5215 no-

1986 5241 2200 5296 cturnis
2247 5243 2516 5300 haereseos
2571 5245 2814 5302 tenebris
2860 5257 3187 5314 versantur,
3244 5251 3562 5308 orthodoxae

1985 5332 2109 5387 fidei
2148 5335 2328 5389 lumen
2366 5335 2722 5394 ostendentes
2751 5355 2767 5393 :
2795 5338 2933 5396 alias
2963 5341 3184 5411 quidem
3227 5341 3338 5398 Deo
3367 5343 3562 5398 immo-

1986 5421 2129 5478 latas
2157 5440 2254 5494 per
2277 5427 2594 5482 athleticam
2626 5432 3184 5496 consummationem,
3209 5431 3347 5507 alias
3371 5431 3563 5488 decer-

1986 5523 2164 5571 tantes
2223 5517 2342 5574 sine
2391 5519 2505 5573 ullo
2560 5524 2918 5590 pra-sentium
2965 5538 3151 5578 rerum
3205 5533 3350 5578 metu
3400 5543 3412 5578 :
3465 5528 3558 5580 sed

1988 5603 2156 5660 Deum
2193 5607 2538 5666 flectentibus
2566 5613 2822 5681 precibus
2850 5612 2960 5668 tuis
2987 5613 3394 5669 corroboratas.
3436 5615 3561 5670 llam

1989 5702 2072 5748 cst
2096 5695 2264 5765 gloria
2299 5698 2555 5757 Ecclesiae
2585 5712 2692 5758 tuae
2723 5720 2736 5757 :
2771 5704 2873 5758 hoc
2903 5702 3118 5773 insigne
3161 5718 3226 5760 ac
3251 5707 3558 5776 symbolum
