4054 6364
485 399 628 468 1175
696 378 698 381 ’

1673 387 1734 447 S.
1765 383 2158 446 THEODORI
2212 382 2560 445 STUDITIE

3617 380 3751 449 1176

485 509 734 584 martyrii
770 528 784 566 :
814 506 961 581 quod
995 519 1234 578 sequens
1283 508 1418 559 telas
1460 497 1766 569 excipiens,
1804 499 1976 552 Deum
2012 497 2066 550 in

2192 494 2454 566 ςύσσημον
2503 496 2604 566 τῆς
2643 493 2950 584 μαρτυρίας
2978 511 2992 526 ο
3042 495 3181 568 ὅπερ
3228 493 3258 548 6
3289 497 3498 568 μέλλων
3563 503 3750 571 χρόνος

487 617 560 671 te,
611 604 690 660 uti
739 617 907 667 nunc,
949 596 1297 672 glorilicahit.
1343 593 1508 648 Multa
1559 591 1655 646 tibi
1707 605 1808 660 pro
1849 589 2072 645 Christo

489 694 726 765 imagine
763 689 1025 763 pugnanti
1066 685 1317 744 encomia
1354 683 1646 739 debentur.
1692 679 1800 736 Sed
1844 679 2070 750 ignosce

489 785 642 851 mihi,
672 784 765 840 Dei
799 783 1066 846 imitator,
1099 779 1194 851 qui
1227 777 1346 832 haec
1392 790 1461 830 ex
1496 789 1688 829 amore
1725 789 1895 831 ausus
1922 789 2066 838 sum,

2171 585 2591 655 ὑποδεξάμενος,
2617 583 2861 650 δοξάσειε
2891 585 2984 638 τὸν
3011 584 3147 640 Θεὸν
3183 587 3242 640 ἐν
3276 591 3380 658 σοὶ,
3409 591 3486 655 ῶς
3537 593 3634 646 καὶ
3680 595 3749 647 τά

2167 673 2284 729 νῦν.
2329 675 2510 730 Πολλά
2546 693 2630 730 σοι
2682 675 2749 729 τὰ
2795 673 3050 746 ἐγκώμια
3073 677 3454 750 ὀφείλεταιτῷ
3487 681 3628 752 ὑπὲρ
3651 684 3749 753 τῆς

2166 767 2374 831 εἰκόνος
2405 767 2642 840 Χριστοῦ
2672 766 3009 822 ἐναθλοῦντι.
3048 769 3212 824 Ἀλλά
3251 788 3342 841 μοι
3373 771 3670 842 σύγγνωθι,
3703 769 3750 828 ὦ

488 891 612 945 quae
642 874 756 930 dixi
789 887 1021 929 :sacras
1056 883 1248 940 preces
1277 876 1402 922 tuas
1436 865 1778 935 impertiens,
1818 873 1878 919 nt
1907 864 2070 918 mini-

2192 861 2490 930 ιεῳίμητε,
2519 860 2855 931 τολμήσαντι
2884 863 2951 915 ἐκ
2977 861 3144 916 πόθου
3173 863 3233 916 ἐν
3264 857 3346 927 οἷς
3374 863 3746 935 ἐφθεγξάμην·

493 981 617 1021 unus
663 965 810 1021 ﬁlius
841 974 967 1020 tuus
1019 976 1146 1018 esse
1196 975 1306 1014 non
1351 957 1625 1022 desinam,
1669 956 1764 1027 qui
1815 955 2090 1031 omnium,

2192 947 2527 1019 [αριζόμενος
2575 948 2676 1020 τὴν
2733 949 2885 1020 ἱεράν
2939 967 3034 1004 σου
3096 952 3427 1023 προσευχὴν,
3463 953 3541 1018 ῶς
3577 954 3644 1008 ἂν
3676 955 3752 1027 μὴ

493 1057 730 1112 maxime
761 1052 976 1110 inutilis
1002 1065 1125 1108 sum
1151 1057 1376 1120 propter
1407 1055 1657 1118 peccata.

970 1275 1115 1331 XIX.
1146 1305 1216 1317 ——
1245 1269 1594 1328 Monialibua.

2174 1040 2510 1110 ἀποπέσοιμι
2556 1039 2650 1094 τοῦ
2697 1036 2838 1094 εἷναί
2887 1057 2980 1095 σου
3008 1041 3292 1112 ἐλάχιστον
3323 1045 3513 1099 τέκνον
3542 1085 3560 1113 ,
3591 1047 3620 1099 ὁ
3645 1046 3751 1100 τῶν

2175 1131 2430 1186 ἁπάντων
2455 1131 2805 1205 ἀχρειότερος
2825 1133 2916 1188 διὰ
2942 1132 3042 1198 τὰς
3074 1134 3374 1208 ἁμαρτίας.

2536 1273 2638 1327 1Θν.
2659 1299 2719 1314 -—-
2745 1271 3176 1338 MaraCozio'atc.
3208 1271 3400 1346 [σκα¹.]

1582 1409 1660 1462 Ad
1685 1409 1936 1474 religiosa
1964 1411 2076 1461 vitae
2109 1411 2467 1474 perfectionem
2489 1416 2696 1466 excitat.

563 1554 780 1626 Optima
811 1551 878 1606 ad
918 1565 1007 1606 me
1027 1550 1171 1605 fama
1198 1547 1405 1620 perlata
1433 1547 1500 1603 de
1526 1547 1831 1603 reverentia
1867 1555 2070 1610 vestra,

493 1664 596 1718 ego
630 1645 852 1701 humilis
877 1644 1030 1698 laetor
1057 1659 1071 1696 :
1106 1639 1379 1710 imprimis
1404 1639 1551 1709 quod
1579 1638 1804 1710 sanguis
1831 1649 1886 1692 et
1914 1637 2073 1706 spiri-

2262 1547 2498 1619 Ἀγαθὴν
2530 1547 2700 1621 ἀκοὴν
2741 1547 3103 1620 ἐνηχούμενος
3135 1548 3264 1621 περὶ
3291 1549 3393 1620 τῆς
3439 1551 3752 1622 τιμιότητος

2181 1637 2334 1708 ὑμῶν
2350 1637 2526 1708 χαίρω
2546 1640 2575 1692 6
2595 1637 2870 1701 ταπεινός·
2897 1637 3130 1707 μάλιστα
3147 1637 3230 1692 ὅτι
3251 1631 3393 1709 αἷμα
3422 1641 3518 1693 καὶ
3535 1641 3752 1709 πνεῦμά

500 1750 587 1796 tns
613 1741 748 1794 estis
771 1735 1010 1792 hominis
1037 1734 1156 1800 Dei,
1181 1743 1236 1790 et
1261 1732 1575 1788 communis
1607 1731 1871 1802 parentis.
1895 1731 2074 1787 Vehe-

2192 1731 2299 1782 ἐστε
2342 1728 2437 1782 τοῦ
2486 1727 2774 1797 ἀνθρώπου
2806 1728 2900 1782 τοῦ
2951 1728 3086 1782 Θεοῦ
3137 1729 3231 1782 καὶ
3286 1729 3467 1784 κοινοῦ
3515 1732 3742 1803 Πατρός.

499 1832 737 1888 manlius
795 1839 979 1885 autem
1037 1827 1253 1898 gaudeo
1298 1834 1353 1881 et
1403 1825 1652 1898 glarilico
1701 1824 1894 1891 Deum,
1947 1840 2070 1879 cum

499 1924 666 1979 audio
696 1921 1003 1992 perstitisse
1040 1934 1142 1973 vos
1177 1918 1445 1972 hactenus
1476 1917 1625 1971 nulla
1670 1916 2076 1972 communionis

503 2014 770 2069 haeretica:
802 2012 921 2065 labe
961 2023 1239 2078 aspersas.
1269 2006 1338 2062 Et
1365 2022 1463 2064 eos
1493 2009 1682 2078 utique
1714 2016 1952 2077 oportet,
1981 2005 2075 2077 qui

501 2115 632 2160 sunt
678 2116 906 2173 corpore
956 2101 1188 2166 illibati,
1248 2099 1372 2154 ﬁdei
1437 2113 1660 2168 quoque
1711 2099 2077 2170 integritatem

503 2197 797 2253 custodire.
833 2193 1241 2250 Fornicationis
1262 2192 1410 2247 enim
1437 2205 1611 2261 genus
1637 2200 1744 2258 est,
1774 2207 1807 2246 ο
1837 2191 2078 2261 prudent-

507 2291 776 2353 tissimae,
832 2287 918 2344 vel
977 2284 1370 2343 communione
1421 2283 1671 2354 copulari
1705 2300 1718 2336 :
1748 2297 1778 2337 a
1829 2298 1937 2352 qna
1983 2297 2081 2338 vos

508 2383 775 2438 Dominus
802 2393 980 2449 usque
1024 2377 1081 2432 in
1120 2375 1282 2432 tinem
1331 2384 1513 2432 servet
1555 2373 1812 2438 intactas,
1841 2375 1935 2443 qui
1982 2389 2081 2430 vos

506 2475 626 2542 ipse
678 2471 783 2528 sibi
839 2484 936 2540 per
975 2465 1310 2538 virginitatis
1352 2476 1543 2520 vatum
1597 2465 1910 2534 despondit.
1957 2462 2083 2519 Haec

509 2564 658 2629 pl'iOl‘
698 2575 828 2630 pars
861 2556 1132 2615 orationis
1177 2569 1335 2611 meat.
1381 2552 1786 2610 lnstitutionem
1830 2563 2012 2607 autem
2050 2567 2082 2606 a

509 2672 598 2712 me
647 2665 933 2726 peccatore
977 2669 1078 2710 cur
1122 2651 1417 2724 ﬂagitatis.
1463 2665 1590 2705 cum
1639 2650 1762 2706 sitis
1809 2649 1940 2720 ipsa:
1989 2664 2085 2720 per

509 2750 712 2805 Christi
734 2749 968 2820 gratiam
993 2762 1024 2800 a
1045 2746 1158 2800 Deo
1182 2744 1427 2802 edoctae?
1449 2742 1586 2798 Nam
1615 2753 1670 2797 et
1692 2759 1758 2798 ex
1783 2743 1890 2811 piis
1910 2743 2084 2798 ambae

511 2851 645 2897 ortae
687 2838 1032 2911 parentibus,
1062 2845 1118 2892 et
1150 2836 1397 2891 scientiae
1443 2833 1681 2899 eximiae,
1720 2841 1776 2887 et
1813 2833 1933 2903 ipso
1963 2833 2088 2886 vitae

513 2938 712 3002 genere
770 2929 1080 2985 doctrinam
1138 2927 1528 2982 mandatorum
1588 2923 1962 2994 praeferentes.
2027 2923 2084 2978 Si

514 3023 647 3091 quid
691 3033 872 3078 autem
919 3029 974 3077 et
1023 3035 1056 3076 a
1103 3019 1264 3076 nobis
1313 3016 1583 3089 imperitis
1627 3017 1888 3088 poscitis,
1926 3016 2088 3072 timor

2180 1820 2380 1873 Ἔτιδέ
2411 1819 2814 1892 περισσοτέρως
2862 1819 3059 1891 ἥδομαι
3092 1821 3186 1874 καὶ
3227 1821 3436 1888 δοξάζω
3465 1823 3558 1877 τὸν
3594 1797 3773 1889 debv:

2179 1909 2465 1978 μανθάνων
2492 1910 2575 1963 ὃτι
2602 1911 2864 1980 ἀχραντοι
2903 1909 3346 1990 διαμεμενήκατε
3391 1913 3499 1970 ἓως
3529 1913 3624 1968 τοῦ
3657 1914 3750 1969 νῦν

2178 2000 2278 2064 τῆς
2310 2000 2420 2054 τῶν
2455 2002 2752 2071 αίρετικῶν
2803 2003 3108 2066 κοινωνίας.
3165 2003 3343 2073 Καίγε
3401 2004 3484 2058 δεῖ
3515 2008 3641 2070 τοὺς
3686 2009 3753 2062 τὰ

2181 2091 2410 2162 σώματα
2450 2093 2707 2162 ἀνέπαφα
2761 2092 3006 2164 ἔχοντας,
3063 2093 3158 2148 καὶ
3211 2095 3356 2150 κατά
3415 2097 3515 2168 τὴν
3571 2099 3755 2152 πίστιν

2183 2180 2558 2250 παρθενεύειν.
2590 2183 2822 2253 Μοιχεία
2858 2183 2967 2254 γάρ
2995 2185 3165 2250 ἐστιν,
3203 2179 3250 2240 ὦ
3291 2188 3636 2254 πανσύνετοι,
3666 2191 3755 2243 καὶ

2179 2271 2242 2324 τὸ
2286 2271 2384 2342 τῆς
2420 2273 2707 2337 κοινωνίας
2747 2275 3030 2345 μετέχεινο
3062 2269 3130 2348 ἦς
3161 2277 3305 2348 ὑμᾶς
3355 2279 3559 2350 Κύριος
3597 2282 3754 2352 μέχρι

2182 2362 2371 2426 τέλους
2405 2363 2785 2436 διατηρήσειεν
2817 2365 3187 2437 ἐναψαύστους
3206 2383 3220 2399 ⁶
3254 2370 3283 2423 6
3307 2372 3757 2443 νυμφευσάμενος

2183 2453 2363 2526 ἐαυτῷ
2409 2455 2496 2508 διὰ
2535 2452 2632 2509 τοῦ
2680 2455 2822 2511 κατά
2870 2456 2968 2528 τὴν
2994 2458 3293 2528 παρθενίαν
3323 2461 3757 2533 ἐπαγγέλματος.

2184 2539 2357 2609 Οὗτος
2403 2547 2432 2599 ό
2489 2546 2704 2618 πρῶτός
2761 2564 2852 2616 μοι
2890 2546 3067 2617 λόγος.
3123 2550 3485 2607 Διδασκαλίαν
3517 2555 3576 2608 δὲ
3631 2554 3759 2625 παρ’

2185 2635 2320 2706 ἐμοῦ
2352 2634 2447 2690 τοῦ
2472 2637 2802 2708 ἁμαρτωλοῦ
2847 2637 2934 2693 ἵνα
2989 2640 3044 2694 τί
3075 2642 3352 2708 αίτεῖσθε;
3395 2645 3556 2714 ὑμεῖς
3588 2646 3758 2700 θεοδίι

2184 2726 2369 2780 δακτοί
2407 2729 2532 2781 ἐστε
2575 2730 2757 2799 χάριτι
2784 2728 3044 2801 Χριστοῦ.
3079 2733 3188 2787 Καὶ
3213 2733 3321 2805 γὰρ
3343 2737 3439 2788 καὶ
3463 2739 3528 2790 ἐκ
3561 2739 3761 2805 γονέων

2171 2815 2427 2904 ,εὐσεϐῶν
2463 2817 2792 2890 ἀμφότεραι,
2826 2820 2922 2874 καὶ
2970 2820 3172 2890 γνώσει
3216 2824 3571 2897 διαφέρουσαι
3601 2843 3621 2861 ο
3669 2830 3762 2882 καὶ

2186 2907 2267 2978 τῷ
2293 2907 2394 2979 βίῳ
2421 2907 2482 2961 τὸ
2532 2907 2876 2963 διδασκάλων
2897 2911 3008 2966 τῶν
3031 2913 3261 2969 ἐντολῶν
3307 2916 3760 2988 προσαλλόμεναι.

2189 2999 2252 3070 Εἰ
2279 2998 2336 3053 δέ
2365 3016 2420 3053 τι
2442 2999 2535 3054 καὶ
2563 3001 2693 3072 παρ’
2715 3003 2872 3074 ήμῶν
2894 3003 3102 3057 δέοισθε
3131 3005 3242 3060 τῶν
3265 3006 3514 3077 ἀμαθῶν·
3541 3011 3572 3062 6
3604 3009 3764 3078 φόσος

517 3115 612 3169 Dei
659 3112 1076 3183 conquirendus
1116 3109 1410 3180 imprimis.
1443 3108 1580 3164 Nam
1619 3108 1668 3164 is
1705 3107 1798 3163 ubi
1843 3109 2085 3162 animum

2192 3091 2283 3145 τοῦ
2313 3091 2449 3146 Θεοῦ
2501 3093 2562 3146 τὸ
2606 3095 2956 3166 ζητούμενον.
2981 3091 3150 3162 Οὗτος
3187 3098 3297 3170 γὰρ
3327 3099 3386 3153 ἐν
3418 3100 3620 3172 καρδίᾳ
3676 3101 3762 3155 δε-

515 3203 707 3269 suhiit,
758 3203 852 3256 lux
903 3200 1148 3266 affulsit,
1193 3199 1422 3254 vitiosos
1472 3197 1798 3269 temperavit
1839 3196 2088 3252 allectus.

517 3294 650 3350 inde
695 3293 1070 3364 compunctio,
1130 3292 1404 3364 lacrymm,
1465 3289 1655 3344 mundi
1705 3288 1915 3352 odium,
1965 3287 2090 3343 coeli

518 3386 886 3450 desiderium;
915 3393 971 3440 et
994 3384 1128 3454 quid
1157 3399 1268 3438 non
1303 3382 1431 3436 inde
1456 3390 1667 3436 rectum
1697 3381 1941 3436 oriatur?
1969 3379 2094 3434 llaec

519 3479 618 3534 Dei
659 3477 915 3532 videlicet
967 3475 1296 3530 inhabitatio
1345 3483 1472 3530 est:
1507 3473 1599 3527 ubi
1643 3487 1773 3528 vero
1810 3472 1976 3537 Deus,
2016 3473 2092 3528 ibi

520 3571 647 3626 forts
672 3569 964 3631 bonorum,
998 3583 1124 3637 pax,
1153 3567 1441 3638 gaudium,
1472 3566 1734 3622 charitas.
1766 3565 1967 3622 [lartor
1996 3583 2094 3624 vos

521 3663 708 3732 itaque
756 3674 858 3730 ego
893 3659 1138 3722 humilis,
1186 3674 1292 3714 non
1337 3659 1405 3714 ad
1454 3674 1518 3713 ea
1565 3673 1688 3728 quae
1735 3659 2096 3714 circumstant

519 3751 767 3821 exempla
799 3750 1017 3816 intueri,
1051 3747 1288 3804 maxime
1319 3764 1452 3804 vero
1496 3763 1606 3802 non
1649 3748 1715 3803 ad
1756 3749 2090 3812 simulatam,

521 3859 684 3914 quam
730 3843 1001 3912 pleraeque
1041 3839 1308 3896 moniales
1357 3838 1676 3910 praeferunt,
1721 3840 2095 3894 conversatio-

521 3951 646 3990 nem
683 3933 942 4005 tepidam,
983 3943 1041 3988 ut
1073 3932 1146 3987 ita
1186 3932 1399 4001 loquar,
1451 3940 1508 3986 et
1536 3931 1824 3986 remissam
1857 3949 1873 3985 ε
1901 3931 1993 3986 sed
2027 3931 2095 3986 ad

520 4027 737 4099 egregia
778 4025 1132 4096 exemplaria,
1163 4040 1397 4096 quorum
1423 4025 1564 4080 vitas
1599 4025 1813 4080 habetis
1847 4038 1954 4094 pra:
1985 4040 2098 4078 ma-

522 4122 686 4176 nibus
715 4119 902 4174 divino
931 4117 1141 4189 passim
1175 4131 1362 4172 amore
1401 4127 1768 4173 cornscantes
1800 4136 1814 4172 :
1846 4117 2097 4186 quamle-

520 4214 739 4284 quidem
776 4227 878 4268 nec
909 4211 1083 4281 pictor
1128 4224 1194 4264 ex
1225 4209 1590 4275 deformibus,
1641 4209 1734 4265 sed
1781 4226 1848 4263 ex
1882 4211 2098 4267 decoris

342 4309 348 4315 '
395 4327 410 4353 ν
523 4305 854 4376 imaginibus
887 4318 954 4360 ac
985 4308 1256 4358 vetustate
1300 4300 1616 4371 conspicuis
1667 4301 1958 4372 imaginem
2007 4318 2099 4358 cx-

523 4397 807 4469 presserit.

595 4510 742 4578 Quid
782 4510 839 4566 in
881 4508 992 4565 illis
1037 4507 1197 4564 vobis
1232 4508 1578 4580 exploratum
1623 4511 1728 4567 sit?
1766 4510 1981 4567 Salutio
2028 4513 2098 4566 ah

527 4604 818 4659 ali‘ectuum
867 4599 1129 4666 vinculis,
1174 4600 1354 4657 virilis
1410 4611 1666 4671 aspectus
1712 4601 1860 4673 fuga,
1917 4601 2099 4671 quoad

525 4697 649 4768 ejus
699 4695 816 4752 ﬁeri
875 4701 1076 4766 potest,
1121 4692 1397 4750 demissus
1439 4692 1611 4748 animi
1668 4708 1883 4758 sensus,
1937 4693 2103 4748 vestis

529 4785 773 4850 sordida,
805 4783 1055 4855 deiectus
1085 4783 1140 4838 in
1176 4791 1377 4838 terram
1407 4782 1624 4844 oculus.
1654 4781 1876 4838 inutiles
1905 4797 2101 4836 narra-

531 4876 808 4932 tinnculas
841 4875 996 4931 auris
1023 4874 1259 4938 evitans,
1291 4887 1355 4928 os
1383 4873 1565 4928 divina
1594 4873 1848 4943 loquens,
1887 4872 2104 4927 vexatio

533 4967 804 5038 corporis.
857 4964 996 5022 Nam
1059 4967 1142 5022 sic
1194 4965 1424 5022 allectus
1479 4965 1665 5020 carnis
1716 4970 2103 5032 superarunt:

533 5057 976 5128 quandoquidem
1019 5073 1148 5112 cara
1191 5057 1510 5128 concupiscit
1553 5055 1802 5111 adversus
1837 5054 2104 5124 spiritum,

536 5163 598 5206 ut
627 5151 896 5220 scriptum
929 5158 1015 5204 cst
1035 5189 1051 5214 ,
1105 5151 1323 5219 spiritus
1358 5159 1534 5204 autem
1569 5148 1821 5202 adversus
1851 5160 2106 5200 carnem:

537 5245 650 5299 lucc
674 5243 815 5296 enim
850 5241 950 5297 sibi
979 5239 1204 5296 invicem
1231 5240 1586 5295 adversantur
1605 5240 1676 5305 ",
1706 5248 1762 5294 et
1796 5246 1881 5294 est
1905 5237 2106 5292 bellum

538 5333 902 5406 implacabile.
947 5333 1126 5400 Quare
1189 5332 1338 5386 omni
1391 5333 1480 5387 die
1519 5345 1742 5387 necesse
1785 5339 1891 5394 est,
1945 5343 2114 5400 prope

539 5428 772 5484 dixerim
801 5425 953 5480 omni
984 5423 1146 5490 hora,
1184 5422 1448 5478 adversus
1478 5422 1606 5477 vitia
1637 5431 1860 5478 strenue
1898 5437 2000 5477 nos
2029 5421 2114 5476 di-

542 5520 768 5582 micare,
812 5513 925 5572 Doo
954 5519 1234 5584 spectante
1261 5526 1327 5567 ac
1349 5512 1596 5582 iuvante,
1622 5521 1747 5582 post
1791 5511 2112 5566 diuturnum

543 5619 821 5663 certamen
859 5606 1074 5662 hostem
1121 5605 1428 5674 vincentes,
1475 5605 1569 5675 qui
1613 5614 1857 5660 nostrum
1897 5617 2113 5672 semper

2195 3183 2365 3254 χθεὶς,
2392 3185 2507 3255 φῶς
2537 3184 2770 3258 ἔλαμψε,
2792 3189 2860 3242 τὰ
2889 3188 3036 3261 πάθη
3063 3189 3350 3259 ἐμείωσεν.
3388 3192 3478 3257 Ἐξ
3507 3187 3567 3247 οῦ
3603 3195 3766 3248 κατά-

2191 3277 2342 3341 νυξις
2367 3293 2382 3308 ·
2409 3277 2641 3349 δάκρυον
2671 3295 2686 3310 ο
2717 3283 2875 3351 μῖσος
2908 3283 3111 3352 κόσμου
3139 3300 3152 3312 ο
3181 3281 3449 3355 ἐπιθυμία
3480 3285 3727 3356 οὐρανῶν
3749 3302 3761 3315 ·

2193 3370 2287 3421 καὶ
2316 3368 2368 3422 τί
2398 3369 2506 3441 γὰρ
2553 3371 2616 3425 οὐ
2662 3372 2825 3426 καλὸν
2873 3373 3123 3428 ἐντεῦθεν
3165 3377 3553 3446 προσγίνοιτο;
3603 3377 3767 3432 Τοῦτο

2192 3458 2286 3514 οῦν
2309 3463 2456 3516 ἐστιν
2485 3462 2756 3534 ἐνοίκησις
2785 3465 2942 3518 Θεοῦο
2981 3460 3043 3521 οὗ
3085 3466 3139 3520 δὲ
3164 3467 3318 3534 Θεὸς,
3350 3469 3469 3522 ἐκεῖ
3494 3470 3602 3523 τῶν
3632 3473 3764 3538 ἀγα-

2195 3555 2303 3608 θῶν
2359 3556 2391 3626 ή
2443 3555 2616 3626 πηγὴ,
2648 3557 2860 3630 είρήνη,
2893 3558 3060 3630 χαρὰ,
3088 3559 3302 3633 ἀγάπη.
3337 3563 3650 3634 Παρακαλῶ
3679 3561 3768 3619 οῦν

2195 3648 2338 3717 ὑμᾶς
2368 3649 2396 3700 6
2429 3650 2681 3713 ταπεινὸς
2701 3688 2717 3715 ,
2752 3653 2826 3722 μὴ
2858 3652 2996 3722 πρὸς
3025 3654 3096 3707 τὰ
3121 3653 3234 3708 τῶν
3281 3656 3510 3726 πλησίον
3537 3659 3766 3712 ἀποϐλέ-

2197 3757 2318 3794 πειν
2351 3742 2769 3814 παραδείγματα
2787 3761 2800 3776 ·
2833 3745 2926 3798 καὶ
2951 3745 3188 3816 μάλιστα
3215 3749 3314 3819 τῆς
3342 3750 3692 3815 ἐπιπλάστως
3715 3754 3768 3805 ἐν

2196 3835 2316 3895 ταῖς
2334 3832 2612 3898 πλείσταις
2639 3823 2758 3889 τῶν
2776 3837 3122 3907 μοναζουσῶν
3149 3840 3596 3912 ἐπιδεδειγμένης
3623 3843 3771 3896 πολι-

2196 3926 2346 3989 τείας
2377 3927 2625 3996 χλιαροῖς,
2664 3928 2731 3980 ἵν’
2759 3929 2932 3993 οὕτως
2959 3931 3120 3996 εἴπω,
3168 3933 3265 3986 καὶ
3318 3935 3764 4005 συγκεχυμένης·

2198 4015 2334 4069 ἀλλὰ
2363 4021 2500 4088 πρὸς
2536 4019 2598 4071 τὰ
2626 4018 2913 4088 ἀρχέτυπα
2943 4019 3138 4091 κάλλη,
3173 4015 3250 4076 ὧν
3279 4023 3328 4076 ai
3360 4023 3467 4093 βίοι
3499 4025 3558 4078 ἐν
3589 4025 3768 4096 χερσὶν

2199 4107 2392 4178 ὑμῶν,
2465 4107 3016 4179 ἀστραπηφοροῦντες
3077 4111 3207 4174 τοὺς
3279 4111 3460 4177 θείους
3521 4113 3767 4184 ἔρωτας·

2200 4201 2322 4255 ἐπεὶ
2369 4199 2464 4254 καὶ
2506 4199 2798 4270 ζωγράφος
2851 4201 2954 4253 οὐκ
3005 4202 3071 4254 ἐκ
3118 4201 3360 4272 φαύλων,
3383 4203 3501 4258 ἀλλ’
3527 4203 3588 4270 ἐξ
3609 4204 3758 4275 ὡραῖ·

2202 4293 2416 4364 σμένων
2438 4294 2528 4346 καὶ
2554 4291 2877 4362 ἀρχαιότητι
2909 4293 3275 4364 διαφερόντων
3324 4295 3554 4349 εἰκόνων
3607 4314 3766 4366 μετα*

2201 4387 2464 4457 γράφοιεν
2492 4386 2696 4439 εἰκόνα.

2270 4499 2336 4552 Τί
2367 4495 2436 4570 ἧν
2465 4499 2522 4553 ἐν
2552 4498 2790 4563 ἐκείναις
2821 4497 3064 4568 γνωστὸν
3103 4498 3266 4568 ὕμῖν;
3311 4499 3484 4563 Λύσις
3537 4501 3646 4553 τῶν
3688 4501 3768 4555 δε-

2205 4589 2358 4659 σμῶν
2391 4589 2490 4659 τῆς
2523 4589 2919 4660 προσπαθείαςο
2941 4589 3088 4661 φυγὴ
3114 4590 3414 4662 ἀρῤενικῆς
3441 4592 3622 4662 ὕψεως
3649 4595 3766 4648 ὅσον

2204 4681 2496 4752 ἐνδέχεται·
2525 4679 3002 4750 καταϐεϐλημένον
3025 4680 3300 4752 φρόνημαο
3336 4683 3569 4753 ρυπῶσα
3593 4671 3765 4755 ἐσθὴς,

2204 4772 2358 4843 δμμα
2407 4771 2559 4826 κάτω
2610 4771 2882 4834 νενευκός.
2917 4767 3024 4835 Οῦς
3072 4770 3274 4841 φεῦγον
3303 4772 3560 4845 ἀνωφελῆ
3612 4776 3771 4829 ἀκού·

2209 4880 2390 4933 σματα
2417 4877 2432 4892 ⁶
2467 4862 2642 4932 στόμα
2669 4860 2863 4914 λαλοῦν
2893 4861 3072 4927 ἔνθεα,
3105 4862 3470 4934 ὑπωπιασμὸς
3505 4865 3769 4936 σώματος.

2207 4951 2367 5006 Οὕτω
2393 4951 2502 5021 γὰρ
2530 4950 2909 5021 περιεγένοντο
2938 4949 3031 5003 τοῦ
3055 4951 3151 5020 τῆς
3183 4952 3384 5022 σαρκὸς
3408 4957 3770 5026 φρονήματος

2209 5045 2440 5114 ἐπείπερ
2491 5045 2531 5113 ἡ
2571 5044 2728 5112 σὰρξ
2765 5043 3044 5113 ἐπιθυμεῖ
3080 5045 3232 5101 κατὰ
3268 5047 3374 5102 τοῦ
3417 5051 3776 5119 πνεύματος,

2209 5138 2286 5201 ὡς
2330 5136 2658 5207 γέγραπται·
2715 5135 2782 5190 τὸ
2809 5133 2878 5186 δὲ
2921 5134 3158 5203 πνεῦμα
3206 5137 3355 5190 κατά
3386 5136 3498 5206 τῆς
3527 5140 3774 5207 σαίνως’

2209 5229 2402 5284 ταῦτα
2447 5226 2516 5281 δὲ
2562 5226 2887 5282 ἀντίκειται
2939 5226 3236 5296 ἀλλήλοις
3261 5243 3275 5257 °
3319 5228 3414 5282 καὶ
3473 5231 3779 5301 ἀκήρυκτος

2215 5323 2470 5392 πόλεμος.
2510 5321 2621 5375 Καὶ
2675 5320 2756 5372 δεῖ
2802 5319 2948 5388 ἡμᾶς
3000 5321 3180 5373 πᾶσαν
3228 5320 3462 5392 ἡμέραν,
3520 5324 3663 5378 εἴπω
3695 5324 3782 5376 καὶ

2215 5415 2388 5486 ὥραν,
2420 5410 2747 5467 ὁπλίσασθαι
2781 5411 2924 5465 κατά
2966 5411 3078 5466 τῶν
3127 5412 3317 5466 παθῶν
3346 5413 3619 5484 ἀνδρικῶς
3653 5416 3781 5485 μετᾶ

2217 5507 2354 5562 Θεοῦ
2400 5506 2497 5560 καὶ
2529 5507 2626 5560 σὺν
2657 5503 2798 5575 Θεῷ,
2831 5506 2889 5558 ἐν
2933 5503 3116 5575 πολλῷ
3153 5504 3327 5573 ἀγῶνι
3371 5505 3643 5569 νικῶντας
3697 5510 3781 5559 τὸν

2220 5599 2430 5672 ἐχθρὸν,
2479 5597 2572 5650 τὸν
2625 5597 2714 5650 ἀεὶ
2745 5594 2984 5665 διψῶντα
3013 5597 3114 5664 τὴν
3167 5595 3446 5651 ἀπώλειαν
3491 5599 3650 5668 ἡμῶν
3681 5616 3693 5627 ·
3727 5592 3782 5651 οὗ

545 5701 772 5756 exitium
818 5700 936 5756 sitit
964 5716 982 5758 :
1012 5699 1173 5772 cujus
1215 5699 1398 5773 jacnla
1459 5698 1662 5756 nullius
1710 5698 1930 5756 demum
1991 5715 2090 5755 sun

2224 5695 2280 5750 αἱ
2341 5692 2604 5764 ρομφαῖαι
2661 5691 2738 5754 εἰς
2797 5687 2948 5751 τέλος
2989 5686 3236 5752 ἐξέλιπον
3279 5691 3392 5753 τοῖς
3437 5691 3781 5762 προσέχουσιν

618 5843 660 5873 ³⁸
687 5842 866 5898 Galat.
891 5858 944 5909 ν,
977 5842 1064 5897 l7.

4039 3289 4041 3308 γ

4039 3487 4041 3512 1

4039 3535 4041 3560 Α

4039 3685 4041 3704 l

4039 3713 4041 3750 l

4039 3289 4041 3434 ἰ

4039 3487 4041 3512 ι

4039 3535 4041 3560 Α

4039 3685 4041 3704 l

4039 3713 4041 3750 Ι

4039 3755 4041 3770 ι

4040 4513 4041 4534 1
