4054 6364
277 373 301 440 l
317 371 413 438 ΓΠ

1393 351 1397 355 ’
1463 351 2000 417 EPISTOLARUM
2049 353 2196 413 LIB.
2256 351 2329 410 II.

3393 349 3530 415 1178

272 434 549 549 ἀσραλῶς.
597 474 712 529 Οὐκ
757 470 874 526 ἐστι
916 468 974 526 δὲ
1016 467 1092 540 μὴ
1131 467 1400 540 ἡττᾶσθαι
1453 467 1694 529 πὰντως,
1756 465 1894 521 καὶλ

1968 462 2165 515 'oboris
2213 461 2266 514 in
2312 473 2406 514 eos
2450 434 2570 528 qui.
2602 457 2705 514 sibi
2758 457 2950 514 sedulo
2998 459 3364 530 prospiciunt.
3408 461 3529 518 Non

273 567 630 642 πλήττεσθαι,
665 565 759 618 τὸν
785 562 1209 634 ἀγωνιζόμενον,
1261 561 1320 612 ὲν
1348 557 1493 628 λόγῳ
1521 559 1615 610 καὶ
1645 555 1851 626 ἐννοίᾳ,

273 667 370 720 καὶ
401 666 458 716 ὲν
488 663 596 723 τοῖς
626 657 834 728 ὁμοίοις
866 657 978 719 τοῖς
1011 653 1087 724 μὴ
1121 650 1256 722 πρὸς
1291 649 1521 703 θάνατον
1550 646 1850 719 άμαρτίαςο

272 751 409 806 ἀλλά
439 749 500 802 τὸ
531 747 728 800 θᾶττον
748 741 1103 798 ἀναπαλαίειν
1130 739 1261 812 χρὴ,
1285 738 1379 792 καὶ
1399 739 1488 790 ἐπὶ
1511 738 1608 806 τῆς
1628 736 1854 808 δεούσης

274 841 528 896 ἵστασθαι
557 835 968 898 καταστάσεως.
993 832 1436 902 Παραπτώματα
1463 831 1572 900 γὰρ
1592 832 1683 896 τίς
1708 847 1856 884 συν-

272 935 451 1000 viast;
481 933 589 985 Kal.
614 930 698 994 τίς
727 928 1064 998 καυχήσεται
1099 924 1198 996 τὴν
1226 922 1406 996 ψυχὴν
1463 924 1636 993 ἁγνὴν
1668 923 1852 993 ἔχεινς

274 1025 389 1078 Καὶ
440 1025 496 1075 ὲν
526 1021 706 1091 θλίψει
747 1020 846 1089 μὲν
871 1020 898 1072 ὁ
927 1017 986 1068 ἐν
1026 1014 1216 1086 Κυρίῳ
1264 1014 1373 1078 ζῶν
1395 1029 1410 1042 ’
1440 1013 1630 1084 ἐπειδὴ
1663 1012 1852 1080 στενὴ

274 1116 376 1168 καὶ
430 1111 784 1182 τεθλιμμένη
818 1111 856 1178 ’ἠ
888 1107 1028 1173 ὁδὸς
1056 1105 1377 1176 ἀπάγουσα
1403 1107 1491 1171 εὶς
1515 1104 1632 1172 τὴν
1660 1103 1814 1172 ζωήν
1836 1118 1849 1132 ⁸

277 1206 466 1276 ῶσπερ
519 1204 552 1273 ἡ
606 1199 822 1256 ἐναντία
855 1199 968 1260 τοῖς
997 1196 1282 1259 ἐναντίοις.
1323 1195 1455 1276 Ὅτε
1493 1194 1550 1248 δὲ
1591 1193 1733 1248 ἔλθοι
1794 1193 1855 1246 τὸ

280 1298 454 1366 πέρας
474 1293 580 1346 τῶν
605 1289 854 1360 ἀγώνων,
886 1287 1007 1341 τότε
1037 1278 1332 1348 εἴσεσθε,ὧ
1361 1275 1570 1354 νύμφαι
1592 1282 1852 1355 Χριστοῦ.

280 1389 333 1439 τί
370 1384 724 1455 προεξένησεν
757 1381 888 1450 ὑμῖν
913 1379 946 1447 ὴ
993 1376 1241 1429 πολιτεία
1267 1390 1280 1404 ·
1318 1373 1624 1444 ἀρθήσεσθε
1654 1373 1764 1442 γάρ
1797 1373 1854 1424 ἐν

281 1477 426 1548 χιιρᾴ
456 1472 805 1542 ἀνεκλαλήτῳ
823 1470 928 1522 ὑπὸ
944 1467 1165 1536 ἀγαθῶν
1187 1466 1438 1536 ἀγγέλων
1463 1482 1477 1496 ⁸
1504 1467 1598 1518 καὶ⁵
1619 1463 1856 1517 εἰσελεύ-

279 1565 437 1620 σεσθε
496 1565 575 1626 εἰς
627 1562 727 1632 τὴν
787 1558 1203 1629 ἀχειρότευκτον
1275 1556 1566 1624 παστάδα,
1618 1557 1700 1620 είς
1763 1554 1854 1608 τὸν

276 1661 532 1728 οὐράνιον
561 1653 850 1725 νυμφῶνα,
891 1652 1123 1705 πάντοτε
1178 1651 1276 1704 σῦν
1309 1650 1502 1721 Κυρίῳ
1548 1653 1629 1715 είς
1681 1649 1856 1705 αἰῶνα

1953 551 2219 620 contingit
2252 560 2434 604 autem
2483 565 2590 603 uou
2623 550 2763 605 vinci
2795 550 3045 615 omnino,
3083 565 3149 606 ac
3179 550 3390 606 nullum
3421 555 3532 607 vul-

1957 656 2060 694 nus
2097 639 2260 710 recipi
2293 639 2432 692 inter
2457 639 2839 709 praeliaudum,
2865 642 3032 709 verbo
3063 642 3146 696 vel
3178 641 3529 712 cogitatione,

1954 729 2182 798 aliisque
2215 728 2512 792 similibus,
2547 744 2670 798 qua:
2719 738 2950 784 mortem
2985 731 3192 800 peccati
3239 746 3346 785 non
3394 731 3535 788 infe-

1955 828 2083 874 runt
2130 837 2143 873 :
2178 819 2270 873 sed
2323 835 2505 889 pugna
2551 819 2840 874 confestim
2884 821 3301 890 rediutegrauda
3327 865 3341 887 ,
3380 831 3434 876 et
3478 823 3531 876 iu

1954 913 2171 984 propria
2227 912 2464 965 statione
2505 912 2939 967 consistendum.
2985 911 3193 966 Delicta
3237 914 3375 968 enim
3413 915 3532 984 quis

1954 1001 2214 1072 intelliget
2242 1003 2289 1032 "
2309 1002 2332 1056 ?
2355 1000 2421 1056 Et
2451 1002 2574 1072 quis
2605 1001 2928 1072 gloriabitur
2955 1003 3198 1057 animum
3228 1018 3287 1059 se
3322 1013 3534 1059 castum

1955 1096 2183 1167 gerem?
2234 1092 2288 1148 lu
2345 1094 2703 1150 tribulatione
2762 1095 2952 1164 utique
3007 1105 3112 1161 est,
3163 1097 3257 1165 qui
3299 1096 3432 1150 vivit
3481 1097 3538 1150 in

1956 1186 2230 1241 Domino:
2264 1187 2708 1258 quandoquidem
2767 1197 2917 1241 arcta
2957 1197 3004 1241 et
3048 1197 3275 1258 angusta
3319 1190 3402 1241 via
3459 1198 3535 1242 est

1953 1295 2071 1347 quw
2103 1279 2249 1331 ducit
2284 1278 2352 1331 ad
2392 1280 2555 1332 vitam
2579 1278 2626 1310 "
2661 1296 2675 1333 :
2704 1261 3162 1348 quemadmodum
3195 1279 3279 1333 via
3325 1289 3538 1333 contra-

1957 1369 2036 1423 ria
2067 1384 2098 1422 e
2134 1369 2434 1424 contrario.
2472 1369 2540 1424 At
2581 1384 2706 1424 cum
2738 1371 3105 1424 certaminum
3153 1369 3277 1424 finis
3304 1371 3536 1425 advene-

1956 1458 2049 1520 rit,
2091 1466 2222 1511 tunc
2263 1457 2600 1527 intelligetis,
2633 1473 2666 1513 ο
2697 1471 2915 1526 sponsa:
2957 1458 3184 1522 Christi,
3217 1457 3348 1528 quid
3381 1459 3540 1513 vobis

1961 1560 2217 1620 suscepta
2261 1548 2478 1604 vivendi
2530 1549 2672 1605 ratio
2721 1549 3058 1604 contulerit:
3095 1549 3345 1604 auferent
3391 1549 3536 1604 enim

1955 1655 2054 1696 vos
2139 1641 2404 1697 sublimes
2461 1655 2586 1694 cum
2657 1639 3008 1695 inenarrabili
3091 1640 3278 1695 laetitia
3361 1641 3538 1709 angeli

277 1752 553 1821 ἐσόμεναι.
580 1743 691 1800 Ἦν
731 1746 830 1816 μὲν
857 1743 952 1796 καὶ
978 1743 1142 1796 πλέον
1163 1759 1218 1794 τι
1244 1740 1424 1810 λέγειν
1458 1757 1475 1774 ο
1519 1741 1636 1795 ἀλλ’
1660 1741 1852 1814 ἐπειδὴ
1886 1817 1894 1821 _

1968 1731 2192 1802 optimi,
2247 1738 2302 1784 et
2345 1730 2399 1784 in
2455 1729 2758 1783 thalamum
2810 1729 3194 1801 iugrediemini
3255 1745 3361 1784 nou
3420 1744 3540 1782 ma-

280 1817 614 1910 στοχάζομαι
665 1833 1103 1908 ὑπερϐεϐηκέναι
1170 1834 1233 1886 τὸ
1303 1834 1502 1906 μέτρον
1565 1832 1666 1904 τῆς
1724 1817 1894 1886 επι-1

1968 1823 2273 1886 nul'actum,
2320 1821 2375 1874 in
2422 1819 2702 1876 caelestem
2751 1830 2955 1885 torum,
2999 1836 3216 1891 semper
3263 1837 3385 1874 cum
3439 1821 3542 1874 Do-

281 1935 474 2004 στολῆς
505 1972 522 1998 ,
571 1929 805 1984 ἐνταῦθα
847 1925 1259 1997 καταπαύσοιμι
1313 1925 1406 1980 τὸν
1447 1925 1605 1994 λόγον
1633 1941 1650 1960 ο
1709 1926 1852 1998 ὑπὲρ

277 2019 342 2078 οὗ
370 2021 669 2094 χαρίσασθέ
713 2036 807 2092 μοι
851 2019 932 2090 τῷ
978 2016 1293 2090 ἁμαρτωλῷ
1349 2017 1450 2082 τὰς
1491 2017 1654 2087 ἁγίας
1698 2018 1856 2089 ὑμῶν

278 2113 468 2186 εὐχάς.

527 2395 614 2451 κ’.
645 2425 718 2438 -
743 2393 1031 2463 Μακαρία)
1053 2391 1387 2463 ἡγουμένῳ.
1422 2390 1613 2463 [σκγ’.]

1961 1919 2111 1970 mino
2163 1915 2216 1968 in
2261 1928 2423 1969 omne
2467 1929 2644 1968 aevum
2682 1911 2906 1970 futurae.
2958 1913 3236 1968 Habebam
3286 1912 3538 1984 equidem

1959 2008 2114 2079 plura
2136 2007 2321 2062 dicere
2353 2024 2367 2061 :
2402 2006 2497 2061 sed
2537 2007 2799 2076 quoniam
2830 2007 3010 2062 sentio
3041 2021 3127 2061 me
3159 2005 3380 2060 modum
3421 2004 3542 2072 epi-

1961 2097 2115 2154 stolae
2140 2111 2580 2166 supergressum,
2606 2096 2769 2150 tinem
2805 2096 3080 2166 imponam
3115 2096 3242 2151 huic
3262 2095 3500 2151 sermoni
3524 2110 3539 2147 :

1961 2204 2060 2259 pro
2088 2203 2200 2257 quo
2240 2187 2375 2242 mibi
2404 2187 2680 2258 peccatori
2719 2197 2940 2243 sanctas
2966 2197 3178 2244 vestras
3212 2202 3400 2258 preces
3438 2185 3545 2240 im-

1963 2281 2176 2346 pertite.

2394 2383 2511 2454 XX.
2554 2397 2799 2452 Macario
2826 2397 3127 2466 prreposito.

1412 2503 1490 2554 De
1514 2503 1725 2566 quodam
1752 2505 2036 2570 praeposito,
2061 2507 2272 2572 aliisque
2298 2511 2466 2573 lapsis.

347 2620 418 2674 Τί
447 2619 642 2681 ποιεῖς,
689 2607 735 2670 ὦ
780 2614 890 2669 θεῖε
931 2612 1138 2683 Πάτερ,
1198 2609 1392 2664 ἑαυτὸν
1443 2609 1718 2664 ταπεινῶν
1767 2610 1860 2664 τὸν

281 2712 488 2784 ὑψηλὴν
516 2712 584 2782 τῇ
615 2710 819 2781 ἀρετῇο
851 2706 1000 2778 κάμὲ
1031 2703 1182 2774 ὑψῶν
1207 2704 1264 2758 ὲν
1296 2705 1411 2767 τοῖς
1447 2703 1654 2773 τιμίοις
1680 2702 1862 2772 λόγοις

284 2822 404 2867 σου,
425 2803 519 2857 τὸν
547 2799 829 2873 χθαμαλὸν
859 2801 924 2868 τῇ
954 2796 1146 2865 κακία,
1172 2795 1249 2858 ὡς
1281 2793 1499 2867 μυρίοις
1527 2794 1727 2849 πάθεσι
1760 2814 1860 2849 πο-

281 2893 670 2970 λιορκούμενον
704 2891 1086 2960 καθεκάστην;
1130 2887 1275 2956 Ἐγὼ
1325 2887 1506 2941 τοίνυν
1547 2887 1733 2951 δοῦλός
1767 2905 1863 2941 σου

2033 2614 2174 2682 Quid
2217 2617 2356 2688 agis,
2391 2631 2426 2670 ο
2468 2615 2654 2670 divine
2699 2613 2882 2680 Pater,
2921 2629 3048 2669 cum
3095 2613 3328 2684 teipsum
3363 2615 3544 2686 depri-

1964 2708 2091 2772 mis,
2146 2708 2239 2778 qui
2293 2707 2547 2762 sublimis
2594 2722 2654 2762 es
2700 2706 2958 2762 virtute:
3001 2720 3066 2761 ac
3118 2721 3206 2761 me
3246 2707 3546 2762 honorifica

1963 2795 2214 2850 oratione
2265 2804 2356 2850 tua
2406 2795 2646 2861 extollis,
2691 2795 2784 2865 qui
2825 2810 2948 2850 sum
3001 2795 3350 2866 improbitate
3397 2797 3546 2867 abje-

1969 2897 2117 2951 ctus,
2153 2889 2355 2958 quippe
2385 2886 2694 2942 innumeris
2729 2886 2977 2958 quotidie
3006 2888 3150 2942 vitiis
3187 2887 3549 2958 proﬂigatus?

284 2989 384 3042 καὶ
437 2988 587 3049 παῖς,
621 2982 891 3055 μαθητιᾷν
924 2980 1126 3052 μᾶλλον
1156 2978 1469 3050 ἐφιέμενος,
1522 2980 1556 3050 ἢ
1589 2980 1865 3034 διδάσκειν
1892 3042 1894 3061 1

1969 2978 2080 3050 Ego
2130 2980 2298 3046 igitur
2343 2995 2538 3035 servus
2583 2989 2735 3044 tuus,
2773 2994 2835 3034 ac
2873 2995 3010 3048 pene
3053 2995 3208 3050 puer,
3252 2981 3337 3036 cui
3373 2980 3550 3050 major

283 3079 608 3148 δυνάμενος.
636 3075 826 3145 Ὅμως
855 3076 886 3128 ὁ
908 3072 1130 3143 ἀγαθὸς
1160 3070 1470 3140 ἅνθρωπος
1494 3072 1564 3125 ἐκ
1588 3070 1694 3126 τοῦ
1716 3072 1861 3140 ἁγα-

285 3173 396 3227 θοῦ
431 3169 740 3239 θησαυροῦ
789 3166 899 3236 τῆς
941 3165 1189 3235 καρδίας
1215 3164 1497 3220 ἐκϐάλλει
1533 3166 1606 3220 τὰ
1633 3165 1827 3235 ἀγαθά
1848 3183 1862 3196 ·

283 3261 530 3325 τοιοῦτος
579 3262 644 3314 σὺ
703 3259 799 3313 καὶ
835 3258 1113 3330 ὁρώμενος
1172 3258 1266 3312 καὶ
1325 3257 1862 3327 ἀναγινωσκόμενος.

288 3356 430 3428 Περὶ
452 3355 553 3425 μὲν
567 3353 661 3407 οὖν
683 3350 778 3406 τοῦ
798 3351 895 3420 τῆς
917 3351 1316 3422 Δημητριάδος,
1339 3351 1435 3404 καὶ
1455 3349 1564 3403 τῶν
1586 3348 1864 3419 μαθητῶν,

289 3448 376 3502 ὅτι
411 3445 613 3517 ᾤχοντο
631 3463 646 3478 ο
674 3445 764 3498 ἵνα
791 3443 980 3512 γνοίης
1005 3445 1069 3496 ὲκ
1107 3442 1218 3494 τῶν
1249 3441 1481 3512 καρπῶν
1511 3443 1570 3496 τὸ
1615 3442 1830 3511 δένδρον
1849 3458 1865 3473 ο

291 3537 390 3593 καὶ
417 3536 547 3610 εὔξῃ
577 3535 804 3599 ἐκείνοις
843 3535 943 3605 μὲν
981 3534 1291 3604 μετάνοιαν,
1328 3535 1453 3604 ἐμοὶ
1477 3533 1535 3586 δὲ
1571 3533 1650 3603 τῷ
1699 3533 1870 3602 ἀθλίῳ

293 3627 600 3700 στηριγμὸν
634 3625 774 3698 πρός
817 3641 880 3679 τε
931 3625 1057 3688 τοὺς
1087 3621 1462 3695 πολεμοῦντας
1511 3625 1759 3694 ἀοράτως
1809 3641 1870 3676 τε

291 3719 392 3771 καὶ
419 3715 744 3789 δρωμένως·
773 3714 848 3779 ὡς
868 3713 934 3769 ἂν
965 3714 1194 3768 κατόπιν
1227 3712 1520 3784 ἀξιωθείην
1547 3714 1724 3766 ἐλθεῖν
1758 3713 1869 3766 τῶν

290 3809 413 3862 νυνί⁸
438 3809 655 3862 πάντων
685 3804 1036 3876 δμολογητῶν
1067 3803 1309 3875 Χριστοῦ
1332 3819 1348 3835 ⁸
1395 3805 1737 3875 ὁμολογητὴς
1764 3805 1874 3876 γὰρ

200 3886 202 3888 ⁷
295 3903 456 3966 πᾶςδ
485 3901 858 3971 ἐνιστάμενος.
909 3898 1047 3970 Περὶ
1101 3897 1160 3950 δὲ
1213 3895 1322 3951 τῶν
1355 3895 1451 3950 δύο
1479 3895 1658 3952 ἄλλων
1705 3914 1875 3966 κεφα-

291 3994 484 4058 λαίων,
520 3992 766 4047 τοιοῦτον
809 3992 870 4046 τὸ
903 3989 1308 4062 παριστάμενόν
1345 4005 1470 4059 μοι’
1516 3988 1875 4059 ’Υπογράψας

294 4085 673 4156 πρεσϐύτερος
715 4085 782 4156 τῇ
839 4081 1088 4152 ἀσεϐείᾳ,
1156 4082 1436 4152 μετανοεῖν
1487 4079 1718 4148 ὀφείλει,
1779 4066 1877 4132 καὶ

293 4177 652 4250 προσκλαίειν
691 4175 940 4247 θερμῶς·
993 4171 1416 4245 συγχωρηθῆναι
1457 4170 1606 4242 αὐτῷ
1635 4171 1697 4226 τὺ
1742 4170 1872 4225 ἀσέ-

292 4269 452 4339 ϐημα
476 4283 492 4297 ·
522 4263 858 4336 λειτουργεῖν
895 4264 1114 4328 δὲ,’κάν
1158 4262 1219 4316 οὗ
1253 4261 1573 4334 μνημονεύῃ
1619 4260 1716 4315 τοῦ
1751 4262 1878 4315 ἀσε-

1967 3070 2216 3125 discendi
2267 3071 2586 3140 cupiditas,
2641 3087 2806 3142 quam
2868 3071 3102 3127 facultas
3157 3073 3412 3128 docendi.
3481 3073 3550 3126 At

1967 3161 2131 3215 bonus
2175 3160 2329 3213 homo
2383 3160 2448 3214 de
2495 3161 2628 3214 bono
2679 3163 2924 3216 thesauro
2980 3165 3156 3218 cordis
3213 3166 3298 3218 sui
3347 3165 3549 3234 profert

1969 3250 2107 3304 bona
2124 3251 2210 3305 ’δι
2254 3249 2571 3320 cuiusmodi
2615 3262 2668 3305 tu
2701 3255 2920 3322 quidem
2958 3267 3012 3310 et
3045 3255 3249 3311 videris
3291 3265 3345 3311 et
3379 3273 3552 3322 agno-

1969 3341 2166 3395 sceris.
2200 3341 2274 3394 De
2324 3341 2616 3408 pra‘posito
2647 3351 2830 3397 autem
2869 3343 3233 3400 Demetriadis
3275 3361 3341 3400 ac
3384 3346 3553 3400 disci-

1969 3432 2115 3502 pulis
2149 3434 2268 3504 ejus
2314 3437 2461 3505 quod
2496 3436 2720 3509 quaeris,
2767 3436 2998 3506 periisse
3033 3437 3193 3500 scito,
3236 3448 3292 3490 ut
3322 3453 3386 3491 ex
3438 3439 3554 3492 fru-

1970 3525 2150 3580 ctibus
2199 3528 2452 3582 arborem
2511 3544 2777 3599 agnoscas
2833 3546 2847 3583 :
2905 3544 2969 3583 ac
3012 3545 3112 3599 pro
3166 3530 3277 3584 illis
3331 3531 3552 3600 quidem

1973 3613 2409 3682 resipiscentiam
2451 3616 2808 3685 depreceris:
2843 3633 2943 3688 pro
2978 3635 3062 3673 me
3107 3629 3288 3674 autem
3339 3620 3556 3675 iufel'ce

1973 3701 2143 3755 robur
2196 3703 2463 3758 adversus
2511 3706 2697 3760 hostes
2749 3714 2861 3759 tum
2908 3705 3213 3763 invisibiles
3261 3719 3377 3764 tum
3425 3711 3559 3764 visi-

1975 3791 2160 3847 biles:
2203 3803 2264 3848 ut
2307 3795 2557 3865 vestigiis
2609 3795 2867 3851 insistere
2914 3813 3128 3852 merear
3159 3802 3405 3855 omnium
3455 3803 3558 3856 hoc

1973 3896 2090 3937 aevo
2131 3882 2340 3940 Christi
2400 3885 2784 3942 confessorum
2846 3904 2860 3942 :
2924 3889 3216 3946 confessor
3270 3893 3416 3946 enim
3473 3904 3559 3948 est

1973 3975 2226 4046 quisquis
2269 3991 2329 4031 se
2369 3985 2600 4032 strenue
2637 3978 2799 4047 gerit.
2846 3977 2922 4033 De
2963 3980 3178 4037 duobus
3209 3983 3331 4038 aliis
3365 3985 3555 4052 capiti-

1977 4067 2104 4128 bus.
2153 4082 2302 4122 nunc
2352 4067 2484 4122 illud
2530 4070 2776 4124 occurrit
2825 4069 3031 4124 animo.
3086 4071 3190 4137 Qui
3234 4074 3560 4145 subscripsit

1977 4157 2244 4228 impietati
2283 4159 2590 4230 presbyter,
2617 4158 2780 4214 debet
2820 4161 2868 4216 is
2898 4161 3079 4216 scelus
3110 4163 3330 4232 expiare
3362 4167 3556 4233 pretiis,

1977 4257 2032 4304 et
2062 4265 2310 4320 magnam
2355 4249 2461 4304 vim
2493 4250 2826 4321 profundere
2863 4253 3265 4325 lacrymarum;
3304 4266 3363 4310 ut
3405 4257 3558 4311 venia

293 4357 410 4420 ϐῶς
433 4355 495 4430 [ί.
513 4353 767 4427 ἀσεϐοῦς]
793 4370 808 4386 ·
833 4351 1239 4424 οὗδαμῶς,ἀλλ’
1255 4351 1650 4423 εἷργεσθαιτῆς
1669 4350 1876 4421 ἱερουρ-

1980 4341 2176 4396 deinde
2227 4339 2416 4412 ﬂagitii
2477 4342 2751 4430 tribuatur
2786 4361 2799 4398 :
2838 4353 2899 4400 ut
2947 4355 3129 4400 autem
3183 4363 3296 4402 rem
3343 4363 3557 4404 sacram

295 4450 424 4518 γίας
441 4467 453 4479 ·
475 4449 582 4512 ἕως
602 4447 669 4502 ἂν
693 4446 1108 4516 ὲπίδοιΚύριος,
1131 4444 1225 4498 καὶ
1242 4443 1360 4514 δοίη
1377 4442 1568 4514 καιρὸν
1593 4442 1875 4514 ὀρθοδόξου

297 4539 522 4592 συνόδου
543 4553 559 4570 ⁸
582 4539 642 4591 ὲν
674 4532 964 4612 ᾖλήψεται
1011 4533 1174 4608 [Βθς.
1203 4535 1325 4590 cod.
1362 4531 1595 4604 ἕκαστα]
1649 4533 1876 4597 ἕκαστος

287 4631 367 4684 es
412 4629 534 4682 κατ’
566 4628 725 4694 ἀξίαν
765 4627 1083 4700 θεοκρίτως.
1127 4625 1270 4695 Ἐγὼ
1311 4625 1370 4680 δὲ
1421 4625 1797 4696 συμϐουλέυω,
1827 4627 1877 4679 εί

301 4722 536 4790 μετέσχε
567 4720 669 4785 τῆς
697 4717 933 4782 ἀσεϐοῦς
989 4715 1296 4782 κοινωνίας,
1332 4717 1392 4770 ὲν
1427 4715 1731 4788 μεταλήψει
1781 4716 1876 4770 καὶ

297 4811 412 4867 τῶν
441 4810 804 4880 ἆγιασμάτων
837 4807 1138 4878 ἀπέχεσθαι
1165 4805 1358 4878 μέχρις
1379 4805 1500 4869 ἑνὸς
1527 4805 1561 4877 ἢ
1584 4807 1728 4861 δυοῖν
1749 4807 1878 4878 χρόα

298 4919 434 4956 νοιν.
455 4902 769 4971 Γέγραπται
785 4899 921 4970 γάρ·
947 4899 1029 4953 Οὐ
1052 4897 1321 4952 δύνασθε
1335 4897 1627 4965 ποτήριον
1653 4897 1878 4966 Κυρίου

303 4995 524 5055 πίνειν,
543 4991 640 5046 καί
665 4989 953 5058 ποτήριον
975 4988 1299 5060 δαιμονίων
1315 5003 1331 5019 ·
1357 4989 1431 5042 οὐ
1451 4987 1718 5044 δύνασθε
1744 5007 1880 5058 spa-

305 5083 487 5151 πέζης
516 5085 739 5152 Κιφίου
753 5081 1050 5153 μετέχειν,
1082 5079 1180 5133 καί
1209 5079 1501 5148 τραπέζης
1527 5079 1874 5149 δαιμονίων.

305 5178 382 5231 Τὸ
408 5177 453 5230 δ’
477 5176 609 5230 αὐτὸ
637 5176 732 5228 καὶ
757 5174 852 5228 ἐπὶ
891 5173 1003 5227 τῶν
1047 5171 1406 5245 Ἐκκλησιῶν.
1441 5173 1537 5237 Τίς
1572 5169 1870 5241 συγκατά-

303 5267 472 5327 οεσις
498 5260 624 5327 ναῷ
660 5260 810 5316 Θεοῦ
839 5261 994 5330 μετὰ
1024 5259 1334 5324 cremor,-
1363 5258 1440 5313 Οὐ
1469 5258 1553 5312 δεῖ
1587 5258 1682 5313 οὖν
1715 5259 1880 5312 εἰσιέ-

301 5369 393 5408 ναι
439 5353 520 5415 είς
550 5352 620 5405 τά
655 5350 932 5424 μαρτύρια
961 5349 1073 5404 τῶν
1103 5349 1442 5426 αίρετικῶνοη
1476 5347 1878 5417 προστέτακται

301 5443 434 5512 ἡμῖν
473 5441 580 5495 ὑπὸ
610 5442 708 5511 τῆς
756 5440 921 5510 ἁγίας
964 5439 1184 5494 συνόδου
1210 5454 1225 5468 ·
1260 5438 1366 5492 οὐκ
1425 5433 1544 5492 οίδα
1590 5438 1641 5490 εί
1679 5436 1755 5508 μὴ
1788 5437 1877 5490 ἐπ’

301 5533 554 5600 ἐξουσίαν
585 5533 787 5596 τελέως
810 5531 1013 5600 γίνοιτο
1043 5533 1072 5586 ὁ
1099 5532 1224 5593 ναὸς
1244 5528 1528 5600 όρθοδόξου
1556 5527 1652 5580 τοῦ
1679 5527 1877 5598 μηκέτι

303 5622 739 5696 λειτουργεῖσθαι
765 5623 857 5694 ὑφ’
885 5622 1166 5694 αίρετικοῦ
1188 5637 1200 5651 ο
1231 5620 1352 5674 τότε
1378 5621 1488 5690 γὰρ
1526 5618 1621 5672 καὶ
1647 5619 1876 5672 εἰσιτέον

375 5760 587 5820 "Psal.
624 5780 777 5832 mu,
819 5764 904 5819 l5.
983 5765 1029 5796 ³³
1050 5761 1237 5818 Matth.
1273 5777 1368 5828 νιι,
1401 5761 1484 5815 Η.

1981 4431 2185 4500 faciat;
2250 4435 2468 4489 etiamsi
2526 4403 2804 4490 h‘ominem
2867 4437 3097 4508 impium
3152 4453 3260 4492 nou
3319 4454 3561 4494 comme-

1981 4534 2195 4588 moret;
2247 4527 2476 4582 minime
2516 4543 2669 4594 sane,
2708 4529 2803 4584 sed
2836 4545 2864 4583 a
2898 4545 3058 4584 sacro
3107 4547 3330 4586 munere
3373 4531 3559 4601 probi,-

1979 4617 2192 4674 beudus
2221 4630 2326 4682 est,
2364 4620 2540 4675 donec
2572 4621 2876 4690 respexerit
2917 4621 3207 4686 Dominus,
3239 4622 3561 4694 dedcritque

1981 4720 2197 4778 tempus
2229 4711 2439 4782 synodo
2466 4712 2804 4780 orthodoxa},
2837 4713 2890 4768 in
2913 4730 3020 4784 qua
3042 4715 3358 4769 admittetur
3387 4732 3557 4772 unus-

1978 4800 2212 4870 quisque
2231 4816 2331 4871 pro
2368 4802 2580 4866 merito,
2602 4811 2861 4872 tanquam
2886 4818 2951 4858 ex
2969 4803 3062 4860 Dei
3088 4804 3318 4875 judicio.
3352 4807 3558 4862 Auctor

1979 4907 2111 4948 vero
2127 4908 2270 4957 sum,
2297 4904 2376 4962 ut,
2396 4895 2440 4950 si
2461 4896 3059 4967 communionisimpize
3080 4898 3352 4969 particeps
3365 4898 3488 4966 fuit,
3503 4900 3557 4956 iu

1982 4983 2329 5052 perceptione
2359 4983 2436 5038 rei
2455 4999 2625 5039 sacra:
2641 4985 2989 5042 sanctillcatis
3005 4986 3166 5043 donis
3183 4988 3560 5046 abstineatau-

1981 5087 2052 5127 no
2074 5088 2184 5128 uno
2219 5082 2310 5128 aut
2339 5075 2534 5129 altero.
2555 5074 2827 5147 Scriptum
2846 5087 2930 5132 est
2963 5079 3109 5133 enim
3134 5097 3149 5110 ·
3191 5078 3315 5134 Νοη
3341 5083 3558 5150 potestis

1980 5163 2198 5217 calicem
2217 5164 2430 5218 Domini
2453 5165 2646 5232 bibere,
2679 5176 2729 5220 et
2759 5168 2978 5223 calicem
3000 5171 3383 5226 da'moniorum
3411 5187 3429 5226 :
3455 5190 3558 5228 nou

1979 5256 2196 5323 potestis
2215 5271 2405 5310 mensa:
2425 5256 2636 5310 Domini
2648 5261 2934 5326 participes
2950 5278 3082 5327 esse,
3097 5272 3146 5318 et
3166 5280 3356 5318 meum
3369 5264 3561 5318 daemo-

1983 5347 2190 5400 niorum
2202 5347 2269 5400 ³⁸.
2293 5347 2438 5401 Idem
2458 5357 2514 5402 et
2532 5349 2600 5404 de
2617 5349 2877 5406 Ecclesiis
2899 5355 3273 5409 statuendum.
3291 5356 3420 5420 Quis
3435 5371 3558 5409 con—

1981 5455 2164 5492 sensus
2201 5439 2394 5509 templo
2442 5439 2535 5494 Dei
2586 5458 2706 5495 cum
2753 5444 2910 5498 idolis
2933 5445 3022 5500 “?
3068 5445 3233 5502 Nefas
3279 5447 3448 5516 igitur
3503 5450 3554 5501 iu

1985 5528 2364 5582 hmretieorum
2414 5531 2676 5601 martyrio
2717 5532 2909 5602 pedem
2958 5534 3160 5589 iiiferre
3195 5553 3208 5589 :
3247 5535 3327 5589 sic
3367 5545 3555 5591 sancta

1983 5621 2141 5677 nobis
2186 5622 2427 5693 synodus
2466 5624 2721 5694 prmcepit
2759 5645 2772 5679 :
2807 5626 2912 5680 uisi
2946 5626 3087 5682 forte
3124 5627 3554 5684 orthodoxorum

1600 5762 1643 5793 ²⁷⁵
1683 5761 1812 5818 Luc.
1853 5779 1924 5829 Vt,
1963 5764 2053 5820 45.
2131 5766 2175 5797 ³⁸
2217 5764 2236 5818 Ι
2271 5765 2395 5827 Cor.
2430 5783 2485 5832 Χ,
2522 5767 2611 5822 ‘20.
2690 5769 2735 5798 ³⁸
2777 5768 2792 5823 Ι
2830 5769 2956 5822 (Zur.
2992 5784 3065 5832 ιί,
3115 5768 3197 5822 lli.
