4054 6364
492 388 637 459 1179

1678 395 1738 456 S.
1772 395 2166 458 THEODORI
2205 399 2551 460 STUDIT/E

3635 404 3782 471 1180

488 506 634 559 aedes
664 517 774 558 non
813 503 1039 558 omnino
1087 501 1141 557 in
1187 501 1424 558 alienam
1471 512 1795 573 potestatem
1843 516 2106 569 reuerita

2213 510 2270 562 αἱ
2299 511 2720 583 λειτουργητὲον
2752 505 2848 564 τὸν
2874 509 3180 583 ὀρθὸδοξον.
3204 512 3318 566 Οὐκ
3351 514 3505 579 ὄντος
3541 521 3784 590 προκρί-

492 609 593 648 nec
628 594 910 664 liturgiam
961 593 1252 649 haereticus
1287 593 1360 648 ibi
1405 595 1696 666 peregerit.
1731 593 1888 652 Tunc
1929 598 2075 652 enim

492 699 541 743 et
591 686 801 756 ingredi
851 686 1173 741 orthodoxo-
1211 685 1316 751 fas,
1365 694 1420 741 et
1469 701 1585 741 rem
1637 701 1850 742 sacram
1901 689 2076 744 obire.

494 778 629 843 Quae
665 773 888 849 quidem
921 779 1042 833 sine
1083 779 1400 848 praeiudicio
1443 778 1589 834 dicta
1634 779 1746 834 sint
1791 780 2076 835 hactenus.

498 867 592 925 Sic
634 885 736 941 ego
771 870 1016 936 humilis,
1050 868 1212 924 Pater
1242 870 1340 936 mi,
1371 871 1552 926 sentio
1581 888 1594 926 :
1630 871 1943 926 divinorum
1973 873 2079 928 Pa-

499 971 642 1016 trum
687 963 936 1032 exempla
964 977 1383 1033 recognoscens.
1425 961 1558 1019 Tuae
1585 979 1716 1018 vero
1753 964 2086 1034 praestantiae

501 1053 699 1120 fuerit,
763 1055 990 1110 meliora
1051 1056 1447 1126 contemplari.
1512 1071 1578 1111 ac
1633 1057 1772 1112 meis
1827 1056 2086 1112 exhibere

501 1146 700 1202 oculis.
754 1144 1079 1200 Valetudine
1125 1147 1333 1217 integra
1388 1162 1488 1218 pro
1534 1146 1646 1202 Deo
1711 1147 1984 1204 dimicans
2026 1156 2084 1204 tu

507 1236 636 1290 Inibi
670 1245 788 1292 esto
823 1237 1200 1301 ineolumis,.o
1230 1237 1372 1292 inter
1401 1237 1591 1292 Patres
1615 1237 2081 1294 celebratissima:

503 1326 667 1379 simul
697 1335 750 1380 et
775 1341 875 1395 pro
901 1342 986 1380 me
1013 1326 1237 1396 indigno
1265 1343 1432 1382 orans
1459 1329 1658 1398 partim
1690 1344 1753 1381 cx
1793 1329 2080 1394 charitate,

505 1419 701 1486 partim
735 1432 864 1473 vero
898 1429 957 1472 ut
991 1419 1092 1489 legi
1125 1420 1197 1472 ita
1231 1421 1567 1490 praecipienti
1603 1420 1972 1490 obtemperes.

505 1529 647 1585 XXI.
671 1563 742 1574 ο-
766 1531 1066 1588 Theodorus
1115 1535 1179 1588 iis
1225 1535 1316 1604 qni
1346 1543 1558 1599 propter
1587 1533 1869 1586 Dominum
1915 1534 1968 1587 in
2011 1533 2095 1586 di-

575 1621 736 1676 versis
766 1625 1067 1679 carceribus
1109 1625 1410 1680 detinentur
1441 1624 1700 1694 fratribus
1739 1625 1946 1680 dilectis
1989 1641 2092 1679 sa-

580 1710 744 1766 lntem
781 1712 881 1785 (⁸).

2185 617 2358 672 ματος
2391 602 2462 655 τά
2497 603 2859 674 προλαϐόντα.
2909 601 3069 657 Οὕτω
3102 603 3310 676 φρονῶ,
3352 605 3539 678 Πάτερ
3588 625 3715 678 μου,
3749 611 3780 664 ό

2183 688 2444 751 ταπεινός
2467 701 2482 717 ⁸
2523 689 2860 761 ἀναθεωρῶν
2906 691 2975 745 τά
3021 691 3129 745 ὑπὸ
3163 691 3276 747 τῶν
3313 693 3478 748 θείων
3506 696 3780 768 Πατέρων

2185 779 2629 853 παραδείγματα.
2668 781 2782 852 Τῆς
2835 783 2934 854 σῆς
2979 783 3026 835 δ’
3067 784 3136 838 ἂν
3191 783 3278 857 εἴη
3317 785 3663 857 τελειότητος
3704 791 3780 841 τὰ

2189 871 2475 942 κρείττονα
2510 873 2607 926 καὶ
2632 872 2933 945 θεωρῆσαι,
2971 875 3066 929 καὶ
3090 878 3245 946 ἐμοῖς
3275 878 3520 948 ὄμμασιν
3557 879 3778 933 ὐποδεῖ-

2184 965 2295 1032 ξαι.
2337 965 2683 1038 Ἐῥρωμένος
2726 967 2824 1020 καὶ
2875 965 3117 1022 ἐναθλῶν
3148 967 3292 1041 ὑπὲρ
3323 967 3462 1023 Θεοῦ
3504 970 3778 1040 διαφυλα-

2184 1057 2372 1128 χθείης
2404 1075 2494 1130 μοι
2518 1056 2599 1111 ἔτι
2625 1074 2640 1090 ·
2676 1060 2707 1112 ὁ
2742 1056 3073 1124 ἐξάκουστος
3107 1061 3166 1114 ὲν
3192 1059 3476 1132 Πατράσιν
3500 1078 3514 1093 ·
3539 1061 3678 1130 ὁμοῦ
3715 1079 3778 1115 τε

2187 1150 2282 1204 καὶ
2309 1148 2755 1220 ὑπερευχόμενός
2801 1167 2904 1220 μου
2943 1149 3046 1221 τῆς
3071 1149 3452 1221 ἀναξιότητος,
3485 1150 3548 1205 τὸ
3587 1151 3689 1224 μὲν
3717 1151 3782 1218 ἐξ
3817 1208 3828 1216 ,

2183 1242 2429 1314 ἀγάπης,
2458 1241 2520 1296 τὸ
2547 1241 2604 1296 δὲ
2623 1242 2718 1297 καὶ
2738 1241 2828 1297 διά
2863 1240 2963 1313 τὴν
2991 1241 3322 1298 κελεύουσαν
3343 1243 3592 1315 ἐντολήν.

2194 1531 2329 1587 KA'.
2359 1561 2432 1572 —-
2468 1527 2769 1597 Θεόδωρος
2807 1526 2929 1592 τοῖς
2973 1524 3072 1581 διὰ
3116 1526 3336 1594 Κύριον
3367 1525 3438 1580 ἐν
3469 1525 3779 1595 διαφόροις
3867 1516 3878 1526 ’

2265 1622 2569 1694 φυλακαῖς
2636 1618 3028 1690 τηρουμένοις
3090 1617 3379 1688 ἀδελφοῖς
3444 1618 3780 1688 ἀγαπητοῖς

2267 1717 2521 1787 χαίρειν.
2553 1711 2702 1787 [σλ’.]

1521 1827 1596 1878 De
1619 1827 1804 1878 sanctis
1827 1825 2144 1889 imaginibus.
2173 1827 2376 1891 (Baron.
2401 1837 2479 1874 an.
2508 1823 2620 1883 816,
2645 1835 2696 1872 ιι.
2724 1820 2828 1884 27.)

583 1937 855 2006 Quidnam
889 1937 1006 1992 haec
1045 1935 1122 1993 rei
1154 1944 1306 2003 sunt,
1352 1951 1475 2007 qua:
1501 1936 1794 1992 videmus?
1827 1937 2086 2007 gaudium

2265 1935 2332 1989 Τί
2361 1935 2430 1990 τὰ
2461 1933 2747 2005 παρόντας
2787 1931 2932 2004 χαρὰ
2963 1931 3057 1984 καὶ
3087 1929 3434 1999 ἀγαλλιασις·
3463 1945 3548 1983 οτι
3587 1932 3643 1983 ὲν
3663 1932 3777 1994 τοῖς

512 2039 568 2087 et
587 2029 887 2087 exsultatio
912 2046 928 2094 ;
956 2029 1216 2099 quoniam
1249 2029 1510 2100 martyria
1538 2044 1639 2098 pro
1665 2027 1888 2084 Christo
1911 2028 2097 2084 subire

513 2123 723 2190 dignati
767 2121 1016 2179 fuimus:
1051 2121 1175 2192 quia
1223 2121 1540 2176 carceribus
1572 2130 1628 2176 et
1661 2123 1950 2176 tormentis
1986 2132 2097 2176 tra-

515 2215 620 2270 diti
649 2229 842 2268 sumus
872 2223 1095 2284 propter
1119 2213 1211 2268 Dei
1244 2214 1470 2268 verbum
1499 2231 1514 2268 :
1551 2215 1813 2283 quoniam
1845 2214 2018 2283 plagis
2044 2220 2100 2268 et

515 2308 870 2362 contumeliis
920 2314 1141 2376 propter
1169 2305 1448 2361 Christum
1485 2308 1577 2375 qui
1623 2321 1722 2376 pro
1768 2308 1928 2361 nobis
1971 2321 2098 2361 ver-

519 2400 683 2461 hera,
761 2399 1080 2468 opprobria,
1146 2413 1364 2453 crucem
1426 2399 1662 2469 denique
1732 2414 1929 2469 passus
1993 2406 2098 2466 est,

515 2491 717 2547 subditi
785 2507 1001 2548 sumus.
1072 2489 1208 2558 Quis
1293 2505 1402 2544 non
1477 2491 1662 2546 laudet
1717 2492 1740 2546 ?
1786 2491 1922 2559 Quis
1989 2506 2098 2546 non

517 2585 704 2655 gloria:
755 2585 963 2639 ducat?
1008 2582 1203 2640 Oriens
1250 2584 1488 2652 laetatur,
1543 2585 1748 2655 gaudet
1796 2585 2098 2651 Occidens,

519 2677 792 2732 universae
845 2685 1228 2747 per‘quatuor
1280 2677 1469 2730 mundi
1526 2677 1778 2731 cardines
1825 2677 2106 2732 exsultant

521 2767 798 2824 Ecclesiae.
831 2769 898 2822 Et
927 2767 1060 2839 quid
1091 2778 1366 2824 terrenum
1395 2767 1580 2823 orbem
1624 2769 1820 2838 loquor
1839 2769 1864 2821 ?
1891 2767 2104 2824 Cwlnm

523 2858 700 2928 ipsum
749 2860 951 2930 gaudio
985 2861 1249 2930 repletum
1299 2870 1385 2914 est
1419 2879 1435 2914 ;
1470 2864 1615 2930 quod
1652 2875 1758 2914 non
1805 2861 1981 2915 solum
2013 2875 2105 2915 ευ-

461 2965 464 2970 ·
523 2965 744 3020 premus
783 2951 1089 3006 antistitum
1131 2961 1472 3012 nostrorum.
1519 2951 1763 3021 episcopi
1807 2966 1872 3006 ac
1917 2966 2104 3007 sacer-

524 3039 699 3104 dotes,
729 3041 985 3110 praesides
1009 3041 1384 3098 cmnobiorum
1408 3051 1465 3097 et
1485 3041 1760 3110 discipuli,
1782 3041 1880 3098 sed
1908 3051 1961 3098 et
1988 3055 2108 3097 mo-

527 3132 717 3187 nachae
748 3148 872 3187 cum
912 3132 1372 3190 moderatrieibus
1421 3131 1538 3190 suis
1587 3132 1840 3203 martyrii
1869 3131 2108 3189 stadium

2201 2027 2342 2098 ὑπὲρ
2386 2024 2625 2098 Χριστοῦ
2667 2023 2990 2095 μαρτυρίοις
3037 2021 3287 2076 ὲναθλεῖν
3331 2020 3662 2092 ἠξιῶμεθα·
3697 2023 3780 2075 ὅτι

2199 2118 2471 2188 φυλακαῖς
2499 2133 2558 2170 τε
2581 2115 2675 2170 καὶ
2703 2114 2916 2185 θλίψεσι
2944 2113 3035 2168 διὰ
3052 2113 3144 2167 τὸν
3175 2113 3334 2182 λόγον
3361 2113 3455 2166 τοῦ
3484 2113 3619 2166 Θεοῦ
3641 2129 3782 2182 παρ-

2203 2211 2468 2282 εδόθημεν
2493 2227 2508 2242 ο
2557 2209 2638 2262 ὅτι
2676 2207 2915 2279 πληγαῖς
2951 2225 3010 2261 τε
3047 2207 3143 2260 καὶ
3183 2205 3375 2277 ὕϐρεσι
3412 2205 3502 2258 διά
3544 2206 3783 2276 Χριστὸν
3845 2263 3850 2266 _

2200 2304 2292 2359 τὸν
2309 2305 2450 2374 ὑπὲρ
2473 2302 2632 2374 ἡμῶν
2652 2300 3020 2373 μαστιχθέντα
3039 2300 3136 2353 καὶ
3159 2298 3528 2353 ὁνειδιοθέντα
3547 2316 3560 2328 ·
3592 2298 3785 2352 ἔπειτα

2201 2396 2296 2450 καὶ
2331 2394 2719 2466 σταυρωθέντα
2759 2391 3170 2464 ὑπεϐλήθημεν.
3205 2391 3302 2454 Τίς
3344 2391 3455 2445 ,οὐκ
3507 2389 3781 2454 αίνὲσειε;

2201 2489 2288 2553 τίς
2312 2487 2374 2541 οὐ
2404 2487 2678 2554 δοξάσειεν
2701 2502 2718 2552 ;
2754 2483 3016 2556 Ἀνατολὴ
3039 2483 3250 2556 ἥδεται,
3278 2480 3444 2546 Λύσις
3489 2480 3784 2551 εὐφραίνε-

2201 2597 2330 2634 ταιο
2375 2581 2528 2634 πᾶσα
2601 2577 2898 2650 Ἐκκλησία
2953 2577 3056 2648 τῆς
3095 2575 3514 2648 τετραπεράτου
3552 2573 3785 2635 κτίσεως

2207 2672 2522 2742 ἀγάλλεται.
2561 2671 2671 2726 Καὶ
2710 2670 2763 2724 τί
2799 2670 2944 2740 λέγω
2975 2670 3067 2723 τὸν
3113 2669 3398 2741 περίγειον
3433 2667 3678 2736 κόσμον;
3724 2665 3783 2719 '0

2205 2764 2438 2838 οὐρανὸς
2463 2764 2628 2828 αὐτὸς
2669 2762 2941 2834 θυμηδίας
2975 2761 3334 2832 πεπλήρωται
3361 2773 3374 2788 ·
3409 2761 3491 2813 ὅτι
3529 2761 3591 2812 οὐ
3622 2757 3784 2830 μόνον

2205 2860 2234 2911 ὁ
2268 2857 2564 2927 κορυφαῖος
2605 2854 2715 2909 τῶν
2745 2853 2871 2909 καθ’
2896 2853 3045 2924 ἡμᾶς
3084 2852 3378 2924 ίεραρχῶν,
3423 2851 3680 2924 ίεράρχαι
3727 2868 3786 2906 τε

2209 2951 2306 3005 καὶ
2355 2950 2546 3022 ίερεῖς,
2573 2947 2955 3020 καθηγεμόνες
2975 2963 3037 3001 τε
3073 2945 3171 3000 καὶ
3205 2944 3485 3016 φοιτηταὶ,
3517 2944 3656 3000 ἀλλά
3698 2945 3791 2998 καὶ

2213 3040 2545 3115 μονάζουσαι
2585 3041 2682 3094 σὺν
2725 3038 3125 3112 προεστώσαις,
3152 3038 3359 3097 εἵλοντο
3397 3038 3467 3092 τά
3511 3037 3614 3107 τῆς
3647 3053 3791 3108 μαρ-

2209 3134 2404 3206 τυρίας
2438 3133 2762 3204 σκάμματα.
2815 3129 2921 3186 Ἐῶ
2942 3129 3127 3201 λέγειν
3153 3129 3284 3194 τοὺς
3310 3131 3369 3184 ὲν
3396 3129 3663 3201 ἐρημίαις
3694 3128 3793 3182 καὶ

528 3221 792 3292 ingressa:
821 3233 970 3278 sunt.
1003 3221 1162 3279 Mitto
1201 3224 1324 3280 illos
1356 3224 1540 3279 dicere
1574 3224 1667 3294 qui
1699 3223 1752 3277 in
1793 3223 2024 3280 desertis
2056 3231 2106 3278 et

2213 3226 2388 3297 ὄρεσι,
2424 3225 2521 3280 καὶ
2553 3222 2866 3294 σπηλαίοις,
2906 3224 3002 3278 καὶ
3056 3225 3180 3286 ταῖς
3215 3223 3378 3287 ὀπαῖς
3426 3223 3529 3293 τῆς
3575 3223 3699 3294 γῆς,
3729 3223 3793 3275 ὲκ

529 3314 831 3378 montibus,
858 3315 912 3368 in
945 3315 1221 3384 speluncis
1241 3323 1296 3370 et
1323 3316 1375 3369 in
1405 3315 1657 3370 cavernis
1691 3328 1867 3391 terrae,
1895 3316 2106 3372 exsules

2218 3286 2518 3390 φυγαδείας
2571 3286 2943 3388 θλιϐομένους,
2990 3313 3447 3386 ὕστερουμένους,
3483 3286 3790 3383 κακουχου-

531 3404 869 3475 atlliguntnr,
907 3407 1148 3476 inopiam
1184 3407 1472 3476 patiuntur
1502 3417 1556 3462 et
1588 3406 1728 3461 dura
1766 3422 1868 3478 pro
1897 3405 2106 3463 Christo

2221 3411 2417 3482 μένους
2450 3409 2539 3464 διὰ
2569 3409 2662 3463 τὸν
2689 3409 2830 3480 ὑπὲρ
2859 3407 3098 3480 Χριστοῦ
3121 3407 3384 3476 διωγμόν.
3405 3407 3651 3470 Εἰκότως
3679 3405 3792 3470 οὖν,

533 3498 916 3568 persecutione
961 3509 1250 3554 vexantur.
1289 3498 1484 3554 Merito
1533 3500 1737 3570 itaque,
1784 3501 1972 3570 fratres
2015 3517 2106 3556 mei

2217 3501 2472 3572 ἀδελφοί
2509 3518 2629 3572 μου
2660 3499 3032 3571 ἠγαπημένοι
3077 3498 3177 3552 καὶ
3223 3499 3597 3566 ἐπιπόθητοι,
3646 3497 3796 3566 χαρὰ

534 3589 718 3642 dilecti
742 3600 792 3644 et
823 3589 1294 3656 desideratissimi,
1333 3592 1586 3662 gaudium
1611 3601 1660 3645 et
1693 3607 1892 3648 corona
1919 3607 2034 3646 mea
2050 3593 2106 3657 ’⁷,

2221 3595 2322 3648 καὶ
2355 3593 2662 3664 στέφανός
2684 3610 2824 3663 μου,
2855 3592 3033 3664 χαίρω
3069 3590 3166 3646 καὶ
3218 3589 3502 3660 συγχαίρω
3533 3589 3668 3658 ὑμῖν
3691 3604 3705 3619 ·
3739 3588 3795 3641 τὸ

538 3681 752 3750 gaudeo
783 3691 836 3736 et
872 3683 1225 3752 congratulor
1256 3683 1431 3748 vobis.
1463 3683 1703 3754 ldipsum
1731 3693 1912 3738 autem
1939 3695 1995 3739 et
2025 3699 2106 3740 vos

2219 3685 2264 3739 δ’
2292 3684 2531 3739 αὐτὸκαὶ
2549 3685 2707 3755 ὑμεῖς
2725 3684 2946 3756 χαίρετε
2973 3683 3068 3738 καὶ
3085 3682 3413 3753 συγχαίρετέ
3441 3699 3555 3751 μοι.
3585 3680 3794 3734 Παύλου

539 3772 772 3841 gaudete
829 3781 884 3827 et
931 3775 1388 3844 congratulamini
1458 3775 1616 3829 mihi.
1693 3774 1844 3829 Beati
1899 3777 2106 3846 quidem

2226 3777 2326 3848 μὲν
2346 3777 2442 3831 τοῦ
2470 3776 2745 3850 μακαρίου
2776 3778 2832 3831 αἱ
2851 3775 3026 3846 φωναί
3045 3791 3059 3806 ο
3082 3773 3162 3845 τῷ
3179 3772 3355 3844 καιρῷ
3375 3773 3434 3826 δὲ
3454 3772 3796 3844 πρέπουσαι·

541 3865 697 3918 Pauli
735 3875 866 3920 sunt
899 3865 1014 3920 hinc
1043 3866 1230 3931 verba,
1269 3867 1362 3922 sed
1394 3865 1526 3921 huic
1553 3867 1784 3936 tempori
1815 3883 2106 3938 congruent

2237 3868 2481 3938 Ἐπειδὴ
2511 3872 2599 3936 εὶς
2645 3867 2946 3938 ἡμετέραν
2987 3867 3318 3922 νουθεσίαν
3357 3863 3558 3919 πάντα
3593 3863 3798 3934 Tenea-

543 3957 617 4012 tia
643 3975 655 4009 :
692 3955 890 4012 Omnia
922 3957 1194 4028 siquidem
1228 3958 1298 4010 ad
1335 3968 1572 4012 nostram
1599 3959 1902 4014 doctrinam
1925 3963 2106 4031 scripti

2224 3976 2366 4016 πται
2391 3975 2408 3992 ⁸
2438 3961 2536 4016 καὶ
2559 3959 2804 4032 μιμητὰς
2831 3958 2997 4014 αὐτοῦ
3036 3957 3328 4028 ἐκλιπαρεῖ
3355 3955 3605 4025 γίνεσθαι
3635 3955 3796 4026 ἡμᾶς.

541 4061 665 4106 sunt
685 4051 755 4119 ³⁸,
799 4059 855 4106 et
887 4051 1189 4106 imitatores
1234 4052 1320 4107 sui
1367 4067 1468 4108 nos
1495 4067 1618 4108 esse
1647 4053 1973 4109 obtestatur.
2006 4053 2127 4112 Pri-
2225 4055 2453 4128 Πρῶτον
2503 4053 2602 4126 μὲν
2659 4053 2838 4106 ἐκεῖνο
2887 4051 3088 4124 ἀληθὲς
3123 4053 3334 4104 εἰπεῖν·
3389 4051 3473 4103 ὅτι
3534 4049 3635 4119 οὐχ
3680 4049 3799 4100 ὅσον

2227 4147 2620 4222 προαιροῦνται
2647 4149 2742 4203 καὶ
2774 4145 3059 4218 βούλονται
3085 4147 3136 4200 oi
3162 4143 3462 4208 κακοῦντες
3489 4144 3663 4214 ἡμᾶς,
3685 4144 3800 4204 ταῖς

2228 4242 2442 4312 θλίψεσι
2471 4242 2566 4295 καὶ⁹
2599 4241 2954 4312 περιστάσεσι
3002 4237 3430 4309 παραδιδόμεθα.
3492 4234 3652 4289 Οῦτω
3693 4234 3798 4302 γὰρ

799 4059 855 4106 et
887 4051 1189 4106 imitatores
1234 4052 1320 4107 sui
1367 4067 1468 4108 nos
1495 4067 1618 4108 esse
1647 4053 1973 4109 obtestatur.
2006 4053 2127 4112 Pri-

545 4160 696 4198 mum
721 4159 853 4216 ergo
878 4144 1010 4198 illud
1036 4158 1160 4202 vere
1187 4145 1444 4209 dixerim,
1475 4160 1583 4200 non
1613 4156 1881 4215 quantum
1914 4149 2124 4214 volunt,

543 4238 886 4307 cupiuntque
939 4236 975 4290 ii
1029 4237 1123 4306 qui
1174 4251 1276 4290 nos
1331 4243 1551 4300 vexant,
1605 4237 1870 4294 arumnis
1904 4248 1960 4294 et
1991 4239 2127 4294 allii-

545 4321 824 4384 ctionibus
883 4343 985 4383 nos
1015 4327 1211 4398 premi.
1265 4325 1358 4382 Sic
1402 4328 1548 4382 enim
1587 4327 1949 4388 intolerabilis
1990 4331 2106 4388 fore

2229 4333 2296 4389 ἇν
2324 4333 2649 4394 ἅνύποιστος
2696 4326 2766 4401 ἦν
2814 4331 2848 4400 ή
2878 4330 3050 4399 πεῖρα
3073 4345 3088 4359 ο
3116 4325 3261 4380 καθά
3293 4325 3392 4380 καὶ
3448 4325 3482 4394 ή
3505 4321 3660 4393 παρὰ
3697 4320 3800 4373 τῶν

548 4422 778 4476 tentatio
813 4438 828 4476 :
866 4421 1044 4490 qualis
1073 4435 1195 4490 qua:
1237 4435 1270 4475 a
1319 4421 1663 4476 dannonibus
1711 4423 1927 4479 occulte
1971 4426 2106 4482 nobi:

2227 4426 2501 4498 δαιμόνων
2526 4423 2775 4495 ἀοράτως
2799 4422 2933 4493 ἡμῖν
2973 4417 3395 4491 προσϐάλλουσα
3412 4433 3427 4448 ο
3499 4412 3644 4469 ἀλλά
3673 4411 3802 4465 καθ-

549 4511 782 4567 infertur
813 4526 829 4566 :
862 4511 956 4566 sed
981 4519 1248 4580 quantum
1287 4511 1556 4580 permittit
1581 4514 1909 4569 certaminis.
1929 4531 2106 4585 prmse:

2231 4520 2356 4576 όσον
2385 4517 2708 4590 παραχωρεῖ
2753 4517 2782 4568 ὀ
2829 4509 3184 4582 ἀγωνοθετῶν
3217 4510 3316 4564 καὶ
3353 4505 3637 4562 συναθλῶν
3675 4504 3802 4574 ἡμῖν

547 4612 604 4658 et
634 4602 906 4672 particeps
953 4600 1242 4656 nobiscum
1280 4599 1560 4668 Christus,
1605 4601 1696 4670 qui
1729 4618 1831 4671 pro
1863 4605 2106 4677 cujusqut

2238 4610 2493 4683 Χριστὸς,
2523 4607 2709 4678 μέτρῳ
2733 4606 2832 4660 καὶ
2853 4601 3084 4674 σταθμῷ
3108 4602 3212 4672 τῆς
3235 4600 3472 4655 ἑκάστου
3503 4597 3804 4666 δυνάμεως,

550 4695 753 4749 virium
787 4695 1010 4751 modqu
1056 4710 1122 4751 ac
1171 4709 1454 4763 mensura,
1499 4695 1650 4765 justo
1685 4696 1895 4766 judicio
1924 4715 2106 4770 agone:

2234 4707 2295 4760 ὲν
2326 4703 2509 4775 κρίσει
2541 4699 2728 4770 δικαίᾳ⁷
2753 4698 2882 4762 τοὺς
2913 4695 3132 4766 ἀγῶνας
3173 4693 3431 4762 ἐπαφεὶς,
3473 4691 3510 4760 ἦ
3541 4689 3624 4752 εἰς
3666 4687 3803 4740 Exti-

550 4784 817 4846 immittit.
871 4785 957 4840 vel
1007 4785 1074 4840 ad
1121 4784 1447 4840 delictorum
1497 4785 1820 4854 vindictam,
1873 4787 1920 4842 si
1967 4789 2106 4844 lﬂOdt

2239 4814 2326 4852 σιν
2354 4793 2641 4867 ἁμαρτιῶν
2667 4809 2682 4823 ο
2711 4793 2762 4846 εἰ
2801 4790 2898 4846 καὶ
2944 4786 3290 4860 αὐθαιρέτως
3341 4784 3555 4854 ἥκομεν
3601 4776 3806 4851 πρὸςτδ

552 4886 749 4946 sponte
789 4878 856 4932 ad
895 4875 1211 4948 patiendum
1243 4877 1580 4944 accedimus,
1612 4879 1698 4935 vel
1723 4879 1790 4935 ad
1827 4882 2106 4938 victricium

2224 4884 2565 4959 πάσχειν-ἦ
2601 4884 2693 4938 ἐπὶ
2738 4880 3022 4952 στεφάνων
3065 4873 3446 4947 ἀθλοφορικῶν
3489 4870 3725 4943 ἀμοιϐὴν
3751 4870 3806 4922 ὲκ

554 4985 882 5026 coronarum
913 4971 1352 5039 retributionem,
1383 4987 1416 5028 e
1443 4972 1619 5046 gloria
1658 4974 1713 5028 in
1744 4973 1974 5045 gloriam
2006 4990 2136 5045 pro-

557 5069 952 5138 gredientibus.
997 5068 1113 5125 Non
1145 5070 1291 5125 enim
1323 5071 1378 5125 in
1416 5070 1612 5128 iisdem
1643 5086 1766 5138 nos,
1798 5073 2000 5142 quibus
2034 5070 2138 5128 Pco

559 5170 678 5214 trus
717 5167 774 5214 et
825 5157 1029 5215 Paulus
1077 5175 1203 5214 cum
1251 5161 1582 5231 aqualibus,
1634 5172 1731 5218 aut
1774 5162 2044 5233 Georgius
2089 5170 2144 5218 et

558 5249 886 5307 Theodorus
915 5267 1040 5306 cum
1075 5252 1322 5324 ejusdem
1350 5254 1536 5323 gloriae
1580 5256 1766 5322 sociis,
1816 5264 1914 5311 aut
1940 5254 2143 5312 Thecla

561 5353 618 5398 et
647 5341 918 5398 Febronia
946 5358 1072 5398 cum
1099 5344 1347 5414 paribus,
1377 5343 1555 5400 aﬂ'ecti
1601 5347 1887 5403 tormentis
1913 5347 2142 5413 fuimus,

563 5437 618 5490 in
672 5435 897 5506 quibus,
949 5451 1076 5491 cum
1129 5436 1362 5491 multum
1413 5436 1732 5506 diligerent,
1789 5441 2146 5509 proportione

561 5524 910 5580 abundarunt
943 5533 998 5581 et
1022 5525 1225 5580 Christi
1261 5540 1535 5580 concessa:
1573 5527 1876 5597 passiones.
1915 5529 1984 5585 At
2021 5530 2145 5600 qui-

563 5618 668 5674 bus
700 5618 898 5688 exigua
929 5626 1014 5674 est
1039 5617 1278 5673 charitas
1295 5657 1313 5686 ,
1341 5618 1409 5675 iis
1435 5619 1651 5675 minora
1679 5619 1842 5678 etiam
1868 5621 1980 5694 pati
2017 5639 2146 5681 con-

589 5812 592 5816 .
635 5750 682 5782 ’⁷
726 5751 924 5823 Philip.
977 5768 1050 5820 tv,
1083 5754 1134 5811 ί.
1212 5755 1257 5790 ’⁸
1299 5753 1456 5812 Rom.
1492 5771 1580 5820 xv,
1621 5756 1674 5811 4.

634 5862 711 5937 (⁸⁸)
740 5863 1068 5938 Dogmatica.

2239 4981 2409 5047 δόξης
2430 4980 2512 5041 είς
2546 4975 2706 5042 δόξαν
2735 4971 3185 5046 προερχομένοις.
3229 4967 3322 5038 Μὴ
3352 4965 3466 5036 γὰρ
3493 4963 3571 5028 ὡς
3618 4961 3806 5030 Πέτρος

2241 5073 2276 5144 ἢ
2309 5071 2522 5134 Παῦλος
2552 5070 2651 5124 σὺν
2677 5069 2792 5131 τοῖς
2817 5062 3167 5144 ὁμοταγέσιν,
3191 5059 3226 5130 ἢ
3254 5058 3537 5128 Γεώργιος
3567 5054 3662 5108 καὶ
3687 5049 3807 5144 Θεό-

2237 5141 2411 5236 δωρος
2432 5163 2531 5216 σὺν
2557 5163 2671 5224 τοῖς
2697 5156 3040 5230 ὁμοκλεέσιν,
3079 5142 3130 5224 ’ἢ
3184 5147 3498 5236 Θέκλα-Ϋκαὶ
3542 5141 3808 5236 Φεϐρωνίσ.

2243 5234 2341 5312 σὺν
2363 5257 2485 5319 ταῖς
2501 5250 2799 5324 ὀμοδόξοις,
2820 5241 3268 5320 βεϐασανίσμεθα
3291 5257 3306 5271 °
3329 5234 3413 5303 οἷς
3439 5238 3580 5292 πολῦ
3605 5234 3809 5305 ἀγαπή-

2245 5365 2405 5404 σασιν
2431 5345 2717 5414 ἀναλόγως
2744 5341 3107 5413 περιέσσευσε
3139 5337 3238 5390 καὶ
3263 5333 3332 5389 τὰ
3357 5329 3605 5403 Χριστοῦ
3641 5325 3807 5395 παθή-

2249 5456 2395 5512 ματα
2421 5437 2627 5508 δεδωρη
2637 5435 2794 5508 μένα.
2823 5426 2921 5496 Οἷς
2939 5430 2996 5485 δὲ
3021 5429 3082 5484 τὸ
3104 5427 3208 5499 τῆς
3239 5424 3593 5495 ἀγαπήσεως.
3617 5418 3807 5512 ἀλίγον.

2247 5504 2592 5601 ἐνδεέστερον
2617 5504 2738 5582 οιαὶ
2768 5525 2832 5580 τὸ
2885 5523 3118 5594 πάσχειν
3145 5536 3162 5554 ο
3208 5517 3352 5573 ὥστε
3401 5511 3693 5607 λυπεῖσθαι
3725 5504 3811 5607 καὶ

2247 5625 2559 5696 δυσφορεῖν,
2601 5622 2684 5677 ὅτι
2721 5618 2797 5691 μὴ
2825 5615 3000 5671 πολλά
3029 5611 3376 5678 πανθάνομεν
3395 5622 3412 5641 ο
3441 5605 3552 5659 ὀὐκ
3580 5602 3809 5658 ἀλλοιοῦ-
