4054 6364
283 397 434 476 ίιὸῐ

1480 405 2022 472 EPISTOLARUM
2060 412 2207 472 LIB-
2244 411 2330 473 II.

3404 409 3556 480 1182'

275 526 401 580 σθαι
439 524 549 578 δεῖν
575 521 670 577 καὶ
713 520 1057 593 ἀποκάμνειν
1082 522 1142 577 ιν
1166 517 1251 586 οἷς
1295 521 1537 592 μετρίως
1567 523 1734 593 ἐσμὲν
1763 540 1848 576 τι-

1974 526 2202 592 :editur;
2257 531 2318 580 ut
2345 522 2534 579 dolere
2587 527 2754 592 atque
2801 535 2945 594 aegre
2990 519 3134 577 ferre
3176 495 3324 592 quod
3371 528 3542 580 multa

277 613 464 688 μωρού
473 630 646 686 μενοι.

343 793 410 846 Ei
451 791 510 846 δὲ
551 791 882 862 ἐκπέσωμεν
907 803 922 819 ·
969 787 1110 860 ὅπερ
1137 788 1306 858 ἀπείη
1359 789 1456 842 καὶ
1501 789 1701 843 ιννοεῖν
1725 805 1743 822 ο
1793 790 1856 842 οὐ

272 883 428 954 παρά
457 883 558 954 τὴν
587 881 870 955 θεόκριτον
897 881 1118 952 ἐπαφήν
1141 897 1156 911 ·
1194 882 1348 950 παρά
1383 881 1441 934 δὲ
1472 882 1576 952 τὴν
1623 880 1721 935 τοῦ
1751 898 1853 934 κα-

276 973 780 1044 ταμαλακισθέντος
808 973 1051 1037 ἀτονίαν,
1073 973 1169 1026 καὶ
1200 973 1495 1044 ἀκαρδίαν,
1523 974 1618 1027 καὶ
1641 973 1854 1028 ἀθεῖαν.

288 1066 348 1120 Ὁ
382 1067 482 1137 μὲν
501 1067 610 1136 γὰρ
629 1065 830 1120 δέδωκε
854 1065 917 1118 τὸ
941 1064 1149 1136 ίσχύειν
1175 1065 1318 1118 κατὰ
1336 1064 1430 1119 τοῦ
1457 1066 1699 1136 πονηροῦ
1722 1067 1859 1136 κρά-

273 1177 404 1224 τους
419 1173 436 1192 ⁶
458 1159 756 1230 νικηφόρον
788 1157 1118 1229 βουλόμενος
1141 1159 1236 1212 τὸν
1263 1158 1577 1229 ἀγωνιστὴν
1599 1157 1820 1211 ἔσεσθαι
1839 1174 1853 1187 ·

275 1253 306 1306 6
335 1251 393 1304 δὲ
425 1250 687 1322 ὀλιγωρίᾳ
720 1250 883 1324 ῥίψας
908 1249 978 1304 τά
1006 1251 1106 1322 τῆς
1139 1249 1423 1320 ὑπομονῆς
1468 1249 1610 1304 ὅπλα
1650 1248 1822 1303 ὤλετο
1842 1289 1857 1304 .

277 1341 626 1413 Μάρτυς-τοῦ
681 1341 840 1411 λόγου
892 1341 922 1394 6
969 1343 1228 1412 κράζωνο
1257 1339 1484 1406 Πιστὸς
1529 1342 1563 1394 ό
1593 1338 1760 1404 Θεὸς,
1793 1337 1861 1405 ὃς

279 1435 392 1486 οὐκ
423 1431 586 1486 ἐάσει
613 1431 770 1500 ὑμᾶς
809 1429 1214 1499 πειρασθῆναι
1263 1429 1418 1497 ὑπὲρ
1469 1429 1502 1482 ὃ
1553 1427 1819 1482 δύνασθε
1842 1443 1857 1458 ·

279 1525 442 1579 ἀλλὰ
469 1522 710 1591 ποιήσει
749 1523 872 1576 σὺν
903 1521 983 1586 τῷ
1001 1521 1311 1590 πειρασμῷ
1334 1521 1432 1574 καὶ
1463 1519 1580 1587 τὴν
1606 1519 1862 1572 ἔκϐασιν

279 1617 389 1670 τοῦ
441 1615 737 1669 δύνασθαι
776 1613 931 1683 ὑμᾶς
962 1613 1342 1682 ὑπενεγκεῖν.
1368 1606 1497 1665 ’Ὧδε
1523 1613 1557 1682 ἡ
1588 1610 1858 1682 ὑπομονὴ,

278 1707 500 1777 ἀδελφοί
525 1724 537 1737 '
576 1701 677 1760 ὦδε
701 1709 748 1760 oi
777 1706 1062 1759 θεόπλοκοι
1107 1705 1364 1774 στέφανοι
1396 1704 1496 1773 τῆς
1546 1703 1858 1764 εύπιστίας.

280 1799 374 1869 Μὴ
400 1795 493 1854 οὖν
537 1797 995 1869 ἐπαισχυνθῶμεν
1038 1797 1098 1850 τὸ
1152 1795 1456 1866 μαρτύριον
1514 1793 1608 1847 τοῦ
1653 1793 1860 1864 Κυρίου

1962 631 2071 671 non
2107 616 2368 685 patimur,
2401 628 2511 668 non
2540 613 2750 668 turbari
2783 626 2886 669 nos
2917 613 3128 680 deceat,
3160 628 3338 684 neque
3365 613 3542 686 frangi

1959 705 2032 760 ob
2057 705 2352 760 mediocria
2387 703 2502 758 haec
2530 701 2795 772 supplicia
2829 716 2952 771 qua:
2981 701 3338 756 sustinemus.

2030 799 2187 866 Quod
2217 799 2264 853 si
2310 797 2696 860 ceciderimus,
2747 795 2893 864 quod
2942 794 3087 849 absit
3125 793 3210 849 vel
3255 793 3539 863 cogitare!

1960 907 2070 946 non
2099 891 2166 944 ad
2193 890 2442 944 divinum
2477 887 2793 958 impulsum,
2827 885 2921 942 sed
2954 887 3022 941 ad
3054 886 3178 955 ejus
3228 885 3323 954 qui
3366 884 3546 941 factus

1959 993 2043 1040 est
2084 981 2494 1045 remissionem,
2535 990 2590 1036 et
2632 980 2930 1051 ignaviam,
2973 978 3422 1048 impietatemqne
3455 992 3545 1031 re-

1963 1075 2274 1130 ferendum.
2310 1072 2456 1128 Deus
2475 1071 2622 1128 enim
2651 1071 2799 1126 vires
2823 1071 2972 1125 dedit
2993 1069 3259 1125 adversus
3279 1069 3546 1124 daemonis

1961 1165 2300 1235 potentiam,
2358 1163 2625 1218 victorem
2680 1159 2871 1216 volens
2921 1159 3188 1214 athletam
3237 1157 3352 1212 fieri
3393 1175 3407 1211 :
3457 1157 3546 1213 hic

1907 1312 1910 1316 ,
1963 1272 2096 1313 vero
2145 1254 2476 1326 negligentia
2527 1268 2661 1320 sua,
2708 1253 2988 1322 patientia:
3041 1265 3197 1306 arma
3245 1250 3546 1320 projieiens

1964 1347 2149 1416 periit.
2185 1345 2364 1401 Testis
2389 1345 2584 1399 horum
2619 1343 2712 1414 qui
2745 1343 2948 1399 clamat
2977 1361 2991 1397 :
3033 1342 3237 1396 Fidelis
3265 1341 3430 1406 Deus,
3452 1341 3550 1410 qui-

1963 1454 2066 1492 non
2095 1439 2328 1508 patietur
2356 1452 2441 1491 vos
2474 1436 2676 1490 tentari
2706 1450 2871 1504 supra
2908 1435 2964 1490 id
2993 1435 3134 1504 quod
3169 1435 3425 1504 potestis;
3456 1431 3546 1486 sed

1964 1529 2125 1598 faciet
2157 1545 2276 1582 cum
2326 1529 2614 1582 tentatione
2655 1540 2986 1598 proventum,
3025 1537 3083 1581 ut
3116 1528 3333 1597 possitis
3383 1527 3548 1580 susti-

1963 1621 2166 1674 nere”.
2211 1619 2332 1683 Hic,
2369 1618 2590 1684 fratres,
2639 1618 2899 1687 patientia
2929 1635 2944 1686 ;
2983 1619 3069 1674 hic
3095 1634 3218 1687 qua:
3244 1634 3273 1672 a
3309 1619 3416 1672 Deo
3448 1633 3548 1671 ne-

1963 1720 2190 1766 ctuntur
2221 1710 2344 1764 fidei
2377 1725 2614 1765 corona}.
2648 1707 2726 1765 Ne
2754 1709 2923 1780 igitur
2961 1710 3356 1764 erubescamus
3393 1709 3547 1763 testi-

1964 1803 2209 1857 monium
2245 1801 2460 1856 Domini
2510 1801 2707 1867 nostri,
2771 1815 2874 1855 nec
2904 1800 3045 1855 vinci
3077 1817 3179 1855 nos
3210 1801 3478 1870 patiamur
3516 1815 3547 1854 ιι

281 1891 441 1960 ήμῶν
467 1906 480 1920 ’
521 1889 656 1960 μηδὲ
687 1889 1104 1958 ἀπολειφθῶμεν
1133 1887 1394 1940 Θαδδαίου
1431 1885 1526 1940 τοῦ
1577 1884 1861 1939 νεολέκτου

1974 1895 2241 1951 Τιιειὶιιωο
2271 1893 2477 1948 recenti
2514 1902 2778 1964 martyre,
2825 1893 3004 1963 iisque
3033 1893 3126 1962 qui
3171 1908 3278 1947 una
3310 1892 3548 1948 confessi

284 1982 582 2051 μάρτυρος,
612 1979 838 2034 καὶτῶν
870 1979 1446 2050 συνομολογησάντων,
1484 1979 1577 2034 καὶ
1605 1976 1864 2047 συνεκδη-

285 2073 580 2143 μησάντων
625 2073 802 2125 ὀπίσω
846 2071 1041 2126 αὐτοῦ’
1079 2065 1154 2125 ὧν
1199 2072 1312 2124 ῐστε
1365 2071 1430 2142 δὴ
1477 2071 1546 2124 τὰ
1592 2071 1859 2141 ὀνόματα.

281 2165 490 2234 Δῖματι
522 2163 816 2235 μαρτύρων
847 2162 1084 2235 ὴρδεύθη
1116 2163 1212 2216 καὶ
1240 2163 1336 2217 νῦν
1365 2165 1398 2234 ἠ
1443 2162 1740 2234 Ἐκκλησία
1767 2163 1864 2217 τοῦ

282 2257 419 2311 θεοῦ
440 2276 453 2290 ·
489 2259 614 2312 ἐπεὶ
647 2259 737 2312 καὶ
767 2258 1054 2328 ἀρδεύεται
1075 2257 1163 2311 διὰ
1185 2257 1294 2321 τῶν
1329 2258 1410 2310 ἔτι
1436 2256 1746 2311 ἀθλούντων
1771 2258 1865 2310 καὶ

284 2349 640 2421 πολυτρόπως
675 2349 1084 2420 ὲκπιεζομένων
1112 2351 1230 2412 ταῖς
1271 2348 1537 2419 θλίψεσιν.
1589 2344 1739 2418 Λῖμα
1771 2365 1861 2402 κε-

283 2443 370 2494 νοῖ
394 2445 422 2495 6
447 2442 864 2512 καθειργμένος,
900 2444 928 2495 6
971 2443 1382 2513 μεμονωμένος,
1415 2443 1445 2494 6
1495 2442 1866 2513 στενοχωρού-

288 2549 472 2602 μενος,
498 2536 526 2586 6
550 2534 983 2604 ἀφηρπασμένος
1013 2534 1075 2586 ὲκ
1100 2532 1301 2596 παντὸς
1323 2532 1635 2604 προσώπου.
1656 2537 1683 2586 6
1707 2535 1865 2587 ύστε⁴

287 2624 553 2696 ρούμενος
583 2625 691 2680 τῶν
722 2628 864 2679 κατά
896 2627 1109 2697 χρείαν,
1143 2627 1171 2680 6
1203 2625 1426 2688 πεινῶν,
1447 2629 1475 2677 6
1504 2627 1697 2694 διψῶν,
1725 2629 1752 2679 ὀ
1789 2625 1865 2697 μὴ

282 2716 386 2788 τὴν
415 2719 510 2770 τοῦ
542 2718 691 2788 ήλίου
727 2719 920 2772 ἀκτῖνα
961 2717 1248 2789 δεχόμενος
1269 2757 1284 2781 ,
1345 2716 1672 2787 καθημέραν
1726 2719 1866 2770 ἀπο-

286 2805 561 2875 θνήσκων,
591 2805 665 2868 ὡς
680 2806 778 2877 βοᾷ
796 2807 1026 2872 Παῦλος,
1058 2807 1150 2859 καὶ
1175 2805 1306 2875 ὃλην
1328 2806 1428 2875 τὴν
1454 2805 1668 2876 ἡμέραν
1689 2805 1858 2858 θανα-

283 2899 570 2968 τούμενος,
597 2897 672 2961 ὡς
704 2899 820 2970 ᾄδει
847 2898 1034 2952 Δαϐίδ.
1075 2897 1215 2950 Ἀλλ’
1235 2899 1286 2950 εί
1318 2897 1732 2965 ἀποθάνωμεν,
1766 2896 1866 2950 καί

1965 1997 2092 2059 post
2129 2002 2254 2042 eum
2306 1987 2599 2041 abierunt:
2627 2000 2863 2051 quorum
2909 1984 3012 2054 ipsi
3061 1984 3286 2037 nomina
3327 1983 3546 2038 tenetis.

1968 2078 2265 2150 Martyrum
2293 2077 2562 2148 sanguine
2596 2076 2820 2147 irrigata
2855 2076 3156 2130 etiamnum
3188 2083 3272 2129 est
3309 2072 3551 2128 Ecclesia

1968 2168 2066 2224 Dei
2099 2188 2112 2225 :
2151 2179 2315 2238 atque
2340 2167 2478 2223 adeo
2512 2167 2770 2238 irrigatur
2795 2181 2891 2237 per
2917 2181 3014 2220 eos
3039 2166 3131 2236 qui
3161 2164 3340 2220 adhuc
3366 2165 3554 2219 decer-

1968 2268 2104 2324 tant,
2163 2269 2218 2315 et
2271 2258 2439 2313 variis
2495 2257 2758 2313 aerumnis
2811 2256 3162 2311 alllictantur.
3218 2255 3551 2324 Sanguinem

1969 2351 2151 2406 fundit
2187 2351 2283 2421 qui
2316 2349 2566 2406 inclusus
2605 2357 2846 2412 tenetur,
2875 2346 2972 2417 qui
3013 2348 3081 2401 ab
3119 2346 3240 2400 aliis
3269 2346 3553 2414 seiunctus

1966 2453 2070 2507 est,
2095 2443 2187 2513 qui
2217 2443 2273 2497 in
2299 2442 2570 2513 angustiis
2597 2441 2832 2512 positus,
2861 2439 2955 2510 qui
2987 2439 3056 2494 ab
3081 2439 3230 2494 omni
3255 2449 3553 2508 conspectu

1967 2544 2249 2598 remotus,
2301 2535 2395 2604 qui
2471 2534 2639 2588 rebus
2672 2531 2998 2588 necessariis
3047 2529 3383 2596 destitutus,
3455 2530 3550 2597 qui

1967 2630 2164 2694 esurit,
2196 2627 2287 2698 qui
2333 2627 2473 2693 sitit,
2504 2626 2597 2696 qui
2633 2625 2768 2680 solis
2799 2624 3012 2677 radium
3064 2637 3172 2675 non
3207 2621 3378 2686 videt,
3415 2636 3555 2690 quo.

1969 2723 2100 2778 tidie
2144 2721 2420 2785 moriens,
2473 2728 2532 2773 ιιι
2581 2719 2825 2788 loquitur
2871 2716 3074 2770 Paulus
3093 2715 3160 2780 ³⁸,
3207 2725 3262 2768 et
3306 2723 3416 2768 tota
3468 2713 3556 2767 die

1971 2813 2354 2876 intortiflcatus,
2397 2822 2456 2866 ut
2499 2810 2647 2865 canit
2701 2809 2868 2863 David
2901 2807 2966 2861 ³⁸.
3019 2806 3125 2861 Sed
3152 2808 3199 2860 si
3239 2805 3556 2859 commortui

1968 2905 2189 2968 erimus,
2247 2913 2296 2956 et
2345 2903 2675 2956 convivemus
2731 2899 2990 2954 Christo:
3025 2899 3072 2952 si
3122 2896 3555 2959 sustinuerimus,

286 2985 636 3057 συζήσομεν
669 2989 902 3057 Χριστῷ
930 3006 942 3020 ·
997 2991 1049 3042 εὶ
1083 2988 1521 3056 ὑπομείνωμεν,
1572 2988 1669 3040 καὶ
1708 3003 1866 3055 συμ-

1974 3005 2020 3048 et
2085 2993 2612 3064 conregnabimus“.
2673 2990 3060 3060 Superioribus
3111 2987 3330 3044 saeculis
3397 2986 3559 3057 elegit

289 3079 737 3150 6ασι.1έυσομεν
750 3078 930 3144 αὐτῷ.
964 3081 1052 3132 Ἐν
1071 3081 1184 3142 τοῖς
1209 3078 1321 3131 ἀνω
1349 3078 1563 3148 χρόνοις
1586 3076 1868 3143 ἐξελέξατο

1974 3087 2150 3156 gratia
2202 3102 2344 3156 quos
2393 3086 2557 3156 elegit
2613 3085 2680 3138 ad
2730 3083 2935 3138 Christi
3001 3081 3400 3138 testimonium.
3454 3077 3559 3134 Per

289 3175 325 3242 ἡ
355 3174 514 3242 χάρις
559 3171 653 3237 οὒς
704 3171 988 3239 ἐξελέξατο
1030 3173 1112 3234 εἰς
1142 3171 1201 3224 τὸ
1245 3169 1487 3240 Χριστοῦ
1543 3169 1866 3239 μαρτύριον.

1977 3188 2170 3233 aetates
2201 3177 2447 3247 singulas
2476 3175 2804 3230 exoriuntur
2835 3183 3123 3246 martyres.
3157 3172 3388 3226 Necesse
3421 3171 3560 3226 enim

291 3265 451 3318 Κατά
468 3267 661 3333 γενεὰν
683 3268 774 3318 καὶ
786 3263 977 3332 γενεὰν
991 3263 1270 3332 ἀνίσχουσι
1289 3260 1588 3330 μάρτυρες.
1607 3261 1869 3330 Ἀνάγκη

1978 3280 2055 3323 est
2083 3277 2138 3321 ut
2179 3269 2390 3322 veniant
2429 3267 2715 3332 scandala,
2753 3267 2893 3322 dixit
2936 3267 3192 3321 Christus
3214 3267 3300 3320 "z
3336 3277 3394 3320 ut
3429 3266 3562 3322 solis

293 3359 407 3424 τὰρ
436 3356 637 3409 ἐλθεῖν
664 3354 734 3408 τὰ
765 3353 1084 3408 σκάνδαλα
1104 3369 1117 3383 ·
1155 3350 1391 3422 Χριστὸς
1421 3351 1624 3419 ἔφησεν
1645 3367 1657 3380 ·
1709 3353 1796 3404 ἵνα
1823 3354 1870 3405 oi

1979 3363 2087 3417 ritu
2125 3361 2452 3430 splendeant
2481 3360 2664 3424 electi,
2699 3369 2754 3414 et
2792 3359 3004 3414 zizauia
3032 3367 3299 3414 nocturna
3330 3373 3430 3414 sua
3457 3358 3560 3412 ob-

293 3448 543 3501 ὲκλεκτοὶ
571 3447 858 3518 λάμψωσιν
885 3445 1162 3517 ήλίοειδῶς
1181 3463 1195 3477 ·
1222 3444 1316 3497 καὶ
1340 3443 1408 3495 τά
1427 3442 1640 3507 ζιζάνια
1664 3444 1870 3516 φανερά

1981 3453 2244 3510 scuritate
2280 3451 2569 3506 manifesta
2608 3451 2762 3505 fiant.

293 3539 524 3608 γένηται
555 3539 898 3602 νυκτοειδῶς.

370 3631 410 3682 Γ
413 3633 524 3683 ενοί
534 3629 694 3701 μεθα,
720 3625 765 3685 ὦ
797 3632 1040 3702 ἀδελφοὶ,
1077 3634 1134 3686 ὲν
1166 3636 1231 3704 τῇ
1259 3635 1421 3704 γενεᾷ
1450 3632 1624 3703 ταύτῃ
1647 3633 1712 3701 τῇ
1746 3647 1870 3682 σκο-

2057 3628 2262 3692 Simus,
2301 3628 2522 3690 fratres,
2551 3627 2605 3680 in
2633 3625 2856 3682 natione
2883 3625 2987 3680 hac
3018 3639 3180 3693 prava
3209 3631 3263 3679 et
3289 3637 3563 3693 perversa,

296 3722 388 3793 λιᾷ
414 3724 512 3777 καὶ
539 3723 972 3800 διεστραμμένη,
1011 3727 1088 3790 ὡς
1118 3730 1406 3797 φωστῆρες
1455 3725 1790 3794 αύγάζοντες
1816 3724 1870 3774 ἐν

1985 3731 2244 3792 tanquam
2272 3720 2442 3776 stellae
2472 3722 2718 3774 lucentes
2743 3719 2797 3772 in
2825 3718 3067 3773 tenebris
3099 3717 3394 3776 haereseos.
3422 3715 3566 3770 sicut

299 3818 612 3890 σκοτομήνῃ
665 3820 764 3890 τῆς
813 3819 1082 3890 αἱρέσεως
1119 3837 1133 3850 ο
1176 3819 1321 3873 καθά
1382 3820 1532 3889 ἡμᾶς
1591 3816 1870 3883 ἐξελέξατο

1983 3815 2146 3886 elegit
2196 3829 2295 3869 nos
2325 3812 2577 3868 Christus
2626 3813 2679 3866 in
2727 3812 2960 3881 gloriam
3009 3824 3191 3872 suam,
3235 3809 3302 3862 ad
3347 3808 3562 3862 laudem

297 3909 538 3980 Χριστὸς
589 3913 670 3974 είς
717 3911 980 3982 καύχημα
1012 3911 1178 3966 αὑτοῦ
1209 3913 1290 3974 είς
1338 3911 1493 3974 κλέος
1543 3907 1870 3982 ὁρθοδοξίας.

1987 3908 2110 3963 fidei
2138 3906 2477 3963 orthodoxae.
2521 3904 3002 3971 Quemadmodum
3049 3901 3211 3956 nobis
3249 3901 3282 3954 ii
3312 3900 3406 3970 qui
3434 3899 3564 3953 olim

313 4001 402 4064 Ὠς
433 4004 565 4073 ἡμῖν
613 4004 665 4057 oi
695 4004 981 4068 ἀνέκαθεν,
1013 4003 1186 4066 οὔτως
1217 4005 1378 4074 ἡμεῖς
1408 4005 1519 4066 τοῖς
1580 4001 1870 4073 μετέπειτα

1989 3999 2247 4065 fuerunt,
2323 3997 2397 4053 ita
2460 4011 2562 4050 nos
2620 3994 2856 4064 posteris
2939 3991 3348 4054 stabilimenta,
3403 3996 3568 4058 atque

302 4095 610 4164 στηριγμδς
637 4096 733 4149 καὶ
763 4095 1130 4166 ύππογραμμδς
1161 4093 1616 4165 ύποδειχθείημεν
1635 4109 1649 4127 ο
1685 4094 1778 4148 καὶ
1801 4096 1870 4158 εἰς

1997 4090 2252 4159 exemplo
2287 4089 2502 4144 simus:
2533 4095 2594 4140 ut
2635 4089 2687 4140 in
2723 4085 2812 4139 die
2845 4083 3052 4138 Christi
3096 4080 3432 4144 exsultantes
3476 4093 3567 4134 re-

300 4187 520 4258 ἡμέραν
557 4188 797 4259 Χριστοῦ
829 4187 1186 4260 εύρεθείημεν
1237 4190 1579 4258 χορεύοντες.
1622 4187 1870 4253 Καίτοιγε

1991 4181 2288 4252 perismur.
2321 4180 2387 4234 Et
2419 4193 2550 4233 vero
2586 4177 2789 4232 clarius
2811 4185 2975 4244 atque
3001 4170 3370 4235 manifestius,
3401 4183 3566 4238 quam

303 4277 419 4330 τῶν
441 4279 725 4349 προσεχῶν
753 4259 915 4348 ἡμεῖς
940 4278 1142 4349 μᾶλλον
1171 4277 1555 4348 φανερώτερον
1580 4276 1642 4330 τὸ
1673 4275 1870 4346 μαρτύ-

1991 4273 2230 4342 majores
2273 4270 2472 4333 nostri,
2526 4267 2900 4323 testimonium
2937 4265 3224 4319 habemus.
3275 4260 3391 4316 Non
3421 4259 3566 4314 enim

314 4386 429 4441 ριον
457 4369 674 4441 ἔχομεν.
701 4371 837 4424 Ούδὲ
877 4369 986 4442 γὰρ
1015 4370 1144 4441 περὶ
1175 4369 1282 4423 τῶν
1316 4371 1374 4422 ὲν
1409 4367 1632 4439 Χριστῷ
1664 4367 1870 4436 φύσεων

1990 4367 2057 4421 de.
2094 4363 2301 4420 Christi
2351 4363 2598 4434 naturis,
2639 4369 2734 4415 aut
2775 4356 3192 4420 voluntatibus,
3243 4361 3300 4410 et
3347 4351 3562 4408 cameris

313 4463 346 4531 ἢ
367 4461 494 4533 θελη
504 4463 712 4532 μάτων,
741 4464 835 4516 καὶ
855 4463 956 4516 ὅσα
978 4462 1115 4533 πρὸς
1131 4461 1342 4524 τούτοις
1363 4459 1870 4530 ἀμφισϐητούμενα·

1992 4471 2112 4526 qua:
2159 4455 2211 4508 in
2261 4455 2622 4524 quaestionem
2671 4460 2867 4506 vocata
2920 4450 3186 4514 fuerunt;
3253 4447 3306 4501 in
3363 4445 3568 4515 quibus

307 4547 384 4608 ὧν
414 4555 448 4624 ἡ
495 4554 863 4626 διαμάρτησις
919 4557 1062 4609 κατὰ
1114 4553 1182 4608 τὰ
1225 4554 1476 4624 νοήματα
1522 4547 1682 4608 οὖσα.
1732 4550 1870 4603 ούδὲι

1991 4545 2369 4610 hallucinatio,
2422 4544 2685 4614 quoniam
2739 4543 2792 4596 in
2846 4540 3163 4595 notionibus
3210 4537 3344 4607 ipsis
3392 4534 3570 4604 posita

307 4624 598 4715 αἰσθητῶς
617 4624 848 4719 παρεῖχε
897 4645 996 4716 τὴν
1051 4643 1360 4711 ἀπόδειξινο
1403 4645 1496 4697 νῦν
1549 4641 1605 4696 δὲ
1639 4643 1737 4695 σὺν
1775 4643 1870 4702 τοῖς

1993 4646 2134 4704 erat,
2170 4636 2377 4690 nullam
2410 4635 2515 4690 sub
2543 4648 2742 4688 sensus
2788 4627 3320 4686 demonstrationem
3357 4624 3568 4678 dabat:

306 4737 544 4808 νοήμασι
595 4736 688 4789 καὶ
726 4735 846 4789 κατ’
889 4734 1204 4806 ὀφθαλμοὺς
1233 4735 1294 4786 τὸ
1344 4731 1887 4804 ἀμφισϐητούμενον,

308 4829 430 4900 ἢτοι
459 4827 848 4898 ἀσεϐούμενον.
875 4827 982 4880 Τὸν
1009 4826 1116 4898 γὰρ
1142 4826 1378 4897 Χριστὸν
1407 4829 1454 4878 oi
1485 4825 1878 4895 ἀντικείμενοι,

309 4921 371 4974 ού
416 4921 575 4990 μόνον
599 4920 698 4973 οὐκ
729 4917 1088 4982 είκονίζεσθαι
1111 4918 1328 4986 λέγουσί
1355 4935 1413 4970 τε
1446 4917 1540 4970 καὶ
1577 4915 1886 4980 λοξονοοῦσι

312 5010 412 5064 σὺν
441 5014 507 5082 τῇ
535 5011 782 5082 Θεοτόκῳ
803 5012 897 5064 καὶ
929 5011 1241 5064 οὑτινοσοῦν
1263 5010 1372 5064 τῶν
1402 5009 1602 5078 ἁγίων·
1632 5008 1768 5063 ἀλλά
1793 5009 1888 5063 καὶ

312 5103 803 5174 ἐγγεγραμμένους
841 5103 1259 5172 ὲξαφανίζουσι·
1308 5101 1519 5171 πλάνην
1553 5103 1648 5155 καὶ
1669 5101 1893 5172 ὄλεθρον

313 5194 502 5265 ψυχῶν
551 5196 678 5258 τοὺς
713 5193 891 5258 θείους
945 5195 1304 5265 χαρακτῆρας
1349 5194 1788 5265 δογματίζοντες.
1821 5195 1888 5248 Ὠ

313 5285 414 5356 τῆς
449 5284 748 5354 Ἰουδαϊκῆς
793 5287 887 5339 καὶ
931 5285 1249 5356 Ἑλληνικῆς
1277 5285 1732 5348 ἀντιπεπονθότος
1764 5286 1890 5339 ἀσε-

317 5375 500 5438 ϐείαςί
541 5375 708 5430 Οὐδὲν
743 5371 836 5430 οὖν
865 5376 974 5447 ἀρα
1015 5377 1076 5428 τὸ
1124 5376 1356 5430 καθόλου
1382 5393 1395 5407 ·
1436 5376 1470 5446 ἢ
1505 5375 1656 5444 παρά
1693 5376 1755 5428 τὸ
1794 5374 1896 5444 τῆς

316 5465 508 5528 ούσίας
560 5467 838 5538 διάφορον,
891 5470 926 5538 η
973 5467 1242 5537 ἐξαλλαγὴ
1299 5469 1358 5520 ὲν
1391 5462 1436 5535 ᾧ
1469 5470 1498 5521 6
1535 5467 1714 5536 λόγος.
1755 5467 1834 5536 Φὴ
1865 5468 1894 5520 6

332 5556 585 5620 Ἰουδαῖος
615 5557 734 5628 ἦτοι
753 5559 782 5610 6
805 5556 1008 5628 Ἕλλην
1036 5556 1116 5626 τῷ
1141 5555 1473 5627 Χριπιανῷ·
1505 5558 1774 5628 ’Δρνησαι
1800 5555 1892 5609 τὸν

317 5645 578 5718 Χριστὸν,
607 5647 707 5718 τὴν
741 5647 982 5719 Μαρίαν.
1018 5646 1191 5701 Τοῦτο
1211 5646 1306 5700 καὶ
1329 5649 1360 5700 6
1394 5649 1784 5720 Εἰκονομάχος.
1826 5647 1891 5703 'H

1995 4733 2090 4786 sed
2141 4744 2288 4783 nunc
2345 4727 2411 4781 de
2465 4726 2536 4782 iis
2597 4741 2720 4795 qua:
2775 4721 3134 4794 cogitationes
3185 4716 3352 4772 simul
3409 4722 3574 4783 atque

1995 4822 2186 4878 oculos
2249 4819 2489 4883 feriunt,
2539 4818 2809 4872 dubitatio
2861 4823 2975 4878 est,
3029 4827 3125 4868 seu
3178 4809 3360 4880 potius
3407 4807 3572 4876 impia

1996 4909 2216 4979 negatio
2245 4925 2258 4961 :
2292 4907 2575 4964 Christum
2607 4903 2881 4976 siquidem
2913 4898 3212 4956 adversarii
3248 4911 3356 4952 non
3395 4895 3571 4952 solum

1993 5003 2176 5070 eiiingi
2213 5015 2375 5072 posse
2416 5007 2616 5070 negant
2649 5011 2712 5052 ac
2753 5009 2920 5066 prave
2951 4993 3234 5058 sentiunt;
3271 4989 3575 5057 eodemque

1996 5097 2160 5150 modo
2190 5093 2507 5164 Deiparam,
2561 5102 2726 5160 atque
2771 5097 2994 5144 sanctos
3027 5085 3346 5156 quoslibet;
3385 5095 3574 5136 verum

2000 5201 2292 5258 expressos
2347 5186 2512 5240 etiam
2568 5184 2815 5247 abolent,
2869 5195 3118 5236 errorem
3167 5193 3234 5232 ac
3277 5175 3575 5246 perniciem

2001 5279 2314 5332 animarum
2364 5289 2554 5330 sacras
2608 5273 2877 5344 imagines
2931 5285 3054 5327 esse
3111 5269 3468 5324 animantes.
3531 5262 3577 5317 0

1999 5372 2280 5428 Judaicam
2334 5371 2538 5442 pariter
2582 5377 2639 5424 et
2681 5368 2959 5422 etlmicam
3012 5361 3385 5433 impietatem!
3420 5357 3578 5411 Nulla

2002 5465 2169 5537 igitur
2195 5465 2469 5530 universe,
2507 5469 2602 5517 aut
2627 5459 2809 5530 quoad
2835 5457 3156 5516 substantia:
3175 5450 3578 5514 .ditl‘erentiam,

2003 5558 2241 5613 varietas
2273 5556 2327 5610 in
2360 5571 2428 5609 eo
2467 5555 2535 5608 de
2580 5566 2690 5623 quo
2743 5565 2930 5608 sermo
2956 5556 3064 5604 est.
3096 5547 3186 5599 Ait
3231 5543 3456 5598 Judaaus
3485 5551 3582 5596 aut

2005 5649 2262 5705 ethnicus
2289 5645 2606 5704 Christiano
2631 5661 2646 5700 :
2671 5641 2819 5714 Nega
2834 5641 3142 5702 Christum,
3162 5649 3299 5706 nega
3321 5633 3578 5690 Mariam:

337 5921 344 5934 ,
397 5867 442 5900 ³³
486 5866 530 5924 ll
559 5843 687 5926 Cor.
709 5884 764 5939 ι,
802 5869 889 5926 18.
968 5844 1073 5923 a"Ol
1107 5866 1235 5926 Cor.
1270 5883 1359 5936 xv,
1403 5867 1492 5926 51.
1570 5869 1612 5904 ⁸¹
1654 5826 1806 5928 ιίειιιί
1838 5886 1868 5927 x

1981 5910 1996 5940 ,
2023 5865 2116 5924 22.
2177 5847 2238 5900 λ³²
2279 5864 2325 5922 ll
2359 5862 2506 5922 Tim.
2548 5877 2608 5932 if,
2651 5861 2737 5917 12.
2772 5851 2776 5854 ’
2817 5861 2861 5893 ³³
2902 5857 3093 5917 Matth.
3129 5870 3292 5924 xvut,
3325 5852 3391 5908 7.
3427 5821 3440 5836 ﬁ
