4054 6364
491 359 631 425 1183

1681 367 1744 428 S.
1782 367 2175 430 THEODORI
2197 371 2546 432 STUDlT/E

3611 363 3751 428 118i

490 479 594 532 huc
624 477 800 545 ipsum
825 475 902 532 ait
928 485 985 534 et
1013 476 1436 538 lconomacbus.
1473 482 1660 553 Imago
1683 483 1830 538 enim
1854 483 2061 540 Christi

2173 487 2272 557 γὰρ
2305 485 2472 540 εἰκὼν
2498 483 2763 558 Χριστοῦ,
2797 485 2950 540 ὥσπε
2959 501 2993 554 ρ
3017 483 3114 538 καὶ
3142 483 3243 554 τῆς
3265 481 3557 546 Θεοτόκου,
3598 482 3750 552 ὀμω-

487 577 542 619 et
585 566 868 636 Deiparze,
923 569 1117 624 eodem
1166 573 1390 627 nomine
1426 573 1680 629 Christus
1726 583 1784 629 et
1835 574 2062 644 Deipara

489 664 858 725 nuncupatur.
911 657 1093 723 Quare
1139 661 1234 729 qui
1284 660 1578 731 imaginem
1636 664 1823 732 negari
1870 665 2063 734 jubet,

488 764 616 802 eum
643 747 804 817 cujus
826 749 1007 819 imago
1031 759 1138 814 est,
1165 751 1351 821 negari
1382 753 1526 808 haud
1558 753 1724 808 dubie
1743 753 1920 824 jubet.
1946 755 2063 811 Non

490 852 633 903 mea,
686 838 782 908 qui
837 839 1023 895 nullus
1055 855 1201 902 sum,
1257 843 1374 896 haec
1419 844 1712 898 sententia.
1753 845 1895 899 Audi
1932 847 2065 916 quid

490 929 662 1000 Moysi
695 930 844 986 dicat
889 932 1275 987 universorum
1327 932 1470 988 Deus
1498 953 1512 988 :
1548 932 1662 988 Fac
1694 935 2064 991 Cherubim“.

491 1021 678 1090 Itaque
721 1020 1018 1076 Cherubim
1069 1021 1336 1094 imagines
1383 1024 1499 1080 ﬁeri
1535 1025 1729 1094 jussit.
1772 1025 1890 1090 Nec.
1917 1030 2063 1083 enim

491 1119 745 1166 naturam
808 1111 1105 1167 Clterubim
1172 1113 1526 1182 designasse,
1593 1117 1791 1172 mentis
1840 1133 2065 1188 compos

492 1203 636 1258 ullus
667 1202 831 1257 dicet.
874 1202 942 1256 Et
981 1219 1200 1258 rursum
1235 1222 1249 1258 :
1285 1204 1390 1259 Fac
1419 1210 1714 1275 serpentem
1755 1224 1956 1262 (sucum
1977 1209 2061 1264 ³³ε

490 1304 546 1348 et
580 1295 668 1348 hic
697 1309 918 1364 qttoque
960 1297 1230 1363 serpentis
1279 1297 1567 1368 imaginem
1613 1301 1846 1367 exprimi
1891 1301 2063 1370 jubet.

499 1388 696 1442 Verum
725 1389 839 1444 haec
869 1398 954 1443 est
984 1399 1181 1444 natura
1220 1391 1516 1462 prototypi,
1553 1400 1608 1446 et
1639 1392 1870 1460 exempli
1905 1393 1974 1448 ab
2000 1408 2068 1446 eo

493 1467 736 1544 deducti,
785 1492 843 1536 ut
871 1484 1181 1553 exemplum
1213 1484 1492 1556 archetypi
1540 1502 1737 1541 nomen
1771 1497 1974 1551 sumat,
2013 1496 2068 1541 et

494 1586 606 1626 uno
635 1574 852 1628 sublato
885 1573 1118 1629 alterum
1159 1575 1418 1639 tollatur,
1453 1583 1713 1645 tanquam
1756 1593 1879 1646 qua:
1903 1577 2067 1632 simul

491 1661 596 1714 sint
608 1701 621 1714 .
642 1661 768 1715 Erat
785 1663 1030 1732 angelus,
1055 1663 1174 1718 ideo
1192 1672 1247 1718 et
1261 1665 1439 1734 angeli
1457 1665 1636 1736 imago
1657 1683 1671 1720 :
1687 1675 1805 1721 erat
1819 1682 2065 1737 serpens,

494 1753 618 1806 ideo
650 1761 704 1807 et
731 1752 911 1821 imago
941 1755 1235 1824 serpentis.
1265 1756 1463 1810 Eadem
1496 1766 1584 1810 est
1610 1757 1749 1812 ratio
1777 1759 1854 1814 rei
1884 1759 2068 1828 cujus-

2165 578 2349 648 νύμως
2377 577 2614 648 Χριστὸς
2648 578 2744 630 καὶ
2784 577 3050 640 Θεοτόκος
3076 575 3319 644 λέγεται.
3371 575 3537 628 Ὥστε
3572 573 3748 641 λέγων

2163 669 2262 740 τὴν
2281 669 2469 722 εἰκόνα
2496 668 2780 738 ἀρνεῖσθαι
2807 684 2824 700 ο
2864 668 2957 721 τὸν
2991 661 3206 730 οὗτινος
3238 668 3272 737 ἡ
3320 665 3520 730 εἰκὼν,
3541 666 3748 728 ἐκεῖνον

2162 759 2456 831 διαρρήδην
2495 759 2839 832 έξαρνεῐσθαι
2885 757 3167 828 ἀπαιτοίη.
3209 759 3301 828 Μὴ
3341 758 3454 828 γὰρ
3485 757 3620 826 ἐμοῦ
3651 756 3746 810 τοῦ

2163 850 2452 921 οὺδαμινοῦ
2481 851 2510 904 6
2536 850 2714 918 λόγος.
2763 850 2963 904 ’Ἄκουε
3001 849 3056 902 τι
3093 865 3227 920 φησι
3253 848 3332 920 τῷ
3367 849 3557 902 Motae!
3583 849 3610 899 6
3635 847 3745 902 τῶν

2169 943 2306 996 ὅλων
2331 941 2484 1006 Θεός·
2516 942 2787 1010 Ποίησον
2805 941 3118 1011 Χερουϐίμ.
3167 940 3276 994 Καί
3317 955 3399 992 τοι
3427 939 3614 994 εἰκόνα
3637 939 3746 992 Χε-

2173 1033 2375 1106 ρουϐὶμ
2401 1033 2632 1102 ποιῆσαι
2657 1033 3052 1106 προστέταχεν.
3077 1033 3152 1086 υῦ
3195 1031 3306 1100 γάρ
3333 1048 3416 1084 τοι
3448 1030 3613 1100 φύσιν
3643 1031 3748 1084 Χε-

2169 1127 2426 1198 ρουᾶκὴν
2457 1125 2671 1198 φρονῶν
2707 1141 2792 1188 τις
2835 1124 3192 1196 παραστῆσαι
3234 1125 3402 1178 αὐτὸν
3453 1126 3615 1194 φαῖεν
3657 1126 3742 1178 ἀν.

2167 1220 2278 1272 Καὶ
2329 1213 2522 1282 αὖθις·
2578 1217 2855 1284 Ποίησον
2910 1217 3054 1287 ὅφιν
3115 1215 3427 1285 χαλκοῦν·
3494 1215 3590 1268 καὶ
3637 1215 3748 1284 μὴν

2165 1308 2446 1362 κάνταῦθα
2503 1309 2690 1363 εἰκόνα
2736 1308 2914 1378 όφεως
2962 1308 3140 1361 ποιεῖν
3179 1305 3537 1377 προστάσσει.
3605 1305 3745 1358 Ἀλλ’

2165 1401 2362 1472 αῦτηή
2398 1400 2956 1472 φύσιςιπρωτοτύπου
2996 1401 3091 1454 καὶ
3142 1397 3507 1470 παραγὼγου·
3543 1397 3607 1450 τὺ
3636 1413 3743 1450 πα-
3791 1387 3798 1392 ’

2167 1493 2363 1564 ραχθὲν
2388 1494 2484 1546 εἰτ’
2509 1487 2604 1546 οῦν
2640 1492 2700 1547 τὸ
2723 1492 3024 1546 εἰκονισθὲν
3050 1490 3146 1545 τοῦ
3172 1489 3483 1561 ἀρχετύπου
3511 1488 3590 1559 τῷ
3625 1489 3743 1541 ὀνό-

2170 1603 2300 1657 ματι
2334 1585 2635 1650 καλεῖσθαι,
2675 1585 2772 1638 καὶ
2819 1587 2886 1654 τῇ
2919 1583 3146 1654 θατέρου
3196 1582 3476 1652 ἀναιρέσει
3515 1581 3744 1653 θάτερον

2167 1675 2530 1747 ἀναιρεῖσθαι,
2567 1675 2644 1738 ὡς
2678 1674 2786 1728 τῶν
2830 1673 2947 1744 ἅμα
2977 1673 3167 1727 ὄντων.
3217 1668 3324 1726 Ἦν
3367 1671 3619 1740 ἄγγελος,
3655 1671 3744 1723 διὰ

2167 1766 2326 1820 τοῦτο
2357 1765 2454 1818 καὶ
2481 1764 2645 1818 εἰκὼν
2680 1763 2918 1832 ἀγγέλου
2945 1781 2959 1794 ·
3006 1759 3076 1834 ἦν
3122 1763 3266 1832 ὄφις,
3306 1763 3398 1815 διὰ
3433 1761 3595 1814 τοῦτο
3651 1763 3748 1814 καὶ

493 1845 644 1900 libet.
693 1844 880 1915 Itaque
909 1856 1172 1901 Vocantur
1215 1846 1488 1901 interdum
1523 1848 1745 1917 quidem
1778 1849 2064 1921 imagines,

2173 1858 2331 1912 εἰκὼν
2354 1857 2529 1928 ὄφεως
2563 1871 2577 1884 ·
2621 1830 3050 1911 καὶ-ολδτινοσοῦν
3073 1830 3237 1908 ἄλλου
3274 1853 3386 1907 τῶν
3415 1854 3609 1907 ὄντων.
3638 1855 3748 1906 Καὶ

493 1953 729 2006 quorum
773 1937 951 2006 reipsa
987 1947 1116 1993 sunt
1149 1956 1163 1992 :
1202 1939 1471 1994 interdum
1519 1955 1669 2004 vero,
1715 1953 1937 2011 propter
1970 1943 2067 1996 ha-

495 2028 825 2093 bitudinem,
869 2041 1128 2098 tanquam
1168 2029 1461 2100 archetypa
1503 2029 1622 2101 ipsa
1653 2044 2065 2103 nuncupantur,

493 2129 550 2175 et
589 2134 695 2174 non
733 2119 1002 2191 imagines
1025 2137 1244 2176 eorum.

2167 1948 2460 2004 καλοῦνται
2489 1948 2566 2018 πῆ
2604 1948 2703 2016 μὲν
2743 1947 2953 2010 εἰκόνες
2989 1942 3178 2018 ὦνπερ
3230 1945 3327 2000 καὶ
3365 1945 3473 1999 εἰσί
3495 1961 3510 1976 ο
3543 1945 3619 2015 πῖ]
3662 1943 3742 2006 δὲ,

2165 2035 2252 2089 διά
2275 2036 2374 2106 τὴν
2396 2034 2599 2105 σχέσιν,
2624 2034 2700 2097 ὼς
2733 2033 2873 2088 αὐτά
2897 2033 2968 2087 τά
3004 2033 3291 2105 ἀρχέτυπα
3340 2031 3743 2103 ὀνομαζόμενα,

2168 2125 2262 2179 καὶ
2286 2125 2386 2180 οὐκ
2404 2125 2614 2189 εἰκόνες
2643 2124 2845 2179 αὐτῶν.

567 2215 681 2269 lloc
722 2217 885 2269 modo
906 2215 1126 2270 divinus
1157 2215 1454 2286 Apostolus
1481 2217 1560 2272 ait
1591 2235 1608 2272 :
1647 2215 1919 2289 Superque
1949 2236 2068 2274 eam

493 2307 776 2362 Cherubin:
837 2309 1025 2379 gloria
1072 2308 1442 2364 obumbrantia
1506 2311 2002 2379 propitiatorium“
2051 2330 2066 2367 :

495 2401 768 2471 prototypi
841 2416 1040 2456 nomen
1101 2401 1352 2456 tribuens
1406 2403 1758 2474 imaginibus.
1821 2405 1961 2459 Audi
2016 2414 2071 2460 et

2173 2416 2301 2467 ριον
2323 2417 2337 2432 ⁸
2371 2398 2448 2470 τῷ
2476 2399 2706 2470 ὀνόματι
2731 2399 2840 2451 τῶν
2871 2398 3247 2469 πρωτοτῦπων
3271 2400 3622 2470 χρησάμενος
3655 2400 3752 2452 ἐπὶ

493 2497 754 2553 Basillum
794 2511 1054 2567 magnum
1085 2513 1100 2552 :
1132 2515 1152 2548 ι
1190 2494 1542 2566 Exprimatur
1573 2498 1740 2553 etiam
1790 2498 1844 2552 in
1886 2499 2070 2554 tabula

2173 2492 2279 2546 τῶν
2333 2491 2582 2544 εἰκόνων.
2640 2491 2840 2543 Ἀκουε
2868 2489 2964 2543 καὶ
2999 2489 3094 2542 τοῦ
3143 2488 3382 2559 μεγάλου
3419 2488 3706 2542 Βασιλείου
3730 2505 3746 2521 ο

493 2589 852 2645 certaminum
901 2604 1100 2659 praeses
1139 2588 1393 2645 Christus
1419 2590 1486 2642 ³⁷.
1524 2607 1543 2640 ι
1605 2591 1721 2643 Non
1753 2591 1898 2644 enint
1951 2591 2067 2644 ait:

2177 2600 2196 2642 ᾳ
2246 2580 2642 2651 Ἐγγραιρέσθω
2667 2580 2747 2652 τῷ
2779 2580 2976 2634 πίνακι
3006 2581 3103 2634 καὶ
3143 2581 3171 2632 ὀ
3199 2579 3310 2633 τῶν
3349 2579 3748 2650 παλαισμάτων

502 2681 846 2750 Exprimatur
895 2681 1078 2750 imago
1136 2679 1385 2749 praesidis
1430 2681 1794 2734 certaminum
1843 2679 2069 2746 Christi,

2173 2673 2511 2745 ἀγωνοθέτης
2533 2675 2787 2744 Χριστός.
2821 2695 2841 2727 ι
2871 2675 2964 2745 Μὴ
2987 2675 3095 2747 γάρ
3131 2671 3287 2728 εἶπεν
3306 2691 3323 2708 ο
3357 2676 3751 2747 Ἑγγραφέσθω

493 2772 629 2835 sed,
686 2770 960 2825 Christus.
1026 2769 1164 2824 Audi
1218 2777 1274 2823 et
1339 2768 1662 2836 Gregorium
1716 2767 2068 2838 Nyssenum:

2173 2769 2204 2838 ἡ
2226 2764 2392 2819 εἰκὼν
2419 2765 2512 2819 τοῦ
2533 2767 2644 2820 τῶν
2673 2766 3076 2837 παλαισμάτων
3095 2767 3438 2834 ἀγωνοθέτου
3469 2767 3708 2839 Χριστοῦ
3732 2783 3745 2798 ο

501 2881 520 2913 ι
562 2863 772 2919 Pratsto
803 2872 886 2917 est
918 2861 1089 2917 Isaac.
1122 2883 1140 2912 ι
1182 2861 1358 2930 Ipsam
1390 2860 1540 2914 Isaac
1569 2861 1886 2929 imaginem,
1925 2860 2071 2915 Isaac

2173 2859 2327 2920 ἀλλά,
2352 2857 2607 2928 Χριστός.
2639 2859 2837 2912 Ἀκουε
2863 2857 2959 2911 καὶ
2992 2857 3295 2928 Γρηγορίου
3325 2857 3423 2911 τοῦ
3443 2859 3706 2921 Νυσσὲως
3731 2875 3744 2887 ·

495 2955 754 3026 appellat.
785 2953 928 3008 Attdi
976 2953 1428 3024 Chrysostomum
1459 2967 1476 3005 :
1516 2970 1535 3002 ι
1569 2951 1688 3004 Vidi
1723 2951 1976 3020 angelum
2017 2951 2070 3006 in

2175 2967 2196 3000 ι
2240 2949 2532 3020 Πρόκειται
2587 2949 2616 3002 6
2660 2948 2865 3003 Ἰσαάκ.
2928 2967 2949 3002 ι
2993 2949 3091 3019 τὴν
3149 2948 3339 3002 εἰκόνα
3388 2948 3485 3003 τοῦ
3544 2949 3748 3014 Ἰσαὰκ,

499 3049 758 3118 imagine.
795 3065 814 3098 ι
853 3045 970 3102 Non
1003 3046 1150 3101 enim
1195 3045 1488 3116 imaginem
1528 3043 1708 3114 angeli
1753 3045 1805 3097 in
1838 3043 2071 3113 imagine

2184 3040 2369 3096 Ἰσαὰκ
2435 3040 2823 3110 ὀνομάσαντος.
2889 3041 3092 3094 ’Δκουε
3150 3040 3249 3094 τοῦ
3316 3041 3705 3112 Χρυσοστόμου
3731 3057 3747 3072 ο

498 3156 527 3195 a
562 3156 622 3197 se
655 3141 828 3196 visam
858 3140 1018 3206 dixit,
1051 3138 1146 3194 sed
1175 3139 1454 3208 angelum.
1505 3138 1566 3193 ln
1601 3137 1838 3208 imagine
1867 3137 2069 3206 quippe

2178 3149 2198 3182 ι
2232 3127 2381 3184 Εἶδον
2409 3130 2640 3200 ἄγγελον
2669 3133 2727 3184 έν
2748 3131 2918 3186 εἰκόνι
2937 3145 2952 3161 ⁸
2995 3151 3013 3184 r
3048 3131 3140 3203 Μὴ
3168 3132 3279 3202 γάρ
3309 3132 3548 3201 ἀγγέλου
3567 3133 3751 3188 εἰκόνα

499 3242 844 3304 prototypum
876 3239 1298 3301 repraesentatur
1338 3247 1351 3282 :
1392 3229 1537 3285 sicut
1563 3229 1691 3283 etin
1730 3240 1857 3299 typo
1889 3231 2070 3284 crucis

2173 3223 2276 3294 ἔφη
2306 3224 2364 3276 ἐν
2386 3223 2555 3276 εἰκόνι
2585 3223 2735 3288 ἰδεῖν,
2781 3224 2896 3277 ἀλλ’
2921 3223 3175 3293 ἄγγελον.
3219 3225 3309 3278 Ἐν
3346 3226 3458 3294 γάρ
3485 3227 3553 3296 τῇ
3585 3226 3748 3280 εἰκόνι

498 3338 631 3379 crux
667 3323 782 3390 ipsa
805 3321 1016 3375 viviﬁca
1047 3339 1063 3376 :
1097 3330 1367 3390 quatenus
1395 3319 1758 3388 inseparabile
1788 3329 1871 3374 est
1895 3335 2069 3374 unum

2173 3316 2232 3369 τὸ
2261 3314 2570 3386 ἀρχέτυπον
2614 3315 2935 3384 ὲκφαίνεται
2959 3332 2974 3348 ο
3017 3316 3094 3379 ὡς
3129 3317 3224 3370 καὶ
3266 3317 3325 3368 έν
3351 3317 3431 3387 τῷ
3460 3320 3618 3387 τύπῳ
3657 3317 3750 3370 τοῦ

2239 2215 2396 2270 Οὕτω
2430 2215 2566 2286 φησι
2592 2216 2687 2270 καὶ
2713 2217 2744 2270 6
2784 2215 2927 2286 ἰερὸς
2961 2215 3318 2280 Ἀπόστολοςο
3360 2215 3655 2285 ’Υπεράνω
3677 2215 3748 2270 δὲ

2167 2307 2360 2377 αὐτῆς
2385 2307 2668 2376 Χερουϐὶμ
2693 2306 2878 2375 δόξης
2906 2307 3378 2368 κατασκιάζοντα
3406 2308 3474 2361 τὸ
3502 2308 3750 2374 maca}-

500 3415 568 3469 ah
607 3413 779 3467 altero
832 3411 888 3465 in
939 3411 1281 3465 adoratione.
1337 3411 1629 3479 PrOpterea
1679 3419 1734 3466 et
1785 3411 2069 3481 archetypi

502 3519 702 3559 nomen
754 3501 965 3556 obtinet
1015 3501 1219 3570 imago.
1274 3500 1420 3556 Crux
1482 3501 1626 3554 enim
1679 3501 1860 3556 crucis
1915 3511 2072 3572 typus

502 3594 828 3665 appellatur.
878 3591 972 3646 Sic
1019 3593 1086 3645 de
1129 3606 1276 3661 rege,
1328 3591 1585 3660 omnique
1635 3592 1875 3658 homine,
1924 3604 1979 3647 et
2006 3593 2074 3647 de

502 3686 650 3742 omni
691 3685 796 3738 alia
847 3698 924 3747 re,
973 3697 1100 3737 vere
1129 3682 1286 3737 nobis
1313 3681 1497 3738 dicere
1525 3683 1704 3747 liceat,
1741 3700 1922 3756 regem
1964 3686 2074 3742 dici

499 3780 665 3834 etiam
706 3775 850 3845 regis
882 3774 1174 3844 imaginem
1205 3774 1281 3828 ait
1309 3774 1529 3831 divinus
1579 3775 1833 3842 Basilius,
1884 3786 1939 3832 et
1968 3780 2074 3834 Pe-

502 3882 670 3932 trttnt,
715 3867 858 3922 Petri
901 3866 1238 3936 imaginem;
1286 3877 1341 3920 et
1373 3865 1627 3934 Paulum,
1677 3866 1830 3923 Pauli
1877 3869 2074 3940 imagi-

504 3975 652 4015 nem.
704 3956 890 4012 Dicam
937 3955 1143 4025 aliquid
1193 3955 1506 4021 sublimius,
1555 3966 1609 4012 et
1643 3957 1811 4012 Deum
1857 3975 2077 4030 quoque

503 4053 782 4106 hominem
811 4048 946 4112 dici,
978 4056 1242 4118 tanquam
1277 4049 1368 4104 Dei
1403 4049 1718 4118 imaginem.
1751 4049 1893 4120 Ergo
1919 4053 2074 4121 juxta

499 4157 564 4197 ea
609 4155 732 4210 qua)
789 4139 1028 4193 Basilius
1079 4138 1306 4202 docuit,
1369 4137 1534 4192 etiam
1587 4139 1842 4195 Christus
1896 4141 2076 4212 imago

501 4234 730 4289 Christi.
785 4232 932 4286 Dixit
979 4231 1150 4296 enint,
1203 4238 1260 4284 et
1299 4231 1495 4285 iterum
1519 4231 1687 4286 dico:
1723 4231 2077 4302 Exprimatur

503 4325 557 4379 in
595 4323 800 4386 tabula,
835 4337 945 4376 non
978 4321 1163 4390 imago
1197 4318 1427 4382 Christi,
1475 4319 1574 4374 sed
1612 4319 1886 4376 Christus.
1915 4321 2072 4386 Quod

473 4415 549 4469 -si
601 4415 718 4469 haec
767 4427 875 4467 non
925 4412 1110 4466 ferunt
1151 4410 1522 4476 contentiosi;
1577 4411 1814 4480 primum
1863 4413 2076 4469 divinas

2175 3407 2413 3479 σταυροῦ
2445 3409 2473 3461 6
2513 3409 2778 3472 ζωοποιδς
2817 3411 3047 3480 σταυρός
3078 3425 3093 3440 ·
3137 3411 3286 3464 καθά
3316 3412 3413 3465 καὶ
3447 3412 3750 3481 ἀχώριστόν

2173 3501 2291 3553 ἐστι
2329 3500 2559 3570 θάτερον
2616 3501 2847 3572 θατέρου
2891 3504 2959 3573 τῇ
3015 3505 3424 3573 προσκυνήσει·
3457 3503 3550 3556 διά
3597 3502 3752 3555 τοῦτο

2173 3590 2271 3644 καὶ
2295 3591 2394 3662 τὴν
2425 3591 2618 3662 κλῆσιν
2651 3591 2744 3646 τοῦ
2783 3592 3145 3662 πρωτοτύπου
3196 3595 3311 3664 ἔχει
3338 3595 3400 3648 τὸ
3444 3595 3747 3662 εἰκόνισμα.

2176 3679 2414 3748 Σταυρὸς
2441 3679 2551 3749 γὰρ
2586 3683 2614 3734 6
2650 3680 2820 3745 τύπος
2853 3681 2947 3734 τοῦ
3000 3684 3236 3753 σταυροῦ
3273 3684 3559 3754 κέκληται.
3597 3684 3752 3739 Οῦτω

2165 3771 2270 3824 ,καὶ
2307 3772 2399 3825 ἐπὶ
2438 3771 2725 3840 βασιλέως,
2753 3775 2846 3827 καὶ
2888 3775 3090 3839 παντὸς
3135 3775 3451 3846 ἀνθρώπου,
3489 3776 3588 3831 καὶ
3615 3795 3752 3830 παν-

2175 3864 2265 3928 τὸς
2285 3863 2479 3929 εἴδους,
2505 3865 2704 3935 ἀληθὲς
2738 3866 2871 3936 ἡμῖν
2896 3865 3100 3936 λέγειν,
3128 3867 3212 3922 ὃτι
3250 3867 3510 3938 βασιλεὺς
3535 3869 3751 3938 λέγεται

2177 3958 2272 4010 καὶ
2297 3959 2330 4027 ἡ
2357 3955 2451 4010 τοῦ
2482 3956 2749 4027 βασιλέως
2779 3957 2965 4022 εἰκὼν,
2998 3959 3168 4030 φησὶν
3196 3962 3224 4014 6
3252 3960 3394 4025 θεῖος
3427 3961 3710 4026 Βασίλειος
3733 3979 3747 3992 ·

2177 4050 2271 4102 καὶ
2297 4050 2502 4118 Πέτρος
2535 4050 2569 4120 ἡ
2600 4049 2808 4120 Πέτρου
2842 4049 3009 4102 εἰκών
3033 4067 3048 4081 ·
3086 4051 3184 4105 καὶ
3229 4051 3443 4116 Παῦλος
3467 4054 3502 4124 ἡ
3539 4054 3750 4106 Παύλου

2176 4139 2369 4196 εἰκών.
2401 4139 2558 4194 Εἴπω
2588 4158 2642 4194 τι
2676 4141 2774 4195 καὶ
2806 4140 3172 4212 ὑψηλότερον,
3205 4144 3300 4198 καὶ
3326 4143 3460 4208 Θεὸς
3480 4146 3510 4197 6
3543 4143 3748 4214 ἀνθρω-

2178 4247 2298 4296 πος,
2328 4229 2404 4294 ὡς
2427 4229 2564 4284 Θεοῦ
2602 4229 2788 4287 εἰκών.
2829 4232 3133 4304 Τοιγαροῦν
3176 4233 3438 4304 καθάπερ
3473 4233 3749 4296 Βασίλειος

2176 4320 2304 4392 ἔφη,
2325 4322 2420 4375 καὶ
2458 4321 2695 4394 Χριστὸς
2722 4323 2756 4392 ἡ
2799 4323 3036 4393 Χριστοῦ
3069 4324 3237 4378 εἰκών
3261 4340 3276 4354 ο
3325 4319 3450 4378 εἷπε
3483 4325 3620 4396 γάρ,
3661 4326 3749 4378 καὶ

2175 4407 2329 4474 αὖθις
2351 4409 2495 4481 λέγω
2520 4428 2533 4443 ·
2573 4412 2965 4482 Ἐγγραφέσθω
3001 4412 3079 4484 τῷ
3119 4413 3334 4480 πίνακι,
3379 4414 3481 4485 οὐχ
3525 4417 3560 4484 ἡ
3594 4412 3748 4467 εἰκὼν

505 4521 669 4560 voces
705 4503 1054 4573 improbant;
1101 4502 1294 4557 deinde
1335 4501 1616 4557 Christum
1654 4503 1929 4558 hominem
1961 4520 2070 4558 non

2178 4501 2441 4575 Χριστοῦο
2475 4503 2630 4568 ἀλλά,
2659 4503 2992 4573 Χριστός.Εἰ
3019 4502 3077 4556 δὲ
3101 4504 3203 4557 οῦκ
3231 4503 3521 4573 ἀνέχονται
3551 4507 3603 4557 οἰ
3625 4504 3744 4557 δύσ-

500 4612 644 4659 esse,
697 4595 743 4649 si
797 4609 906 4648 non
960 4592 1148 4655 verbo,
1201 4592 1380 4660 reipsa
1429 4591 1647 4645 docent.
1694 4591 1752 4645 Si
1796 4591 1942 4646 enim
1993 4602 2078 4648 est

505 4688 692 4750 homo,
733 4685 1046 4757 depingitur
1069 4683 1296 4753 utique;
1332 4682 1570 4738 hominis
1597 4684 1744 4736 enim
1775 4685 2078 4753 proprietas

505 4777 681 4848 prima
711 4787 798 4832 est
839 4775 1076 4846 depingi.
1111 4772 1170 4828 Si
1213 4788 1342 4828 vero
1385 4787 1494 4826 non
1539 4771 1871 4842 depingitur,
1913 4773 2077 4828 homo

507 4884 616 4924 non
641 4878 747 4933 est,
775 4867 873 4924 sed
901 4866 1086 4922 carnis
1111 4880 1308 4935 expers
1335 4881 1348 4918 :
1385 4874 1441 4919 et
1467 4864 1710 4918 nondum
1745 4865 1891 4918 venit
1917 4863 2078 4919 Chri-

507 4972 647 5024 stus,
692 4958 835 5014 sicut
878 4957 1053 5013 Judaei
1099 4965 1393 5026 nugantur.
1451 4957 1600 5010 Hanc
1640 4959 1712 5011 ob
1757 4972 1980 5012 causam
2027 4965 2084 5012 et

419 5079 440 5086 -
509 5049 794 5115 Deiparam
820 5064 1044 5118 quoque
1067 5048 1339 5117 depictam
1365 5049 1755 5111 exterminant,
1787 5058 1842 5102 et
1861 5061 2082 5104 sanctos

506 5157 703 5197 utnnes
729 5158 744 5194 :
773 5141 929 5210 quasi
965 5156 1077 5196 non
1112 5152 1288 5196 mater
1314 5141 1542 5206 Christi,
1575 5156 1676 5196 nec
1707 5142 1894 5196 latnuli
1918 5141 2078 5197 Chri-

509 5235 579 5290 sti
609 5241 815 5288 essent.
861 5232 864 5234 '

581 5410 864 5466 Exclamat
899 5424 1004 5466 vox
1043 5425 1208 5464 aurea
1255 5429 1267 5464 :
1327 5407 1516 5465 Verbis
1567 5410 1676 5464 tuis
1730 5424 1894 5478 opera
1943 5409 2074 5462 mihi

505 5503 850 5561 credibilium
877 5501 1408 5571 sunt.Consequitur
1435 5516 1566 5570 ergo
1591 5501 1870 5569 judaizarc
1893 5517 2078 5555 revera

511 5597 902 5655 lcunomacbos
928 5613 942 5652 :
973 5606 1028 5653 et
1059 5595 1153 5667 qui
1184 5595 1254 5651 ab
1293 5593 1360 5650 iis
1387 5593 1623 5664 patitur,
1658 5602 1877 5663 propter
1917 5593 2077 5648 Chri-

2180 4609 2319 4664 ερις,
2342 4592 2536 4662 πρῶτα
2565 4592 2666 4662 μὲν
2705 4592 2957 4646 ἀθετοῦσι
2991 4594 3088 4657 τὰς
3122 4593 3273 4657 θείας
3310 4593 3495 4662 φωνάς
3525 4609 3540 4624 °
3571 4595 3743 4646 ἔπειτα

2181 4685 2432 4738 ἐντεῦθεν
2461 4684 2539 4755 μὴ
2563 4684 2852 4756 ἄνθρωπον
2880 4685 3134 4754 γενέσθαι
3165 4685 3263 4739 τὸν
3309 4687 3550 4756 Χριστὸν
3584 4686 3737 4757 ἔργῳ,

2181 4777 2283 4831 κᾶν
2303 4777 2446 4846 λόγῳ
2466 4774 2528 4830 οῦ
2549 4817 2563 4842 ,
2600 4775 3040 4846 δογματίζουσιν.
3071 4778 3135 4830 Εἰ
3167 4776 3278 4848 γὰρ
3317 4777 3623 4848 ἄνθρωπος,
3654 4777 3738 4830 καὶ

2179 4868 2508 4934 εἰκονίζεται
2527 4867 2773 4938 δηλονότι
2793 4883 2808 4899 ⁶
2836 4866 3129 4940 ἀνθρώπου
3164 4869 3275 4940 γὰρ
3307 4869 3370 4922 τὸ
3391 4866 3733 4933 εἰκονίζεσθαι

2181 4959 2397 5030 πρῶτον
2430 4959 2627 5030 ἰδίωμα
2647 4974 2662 4988 ο
2691 4958 2822 5012 εἰδὲ
2863 4959 2966 5012 οὐκ
3009 4960 3338 5024 εἰκονίζεται
3361 4976 3375 4990 ·
3407 4961 3512 5014 οὐκ
3543 4958 3730 5026 ἀνθρω-

2179 5063 2300 5110 πος,
2332 5045 2471 5100 ἀλλά
2501 5048 2773 5117 ἄσαρκος·
2815 5048 2911 5101 καὶ
2936 5046 3091 5100 οῦπω
3130 5042 3236 5119 ἦκε
3284 5049 3522 5119 Χριστός
3545 5065 3558 5079 ·
3589 5047 3658 5108 ὡς
3687 5045 3729 5097 οἰ

2193 5136 2442 5190 Ἰουδαῖοι
2476 5136 2884 5203 φενακίζονται.
2917 5137 3017 5191 Διά
3047 5136 3205 5190 τοῦτο
3235 5138 3328 5190 καὶ
3363 5137 3466 5208 τὴν
3492 5135 3729 5189 Θεοτόκον

2182 5227 2591 5298 εἰκονιζομένην
2640 5228 2967 5299 ἐξορίζουσι,
3009 5229 3102 5282 καὶ
3133 5229 3311 5283 πάντα
3342 5230 3500 5296 ἅγιον
3525 5269 3540 5294 ,
3575 5228 3644 5291 ὡς
3678 5227 3726 5278 οὐ

2185 5319 2416 5390 Μητέρα
2445 5320 2582 5373 Θεοῦ
2606 5360 2622 5385 ,
2657 5321 2781 5375 οὐδὲ
2803 5320 3142 5391 θεράποντας
3175 5319 3338 5384 ὄντας
3360 5319 3614 5389 Χριστοῦ.

2255 5409 2366 5462 Καὶ
2427 5409 2525 5480 βοᾷ
2586 5411 2616 5463 6
2667 5411 3108 5482 χριισοριτδήμων⁸
3163 5411 3282 5463 Τῶν
3312 5411 3487 5478 λόγων
3543 5426 3630 5461 σου
3673 5405 3726 5457 τὰ

2185 5499 2321 5570 ἔργα
2379 5502 2507 5570 ἐμοὶ
2561 5503 2879 5572 πιστότερα.
2918 5505 3191 5573 Συνῆκται
3239 5499 3333 5556 οῦν
3383 5503 3444 5567 ἐξ
3496 5500 3722 5570 ἀληθείας

2189 5590 2503 5654 Ἰουδαΐζειν
2534 5594 2658 5672 τοὺς
2691 5593 3124 5664 Εἰκονομάχουςο
3161 5593 3254 5646 καὶ
3285 5595 3314 5645 6
3346 5591 3618 5646 πανθὰνων
3647 5585 3718 5640 ὑπ’

586 5775 630 5808 ³⁸
669 5775 837 5831 Exod.
871 5772 1090 5838 xxv,l8.
1167 5775 1208 5806 ³⁵
1249 5771 1409 5828 Num.
1448 5786 1562 5838 xxt,
1601 5771 1653 5825 9.
1731 5772 1774 5802 ³⁵
1817 5769 1976 5828 llcbr.
2017 5787 2076 5832 ll,
2113 5771 2162 5826 9.
2242 5770 2280 5802 37
2326 5768 2662 5827 Tcstimonia
2693 5770 2805 5827 haec
2838 5772 2956 5828 vide
2987 5786 3169 5842 supra,
3202 5768 3307 5826 col.
3339 5769 3463 5826 477.
