4054 6364
327 310 469 378 1185

1529 316 2071 378 EPISTOLARUM
2114 319 2262 380 LIB.
2303 320 2405 382 ‘II.

3465 326 3603 394 U86

321 423 508 478 αὐτῶν
530 439 544 453 ·
569 421 656 476 διὰ
681 421 920 490 Χριστὸν
948 423 1039 476 καὶ
1067 421 1210 495 ὑπὲρ
1242 425 1483 498 Χριστοῦ
1515 429 1749 497 πάσχων
1778 445 1789 456 ·
1819 428 1910 480 διὰ

2024 439 2156 486 stum
2194 441 2248 486 et
2280 433 2630 511 pro_Christo
2652 434 2803 504 pati;
2843 445 3064 506 propter
3098 434 3382 507 Deitaram
3416 452 3469 496 et
3501 458 3600 511 pro

319 516 421 587 τὴν
469 515 742 570 Θεοτόκον
789 517 884 570 καὶ
938 518 1068 590 ὑτὲρ
1098 521 1198 588 τῆς
1228 520 1533 573 Θεοτόκου·
1588 521 1676 574 διὰ
1728 520 1909 573 πάντα

320 607 476 675 ἀγιον
501 607 596 662 καὶ
626 609 769 680 ὑπὲρ
795 610 1014 663 πάντων
1045 612 1214 680 ἀγίων
1241 628 1253 642 ’
1311 613 1527 684 μάρτυς
1567 612 1904 683 ἀπαράγρα-

322 717 481 765 πτος,
509 693 635 754 ’καὶ
705 701 1048 772 ὀμολογητὴς
1105 705 1370 775 Χριστοῦ,
1424 707 1453 759 ὁ
1515 706 1758 760 ὲναθλῶν
1812 704 1910 758 καὶ

322 793 700 862 ἐνιστάμενος.
747 795 857 847 Καὶ
879 795 1060 860 οὐδεὶς
1089 795 1386 866 ἁντερήσει
1415 797 1596 865 λόγος.
1648 798 1712 849 Ui
1742 798 1906 851 Μακ-

323 885 546 938 κασαίοι
592 885 895 957 μάρτυρες,
951 887 1026 956 μὴ
1085 887 1268 958 κρεῶν
1319 887 1482 941 ὑείων
1535 889 1908 959 ἀνασχόμενοι

323 978 661 1045 παρανόμοις
691 977 1016 1046 γεύσασθαι.
1059 978 1118 1032 '0
1160 979 1478 1050 Πρόδρομος
1529 981 1741 1050 μάρτυς
1768 981 1912 1051 ὑπὲρ

322 1073 559 1143 ἐλεγμοῦ
587 1073 875 1144 ἀληθείας·
908 1075 1004 1128 καὶ
1037 1073 1196 1140 ἄλλος
1219 1076 1360 1146 ὑπὲρ
1392 1075 1488 1130 τοῦ
1532 1075 1608 1147 μὴ
1653 1075 1908 1130 καταδα-

323 1166 721 1221 λέσθαιδσολὺν
761 1168 843 1230 εἰς
879 1167 1170 1239 οἰκοδομὴν
1217 1168 1490 1222 είδωλείου
1517 1184 1530 1199 ⁸
1566 1168 1663 1221 καὶ
1717 1168 1908 1239 ἕτερος

323 1257 392 1311 δι’
418 1259 608 1329 ἕτερον
637 1258 901 1329 ένταλμα.
959 1260 1024 1312 Τί
1085 1262 1195 1331 γάρ
1235 1260 1318 1314 δεῖ
1357 1261 1428 1314 τά
1476 1261 1646 1316 πολλά
1682 1261 1907 1330 λέγειν;

326 1351 420 1404 καὶ
469 1350 701 1405 ἐνταῦθα
750 1351 1033 1424 προδήλως
1083 1353 1229 1407 ὀδιά
1258 1354 1497 1425 Χριστὸν
1556 1354 1800 1408 ὲναολῶν
1845 1355 1908 1408 οὐ

330 1445 565 1514 μάρτυς,
596 1443 672 1508 ὥς
701 1445 834 1514 φασί
855 1462 1002 1510 τινες
1024 1445 1136 1498 τῶν
1165 1445 1480 1518 δυστήνωνς
1517 1445 1734 1518 μάρτυς
1771 1447 1909 1519 ἀλη-

329 1536 454 1606 θὴς,
487 1537 612 1607 μηδ’
641 1537 818 1591 ὁτιοῦν
841 1538 1038 1592 ἐνδέων
1072 1537 1180 1594 τῶν
1222 1539 1308 1607 ἐφ’
1349 1539 1628 1610 Ἑλλήνων
1675 1539 1709 1610 ἢ
1781 1539 1913 1593 Ἰου-

329 1629 499 1683 δαίων
528 1629 998 1700 μαρτυρησάντων
1025 1645 1040 1660 ·
1075 1629 1185 1685 Καὶ
1215 1633 1248 1685 ὀ
1285 1629 1522 1700 μάρτυς
1566 1629 1638 1684 ἐν
1676 1628 1912 1699 οὐρανῷ

327 1722 569 1787 πιστός.
617 1719 799 1784 ’Ὀλως
837 1715 954 1787 οὖν,
1005 1721 1055 1774 εί
1093 1723 1122 1775 ὁ
1165 1720 1260 1774 τὸν
1295 1720 1468 1776 τύπον
1518 1720 1616 1775 τοῦ
1670 1719 1909 1792 σταυροῦ

2017 521 2290 591 Deipara;
2345 535 2567 594 propter
2615 536 2838 581 sanctos
2882 543 3077 582 omnes
3131 537 3182 583 et
3237 544 3336 598 pro
3394 535 3602 588 sanctis

2014 616 2470 685 qrribuscunque;
2512 625 2805 688 martyrem
2841 617 3271 688 irrefragahilem
3307 629 3359 674 et
3388 623 3601 678 confes-

2015 720 2196 761 sorem
2244 706 2446 762 Christi
2494 723 2654 775 esse,
2703 711 2794 779 qui
2841 711 3085 764 decertat
3126 719 3180 764 et
3213 711 3441 768 resistit.
3493 713 3604 768 Nec

2014 799 2217 866 apponi
2268 809 2459 854 contra
2516 803 2820 871 quidquam
2861 812 3057 874 potest.
3103 805 3400 860 Machabari
3458 822 3604 860 mar-

2015 901 2161 960 tyres
2199 889 2360 956 facti,
2393 894 2542 964 quod
2585 896 2794 951 suillas
2822 912 3016 954 carnes
3064 899 3227 954 edere
3276 899 3601 956 abnuerent.

2016 980 2331 1037 Praeeursor
2370 997 2574 1056 martyr
2614 987 2716 1042 fuit
2751 996 2976 1057 prepter
3011 990 3278 1045 indicitrm
3310 991 3558 1046 veritatis
3585 1032 3600 1055 ,

2017 1074 2156 1128 alius
2191 1075 2334 1144 quod
2384 1077 2609 1131 obolurn
2651 1079 2904 1134 conferre
2951 1080 3118 1135 nollet
3158 1081 3226 1135 ad
3263 1090 3600 1137 strurturam

2015 1165 2204 1232 idolii;
2261 1179 2315 1222 et
2363 1169 2505 1222 alius
2547 1169 2694 1224 aliud
2751 1171 2824 1226 oh
2880 1173 3221 1226 mandatum.
3271 1172 3412 1240 Quid
3456 1175 3602 1228 enirn

2015 1257 2208 1313 attinet
2230 1259 2397 1314 multa
2424 1261 2614 1328 loqui?
2648 1262 2712 1316 Et
2733 1263 2820 1316 hic
2844 1264 2938 1334 qui
2963 1248 3256 1320 manifeste
3275 1281 3372 1334 pro
3386 1263 3605 1321 Christo

2015 1349 2290 1411 decertat.
2331 1363 2536 1424 martyr
2563 1369 2669 1408 non
2707 1356 2811 1409 erit
2835 1399 2849 1419 ,
2895 1366 2951 1410 ut
2980 1356 3168 1412 miseri
3203 1358 3424 1427 quidam
3456 1357 3603 1411 allir-t

2015 1442 2200 1496 urant?
2229 1442 2437 1514 Martyr
2474 1446 2631 1514 plane
2660 1461 2858 1510 verus,
2893 1447 3042 1502 nulla
3090 1464 3148 1504 re
3176 1449 3498 1519 discrepans
3536 1451 3605 1504 ab

2015 1531 2126 1587 illis
2155 1548 2297 1602 quos
2336 1534 2541 1588 ethnici
2579 1536 2665 1590 vel
2693 1534 2865 1591 Judaei
2897 1547 3167 1608 martyres
3199 1539 3447 1594 fecerunt
3475 1555 3492 1595 :
3537 1538 3605 1594 Et

2017 1625 2163 1678 restis
2194 1626 2248 1678 in
2275 1627 2402 1680 caelo
2428 1627 2602 1696 ﬁdelis
2627 1628 2694 1681 ³⁸.
2723 1627 2967 1684 Omnino
2995 1646 3148 1702 ergo,
3192 1633 3236 1688 si
3268 1634 3393 1702 quis
3427 1633 3606 1688 crucis

2017 1726 2204 1786 typum
2228 1718 2458 1787 spernit,
2483 1718 2538 1772 in
2555 1719 2832 1775 Christum
2861 1722 3042 1791 ipsum
3061 1732 3439 1792 contemptum
3460 1725 3608 1780 hunc

325 1781 560 1876 ἀθετῶν,
593 1812 674 1872 είς
713 1781 952 1883 Χριστὸν
973 1811 1238 1883 ἀναφέρει
1261 1811 1364 1882 τὴν
1395 1811 1658 1880 ἀθέτησιν
1678 1827 1694 1841 ⁸
1727 1781 1912 1882 πολλῷ

2024 1781 2275 1876 torquet:
2309 1781 2485 1862 multo
2508 1809 2682 1880 magis
2713 1810 2805 1880 qui
2835 1781 3130 1883 imaginem
3165 1781 3368 1870 Chrisri
3403 1824 3562 1885 negat
3589 1858 3604 1880 ,

331 1907 534 1979 μᾶλλον
559 1907 588 1960 ὁ
617 1906 716 1978 τὴν
745 1906 932 1961 είκόνα
962 1906 1204 1978 Χριστοῦ
1225 1907 1585 1980 ἀρνούμενος,
1633 1907 1716 1971 εἰς
1769 1907 1910 1978 Χρι-

330 2001 458 2054 στδν
513 1999 832 2072 ἀναπέμπει
891 2001 990 2072 τὴν
1025 1999 1277 2074 ἄρνησιν.
1329 1999 1518 2065 Οὕτως
1579 1999 1676 2053 καὶ
1744 2000 1774 2053 ὁ
1825 2001 1913 2069 ἐφ’

329 2095 571 2166 ἑκατέρα
601 2093 922 2167 μαρτυρῶν,
951 2093 1162 2166 μάρτυς
1199 2093 1575 2164 ἀληθέστατος
1599 2107 1616 2123 ’
1648 2091 1747 2146 καὶ
1776 2091 1914 2162 μᾶλ-

329 2186 422 2242 λον
459 2188 519 2240 ὲν
552 2189 620 2258 τῇ
666 2186 838 2240 εἰκόνι
861 2203 876 2218 ’
905 2187 988 2240 ὅτι
1031 2186 1060 2239 ὁ
1089 2186 1188 2257 μὲν
1220 2187 1446 2256 σημεῖον
1471 2201 1488 2219 ο
1537 2185 1566 2238 ὁ
1613 2185 1671 2240 δὲ
1725 2183 1912 2256 μορφὴ

331 2278 595 2350 Χριστοῦ.
655 2277 992 2350 Παρακαλῶ,
1033 2277 1258 2348 ἀδελφοί
1302 2295 1404 2350 μου
1435 2278 1602 2348 ἅγιοι,
1654 2277 1909 2349 κλήσεως

335 2371 663 2444 ἐπουρανίου
718 2371 960 2442 μέτοχοι,
1016 2370 1235 2441 πρῶτον
1293 2371 1516 2442 μνήμην
1577 2385 1681 2441 μου
1745 2369 1916 2422 ποιεῖ-

336 2465 462 2518 σθαι
515 2463 611 2516 τοῦ
667 2462 968 2517 ταπεινοῦ·
1020 2457 1104 2527 οἷς
1154 2463 1322 2532 λέγω,
1375 2463 1524 2534 ἔργῳ
1586 2460 1916 2532 ἀποδειχθῇ

332 2554 423 2610 ναί
457 2573 526 2626 με
559 2554 846 2626 εὐχόμενοι
868 2571 882 2585 ·
912 2553 1178 2626 μηδαμῶς
1225 2552 1702 2624 ὑποχαυνούμενον
1747 2554 1811 2605 ἐκ
1854 2567 1914 2604 τε

332 2651 443 2703 τῶν
496 2649 745 2719 ἀοράτων
789 2648 884 2702 καὶ
939 2647 1234 2718 ὁρωμένων
1303 2645 1622 2718 προσϐολῶν
1655 2661 1672 2676 ·
1722 2643 1916 2698 ἔπειτα

335 2742 628 2815 προσέχειν
709 2742 924 2804 ἑαυτοῖς
993 2740 1090 2793 καὶ
1142 2741 1209 2810 τῇ
1275 2737 1608 2809 ἐνισταμένη
1663 2737 1915 2807 ἀθλήσει.

345 2833 508 2888 ’Λλλά
539 2832 615 2904 μὴ
636 2833 750 2896 τοῖς
770 2832 1052 2900 λογισμοῖς
1080 2827 1483 2900 ὲμπυρίζεσθαι
1515 2827 1606 2881 διὰ
1636 2825 1916 2898 πτωχείαν

334 2927 609 2990 συνέσεως
661 2927 720 2980 ὲν
747 2926 812 2997 τῇ
873 2922 986 2977 τῶν
1042 2922 1390 2994 πραγμάτων
1443 2919 1609 2985 δείξει
1657 2919 1766 2974 ὑπὸ
1816 2919 1920 2987 τῆς

335 3019 602 3088 προνοίας
627 3015 1027 3086 διοικουμένων
1060 3013 1293 3085 βαθέως,
1325 3014 1420 3066 καὶ
1462 3012 1538 3074 ὡς
1562 3010 1663 3064 οὐκ
1699 3009 1921 3079 ἐφικτὸν

2013 1898 2362 1968 negationem
2395 1899 2446 1952 in
2477 1899 2760 1954 Christum
2789 1901 2979 1955 refert.
3007 1902 3121 1964 Sic,
3151 1904 3244 1973 qui
3279 1905 3604 1975 martyrium

2014 2005 2114 2060 pro
2145 1989 2413 2044 alterutro
2437 1989 2629 2046 sttﬂ‘crt
2653 2031 2669 2057 ,
2703 2002 2915 2064 martyr
2939 1995 3302 2050 verissimus:
3346 2011 3412 2050 ac
3438 1997 3609 2064 magis

2014 2082 2180 2137 etiam
2214 2084 2268 2138 in
2301 2084 2572 2155 imagine:
2618 2085 2746 2154 quia
2795 2093 2956 2158 typus
2983 2087 3200 2156 signum
3227 2127 3242 2153 ,
3279 2087 3457 2158 imago
3479 2087 3608 2152 for-

2015 2191 2104 2230 ma
2131 2184 2216 2230 est
2235 2175 2462 2231 Christi.
2484 2174 2749 2242 Obsecro,
2782 2176 2984 2233 fratres
3017 2180 3122 2233 mei
3147 2179 3342 2244 sancti,
3370 2179 3610 2234 caelestis

2017 2267 2326 2321 vocationis
2362 2267 2697 2338 participes,
2749 2269 2986 2339 primum
3018 2270 3237 2340 quidem
3287 2271 3636 2350 memoriam.

2019 2357 2124 2412 mei
2154 2357 2378 2412 lmruilis
2406 2356 2656 2428 faciatis,
2689 2369 2910 2417 orantes
2941 2370 3004 2415 ut
3034 2377 3158 2432 qua:
3185 2362 3311 2416 dico
3334 2403 3350 2427 ,
3381 2377 3442 2416 re
3468 2379 3608 2433 prae.

2018 2458 2154 2506 stem
2176 2493 2192 2518 ,
2229 2453 2395 2508 nullis
2421 2454 2622 2512 cedens
2661 2469 2762 2510 nec
2795 2456 3002 2526 apertis
3049 2471 3150 2511 nec
3171 2456 3400 2512 occultis
3432 2457 3608 2511 insul-

2019 2545 2166 2600 tibus
2225 2561 2239 2599 :
2289 2545 2483 2601 deinde
2512 2547 2670 2603 vobis
2715 2548 2857 2618 ipsis
2907 2549 3203 2604 attendatis
3255 2557 3310 2603 et
3356 2549 3607 2619 praesenti

2020 2638 2330 2694 certamini.
2396 2637 2506 2694 Nec
2553 2655 2686 2696 vero
2745 2641 3176 2712 cogitationibus
3240 2641 3478 2696 uramiui
3540 2657 3607 2696 ex

2022 2733 2204 2802 inopia
2240 2733 2486 2788 scientia:
2525 2733 2581 2788 in
2636 2735 2832 2789 harum
2871 2750 3055 2788 rerum
3109 2735 3608 2804 contemplatione,

2021 2841 2143 2894 quae
2166 2842 2194 2881 a
2234 2827 2575 2896 providentia
2615 2827 2728 2882 alto
2759 2827 2993 2882 consilio
3020 2827 3425 2896 gubernantur,
3461 2828 3610 2898 quod

2023 2919 2240 2988 assequi
2268 2919 2460 2988 nequit
2492 2919 2730 2974 humana
2776 2920 3174 2990 intelligentia;
3227 2936 3328 2976 nec
3367 2922 3523 2977 vobis
3556 2922 3611 2978 id

2023 3011 2307 3081 contingat
2337 3011 2484 3081 quod
2515 3012 2717 3068 canitis
2750 3029 2764 3066 :
2812 3012 2917 3067 Mei
2949 3024 3128 3068 autem
3157 3030 3286 3083 pene
3319 3016 3448 3069 moti
3487 3024 3610 3069 sunt

334 3108 625 3180 ἀνθρώπου
657 3105 868 3177 διανοίᾳ
889 3121 904 3135 ο
931 3103 1067 3175 μηδὲ
1093 3101 1121 3156 δ
1161 3101 1394 3172 ψάλλετε
1427 3101 1676 3155 πάθοιτε.
1741 3097 1916 3168 Ἐμοῦ

2024 3105 2210 3174 pedes:
2235 3120 2362 3174 pene
2383 3104 2540 3173 εΙῙιιιί
2561 3113 2684 3158 sunt
2709 3121 2915 3175 gressus
2941 3106 3041 3159 mei
3062 3122 3082 3170 ;
3108 3107 3235 3175 quia
3259 3107 3426 3161 zelavi
3455 3123 3613 3177 super

339 3199 412 3254 δὲ
452 3198 612 3270 ,παρὰ
645 3197 860 3268 μικρὸν
912 3195 1343 3261 ἐσαλεύθησαν
1396 3194 1451 3247 οί
1498 3191 1704 3258 πόδεςο
1775 3188 1913 3257 παρ’

338 3293 553 3363 ὀλίγον
575 3290 834 3358 ἐξεχύθη
860 3287 933 3342 τὰ
955 3284 1291 3356 διαδήματὰ
1313 3302 1435 3354 μου
1456 3301 1472 3316 θ
1522 3283 1612 3337 ὅτι
1638 3279 1917 3350 ἐζήλωσα

339 3387 440 3441 ἐπὶ
468 3385 594 3451 τοῖς
616 3385 888 3452 ἀνόμοις,
917 3379 978 3435 τὸ
1001 3380 1096 3434 καὶ
1127 3379 1189 3434 τὸ
1216 3377 1461 3448 θεωρῶν.
1511 3373 1676 3428 Ἀλλά
1714 3372 1920 3444 μᾶλλον

336 3478 558 3535 ἀκούειν
589 3476 685 3532 τοῦ
727 3474 936 3546 Κυρίου
979 3473 1263 3542 λέγοντοςο
1307 3467 1656 3538 Ὑπόμεινόν
1706 3481 1780 3534 με
1833 3466 1922 3529 εἰς

339 3570 575 3641 ἡμέραν
600 3565 996 3633 ἀναστάσεώς
1033 3581 1173 3634 μου.
1203 3562 1316 3616 Καὶ
1350 3561 1434 3616 ὃτι
1480 3559 1544 3614 Ὀ
1592 3557 1924 3627 ὑπομείνας

341 3665 431 3729 είς
457 3661 654 3728 τέλος.
689 3655 872 3726 οὗτος
897 3657 1262 3727 σωθήσεται.

521 3776 652 3832 KB’.
689 3805 761 3818 —
787 3773 917 3834 Τοῖς
943 3771 1212 3828 ἀποῦσιν
1236 3766 1543 3838 ἀδελφοῖς.
1579 3762 1762 3836 [sitat]

2023 3197 2232 3267 iniquos
2275 3197 2357 3262 ”,
2414 3197 2518 3252 hoc
2560 3205 2615 3251 et
2658 3197 2793 3252 illud
2827 3196 3041 3254 videns.
3089 3201 3195 3256 Sed
3230 3200 3415 3256 audite
3435 3202 3615 3269 potius

2020 3289 2292 3344 dicentem
2327 3289 2659 3344 Dominum:
2712 3287 2974 3358 Exspecta
3016 3307 3098 3346 me
3143 3292 3198 3346 in
3245 3293 3332 3346 die
3371 3308 3614 3346 resurre-

2023 3382 2212 3435 ctionis
2245 3397 2370 3435 mea:
2403 3382 2471 3434 δ’.
2504 3381 2570 3436 Ει
2598 3400 2612 3436 :
2646 3381 2751 3448 Qui
2780 3383 3092 3439 sustinuerit
3121 3400 3286 3455 usque
3331 3385 3384 3439 in
3420 3385 3612 3454 ﬁnem,

2027 3475 2109 3528 hic
2139 3473 2317 3530 salvus
2339 3474 2440 3529 erit
2473 3473 2540 3530 “.

2403 3757 2569 3816 XXII.
2615 3759 2898 3817 Fratribus
2926 3763 3252 3821 absentibus.

1062 3887 1118 3937 In
1139 3897 1340 3936 carcere
1359 3883 1544 3944 scripta
1568 3886 1806 3941 tanquam
1844 3879 2216 3927 testamentum.
2245 3873 2445 3937 (Baron.
2479 3888 2565 3926 an.
2589 3875 2701 3937 816,
2724 3889 2776 3927 ιι.
2802 3877 2907 3942 55.)

417 4007 658 4063 Πάντοτε
719 4002 818 4074 μὲν
879 3997 1217 4055 διατίθεσθαι
1275 3993 1383 4067 χρὴ
1441 3993 1532 4046 τὸν
1598 3987 1931 4062 Χριστιανὸν

341 4103 418 4158 τὰ
455 4100 594 4172 πρὸς
644 4095 912 4150 θάνατον’
969 4090 1207 4163 μάλιστα
1243 4088 1301 4142 δὲ
1349 4085 1556 4140 ὁπόταν
1589 4083 1928 4154 πειρασμοῖς

345 4192 633 4265 περιπαρῇ
680 4187 912 4242 θάνατον
950 4181 1293 4238 ἀπειλοῦσιν.
1334 4180 1491 4234 Ἐπεὶ
1545 4177 1640 4232 οῦν
1687 4175 1930 4229 τοιοῦτον

345 4287 410 4342 τὸ
457 4283 584 4340 καθ’
613 4283 785 4354 ἡμᾶς,
848 4277 938 4332 διά
989 4276 1088 4348 τὴν
1147 4274 1464 4345 σφύζουσαν
1517 4271 1629 4324 τῶν
1681 4267 1929 4322 διωκτῶν

349 4380 554 4452 μανίαν
587 4376 776 4430 εἵνεκα
823 4371 924 4442 τῆς
950 4367 1190 4442 Χριστοῦ
1237 4367 1496 4438 ἀγάπης·
1549 4360 1645 4417 τοῦ
1697 4375 1930 4432 προκει-

348 4473 516 4545 μένου
547 4469 613 4542 δὴ
649 4463 952 4539 μαρτυρίου
979 4463 1083 4531 τῆς
1115 4460 1246 4532 περὶ
1272 4457 1437 4514 αὐτὸν
1465 4454 1764 4526 ὁμολογίας
1787 4468 1802 4482 °
1833 4452 1930 4505 καὶ

345 4564 450 4617 οὑκ
479 4555 600 4615 οἶδα
630 4559 684 4612 τί
741 4575 829 4628 μοι
883 4554 1228 4626 ἀποϐήσεται
1273 4550 1488 4620 ἀθρόως
1520 4547 1635 4601 ὖντι
1673 4562 1928 4617 μεμονω-

2106 3985 2331 4056 Semper
2349 3986 2571 4056 quidem
2591 3985 2659 4042 ad
2679 3998 2912 4043 mortem
2935 3989 3122 4044 omnia
3150 3989 3439 4058 disponere
3457 3988 3617 4046 Chri-

2032 4076 2270 4130 stianuru
2301 4084 2555 4146 oportet:
2597 4076 2692 4131 sed
2732 4084 2850 4131 tum
2895 4078 3131 4132 maxime
3178 4095 3303 4134 cum
3352 4081 3618 4136 aerumnis

2033 4173 2264 4218 mortem
2298 4164 2698 4219 intentantibtts
2735 4175 2983 4236 urgetur.
3025 4165 3260 4232 Quando
3308 4167 3474 4238 igitur
3515 4169 3620 4224 hoc

2033 4257 2088 4313 in
2135 4267 2281 4314 statu
2322 4267 2453 4313 sunt
2495 4274 2583 4314 res
2622 4267 2862 4325 nostra,
2903 4260 3162 4315 saeviente
3201 4267 3615 4329 persecutorum

2034 4349 2189 4406 rabie
2217 4350 2290 4405 ob
2309 4349 2516 4404 Christi
2550 4349 2872 4404 charitatem
2891 4389 2906 4414 ,
2936 4349 3052 4404 sive
3080 4349 3151 4403 ob
3192 4363 3432 4417 praesens
3459 4349 3619 4402 testi-

2037 4442 2284 4498 monium
2314 4439 2678 4497 confessionis
2705 4440 2861 4511 ejus;
2905 4456 3005 4496 nec
3048 4443 3191 4496 scire
3229 4456 3453 4512 possunt
3485 4440 3620 4510 quid

2037 4534 2220 4590 subito
2251 4540 2574 4588 eventurum
2615 4533 2686 4587 sit
2720 4532 2851 4586 ruihi
2892 4531 2962 4586 ah
2994 4531 3116 4586 aliis
3155 4531 3444 4601 scjuncto,
3484 4546 3618 4601 pro-

351 4604 502 4727 ξιῖᾆῳ
524 4654 618 4708 καὶ
650 4604 1065 4722 πεᾶειργμένῳ⁸
1087 4645 1306 4718 μακράν
1351 4604 1455 4696 που
1499 4640 1595 4710 ἀφ’
1628 4604 1786 4711 ὑμῶν
1819 4637 1919 4727 τῶι

2037 4625 2234 4694 culque
2263 4639 2293 4677 a
2327 4623 2481 4678 vobis
2515 4624 2775 4678 omnibus
2803 4622 3073 4678 fratribus
3111 4624 3248 4679 meis
3278 4639 3340 4677 ac
3367 4622 3622 4678 Patrihus

346 4726 608 4803 ἀπάντων
637 4741 886 4811 ἀδελφῶν
911 4757 1014 4810 μου
1062 4739 1157 4791 καὶ
1200 4736 1496 4806 Πατέρων’
1545 4729 1700 4795 ἔδοξα
1749 4726 1931 4792 καλῶς

349 4839 499 4910 ἔχειν
528 4834 850 4890 τελευταίαν
881 4830 1046 4885 οἱονεὶ
1095 4828 1304 4898 φωνὴν,
1332 4825 1538 4894 ταύτην
1569 4822 1670 4892 τὴν
1709 4822 1931 4876 ἐπιστοο

349 4929 451 4999 λὴν
483 4925 830 5000 παραθέσθαι
863 4923 1016 4994 ὑμῖν,
1045 4921 1140 4974 καὶ
1188 4917 1258 4973 δι’
1290 4916 1444 4988 ὑμῶν
1472 4913 1624 4985 πάσῃ
1675 4915 1741 4984 τῇ
1774 4911 1932 4966 ἀδελ-

353 5021 570 5092 φότητι.
601 5017 786 5072 Καλὸν
820 5015 929 5088 γὰρ
964 5011 1227 5076 πολλάκις
1277 5006 1616 5063 διατίθεσθαι
1645 5007 1742 5059 καὶ
1801 5006 1930 5058 ἐπι-

354 5113 560 5184 μένειν,
610 5108 646 5181 ἢ
701 5106 1002 5180 προσδοκίᾳ
1056 5103 1204 5172 ζωῆς
1277 5101 1510 5168 ἐξάπινα
1573 5096 1930 5166 ἀνάρπαστον

349 5202 661 5273 γινόμενον,
713 5197 999 5253 ἀδιάθετον
1043 5193 1290 5254 ἀϐούλως
1317 5185 1928 5260 ὲγκαταλιμπάνεσθαι.

349 5295 418 5348 Τί
445 5294 630 5348 τοίνυν
678 5291 740 5345 τὸ
789 5287 1004 5363 παρὸν;
1067 5283 1290 5355 Ἐπειδὴ
1351 5280 1615 5342 πολλάκις
1668 5277 1770 5330 ὅσα
1825 5275 1933 5328 ἔδει

350 5388 550 5448 εἰπεῖν,
607 5384 718 5438 εἴτε
771 5381 986 5454 βαρέως
1039 5378 1297 5448 νοσήσας,
1355 5373 1466 5427 εῐτε
1503 5368 1762 5440 διωγμῶν
1794 5383 1934 5438 προ-

351 5480 660 5549 κειμένων,
713 5475 812 5530 καλ⁸
857 5473 1120 5544 διεθέμην
1169 5471 1265 5524 καὶ
1317 5465 1790 5539 ὑπεμνημάτισα·
1840 5460 1936 5514 καὶ

351 5568 509 5623 οὔπω
541 5566 703 5640 χρεία
731 5563 990 5636 περὶτῶν
1023 5563 1128 5634 ήδη
1158 5559 1463 5631 λεχθέντων
1491 5554 1926 5627 δευτερολογεῖν.

367 5660 578 5715 Ἐκεῖνο
603 5656 842 5729 πρῶτον,
874 5653 1101 5724 ἀδελφοί
1136 5660 1264 5724 μου,
1305 5651 1396 5704 ἵνα
1455 5665 1546 5719 μοι
1595 5643 1935 5716 συγγνώμην

2039 4717 2408 4772 circumcluso
2451 4735 2464 4768 :
2501 4717 2662 4781 frectc
2711 4715 2982 4771 facturum
3018 4731 3106 4770 me
3143 4714 3492 4778 existimavi,
3537 4716 3618 4782 si,

2040 4819 2356 4876 supremam
2413 4805 2577 4859 veluti
2635 4819 2866 4870 vocem,
2923 4805 3069 4860 hanc
3119 4804 3410 4875 epistolam
3466 4804 3624 4858 vobis

2035 4895 2474 4952 commendarem
2502 4937 2518 4963 ,
2569 4903 2625 4949 et
2670 4911 2767 4964 per
2813 4911 2911 4952 vos
2945 4895 3217 4952 universa:
3266 4895 3619 4951 fraternitati.

2037 4991 2232 5047 Melius
2265 4991 2410 5046 enim
2441 5001 2526 5046 est
2551 5005 2694 5060 saepe
2723 4992 2954 5056 testari,
2987 4998 3042 5044 et
3071 4996 3427 5058 exspectare,
3453 5004 3622 5058 quam

2039 5083 2162 5138 vitae
2199 5083 2464 5153 longioris
2496 5081 2912 5151 exspectatione
2949 5080 3132 5136 subito
3163 5079 3363 5150 abripi,
3399 5089 3455 5134 et
3480 5080 3624 5134 inte-

2040 5187 2246 5234 statum
2274 5175 2588 5229 inconsulto
2619 5173 2877 5243 relinqui.
2913 5173 3056 5239 Quid
3081 5189 3216 5243 ergo
3255 5189 3368 5229 non
3408 5172 3625 5228 restat?

2042 5265 2496 5336 Quandoquidem
2535 5280 2680 5334 saepe
2725 5279 3070 5336 quaecunque
3103 5265 3290 5321 dicere
3325 5266 3624 5320 convenie-

2041 5363 2170 5426 bat,
2221 5360 2306 5415 vel
2356 5358 2506 5430 gravi
2560 5358 2823 5428 quopiam
2870 5359 3067 5414 morbo
3109 5357 3476 5421 decumbens,
3537 5357 3621 5409 vel

2043 5457 2282 5512 instante
2318 5450 2721 5522 persecutione,
2755 5449 3034 5514 reccnsui,
3067 5449 3457 5518 memoriaeque
3491 5463 3624 5516 sug-

2039 5548 2224 5622 gessi;
2270 5561 2447 5617 neque
2493 5558 2644 5599 nunc
2681 5558 2820 5613 opus
2859 5551 2946 5599 est
2983 5557 3107 5612 quite
3142 5541 3286 5596 dicta
3321 5549 3487 5599 sunt.
3520 5541 3623 5594 itc-

2041 5653 2165 5695 runt
2199 5644 2469 5706 repetere.
2503 5631 2618 5688 Hoc
2651 5632 2911 5702 primum,
2946 5631 3144 5688 fratres
3171 5630 3300 5697 mei,
3323 5640 3385 5688 ut
3405 5632 3621 5686 veniam

428 5772 474 5806 ⁸⁸
497 5773 644 5829 Psal.
677 5785 946 5836 Lsxxvm,
979 5768 1070 5824 58.
1147 5766 1191 5799 ”
1223 5763 1370 5821 Psal.
1403 5776 1574 5827 Lxxu,
1614 5761 1670 5814 ‘2.
1747 5759 1793 5792 ⁸⁸
1820 5758 1919 5829 So}:

2024 5772 2066 5812 ι.
2099 5771 2184 5821 ιιι,
2213 5752 2267 5805 8.
2344 5750 2386 5781 ⁴¹
2421 5745 2587 5802 Marc.
2620 5761 2740 5811 ιιιιι,
2771 5746 2854 5800 i5.
