4054 6364
473 265 651 362 1137

1726 273 1794 334 S.
1829 273 2223 340 THEODORI
2259 282 2609 348 STUDITE

3659 300 3798 370 1138

511 379 647 434 mihi
677 377 818 434 detis
847 391 1061 455 eorum,
1091 395 1213 451 qua:
1245 379 1466 450 ιιι-κίον’
1483 381 1754 436 rationem
1796 383 1850 436 in
1890 385 2091 454 guber-

2208 391 2374 463 ῑοίητε
2429 398 2516 467 ἐφ’
2569 393 2654 463 οἷς
2705 401 2860 473 παρὰ
2912 403 3072 474 λόγον
3123 408 3214 462 διὰ
3270 412 3371 481 τῆς
3428 411 3797 484 καθηγήσεως

508 470 730 525 natione
758 472 1045 528 adversum
1081 489 1178 528 vos
1209 474 1325 528 dixi
1356 473 1439 530 vel
1468 474 1575 545 egi,
1611 471 1726 530 tum'
1761 477 1945 542 verbo,
1980 485 2097 533 tum

512 560 676 616 facto.
727 563 934 618 Delicta
964 563 1105 617 enim
1139 565 1257 636 quis
1293 565 1547 636 intelliget
1578 566 1670 621 “7
1713 567 1813 621 Et:
1852 567 2095 637 Offendi-

510 670 625 707 mus
656 671 835 710 omnes
851 656 928 721 “;
969 665 1025 712 et
1055 673 1158 727 ego
1183 657 1488 729 praesertim
1524 659 1771 712 omnium
1816 662 2093 728 nequissi-

512 761 657 801 mus.
699 745 852 802 Unde
902 757 958 803 et
1007 763 1196 818 preces
1242 758 1454 803 vestras
1505 748 1743 818 imploro
1791 751 1858 805 ad
1899 767 2098 807 conse-

511 838 786 906 quendam
817 839 1048 894 salutem
1095 854 1420 895 aerumnosa
1465 839 1665 895 animas
1689 856 1824 895 meae
1860 859 1874 896 :
1907 844 2102 898 deinde

511 944 610 997 pro
651 929 944 996 fratribus,
974 931 1066 1001 qui
1099 940 1322 999 propter
1350 939 1570 999 peccata
1623 947 1743 986 mea
1787 935 2097 1003 segregati,

509 1023 800 1090 avulsique
826 1030 955 1076 sunt
1001 1038 1031 1076 a
1077 1033 1264 1077 nostra
1297 1023 1351 1076 in
1393 1023 1596 1093 Spiritu
1645 1035 1839 1079 sancto
1870 1042 2100 1096 congre-

513 1119 750 1183 gatione.
791 1113 883 1166 Est
913 1115 1153 1184 quidem,
1173 1122 1259 1170 est
1284 1114 1450 1184 plane
1481 1116 1738 1171 omnibus
1768 1118 2098 1186 patefactum

511 1206 656 1273 quod
684 1206 766 1259 eis
795 1205 1301 1275 impendetjustum
1337 1206 1431 1260 Dei
1463 1207 1738 1276 judicium
1767 1225 1780 1261 :
1815 1220 2096 1264 verumta-

513 1313 638 1350 men
673 1296 802 1363 quia
841 1296 935 1348 lilii
967 1306 1098 1350 sunt
1143 1306 1198 1352 et
1229 1298 1474 1353 membra
1498 1336 1514 1360 ,
1549 1299 1949 1354 condoleudum
1991 1302 2100 1358 illis

511 1400 632 1454 est,
673 1398 728 1443 et
757 1389 996 1459 amplius
1024 1391 1468 1445 contestandum.
1520 1391 1653 1446 Dico
1682 1403 1908 1455 autem,
1949 1393 2097 1448 fratri

510 1482 740 1538 Leontio
765 1523 779 1547 ,
817 1481 1056 1536 Maximo
1081 1523 1097 1547 ,
1133 1482 1441 1549 Clementi,
1487 1483 1610 1539 aliis
1657 1486 1952 1553 omnibus,
2003 1488 2097 1556 qui

509 1577 724 1645 seipsos
753 1590 1085 1645 quacunque
1123 1575 1302 1630 inanis
1344 1585 1642 1645 przetcxtus
1687 1577 1872 1646 specie
1915 1593 2100 1647 segre-

495 1679 745 1741 garunt;
781 1685 902 1738 qua:
931 1670 983 1722 in
1019 1684 1108 1723 me
1133 1668 1356 1738 quidem
1391 1669 1767 1733 admiserunt,
1803 1672 1933 1724 olim
1959 1671 2094 1734 dixi,

2209 485 2368 550 ἔλεξα
2409 489 2441 559 ἢ
2495 489 2701 562 ἔδρασα
2750 496 2833 558 είς
2879 496 3025 567 ὑμᾶς
3069 500 3308 569 λογικῶς
3352 504 3446 556 καὶ
3478 521 3796 575 πραγματι-

2208 578 2340 642 κῶς.
2397 581 2713 652 Ἀμαρτίας
2739 587 2850 656 γὰρ
2898 591 2992 656 τίς
3027 593 3338 660 omnium;
3393 596 3535 649 Καί·
3583 599 3797 653 Πταίο-

2202 687 2320 739 μεν
2367 672 2668 741 ἅπαντες·
2715 679 2809 730 καί
2849 696 2914 747 γε
2989 683 3228 751 μάλιστα
3296 688 3408 757 ἐγὼ
3467 690 3496 742 ὁ
3571 691 3797 745 πάντων

2207 762 2561 836 ἀχρειότερος
2615 768 2944 840 ἀνθρώπων.
2982 775 3074 828 Διὸ
3115 777 3208 830 καὶ
3274 777 3598 851 ὲξαιτοῦμαι
3643 783 3796 852 ὑμῶν

2207 854 2306 922 τὴν
2347 857 2662 939 προσευχὴν
2705 861 2784 923 είς
2832 861 3123 930 ὲπίτευξιν¹
3147 869 3425 939 σωτηρίας
3463 871 3563 942 τῆς
3603 872 3794 925 ταλαι-

2209 944 2396 1029 ιτὼρου
2453 965 2555 1017 μου
2606 949 2788 1022 ψυχῆς
2807 968 2831 1027 ἰ
2884 953 3079 1010 ἔπειτα
3150 957 3238 1012 διὰ
3309 961 3438 1026 τοὺς
3495 963 3642 1016 κατὰ
3695 966 3794 1029 τὰς

2207 1028 2488 1123 αμαρτίας
2554 1052 2659 1103 μου
2727 1040 3152 1112 ἀπορῤαγέντας
3212 1051 3312 1119 τῆς
3379 1051 3438 1102 ἐν
3513 1028 3794 1123 Πνεύματι

2207 1120 2350 1191 ἁγίῳ
2401 1125 2699 1194 συναφείας
2757 1131 2920 1200 ἡμῶν
2975 1134 3266 1203 ἀδελφούς.
3321 1139 3481 1194 Ἐστι
3527 1143 3629 1212 μὲν
3663 1120 3790 1208 Ἰοῦν,

2207 1212 2323 1307 ἔστι
2357 1215 2730 1288 δεδηλωμένον
2768 1223 2835 1275 ὲν
2865 1223 3040 1279 ἅπασι
3063 1227 3125 1280 τὸ
3159 1228 3371 1284 ἔνδικον
3414 1233 3604 1298 αὐτοῖς
3632 1236 3791 1307 παρὰ

2207 1303 2328 1374 Θεῷ
2391 1310 2604 1378 κρίμα’
2665 1311 2780 1365 ἀλλ’
2824 1315 2976 1384 ὅμως
3032 1318 3160 1371 ἐπεὶ
3218 1320 3389 1376 τέκνα
3451 1327 3546 1378 καὶ
3626 1303 3791 1399 μέλη,

2210 1399 2639 1468 συμπαθητέον,
2701 1404 2797 1458 καὶ
2869 1407 3350 1483 διαμαρτυρητέον
3421 1417 3606 1480 αὐτοῖς
3676 1418 3783 1476 ἔτι.

2207 1487 2365 1556 Λέγω
2389 1489 2477 1562 δὴ,
2517 1491 2594 1562 τῷ
2624 1493 2840 1566 ἀδελφῷ
2865 1498 3130 1571 Λεοντίῳ,
3169 1501 3430 1575 Μαξίμῳ,
3482 1507 3791 1576 Κλήμεντι,

2204 1583 2318 1644 τοῖς
2345 1582 2525 1647 ἄλλοις
2565 1585 2762 1650 ἆπασι,
2818 1591 2934 1654 τοῖς
2978 1591 3104 1644 καθ’
3153 1595 3540 1666 οἱονδηποτοῦν
3590 1600 3794 1670 τρόπον

2207 1674 2643 1744 προφασιλογίας
2676 1679 2920 1748 ματαίας
2971 1683 3354 1754 ἀποσχισθείσι
3379 1703 3394 1720 ⁶
3437 1689 3508 1742 τὰ
3538 1691 3619 1754 είς
3653 1692 3792 1762 ὲμέ’

512 1773 567 1816 et
601 1777 747 1815 ιιυιιο
777 1762 902 1816 dico
922 1802 937 1826 ,
981 1760 1376 1830 ignoscendum
1410 1761 1516 1815 illis
1544 1771 1650 1816 est.
1694 1761 1802 1816 Sed
1833 1763 2094 1832 quoniam

2208 1765 2297 1818 καὶ
2349 1763 2502 1820 εἷπον
2571 1769 2778 1835 πάλαι,
2830 1773 2926 1826 καὶ
2994 1775 3137 1844 λέγω
3198 1777 3356 1848 ἄρτι·
3402 1760 3793 1852 Συγχωρητέον

513 1870 636 1924 qua:
669 1856 724 1909 in
753 1853 921 1908 Deum
951 1853 1248 1908 commissa
1279 1860 1444 1916 sunt,
1481 1853 1722 1908 hominis
1758 1869 1863 1907 non
1901 1864 2021 1919 est,
2054 1857 2099 1911 si

489 1948 722 2015 A-absque
761 1945 1080 2014 paenitentia
1122 1952 1386 1998 maneant
1415 1982 1431 2007 ,
1487 1945 1728 2011 solvere;
1788 1946 1865 2000 illi
1917 1956 2100 2001 autem

515 2034 831 2104 posuitentia
864 2032 1109 2086 nondum
1144 2031 1275 2086 tacti
1307 2030 1604 2097 videntur;
1646 2033 1780 2102 quin
1813 2034 1918 2087 alia
1947 2035 2102 2090 insu-

517 2142 613 2195 per
645 2126 761 2180 hare
785 2133 838 2179 et
868 2124 957 2178 illa
983 2125 1166 2194 egisse
1191 2139 1313 2193 qua:
1343 2123 1446 2192 ipsi
1484 2131 1724 2180 norunt:
1751 2125 1980 2180 obsecro
1999 2169 2013 2192 ,
2046 2137 2105 2181 ιιι

515 2235 614 2289 per
634 2235 732 2273 vos
756 2219 869 2274 sive
894 2233 1062 2282 nilne,
1081 2217 1196 2271 sive
1227 2224 1350 2286 post
1371 2225 1599 2272 mortem
1622 2232 1822 2280 meam,
1845 2219 1944 2273 hoc
1973 2219 2100 2284 illis,

457 2291 476 2306 .
515 2313 879 2368 tentationum
908 2320 1053 2366 metu
1077 2349 1093 2375 ,
1128 2309 1484 2365 denuntietur
1510 2327 1524 2362 :
1562 2309 1691 2378 quia
1723 2311 1921 2366 videtis
1942 2352 1956 2372 .
1986 2311 2092 2366 ira.

513 2416 663 2472 tres,
699 2405 937 2460 terribile
977 2412 1032 2459 et
1073 2401 1387 2458 inevitabile
1414 2401 1684 2471 judicium
1715 2443 1730 2467 ,
1777 2403 1882 2458 nisi
1922 2403 2089 2458 Deum

513 2498 674 2567 digna
707 2496 1024 2566 poenitentia
1091 2493 1441 2564 placaveritis
1474 2506 1490 2546 :
1543 2502 1810 2562 quantum
1848 2494 1996 2548 enim
2028 2495 2095 2549 ad

514 2607 602 2646 me
652 2601 992 2660 peccatorem
1045 2586 1438 2658 ignoscendum
1489 2597 1572 2640 est
1625 2587 1802 2640 vobis.
1862 2585 1975 2641 lloc
2020 2596 2105 2643 est

515 2685 662 2756 quod
711 2682 958 2738 nonnihil
994 2697 1081 2736 me
1127 2680 1456 2742 contristat,
1505 2689 1556 2731 et
1599 2679 1768 2732 menti
1819 2680 2101 2756 occurrit:

512 2779 658 2850 quod
709 2787 772 2832 ut
805 2792 933 2847 erga
965 2788 1158 2830 onmes
1201 2771 1495 2842 perﬁciatis
1527 2787 1624 2827 vos
1659 2786 1781 2826 oro.
1832 2769 2016 2828 Valete
2047 2772 2102 2826 in

516 2875 769 2928 Domino.

936 2961 1131 3018 XXIII.
1167 2991 1234 3002 —
1260 2959 1556 3029 Praeposito
1592 2959 1680 3030 (‘).

2211 1857 2417 1919 αὐτοῖς.
2471 1859 2613 1913 Ἀλλ’
2665 1863 2855 1935 ἐπειδὴ
2908 1865 2978 1918 τὰ
3032 1868 3114 1932 εἰς
3145 1867 3300 1935 Θεὸν,
3347 1871 3450 1926 οὐκ
3505 1874 3791 1944 ἀνθρώπου

2209 1947 2360 2002 λύειν
2399 1951 2751 2024 ἁμετανὸητα
2783 1956 3018 2026 μένοντα
3039 1975 3054 1988 ·
3088 1959 3150 2012 ού
3177 1960 3351 2030 δήπου
3386 1963 3442 2016 δὲ
3473 1982 3796 2036 μετανενοη-

2213 2039 2367 2103 κότες
2432 2042 2750 2110 φαίνονταιο
2827 2046 2968 2102 ἀλλὰ
3036 2052 3136 2105 καὶ
3213 2055 3792 2127 πῳσεξεργασάμενοι

2210 2129 2369 2184 τοῦτο
2398 2135 2642 2200 κακεῖνο,
2675 2135 2712 2190 ἃ
2752 2138 2897 2192 ίσασι
2917 2155 2932 2171 ο
2965 2142 3292 2214 παρακαλῶ,
3320 2145 3389 2198 δι’
3420 2146 3574 2216 ὑμῶν
3605 2147 3636 2218 ἦ
3671 2147 3792 2213 νῦν,

2211 2225 2324 2277 εἴτε
2384 2227 2524 2296 μετὰ
2573 2227 2806 2284 Θάνατόν
2868 2249 2993 2302 μου,
3050 2235 3205 2306 φόϐῳ
3273 2237 3382 2290 τῶν
3438 2241 3790 2310 πειρασμῶν,

2208 2316 2434 2387 δοθῆναι
2481 2320 2668 2385 αὐτοῖς
2715 2322 2809 2378 τὸν
2860 2324 3059 2394 λόγοντ
3107 2327 3192 2380 ὅτι
3245 2328 3496 2398 βλέπετε,
3547 2332 3789 2400 ἀδελφὼ,

2211 2409 2448 2481 φοϐερὸν
2481 2411 2542 2464 τὸ
2595 2416 2773 2486 κρῖμα
2806 2418 2902 2470 καὶ
2944 2419 3325 2491 ἀπαραίτητον
3351 2437 3364 2451 ο
3398 2425 3446 2476 εί
3506 2427 3583 2495 μὴ
3626 2443 3794 2495 μετα-

2209 2502 2330 2573 νοίᾳ
2356 2502 2625 2576 ἀξιολόγῳ
2661 2505 3016 2572 ἐξιλεὼσεσθε
3041 2511 3132 2564 τὸν
3157 2513 3320 2566 Θεόνο
3348 2514 3410 2568 τὸ
3445 2516 3555 2587 γὰρ
3584 2519 3639 2570 ὲν
3667 2521 3793 2589 ἐμοὶ

2208 2596 2286 2667 τῷ
2338 2597 2654 2671 ἁμαρτωλῷ
2699 2605 3083 2675 συγχωρητέον
3144 2607 3296 2675 ὑμῖν.
3348 2609 3522 2664 Τοῦτό
3562 2613 3676 2664 ἐστι
3730 2612 3791 2665 τὸ

2213 2689 2525 2744 ὐπολυποῦν
2587 2710 2654 2764 με
2715 2696 2811 2747 καὶ
2867 2699 3320 2768 παριστάμενον·
3392 2702 3421 2754 ὅ
3483 2703 3791 2760 διατελέσαι

2211 2777 2350 2848 πρὸς
2383 2780 2598 2858 πάντας
2631 2782 2869 2837 δυσωπῶ
2918 2786 3086 2858 ὑμᾶς.
3125 2789 3413 2861 Ἔρρωσθε
3470 2794 3531 2846 ὲν
3578 2795 3787 2866 Κυρίῳ.

2573 2969 2699 3026 ΚΓ’.
2718 2999 2779 3012 -
2827 2970 3192 3044 Ἢγουμένῳ.
3217 2973 3403 3049 [σλβ’.]

1500 3073 1580 3124 De
1607 3076 1790 3124 sanctis
1828 3073 2145 3137 imaginibus.
2175 3078 2374 3141 (Baron.
2403 3095 2482 3131 an.
2510 3083 2626 3144 816,
2651 3099 2702 3135 n.
2730 3085 2834 3150 δι.)

583 3193 834 3250 Paterna:
859 3187 1137 3247 sanctitati
1164 3195 1360 3242 vestrae
1393 3185 1668 3242 scribendi
1701 3201 1910 3241 moram
1949 3185 2052 3242 feci
2085 3204 2100 3241 :
2130 3193 2175 3256 ο

518 3289 592 3344 ita
626 3287 844 3358 quidem
876 3281 1170 3351 impeditus
1210 3279 1288 3345 ιιι),
1311 3293 1375 3333 ea
1403 3277 1653 3333 custodia
1694 3291 1817 3347 quae
1866 3293 1955 3332 me
1997 3278 2107 3333 cir-

475 3393 478 3398 '
515 3387 775 3438 cumstat.
802 3375 999 3430 Audivi
1024 3373 1308 3427 enimvero
1332 3371 1463 3426 olim
1491 3369 1730 3424 carceris
1757 3379 1978 3439 propter
2002 3371 2109 3424 Do-

519 3471 727 3527 minum
765 3482 830 3522 ac
858 3463 1178 3521 certaminis
1209 3463 1290 3517 tui
1329 3462 1592 3516 laborem.
1630 3458 1739 3515 Sed
1789 3461 2108 3516 benedictus

516 3565 662 3618 Deus
701 3561 796 3632 qui
838 3567 892 3614 et
935 3556 1282 3612 sanctitatem
1317 3563 1468 3609 tuam
1520 3552 1735 3607 vocavit
1778 3551 1846 3606 ad
1889 3551 2108 3606 confes-

517 3655 728 3711 sionem
762 3648 885 3704 Filii
919 3647 1004 3704 sui
1033 3645 1161 3701 .lesu
1193 3643 1419 3709 Christi,
1452 3641 1663 3696 Domini
1695 3649 1750 3696 et
1783 3638 1876 3694 Dei
1908 3640 2107 3695 nostri.

518 3744 708 3814 Neque
741 3743 890 3800 enim
917 3740 1067 3796 aliud
1096 3751 1179 3794 est
1210 3750 1310 3808 pro
1337 3735 1572 3806 imagine
1598 3732 1791 3788 formae
1819 3733 1966 3787 illius
1987 3747 2109 3787 cor-

517 3854 698 3911 poreae
725 3839 1034 3899 decertare,
1062 3847 1229 3903 quam
1257 3845 1354 3902 pro
1381 3827 1500 3897 ipso
1529 3827 1853 3898 martyrium
1885 3823 2104 3881 facere:

514 3928 962 4002 quandoquidem
987 3940 1154 3980 unum
1186 3921 1440 3990 idemque
1463 3928 1568 3986 est,
1595 3919 1775 3989 quoad
1800 3932 2108 3988 reprzesen-

516 4022 670 4078 tandi
702 4019 832 4086 vim,
866 4026 922 4072 et
950 4017 1129 4087 imago
1157 4023 1213 4070 et
1243 4013 1289 4067 is
1318 4011 1411 4082 qui
1449 4009 1684 4079 imagine
1719 4007 2103 4062 adumbratur.

521 4113 746 4185 Depingi
775 4122 959 4167 autem
982 4108 1264 4164 Christum
1283 4145 1300 4170 ,
1341 4103 1424 4158 vel
1457 4101 1665 4172 lapides
1717 4101 1818 4170 ipsi
1846 4099 2104 4155 clamant.

461 4252 464 4255 .
516 4207 729 4262 Idcirco
772 4203 972 4260 similis
1003 4200 1180 4256 factus
1213 4209 1296 4253 est
1335 4195 1493 4250 nobis
1537 4208 1633 4264 per
1671 4192 1856 4246 omnia
1899 4191 2109 4261 absque

517 4308 767 4371 peccato,
802 4298 946 4352 sicut
978 4293 1244 4362 scriptum
1272 4299 1362 4345 est
1384 4288 1429 4320 “
1455 4306 1469 4342 :
1507 4287 1713 4355 absque
1747 4293 1972 4355 peccato
2003 4299 2105 4338 au-

520 4399 628 4443 tem
650 4428 666 4453 ,
701 4385 847 4456 quod
880 4385 998 4438 sine
1028 4381 1234 4436 semine
1266 4392 1489 4433 carnem
1521 4375 1751 4444 accepit,
1779 4383 2106 4443 conceptus-

516 4495 625 4551 que
671 4489 753 4534 est
796 4474 1050 4547 virginali
1097 4487 1246 4528 more
1293 4485 1363 4526 ex
1407 4467 1764 4524 sanctissima
1809 4463 1983 4520 Matre
2041 4480 2107 4521 ac

450 4621 454 4623 ,
521 4573 772 4642 Deipara.

453 4720 458 4724 ,
590 4660 825 4728 Quando
880 4666 1127 4714 nostrum
1187 4653 1352 4726 igitur
1408 4649 1795 4720 unusquisque
1855 4647 2102 4720 pingitur

520 4757 680 4828 (nam
717 4755 809 4824 qui
851 4753 999 4824 pingi
1037 4749 1266 4820 nequit,
1313 4761 1418 4801 non
1453 4746 1498 4801 is
1534 4745 1700 4800 homo
1724 4784 1738 4808 ,
1772 4743 1867 4799 sed
1897 4742 2104 4798 aborti-

522 4863 652 4908 vum
680 4846 937 4916 quiddam
963 4851 1048 4898 est
1082 4861 1095 4896 :
1135 4841 1322 4895 vivens
1353 4838 1499 4894 enim
1529 4835 1844 4910 quodlibet,
1869 4835 2016 4905 quod
2048 4835 2102 4890 in

522 4936 700 4990 lucem
735 4934 888 4997 exit,
931 4943 1122 4986 natura
1161 4930 1322 4984 habet
1368 4937 1427 4983 ut
1467 4928 1644 4997 ipsum
1686 4925 1832 4996 pingi
1872 4924 2104 4995 possit),

525 5028 707 5098 pictus
733 5023 987 5080 videlicet
1035 5031 1091 5078 et
1137 5021 1393 5078 Christus
1421 5029 1544 5076 est:
1593 5019 1698 5075 etsi
1735 5018 1894 5072 aliter
1926 5015 2111 5086 impiis

526 5119 764 5184 videtur,
787 5116 880 5186 qui
906 5115 1162 5171 salutaris
1187 5113 1415 5185 proinde
1440 5109 1872 5182 dispensationis
1900 5117 2109 5179 myste-

529 5211 669 5266 rium
694 5209 983 5277 abuegant.
1013 5205 1148 5260 Nam
1173 5220 1284 5276 quo
1312 5219 1468 5274 paeto
1491 5202 1743 5259 conﬁteri
1766 5201 1890 5255 licet
1910 5197 2107 5254 Filium

531 5303 625 5358 Dei
660 5300 936 5356 hominem
958 5339 974 5364 ,
1025 5299 1166 5354 sicut
1196 5314 1297 5354 nos
1323 5336 1340 5363 ,
1384 5297 1710 5366 appellatum
1738 5333 1754 5359 ,
1785 5307 2021 5363 quorum
2055 5301 2110 5346 et

530 5397 699 5450 frater
724 5391 1032 5479 nuncqpari
1064 5391 1269 5457 voluit;
1311 5388 1419 5444 nisi
1454 5403 1608 5458 aeque
1640 5403 1704 5442 ac
1735 5401 1836 5440 nos
1868 5383 2108 5440 circum-

531 5487 847 5546 scribatur?
872 5490 980 5542 Aut
1008 5485 1284 5557 quomodo
1325 5484 1440 5556 lege
1470 5494 1678 5540 natura:
1727 5497 1914 5540 natum
1944 5524 1959 5551 ,
2004 5484 2113 5538 nisi

603 5603 651 5636 δ’
681 5599 828 5656 Psal.
862 5617 1015 5668 xvm,
1053 5603 1137 5657 l5.

610 5721 684 5791 (⁸)
722 5721 1057 5792 Dogmatica.

1215 5603 1262 5635 ⁸³
1292 5597 1406 5657 Jac.
1440 5617 1524 5670 ιιι,
1550 5601 1602 5655 9..
1683 5601 1729 5634 ⁸⁸
1769 5599 1928 5656 ιιυιπ.
1962 5616 2036 5668 ιν,
2076 5600 2156 5655 15.

2294 3193 2596 3267 Ἐὄράδυνα
2625 3198 2932 3252 ἐπιστεῖλαι
2959 3202 3028 3272 τῇ
3059 3205 3305 3273 πατρικῇ
3335 3219 3430 3256 σου
3473 3203 3787 3276 ἁγιωσύνῃο

2207 3284 2351 3339 οὕτω
2399 3305 2513 3352 πως
2562 3291 2911 3360 ἐμποδισοεὶς
2966 3292 3073 3346 ὑπὸ
3134 3293 3236 3364 τῆς
3305 3299 3673 3366 περιεχούσης
3721 3315 3788 3366 με

2207 3377 2534 3446 ἀσφαλείας.
2606 3381 2758 3434 Ἐπεὶ
2815 3383 2981 3436 πάλαι
3054 3384 3311 3455 ἀκηκοώς
3363 3387 3478 3456 εἰμι
3535 3387 3636 3456 τῆς
3700 3387 3787 3442 διὰ

2209 3469 2416 3539 Κύριον
2462 3471 2712 3543 φυλακῆς
2768 3474 2864 3526 καὶ
2915 3476 3260 3548 ὲναΘλήσεώς
3313 3493 3410 3530 σου
3457 3479 3551 3530 τὸν
3580 3479 3786 3546 ἀγῶνα.

2220 3561 2362 3614 Ἀλλ’
2391 3561 2684 3634 εὐλογητὸς
2713 3566 2741 3618 ὁ
2801 3565 2958 3634 Θεὸς,
2993 3570 3022 3621 ὁ
3077 3569 3174 3622 καὶ
3217 3569 3313 3639 τὴν
3361 3570 3462 3640 σὴν
3517 3573 3785 3640 ὁσιότητα.

2210 3653 2452 3718 καλέσας
2477 3655 2559 3718 είς
2585 3657 2685 3728 τὴν
2725 3657 3023 3728 ὁμολογίαν
3084 3660 3178 3714 τοῦ
3213 3661 3346 3714 Υἱοῦ
3396 3661 3567 3715 αὐτοῦ
3618 3662 3787 3733 Ἰησοῦ

2208 3745 2471 3814 Χριστοῦ,
2507 3745 2602 3798 τοῦ
2642 3747 2850 3819 Κυρίου
2899 3750 2994 3802 καὶ
3025 3748 3160 3804 Θεοῦ
3214 3749 3399 3821 ἡμῶν.
3462 3753 3540 3804 Οὐ
3599 3755 3708 3821 γάρ
3738 3769 3787 3803 τι

2208 3837 2336 3892 ἄλλο
2364 3838 2483 3892 ἐστὶ
2511 3837 2570 3890 τὸ
2590 3838 2733 3911 ὑπὲρ
2766 3843 2866 3911 τῆς
2895 3841 3106 3904 εἰκόνος
3129 3840 3225 3894 τοῦ
3269 3843 3592 3914 σωματικοῦ
3627 3842 3785 3896 αὐτοῦ

2211 3931 2569 4002 χαρακτῆρος
2603 3931 2873 3996 ὲναθλείν,
2905 3932 2938 4003 ἢ
2981 3933 3042 3986 τὸ
3075 3933 3204 4004 περὶ
3259 3935 3429 3993 αὑτοῦ
3469 3938 3784 4005 μαρτυρεῖν.

2193 4022 2444 4093 ’Ἐπειδὴ
2497 4021 2556 4074 ἓν
2591 4021 2686 4075 καὶ
2722 4023 2921 4076 ταυτὸν
2952 4026 3017 4094 τῇ
3057 4025 3359 4095 ὀμοιωτικῇ
3409 4025 3784 4093 ὑποστάσει,ἡ

2210 4113 2374 4167 εἰκὼν
2399 4114 2536 4186 πρὸς
2567 4115 2660 4167 τὸν
2705 4113 3129 4187 είκονιζόμενον.
3181 4116 3305 4170 Ὅτι
3367 4116 3423 4170 δὲ
3466 4119 3785 4181 είκονίζεται

2209 4204 2466 4274 Χριστὸς,
2497 4204 2592 4257 καὶ
2620 4204 2669 4257 οἱ
2701 4203 2841 4258 item
2880 4207 3209 4276 κεκράγασι.
3242 4206 3389 4259 Διότι
3439 4207 3630 4277 ὅμοιος
3661 4209 3783 4276 ἡμῖν

2211 4297 2406 4364 γέγονε
2426 4299 2568 4351 κατὰ
2591 4286 2772 4352 πάντα
2790 4297 2926 4369 πλὴν
2945 4299 3222 4370 ἁμαρτίας
3236 4316 3253 4332 ο
3279 4299 3423 4354 καθὰ
3447 4301 3782 4370 γέγραπται·

2212 4387 2490 4457 ἁμαρτίας
2511 4389 2590 4453 δὲ,
2613 4389 2694 4442 ὃτι
2720 4388 2848 4442 ἄνευ
2882 4391 3092 4461 σπορᾶς
3123 4391 3313 4462 εἴληφε
3345 4392 3446 4461 τὴν
3466 4394 3669 4462 σάρκα,
3697 4391 3782 4444 καὶ

2212 4475 2423 4547 ὲκυήθη
2461 4477 2810 4547 παρθενικῶς
2838 4479 2904 4531 ὲκ
2933 4478 3035 4548 τῆς
3065 4480 3340 4548 παναγίας
3379 4481 3551 4534 αὒτοῦ
3589 4481 3784 4552 μητρὸς

2211 4569 2303 4622 καὶ
2336 4568 2624 4624 Θεοτόκου.
3373 4612 3377 4616 .

2201 4717 2214 4725 ,
2291 4661 2443 4715 Ἐπεὶ
2471 4658 2566 4714 οὖν
2604 4664 2768 4734 ἡμεῖς
2800 4665 3186 4736 είκονιζόμεθα
3233 4665 3511 4732 ἆπαντεςο
3573 4667 3632 4732 δς
3685 4667 3785 4737 γὰρ

2207 4754 2311 4808 οὐκ
2343 4753 2696 4819 είκονίζεται,
2733 4755 2835 4809 οὐκ
2861 4755 3176 4827 ἄνθρωπος,
3234 4758 3376 4812 ἀλλά
3405 4777 3456 4812 τι
3497 4759 3782 4829 ἔκτρωμιι·

2212 4847 2294 4899 ὅτι
2315 4847 2408 4899 καὶ
2441 4849 2548 4900 πᾶν
2601 4846 2736 4911 ζῶον
2765 4850 2843 4912 εἰς
2891 4851 3006 4919 φῶς
3041 4850 3198 4905 ἐλθὸν
3223 4851 3592 4916 είκονίξεσθαι
3622 4853 3785 4920 πέφυα

2186 4953 2342 4989 ,κενο
2389 4937 2686 4992 είκόνισται
2736 4939 2983 5011 δηλονότι
3041 4941 3138 4995 καὶ
3193 4943 3471 5012 Χριστός·
3526 4944 3629 4997 κᾶν
3683 4945 3785 5004 τοῖς

2215 5026 2396 5088 ἀθέοις
2422 5026 2484 5078 ού
2513 5027 2670 5098 δοκῇ,
2701 5028 3068 5099 ἀρνουμένοις
3101 5028 3358 5084 ἐντεῦθεν
3383 5030 3455 5082 τὸ
3485 5030 3586 5097 τῆς
3618 5045 3783 5098 σωτη-

2215 5119 2334 5189 ρίου
2363 5120 2681 5191 οἰκονομίας
2713 5123 3037 5192 μυστήριον.
3085 5123 3209 5186 Πῶς
3259 5125 3370 5194 γὰρ
3423 5123 3493 5176 ἂν
3535 5123 3787 5194 ὁμολογη-

2212 5211 2332 5283 θείη
2363 5213 2391 5264 ὁ
2415 5212 2542 5276 Υἱὸς
2561 5213 2656 5266 τοῦ
2674 5213 2808 5266 Θεοῦ
2827 5215 3111 5284 ἄνθρωπος
3126 5215 3467 5286 χρηματίσαι
3492 5215 3616 5268 καθ’
3631 5216 3784 5284 ἡμᾶς.

2209 5295 2286 5356 ὧν
2315 5304 2412 5356 καὶ
2441 5303 2669 5373 ἀδελφὸς
2697 5304 2896 5374 ἠξίωσε
2955 5304 3226 5374 κληθῆναι
3250 5343 3267 5367 ,
3323 5304 3400 5374 μὴ
3435 5305 3630 5373 ἐπίσης
3665 5303 3786 5373 ἡμῖν

2217 5395 2722 5467 περιγραφόμενοςς
2750 5396 2871 5458 Πῶς
2906 5395 2964 5448 δὲ
3000 5395 3331 5466 γεννηθῆναι
3369 5397 3522 5466 νόμῳ
3563 5393 3782 5464 φύσεως,

2224 5486 2302 5558 μὴ
2324 5485 2571 5558 ἐμφερὴς
2605 5484 2680 5541 ὢν
2717 5488 2786 5557 τῇ
2823 5486 3004 5559 οἰκείᾳ
3045 5486 3250 5558 μητρί;
3292 5487 3354 5541 El
3404 5483 3501 5540 οὖν
3540 5488 3599 5540 ού
3639 5500 3787 5555 περι·

4027 3323 4029 3378 1
