4054 6364
272 285 410 356 1189

1463 283 2001 347 EPISTOLARUM
2069 284 2220 345 LIB.
2257 284 2342 344 II.

3395 278 3530 346 1190

265 405 584 473 γέγραπται
605 441 619 464 ,
648 399 749 454 οὐκ
779 400 845 453 ὲκ
867 397 977 453 τῶν
1000 398 1348 470 παρθενικῶν
1370 399 1545 470 αὐτῆς
1573 399 1845 468 αἱμάτων,

1962 398 2028 451 sit
2075 395 2238 451 matri
2286 410 2396 450 sua:
2429 391 2669 449 similis?
2717 389 2832 447 Nisi
2864 392 3031 462 igitur
3064 401 3150 448 est
3181 392 3534 456 circumscri-

266 493 331 559 ἐξ
345 489 419 546 ὧν
446 490 929 561 ὲπλαστούργησεν
986 491 1168 562 ἑαυτῷ
1220 489 1370 553 ναὸν,
1427 488 1542 542 ἀλλ’
1595 489 1847 558 οὐράνιον

264 586 452 657 φέρων
482 583 640 653 σῶμα
661 599 676 614 ’
709 581 894 647 καθὼς
933 583 1242 654 Μαρκέλλῳ
1268 581 1348 653 τῷ
1377 578 1644 652 αἱρετικῷ
1674 579 1845 646 δοκεῖ,

274 675 374 728 καὶ
433 675 547 735 τοῖς
604 670 714 741 πρὸ
764 670 933 725 αὑτοῦ
984 671 1156 725 πάλαι
1200 669 1478 740 ἀσεβέσιν.
1559 667 1846 722 Ἐντεῦθεν

265 764 458 818 λοιπὸν
493 763 615 818 οὐδὲ
650 765 837 835 μήτηρ
869 763 1086 833 άληθῶς
1118 764 1153 835 ή
1200 763 1410 834 μήτηρ,
1443 761 1582 817 ἀλλά
1631 759 1848 831 ψευδώ-

270 868 476 922 νυμος·
507 851 619 906 οὐδ’
645 854 781 923 ἡμῖν
822 852 1030 922 ὅμοιος,
1073 850 1190 906 ἀλλ’
1227 849 1588 921 ἐτεροούσιος.
1625 849 1701 904 Οὐ
1740 848 1848 920 μὴν

273 943 402 997 οὗτε
447 942 619 1014 ’Λδάμ
659 942 1065 1013 ἀνακέκληται’
1099 941 1216 1006 πῶς
1244 941 1352 1013 γάρ
1389 941 1496 1009 av;
1539 938 1852 1014 ὲτερογενεΐ

269 1033 634 1102 ἀναστήσεται
667 1029 881 1100 σώματι
921 1030 984 1083 τὸ
1010 1031 1228 1100 χοῖκόν;
1284 1031 1432 1084 Διότι
1468 1029 1548 1101 τῷ
1595 1029 1768 1100 ὁμοίῳ
1789 1027 1851 1082 τὸ

271 1123 458 1194 ὅμοιον
503 1119 883 1186 ἀνασώζεσθαι
918 1121 1209 1176 δέδεικται.
1247 1120 1387 1195 υῦτε
1437 1115 1530 1175 οὖν
1557 1121 1586 1174 ὁ
1617 1119 1850 1182 θάνατος

271 1213 581 1283 κατεπόθη,
635 1211 782 1266 κατά
828 1211 892 1265 τὸ
938 1211 1270 1267 ἀκόλουθον·
1341 1210 1468 1265 οὗτε
1543 1213 1579 1283 ἡ
1649 1211 1850 1283 νομικὴ

269 1304 504 1377 λατρεία
579 1305 888 1360 πέπαυταιο
953 1305 1118 1377 χρεία
1192 1303 1520 1376 περιτομῆς,
1592 1304 1685 1359 καὶ
1741 1303 1852 1357 τῶν

271 1396 502 1452 λοιπῶν.

358 1573 540 1646 Ὁρᾷς,
561 1566 607 1627 ὦ
629 1573 721 1628 τοῦ
750 1574 885 1629 Θεοῦ
910 1573 1188 1648 ἄνθρωπε,
1218 1576 1301 1641 είς
1335 1574 1364 1629 ὃ
1395 1575 1672 1648 βάραθρον
1727 1576 1856 1630 ἀσε-

273 1663 432 1728 ϐείας
473 1665 798 1736 ἐληλακότες
848 1667 1220 1738 ὲνεπάρησαν,
1263 1669 1328 1721 ὲκ
1371 1667 1468 1721 τοῦ
1519 1664 1596 1738 μὴ
1649 1668 1856 1739 ὲγγρά-

275 1757 476 1826 φεσθαι
504 1756 595 1811 τὸν
627 1757 864 1829 Χριστὸν
889 1759 949 1811 ὲν
991 1757 1183 1812 πίνακι
1231 1758 1482 1826 δοξάζειν
1537 1760 1587 1813 οἱ
1628 1759 1851 1813 Εἰκονο-
1878 1741 1927 1800 Β

279 1847 481 1917 μάχοι;
550 1847 931 1912 Ἰουδαῖζουσιν
985 1847 1095 1918 ἀρα
1182 1849 1472 1918 ἀσφαλῶς.
1570 1847 1854 1903 Ἐντεῦθεν

274 1937 403 1991 οὕτε
440 1938 540 2008 τὴν
566 1937 848 2004 Θεοτόκον,
903 1937 1027 1992 οὔτε
1082 1941 1205 1994 τινὰ
1253 1939 1364 1995 τῶν
1407 1943 1578 2010 ἁγίων
1616 1940 1857 2012 παραδέ-

276 2046 504 2099 χονται,
540 2029 628 2083 διὰ
675 2033 777 2100 τῆς
832 2031 943 2084 τῶν
989 2033 1209 2086 οἰκείων
1255 2032 1440 2086 αὐτῶν
1486 2035 1857 2103 χαρακτήρων

279 2121 584 2192 ἀρνήσεως,
631 2123 757 2186 τοὺς
800 2123 1383 2195 χαρακτηριζομένους
1418 2123 1854 2194 βδελυττόμενοι.

293 2210 359 2264 Ἦ
379 2212 486 2282 γὰρ
505 2212 605 2281 τῆς
640 2213 846 2278 είκόνος
865 2214 998 2287 τιμὴ
1019 2216 1112 2269 καὶ
1139 2215 1334 2284 ἀτιμία
1361 2215 1456 2268 ἐπὶ
1477 2215 1540 2268 τὸ
1568 2214 1854 2285 πρωτότυ-

279 2317 384 2354 πον
403 2301 668 2354 διαϐαίνει
693 2342 708 2366 ,
735 2301 809 2365 ὥς
836 2320 1001 2373 φησιν
1050 2305 1078 2356 ὁ
1107 2303 1282 2375 μέγας
1313 2304 1616 2366 Βασίλειος.
1663 2303 1860 2356 Βδέλυ-

282 2392 374 2458 ξαι
422 2394 512 2447 τὸν
557 2393 730 2448 τύπον
784 2395 880 2449 τοῦ
933 2395 1202 2467 σταυροῦ*
1245 2398 1341 2452 καὶ
1379 2397 1501 2471 τίνα
1555 2395 1855 2471 βδελύσσῃς

279 2485 407 2555 οὐχὶ
427 2485 516 2538 τὸν
542 2483 806 2549 ζωοποιὸν
855 2487 1118 2558 σταυρόνς
1166 2487 1354 2551 Οὕτως
1386 2469 1508 2542 τοῦ
1562 2469 1856 2558 βασιλέως,

280 2576 461 2640 οὕτως
488 2577 796 2631 οὑτινοσοῦν
825 2576 1114 2650 ἀνθρώπου
1135 2597 1148 2610 ο
1171 2578 1315 2632 οὕτω
1347 2580 1441 2634 καὶ
1469 2578 1565 2633 τοῦ
1595 2578 1858 2650 Χριστοῦ,

280 2669 386 2738 τῆς
412 2685 470 2722 τε
497 2670 725 2742 Μητρὸς
760 2668 952 2733 αὑτοῦ,
1003 2669 1101 2724 καὶ
1129 2671 1331 2736 παντὸς
1366 2671 1548 2740 ἁγίου.
1587 2670 1862 2742 Ἥρνηται

283 2760 383 2816 νῦν
411 2763 439 2815 ό
465 2761 720 2832 Χριστὸς,
749 2762 845 2816 καὶ
865 2761 1177 2828 δεδίωκται,
1217 2763 1312 2816 καὶ
1338 2761 1712 2833 ὲξουδένωται.
1753 2762 1864 2818 Καὶ

287 2848 562 2918 μακάριος
597 2845 668 2911 ei,
693 2849 897 2920 Πάτερ,
929 2850 1169 2904 ἑναθλῶν
1213 2851 1310 2905 καὶ
1357 2853 1720 2923 ἀντεχόμενος
1764 2854 1864 2924 τῆς

284 2935 798 3005 ὀρθοδοξίας.’Δλλά
828 2937 1134 3009 προσεύχου
1159 2941 1253 2994 καὶ
1290 2940 1433 3012 ὑπὲρ
1483 2941 1620 3012 ἐμοῦ
1658 2943 1753 2996 τοῦ
1781 2943 1863 2996 οί-

1948 497 2098 559 plus,
2135 505 2243 543 non
2267 505 2333 542 ex
2359 487 2608 556 virginali
2645 487 2818 557 ipsius
2845 486 3115 556 sanguine
3136 525 3151 550 ,
3189 500 3257 540 ex
3293 502 3403 556 quo
3428 487 3533 543 sibi

1949 581 2064 650 ipse
2084 580 2350 650 templum
2376 580 2669 643 exstruxit,
2698 579 2791 634 sed
2813 579 3038 633 caeleste
3063 575 3282 646 praefert
3308 592 3534 646 corpus.

1949 671 2028 725 uti
2057 669 2316 725 Marcello
2343 670 2599 724 haeretica
2634 669 2810 723 visum
2856 676 2978 732 est,
3027 667 3348 736 ceterisque
3398 667 3532 720 olim

1948 763 2136 833 impiis
2165 772 2291 819 ante
2317 761 2526 832 ipsum.
2559 760 2715 817 Unde
2749 762 3155 816 consectarium
3186 767 3312 821 est,
3347 768 3407 812 ut
3441 773 3537 811 ne-

1949 869 2060 924 que
2088 861 2264 910 mater
2286 867 2411 908 vere
2439 865 2614 908 mater
2647 852 2741 915 sit,
2773 852 2869 907 sed
2894 851 3091 906 falsum
3122 863 3318 903 nomen
3345 859 3496 918 gerat
3522 864 3535 900 :

1950 959 2052 1001 nec
2083 945 2176 1000 ille
2205 944 2406 1000 similis
2432 943 2616 1009 nobis,
2646 943 2740 998 sed
2764 949 2974 996 natura:
3009 939 3316 996 dissimilis.
3353 939 3538 1008 Neque

1952 1035 2121 1103 igitur
2150 1034 2325 1089 Adam
2359 1033 2666 1104 appellatus
2695 1042 2779 1087 est
2806 1049 2819 1086 :
2862 1046 2986 1086 nam
3017 1045 3131 1101 quo
3159 1031 3212 1084 id
3241 1030 3440 1098 pacto?
3477 1031 3535 1082 In

1951 1127 2182 1182 alterius
2203 1132 2416 1180 natura:
2435 1138 2667 1194 corpore
2693 1133 2942 1192 resurget
2966 1121 3114 1191 quod
3141 1129 3398 1176 terrestre
3417 1119 3541 1173 est?

1951 1219 2112 1274 Certe
2141 1217 2308 1274 simili
2352 1217 2534 1274 simile
2574 1215 2773 1271 salvari
2817 1213 3158 1283 intelligitur.
3211 1215 3397 1280 Neque
3445 1209 3542 1280 igi-

1952 1316 2044 1363 tur
2079 1308 2245 1376 (nam
2290 1308 2342 1362 id
2376 1315 2555 1362 estex
2586 1319 2652 1360 eo
2685 1304 3068 1373 consequens)
3103 1316 3248 1358 mors
3282 1302 3537 1369 absorpta

1951 1407 2034 1454 est
2059 1439 2074 1464 ,
2103 1414 2281 1468 neque
2316 1397 2510 1467 legalis
2543 1395 2780 1451 servitus
2805 1395 2966 1450 desiit
2994 1411 3008 1447 :
3053 1402 3167 1448 tum
3193 1409 3321 1448 vero
3347 1403 3401 1448 et
3430 1395 3538 1447 cir-
3602 1445 3610 1454 ,

1954 1490 2296 1546 cnmcisione
2319 1529 2336 1555 ,
2367 1496 2422 1543 et
2449 1487 2676 1557 reliquis
2701 1500 2862 1554 opus.

2029 1581 2212 1647 Vides,
2251 1596 2286 1635 ο
2325 1582 2490 1636 homo
2518 1579 2655 1645 Dei,
2698 1579 2752 1632 in
2781 1593 2944 1647 quem
2973 1578 3210 1633 demersi
3244 1577 3538 1647 impietatis

1956 1668 2224 1739 gurgitem
2252 1667 2598 1723 lconomachi
2624 1667 2967 1730 devenerint,
2995 1683 3102 1721 non
3127 1667 3344 1736 depingi
3371 1667 3536 1722 Chri-

1955 1768 2099 1813 stum
2154 1757 2207 1812 in
2263 1758 2444 1814 tabula
2498 1758 2846 1812 statuentes?
2891 1757 3114 1826 Absque
3159 1759 3270 1811 ulla
3321 1758 3537 1813 dubita-

1956 1847 2104 1901 tione
2121 1845 2426 1913 judaizant.
2455 1845 2596 1898 Hinc
2623 1861 2803 1913 neque
2842 1845 3148 1914 Deiparam,
3185 1861 3282 1900 nec
3309 1857 3536 1901 sancto-

1957 1953 2077 1996 rum
2099 1950 2428 2007 quemquam
2460 1937 2778 2002 admittunt,
2807 1951 2902 2006 per
2934 1937 3277 2006 negationem
3307 1940 3541 2007 propria:

1960 2028 2209 2100 ipsorum
2253 2028 2325 2082 to:
2346 2043 2466 2092 mae,
2497 2043 2594 2082 eos
2625 2043 2844 2098 quoque
2873 2043 3110 2098 quarunt
3147 2027 3319 2083 forma
3359 2031 3540 2100 expri-

1958 2121 2150 2186 mitur,
2181 2129 2553 2175 exsecrantes.
2603 2119 2862 2190 lmaginis
2892 2121 3040 2174 enim
3086 2119 3261 2174 honor
3306 2130 3361 2174 et
3396 2137 3542 2175 con-

1960 2221 2198 2281 temptus
2231 2211 2284 2265 in
2317 2221 2663 2280 prototypum
2707 2209 2880 2274 redit,
2921 2219 2982 2264 ut
3015 2225 3246 2281 magnus
3274 2212 3352 2265 ait
3379 2210 3536 2266 Basi-

1962 2306 2086 2359 lius.
2119 2303 2310 2359 Crucis
2360 2303 2777 2358 similitudinem
2809 2303 3113 2358 exsecraris
3147 2319 3162 2357 :
3216 2319 3377 2371 quam
3425 2319 3541 2359 rem

1961 2395 2013 2451 t'e
2045 2393 2321 2450 exsecrari
2370 2394 2598 2449 censes?
2653 2409 2832 2448 nonne
2873 2395 3048 2464 ipsam
3093 2395 3363 2448 viviticam
3415 2411 3543 2451 cru-

1959 2486 2114 2542 cem?
2139 2485 2230 2542 Sic
2258 2485 2324 2541 de
2355 2486 2499 2556 regis
2529 2484 2727 2556 elligie,
2757 2494 2850 2539 aut
2884 2485 3126 2554 cujusvis
3156 2485 3435 2540 hominis:
3465 2484 3547 2540 sic

1960 2588 2013 2633 et
2045 2579 2282 2644 Christi,
2311 2586 2365 2632 et
2394 2577 2583 2632 Matris
2605 2577 2725 2647 ejus
2763 2588 2820 2632 et
2847 2579 3020 2632 sancti
3049 2577 3358 2647 cujuslibet.
3391 2574 3548 2632 Nunc

1959 2668 2216 2726 Christus
2251 2679 2479 2738 negatus
2508 2678 2612 2733 est,
2646 2677 2701 2722 et
2732 2669 3174 2739 persecutionem
3210 2682 3404 2736 passus
3431 2676 3546 2732 est,

1965 2768 2020 2815 et
2053 2759 2358 2830 despicatui
2393 2760 2608 2814 habitus
2636 2770 2736 2815 est.
2767 2759 2833 2814 Et
2879 2759 3070 2814 beatus
3095 2774 3186 2824 es,
3214 2757 3393 2822 Pater,
3421 2773 3546 2812 cum

1964 2852 2202 2907 dimicas
2233 2866 2298 2908 ac
2319 2853 2590 2907 obniteris
2618 2867 2720 2924 pro
2743 2852 3050 2907 orthodoxa
3083 2852 3208 2906 tlde.
3235 2851 3339 2905 Sed
3366 2857 3421 2904 et
3448 2865 3549 2921 pro

1963 2958 2051 2998 me
2083 2944 2286 2999 misero
2316 2959 2569 3014 precare,
2602 2953 2666 3010 ut
2693 2944 2942 3015 vestigiis
2977 2943 3286 3000 sanctitatis
3313 2951 3422 2999 tuae
3461 2941 3546 3002 iu:-

285 3027 492 3098 κτροῦ,
540 3029 772 3084 κατόπιν
808 3031 946 3086 ίέναι
996 3032 1099 3102 τῆς
1126 3033 1440 3107 ἁγιωσύνης
1470 3051 1564 3089 σου
1588 3075 1604 3102 ,
1653 3034 1751 3090 καὶ
1783 3033 1860 3107 μὴ

1963 3035 2152 3090 sistam
2175 3075 2192 3102 ,
2226 3050 2327 3092 nec
2351 3044 2570 3108 propter
2607 3047 2832 3108 peccata
2866 3051 2988 3092 mea
3012 3035 3227 3106 ejiciar.

287 3119 634 3193 ἀπωσθῆναι,
657 3122 750 3176 6ιά
776 3121 879 3186 τὰς
909 3123 1186 3194 ἁμαρτίας
1220 3142 1346 3195 μου.

641 3235 770 3290 ΚΔν.
801 3263 872 3277 -
905 3235 1174 3305 Ἰγνατιῳ
1197 3236 1407 3306 τέκνῳ.
1431 3237 1616 3312 [σλζκ]

1889 3087 1936 3150 C

2419 3235 2609 3294 XXIV.
2633 3269 2702 3281 --
2725 3237 2938 3310 Ignatt'o
2966 3238 3102 3309 ﬁlio.

1624 3353 1857 3408 Celebrat
1875 3354 2013 3404 illius
2037 3351 2236 3402 laudes.

370 3436 440 3489 ’Ἀ
501 3435 814 3507 γέγραφας,
848 3437 1041 3494 τέκνον
1093 3439 1477 3511 ἠγαπημένον,
1521 3441 1695 3510 ἔγνων
1719 3459 1733 3473 υ
1770 3441 1867 3494 καὶ

293 3527 472 3596 χαίρω
487 3527 702 3580 ἀκούων
715 3544 811 3580 σου
827 3528 927 3598 τῆς
939 3529 1147 3600 φωνῆς’
1163 3531 1223 3584 ού
1246 3532 1354 3601 μὴν
1371 3531 1445 3595 ὼς
1462 3532 1811 3600 ὑπολαμϐάνε
1821 3548 1868 3595 ις

295 3619 366 3670 τὰ
388 3618 511 3673 κατ’
532 3617 632 3690 ὲμέ
656 3633 671 3649 ⁸
693 3619 838 3673 ἕωλα
861 3621 969 3691 γὰρ
999 3622 1093 3675 καὶ
1125 3621 1422 3693 οὐδαμινά·
1447 3622 1587 3694 πλὴν
1614 3625 1663 3676 εί
1691 3623 1869 3690 λέγοις

294 3709 628 3779 ὠφελεῖσθαι
649 3712 708 3766 ὲν
727 3714 840 3775 τοῖς
865 3712 1048 3781 λόγοις
1077 3730 1204 3782 μου.
1236 3714 1418 3784 Γράφε
1445 3715 1541 3768 καὶ
1564 3714 1719 3785 δέχου
1741 3731 1753 3742 ·
1778 3716 1872 3768 καὶ

298 3802 493 3872 φθόνος
513 3803 707 3868 οὐδείς.
759 3804 992 3875 Συνίημι
1019 3806 1131 3876 βὶον
1162 3807 1346 3860 ἕλκειν
1385 3823 1447 3859 σε
1469 3823 1872 3877 στενοχωρητι-

297 3895 398 3948 κδν
418 3896 478 3948 ὲν
504 3895 582 3966 τῷ
615 3895 847 3967 παρόντι
877 3896 1105 3968 διωγμῷ
1124 3915 1138 3930 ο
1186 3897 1378 3970 ὥσπερ
1409 3898 1508 3954 καὶ
1546 3900 1597 3952 οἱ
1643 3898 1874 3969 ὁμοτρό-

298 4003 422 4050 πως
476 4003 559 4040 σοι
605 3987 993 4059 κρυπτόμενοι.
1065 3989 1205 4042 Ἀλλ’
1263 3991 1296 4058 ἡ
1337 3989 1495 4053 ἐλπὶς
1543 3989 1872 4058 κουφιζέτω.

299 4079 440 4148 ῗΕχε
468 4078 538 4131 τά
568 4079 711 4132 κατά
756 4081 817 4132 σὲ
864 4078 1144 4149 ἀσφαλῶς,
1183 4079 1322 4150 μετὰ
1362 4079 1458 4133 τοῦ
1505 4079 1673 4132 καλοῦ
1707 4080 1876 4132 Εὐσε-

303 4167 445 4238 βίου,
481 4167 541 4221 ὃν
562 4171 656 4223 καὶ
692 4173 1109 4242 προσαγορεύω.
1156 4172 1224 4225 Ἥ
1247 4172 1398 4242 παρὰ
1429 4171 1540 4226 τῶν
1579 4173 1878 4243 αἱρετικῶν

301 4257 563 4311 κοινωνία
588 4259 652 4313 οὐ
678 4260 856 4324 κοινὸς
892 4259 1242 4332 ἀρτος,’ὰλλά
1274 4261 1588 4331 φάρμακον,
1621 4262 1681 4314 οὐ
1719 4261 1879 4330 σῶμα

303 4349 568 4420 βλάπτον,
623 4352 761 4407 ἀλλά
807 4353 986 4424 ψυχὴν
1021 4352 1276 4423 μελαῖνον
1308 4355 1404 4407 καὶ
1450 4352 1735 4417 σκοτίζονο
1794 4354 1879 4423 ῥί-

303 4459 465 4497 πτειν
494 4443 662 4497 δὲκαὶ
687 4444 949 4516 κρύϐδην,
979 4447 1080 4499 οὐκ
1101 4445 1227 4516 ἐμοὶ
1256 4446 1318 4499 τὸ
1339 4445 1542 4514 λέγειν.
1575 4445 1738 4499 Ἀλλά
1762 4444 1874 4499 τῶν

2037 3437 2169 3505 Quae
2200 3437 2505 3507 scripsisti,
2533 3437 2731 3493 dilecte
2773 3438 2881 3506 ﬁli,
2935 3439 3216 3506 intellexi,
3263 3455 3328 3496 ac
3368 3455 3553 3496 vocem

1969 3537 2116 3584 tuam
2149 3529 2368 3599 quidem
2412 3531 2601 3584 audire
2629 3546 2716 3585 me
2744 3531 2975 3586 delectat
3009 3550 3023 3586 :
3060 3541 3116 3587 at
3155 3547 3244 3587 res
3282 3547 3415 3588 meae
3447 3549 3556 3587 non

1969 3622 2052 3677 sic
2089 3631 2238 3685 sunt,
2269 3631 2327 3677 ut
2353 3632 2407 3676 tu
2437 3623 2721 3678 existimas
2747 3640 2764 3690 ;
2807 3639 2930 3676 nam
2963 3633 3092 3678 sunt
3115 3624 3307 3680 inanes
3335 3641 3398 3680 ac
3429 3625 3555 3680 nul~

1971 3713 2080 3767 lius
2123 3713 2314 3782 pretii,
2364 3714 2471 3768 nisi
2516 3713 2662 3783 quod
2715 3715 3064 3770 sermonibus
3105 3715 3244 3770 meis
3286 3717 3463 3784 juvari
3505 3725 3558 3770 te

1973 3805 2076 3859 ais.
2112 3803 2305 3860 Scribe
2332 3813 2386 3859 et
2413 3805 2641 3874 accipe:
2678 3820 2778 3860 nec
2805 3805 3081 3860 invidebo.
3114 3803 3365 3876 Intelligo
3387 3807 3553 3860 vitam

1975 3891 2197 3952 trahere
2230 3904 2281 3950 te
2321 3896 2538 3966 plenam
2571 3897 2952 3951 molestiarum
2988 3898 3041 3951 in
3081 3899 3335 3967 praesenti
3371 3914 3560 3967 perse-

1974 3989 2241 4044 cutione:
2283 3987 2747 4054 quemadmodum
2791 3995 2846 4042 et
2887 3987 2925 4041 ii
2973 3987 3068 4056 qui
3102 3987 3361 4042 similiter
3402 4003 3467 4041 ac
3500 3998 3558 4042 tu

1977 4079 2033 4133 in
2065 4076 2289 4133 latebris
2313 4077 2540 4146 degunt.
2567 4075 2673 4131 Sed
2707 4076 2944 4131 laborem
2979 4090 3107 4146 spes
3137 4076 3401 4130 sublevet.
3435 4076 3557 4130 Tibi

1979 4171 2172 4228 sedulo
2197 4185 2330 4225 cave
2363 4184 2487 4224 cum
2516 4168 2733 4238 egregio
2770 4167 3030 4230 Eusebio,
3059 4183 3223 4238 quem
3253 4176 3307 4222 et
3349 4167 3554 4223 saluto.

1978 4261 2308 4316 Communia
2333 4275 2458 4314 cum
2492 4258 2763 4313 hmreticis
2793 4273 2899 4311 non
2926 4257 3083 4328 panis
3115 4259 3424 4312 communis
3451 4265 3558 4321 est,

1980 4355 2073 4410 sed
2111 4368 2380 4409 venenum
2409 4392 2423 4416 ,
2455 4351 2600 4422 quod
2633 4367 2741 4404 non
2775 4364 2979 4420 corpus
3009 4348 3229 4420 quidem
3257 4387 3272 4413 ,
3303 4349 3398 4403 scd
3442 4348 3562 4402 ani-

1981 4461 2132 4502 mum
2164 4445 2422 4500 obscurat
2447 4453 2503 4497 et
2527 4442 2850 4496 oblenebrat
2877 4458 2890 4494 :
2923 4441 3195 4512 projicere
3216 4455 3346 4494 vero
3375 4440 3562 4494 occul-

303 4532 608 4588 ποιούντων
636 4534 831 4606 φόϐῳ·⁴
855 4536 986 4608 περὶ
1011 4530 1088 4591 ὧν
1116 4536 1297 4590 ἐκεῖνο
1336 4534 1520 4604 λέγειν
1579 4535 1759 4600 ἐστιν,
1801 4536 1861 4590 ὅτ

1985 4547 2058 4604 te,
2083 4553 2190 4592 non
2213 4545 2298 4592 est
2323 4551 2506 4590 meum
2523 4535 2705 4589 dicere
2731 4551 2746 4599 ;
2777 4533 2871 4588 sed
2897 4533 3132 4602 suntqui
3157 4539 3302 4586 metu
3323 4531 3557 4596 iaciant;

304 4624 533 4678 Πολλοί
582 4624 704 4678 τῶν
744 4627 1055 4696 ἀρχόντων
1114 4628 1443 4682 ἐπίστευον
1493 4630 1581 4693 εἰς
1649 4628 1881 4682 αὐτόν*

1985 4631 2054 4686 de
2091 4630 2292 4701 quibus
2318 4627 2454 4682 illud
2495 4640 2761 4695 usurpare
2790 4624 2872 4680 fas
2905 4633 3032 4680 est:
3076 4621 3239 4676 Multi
3273 4638 3338 4676 ex
3361 4621 3562 4690 princi-

303 4714 447 4768 ἀλλ’
480 4717 593 4786 οὐχ
617 4716 968 4786 ὡμολόγουν
995 4717 1094 4774 διὰ
1137 4718 1283 4786 τοὺς
1325 4719 1689 4786 Φαρισαίους
1713 4737 1728 4752 ο
1782 4720 1862 4773 In

1983 4723 2134 4794 pt'bus
2172 4718 2508 4774 crediderunt
2549 4719 2601 4772 in
2636 4733 2754 4772 eum
2795 4732 2814 4771 :
2867 4718 2956 4772 sed
3005 4725 3218 4785 propter
3257 4713 3562 4768 Pharisaeas

299 4804 390 4874 μὴ
414 4806 875 4877 ἀποσυνάγωγοι
899 4807 1207 4878 γένωνται.
1251 4810 1606 4881 Ἠτὰπησαν
1630 4811 1743 4880 γὰρ
1769 4810 1862 4880 thr

1980 4828 2085 4867 non
2117 4810 2525 4880 conﬁtebantur,
2579 4819 2637 4862 ut
2684 4825 2711 4862 e
2760 4807 3041 4879 Synagoga
3075 4823 3176 4861 non
3222 4806 3558 4876 ejicerentur.

307 4893 504 4958 δόξαν
538 4896 654 4951 τῶν
703 4896 1036 4966 ἀνθρώπων
1060 4895 1299 4966 μᾶλλον
1325 4899 1364 4968 ἢ
1403 4898 1519 4967 τὴν
1547 4899 1740 4964 δόξαν
1777 4900 1862 4954 toi

1983 4903 2293 4958 Dilexerttnt
2343 4903 2479 4956 enim
2531 4901 2760 4970 gloriam
2820 4901 3093 4954 hominum
3147 4901 3354 4971 magis,
3404 4916 3564 4970 quam

309 4985 485 5039 Θεοῦ.
521 4986 583 5039 El
611 4986 670 5040 δι
695 4987 994 5058 ὀρθοδόξων
1023 4990 1080 5044 αἱ
1109 4989 1267 5060 εὐχαὶ
1314 4991 1413 5060 τῆς
1450 4990 1763 5062 ἱερουργίας
1787 5006 1804 5022 ο
1836 5008 1862 5044 τ

1981 4992 2206 5063 gloriam
2257 4991 2354 5046 Dei
2401 4991 2468 5044 “.
2514 4989 2670 5056 Quod
2722 4990 2768 5045 si
2826 4989 3261 5044 orthodoxorum
3310 4998 3435 5044 sunt
3487 5001 3567 5044 eae

307 5075 494 5141 τοῦτο,
529 5079 577 5130 εί
622 5077 773 5146 παρὰ
815 5080 1113 5150 αἱρετικῶν
1181 5080 1435 5147 γίνοιντο,
1478 5081 1851 5152 συμϐάλλεται

1984 5098 2172 5155 preces
2195 5084 2398 5153 quibus
2425 5098 2512 5138 res
2533 5098 2691 5138 saera
2725 5081 3005 5153 peragitur
3034 5099 3048 5134 :
3085 5096 3377 5151 quorsum,
3405 5095 3472 5135 an
3496 5084 3566 5134 ab

309 5168 388 5221 Οὐ
421 5170 532 5240 γὰρ
583 5165 659 5229 ὡς
705 5169 735 5222 ὁ
783 5170 1018 5239 ποιήσας
1067 5171 1239 5232 αὐτὰς
1275 5170 1599 5240 φρονοῦσιν·
1655 5173 1780 5226 οὐδὲ
1813 5173 1858 5225 ὼ

1984 5173 2255 5229 haereticis
2305 5173 2410 5228 illae
2441 5175 2603 5238 (iant,
2639 5171 3025 5243 disceptatur?
3072 5172 3260 5243 Neque
3287 5173 3432 5228 enim
3473 5187 3567 5226 eas

309 5259 473 5312 αὐταὶ
518 5257 576 5308 αἱ
607 5259 781 5325 φωναὶ
813 5260 1174 5330 σημαίνουσι,
1221 5261 1604 5314 ’πιστεύουσιν⁸
1657 5263 1862 5335 ὲπείπει

1995 5265 2218 5336 perinde
2247 5277 2413 5334 atque
2445 5266 2689 5334 ipsarum
2731 5275 2922 5320 auctor
2960 5265 3271 5336 intelligunt
3320 5281 3334 5318 :
3392 5278 3569 5332 neque

308 5348 468 5402 πᾶσα
496 5348 530 5417 ἡ
561 5352 945 5420 μυσταγωγία,
966 5351 1204 5423 Χριστὸν
1233 5352 1522 5423 ἄνθρωπον
1546 5353 1763 5426 ἀληθῶς
1794 5372 1858 5422 γε

1996 5356 2050 5410 id
2084 5356 2316 5410 credunt
2342 5355 2487 5424 quod
2522 5369 2686 5409 voces
2725 5354 2858 5423 ipsa
2885 5352 3198 5422 signiﬁcant
3237 5369 3274 5405 ε»
3297 5349 3568 5418 siquidem

311 5437 576 5510 γενῆσθαι
601 5439 843 5504 δοξάζει’
870 5444 918 5496 οἱ
946 5444 1004 5496 δὲ
1045 5442 1360 5514 ἀρνοῦνται,
1388 5447 1494 5501 κᾶν
1538 5446 1764 5517 λέγωσι,
1803 5448 1862 5502 διε

1996 5446 2075 5500 rei
2122 5461 2294 5501 sacrae
2331 5445 2574 5516 peractio
2604 5445 2784 5501 omnis
2812 5443 3091 5499 Christum
3127 5442 3406 5497 hominem
3442 5453 3569 5494 vere

312 5529 375 5584 τὸ
407 5535 628 5601 φρονεῖν
658 5533 734 5605 μὴ
761 5535 1191 5600 ὲξεικονίζεσθαι
1218 5537 1402 5592 αὐτόν.

1999 5535 2200 5592 factum
2233 5537 2421 5593 statuit
2455 5555 2468 5592 :
2513 5537 2569 5592 hi
2596 5552 2724 5592 vero
2763 5544 2996 5605 negant,
3037 5533 3303 5605 quidquid
3351 5530 3567 5595 dicant,

1998 5630 2091 5701 qui
2123 5646 2243 5686 eum
2273 5631 2417 5700 pingi
2451 5645 2611 5700 posse
2641 5630 2972 5685 inticiantur.

387 5719 432 5748 ⁸⁵
460 5715 618 5772 Ιυιιιι.
657 5734 762 5785 Sll,
792 5720 882 5773 42.
