4054 6364
537 279 669 350 1191

605 393 1082 462 Quemadmodum
1125 394 1172 448 si
1205 394 1410 449 diceret
1443 392 1644 464 aliquis
1677 409 1689 446 :
1729 392 1905 447 Credo
1935 391 1988 445 in
2019 389 2117 442 Pa-
2146 389 2194 446 A

533 499 693 550 trem,
729 497 781 542 et
810 487 1033 549 Filium,
1057 479 1124 541 et
1144 487 1407 556 Spiritum
1445 495 1716 547 sanctum,
1748 483 1974 537 sentiret
2019 497 2115 535 au-

535 589 642 632 tem
659 581 896 642 Patrem,
912 586 968 631 et
981 576 1200 640 Filium,
1213 589 1266 630 et
1280 577 1541 647 Spiritum
1556 585 1801 630 sanctum
1819 589 1981 628 unam
1996 587 2116 628 esse

537 669 873 739 bypostasim
890 669 994 722 sub
1011 669 1210 738 triplici
1237 667 1484 731 nomine;
1511 669 1656 736 quod
1689 665 1789 719 fuit
1808 664 2115 734 insipientis

539 756 762 811 Sabellii
789 756 1017 826 dogma;
1049 771 1168 826 age,
1195 756 1341 809 hunc
1367 755 1660 824 quisquam
1689 762 1939 808 nostrum
1969 753 2116 807 dicat

540 847 593 899 in
631 845 958 900 Trinitatem
997 844 1258 900 credere?
1295 844 1522 898 minime
1561 857 1695 898 sane
1742 859 1757 896 :
1797 855 2114 912 quanquam

541 937 588 991 is
614 947 913 992 assereret.
947 935 1038 992 Sic
1067 937 1252 1004 igitur,
1279 950 1456 1004 neque
1491 932 1604 995 hic,
1641 942 1702 986 ut
1730 934 2007 1002 loquitur,
2039 932 2114 985 ita

539 1027 749 1090 credit,
779 1027 1032 1096 quamvis
1076 1026 1152 1079 rei
1199 1037 1370 1080 sacrae
1415 1025 1551 1078 ritus
1595 1023 1935 1078 orthodoxus
1987 1030 2114 1076 est:

541 1115 637 1170 sed
679 1116 723 1168 is
758 1115 1034 1169 incassum
1066 1114 1342 1183 loquitur,
1375 1112 1458 1168 vel
1487 1113 1667 1182 potius
1698 1112 1858 1167 ludos
1889 1112 2020 1182 agit,
2051 1124 2118 1166 ac

542 1206 824 1274 liturgiam
875 1206 1205 1260 contumelia
1255 1206 1420 1260 allicit
1471 1222 1487 1259 :
1548 1203 1994 1275 quandoquidem
2063 1211 2119 1257 et

541 1298 973 1368 praestigiatores
1028 1308 1082 1352 et
1139 1299 1511 1352 incantatores
1567 1297 1768 1352 divinis
1819 1298 2120 1350 abutuntur

457 1436 463 1443 .
543 1388 778 1442 canticis
831 1389 885 1442 in
939 1388 1337 1442 daemoniorum
1383 1387 1983 1443 sacris.Przestabilius
2032 1395 2120 1442 est

543 1491 694 1542 eum,
720 1478 812 1548 qui
844 1479 1084 1531 nondum
1117 1478 1188 1531 sit
1217 1492 1373 1532 sacro
1403 1477 1550 1532 fonte
1579 1478 1782 1532 tinctus
1810 1516 1826 1542 ,
1865 1477 1913 1532 si
1947 1477 2120 1548 bapti-

543 1577 700 1622 zator
728 1567 1068 1622 ortliodoxus
1113 1583 1219 1621 non
1267 1568 1444 1632 adsit,
1493 1583 1524 1622 a
1571 1571 1880 1633 monacho;
1924 1577 2019 1622 aut
2071 1568 2119 1622 si

543 1659 694 1714 desit‘
729 1659 816 1714 ille
842 1699 858 1723 ,
905 1673 936 1713 a
979 1659 1119 1714 laico
1155 1658 1416 1728 baptizari
1446 1697 1462 1722 ,
1503 1659 1717 1714 dicente
1747 1675 1762 1712 :
1805 1658 2120 1728 Baptizatur

1743 283 1805 342 S.
1843 275 2240 341 THEODORI
2281 272 2632 350 ΞΤΙΙΒΙἸῙΧΕ

3682 255 3816 322 1192

2300 384 2388 445 Ὠς
2417 381 2484 434 ἂν
2513 382 2560 434 εἰ
2588 379 2681 432 καὶ
2712 378 2888 446 λέγων
2918 395 3004 441 τις
3025 393 3039 408 °
3075 376 3326 431 Πιστεύω
3358 376 3438 439 el;
3467 373 3704 441 Πατέρα
3721 370 3813 421 καὶ

2217 474 2347 526 Υίὺν
2377 473 2471 525 καὶ
2493 471 2647 539 άγιον
2680 469 2907 539 Πνεῦμα
2929 487 2943 500 '
2977 468 3194 540 φρονῶν
3227 469 3287 522 δέ
3310 467 3394 521 ὅτι
3421 467 3453 519 ὁ
3482 461 3690 532 Πατὴρ
3721 459 3816 510 καί

2214 567 2244 619 ὁ
2274 563 2404 627 Υίδς
2437 562 2532 616 καὶ
2588 561 2649 614 τὸ
2699 562 2857 630 ἆγιον
2908 560 3134 630 Πνεῦμα
3192 559 3293 630 μία
3333 554 3649 615 ὑπόστασις
3699 552 3816 602 ἐστι

2215 657 2524 728 τριώνυμος
2560 673 2576 687 ο
2624 654 2765 726 ὅπερ
2817 654 3058 725 ὑπάρχει
3124 653 3304 724 δόγμα
3362 648 3670 705 Σαϐελλίου
3721 642 3815 696 τυῦ

2219 746 2620 818 ματαιόφρονος
2641 761 2655 774 ·
2696 743 2750 796 τί
2797 741 2929 808 οὒνς
2973 742 3222 812 εἴπωμεν
3269 740 3364 794 τὸν
3413 737 3674 793 τοιοῦτον
3723 750 3816 784 πι-

2217 837 2429 891 στεύειν
2461 837 2541 900 είς
2564 833 2808 906 Τριάδας
2845 833 3098 903 οὐδαμῶς
3117 849 3132 865 ⁸
3157 831 3263 886 κᾶν
3292 830 3450 901 λέγῃ.
3474 828 3674 889 Οὕτως
3697 819 3812 885 οὖν.

2214 929 2338 984 οὐδὲ
2367 926 2603 981 ἐνταῦθα
2652 925 2902 980 πιστεύει
2948 925 3028 988 ὠς
3070 924 3258 993 λέγει’
3305 921 3410 976 κᾶν
3439 917 3739 992 ὀρθόδοξος
3782 917 3818 984 ἡ

2220 1019 2582 1094 μυσταγωγία
2605 1031 2623 1049 ⁸
2676 1019 2794 1073 ἀλλ’
2855 1018 3188 1085 είκαιολογεῖ
3241 1018 3270 1071 ὁ
3337 1013 3586 1076 τοιοῦτος
3645 1009 3812 1082 [εἶρε.

2217 1115 2337 1171 cod.
2385 1111 2707 1183 ἑκάτερος]⁹
2743 1112 2945 1183 μᾶλλον
2992 1111 3051 1166 δὲ
3086 1109 3363 1180 ἐνυϐρίζει
3432 1105 3662 1168 παίζων
3713 1102 3814 1172 τὴν

2216 1205 2558 1275 λειτουργίαν
2579 1219 2592 1232 ·
2628 1204 2752 1257 ἐπεὶ
2778 1203 2873 1256 καί
2915 1203 3113 1273 γόητες
3145 1199 3239 1254 καὶ
3284 1197 3536 1253 ἐπαοιδοὶ
3559 1193 3814 1266 χρῶνται

2218 1295 2393 1358 θείαις
2441 1293 2608 1364 ᾠδαῖς
2657 1295 2715 1348 ἐν
2760 1294 2875 1356 τοῖς
2909 1289 3312 1362 δαιμονιὼδεσι.
3382 1286 3672 1357 Συμφὲρει
3721 1281 3815 1334 τὸν

2226 1386 2584 1450 ἀϐάπτιστον,
2612 1385 2662 1438 εί
2726 1383 2803 1454 μὴ
2841 1382 3149 1454 εὑρίσκοιτο
3198 1376 3482 1449 ὁρθῶοξος
3527 1376 3556 1428 ὁ
3613 1371 3816 1444 βαπτίο

2222 1479 2353 1544 ζων,
2388 1475 2494 1529 ὑπὸ
2544 1474 2801 1544 μοναχοῦ,
2844 1473 2902 1544 ἢ,
2959 1472 3055 1525 καὶ
3109 1469 3302 1524 τούτου
3351 1467 3427 1540 μὴ
3487 1465 3672 1526 ὄντος,
3705 1461 3816 1514 ὑπὸ

2219 1568 2409 1624 λαῖκοῦ
2445 1565 2834 1637 βαπτισθῆναι,
2863 1561 3152 1632 λέγοντοςο
3181 1558 3519 1622 Βαπτίζεται
3572 1556 3605 1608 ὁ
3658 1551 3814 1606 δεῖνα

2226 1663 2306 1725 εἰς
2327 1660 2390 1713 τὸ
2416 1660 2587 1730 ὄνομα
2604 1655 2698 1712 τοῦ
2731 1654 2949 1727 Πατρὸς
2976 1654 3071 1708 καὶ
3097 1651 3192 1706 τοῦ
3222 1647 3355 1705 Υίοῦ
3381 1648 3474 1701 καὶ
3518 1644 3617 1698 τοῦ
3651 1642 3811 1711 ἁγίου

543 1749 672 1804 talis
702 1749 754 1802 in
788 1719 1006 1803 nomine
1031 1719 1240 1813 Patris,
1263 1757 1318 1804 et
1353 1719 1500 1813 Filii,
1527 1758 1582 1804 et
1622 1749 1862 1820 Spiritus
1883 1719 2074 1805 sancti
2102 1767 2118 1815 ;

2229 1719 2571 1824 Πνεύματοξο
2627 1749 2660 1820 ἦ
2711 1719 3018 1817 άῳὼτιστον
3051 1743 3392 1814 ἐκδημῆσαι·
3446 1739 3544 1793 καὶ
3574 1733 3808 1804 άληθῶς

541 1852 707 1907 quam
754 1838 952 1894 lavacri
999 1849 1276 1909 expertem
1321 1855 1353 1895 e
1400 1841 1508 1896 vita
1557 1841 1751 1896 abire:
1785 1850 1839 1895 et
1883 1841 1971 1896 ille
1996 1856 2121 1896 vere

545 1929 857 2000 baptizatus
887 1939 991 1986 est.
1036 1929 1112 1984 Ex
1149 1931 1476 1986 necessitate
1512 1931 1656 1986 enim
1696 1931 1754 1986 fit
1789 1931 1924 2002 legis
1961 1945 2119 1987 com-

541 2021 776 2076 mutatio
804 2038 819 2088 ;
859 2023 936 2077 uti
966 2023 1095 2078 olim
1131 2021 1336 2076 laetum
1361 2029 1417 2076 et
1443 2024 1804 2076 constitutum
1835 2031 1940 2078 est.

917 2132 1086 2189 XXV.
1111 2164 1182 2174 —
1206 2132 1366 2189 Petro
1399 2130 1597 2187 Nicone
1634 2132 1732 2202 (l).

2227 1843 2550 1913 ἐϐαπτίσθη.
2593 1839 2685 1905 Ἐξ
2713 1839 2967 1908 ἀνάγκης
2997 1836 3106 1906 γὰρ
3141 1834 3237 1888 καὶ
3262 1833 3433 1904 νόμου
3472 1827 3809 1903 μετάθεσις·

2227 1935 2304 1999 ὡς
2331 1934 2525 2003 γέγονε
2559 1931 2731 1985 πάλαι
2753 1929 2849 1983 καὶ
2882 1926 3285 1982 ἀποδέδεικται.

2577 2135 2709 2188 KE'.
2736 2163 2804 2174 --
2837 2131 3036 2201 Πέτρῳ
3055 2129 3323 2196 Νικαίας,
3351 2122 3554 2200 [σμβ’.1

1304 2222 1382 2274 De
1409 2223 1753 2274 haereticorum
1778 2225 1971 2274 vitanda
2002 2225 2368 2275 communione.
2397 2225 2596 2289 (Baron.
2620 2239 2703 2273 an.
2731 2223 2843 2282 816,
2874 2237 2925 2272 n.
2955 2221 3058 2284 46.)

609 2307 800 2362 Sciens
835 2306 928 2360 tibi
964 2307 1114 2362 cordi
1155 2321 1279 2362 esse
1305 2346 1320 2373 ,
1373 2318 1434 2360 ut
1469 2316 1683 2370 tecum,
1731 2323 1890 2362 sacro
1939 2309 2118 2377 capite

543 2411 685 2461 meo,
721 2397 874 2450 nihili
905 2397 1069 2450 homo
1101 2397 1332 2466 loquar;
1371 2397 1578 2452 amoris
1607 2413 1760 2464 ergo,
1793 2413 1900 2452 non
1937 2413 2118 2454 neces-

541 2487 720 2541 sitatis
763 2502 966 2550 causa,
1009 2481 1418 2556 nuuc'loquor.
1473 2485 1539 2542 Et
1585 2487 1804 2557 quidem
1837 2487 1950 2557 jam
1991 2496 2116 2542 ante

2287 2308 2456 2372 Εξδὼς
2487 2311 2574 2363 ὅτι
2621 2307 2794 2377 φιλεῖς
2818 2301 3155 2376 φθέγγεσθαί
3190 2318 3259 2372 με
3285 2298 3378 2354 τδν
3401 2296 3615 2359 οὐδενὸς
3653 2293 3804 2359 ἄξιον

2222 2401 2359 2472 πρὸς
2393 2400 2453 2452 σὲ
2496 2399 2596 2470 τὴν
2631 2399 2784 2468 ίεράν
2818 2414 2920 2467 μου
2967 2392 3211 2463 κεφαλήν
3235 2408 3250 2423 ·
3286 2388 3470 2460 φιλίας
3515 2386 3713 2458 χάριν,
3741 2385 3802 2437 οὐ

2219 2494 2412 2564 χρείας
2447 2493 2610 2545 ἓνεκα
2638 2491 2740 2562 ήδη
2767 2489 3080 2558 φθέγγομαι
3102 2501 3117 2516 ο
3153 2482 3420 2552 φαίνομαι
3446 2480 3506 2533 δὲ
3537 2480 3635 2533 καὶ
3665 2493 3800 2546 προ⁴

543 2576 760 2631 locutus
782 2592 876 2646 per
901 2577 1130 2631 alteram
1161 2577 1445 2647 epistolam
1477 2578 1704 2634 videor:
1736 2594 1898 2648 quam
1931 2587 2114 2633 utrum

2223 2584 2595 2654 φθεγξάμενος
2617 2581 2686 2635 δι’
2711 2581 2912 2650 ἐτέρας
2939 2576 3231 2646 ἐπιπολῆς
3253 2591 3269 2606 ο
3294 2573 3363 2646 ἢν
3392 2573 3441 2625 εί
3458 2569 3680 2635 ἐδέξατο
3703 2568 3802 2620 οὐκ

543 2670 825 2738 acceperis
881 2669 1088 2722 nescio.
1139 2668 1199 2723 In
1254 2678 1486 2738 utraque
1547 2677 1728 2724 autem
1779 2671 1966 2724 eadem
2009 2686 2114 2725 vox

546 2763 680 2816 "mihi
706 2802 720 2825 ,
753 2769 812 2816 ut
840 2776 1070 2831 corpore
1091 2762 1295 2828 valeas,
1339 2763 1412 2816 mi
1443 2762 1600 2818 Pater
1622 2804 1640 2831 ,
1671 2764 1888 2818 firmum
1916 2764 2118 2819 verita-

546 2855 618 2910 tis
672 2851 1090 2907 fundamentum
1141 2853 1208 2908 ad
1259 2855 1556 2908 multorum
1611 2855 2006 2920 stabilitatem,
2052 2855 2118 2909 ad

545 2940 670 2996 ﬁdei
704 2940 1045 3009 signaculum
1077 2980 1093 3005 ,
1147 2941 1214 2996 ad
1254 2941 1467 2997 laudem
1505 2943 1748 3010 Christi,
1791 2944 1857 2999 ad
1890 2946 2119 3015 gloriam

549 3031 820 3086 universae
849 3030 1109 3087 Ecclesiae
1135 3051 1150 3087 :
1189 3033 1449 3101 quoniam
1481 3037 1816 3105 conspicuus
1847 3045 1901 3090 tu
1932 3039 2123 3092 oculus

2218 2677 2543 2746 ἐπίσταμχι.
2610 2674 2700 2726 Ἐν
2751 2668 2846 2726 οὖν
2893 2669 3236 2742 αμψοτέραις
3275 2659 3357 2728 εἷς
3394 2681 3487 2734 μοι
3532 2663 3562 2714 ὁ
3619 2659 3799 2726 λόγος,

2223 2764 2491 2833 ὑγιαίνειν
2521 2779 2579 2816 σε
2612 2762 2690 2832 τῷ
2713 2763 2929 2832 σώματι
2962 2759 3052 2812 τὸν
3093 2757 3229 2828 ἐμὸν
3268 2755 3511 2824 Πατέρα,
3545 2751 3636 2804 τὸν
3681 2765 3800 2800 στε-

2227 2859 2350 2930 ρεὸν
2388 2856 2638 2926 θεμέλιον
2675 2855 2774 2924 τῆς
2815 2850 3096 2923 ἀληθείας,
3143 2849 3224 2911 είς
3272 2847 3523 2918 ἓδρασμα
3569 2839 3798 2901 πολλῶν,

2226 2950 2305 3012 είς
2363 2948 2634 3020 σφραγῖδα
2681 2947 2938 3008 πίστεως,
2996 2945 3077 3005 είς
3133 2940 3353 2994 ἔπαινον
3399 2934 3668 3006 Χριστοῦ,
3722 2932 3795 2992 είς

2228 3039 2388 3102 κλέος
2427 3041 2527 3109 τῆς
2564 3039 2693 3107 ὅλης
2759 3032 3116 3096 Ἐκκλησίας’
3148 3028 3338 3100 ἐπειδὴ
3363 3025 3676 3097 περιφανὴς
3740 3021 3798 3073 σὺ

546 3139 659 3195 prae
681 3123 914 3191 caeteris,
941 3123 1151 3179 Orienti
1178 3132 1232 3178 et
1263 3123 1543 3180 Occidenti
1572 3135 1754 3192 notus,
1789 3127 1994 3182 habens
2018 3143 2122 3182 una

2224 3129 2500 3200 ὀφθαλμὸς
2548 3128 2702 3200 παρὰ
2743 3127 2871 3190 τοὺς
2925 3125 3144 3189 ἄλλους,
3187 3118 3451 3189 Ἀνατολῇ
3487 3116 3585 3169 καὶ
3641 3112 3798 3166 Δύσει

547 3235 676 3275 cum
728 3220 834 3274 vita
877 3231 1107 3284 sancta,
1164 3218 1480 3275 facultatem
1529 3222 1800 3278 sermonis
1828 3221 2126 3277 'eximiam.

551 3307 705 3364 Unde
732 3320 786 3362 et
816 3308 1242 3378 imperatoribus
1271 3309 1470 3364 charos
1501 3309 1678 3364 factus
1711 3325 1771 3365 es
1794 3351 1810 3376 ,
1843 3320 1898 3364 et
1927 3311 2130 3380 princi-

551 3402 716 3474 piLus
751 3402 1004 3456 amabilis
1031 3442 1047 3468 ,
1090 3411 1145 3456 et
1183 3403 1471 3458 monachis
1518 3403 1810 3458 laudabilis
1835 3445 1850 3470 ,
1897 3403 2132 3474 propria:

548 3507 682 3548 vero
711 3491 974 3546 Ecclesia
997 3491 1127 3560 quid
1153 3491 1336 3547 dicere
1367 3507 1507 3563 opus
1529 3495 1652 3549 est?
1679 3510 1802 3550 cum
1835 3495 2051 3549 beatum
2081 3503 2132 3549 te

550 3580 850 3650 praedicet,
901 3587 950 3633 te
983 3589 1253 3650 exspetat,
1307 3590 1578 3650 ametque
1606 3581 1677 3636 ob
1727 3582 1960 3652 plurima
2009 3597 2132 3652 quae

548 3671 777 3740 patrasti
798 3670 1010 3742 egregia
1041 3671 1306 3735 facinora,
1327 3681 1386 3726 ut
1416 3671 1655 3728 infantes
1670 3673 1838 3727 ubera
1858 3685 2128 3743 materna,

549 3768 613 3814 ut
638 3760 772 3830 pulli
802 3761 1092 3825 nutricem,
1126 3769 1186 3814 ut
1215 3761 1339 3832 agni
1371 3777 1561 3816 verum
1593 3772 1892 3833 pastorem.
1924 3762 2131 3829 Quidni

549 3850 784 3906 autem?
833 3865 957 3906 cum
1003 3851 1232 3908 auribus
1273 3852 1588 3908 insonantia
1629 3853 1868 3909 habeant
1913 3855 2129 3909 vivilica

549 3944 714 3998 verba
754 3952 847 3997 tua
881 3960 896 4010 ;
938 3958 1049 4012 pra:
1085 3945 1262 3998 oculis
1295 3955 1478 4000 erecta
1531 3959 1628 4016 per
1669 3954 1721 4001 te
1766 3944 1860 4001 Dei
1907 3946 2126 4015 templa.

546 4033 793 4091 Necdum
849 4035 974 4091 dico
1025 4036 1500 4107 eleemosynarum
1553 4037 1777 4108 copias,
1823 4048 1878 4092 et
1919 4039 2129 4107 reliqua

547 4140 719 4195 opera
749 4136 962 4181 sancta.
995 4115 1263 4182 Nec‘vero
1295 4129 1562 4182 arbitrere
1593 4143 1678 4183 me
1715 4129 1972 4184 amicitia:
2005 4144 2130 4199 gra-

2227 3219 2662 3291 γνωριζόμενος·
2699 3217 2839 3289 ἔχων
2887 3218 3024 3288 μετὰ
3057 3216 3152 3271 τοῦ
3192 3213 3340 3287 ίεροῦ
3397 3213 3514 3284 βίου
3567 3209 3663 3264 καὶ
3716 3208 3800 3261 τὸν

2228 3311 2386 3380 λόγον
2453 3311 2771 3365 πολλοστόν.
2833 3310 2926 3375 Ἐξ
2963 3303 3025 3364 οὗ
3085 3309 3185 3362 καὶ
3241 3304 3522 3377 βασιλεῦσι
3573 3301 3800 3370 γέγονας

2230 3402 2491 3472 φιλητὸς,
2569 3403 2663 3455 καὶ
2706 3401 2966 3472 ἄρχουσιν
3030 3399 3293 3472 ἐραστδς,
3346 3395 3444 3452 καὶ
3503 3393 3797 3466 μονασταίς

2231 3494 2550 3557 ἐπαινετὸς·
2601 3495 2668 3564 τῇ
2715 3493 2775 3547 δέ
2819 3493 2999 3564 οἰκείᾳ
3040 3490 3345 3562 Ἐκκλησία
3377 3489 3432 3542 τί
3459 3489 3541 3540 δεῖ
3574 3485 3670 3538 καὶ
3717 3483 3798 3536 λέο

2229 3601 2384 3654 γεινς
2441 3585 2824 3657 μακαριζούσῃ
2856 3601 2917 3638 σε
2948 3584 3053 3652 καις
3077 3581 3441 3652 ἐπιποθούσῃ,
3471 3579 3541 3633 δι’
3565 3577 3604 3631 ἃ
3647 3575 3800 3645 ἐδρα-

2231 3695 2328 3741 σας
2373 3677 2600 3731 πλείστα
2660 3677 2745 3731 ὅτι
2815 3677 3052 3747 μάλιστα
3098 3673 3526 3747 κατορθώματα,
3571 3671 3650 3732 ὡς
3704 3671 3798 3738 νή-

2231 3785 2332 3822 πια
2399 3770 2526 3834 τοὺς
2587 3771 2892 3842 μητρικοὺς
2955 3767 3196 3840 μαζοὺς,
3275 3766 3354 3830 ὡς
3423 3763 3632 3818 νεοττῖοὶ
3707 3761 3802 3829 τὴν

2229 3861 2448 3932 τροφὸν,
2497 3862 2574 3925 ὡς
2620 3862 2784 3933 ἄρνες
2819 3861 2912 3914 τὸν
2947 3861 3170 3931 άληθῶς
3201 3858 3476 3930 ξποιμένα.
3529 3856 3645 3910 Καὶ
3690 3852 3803 3913 πῶς

2232 3951 2341 4020 γὰρ
2372 3951 2434 4005 οὗ
2453 3969 2468 4015 ;
2490 3952 2691 4006 ἔναυλα
2721 3951 2935 4022 ἔχοντες
2952 3951 3023 4004 τά
3048 3950 3242 4020 ζωηρά
3267 3967 3363 4002 σου
3395 3949 3640 4019 ῥήματα,
3683 3942 3800 3996 κατ’

2229 4041 2543 4112 ὀφθαλμοὺς
2584 4041 2872 4112 βλέποντες
2914 4044 3043 4105 τοὺς
3092 4041 3199 4094 ὑπὸ
3251 4039 3346 4093 σοῦ
3397 4035 3800 4109 ἁνορθωθέντας

2230 4135 2392 4194 ναοὺς
2419 4133 2578 4189 Θεοῦ.
2598 4135 2709 4188 Καὶ
2739 4132 2894 4188 οὔπω
2916 4133 3060 4202 λέγω
3089 4132 3152 4186 τὸ
3177 4130 3402 4202 δαψιλὲς
3433 4131 3538 4198 ’τῆς
3575 4129 3801 4195 ἐλεημοο

547 4217 769 4272 titicari.
803 4216 938 4271 Nam
971 4218 1070 4272 etsi
1107 4218 1284 4274 oculis
1311 4236 1416 4273 non
1452 4220 1735 4289 usurpavi,
1771 4221 1954 4274 audivi
1986 4221 2123 4276 nihi-

2233 4225 2420 4295 σύνης,
2463 4225 2558 4278 καὶ
2605 4225 2675 4279 τὰ
2710 4225 2874 4279 λοιπὰ
2919 4224 3226 4292 ὀσιὼματα.
3295 4221 3406 4275 Καὶ
3456 4221 3532 4292 μὴ
3595 4217 3799 4282 δόξειας

547 4307 792 4364 lomiuus
841 4323 909 4362 ex
961 4307 1030 4362 iis
1077 4309 1172 4378 qui
1208 4309 1477 4364 viderant.
1521 4309 1676 4376 Quod
1721 4313 1766 4365 si
1823 4327 1970 4366 nunc
2016 4312 2123 4368 hzec

2231 4315 2384 4386 φιλίᾳ
2407 4332 2476 4386 με
2505 4315 2846 4387 χαρίζεσθαι.
2874 4317 2937 4369 El.
2965 4314 3074 4385 γὰρ
3097 4315 3194 4368 καὶ
3235 4313 3311 4384 μὴ
3341 4311 3461 4381 ὕψει
3495 4309 3795 4368 ὑπέλαϐον,

545 4408 780 4470 occupat
811 4399 1087 4469 piaculum
1115 4440 1131 4465 ,
1177 4416 1305 4456 vere
1351 4402 1536 4458 luscus
1586 4403 1675 4456 ille
1704 4409 1760 4457 et
1793 4405 2035 4458 externis
2071 4414 2123 4459 et

2231 4406 2347 4462 ἀλλ’
2378 4407 2528 4476 ὅμως
2577 4407 2847 4478 κατήκοος
2881 4406 3152 4478 ἐγενόμην
3205 4403 3359 4476 παρὰ
3399 4402 3511 4455 τῶν
3563 4400 3794 4454 εἰδότων.

548 4491 783 4547 internis
814 4491 1025 4547 oculis:
1071 4507 1138 4546 ne
1167 4493 1538 4558 contristeris,
1569 4493 1755 4559 beate,
1783 4509 1960 4564 neque
1989 4495 2123 4549 adeo

2231 4499 2294 4552 Εί
2319 4498 2377 4552 δὲ
2396 4498 2479 4552 ὅτι
2516 4497 2613 4552 νῦν
2658 4499 2922 4570 κάθαρμα
2959 4500 2988 4552 ὁ
3028 4498 3104 4561 ὡς
3143 4496 3358 4568 άληθῶς
3396 4491 3796 4565 ἑτερόφθαλμος

547 4582 786 4638 mireris.
835 4583 1079 4653 Apostoli
1110 4584 1163 4638 in
1192 4585 1479 4640 cmnaculo
1511 4595 1705 4651 erant,
1752 4595 1807 4640 et
1835 4587 2123 4642 celeberri-

2227 4591 2458 4652 καὶτοῖς
2481 4587 2587 4653 ἔξω
2609 4589 2705 4642 καὶ
2733 4591 2846 4652 τοῖς
2884 4589 3034 4642 ἔνδον
3067 4587 3282 4659 δμμασι
3322 4584 3546 4654 κατέχει
3591 4581 3790 4642 ταῦτα,

516 4749 518 4751 γ
547 4691 699 4730 mum
735 4677 1000 4745 templum
1052 4676 1281 4732 deicidan
1335 4677 1698 4746 occupabant.
1731 4677 1943 4744 iEadem
1979 4693 2122 4735 nunc

2228 4680 2306 4751 μὴ
2337 4677 2532 4743 λυποῦ,
2561 4671 2606 4730 ὦ
2635 4677 2820 4749 μάκαρ
2839 4694 2854 4710 ο
2886 4681 3024 4749 μήτε
3059 4677 3167 4749 μὴν
3208 4677 3522 4746 θαυμάσῃς.
3574 4674 3639 4727 οι
3659 4669 3793 4736 Δἀπεί-

548 4767 1043 4825 lconomachorum
1097 4770 1279 4836 ratio,
1337 4778 1392 4825 et
1446 4768 1670 4824 Judaica
1722 4770 2118 4824 sentientium:

2227 4769 2408 4824 στολοι
2431 4771 2487 4822 ἐν
2510 4768 2588 4840 τῷ
2609 4768 2846 4842 ὑπερῴῳ
2873 4767 3038 4840 ἦσαν,
3063 4771 3163 4824 καὶ
3194 4770 3288 4823 τὸν
3323 4767 3658 4840 περιβόητον
3680 4764 3794 4817 ναὸν

547 4872 689 4928 quos
717 4870 998 4915 convertat
1038 4861 1301 4918 Dominus
1325 4901 1344 4928 ,
1395 4870 1450 4916 et
1479 4860 1754 4916 custodiat
1799 4869 1849 4916 te
1895 4875 1994 4930 pro
2035 4875 2122 4916 me

2225 4865 2274 4916 οί
2301 4861 2576 4916 θεοκτόνοι
2604 4863 3066 4932 περιελάμϐανον.
3089 4861 3330 4916 Τοιαῦτα
3363 4861 3464 4914 καὶ
3493 4863 3561 4912 τὰ
3583 4857 3690 4910 τῶν
3713 4855 3793 4907 El-

549 4961 799 5007 oranlcm
835 4951 945 5006 filio
978 4961 1091 5006 tuo.

2229 4950 2550 5022 κονομάχων
2601 4951 2698 5005 καὶ
2754 4953 3195 5023 Ἰουδαιοφρόνων
3239 4951 3356 5004 νῦν.
3399 4949 3506 5015 Οὓς
3555 4945 3794 5018 ἐπιστρέ·

549 5041 702 5110 ψειεν
730 5044 756 5095 ὀ
781 5043 1004 5110 Κύριος,
1032 5045 1128 5097 καὶ
1156 5045 1215 5097 σὲ
1247 5043 1638 5114 περιφυλάξειε
1679 5044 2120 5114 προσευχόμενον
2153 5045 2282 5116 περὶ
2303 5042 2440 5112 ἐμοῦ
2469 5041 2564 5094 τοῦ
2601 5042 2694 5094 σοῦ
2728 5043 2943 5096 τέκνου.

795 5151 981 5207 XXVI.
1016 5182 1083 5194 —
1114 5151 1497 5224 Theophylacto
1528 5154 1874 5210 Nicomediw.

2475 5151 3100 5222 Κίῗ¹.-Θεοςρυλάκτῳ
3117 5152 3534 5223 Νικομηδείας.
3611 5141 3788 5223 ίσμγ’.]

1527 5247 1604 5298 De
1639 5248 1822 5297 sanctis
1853 5245 2166 5309 imaginibus.
2195 5247 2393 5312 (Baron.
2429 5262 2509 5298 an.
2529 5244 2640 5306 816,
2677 5258 2725 5294 n.
2747 5244 2854 5308 39.)

616 5347 872 5406 Jamdum
918 5334 1171 5418 optabam
1205 5347 1521 5404 beatitudini
1571 5360 1676 5406 tute
1716 5350 1953 5406 scribere
1989 5370 2001 5406 :
2035 5353 2123 5406 sed

2313 5354 2486 5408 Πάλαι
2528 5347 2838 5418 ἐπεθύμουν
2884 5349 3185 5402 ἐπιστεῖλαι
3209 5352 3275 5420 τῇ
3305 5346 3663 5420 μακαριότητί
3701 5361 3782 5398 σου

547 5442 723 5501 defuit
736 5443 869 5498 mihi
885 5439 1074 5496 humili
1094 5437 1248 5510 copia
1267 5437 1552 5495 tabellarii.
1571 5439 1726 5496 Nunc
1745 5439 1838 5496 Dei
1857 5441 2123 5498 voluntate

2239 5447 2336 5498 καὶ
2361 5443 2459 5497 οὐκ
2505 5436 2783 5507 ἐξεγένετό
2811 5454 2903 5506 μοι
2927 5436 3005 5508 τῷ
3028 5439 3267 5510 ταπεινῷ
3305 5437 3510 5510 ἀπορίᾳ
3538 5451 3777 5508 γραμμ-

627 5673 708 5746 (l)
741 5670 916 5746 Huius
942 5672 1089 5733 Petri
1117 5673 1365 5748 episcopi
1401 5674 1704 5734 honoriﬁca
1733 5676 1935 5734 mentio
1956 5686 2039 5734 est
2071 5583 2374 5734 $233.5.
2411 5674 2622 5734 Nicette
2645 5678 2791 5749 apud
2822 5676 3044 5735 Surium
3071 5677 3106 5732 5
3138 5673 3354 5745 Aprilis.
