4054 6364
245 291 388 360 119.3

1435 296 1974 372 EPISTOLARUM
2021 305 2164 372 LIB.
2228 315 2312 373 ll.

3374 305 3514 379 1194

242 406 484 479 eqs-.6900
511 409 525 437 λ
551 405 648 462 νῦν
676 401 735 464 δέ
795 407 1018 486 εὐδοκία
1047 409 1184 469 Θεοῦ
1255 417 1558 490 ἐπιτυχὼν,
1599 423 1693 476 τὸν
1724 424 1818 476 πόα

1940 435 2140 489 iactus,
2169 425 2362 493 explet)
2390 421 2722 479 desiderium
2755 437 2961 487 meum,
2989 421 3136 492 quod
3159 437 3289 494 erga
3316 431 3367 479 te
3400 423 3527 493 jure

248 499 344 555 Θον
377 517 480 572 μου
510 501 840 576 ἀποπληρῶ,
875 505 935 559 ὃν
965 507 1194 573 είκότως
1227 511 1315 564 ἐπ’
1345 513 1486 584 αὐτῇ
1508 513 1786 586 κέκτημαι
1805 534 1821 549 ·

245 594 309 646 οὐ
343 593 506 666 μόνον
554 594 645 650 διὰ
677 596 779 668 τὴν
809 599 868 651 ἐν
897 599 1090 671 Κυρίῳ
1147 601 1444 674 ὁμολογίαν
1471 622 1487 638 ⁸
1549 606 1686 661 ἀλλὰ
1717 610 1828 681 γάρ

245 685 342 740 καὶ
374 685 521 750 ίδίως
545 686 635 742 διὰ
659 689 762 761 τὴν
787 689 1066 762 ἐξαίρετόν
1108 711 1204 748 σου
1235 695 1388 766 παρὰ
1421 699 1551 762 τοὺς
1591 699 1826 765 πολλοὺς

244 777 604 850 ίδιοτροπίαν,
635 780 698 835 τὸ
730 783 1022 854 μειλίχιον,
1061 786 1124 840 τὸ
1177 787 1408 855 ἁπλοῦν,
1459 791 1522 844 τὸ
1579 793 1826 863 ἐπίχαρι,

237 869 304 924 τὸ
328 870 503 940 γλυκὺ
536 873 596 926 ἐν
619 876 744 938 ταῖς
771 875 1036 947 ὁμιλίαις,
1067 878 1130 934 τὸ
1160 879 1578 954 εὐπροσήγορον
1619 885 1676 940 ἐν
1705 888 1830 949 ταῖς

238 963 538 1030 ἐντεύξεσι,
572 969 636 1020 τὸ
660 967 789 1040 περὶ
816 969 997 1024 πάντα
1021 971 1367 1046 ἀγαθοεργές
1386 991 1404 1009 ο
1427 976 1522 1045 ἀφ’
1552 969 1629 1032 ὧν
1663 979 1692 1032 ὁ
1715 979 1831 1050 ςτῆς

243 1056 401 1129 ἱερᾶς
431 1071 526 1112 σου
565 1057 748 1131 ψυχῆς
776 1064 1091 1137 χαρακτὴρ,
1140 1066 1239 1122 καὶ
1277 1070 1352 1142 μὴ
1384 1069 1682 1144 ὁρώμενος,
1739 1092 1834 1128 τε·

243 1149 523 1224 θεώρηται
556 1153 902 1226 ὡραῖσμένος
932 1161 998 1230 τῇ
1034 1162 1284 1236 ποικιλίᾳ
1307 1165 1420 1219 τῶν
1438 1167 1671 1238 ἀρετῶν.
1718 1170 1832 1224 Ἀ).-

238 1242 314 1298 λὰ
347 1243 480 1316 περὶ
509 1245 662 1301 τοῦδε
692 1247 794 1318 μὲν
826 1251 1031 1316 ίκανῶς
1061 1295 1078 1318 ,
1103 1253 1188 1330 ὅτι
1221 1256 1361 1326 μηδέ
1406 1257 1602 1328 καιρὸς
1653 1261 1832 1330 ἐγκω-

247 1334 415 1406 μίωνι
448 1335 515 1390 Τί
540 1337 599 1391 δέ
627 1354 712 1393 σοι
743 1333 950 1406 ὦπται,
978 1336 1024 1397 ὧ
1048 1345 1261 1420 μάκαρ,
1290 1347 1363 1402 τὰ
1395 1350 1676 1421 παρόντα;
1715 1352 1832 1406 ἀλλ’

241 1426 370 1498 οὐχὶ
423 1430 622 1501 μικροῦ
679 1431 790 1486 δεῖν
854 1433 1213 1507 Ἰουδαῖσμὸς,
1261 1435 1384 1510 ῆτοι
1438 1441 1830 1514 Ἑλληνισμὸς;

256 1517 538 1592 ’Δφῃρέθη
560 1522 589 1575 ὁ
609 1523 814 1596 κόσμος
831 1525 932 1597 τῆς
960 1527 1360 1603 Ἐκκλησίας,ὴ
1384 1529 1507 1602 ὄψις
1529 1534 1641 1589 τῶν
1673 1535 1836 1606 ἱερῶν

244 1610 398 1665 ναῶν
436 1613 574 1684 πυρὶ
599 1615 879 1689 παρεδόθη
914 1618 982 1674 τὰ
1017 1620 1150 1689 άγια
1181 1639 1196 1653 ·
1225 1623 1356 1679 ἄλλο
1388 1643 1442 1679 τι
1473 1626 1662 1697 σχῆμα
1696 1645 1837 1697 γνω-

250 1701 466 1773 ρίζεται
508 1701 578 1758 ’ἐν
609 1707 692 1777 τῷ
722 1709 1145 1785 Χριστιανισμῷ
1187 1731 1202 1745 ·
1235 1716 1352 1786 είγε
1379 1717 1464 1771 δεῖ
1513 1717 1834 1791 Χριστιανι·

1927 518 2169 587 suscepi,
2207 533 2314 572 non
2345 519 2524 573 solum
2555 517 2626 572 ob
2653 526 2804 572 tuam
2859 516 2912 571 in
2944 514 3184 570 Domino
3219 515 3524 572 confessio-

1926 627 2074 680 nem,
2106 611 2203 668 sed
2235 611 2581 682 peculiariter
2615 608 2780 665 etiam
2811 607 2884 662 ob
2907 608 3160 678 egregios
3185 622 3296 676 prae
3329 608 3523 664 multis

1927 720 2109 761 mores
2129 712 2276 769 tuos,
2300 703 2648 765 suavitatem,
2677 700 2992 767 candorem,
3025 700 3280 770 gratiam,
3307 709 3363 754 et
3384 700 3524 755 mele

1927 795 2081 852 litam
2131 796 2624 860 conversationem,
2678 792 3053 849 all‘abilitatem
3120 793 3175 848 in
3211 791 3525 864 con-gressi-

1929 890 2066 955 bus,
2114 897 2170 944 et
2217 903 2386 959 supra
2442 886 2630 942 omnia
2685 887 3116 943 beneficentiam
3151 903 3166 940 :
3198 899 3268 942 ex
3325 885 3532 956 quibus

1929 994 2102 1037 sacra:
2148 979 2348 1035 animae
2402 987 2509 1034 tua:
2564 979 2870 1043 character,
2919 977 3020 1032 etsi
3070 992 3180 1032 non
3229 977 3530 1048 inspectus,

1929 1081 2161 1128 ornatus
2212 1073 2368 1128 visus
2409 1082 2494 1127 est
2538 1071 2804 1127 virtutum
2843 1073 3128 1126 varietate.
3179 1070 3288 1127 Sed
3317 1071 3386 1127 de
3428 1071 3532 1128 hac

1932 1179 1994 1219 re
2035 1165 2170 1222 satis
2206 1185 2220 1221 :
2253 1181 2355 1221 nec
2385 1167 2530 1220 enim
2563 1175 2780 1234 tempus
2811 1173 2896 1220 est
2934 1165 3341 1220 eneomiorum.
3391 1163 3531 1232 Quid

1932 1272 2062 1311 vero
2110 1257 2230 1321 tibi,
2263 1273 2298 1312 ο
2337 1257 2514 1318 beate,
2561 1257 2679 1312 visa
2723 1265 2856 1312 sunt
2910 1255 3028 1311 hare
3078 1271 3202 1328 quae
3226 1253 3534 1327 geruntur?

1933 1347 2129 1401 Annon
2164 1362 2332 1417 prope
2381 1345 2721 1412 Judaismus,
2757 1355 2854 1402 aut
2898 1345 3301 1416 paganismus?
3341 1347 3533 1401 Detra-

1934 1449 2057 1494 etus
2085 1450 2171 1494 est
2192 1449 2424 1498 ornatus
2475 1441 2754 1507 Ecclesia,
2785 1455 3062 1496 sacrarum
3099 1441 3296 1496 aedium
3321 1440 3528 1496 facies:

1935 1533 2048 1605 igni
2081 1534 2274 1588 tradita
2306 1543 2436 1590 sunt
2463 1545 2649 1589 sancta
2680 1545 2695 1588 ι
2727 1535 2832 1590 alia
2863 1534 3116 1604 quaedam
3182 1533 3357 1589 forma
3411 1549 3532 1588 cer-

1937 1627 2086 1680 nitur
2113 1629 2166 1680 in
2199 1625 2623 1684 Christianismo
2655 1647 2672 1682 :
2703 1628 2750 1682 si
2776 1627 3262 1682 Christianismum
3311 1626 3420 1682 dici
3452 1624 3536 1682 fas

1935 1726 2042 1783 est,
2071 1725 2128 1772 et
2153 1732 2266 1772 non
2312 1719 2494 1788 potius
2528 1719 2894 1775 Judaismum.
2949 1717 3108 1774 Nunc
3163 1727 3532 1789 opportunum

254 1797 418 1866 σμδν,
449 1797 586 1853 ἀλλὰ
617 1800 694 1871 μὴ
735 1799 1072 1875 Ἰουδαῖσμὸν
1091 1807 1302 1863 καλεῖν.
1319 1809 1594 1883 Εὖκαιρον
1617 1813 1713 1867 καὶ
1739 1814 1833 1868 νῦν

1940 1819 2020 1865 est
2054 1820 2114 1864 ut
2161 1809 2412 1866 dicatur:
2438 1811 2680 1876 Domine,
2711 1810 2993 1882 prophetas
3028 1820 3150 1864 tuos
3195 1810 3526 1870 occiderunt.

245 1883 436 1955 λέγειν
467 1904 481 1918 ο
512 1890 713 1958 Κύριε,
749 1892 893 1960 τοὺς
917 1895 1240 1965 Προφήτας
1290 1915 1409 1954 σου
1441 1900 1832 1966 ἀπέκτειναν,

245 1977 352 2032 καὶ
407 1979 484 2034 τὰ
533 1983 940 2054 θυσιαστήριὰ
996 2002 1115 2042 σου
1175 1988 1595 2061 κατέσκαψαν.
1635 1994 1745 2047 Καί
1767 2011 1832 2062 γε

245 2071 503 2128 ἔκτειναν
531 2077 628 2128 καὶ
657 2093 722 2145 γε
755 2079 1132 2150 κατέσκαψαν,
1166 2083 1240 2136 Τὸ
1290 2083 1402 2153 γάρ
1442 2083 1586 2152 ξέειν
1618 2088 1716 2141 καὶ
1741 2088 1834 2155 ἐξ·

244 2165 503 2237 ορύσσειν
526 2166 627 2239 τὴν
674 2168 801 2239 ὄψιν
835 2171 1046 2238 αὐτῶν,
1068 2174 1192 2244 οὐχὶ
1236 2178 1654 2232 κατασκάπτειν
1685 2181 1836 2234 ἐστὶν

245 2257 540 2328 ἐμφανῶς
577 2260 779 2331 Ἀφελε
827 2261 954 2333 ὄψιν
989 2264 1324 2338 ἀνθρώπου*
1357 2269 1452 2324 καὶ
1507 2269 1695 2325 οὐκέτι
1737 2271 1833 2324 ἄν-

245 2348 488 2420 θρωπος,
545 2353 684 2408 ἀλλά
741 2373 797 2409 τι
838 2355 1142 2430 εκτρωμα·
1185 2359 1303 2429 εἴγε
1366 2363 1466 2416 καὶ
1518 2362 1640 2416 ἔστι
1691 2363 1831 2435 ζῆν’

257 2442 662 2516 Ἐνεπύρισαν
696 2446 768 2501 ἐν
825 2451 972 2519 πυρὶ
1005 2451 1076 2505 τὸ
1105 2453 1498 2524 ἁτιαστ-ήριὸν
1533 2473 1673 2513 σου.
1721 2458 1836 2512 Καὶ

243 2535 424 2590 ταῦτα
457 2538 676 2610 άληθῶς
707 2556 724 2571 ’
771 2543 955 2598 πᾶσαν
985 2542 1141 2598 θείαν
1180 2547 1366 2602 εἰκόνα
1419 2549 1482 2604 ἐν
1541 2551 1693 2624 πάσῃ
1730 2545 1832 2624 ὕλῃ

247 2627 624 2699 χαραχθείσαν
652 2632 1066 2703 ἐμπρήσαντες.
1093 2635 1398 2708 Ἀνέῳκται
1412 2639 1636 2708 γλῶσσα
1671 2643 1834 2712 βλάσ-

249 2734 462 2788 φημος,
491 2719 582 2773 τὸν
613 2723 849 2793 Χριστὸν
877 2724 1100 2780 εἴδωλον
1133 2727 1391 2797 λέγουσα,
1420 2729 1522 2803 τὴν
1548 2732 1831 2799 Θεοτόκον,

248 2812 436 2865 πάντα
468 2809 646 2882 ἆγιον.
686 2816 797 2870 Καὶ
841 2816 950 2889 γὰρ
1010 2819 1107 2873 τοῦ
1153 2821 1469 2892 ἀρχετύπου
1501 2823 1602 2896 τὴν
1640 2825 1834 2897 κλῆσιν

244 2903 312 2956 τὸ
339 2904 672 2976 παράγωγον
701 2907 971 2980 κέκτηται
1003 2926 1019 2942 ·
1056 2913 1248 2984 ἐπειδὴ
1277 2915 1372 2968 καὶ
1429 2917 1529 2988 τὴν
1585 2918 1833 2990 προσκύο

245 3011 430 3067 νησιν.
462 2996 565 3051 Διὰ
603 2997 766 3053 τοῦτο
799 3001 895 3055 καὶ
921 3000 1136 3074 [πάντα
1163 3006 1402 3076 σταυροῦ
1433 3008 1632 3072 τύπον,
1664 3027 1836 3064 arau—

1935 1907 1986 1954 et
2036 1898 2240 1952 altaria
2289 1906 2382 1952 tua
2418 1899 2800 1954 destruxernnt
2825 1898 2890 1952 “.
2928 1897 2996 1953 Et
3034 1897 3274 1968 quidem"
3313 1897 3534 1952 occide-

1938 1999 2084 2058 runt,
2115 2001 2170 2045 et
2188 1991 2407 2062 quidem
2432 1990 2849 2047 destruxerunt.
2887 1989 3124 2046 Eradere
3147 1991 3290 2046 enim
3321 1999 3375 2045 et
3403 1989 3534 2045 etio-i

1935 2083 2064 2138 dere
2093 2083 2286 2139 facient
2318 2099 2532 2152 eorum,
2551 2085 2682 2154 quid
2718 2084 2865 2140 aliud
2886 2092 2988 2148 est,
3014 2098 3180 2154 quam
3210 2092 3397 2152 aperte
3433 2084 3532 2137 de—

1936 2177 2194 2229 struere?
2231 2172 2399 2228 Aufer
2447 2172 2692 2228 hominis
2754 2170 2972 2233 faciem,
3027 2184 3137 2226 non
3186 2169 3302 2238 jam
3365 2169 3532 2222 homo

1935 2266 2058 2332 erit,
2080 2267 2174 2322 sed
2193 2267 2497 2322 abortivum
2533 2266 2818 2336 quiddam,
2845 2265 2889 2319 si
2919 2275 3097 2319 tamen
3127 2263 3308 2319 vivere
3334 2263 3529 2334 possit.

1937 2358 2284 2413 Incendernnt
2332 2358 2443 2430 igni
2491 2359 2859 2413 sanctuarium
2893 2367 3045 2411 tuum
3079 2355 3148 2411 ‘7.
3183 2354 3250 2410 Et
3275 2357 3378 2411 hoc
3409 2370 3536 2410 vero

1939 2451 2067 2506 item
2104 2469 2118 2506 :
2154 2465 2372 2507 omnem
2427 2450 2669 2507 divinam
2711 2450 3006 2520 imaginem
3041 2465 3372 2518 quacunque
3402 2464 3522 2504 ma-

1938 2543 2074 2598 teria
2123 2557 2447 2614 expressam
2500 2551 2940 2600 concremautes.
3012 2541 3277 2612 Apertum
3327 2549 3416 2596 est
3463 2555 3528 2595 os

1938 2636 2340 2706 hlasphemum,
2372 2635 2653 2690 Christum
2690 2635 2892 2690 idolum
2931 2635 3233 2704 appellans,
3283 2644 3338 2689 ct
3404 2634 3534 2688 Dei-

1936 2743 2147 2798 param,
2207 2736 2263 2782 et
2301 2741 2520 2782 omnem
2581 2737 2832 2782 sanctum
2876 2726 3206 2798 :archetypi
3261 2726 3534 2797 siquidem

1937 2834 2135 2874 nomen
2186 2819 2385 2874 retinet
2432 2819 2598 2874 etiam
2651 2821 2961 2891 exemplum
3001 2862 3017 2887 ,
3053 2823 3277 2892 quando
3315 2830 3370 2877 et
3399 2821 3534 2876 ado-

1939 2911 2210 2968 rationem
2249 2926 2486 2983 quoque.
2520 2912 2730 2968 Idcirco
2769 2925 2823 2969 et
2857 2925 3073 2968 onmem
3116 2923 3302 2986 typum
3330 2915 3533 2978 crucis,

1937 3018 2157 3058 crucem
2224 3003 2588 3074 appellamus,
2631 3015 2684 3060 et
2741 3005 3008 3060 viviﬂcam
3039 3021 3259 3062 crucem
3298 3009 3538 3061 adorans

251 3087 349 3160 ρὸν
371 3087 664 3162 καλοῦμεν,
695 3092 794 3146 καὶ
819 3093 926 3166 ⁵⁷⁵]
957 3096 1397 3167 προσκυνοῦντες
1443 3101 1538 3154 τὸν
1570 3099 1834 3166 ζωοποιὸν

254 3182 491 3204 μ----ὶ-.
583 3201 720 3204 ___-_
772 3202 796 3204 ᾉ
853 3202 871 3204 ᾼ
922 3186 937 3204 1
1017 3187 1043 3204 Λ
1155 3190 1308 3204 αλιι-
1431 3192 1458 3204 ιιν
1569 3194 1626 3204 .-

1940 3107 2026 3151 tes
2078 3096 2488 3166 amplectimur.
2537 3096 2740 3152 Verum
2794 3098 2911 3153 hare
2935 3115 3035 3170 ego
3073 3099 3298 3154 humilis
3349 3097 3537 3168 deploa

251 3182 514 3254 σταυρὸν,
577 3186 1106 3258 προσπτυσσύμεθα.
1155 3190 1322 3245 Ἀλλὰ
1357 3192 1533 3248 ταῦτα
1567 3194 1834 3269 ἐξετραγ-

253 3271 445 3347 ῴδησα
516 3275 548 3330 ὁ
603 3278 890 3344 ταπεινὸς,
931 3281 1030 3352 οὐχ
1078 3282 1156 3347 ὡς
1211 3285 1517 3356 ἀγνοούσης
1569 3306 1666 3343 σου
1717 3291 1835 3361 ,τῆς

250 3365 538 3486 πανσὲφου
559 3367 905 3439 τελειότητος
948 3373 1047 3442 τῆς
1077 3374 1290 3447 πλάνης
1329 3377 1421 3429 τὸν
1452 3379 1698 3452 ὄλεθρον,
1743 3385 1836 3486 νή

253 3471 310 3512 τι
340 3459 570 3532 πάθοιμι
613 3464 863 3534 μωρικόν
883 3481 898 3498 ο
931 3465 994 3519 τὸ
1024 3465 1310 3523 θλιπτικὸν
1338 3471 1395 3523 δὲ
1429 3471 1601 3537 πάθος
1660 3459 1840 3546 παρα-

257 3552 598 3626 μυθούμενος
640 3556 740 3628 τῆς
784 3558 1028 3629 ἐμαυτοῦ
1069 3561 1300 3632 καρδίας
1344 3563 1436 3618 διὰ
1472 3565 1583 3619 τῶν
1637 3569 1842 3638 ἀναιρο-

255 3647 412 3718 ρῶν*
461 3647 523 3702 αἴ
547 3665 667 3714 πως
726 3649 1008 3722 πεφύκασι
1038 3652 1392 3726 λαλούμεναι,
1452 3658 1734 3728 κουφίζειν
1774 3662 1844 3715 τὰ

253 3737 509 3812 ἐνκρυφῆ
541 3741 767 3811 ἀλγεινά
795 3761 810 3774 ·
852 3747 946 3798 καὶ
971 3745 1092 3818 ἅμα
1126 3747 1403 3803 ὑποκινῶν
1433 3751 1610 3823 αὐτὴν
1646 3751 1845 3823 θερμά-δ

252 3847 416 3904 τερον
437 3834 720 3904 προσιέναι
740 3835 880 3908 Θεῷ,
911 3841 1136 3911 ταχεῖαν
1162 3841 1484 3914 ἐπιτίμησιν
1522 3844 1749 3915 ποιῆσαι
1772 3847 1838 3916 τῇ

257 3927 476 3999 πονηρᾷ
503 3927 678 4000 ταύτῃ
709 3931 918 4001 αἱρέσει
952 3932 1034 3995 είς
1093 3931 1374 4006 σωτηρίαν
1424 3935 1522 3989 τοῦ
1573 3934 1707 3990 λαοῦ
1741 3937 1839 3989 αύ-

1943 3189 2076 3254 ravi,
2122 3203 2232 3243 non
2292 3188 2447 3258 quasi
2493 3189 2699 3244 erroris
2742 3191 3038 3259 perniciem
3087 3191 3302 3263 ignoret
3346 3196 3538 3245 exacta

1943 3280 2212 3350 sapientia
2243 3288 2332 3334 tua
2359 3297 2373 3339 :
2401 3296 2466 3333 ne
2489 3279 2692 3335 stultus
2730 3280 2918 3337 videar
2953 3301 2967 3336 :
3005 3281 3098 3337 sed
3123 3290 3183 3336 ut
3215 3279 3402 3338 cordis
3431 3279 3539 3334 mel

1943 3377 2192 3432 dolorem
2241 3378 2360 3448 ipse
2398 3378 2601 3432 leniam
2669 3376 3199 3432 commemorando:
3235 3375 3416 3431 solent
3462 3375 3539 3430 sia

1945 3469 2166 3540 quidem
2227 3471 2599 3534 narrationes,
2633 3485 2758 3524 cum
2810 3468 3134 3535 efferuntur,
3175 3469 3423 3524 occultas
3459 3469 3542 3522 lea

1948 3578 2074 3618 vare
2118 3563 2398 3618 molestias
2436 3581 2449 3624 ;
2483 3573 2647 3633 atque
2697 3571 2758 3616 ut
2801 3563 2952 3617 illam
2997 3578 3106 3617 una
3167 3563 3400 3618 excitem
3471 3561 3541 3616 ad

1951 3655 2118 3710 Deum
2157 3655 2377 3710 enixius
2403 3654 2833 3726 deprccamlum,
2861 3665 2920 3710 ut
2957 3655 3190 3710 celerem
3234 3655 3539 3710 vindictam

1944 3761 2128 3816 pravae
2187 3747 2312 3801 huic
2370 3746 2561 3801 lneresi
2607 3746 2799 3802 reddat
2829 3746 2895 3801 ad
2936 3747 3122 3818 populi
3148 3748 3233 3803 sui
3286 3749 3542 3803 salutem.

1947 3840 2052 3894 Ora
2085 3841 2250 3893 etiam
2287 3854 2386 3908 pro
2419 3855 2505 3893 me
2536 3838 2766 3894 minimo
2812 3839 2923 3892 lilio
2973 3848 3089 3905 tuo,
3114 3839 3279 3895 Pater
3309 3839 3545 3895 sanctis‘

1953 3948 2113 3988 suue.

253 4017 374 4072 τοῦ.
428 4020 739 4092 Προσεύχου
767 4023 1020 4095 καὶπερὶ
1063 4024 1198 4098 ἐμοῦ
1234 4025 1330 4081 τοῦ
1389 4026 1676 4099 ἐλαχίστου
1741 4047 1832 4082 σου
1893 4027 2108 4085 τέκνου,
2147 4021 2420 4091 ἀγιώτατέ
2455 4040 2560 4092 μου
2595 4022 2800 4092 Πάτερ.

612 4140 728 4193 ΚΖ.
748 4170 814 4180 -
841 4140 1095 4210 Τιμοθέῳ
1121 4139 1333 4211 τέκνῳ.
1361 4143 1556 4217 [σμδ¹.]

2340 4137 2552 4195 XXVII.
2589 4170 2661 4180 —-
2703 4138 2975 4194 Timotheo
3028 4138 3164 4208 ﬁliai

753 4278 944 4330 Laudat
965 4281 1031 4331 ob
1056 4287 1382 4334 constantiam
1407 4297 1495 4347 pro
1521 4285 1791 4350 imaginum
1813 4285 2108 4336 defensione
2134 4297 2147 4331 :
2177 4287 2279 4332 tum
2299 4282 2494 4344 jejunio
2527 4281 2725 4330 modum
2745 4279 3046 4343 praescribit.

326 4385 436 4440 Οἴα
481 4402 575 4441 σου
608 4387 642 4460 ἡ
679 4387 852 4460 ψυχὴ,
898 4391 1091 4446 τέκνον
1155 4411 1255 4464 μου
1321 4395 1578 4466 ποθητὺν,
1607 4395 1836 4449 τοιαῦτα

2011 4392 2202 4461 Qualis
2237 4393 2457 4448 animus
2481 4401 2630 4456 tuus,
2670 4392 2743 4446 tili
2778 4392 2852 4448 mi
2891 4391 3381 4457 desideratissime,
3409 4393 3546 4448 tales

256 4477 360 4531 καὶ
386 4477 456 4532 τὰ
487 4480 816 4550 γράμματα,
865 4483 1168 4554 θαρσαλέα,
1203 4485 1438 4558 εὔθυμοι,
1498 4487 1844 4558 εὐπρόθυμα.

260 4574 514 4644 φιλύθεα,
547 4575 934 4651 φιλομάρτυρα
953 4595 966 4608 ο
995 4581 1090 4633 καί
1118 4598 1182 4649 γε
1206 4581 1306 4651 τῆς
1330 4582 1513 4654 ψυχῆς
1543 4582 1752 4646 εἰκόνες
1793 4583 1845 4635 οί

258 4668 447 4738 λόγοι·
505 4671 601 4726 καὶ
655 4672 723 4726 ἐκ
771 4673 869 4726 τοῦ
933 4677 1382 4747 περισσεύματος
1443 4677 1542 4747 τῆς
1614 4673 1845 4746 καρδίας

258 4761 499 4828 ἕκαστος
520 4763 676 4836 φέρει
705 4766 774 4821 τά
806 4767 964 4836 λόγια
981 4784 996 4799 ⁶
1037 4768 1177 4824 ὥστε
1199 4771 1297 4823 καὶ
1324 4771 1474 4842 ἡμᾶς
1499 4771 1844 4834 ἀκούσαντάς

259 4871 363 4909 σου
394 4854 504 4909 τῶν
544 4858 830 4929 ῥημάτων,
868 4860 1306 4933 ἐπιρρωσθῆναι,
1338 4862 1433 4916 καὶ
1485 4863 1704 4934 μ’ἄλλονδ
1745 4865 1842 4916 ἀνα

255 4943 612 5020 δρειωθῆναι,
645 4953 740 5006 καὶ
778 4953 917 5024 πρὸς
941 4953 1172 5024 ἄθλησιν
1219 4955 1564 5028 ἐπειχθῆναι.
1607 4955 1738 5029 Τίμέ
1787 4956 1846 5010 δὲ

259 5041 406 5095 καὶό
431 5042 658 5114 ἀδελφὸς
717 5045 997 5122 Ἀδριανὸς
1043 5047 1459 5120 ἐξηγησάμενος
1515 5047 1679 5102 πλέον
1729 5048 1844 5116 ἐξέ-

257 5147 447 5186 νισεν·
485 5134 822 5205 ἁναγγείλας
852 5155 949 5192 σου
990 5137 1054 5193 τὸ
1109 5139 1376 5212 εύθαρσον
1429 5142 1524 5196 καὶ
1567 5141 1843 5211 σταθηρον

261 5229 359 5278 καί
389 5223 867 5297 εὐπαρρησίαστον
893 5243 909 5260 ο
950 5231 1045 5283 καὶ
1077 5229 1177 5300 μέν
1213 5247 1298 5284 τοι
1351 5231 1442 5285 καὶ
1495 5231 1842 5285 διαλεκτικὸν

261 5319 406 5388 πρὸς
438 5320 567 5384 τοὺς
599 5319 965 5390 ἐρεθίζοντας.
986 5321 1162 5378 Πόθεν
1194 5341 1278 5377 σοι
1305 5323 1512 5391 nam;
1539 5325 1572 5395 ἢ
1597 5324 1721 5395 οὐχὶ
1751 5325 1846 5374 ἐπὶ

1951 4495 2005 4542 et
2041 4489 2232 4542 littera:
2255 4485 2431 4556 plenae
2488 4485 2704 4551 fiducia,
2731 4485 3038 4551 alacritate,
3076 4484 3426 4549 strenuitate,
3454 4487 3541 4539 in-

1951 4580 2092 4651 signi
2115 4594 2239 4648 erga
2267 4579 2430 4633 Deum
2453 4588 2506 4632 et
2527 4587 2793 4651 martyres
2815 4577 3104 4633 charitate.
3124 4577 3336 4648 Quippe
3362 4577 3544 4648 imago

1951 4669 2122 4728 animi
2173 4685 2360 4726 sermo
2406 4677 2516 4733 cst,
2558 4681 2611 4724 et
2657 4686 2722 4725 ex
2768 4669 3101 4724 abundantia
3153 4669 3338 4724 cordis
3379 4685 3550 4724 unus-

1951 4765 2183 4834 quisque
2207 4761 2416 4832 profert
2439 4763 2680 4817 oracula.
2707 4762 2779 4816 Ita
2806 4771 2936 4817 utet
2965 4776 3088 4826 nos,
3110 4771 3398 4832 postquam
3422 4775 3546 4814 Vera

1952 4857 2039 4912 bis
2071 4857 2180 4912 tuis
2213 4871 2376 4911 aures
2410 4856 2772 4926 praebuimus,
2797 4853 3023 4910 fortiOre
3051 4854 3234 4908 animo
3254 4869 3318 4908 ac
3373 4853 3548 4922 magis

1950 4949 2092 5004 virili
2146 4947 2432 5010 fuerimus,
2465 4954 2520 5001 et
2567 4947 2634 5000 ad
2676 4952 2954 5001 certamen
3002 4939 3312 5000 ineundum
3371 4944 3548 4999 multo

1948 5041 2332 5113 promptiores.
2375 5036 2459 5094 Me
2486 5054 2614 5094 vero
2637 5047 2694 5094 et
2716 5037 2884 5094 frater
2912 5038 3190 5094 Adrianus
3217 5037 3284 5092 de
3323 5047 3376 5092 te
3416 5052 3546 5091 nar‘

1945 5149 2078 5190 rans
2122 5134 2500 5188 vehementius
2552 5133 2976 5202 pcreulit:cum
3029 5140 3084 5186 et
3151 5129 3404 5185 ﬁduciam
3459 5128 3550 5182 ille

1947 5242 2126 5292 tuam,
2161 5236 2217 5282 et
2241 5227 2414 5282 robur
2439 5226 2632 5290 animi,
2659 5233 2711 5279 et
2745 5225 2956 5279 dicendi
3009 5223 3316 5279 libertatem
3372 5221 3546 5276 refers

1956 5333 2058 5387 ret,
2089 5318 2388 5389 quinetiam
2413 5326 2466 5371 et
2499 5327 2673 5370 artcm
2707 5313 3012 5370 disserendi
3049 5314 3310 5368 adversus
3343 5325 3545 5382 provoa

261 5409 367 5478 τῆς
426 5412 778 5485 προαγούσης
824 5413 1039 5486 ἀγαθῆς
1092 5418 1472 5487 προαιρέσεως
1534 5418 1627 5470 καὶ
1697 5416 1837 5480 θείας

1955 5427 2166 5472 cantes.
2227 5415 2384 5470 Unde
2415 5414 2500 5468 hae
2530 5411 2626 5468 tibi
2657 5411 2858 5466 dotes?
2882 5426 3066 5465 annon
3094 5425 3162 5464 ex
3217 5409 3362 5462 bono
3420 5419 3550 5475 proe

267 5506 676 5579 περιποιήσεως
705 5525 720 5538 ⁸
749 5509 817 5563 δι’
844 5505 913 5584 ἧς
931 5507 1173 5583 ἤνεγκας
1215 5512 1286 5566 τά
1327 5512 1694 5584 προλαϐόντα,
1754 5511 1870 5565 καὶ·

271 5597 516 5670 ἕστηκας
541 5601 610 5672 τῇ
634 5600 810 5656 ἐλπίδι
853 5604 954 5672 τῆς
989 5603 1148 5673 δόξης
1205 5603 1302 5658 τοῦ
1339 5603 1500 5670 Θεοῦ,
1541 5604 1704 5676 μέχρι
1755 5603 1850 5656 θα-

354 5734 416 5770 ’δθ
440 5735 506 5792 lll
540 5736 676 5808 Reg.
704 5754 816 5802 nx.
843 5742 927 5796 Η.

273 5807 463 5862 vimus.
493 5807 649 5864 ιιωτ.

522 5903 793 5964 Panos.
828 5902 946 5962 Gn.
991 5898 1215 5964 XCIX.

1034 5741 1078 5774 ⁸⁷
1101 5739 1242 5799 Psal.
1273 5760 1462 5810 LXXIII,
1483 5744 1538 5801 7.

1958 5511 2136 5582 posito
2199 5507 2570 5573 antecedente,
2622 5521 2686 5560 ac
2755 5503 2950 5561 fiducia
3015 5505 3068 5557 in
3131 5501 3300 5556 Deum
3335 5511 3352 5566 ι
3390 5498 3547 5568 cujus

1958 5617 2060 5670 Ope
2113 5601 2393 5670 superiora
2447 5597 2743 5670 pertulisti,
2775 5603 2838 5653 ac
2863 5613 2961 5669 spe
3002 5595 3191 5668 gloria:
3257 5592 3352 5648 Dei
3417 5607 3542 5661 perJ

1662 5744 1746 5778 ⁸⁷*
1768 5743 2003 5808 Inclusa,
2038 5743 2090 5796 in
2123 5740 2253 5795 edit.
2283 5736 2550 5792 Sirmondi
2577 5735 2890 5806 typograplti
2919 5734 3048 5789 vitio
3076 5731 3298 5796 omissa,
3333 5727 3546 5802 sttppldd

3187 5872 3268 5956 as
