4054 6364
589 308 728 377 1195

1787 313 1848 370 S.
1872 309 2273 372 'TIIEODOIII
2315 311 2663 372 STUDITAE

3715 309 3835 378 1196

584 419 812 484 stitisti,
882 435 1054 492 usque
1112 421 1177 475 ad
1245 421 1452 477 obitum
1532 422 1598 476 ad
1681 435 1920 492 pugnam
1995 421 2165 475 accin-

2280 422 2442 476 νάτου
2469 420 2954 492 εὐτρεπιζόμενοςς
2997 421 3193 492 Χαῖρε,
3229 420 3522 493 εὐφραίνου
3555 438 3570 454 ·
3609 423 3837 494 ἰσχύσεις

584 523 672 569 tus
697 511 953 576 I‘Gaude,
1004 514 1185 568 Iretare
1213 535 1224 569 :
1254 528 1378 567 cum
1419 513 1530 566 Deo
1579 511 1782 566 valebis
1819 510 2007 566 omnia
2039 510 2176 566 tole-

584 621 726 670 rare,
750 620 954 660 corona
987 604 1228 660 victoriae
1249 605 1554 660 redimitus.
1603 603 1706 658 Sed
1735 609 1790 657 et
1817 617 1920 672 pro
1944 618 2028 657 me
2055 617 2174 658 ora,

585 692 776 761 frater,
809 705 870 752 ut
905 707 960 752 et
989 707 1104 764 tua,
1138 705 1192 752 et
1232 697 1476 764 cujusvis
1518 697 1742 752 alterius
1769 696 1971 751 similis
2007 695 2176 751 vesti-

585 786 672 858 gia
701 801 1027 858 consequar.
1067 785 1408 841 Suntautem
1453 787 1586 841 satis
1637 787 1792 841 multi
1843 803 1941 858 per
1968 783 2174 842 Chris1i

584 876 814 946 gratiam
845 893 859 929 :
895 876 1097 930 etenim
1155 875 1318 928 veluti
1372 874 1708 928 curriculum
1771 884 1853 929 est
1885 875 1940 928 in
1971 875 2091 930 lucc
2123 884 2177 928 et

583 976 879 1037 conspectu
918 967 1156 1036 positum
1198 985 1210 1020 :
1250 967 1470 1036 plurimi
1496 981 1716 1038 quoque
1745 977 2040 1038 martyres.
2094 967 2174 1021 Ne

585 1059 733 1113 aliud
797 1059 966 1131 igitur
1020 1059 1137 1113 hzec
1191 1073 1317 1129 quae
1364 1071 1627 1129 geruntur
1675 1059 1955 1115 existimes
2006 1075 2172 1130 quam

581 1149 786 1204 Christi
833 1149 1199 1220 negationem,
1227 1150 1408 1220 quoad
1438 1164 1532 1206 eos
1580 1150 1675 1220 qui
1719 1159 2134 1221 'persequuntur
2156 1189 2171 1215 ,

584 1240 899 1311 factumque
943 1257 1042 1312 pro
1081 1241 1300 1298 Christo
1329 1242 1672 1315 martyrium,
1711 1243 1892 1313 quoad
1935 1258 2032 1300 eos
2078 1243 2170 1312 qui

582 1333 803 1401 praemia
836 1333 1105 1390 referunt.
1165 1338 1345 1406 Atque
1385 1336 1532 1392 istud
1564 1336 1784 1406 quidem
1831 1338 1998 1392 estin
2033 1351 2172 1391 con-

581 1426 745 1481 fesso.
785 1424 920 1481 Nam
974 1435 1035 1481 ut
1082 1427 1137 1481 in
1173 1427 1355 1483 crucis
1396 1427 1635 1498 imagine
1687 1443 1824 1482 crux
1865 1429 1982 1499 ipsa
2037 1427 2173 1482 vivi-

581 1517 682 1573 ﬁca
715 1526 770 1573 et
806 1519 1146 1590 agnoscitur,
1199 1529 1254 1574 et
1303 1528 1532 1589 negatur
1561 1535 1574 1572 :
1609 1518 1690 1574 sic
1745 1528 1801 1574 et
1849 1519 1905 1573 in
1935 1519 2172 1590 imagine

579 1607 785 1665 Christi
824 1609 968 1664 idem
1010 1611 1130 1666 sine
1151 1610 1471 1665 discrimine
1505 1609 1877 1665 statuendum.
1933 1609 2168 1666 Mundus

579 1701 704 1756 licet
735 1701 1039 1757 obcaacatus
1085 1702 1176 1767 sit,
1204 1701 1289 1756 vel
1326 1701 1419 1756 ubi
1449 1702 1727 1758 Christum
1761 1701 2010 1773 abnegat,
2036 1717 2170 1757 con-

2281 517 2376 568 σὺν
2408 515 2528 586 Θεῷ
2549 516 2728 569 πάντα
2753 515 3023 582 ἐνεγκεῖν,
3051 513 3412 586 ἁθλοφορικὺν
3443 516 3705 585 στέφανον
3726 519 3839 572 ἁνα-

2275 603 2784 675 δησάμενος.ξ’ᾼλλ’
2815 602 2978 674 εὔχου
3001 606 3192 676 κάμοὶ,
3235 605 3456 676 ἀδελφὲ,
3518 607 3837 662 συνέπεσθαι

2277 698 2360 751 σοί
2391 715 2452 751 τε
2473 697 2571 752 καλ⁵
2598 697 2655 751 εί
2680 716 2787 752 τινι
2810 699 2955 770 ἄλλῳ
2992 699 3389 771 παραπλησίῳ,
3425 701 3619 756 Ἵκανοὶ
3663 701 3725 756 δὲ
3753 703 3837 773 χά-

2278 807 2384 858 ριτι
2412 791 2675 862 Χριστοῦ.
2708 792 2819 844 Καὶ
2847 794 2958 862 γὰρ
2991 791 3068 855 ὡς
3097 792 3158 846 τὺ
3215 792 3432 846 στάδιον
3453 792 3711 866 λαμπρὸν
3759 796 3838 849 καὶ

2274 883 2554 953 ἐμφανές-ο
2599 883 2846 938 πλεῖστοι
2885 886 2979 938 καὶ
3013 885 3064 938 οἱ
3105 885 3403 957 μάρτυρες.
3452 885 3544 957 Μὴ
3589 889 3702 959 γὰρ
3740 888 3838 942 οίου

2273 992 2325 1026 τι
2361 974 2492 1028 ἄλλο
2514 972 2652 1030 εἶναι
2684 975 2753 1030 τὰ
2788 977 3054 1048 παρόντα,
3101 977 3135 1048 ἢ
3189 975 3428 1048 Χριστοῦ
3479 979 3712 1050 ἄρνησιν
3760 981 3839 1033 ἐπὶ

2271 1065 2399 1129 τοὺς
2431 1066 2730 1134 διώκοντας
2761 1083 2778 1102 ο
2814 1071 2910 1123 καὶ
2953 1069 3196 1138 Χριστοῦ
3254 1071 3562 1140 μαρτυρίαν
3597 1074 3682 1135 εἰς
3727 1073 3841 1136 τοὺς

2271 1157 2339 1210 τά
2362 1152 2503 1212 ἆθλα
2528 1159 2816 1229 φέροντας,
2848 1163 2947 1215 καὶ
2971 1161 3132 1216 τοῦτο
3155 1161 3396 1234 εὔδηλον.
3440 1163 3527 1225 Ὦς
3547 1162 3658 1233 γὰρ
3698 1165 3758 1216 ὲν
3779 1168 3837 1234 τῇ

2273 1249 2445 1304 εἰκόνι
2463 1250 2558 1304 τοῦ
2583 1252 2821 1324 σταυροῦ
2851 1254 2880 1306 ὁ
2911 1254 3178 1318 ζωοποιὸς
3215 1257 3454 1327 σταυρὸς
3493 1255 3588 1309 καὶ
3629 1255 3839 1325 ὡμολό-

2277 1357 2446 1412 γηται
2469 1345 2562 1396 καὶ
2584 1344 2820 1416 ἤρνηται
2851 1362 2864 1376 ·
2895 1343 3040 1398 οὕτω
3064 1347 3161 1400 καὶ
3189 1347 3247 1400 ὲν
3279 1350 3346 1417 τῇ
3389 1347 3559 1401 εἰκόνι
3607 1347 3840 1418 Χριστοῦ

2274 1437 2336 1489 τὸ
2367 1436 2500 1489 αύτδ
2547 1436 3009 1508 ἀπαραλλάκτως.
3046 1440 3110 1493 EI
3151 1439 3246 1493 καὶ
3283 1439 3623 1511 τετύφλωται
3669 1443 3704 1495 ὁ
3745 1444 3840 1495 κό-

2271 1545 2408 1599 σμος
2432 1544 2449 1560 ο
2473 1529 2572 1582 καὶ
2591 1529 2828 1603 Χριστὸν
2852 1529 3208 1602 ἀρνούμενος,
3242 1532 3426 1596 παίζει
3447 1533 3546 1603 τὴν
3561 1533 3744 1603 ὕϐριν.
3759 1536 3838 1588 διὰ

2266 1621 2368 1690 τὴν
2410 1618 2507 1672 τοῦ
2569 1619 2928 1691 ὑϐριζομένου
2982 1621 3388 1694 μακροθυμίαν.
3447 1624 3559 1676 Καὶ
3608 1624 3662 1677 τί
3718 1625 3836 1678 Θαυ-

2271 1711 2480 1781 μαστὸν
2515 1713 2889 1781 εί-ὐπομένει,
2921 1711 3104 1785 ζητῶν
3135 1713 3234 1785 τὴν
3288 1715 3395 1770 τῶν
3438 1717 3840 1786 παροινούντων

578 1792 860 1847 tumeliam
891 1793 1082 1860 jocum
1109 1802 1348 1863 reputat,
1378 1804 1598 1863 propter
1623 1794 1771 1849 illius
1802 1794 2165 1860 tolerantiam,

2273 1802 2757 1876 ὲπιστροφήνςΜὴ
2788 1804 2911 1875 οὐχὶ
2940 1804 3206 1875 στέφανον
3249 1804 3308 1871 ὲξ
3343 1807 3596 1861 ἀκανθῶν
3640 1809 3836 1880 ἐπέθη-

588 1899 752 1955 quem
779 1886 1180 1940 contumeliose
1201 1893 1417 1941 tractat.
1447 1885 1552 1940 Sed
1588 1886 1717 1956 quid
1773 1887 1976 1940 mirum
1999 1886 2044 1940 si
2078 1887 2167 1943 ille

579 1977 837 2042 sustinet,
867 1977 1202 2032 l'uriosorum
1251 1979 1665 2033 conversionem
1717 1979 2022 2049 qumrens?
2056 1980 2169 2033 An-

579 2085 690 2122 non
743 2069 987 2139 spineam
1047 2084 1308 2124 coronam
1352 2070 1516 2142 capiti
1554 2070 1674 2138 ejus
1723 2071 2032 2140 imposuere
2064 2071 2168 2124 mi-

580 2161 744 2216 lites?
777 2175 960 2215 annon
1006 2168 1213 2216 vestem
1267 2159 1317 2214 ei
1347 2159 1757 2216 circumdedere
1788 2175 2120 2230 purpuream

577 2253 674 2322 qui
723 2260 778 2307 et
825 2252 1011 2306 dixere
1054 2268 1069 2305 :
1110 2252 1233 2318 Ave,
1270 2268 1363 2306 rex
1382 2250 1696 2307 Judworum
1731 2266 1750 2305 :
1791 2261 1841 2307 et
1875 2252 2072 2307 dabant
2103 2254 2154 2308 ei

580 2347 770 2416 alapas
795 2345 860 2400 ⁸⁸.
899 2347 1018 2415 Ipse
1046 2361 1175 2400 vero
1200 2347 1383 2401 omnia
1420 2345 1745 2415 perferebat,
1775 2361 1902 2401 cum
1939 2346 2156 2402 deride-

577 2449 748 2505 retur,
783 2439 1179 2508 habereturque
1217 2439 1472 2503 ludibrio,
1505 2454 1630 2492 cum
1665 2447 1718 2493 et
1752 2440 1804 2492 in
1846 2453 2009 2492 cruce
2057 2437 2162 2492 alia

579 2530 816 2597 plurima
839 2538 1141 2600 pateretur.
1175 2528 1328 2584 Talia
1364 2545 1510 2584 nunc
1536 2545 1754 2600 quoque
1779 2538 1996 2599 propter
2023 2529 2162 2583 ima-

579 2625 760 2694 ginem
809 2638 989 2688 suam,
1021 2625 1166 2678 etin
1213 2637 1315 2676 sua
1366 2627 1484 2692 ipse
1549 2621 1788 2693 imagine
1835 2623 2160 2692 perpetitur,

577 2709 849 2780 siquidem
914 2711 1266 2781 archetypum
1322 2711 1376 2765 in
1427 2712 1664 2782 imagine
1704 2712 2060 2782 conspicitur,
2104 2722 2164 2768 ut

580 2802 683 2856 viri
719 2803 892 2858 sancti
921 2803 1129 2858 dixere.
1183 2802 1288 2859 Sed
1318 2805 1638 2860 miserescat
1665 2803 1752 2859 ille
1767 2805 2015 2860 celeriter
2054 2803 2158 2860 Ec-

579 2895 759 2950 clesia:
780 2911 911 2962 suae,
938 2896 1284 2952 confessores
1313 2896 1700 2952 corroborans.
1731 2896 1909 2952 Audio
1937 2909 1991 2953 te
2015 2897 2156 2968 jeju-

581 2985 732 3042 nium
769 2985 1110 3055 protrahere,
1141 2992 1197 3040 et
1217 2985 1368 3041 laetor
1399 2985 1627 3056 utique:
1659 2987 1752 3041 tibi
1790 2994 2163 3042 vero'auctor

2268 1911 2373 1948 καν
2407 1895 2574 1949 αὑτοῦ
2623 1898 2690 1967 τῇ
2747 1897 2962 1968 κεφαλῇ
2997 1897 3046 1951 οἱ
3107 1899 3564 1968 στρατευόμενοι;
3609 1901 3686 1971 μὴ
3726 1901 3838 1971 οὐχὶ

2268 1988 2364 2042 καὶ
2409 1989 2627 2058 ίμάτιον
2668 1990 2985 2062 πορφυροῦν
3040 1991 3370 2062 περιέϐαλον
3418 1993 3616 2060 αύτόν;
3664 1995 3720 2048 οἳ
3753 1997 3837 2048 καὶ

2267 2080 2460 2150 ἔλεγον
2481 2098 2496 2113 ο
2528 2081 2726 2151 Χαῖρε,
2765 2086 2797 2136 ὁ
2817 2081 3125 2147 ,βασιλεὺς
3166 2081 3290 2136 τῶν
3352 2083 3654 2140 Ἰουδαίων
3678 2102 3696 2118 ο
3747 2088 3838 2140 καί

2265 2170 2512 2226 ἐδίδουν
2535 2170 2696 2238 αὐτῷ
2716 2173 3094 2241 ῥαπίσματα.
3133 2171 3191 2225 '0
3217 2171 3274 2224 δὲ
3304 2171 3466 2246 ἔφερε
3495 2175 3699 2239 πάντα,
3744 2191 3838 2227 καφ

2265 2263 2673 2336 ταγελώμενος,
2718 2263 3214 2336 μυκτηριζόμενος,
3265 2267 3360 2319 καὶ
3393 2268 3495 2320 ὅσα
3535 2266 3677 2320 ἄλλα
3739 2267 3839 2321 πά-

2268 2373 2412 2428 σχων
2441 2361 2500 2412 ὲν
2539 2358 2780 2430 σταυρῷ.
2811 2356 3054 2412 Τοιαῦτα
3081 2361 3200 2413 ἐστι
3233 2358 3328 2412 νῦν
3357 2359 3585 2430 πάσχων
3625 2359 3719 2413 διὰ
3747 2361 3838 2429 τῆς

2265 2449 2478 2512 είκόνος
2508 2447 2698 2516 αὐτοῦ,
2745 2449 2840 2503 καὶ
2882 2451 2940 2502 ὲν
2973 2453 3043 2521 τῇ
3096 2450 3268 2504 εἰκόνι
3298 2449 3464 2503 αὐτοῦ
3489 2464 3503 2478 ·
3535 2451 3727 2519 ἐπειδὴ
3785 2455 3839 2504 το

2267 2542 2580 2612 ἀρχέτυπον
2609 2542 2668 2596 ὲν
2690 2543 2757 2614 τῇ
2788 2543 2960 2596 εικόνι
2983 2543 3330 2612 ὲκφαίνεται,
3353 2542 3428 2606 ὡς
3467 2543 3690 2615 εἴρηται
3733 2546 3841 2607 τοῖς

2269 2633 2466 2702 ἁγίοις.
2521 2633 2662 2687 Ἀλλ’
2707 2634 2794 2702 εἴη
2829 2633 2978 2698 ἔλεος
3011 2635 3070 2687 ὲν
3103 2634 3260 2704 τάχει
3305 2636 3372 2705 τῇ
3418 2635 3718 2706 Ἐκκλησία
3744 2636 3837 2688 αύ-

2266 2722 2384 2786 τοῦ,
2424 2723 2743 2794 ὲνδυναμῶν
2766 2724 2895 2788 τοὺς
2936 2724 3360 2794 ὁμολογοῦντας.
3393 2724 3605 2780 Ἀκούω
3642 2726 3724 2778 ὅτι
3751 2743 3839 2795 νη-

2270 2813 2456 2867 στείαν
2483 2813 2667 2877 ἕλκεις
2693 2829 2708 2844 ο
2737 2814 2834 2867 καὶ
2863 2814 3042 2886 χαίρω
3080 2814 3201 2886 μὲν,
3232 2814 3588 2884 συμϐουλεύω
3616 2815 3674 2868 δὲ
3703 2814 3835 2868 καθ-

2269 2907 2510 2979 εκάστην
2572 2905 2777 2960 ἐσθίειν
2829 2908 2969 2979 μετά
3015 2908 3084 2962 τὰ
3115 2908 3400 2980 ἐσπερινά.
3456 2908 3630 2963 Τοῦτο
3670 2909 3835 2978 γὰρὴ

2266 2999 2524 3072 βασιλικὴ
2553 2998 2694 3066 ὁδὸς,
2737 3000 2832 3054 καὶ
2855 2999 2995 3071 αὕτη
3029 2999 3292 3071 ἐπαινετὴ
3349 3000 3651 3071 ἐγκράτεια
3691 3003 3748 3054 ὲν
3773 3002 3834 3070 τῇ

577 3092 701 3132 sum
731 3087 788 3132 ut
820 3077 1062 3147 quotidie
1086 3088 1210 3146 post
1234 3093 1519 3149 vesperam
1551 3079 1734 3134 cibum
1762 3093 1971 3134 sumas.
2033 3077 2162 3134 Haec
2199 3160 2210 3161 ί
2267 3089 2560 3161 μαρτυρίᾳ.

575 3169 723 3223 enim
779 3169 866 3223 via
914 3170 1064 3240 regia
1096 3178 1200 3236 est,
1234 3180 1288 3226 et
1321 3171 1434 3226 haec
1480 3170 1768 3226 laudabilis
1824 3169 2154 3226 abstinentia
2181 3160 2225 3220 C

577 3261 631 3314 in
658 3261 765 3317 isto
797 3263 1042 3334 martyrii
1073 3277 1291 3332 genere.

894 3373 1132 3427 XXVIII.
1163 3405 1231 3414 —
1262 3373 1467 3429 Basilio
1509 3376 1812 3445 prwposito.

2477 3373 2612 3429 KH’.
2636 3375 3017 3443 -Βασιλείῳ
3048 3375 3384 3446 ἡγουμένῳ.
3416 3376 3629 3449 [αγις-κ]

941 3487 1009 3539 Ut
1031 3487 1229 3538 fortiter
1263 3503 1351 3552 pro
1373 3490 1564 3541 Christo
1596 3489 1699 3554 pati
1722 3495 1920 3556 pergat,
1953 3504 2050 3543 nec
2081 3491 2299 3555 trepidet
2318 3489 2361 3542 si
2381 3496 2498 3541 ante
2518 3491 2872 3554 imperatorem
2897 3495 2983 3540 aut
2999 3489 3238 3553 presides
3262 3491 3484 3540 ducatur.

652 3593 759 3651 Ubi
799 3595 1040 3650 intellexi
1065 3595 1248 3650 omnia
1284 3610 1404 3665 qua:
1431 3605 1652 3665 propter
1678 3595 1967 3650 Dominum
1998 3611 2162 3668 passa

578 3699 665 3746 est
711 3689 976 3746 sanctitas
1021 3697 1134 3753 tua,
1167 3703 1289 3743 cum
1327 3703 1486 3742 sacro
1535 3703 1639 3742 suo
1667 3687 1926 3756 subdito;
1958 3689 2162 3760 gloriﬁ-

581 3782 698 3837 cavi
757 3781 1022 3851 optimum
1080 3779 1248 3834 Deum
1277 3788 1526 3834 nostrum
1561 3781 1757 3835 valde:
1788 3780 1928 3849 quod
1975 3781 2163 3850 utique

577 3884 802 3930 exortus
837 3882 892 3928 et
924 3873 1040 3944 ipse
1085 3888 1144 3928 es
1168 3872 1334 3926 veluti
1381 3871 1532 3926 sidus
1559 3873 1614 3926 in
1654 3875 1856 3926 mundo
1885 3887 2010 3926 cum
2041 3873 2163 3928 aliis

577 3968 872 4032 sideribus,
906 3967 962 4021 in
993 3965 1095 4020 hac
1118 3965 1371 4034 praesenti
1406 3965 1566 4035 quasi
1606 3976 1870 4020 nocturna
1897 3964 2168 4020 haereseos

575 4075 781 4131 pugna,
838 4071 936 4111 vas
989 4055 1301 4120 electionis,
1341 4055 1596 4109 columna
1656 4065 1710 4108 et
1766 4053 2166 4108 ﬁrmamentum

577 4151 846 4209 veritatis.
909 4150 1087 4216 Quam
1143 4147 1466 4203 admirabile
1517 4163 1612 4218 par
1667 4147 1802 4202 illud
1867 4147 2163 4204 vestrum!

577 4260 742 4317 quam
774 4243 1002 4298 Christo
1039 4241 1294 4304 amabile,
1342 4241 1489 4310 quod
1532 4241 1719 4310 plagas
1776 4239 1948 4310 ipsius
2003 4253 2166 4294 causa

2339 3595 2527 3650 Πάντα
2561 3595 2893 3666 καταμαθὼν
2919 3595 3064 3665 ἅπερ
3093 3595 3181 3650 διὰ
3210 3595 3417 3668 Κύριον
3445 3596 3654 3666 ὑπέστη
3676 3613 3771 3650 σου
3804 3596 3834 3665 ἠ

2267 3686 2488 3756 ὁσιότης
2516 3685 2614 3739 σὺν
2634 3685 2712 3756 τῷ
2742 3685 2872 3758 ίερῷ
2918 3685 3146 3756 ὑπηκόῳ
3169 3700 3182 3714 ·
3217 3683 3446 3748 ἐδόξασα
3494 3685 3588 3738 τὸν
3637 3685 3838 3755 ἀγαθον

2268 3779 2401 3836 Θεὸν
2441 3781 2596 3850 ἡμῶν
2650 3779 2804 3834 λίανο
2846 3781 3039 3850 ὅτιπερ
3069 3778 3351 3843 ἀνέτειλας
3391 3779 3485 3832 καὶ
3527 3777 3692 3842 αὐτὸς
3726 3797 3837 3849 φω-

2269 3869 2408 3942 στὴρ
2452 3873 2510 3924 ὲν
2541 3871 2619 3942 τῷ
2668 3872 2858 3942 κόσμῳ
2891 3871 2988 3925 σὺν
3034 3869 3215 3934 ἄλλοις
3262 3869 3634 3941 λαμπτῆρσιν,
3680 3869 3740 3922 ἑν
3771 3870 3837 3939 τῇ

2265 3969 2384 4020 νυνὶ
2444 3964 2788 4037 νυκτομαχίᾳ
2830 3964 2930 4032 τῆς
2987 3963 3278 4033 αἱρέσεως,
3326 3961 3522 4024 σκεῦος
3578 3961 3838 4030 ἐκλογῆς,

2267 4057 2462 4120 στύλος
2492 4056 2589 4110 καὶ
2615 4057 2902 4126 ἑδραίωμα
2931 4055 3026 4125 τῆς
3063 4053 3348 4126 ἀληθείας.
3383 4055 3470 4117 Ὠς
3501 4054 3840 4125 θαυμαστὴή

2263 4147 2398 4212 δυὰς
2425 4149 2605 4219 ὑμῶνί
2651 4149 2726 4211 ὼς
2760 4148 2967 4220 ὲραστὴ
2995 4147 3072 4217 τῷ
3102 4147 3346 4219 Χριστῷ,
3393 4146 3609 4216 πληγὰς
3637 4148 3706 4200 δι’
3745 4147 3842 4200 αὖ·

2265 4239 2355 4293 τὸν
2387 4239 2755 4311 ὑπομείνασα,
2805 4238 3139 4306 ἀπαγωγὰς,
3189 4237 3459 4307 φυλακὰς,
3516 4238 3611 4291 καὶ
3664 4235 3840 4290 ταῦτα

581 4338 822 4409 pertulit,
855 4335 1068 4401 exsilia,
1097 4349 1366 4400 carceres,
1408 4342 1464 4388 et
1511 4348 1574 4387 ea
1617 4347 1792 4404 usque
1823 4333 1877 4386 in
1921 4347 2163 4402 praesen-

2268 4331 2374 4395 ἕως
2397 4310 2806 4400 τοῦπαρόντος.
2841 4330 3002 4384 Ἀλλά
3033 4332 3087 4383 τί
3121 4330 3204 4384 ὅτι
3228 4330 3335 4402 πρὸ
3358 4333 3457 4401 τῆς
3485 4331 3685 4401 πείρας
3707 4326 3839 4404 ἧκες

579 4441 690 4486 tem
714 4430 856 4484 diem
881 4429 894 4482 Ξ
928 4427 1034 4481 Sed
1063 4425 1193 4496 quid
1223 4432 1307 4479 est
1335 4425 1504 4493 quod,
1535 4431 1827 4493 antequam
1859 4422 2158 4491 periculum

580 4521 811 4581 faceres,
844 4518 910 4574 ad
950 4532 1038 4573 me
1058 4515 1320 4570 humilem
1354 4513 1572 4575 venisti,
1601 4512 1760 4568 sicuti
1791 4528 1857 4567 ex
1905 4521 1954 4567 te
2002 4512 2160 4566 intel-

579 4613 707 4676 lexi,
745 4626 846 4666 nec
873 4621 1054 4665 tamen
1087 4615 1385 4676 conspectu
1438 4620 1559 4660 meo
1582 4603 1688 4659 frui
1725 4604 1911 4659 licuit:
1939 4619 2035 4659 nec
2060 4604 2161 4657 mi-

579 4720 702 4759 rum
753 4703 962 4772 utique.
1007 4697 1460 4768 Quandoquidem
1494 4695 1664 4762 enim,
1699 4705 1758 4751 ut
1809 4694 2159 4765 conjiciebas,

578 4811 694 4852 non
749 4795 968 4850 aderam
1005 4811 1019 4860 ;
1050 4794 1214 4848 miser
1267 4790 1414 4846 enim
1465 4803 1564 4859 ego
1613 4805 1678 4844 ac
1712 4789 1948 4844 tenebris
2009 4787 2160 4844 obsi-

582 4895 727 4955 tus;
765 4886 895 4956 quid
919 4895 970 4939 te
995 4884 1341 4939 incommodo
1369 4879 1599 4935 aﬁecisti
1635 4880 1657 4934 ἵ
1689 4881 1792 4934 nisi
1820 4879 1964 4950 quod
2011 4893 2160 4934 nunc

581 4979 819 5048 teipsum
867 4975 1024 5032 nobis
1053 4991 1153 5046 per
1186 4975 1396 5030 litteras
1435 4972 1771 5045 conjunxisti
1801 4990 1814 5026 :
1847 4971 2026 5040 etiam
2060 4986 2162 5026 nos

581 5071 777 5142 spiritu
811 5069 1040 5124 invicem
1087 5071 1386 5133 intuemur,
1417 5077 1470 5123 et
1499 5068 1554 5123 in
1587 5082 1757 5121 unum
1809 5063 2162 5120 convenimus

582 5167 640 5218 in
673 5161 889 5233 spiritu,
931 5160 1108 5215 unain
1130 5159 1362 5215 Domino
1379 5161 1561 5215 anima
1584 5158 1780 5225 effecti,
1811 5173 1911 5228 ego
1943 5157 2163 5213 humilis

584 5256 642 5311 in
661 5254 816 5310 vobis
849 5253 1075 5319 sanctis,
1096 5262 1149 5308 et
1173 5268 1268 5307 vos
1291 5253 1344 5307 in
1377 5269 1484 5308 me.
1513 5251 1878 5318 Quamobrem
1911 5249 2164 5305 Christus

583 5351 640 5402 in
663 5382 667 5386 -
693 5345 873 5401 medio
924 5355 1196 5412 nostrum,
1235 5345 1394 5416 juxta
1431 5359 1676 5400 veracem
1709 5343 1856 5416 illius
1892 5342 2160 5412 pollicita-

582 5442 808 5497 tionem.
841 5439 982 5508 Quid
1011 5437 1208 5494 deinde
1239 5437 1508 5509 reliquum
1539 5447 1622 5493 est
1649 5437 1672 5491 τ
1699 5434 2165 5507 Ut,quemadmo-

548 5537 712 5608 _dum
748 5533 1017 5604 coapimus
1055 5531 1110 5586 in
1139 5529 1418 5586 laboribus
1461 5544 1559 5600 pro
1613 5527 1867 5597 Christo,
1907 5541 2165 5582 consum-

585 5641 796 5682 memus
827 5623 1165 5696 propositum
1194 5623 1356 5680 nobis
1386 5631 1686 5690 certamen,
1719 5620 1859 5678 nihil
1906 5618 2162 5677 reformi-

654 5761 700 5792 “
721 5759 881 5814 Joau.
915 5759 1102 5825 “1,5.

2263 4426 2403 4496 πρός
2433 4443 2501 4496 με
2535 4426 2626 4479 τὸν
2659 4425 2939 4486 ταπεινὸν,
2964 4425 3109 4478 καθὰ
3134 4424 3406 4491 ἐδίδαξας,
3455 4423 3530 4494 μὴ
3566 4423 3840 4492 ἐπιτυχών

2265 4536 2368 4589 μου
2405 4518 2500 4571 τοῦ
2547 4518 2922 4590 συνοψισμοῦ;
2971 4517 3067 4570 καὶ
3133 4517 3383 4579 εἰκότως.
3447 4515 3668 4586 Ἐπειδὴ
3709 4516 3837 4587 γὰρ,

2262 4611 2338 4675 ὡς
2385 4611 2788 4682 ὑπελάμϐανες,
2828 4611 2928 4662 οὐκ
2976 4605 3044 4679 ἦν
3075 4627 3088 4640 ·
3150 4611 3368 4679 οίκτρδς
3412 4608 3524 4679 γὰρ
3583 4608 3700 4678 ἐγὼ
3748 4609 3840 4661 καὶ

2265 4704 2538 4768 σκοτεινὸς
2563 4719 2577 4732 ·
2616 4703 2670 4756 τί
2694 4704 2781 4756 ἵνα
2809 4704 2905 4756 καὶ
2941 4701 3208 4770 ὲϐλάϐης;
3261 4701 3400 4772 πλὴν
3454 4702 3538 4755 ὅτι
3596 4701 3839 4771 συνῆψας

2262 4797 2396 4866 ἡμῖν
2418 4796 2612 4849 ἑαυτὸν
2655 4796 2775 4848 νυνὶ
2820 4795 2908 4848 διὰ
2935 4794 3030 4848 τοῦ
3059 4794 3387 4865 γράμματος
3416 4809 3432 4822 ·
3492 4795 3590 4847 καὶ
3622 4794 3838 4865 ὁρῶμεν

2262 4888 2526 4959 ἀλλήλους
2555 4887 2656 4958 ἤδη
2685 4886 2765 4958 τῷ
2794 4885 3065 4956 πνεύματι
3095 4903 3108 4916 ·
3138 4887 3235 4939 καὶ
3269 4885 3349 4948 είς
3386 4884 3589 4938 ταυτὸν
3637 4883 3838 4954 συνήλ-

2263 4980 2430 5051 θομεν
2462 4982 2522 5034 ὲν
2551 4978 2824 5050 πνεύματι
2849 4993 2862 5006 ⁸
2893 4980 2994 5049 μία
3024 4977 3173 5049 ψυχὴ
3196 4978 3255 5030 ἐν
3286 4975 3479 5047 Κυρίῳ
3520 4975 3835 5044 γεγονότες,

2265 5071 2429 5140 ὲγὼό
2461 5071 2718 5135 ταπεινὸς
2765 5073 2823 5124 ὲν
2875 5071 3006 5140 ὑμῖν
3048 5072 3163 5132 τοῖς
3205 5069 3404 5137 ἁγίοις,
3449 5069 3544 5121 καὶ
3575 5068 3738 5137 ὑμεῖς
3784 5067 3840 5118 ἐν

2264 5163 2420 5233 ἐμοί’
2459 5163 2655 5233 ὅτιπερ
2713 5162 2948 5234 Χριστὸς
2981 5165 3038 5215 ὲν
3096 5161 3247 5232 μέσῳ
3295 5160 3648 5230 ἀμφοτέρων,
3701 5158 3842 5212 κατά

2265 5255 2364 5326 τὴν
2389 5253 2600 5324 ἀψευδῆ
2646 5253 3000 5322 ἐπαγγελίαν.
3053 5254 3119 5306 Τί
3169 5253 3353 5306 λοιπὸν
3399 5252 3516 5317 Eri;
3549 5253 3657 5316 ἵνα,
3697 5250 3842 5306 καθά

2264 5346 2615 5417 ἐνηρξάμεοα
2651 5347 2709 5398 ἐν
2742 5348 2856 5410 τοῖς
2907 5345 3050 5416 ὑπὲρ
3081 5343 3321 5416 Χριστοῦ
3354 5345 3707 5416 μαρτυρίοις,
3755 5359 3840 5396 τε·

2265 5437 2580 5508 λειώσωμεν
2611 5437 2705 5490 τὸν
2773 5436 3137 5510 προκείμενον
3203 5437 3337 5508 ἡμῖν
3393 5435 3600 5505 ἀγῶνα,
3670 5433 3842 5505 μηδὲν

2267 5529 2712 5600 ὑποπτήσσοντες
2737 5545 2753 5563 ο
2800 5529 2876 5601 μὴ
2915 5527 3132 5602 πληγὰς
3185 5526 3365 5594 αὖθις,
3418 5528 3494 5600 μὴ
3528 5527 3732 5598 δεσμὰ,
3767 5524 3845 5597 μὴ

2271 5619 2712 5692 στρεϐλωτῆρας,
2751 5621 2828 5692 μὴ
2863 5619 2996 5692 πῦρ,
3025 5621 3100 5693 μὴ
3139 5619 3313 5690 ξίφος,
3364 5619 3440 5690 μὴ
3489 5618 3651 5688 ὕδωρ,
3708 5617 3844 5688 μηδὲ
