4054 6364
283 296 418 364 1197

1488 285 2030 351 EPISTULARUM
2063 285 2210 348 LIB.
2246 285 2307 346 II

3389 279 3526 344 1198

284 411 585 484 μάχαιραν.
625 404 814 470 (meo);
850 401 1166 458 ὑποτίθεται
1217 403 1350 474 ἡμῖν
1379 403 1408 457 6
1439 402 1599 472 λόγος
1622 419 1638 435 ο
1687 399 1862 464 οὕτως

1981 397 2178 465 lantes,
2196 411 2306 452 non
2331 396 2513 467 plagas
2539 409 2722 466 porro.
2757 408 2864 449 non
2891 393 3130 460 vincula,
3157 407 3265 448 non
3297 401 3540 449 tormen-

281 503 384 576 βοᾷ
407 500 438 556 6
473 497 804 560 ’Δπόστολος
830 512 845 526 ·
874 493 1053 558 οὓτως
1085 496 1120 566 ἡ
1147 493 1432 558 τελείωσις
1477 493 1586 548 τῶν
1643 493 1856 565 μαρτύ-

282 611 394 671 ρων
421 592 700 648 ἀπάντων.
733 589 847 643 Οὐκ
893 587 1061 658 ὲσμὲν
1099 585 1448 656 ἀγενέστεροι
1493 583 1673 638 αὐτῶν
1703 597 1719 614 ’
1754 581 1858 637 κᾶν

279 685 393 756 ἐγὼ
419 683 613 748 τάλας,
644 683 710 735 ὲκ
740 679 876 733 Θεοῦ
907 679 1002 734 καὶ
1025 677 1180 732 αὐτοὶ
1201 677 1463 748 ἐγεννήθη
1474 693 1571 748 μεν
1593 693 1606 707 ·
1638 675 1738 747 τὴν
1759 675 1860 728 αύ-

276 781 380 852 τὴν
412 776 622 850 μητέρα
644 777 747 845 τῆς
767 770 1041 834 υἱοθεσίας
1067 769 1403 840 κεκτήμεθα.
1447 769 1674 823 Ἐκεῖνοι
1697 767 1862 840 nemo;

231 875 254 937 ς
277 870 564 942 φόρησαν⁶
599 865 696 920 καὶ
720 865 886 936 ἡμεῖς
914 861 1408 933 ἁσχημονήσομεν;
1458 863 1716 929 γυναῖκες
1763 859 1862 914 καὶ

280 962 448 1032 κόραι
521 956 902 1027 ὲστέφθησαν·
964 953 1062 1008 καὶ
1122 954 1284 1023 ἡμεῖς
1348 953 1857 1023 φιλοσαρκήσομεν;

279 1055 538 1123 γέροντες
567 1048 665 1104 καὶ
697 1048 871 1120 νήπιοι
892 1045 1212 1116 νενικήκασι
1245 1043 1538 1116 τυράννους
1571 1044 1668 1098 καὶ
1703 1043 1859 1112 βασι-

279 1144 541 1205 λεύοντας
569 1159 584 1172 ·
614 1139 711 1194 καὶ
735 1139 900 1210 ἡμεῖς
922 1137 1334 1207 ίλιγγιάσομεν;
1373 1133 1643 1205 οὐδαμῶς.
1671 1133 1863 1204 Δῶμεν

280 1236 384 1299 τὰς
415 1233 624 1304 σάρκας
644 1231 758 1292 τοῖς
783 1226 1135 1300 σαρκοφίλοις
1165 1241 1180 1256 ·
1213 1227 1248 1296 η
1277 1224 1424 1296 ψυχὴ
1457 1223 1716 1293 ἄληπτος.
1769 1223 1862 1294 Μὴ

283 1325 615 1399 φοϐηθῶμεν
648 1320 794 1388 τοὺς
821 1319 1322 1390 σωματοκτόνους
1346 1333 1362 1349 ·
1393 1317 1555 1372 ἀλλὰ
1603 1315 1712 1370 τὸν
1755 1315 1862 1371 δυ-

282 1418 553 1488 νάμενον
579 1413 678 1468 καί
711 1410 925 1482 ψυχὴν
979 1409 1080 1464 καὶ
1123 1408 1296 1478 σῶμα
1343 1408 1414 1462 ἐν
1464 1407 1678 1479 γεέννῃ
1710 1406 1863 1462 ἀπο-

281 1509 486 1566 λέσαι.
512 1504 692 1561 Τανῢν
725 1502 1048 1572 ἀγαλλίασις
1077 1499 1172 1554 καὶ
1209 1498 1467 1570 θυμηδία.
1525 1498 1710 1567 Εἴπερ
1751 1500 1863 1568 γὰρ

285 1598 751 1672 συμπάσχομεν,
787 1593 885 1649 καὶ
909 1593 1554 1661 συνδοξασθησόμεθα.
1588 1591 1865 1664 Θρηνείτω

283 1695 317 1748 6
343 1690 612 1753 διάϐολος,
642 1687 739 1742 καὶ
767 1686 818 1740 of
851 1684 1016 1740 αὑτοῦ
1049 1683 1323 1756 ὑπηρέται
1348 1699 1363 1714 °
1398 1683 1560 1737 τοῦτο
1619 1684 1727 1755 γὰρ
1759 1683 1864 1737 πά.

1975 499 2050 555 ta,
2099 503 2207 545 non
2256 489 2457 560 ignem,
2491 503 2602 542 non
2651 501 2858 550 ensem,
2904 499 3012 539 non
3044 499 3265 554 aquam,
3292 499 3399 539 non
3433 485 3541 554 gla-

1959 581 2110 637 dium
2142 580 2210 634 δ’.
2245 579 2337 635 Sic
2369 579 2485 649 ipsa
2521 593 2622 634 nos
2652 577 2934 647 Scriptura
2962 577 3217 631 admonet
3249 591 3264 628 :
3297 575 3378 631 sic
3397 575 3542 646 Apo-

1959 673 2132 730 stolus
2182 671 2420 727 clamat:
2448 672 2527 726 sic
2563 677 2868 740 martyrum
2904 667 3150 721 omnium
3181 681 3541 724 consumma-

1961 765 2056 820 tio.
2103 761 2223 819 Non
2275 771 2406 818 sunt
2462 761 2643 827 nobis,
2675 775 2841 830 quam
2871 759 2997 825 illis,
3029 758 3212 813 minus
3254 759 3388 814 clari
3441 776 3541 814 na-

1959 855 2116 920 tales,
2145 867 2459 924 quanquam
2514 867 2616 924 ego
2662 849 2851 906 infelix
2886 866 2902 916 ;
2933 864 3001 904 ex
3063 848 3176 904 Deo
3206 857 3261 904 et
3288 849 3388 919 ipsi
3425 851 3538 904 nati

1962 960 2155 1002 sumus
2185 944 2430 999 eamdem
2458 941 2770 1012 adoptionis
2800 949 3031 994 matrem
3062 939 3262 1009 adepti.
3297 939 3377 994 Illi
3403 954 3542 1012 prae-

1962 1039 2072 1093 mia
2123 1036 2360 1091 retulere
2395 1053 2409 1090 :
2450 1042 2506 1090 et
2564 1048 2670 1088 nos
2721 1033 3018 1104 degeneres
3043 1031 3250 1087 erimus
3279 1031 3304 1086 ‘I
3331 1031 3548 1087 feminae

1961 1144 2027 1186 ac
2052 1128 2248 1201 puellae
2271 1135 2546 1184 coronatae
2567 1133 2696 1182 sunt
2725 1143 2740 1180 :
2769 1136 2824 1180 et
2854 1140 2954 1181 nos
2977 1124 3131 1180 carni
3163 1122 3547 1180 blandiemur?

1961 1236 2122 1278 senes
2171 1228 2227 1275 et
2283 1211 2440 1290 pueri
2481 1228 2745 1290 tyrannos
2792 1217 2973 1272 vicere
3021 1225 3078 1271 et
3123 1231 3322 1286 reges:
3357 1226 3412 1270 et
3445 1231 3547 1271 nos

1962 1320 2244 1383 stupentes
2301 1311 2630 1367 haerebimus
2662 1309 2686 1364 ?
2722 1309 2945 1365 Minime
2987 1324 3139 1365 vero.
3177 1307 3410 1364 Carnem
3459 1309 3548 1364 di-

1925 1405 2248 1460 ‘mittamus
2297 1403 2384 1459 his
2413 1404 2510 1474 qui
2563 1417 2786 1459 carnem
2832 1401 3062 1473 diligunt
3090 1420 3104 1457 :
3132 1401 3352 1457 animus
3401 1402 3546 1456 inte-

1963 1499 2066 1553 rim
2097 1497 2628 1570 expugnarinequit.
2688 1496 2766 1551 Ne
2791 1496 3085 1551 timeamus
3110 1511 3200 1550 eos
3256 1497 3347 1566 qui
3407 1496 3550 1549 occi-

1962 1590 2095 1644 dunt
2155 1605 2346 1660 corpus
2381 1603 2400 1642 :
2431 1588 2521 1643 sed
2563 1603 2682 1643 eum
2734 1588 2825 1657 qui
2843 1596 3015 1655 potest
3055 1589 3291 1640 animam
3333 1595 3382 1641 et
3433 1602 3552 1641 cor-

1967 1700 2064 1753 pus
2119 1683 2334 1753 perdere
2379 1682 2436 1737 in
2499 1689 2785 1754 gehennam
2825 1682 2895 1736 '°.
2955 1681 3014 1736 ln
3087 1681 3342 1751 praesenti
3409 1681 3552 1736 laeti-

287 1797 512 1854 σχουσιν
531 1781 588 1832 ὲν
609 1779 677 1849 τῇ
701 1775 1111 1844 ἀκαταπλήκτῳ
1131 1773 1381 1827 ὲνστάσει
1401 1772 1512 1826 τῶν
1531 1772 1869 1843 μαρτυρούν-

1981 1777 2048 1832 tia
2084 1751 2170 1833 est
2195 1785 2251 1832 et
2288 1751 2541 1833 alacritas
2575 1795 2588 1832 :
2625 1775 2898 1848 Siquidem
2928 1776 3067 1830 etaim
3106 1776 3482 1845 compatimur,
3502 1783 3555 1830 et

285 1890 420 1928 των.
452 1871 562 1943 Φὴς
590 1869 664 1942 μὴ
700 1867 903 1922 ἰδέσθαι
933 1865 1157 1920 πώποτε
1180 1863 1406 1936 βασιλέα
1435 1881 1451 1897 ο
1489 1864 1622 1935 μηδὲ
1641 1864 1869 1937 ἄρχουσι

291 1965 631 2038 παρεστάναι
665 1979 681 1994 ·
720 1959 1015 2015 κάντεῦθεν
1041 1975 1162 2022 πως
1199 1957 1396 2030 δεδιᾷν.
1438 1957 1744 2028 Μηδαμῶς.
1796 1953 1870 2011 Ὦ

293 2055 502 2128 Πάτερ,
543 2052 958 2123 καταφρόνησον
1006 2049 1356 2122 ἀμφοτέρων,
1387 2051 1416 2103 6
1447 2049 1686 2120 Χριστὸν
1731 2050 1870 2121 ἔχων

293 2147 668 2217 ἐνδεδυμένον.
715 2143 953 2206 Ἐκεῖνός
995 2159 1056 2196 σε
1101 2142 1363 2213 πτηξάτω
1388 2142 1578 2214 ῶσπερ
1611 2143 1706 2196 καὶ
1758 2143 1872 2197 δαί-

291 2259 460 2315 μονες
484 2257 501 2275 ο
541 2237 755 2303 ἄνοιξον
787 2238 880 2290 σὸν
918 2231 1096 2307 στόμα
1122 2234 1316 2308 παρὼν
1367 2235 1507 2307 πρὸς
1557 2236 1740 2290 αὐτόν,
1785 2238 1874 2288 Αο.

291 2332 520 2408 θήσεται
550 2333 660 2402 γάρ
696 2346 780 2383 σοι
823 2329 980 2395 λόγος
1010 2344 1023 2358 ·
1051 2327 1292 2400 Χριστὸς
1337 2327 1725 2399 ἐπηγγείλατο.
1780 2329 1875 2381 Ἐ-

289 2423 488 2496 λεγξον
509 2421 696 2486 αὐτὸν,
740 2421 790 2474 εί
829 2419 1200 2492 ματαιολογεῖ.
1233 2419 1306 2473 Ού
1339 2418 1430 2472 τὸν
1473 2419 1678 2490 Ἀχαάὅ
1706 2419 1872 2490 ἤλεγ-

293 2516 389 2584 ξεν
448 2513 671 2582 Ἠλίας;
712 2513 772 2567 οὐ
815 2512 907 2566 τὸν
947 2511 1200 2584 Ἡρώδην
1245 2510 1540 2580 Ἰωάννηςς
1575 2511 1676 2565 οὐκ
1726 2509 1876 2564 ἄλλοι

289 2605 423 2668 τοὺς
465 2603 697 2670 ἄλλους;
749 2600 840 2656 ἵνα
891 2599 968 2672 μὴ
1003 2598 1392 2670 κατονομάζων
1423 2599 1768 2672 μακρολογῶ.
1817 2599 1876 2658 '0

291 2695 420 2749 τότε
456 2694 610 2759 Θεὸς,
661 2693 757 2747 καὶ
813 2690 934 2746 νῦν.
983 2689 1072 2754 Ὠς
1127 2690 1418 2764 ἠγάπησεν
1465 2692 1730 2758 ἐκείνους,
1781 2690 1878 2746 καὶ

293 2787 465 2859 ἡμᾶς.
487 2784 785 2858 Μαθητιῶν
826 2780 895 2857 ἧς
930 2786 1044 2848 τοῖς
1069 2783 1418 2850 ἀποστόλοις,
1453 2785 1708 2856 μάρτυσι,
1746 2802 1882 2856 προσ

297 2879 525 2951 ιρὴταις,
582 2877 885 2947 Πατράσιν,
935 2875 1126 2939 ὁσίοις.
1182 2874 1242 2928 '0
1271 2875 1484 2948 καρπὸς
1540 2874 1618 2946 τῷ
1681 2875 1881 2948 δένδρῳ

297 2966 689 3042 ἑξομοιούσθω,
751 2965 851 3020 καὶ
903 2967 954 3018 εί
1015 2965 1092 3038 μὴ
1161 2965 1306 3020 οὕτω
1382 2967 1834 3038 περιπατήσομεν
1863 2984 1878 2998 ο

296 3061 486 3116 σκαιοὶ
516 3060 613 3114 καὶ
644 3059 767 3130 οὐχὶ
791 3057 1055 3130 μαθηταὶ,
1093 3058 1213 3112 οὐδὲ
1261 3058 1391 3124 υἱοὶ,
1450 3058 1573 3112 οὐδὲ
1630 3058 1837 3130 καρποί
1863 3075 1878 3091 ο

299 3153 442 3210 ἀλλὰ
469 3154 567 3225 τῆς
597 3151 982 3224 ἀντικειμένης
1009 3150 1228 3222 μερίδος
1249 3167 1264 3182 ο
1294 3150 1402 3204 τῶν
1430 3151 1775 3222 φιλοκόσμων
1794 3151 1881 3224 δὴ,

295 3243 469 3315 λέγω,
496 3242 593 3297 καὶ
621 3241 1002 3312 δουλοσάρκων
1025 3257 1039 3272 ·
1098 3233 1172 3294 ὧν
1203 3239 1302 3311 τὴν
1329 3240 1563 3312 μίμησιν
1595 3241 1885 3312 φύγοιμεν,

301 3333 664 3404 ὲπιτύχοιμεν
714 3332 772 3386 δὲ
807 3331 968 3394 Θεοῦ,
1036 3327 1434 3402 τελειοφρόνως
1493 3331 1890 3401 ἀγωνιζόμενοι

304 3427 368 3479 ἒν
395 3423 617 3496 Χριστῶ
647 3421 826 3492 Ἰησοῦ
848 3420 926 3492 τῷ
958 3419 1151 3491 Κυρίῳ
1181 3420 1340 3490 ἡμῶν
1397 3421 1646 3492 εἰρηκότι
1682 3437 1698 3453 ο
1741 3423 1891 3492 Sap-

306 3517 492 3584 σεῖτε,
519 3515 634 3586 ἐγὼ
659 3515 955 3582 νενίκηκα
991 3514 1102 3568 τὸν
1122 3514 1378 3581 κόσμον.

1973 1869 2582 1941 congloriﬁcabimur“.
2636 1869 2844 1941 Lugeat
2903 1867 3158 1923 diabolus
3214 1877 3270 1923 et
3318 1865 3554 1922 ministri

1973 1961 2092 2032 ejus
2126 1978 2141 2015 :
2170 1960 2318 2016 hunc
2367 1962 2511 2016 enim
2553 1959 2685 2031 ipsis
2731 1960 2974 2016 dolorem
2997 1959 3142 2030 parit
3167 1959 3368 2014 invicta
3406 1973 3554 2012 mar-

1973 2063 2152 2126 tyrum
2219 2052 2549 2108 constantia.
2623 2051 2916 2124 Nunquam
2977 2061 3032 2108 te
3087 2066 3269 2122 regem
3322 2052 3406 2108 ais
3459 2067 3558 2107 co-

1972 2159 2092 2198 ram
2143 2143 2428 2209 intuitum,
2478 2157 2578 2198 nec
2627 2144 2683 2197 in
2735 2152 3090 2214 conspectum
3150 2145 3363 2198 venisse
3426 2159 3559 2214 pro-

1972 2251 2180 2300 cerum,
2210 2243 2374 2305 atque
2417 2235 2622 2290 idcirco
2665 2237 3044 2292 extimescere.
3097 2236 3277 2292 Absit.
3305 2232 3349 2289 Ο
3376 2233 3558 2302 Pater,

1977 2339 2246 2397 utrosque
2286 2343 2508 2397 sperne,
2539 2328 2631 2397 qui
2664 2327 2942 2383 Christum
2976 2328 3158 2383 habes
3187 2343 3351 2398 quem
3381 2327 3562 2382 indui-

1975 2421 2064 2476 sti.
2096 2420 2189 2474 llle
2221 2429 2270 2474 te
2319 2421 2504 2474 timeat
2532 2421 2608 2474 uti
2632 2431 2686 2474 et
2715 2420 3012 2477 daemones.
3052 2419 3256 2476 Rescra
3284 2435 3347 2475 os
3387 2429 3560 2482 tuum,

1976 2529 2100 2569 cum
2147 2513 2290 2584 apud
2334 2513 2512 2582 ipsum
2572 2528 2759 2568 coram
2810 2529 2958 2584 ages.
2994 2513 3227 2569 Dabitur
3262 2513 3408 2568 enim
3464 2513 3562 2569 tibi

1977 2619 2206 2668 sermo;
2243 2604 2497 2660 Christus
2546 2605 2820 2672 pollicitus
2861 2614 2948 2660 est
2972 2607 3040 2661 δ’.
3097 2605 3282 2676 Argue
3332 2621 3458 2660 cum
3515 2604 3564 2660 si

1978 2695 2162 2752 inania
2223 2695 2485 2766 loquitur.
2533 2695 2652 2750 Non
2682 2695 2871 2752 Achab
2904 2695 3054 2752 Elias
3112 2683 3401 2767 coarguit?
3442 2694 3564 2750 Non

1978 2785 2247 2844 Herodem
2306 2787 2596 2846 Joannes?
2627 2805 2737 2845 non
2774 2790 2912 2846 alios
2957 2791 3092 2845 alii?
3127 2798 3186 2846 ut
3209 2805 3278 2845 ne
3316 2789 3566 2860 singulos

1981 2880 2304 2952 appellando
2335 2881 2437 2936 sim
2479 2881 2718 2952 longior.
2775 2880 2879 2949 Qui
2923 2892 3053 2937 tunc
3115 2881 3280 2948 Deus,
3312 2882 3454 2937 idem
3513 2891 3569 2938 et

1982 2987 2152 3027 nunc.
2203 2970 2272 3026 Ut
2297 2971 2419 3026 illos
2440 2973 2650 3038 dilexit,
2687 2973 2762 3028 ita
2789 2982 2844 3028 et
2876 2988 2996 3028 nos.
3026 2972 3322 3028 Alumnum
3356 2981 3406 3027 te
3442 2987 3571 3043 pro-

1984 3061 2162 3117 fessus
2215 3077 2274 3118 es
2322 3063 2719 3134 apostolorum,
2777 3075 3101 3136 martyrum,
3156 3065 3568 3134 prophetarum,

1983 3155 2241 3222 Patrum,
2297 3167 2645 3213 sanctorum.
2707 3156 2904 3210 Arbori
2959 3154 3169 3232 fructus
3221 3155 3570 3231 respondeat.

1983 3249 2102 3304 Nisi
2139 3249 2286 3304 enim
2329 3265 2428 3305 nos
2476 3249 2550 3304 ita
2596 3249 2858 3320 gerimus,
2899 3248 3193 3318 degeneres
3221 3261 3432 3310 sumus,
3456 3262 3571 3301 non

1986 3339 2261 3410 discipuli,
2316 3355 2425 3394 non
2473 3340 2592 3406 filii,
2641 3354 2753 3394 non
2787 3338 3002 3394 fructus
3033 3357 3046 3392 :
3077 3337 3171 3393 sed
3203 3339 3256 3392 in
3296 3337 3576 3394 contraria

1987 3439 2143 3499 parte
2201 3446 2416 3497 sumus,
2451 3445 2640 3484 eorum
2691 3429 2836 3494 dico,
2866 3428 2958 3499 qui
3015 3429 3279 3483 mundum
3319 3427 3572 3499 diligunt,

1991 3521 2087 3590 qui
2128 3521 2278 3577 carni
2307 3521 2556 3576 serviunt
2587 3539 2601 3575 :
2637 3535 2870 3591 quorum
2905 3521 3152 3591 exempla
3182 3519 3477 3591 fugiamus,
3517 3529 3577 3572 ut

309 3610 424 3671 frui
478 3609 590 3664 Deo
634 3607 935 3677 possimus.
968 3604 1118 3662 omni
1149 3619 1250 3673 ope
1277 3613 1550 3660 certantes
1575 3605 1630 3660 in
1669 3604 1893 3660 Christo
1961 3605 2092 3667 Jesu
2147 3613 2377 3670 Domino
2441 3624 2649 3678 nostro,
2684 3613 2777 3684 qui
2819 3612 3304 3684 dixit:Conﬁdite,
3345 3629 3440 3687 ego
3477 3613 3580 3669 vici

310 3703 572 3758 mundum
598 3702 667 3756 ⁸³.

309 3813 432 3870 ΚΘ.
465 3843 537 3854 -
565 3810 816 3884 Μεγαλῷ
866 3811 967 3865 καὶ
1011 3811 1214 3879 Μαρίᾳ
1251 3807 1673 3879 μοναζούσαις.
1715 3811 1893 3884 {avehi

2109 3813 2305 3870 XXIX.
2345 3845 2418 3853 —
2450 3814 2716 3885 Megaloni
2741 3825 2790 3870 et
2833 3816 3023 3871 Maria:
3075 3817 3414 3873 monialibus.
3453 3825 3470 3843 ‘

1670 3927 1725 3978 In
1759 3928 1895 3979 obitu
1933 3929 2201 3994 praepositi.

385 4039 460 4092 T6
486 4037 720 4108 γράμμα
747 4035 901 4106 ὑμῶν
928 4035 1109 4106 τίμιον
1140 4049 1153 4062 ⁸
1197 4035 1289 4088 καὶ
1326 4036 1367 4106 ή⁴
1387 4039 1732 4108 προσηγορία
1761 4057 1885 4093 συν·
1917 4095 1924 4102 ,

312 4131 455 4203 ετήο
507 4132 542 4202 ὴ
591 4131 650 4183 δὲ
714 4128 968 4197 ἀγγελία,
1007 4127 1060 4180 τί
1099 4124 1270 4193 simu;
1314 4127 1570 4198 ὀδυνηρά,
1631 4130 1664 4200 ἦ
1723 4149 1890 4202 χαρο-

2066 4039 2406 4096 Venerabilis
2461 4038 2694 4107 epistola
2758 4050 2961 4105 vestra,
3019 4041 3240 4096 cordata
3281 4043 3573 4099 salutatio:

1993 4133 2216 4191 nuntius
2249 4145 2394 4190 vero.
2421 4130 2549 4199 quid
2577 4130 2753 4184 dicam
2777 4131 2799 4184 ?
2844 4132 3106 4200 plenusne
3127 4134 3328 4201 luctus,
3355 4151 3422 4190 an
3449 4153 3583 4206 gau-

313 4222 501 4287 σποιόςς
559 4222 616 4275 '0
647 4220 778 4292 ἐμὸς
833 4219 1023 4290 Πατὴρ
1076 4218 1434 4290 ὲξεδήμησεν,
1490 4224 1517 4275 6
1557 4223 1881 4296 ὀμολογητὴς

1997 4227 2074 4282 dii
2099 4227 2122 4280 ?
2151 4224 2311 4280 Pater
2337 4238 2495 4277 meus
2533 4224 2764 4280 excessit
2785 4241 2815 4279 e
2845 4224 3243 4288 vivis,.Christi
3274 4228 3580 4297 confessor,

312 4314 576 4389 Χριστοῦ,
603 4317 632 4370 6
659 4315 912 4385 δεύτερος
981 4313 1124 4383 Ἰὼσ,
1178 4313 1240 4367 τὸ
1309 4315 1739 4388 ὲγκαλλώπισμα
1783 4317 1881 4372 τῶι

1993 4320 2096 4376 Job
2115 4319 2268 4382 alter,
2293 4315 2460 4371 decus
2483 4316 2900 4380 monachorum,
2925 4318 3212 4374 charitatis
3240 4322 3580 4387 conciliator,

317 4406 624 4480 μοναστῶν,
648 4408 676 4460 ὁ
695 4406 794 4476 τῆς
817 4404 1038 4475 ἀγάπης
1057 4407 1132 4476 Δη
1141 4405 1429 4476 μιουργὸς,
1450 4405 1480 4457 6
1503 4407 1899 4479 παντοφίλητος

313 4497 482 4570 ἀνὴρ,
511 4498 541 4552 6
562 4497 657 4551 τοῦ
681 4496 819 4552 θεοῦ
846 4497 1153 4568 ἄνθρωπος,
1181 4499 1209 4550 ὀ
1237 4497 1582 4568 πολύδακρυς
1598 4498 1898 4569 ὀφθαλμὸς,

312 4587 347 4640 6
385 4583 688 4656 φιλομαθὴς
714 4584 862 4650 νοῦς,
892 4583 920 4638 ὁ
951 4585 1074 4657 θείᾳ
1113 4583 1316 4654 γνώσει
1350 4587 1840 4658 πεπλουτισμένος,
1871 4589 1902 4642 6

314 4677 488 4740 πολὺς
525 4676 584 4729 ὲν
614 4676 1113 4749 ταπεινοφροσύνῃ,
1143 4677 1238 4732 καὶ
1267 4678 1558 4743 πολλοστὸς
1575 4681 1634 4733 ὲν
1666 4680 1898 4748 συνέσει,

314 4770 348 4824 6
387 4767 691 4838 περιφανὴς
737 4767 846 4838 πρὸ
873 4770 1175 4838 σχήματος,
1213 4770 1307 4822 καὶ
1343 4771 1483 4839 μετά
1534 4771 1635 4844 τὴν
1679 4789 1903 4844 μοναχι-

316 4857 426 4928 κήν
446 4855 728 4910 τελείωσιν
763 4855 1088 4928 ὑπέρτερος.
1132 4856 1192 4910 '0
1227 4857 1400 4922 δεθεὶς
1419 4860 1477 4912 ἐν
1509 4860 1700 4933 ἀγάπῃ
1727 4861 1864 4914 Θεοῦ
1885 4877 1900 4892 ο

316 4944 622 4998 κάντεῦθεν
662 4946 905 5014 μισήσας
936 4945 1141 5016 κόσμον
1163 4963 1176 4976 ·
1209 4946 1335 5011 δούς
1375 4965 1434 5001 τε
1467 4953 1670 5020 προῖκα
1721 4951 1903 5004 πάντα

315 5035 547 5108 Χριστῷ
565 5035 860 5091 πολύολϐον
897 5037 1087 5092 οὐσίαν
1128 5053 1142 5068 ·
1183 5033 1304 5093 εἶτα
1358 5040 1698 5112 διαζευχθεὶς
1745 5059 1902 5113 περι-

318 5127 481 5192 δόξου
508 5125 804 5198 ὁμοζύγου,
835 5127 1029 5197 γένους
1057 5147 1117 5182 τε
1165 5131 1260 5183 καὶ
1283 5131 1454 5198 φίλων
1484 5134 1577 5185 καὶ
1611 5133 1860 5202 συνήθων
1890 5149 1904 5164 ο

319 5221 353 5273 ὁ
409 5218 814 5283 καταλελοιπὼς
875 5219 1158 5292 περίγειον
1213 5219 1451 5293 ἀξίωμα,
1502 5219 1672 5289 οἷκον,
1729 5225 1906 5292 πόλιν,

323 5315 588 5388 πατρίδα,
637 5317 732 5371 καὶ
773 5316 945 5372 ταῦτα
972 5318 1031 5371 ὲν
1069 5316 1399 5392 ἀκμαζούσῃ
1440 5317 1631 5388 ἡλικίᾳ
1661 5333 1675 5346 ⁸
1709 5317 1910 5388 εὐπρε-

323 5409 462 5482 πείᾳ
492 5425 555 5462 τε
594 5408 891 5481 προσώπου
937 5413 1030 5464 καὶ
1083 5411 1208 5480 ὕψει
1237 5409 1490 5481 ήλικίας’
1540 5408 1822 5481 εύσθενείᾳ
1848 5425 1907 5461 τε

325 5497 607 5570 σώματος,
642 5499 740 5555 καὶ
761 5499 1312 5572 ἀμφοτεροδεξιὸτητι
1336 5501 1577 5573 τρόπων,
1607 5499 1816 5568 νοητῶν
1849 5515 1910 5552 τε

326 5590 428 5646 καὶ
450 5591 664 5663 ὁρατῶν
696 5607 711 5622 ⁸
748 5593 844 5648 καὶ
865 5593 1039 5648 πλείω
1069 5593 1275 5648 τούτων
1309 5593 1376 5647 ἄν
1398 5610 1484 5658 τις
1511 5590 1704 5658 εἰπὼν,
1758 5593 1912 5646 ἐλάτ-

1997 4411 2084 4466 vir
2138 4408 2399 4465 omnibus
2439 4407 2661 4470 charus,
2692 4408 2858 4462 homo
2917 4408 3034 4475 Dei,
3060 4410 3146 4464 cni
3177 4421 3439 4481 perpetuo
3472 4429 3584 4466 ma-

1999 4502 2134 4558 dens
2167 4498 2366 4555 oculus
2395 4499 2675 4570 lacrymis,
2731 4515 2884 4556 mens
2917 4500 3160 4556 discendi
3195 4503 3412 4573 cupida,
3443 4505 3585 4558 divi-

2001 4595 2090 4650 nis
2151 4591 2419 4648 doctrinis
2486 4593 2750 4662 locuples,
2815 4593 2869 4646 in
2937 4593 3243 4648 humilitate
3305 4596 3582 4659 assiduus.

2000 4684 2253 4752 idemque
2297 4682 2632 4751 perspicacia
2689 4681 2860 4736 animi
2914 4681 3168 4753 inclytus,
3209 4693 3336 4739 ante
3366 4699 3583 4741 sacrum

2003 4773 2247 4828 habitum
2291 4774 2648 4843 conspicuus,
2681 4781 2735 4827 ct
2758 4773 2898 4826 idem
2920 4783 3044 4842 post
3071 4775 3430 4830 monasticam
3462 4793 3584 4846 per-

2004 4864 2290 4920 fectionem
2324 4863 2483 4932 longe
2521 4863 2887 4932 praestantior.
2949 4861 3045 4918 Ille
3079 4861 3170 4916 Dei
3203 4863 3465 4918 charitate
3493 4866 3589 4919 de-

2003 4955 2238 5019 vinctus,
2289 4969 2354 5008 ac
2406 4952 2602 5007 deinde
2649 4952 2913 5005 mundum
2966 4968 3189 5016 exosus,
3243 4953 3591 5024 gratuitoque

2006 5060 2232 5102 munere
2281 5043 2569 5098 facultates
2637 5059 2848 5108 omnes,
2900 5056 3023 5098 cum
3091 5043 3359 5114 praedives
3423 5057 3590 5107 esset,

2007 5137 2227 5193 Christo
2277 5135 2542 5205 elargitus
2575 5151 2590 5188 :
2623 5150 2750 5189 mox
2807 5135 3092 5204 sejunctus
3155 5145 3239 5191 est
3293 5137 3363 5190 ab
3395 5136 3591 5192 illustri

2008 5228 2258 5298 conjuge,
2292 5243 2323 5282 a
2350 5209 2598 5296 cognatis
2622 5235 2677 5280 et
2699 5225 2892 5284 amicis
2921 5234 2974 5282 et
2999 5225 3362 5282 familiaribus
3392 5245 3406 5281 :
3438 5227 3592 5284 abdi-

2010 5329 2130 5374 cato
2184 5319 2430 5374 terrestri
2489 5318 2835 5388 magistratu,
2895 5319 3080 5372 relicta
3123 5319 3310 5381 domo.
3351 5319 3592 5382 civitate.

2013 5407 2187 5478 patria
2223 5424 2238 5474 ;
2273 5414 2328 5462 et
2357 5407 2472 5461 hare
2503 5406 2557 5460 in
2614 5406 2830 5462 ﬂorenti
2860 5416 3017 5462 aetate
3051 5426 3064 5462 :
3097 5409 3210 5463 oris
3243 5407 3419 5462 forma
3466 5423 3597 5477 per-

2012 5499 2279 5569 elegante,
2324 5497 2582 5553 eminenti
2613 5507 2846 5564 statura,
2887 5498 3088 5568 optima
3111 5499 3358 5567 corporis
3385 5497 3598 5554 valetu-

2013 5591 2171 5659 dine,
2221 5601 2457 5662 utroque
2505 5590 2729 5646 laudum
2790 5606 2989 5660 genere
3041 5591 3332 5660 praeditus,
3362 5599 3416 5647 et
3477 5607 3598 5663 quae

404 5729 450 5761 δ’
486 5726 645 5782 Rom.
675 5743 792 5796 vm,
823 5727 912 5787 35.
1009 5729 1262 5788 “Matth.
1298 5745 1390 5798 xx,
1417 5728 1509 5783 ‘28.
1586 5728 1628 5760 ⁸¹
1674 5727 1834 5785 Rom.
1857 5743 1881 5781 ιτ

1981 5726 2060 5780 Ιῗ.
2137 5727 2181 5759 ⁵⁸
2214 5725 2402 5784 Matth.
2445 5742 2499 5794 x,
2532 5726 2619 5782 19.
2695 5725 2922 5781 l".loan.
2961 5741 3033 5794 vr,
3066 5725 3156 5781 53.
