4054 6364
531 342 664 409 1199
1722 351 1782 410 S.
1815 344 2210 407 THEODORI
2248 342 2596 406 STUDITA!
3659 335 3798 400 1200

526 461 712 514 animo
771 460 1146 527 continentur,
1173 472 1226 517 et
1257 477 1380 532 quae
1415 464 1703 520 incurrunt
1732 466 1788 520 in
1811 465 2002 521 oculos
2026 484 2040 521 :
2063 474 2117 519 et

2236 479 2324 516 των
2354 461 2498 515 ἔλθοι
2553 458 2656 530 τῆς
2698 457 2794 513 τοῦ
2853 458 3045 532 ἀνδρὸς
3099 458 3322 530 ἀρετῆς.
3359 451 3530 521 οὗτος
3593 456 3789 528 ᾤχετο,

527 549 573 604 si
605 550 733 622 quis
787 551 942 622 piura
979 553 1199 618 dixerit,
1253 570 1359 608 non
1395 555 1441 609 is
1490 566 1668 610 tamen
1702 557 1808 612 viri
1858 560 2115 612 virtutem

2236 551 2417 623 ἱινῆλθε
2448 552 2585 623 πρὸς
2610 551 2837 623 Κύριον.
2858 552 2966 606 Ποῦ
2986 551 3082 604 καί⁵
3107 551 3256 617 πῶςς
3278 549 3467 622 ἀρθεὶς
3489 549 3663 622 φόρτᾳ
3677 553 3800 620 (εἰς)

528 643 778 700 oratione
799 654 1190 714 consequatur.
1223 645 1366 701 Vixit
1398 647 1507 711 ille,
1532 649 1598 702 ad
1621 649 1918 704 Dominum
1946 649 2112 704 abiit:

2236 662 2281 699 εκ
2305 643 2405 714 τῆς
2438 644 2678 716 ποίμνης
2723 643 2810 698 διὰ
2847 644 2945 717 τὴν
2971 643 3251 699 δύσοιστον
3299 643 3458 698 νόσον
3489 658 3505 676 ο
3561 643 3800 714 φυλακι-

529 737 621 791 ubi
649 743 854 801 autem,
881 744 936 790 et
971 751 1080 805 quo
1113 737 1318 806 pacto?
1347 737 1578 808 Ereptus
1626 739 1938 810 importune
1967 741 2118 812 gregi

2236 736 2369 800 ιθεὶς
2413 738 2472 790 ἐν
2521 737 2679 792 ἄστει
2725 736 2907 803 ἄλλοις
2955 738 3050 793 δύο
3093 738 3239 792 ἔτεσι
3264 736 3360 791 καί⁸
3385 736 3556 806 πρός’
3594 735 3792 790 ἔπειτα

530 827 602 881 ob
637 827 889 882 morbum
920 827 1192 883 diﬂicilem
1228 845 1242 893 ;
1275 830 1520 885 inclusus
1546 847 1766 888 carcere
1817 832 1873 888 in
1900 834 2119 888 civitate

2236 828 2519 900 ιξορισθεὶς
2564 829 2622 882 ἑν
2668 829 2818 901 νήσῳ
2863 830 2972 884 τινί
3006 845 3022 861 ο
3073 831 3300 884 κάκεῖσε
3343 829 3648 894 τελειώσας
3709 831 3801 883 τὸν

531 919 691 975 annis
722 919 936 975 duobus
960 921 1080 975 aliis
1107 928 1162 976 et
1183 935 1248 975 eo
1293 921 1527 992 amplius
1567 941 1579 978 :
1622 924 1819 982 deinde
1849 925 1904 980 in
1927 941 2120 996 quam-

2236 918 2610 992 »μολογητικὸν
2645 919 2849 992 δρόμον
2887 921 3030 994 ὑπὲρ
3061 922 3325 994 Χριστοῦ.

531 1011 655 1065 dam
683 1011 964 1082 ablegatus
987 1011 1245 1077 insulam,
1279 1013 1394 1079 ubi,
1428 1015 1521 1085 qui
1543 1015 1916 1073 confessorem
1941 1018 2116 1084 decet,

533 1116 632 1172 pro
659 1101 878 1156 Christo
899 1116 1118 1155 cursum
1141 1105 1562 1159 consummavit.

602 1192 723 1245 Non
755 1191 919 1262 igitur
965 1191 1102 1246 mihi
1134 1207 1427 1250 maerorem
1485 1197 1575 1251 hic
1616 1211 1778 1254 casus
1817 1196 1996 1264 aiiert,
2023 1196 2118 1252 sed

2289 1191 2404 1247 Ούκ
2427 1191 2691 1263 ὀδυνηρόν
2729 1209 2816 1262 μοι
2844 1189 2939 1246 οῦν
2976 1191 3040 1246 τὸ
3065 1191 3240 1252 πάθος
3263 1208 3280 1223 ο
3327 1191 3464 1246 ἀλλὰ
3515 1190 3612 1247 καὶ
3677 1191 3806 1246 λίαν

533 1283 776 1339 laetitiam
805 1283 1157 1353 singularem.
1211 1284 1329 1340 Non
1363 1287 1453 1341 ille
1493 1297 1578 1343 est
1627 1297 1899 1353 mortuus,
1927 1289 2021 1344 sed
2064 1289 2119 1342 in

2236 1284 2518 1358 περιχαρὲς
2553 1300 2569 1315 ·
2604 1283 2665 1336 οὐ
2699 1282 2966 1355 τέθνηκεν
3002 1298 3018 1315 ·
3058 1283 3198 1339 ἀλλὰ
3261 1285 3499 1356 μετέστη
3541 1287 3625 1350 είς
3666 1285 3804 1340 altit-

535 1375 921 1446 sempiternam
971 1377 1137 1431 vitam
1174 1379 1428 1448 migravit
1460 1399 1473 1435 :
1512 1397 1620 1438 non
1679 1381 1825 1438 hunc
1862 1392 2005 1437 terra
2046 1391 2124 1436 te-

2236 1395 2334 1434 uov
2361 1377 2506 1448 ζωήν
2529 1391 2543 1405 °
2566 1375 2628 1428 ού
2665 1375 2737 1446 γῆ
2781 1374 2946 1429 αὑτὸν
2969 1374 3241 1446 ἐκάλυψεν
3266 1391 3284 1407 ⁶
3309 1376 3426 1430 ἀλλ’
3446 1375 3676 1449 οὐρανὸς
3703 1377 3808 1432 ὕπ-

537 1467 632 1539 git,
665 1468 761 1524 sed
805 1468 1004 1523 cmlum
1041 1469 1406 1539 amplectitur.
1445 1471 1672 1542 Excepit
1716 1473 1864 1528 hunc
1901 1471 2122 1528 confes-

2236 1468 2460 1534 ιδὲξατο.
2525 1467 2826 1522 Ὑπέλαϐεν
2877 1469 3042 1549 αὐτὸν
3092 1470 3125 1541 ἠ
3179 1469 3529 1542 ὁμολογητῶν
3587 1471 3801 1543 χορεία,

538 1575 725 1617 sornm
789 1562 1014 1623 chorus.
1068 1576 1246 1622 cetus
1297 1576 1602 1622 ascetarum
1633 1586 1648 1622 :
1680 1569 1773 1624 ubi
1822 1569 1917 1626 lux
1966 1584 2121 1632 vera,

2236 1563 2256 1633 ἡ
2287 1560 2545 1633 ἀσκητῶν
2601 1561 2906 1632 ὁμοσκηνία
2934 1576 2949 1590 ·
2992 1562 3126 1616 ὅπου
3166 1561 3230 1616 τὸ
3266 1563 3385 1632 φῶς
3427 1562 3488 1617 τδ
3519 1563 3800 1635 ἀληθινὸν,

537 1652 631 1708 ubi
670 1653 828 1708 beata
867 1654 1107 1723 requies,
1138 1666 1360 1728 promer
1413 1674 1578 1728 quam
1603 1658 2011 1728 adipiscendam
2041 1660 2129 1718 la-.

2236 1651 2352 1705 ἔνθα
2391 1655 2446 1707 αί
2479 1651 2750 1724 μακάριαι
2779 1651 3140 1718 ἀναπαύσεις,
3163 1653 3281 1707 ἀνθ’
3305 1647 3382 1708 ὧν
3405 1654 3581 1708 εἵλετο
3615 1656 3803 1709 κόπων

536 1746 696 1803 bores
723 1761 787 1800 ac
810 1746 1090 1802 molestias
1120 1749 1262 1802 ultro
1297 1748 1351 1804 in
1378 1765 1543 1806 carne
1583 1751 1775 1816 subiit,
1808 1759 2119 1805 ascetarum

2236 1742 2320 1796 mi
2347 1743 2524 1796 πόνων
2540 1744 2599 1796 ἐν
2622 1743 2788 1814 σαρκὶ
2815 1743 3132 1814 ἀσκητικῶς
3159 1761 3217 1798 τε
3245 1745 3342 1798 καὶ⁵
3367 1745 3800 1816 όμολογητικῶς.

538 1834 1025 1908 coniessorumque
1060 1838 1188 1893 ritu.
1230 1839 1385 1896 Nunc
1420 1842 1554 1896 mihi
1604 1843 1864 1898 solemnis
1899 1843 2000 1898 iste
2040 1841 2120 1897 fe-

2236 1836 2339 1889 .\"3v
2380 1852 2471 1906 μοι
2502 1813 3034 1908 πανήγυρις,ἐορτὴ,
3055 1835 3294 1906 θυμηδία
3325 1853 3338 1868 ⁶
3381 1813 3517 1892 me
3711 1839 3804 1892 xui.

538 1937 768 1999 stusque
799 1930 938 1998 dies,
967 1947 1116 1987 nunc
1160 1933 1332 1987 animi
1361 1934 1552 2002 ingens
1579 1935 1869 1991 oblectatio
1893 1945 1997 1999 est,
2025 1935 2122 1990 srd

2236 1929 2390 1980 πᾶσιν
2416 1926 2740 1998 ὀρθοδόξοις,
2777 1928 3090 1999 προστάτην
3116 1929 3196 1992 είς
3219 1929 3352 1984 Θεὸν
3395 1929 3806 2001 παραπέμψασι

539 2028 595 2074 et
621 2021 944 2077 orthodoxis
973 2024 1252 2088 omnibus,
1294 2026 1442 2095 quod
1499 2025 1804 2096 adjutorem
1837 2027 1904 2081 ad
1952 2025 2121 2079 Deum

2236 2019 2526 2091 σύνδρομον
2575 2019 2685 2073 τῶν
2757 2021 3186 2090 προδραμόντων
3242 2023 3542 2096 μαρτύρων
3612 2024 3802 2080 τανῦν.

538 2111 915 2179 transmisere,
941 2114 1037 2184 qui
1069 2115 1258 2170 eodem
1277 2117 1441 2172 modo
1495 2127 1657 2188 atque
1686 2129 1953 2190 martyres
1989 2119 2116 2173 hac-

539 2212 700 2260 tenus
762 2219 958 2262 cursus
992 2206 1247 2263 absolvit.
1306 2207 1546 2265 Laetetur
1571 2210 1835 2268 Ecclesia.
1868 2211 2013 2283 quod
2040 2227 2128 2265 cn-

538 2295 758 2352 lumnas
806 2297 988 2352 adlmc
1047 2299 1436 2356 habetzsacer
1488 2303 1622 2358 ordo
1676 2304 1934 2370 exsultet,
1983 2303 2124 2374 quod

537 2389 707 2444 stellae
737 2389 790 2444 in
825 2390 1031 2445 mundo
1084 2408 1307 2447 rursum
1341 2393 1612 2459 oriuntur,
1639 2411 1761 2464 qum
1809 2395 1878 2450 iis
1930 2396 2023 2465 qui
2070 2396 2126 2449 in

537 2477 780 2534 tenebris
833 2481 1105 2536 haereseos
1129 2491 1416 2538 versantur
1434 2483 1612 2538 lucem
1640 2484 1952 2539 ostendant.
1996 2486 2076 2538 0h
2108 2485 2121 2538 !

535 2568 718 2636 Pater,
763 2568 966 2625 Pater!
997 2588 1161 2643 quam
1199 2574 1450 2643 egregius
1503 2589 1698 2630 cursus
1724 2575 1815 2631 ille
1844 2585 1973 2632 tuus
1999 2577 2124 2632 est!

536 2673 701 2729 quam
730 2670 980 2716 sanctum
1007 2673 1420 2720 monumentum
1450 2674 1604 2720 tuum
1632 2668 1645 2723 ί
1673 2683 1836 2738 quam
1867 2668 2023 2724 beata
2051 2683 2131 2723 re.

538 2753 786 2808 cordatio
820 2755 897 2808 tui
933 2756 947 2810 !
985 2755 1158 2814 Totus
1197 2767 1253 2814 tu
1284 2760 1628 2830 splendidus,
1671 2761 1899 2830 pulcher
1963 2771 2126 2818 totus.

537 2843 674 2910 Quis
702 2852 757 2899 te
785 2845 1020 2903 intuitus
1043 2863 1150 2903 non
1177 2850 1367 2907 dilexit
1394 2850 1418 2905 ?
1446 2850 1584 2918 Quis
1631 2851 1730 2907 tibi
1770 2851 1966 2906 obvius
2007 2868 2121 2906 non

536 2933 798 2990 delinitus
829 2945 912 2990 est
942 2935 966 2989 ?
1001 2936 1354 2994 Consuetudo
1385 2949 1476 2995 tua
1505 2941 1788 3011 optabilis,
1837 2942 2016 2996 virtus
2041 2957 2134 2996 ex-

539 3025 803 3096 plorata;
842 3029 974 3099 quid
1023 3031 1297 3101 reliquum
1346 3033 1475 3088 est?
1515 3033 1790 3089 Memento
1837 3043 1950 3089 tum
2010 3051 2132 3104 grc-

2236 2109 2614 2178 Ἀγαλλιάσθω
2645 2112 2676 2180 ἡ
2719 2110 3038 2178 Ἐκκλησία,
3074 2114 3155 2164 ὅτι
3193 2112 3419 2178 στύλοδς
3447 2115 3530 2167 ἔτι
3584 2117 3806 2169 κτᾶται·

2223 2201 2606 2274 εὐφραινέσθω
2643 2202 2672 2255 ὁ
2732 2203 2873 2276 ίερὸς
2904 2204 3091 2266 Θίασος
3114 2242 3130 2267 ,
3175 2205 3259 2258 ὅτι
3306 2207 3597 2280 φωστῆρες
3622 2208 3682 2262 ἐν
3714 2209 3806 2262 κόο

2227 2310 2352 2366 σμῳ
2383 2293 2550 2348 πάλιν
2578 2294 2861 2364 ἀνίσχουσι
2891 2295 3345 2367 φρυκτιιιροῦντες
3377 2298 3506 2363 τοὺς
3539 2301 3600 2353 ἐν
3627 2302 3810 2355 σκότει

2226 2387 2327 2457 τῆς
2351 2387 2638 2459 αἱρέσεως.
2659 2389 2722 2440 Ὢ
2745 2389 2758 2442 !
2785 2381 2829 2440 ὦ
2856 2387 3060 2458 Πάτερ,
3093 2389 3277 2463 Πάτερ
3297 2430 3313 2455 ,
3347 2390 3424 2455 ὡς
3458 2392 3628 2457 καλός
3666 2410 3762 2447 σου
3783 2395 3812 2449 ὁ

2225 2475 2462 2549 δρόμοςί
2499 2477 2577 2541 ὡς
2601 2478 2749 2530 ὅσιον
2766 2477 2826 2530 τὸ
2857 2478 3205 2548 μνημόσυνόν
3249 2482 3381 2534 σουι
3422 2480 3502 2544 ὼς
3539 2484 3813 2555 μακάριον

2227 2572 2291 2626 τὺ
2320 2569 2621 2640 ὑπόμνημά
2665 2571 2793 2624 soul
2849 2569 2975 2634 ὅλος
3028 2573 3092 2625 σὺ
3124 2573 3368 2643 φαιδρὸς,
3424 2575 3546 2638 ὅλος
3575 2579 3809 2647 χαρίεις.

2230 2661 2328 2726 Τίς
2362 2679 2422 2714 σε
2459 2661 2586 2714 ἰδὼν
2609 2661 2711 2714 οὐκ
2739 2661 3032 2731 ἡγάπηκε;
3077 2663 3161 2727 τίς
3199 2663 3255 2717 δέ
3283 2665 3562 2736 συντυχὼν
3610 2666 3671 2721 οὗ
3721 2685 3812 2736 γεο

2231 2753 2570 2821 γλύκανται;
2608 2752 2672 2804 Ἠ
2703 2753 2962 2806 συνουσία
2990 2770 3084 2807 σου
3115 2755 3282 2826 ἐφετή
3307 2772 3322 2786 ·
3354 2759 3388 2828 ἡ
3417 2759 3590 2831 ἀρετὴ
3615 2777 3814 2831 γνωρε-

2234 2845 2418 2914 στική.
2447 2843 2596 2897 Τίτὸ
2627 2843 2845 2912 λοιπόνς
2878 2846 3148 2918 Μέμνησο
3181 2848 3258 2914 ὡς
3293 2853 3394 2920 τῆς
3419 2853 3662 2923 ποίμνης
3697 2871 3810 2920 σου,

2232 2937 2415 3007 κάμοῦ
2451 2935 2547 2991 τοῦ
2581 2937 2676 2990 σοῦ
2717 2937 2856 3003 υἱοῦ,
2893 2941 2996 2991 κΞιν
3021 2941 3311 3012 ἐλαχίστου
3335 2945 3430 2996 καὶ
3452 2946 3810 3017 ἐρριμμένου.

2234 3028 2397 3096 Οἶδας
2416 3029 2508 3083 τὸν
2532 3029 2696 3083 πόθον
2724 3048 2819 3084 σου
2847 3030 2939 3086 τὸν
2964 3033 3024 3086 ἐν
3053 3035 3178 3104 ἐμοί
3199 3051 3212 3066 ·
3241 3035 3317 3098 ὡς
3347 3035 3504 3105 κάγὼ
3537 3038 3628 3091 τὸν
3652 3041 3710 3093 ἐν
3734 3041 3814 3093 σοὶ

537 3120 622 3191 gis
682 3122 784 3187 tui,
812 3131 924 3178 tum
975 3125 1081 3180 mei
1135 3127 1330 3197 ipsius,
1377 3127 1472 3182 lilii
1516 3128 1614 3194 tui,
1663 3143 1976 3198 quanquam
2028 3127 2129 3182 mi-

2236 3122 2390 3192 ἐμοῦ.
2422 3123 2698 3193 Βοήοησον
2727 3123 2790 3197 [Γ.
2819 3125 3046 3198 Βόησον]
3084 3127 3225 3197 ὑπὲρ
3257 3129 3437 3200 πάσης
3463 3129 3562 3200 τῆς
3589 3130 3816 3202 Ἐκκληυ

541 3213 674 3267 nimi
702 3215 921 3282 quidem
955 3233 1018 3272 ac
1042 3218 1187 3274 vilis.
1215 3217 1336 3285 Quo
1368 3233 1471 3287 ego
1505 3227 1558 3273 te
1578 3233 1885 3288 prosequar
1915 3232 2125 3282 amore,

542 3314 684 3369 nosti
712 3329 726 3367 :
757 3322 811 3369 et
839 3327 951 3383 quo
976 3321 1033 3366 tu
1059 3326 1165 3375 me,
1201 3311 1349 3364 novi.
1406 3309 1509 3364 Fer
1542 3310 1642 3365 toti
1709 3309 1967 3366 Ecclesia:
2001 3325 2132 3380 sup-

541 3403 719 3473 petias
763 3401 907 3471 apud
936 3400 1252 3455 Dominum.
1291 3399 1397 3455 Pro
1437 3417 1524 3455 me
1557 3401 1760 3455 misero
1807 3403 2128 3470 deprecare,

543 3502 604 3548 ut
633 3493 817 3548 statim
849 3509 915 3550 ac
963 3503 1015 3548 te
1041 3494 1277 3556 veniam,
1323 3509 1434 3564 quo
1472 3509 1624 3548 more
1658 3493 1800 3548 diem
1859 3491 2131 3550 clausisti.

543 3584 670 3642 llaec
699 3586 919 3656 quidem
962 3601 1080 3641 mea
1103 3595 1186 3642 est
1212 3585 1358 3656 apud
1382 3601 1729 3640 communem
1771 3584 1985 3640 Patrem
2011 3601 2136 3640 ora-

2230 3215 2356 3278 σίας
2386 3215 2520 3281 πρὸς
2549 3216 2776 3288 Κύριονο
2805 3217 3024 3290 δεήθητι
3047 3222 3140 3274 καὶ
3165 3221 3295 3291 περὶ
3322 3221 3458 3294 ἐμοῦ
3481 3223 3579 3276 τοῦ
3595 3224 3814 3296 οἰκτροῦ

2228 3307 2384 3376 τάχει
2411 3305 2585 3360 ἐλθεῖν
2615 3308 2755 3379 πρὸς
2787 3309 2867 3373 σὲ,
2901 3311 2958 3363 ὲν
2978 3303 3022 3378 ᾧ
3040 3311 3228 3384 τρόπῳ
3255 3313 3627 3370 τετελείωσαι.
3645 3310 3812 3369 Δῦται

2235 3399 2335 3469 μέν
2368 3416 2458 3469 μοι
2489 3401 2546 3454 αἱ
2579 3403 2752 3470 φωναῖ¹
2785 3402 2921 3474 πρὸς
2950 3404 3042 3456 τὸν
3072 3406 3250 3460 κοινὸν
3271 3405 3512 3479 Πατέρα.
3553 3408 3728 3480 Ύμᾶς
3757 3409 3814 3463 δὲ

2234 3491 2562 3564 παρακαλῶ,
2607 3493 2683 3565 μὴ
2709 3495 3003 3566 προδοῦναι
3035 3497 3134 3567 τὴν
3176 3499 3360 3553 πίστιν
3382 3518 3396 3532 ο
3433 3502 3598 3566 ὁσίως
3644 3502 3811 3573 βιοῦν,

2233 3582 2309 3646 ὼς
2331 3585 2538 3638 ἐκείνου
2560 3581 2740 3648 οὖσαι,
2768 3587 2976 3660 οατέρα
3001 3589 3240 3663 Θατέρας
3262 3608 3275 3623 ο
3309 3594 3344 3664 ἡ
3365 3593 3468 3664 μὲν
3501 3596 3772 3665 ὁμόζυγος
3796 3613 3812 3629 ·

545 3679 647 3734 tio.
699 3679 812 3736 Vos
865 3695 996 3735 vero
1054 3680 1338 3744 adhortor,
1395 3695 1466 3735 ne
1531 3679 1694 3734 [idem
1751 3678 2043 3750 prodatis:
2077 3687 2129 3731 ut

2236 3676 2264 3746 ἡ
2300 3676 2358 3730 δέ
2381 3677 2484 3748 τῆς
2521 3679 2796 3748 ὁμοζύγου
2827 3682 3085 3752 ὁμαίμων
3113 3701 3128 3715 ⁸
3161 3685 3240 3748 ὡς
3279 3685 3345 3740 ἂν
3380 3687 3481 3740 σὺν
3513 3688 3815 3762 ἐκείνῳδό-

544 3783 738 3828 sancte
792 3773 1014 3838 vivatis,
1044 3787 1173 3827 cum
1211 3772 1334 3827 sitis
1375 3771 1549 3826 amba:
1579 3772 1750 3835 illius,
1804 3780 1858 3826 et
1907 3769 2129 3825 alterius

2236 3767 2332 3840 ξης
2361 3769 2461 3840 τῆς
2493 3771 2666 3824 ἀϊδίου
2691 3773 3077 3828 ἁπολαύσοιτε.

545 3863 736 3930 altera,
771 3865 888 3920 haec
936 3863 1158 3934 quidem
1202 3863 1405 3935 conjux
1434 3903 1450 3930 ,
1503 3863 1594 3919 illa
1649 3872 1831 3918 autem
1887 3861 2138 3932 conjugis
2177 3863 2583 3933 consanguinea
2615 3880 2629 3930 ;
2681 3873 2740 3918 ut
2797 3881 2920 3920 cum
2951 3867 3044 3920 illo
3072 3868 3244 3938 gloria
3281 3870 3635 3939 perfruamini
3670 3889 3819 3928 sem-

544 3956 776 4026 piterua.

915 4050 1087 4109 XXX.
1125 4083 1198 4097 —-
1229 4051 1463 4109 δίεπεοηὶ
1489 4054 1767 4107 monac/to.

2529 4046 2598 4104 A.
2622 4076 2689 4088 -
2711 4046 2961 4116 Συμεὼν
2989 4048 3328 4119 pomifera.
3351 4051 3534 4125 [σιῗα’.”Ι

842 4171 1129 4223 Gratulatur
1149 4173 1282 4234 quod
1315 4185 1406 4235 pro
1427 4172 1620 4224 Christo
1645 4175 1853 4220 strenue
1874 4169 2160 4219 dimicasset
2181 4164 2423 4214 adversus
2449 4161 2816 4212 lconomachos.
2850 4162 3050 4221 (Baron.
3075 4177 3151 4214 an.
3193 4164 3308 4223 818,
3331 4179 3385 4215 ιι.
3419 4165 3522 4229 22.)

615 4282 847 4339 Reddita
883 4282 1020 4337 mihi
1051 4281 1286 4352 epistola
1335 4283 1646 4338 sanctitatis
1692 4290 1819 4336 tuae.
1863 4278 1972 4336 Ubi
2009 4291 2130 4334 eam

544 4375 670 4445 legi,
705 4383 761 4429 et
788 4373 1000 4444 singula
1029 4373 1192 4429 didici
1220 4388 1343 4444 quae
1383 4374 1460 4427 illi
1503 4373 1846 4442 caeterisque,
1884 4369 2129 4440 quicum

543 4483 605 4521 ea
639 4477 786 4530 sunt,
822 4465 1029 4521 sanctis
1060 4464 1314 4520 Patribus
1342 4465 1549 4520 nostris
1577 4482 1592 4518 :
1642 4464 1882 4530 Quorum
1916 4461 2131 4515 nomina

544 4560 752 4612 suntin
801 4558 936 4611 libro
971 4559 1178 4624 vita“,
1237 4558 1576 4621 acciderant,
1619 4571 1832 4612 sacram
1884 4553 2129 4609 omnium

544 4647 944 4717 expulsionem,
977 4647 1332 4718 longinquam
1356 4648 1813 4718 deportationem,
1841 4645 2130 4698 molestam

545 4737 690 4791 illam
726 4749 781 4792 et
805 4753 1053 4808 gravem,
1099 4741 1170 4792 ob
1215 4739 1425 4793 variam
1464 4739 1570 4792 huc
1611 4747 1775 4804 atque
1808 4735 1937 4790 illuc
1968 4735 2136 4790 abdu-

545 4829 804 4897 ctionem,
837 4840 893 4886 et
935 4831 1128 4885 duram
1164 4830 1458 4900 impiorum
1502 4829 1838 4894 custodiam;
1895 4825 2136 4897 ingemui

547 4923 711 4978 simul
742 4924 989 4988 humilis,
1032 4925 1088 4979 in
1117 4925 1426 4995 cuiusmodi
1461 4925 1790 4978 tentationes
1821 4922 1915 4977 Dei
1949 4921 2134 4977 Eccle-

551 5013 664 5068 sias
687 5024 906 5085 tempus
929 5017 1246 5086 perduxerit
1283 5003 1468 5072 animo
1521 5015 1918 5071 considerans:
1967 5013 2135 5068 simul

545 5101 710 5156 etiam
748 5105 908 5160 beata
945 5106 1072 5159 duxi
1107 5108 1540 5175 persecutionem
1582 5121 1678 5175 pro
1701 5104 1922 5160 Christo
1949 5103 2135 5159 feren-

545 5200 681 5253 tium
715 5196 1062 5261 certamina;
1109 5208 1268 5268 teque
1305 5199 1509 5268 pariter
1545 5197 1639 5267 qui
1683 5208 1963 5267 geStnrum
2011 5212 2136 5251 om-

546 5289 697 5344 nium
753 5287 912 5343 nobis
945 5287 1174 5344 nuntius
1205 5287 1380 5353 fuisti,
1429 5304 1528 5343 nec
1582 5288 1812 5343 renuisti
1861 5303 1990 5358 erga
2023 5303 2133 5354 me,

545 5379 706 5434 nihili
728 5379 1038 5457 hominem,
1066 5389 1120 5436 et
1141 5396 1367 5435 manum
1395 5395 1617 5435 movere
1648 5380 1717 5435 ad
1756 5379 2132 5446 scribendum,

543 5480 602 5528 et
637 5479 812 5528 totam
854 5471 1164 5528 aﬂlictionis
1194 5472 1391 5526 seriem
1439 5471 1755 5542 singulatim
1783 5485 2130 5544 percensere.

543 5563 668 5630 Quo
700 5564 926 5619 nomine
950 5563 1240 5619 benedicat
1269 5562 1368 5618 tibi
1403 5561 1687 5629 Dominus,
1717 5578 1783 5620 ac
1809 5564 1984 5632 magis
2009 5578 2130 5619 ma-

545 5657 738 5727 gisque
767 5656 1059 5713 conﬁrmet
1086 5665 1141 5713 et
1183 5655 1499 5713 corroboret
1538 5655 1593 5711 in
1623 5657 1819 5713 acerba
1845 5655 1951 5714 ista
1979 5657 2137 5714 testi-

615 5789 664 5823 “
687 5789 917 5862 Philipp.
957 5807 1030 5858 tv,
1063 5793 1110 5846 3»

2312 4269 2618 4341 Δεξάμενος
2673 4270 2766 4325 ἐπὶ
2800 4273 2992 4344 χεῖρας
3047 4272 3151 4344 τὴν
3202 4277 3302 4346 τῆς
3355 4274 3667 4346 ἁγιωσύνης
3723 4294 3817 4331 σου

2238 4363 2552 4435 ἐπιστολὴν,
2590 4364 2684 4418 καὶ
2713 4365 2986 4433 ἀναγνοὺς
3033 4366 3127 4420 καὶ
3161 4367 3437 4440 διδαχθεὶς
3466 4369 3669 4424 ἕκαστα
3705 4372 3820 4425 τῶν

2242 4455 2676 4528 συμϐεϐηκότων
2706 4457 2844 4528 αὐτῇ
2890 4476 2949 4512 τε
2994 4460 3089 4513 καὶ
3133 4463 3250 4525 τοῖς
3300 4461 3399 4516 σὺν
3451 4464 3582 4534 αὐτῇ
3637 4464 3818 4531 ἁγίοις

2242 4546 2524 4620 ΙΙατράσιν
2556 4548 2744 4620 ἡμῶν·
2775 4544 2891 4604 Ὧν
2919 4551 2990 4606 τὰ
3020 4551 3286 4640 ὀνόματα
3305 4553 3376 4606 ἐν
3401 4554 3593 4618 βίόλω
3626 4553 3814 4623 ζωῆς·

2239 4641 2328 4695 διὰ
2357 4641 2457 4714 τὴν
2489 4641 2746 4696 ἁπάντων
2803 4643 2956 4713 ἱεράν
3011 4645 3334 4715 φυγαδείαν,
3370 4648 3465 4700 καὶ
3512 4647 3817 4719 ἀλλοδαπὴν

2247 4735 2674 4806 μετανάστασιν,
2712 4737 2810 4790 καὶ
2854 4738 3225 4810 πειραστικὴν
3273 4739 3368 4792 καὶ
3395 4737 3703 4811 ολιπτικὴν,
3731 4740 3818 4794 διὰ

2243 4829 2346 4898 τῆς
2374 4821 2478 4881 ὧδέ
2511 4845 2570 4881 τε
2607 4827 2832 4882 κάκεῖσε
2883 4829 3191 4898 ἀπαγωγῆς
3215 4845 3276 4883 τε
3320 4830 3416 4883 καὶ
3445 4835 3818 4902 φρουρητικῆς

2245 4921 2398 4993 παρὰ
2423 4920 2532 4974 τῶν
2554 4919 2737 4975 άθέων
2781 4921 3182 4992 καταπράξεως
3203 4937 3220 4952 ·
3258 4920 3396 4992 όμοῦ
3429 4923 3529 4992 μέν
3553 4922 3818 4986 ἐστέναξα

2241 5016 2270 5067 ὁ
2323 5015 2598 5078 ταπεινὸς,
2634 5015 2713 5078 είς
2767 5007 2856 5067 οἶα
2888 5015 3098 5085 ἤγαγεν
3136 5015 3165 5067 ὁ
3214 5014 3407 5085 χρόνος
3453 5017 3817 5087 πειραστήρια

2241 5106 2340 5168 τὰς
2398 5105 2728 5177 Ἐκκλησίας
2774 5105 2870 5160 τοῦ
2925 5106 3060 5160 Θεοῦ
3109 5105 3521 5161 κατασκοπῶν·
3568 5104 3709 5177 ὁμοῦ
3761 5105 3816 5158 δέ

2241 5201 2563 5272 ἐμακάρισα
2599 5201 2665 5256 τὰ
2712 5199 2854 5254 ἆθλα
2896 5202 3006 5255 τῶν
3038 5201 3416 5272 δεδιωγμένων
3466 5201 3648 5255 ἕνεκεν
3683 5201 3816 5271 Χριο

2244 5291 2373 5346 στοῦ
2401 5308 2412 5319 ·
2444 5291 2639 5348 ἔπειτα
2684 5293 2778 5346 καὶ
2828 5293 2887 5346 σὲ
2940 5293 3034 5346 τὸν
3089 5291 3323 5362 ἄγγελον
3367 5294 3502 5364 ἡμῖν
3553 5293 3812 5361 γεγονότα

2243 5384 2502 5438 ἁπάντων
2556 5383 2666 5440 τῶν
2709 5383 3357 5457 δραματουργηθέντων’
3411 5385 3514 5437 οὐκ
3566 5384 3812 5454 ἀποκνή-

2244 5492 2414 5530 σαντα
2457 5478 2598 5547 πρός
2640 5493 2710 5546 με
2751 5477 2843 5532 τὸν
2876 5476 3089 5541 οὐδενὸς
3119 5475 3292 5542 ἄξιον,
3321 5476 3416 5530 καὶ
3448 5478 3604 5548 χεῖρα
3629 5475 3727 5528 ἐπὶ
3753 5473 3814 5527 τὸ

2241 5567 2449 5637 γράψαι
2481 5567 2687 5633 δοῦναι,
2731 5571 2829 5624 καὶ
2876 5568 3234 5642 ίχνομυθῆσαι
3280 5570 3410 5640 ὅλην
3454 5568 3553 5640 τὴν
3582 5564 3683 5636 τῆς
3711 5581 3813 5618 κα-

2245 5658 2468 5724 κώσεως
2500 5658 2790 5734 ύπόθεσινῃ
2839 5660 2955 5717 ἀνθ’
3010 5657 3087 5719 ὧν
3144 5661 3441 5732 εὐλογήσαι
3497 5656 3807 5726 σεΚύριος,
