4054 6364
313 359 451 430 1201

1507 359 2060 424 EPISTULARUM
2101 363 2252 425 LIB.
2308 363 2392 426 II.

3448 361 3590 428 1202

309 470 568 544 στηρίξαι
603 483 668 523 τε
699 467 797 524 ἐπὶ
840 467 1028 538 πλέον,
1062 469 1160 523 καὶ
1187 465 1489 540 βεϐαιῶσαι
1534 468 1596 522 ὲν
1626 469 1694 540 τῇ
1725 467 1892 539 ἀμει-

2004 467 2164 523 monii
2196 465 2401 524 Christi
2425 464 2800 522 dimicatione.
2825 462 3119 522 Enimvero
3143 467 3375 538 ceguovi
3397 485 3591 538 quem-

309 563 483 634 λίκτφ
515 559 772 616 ἑνστάσει
822 561 922 633 τῆς
958 561 1269 633 μαρτυρίας
1313 558 1578 632 Χριστοῦ.
1628 559 1742 620 Καὶ
1781 559 1892 628 γὰρ

310 656 516 729 εμαθον
571 655 767 726 ὅτιπερ
819 653 1119 726 συμϐαλὼν
1173 653 1313 724 μετὰ
1353 651 1454 725 τὴν
1509 651 1762 706 ἔνστασιν
1813 650 1894 721 τῷ

311 746 598 819 ἀσεϐάρχῃ
661 745 887 817 Ἰωάννῃ
939 745 1039 817 οὐχ
1087 742 1422 811 ὑπεστὰλης,
1470 741 1592 796 οὐδὲ
1639 741 1894 813 δεύτερος

309 836 479 912 ἦλθες
535 838 640 910 τῆς
680 838 765 902 είς
809 836 1006 906 λόγους
1039 835 1403 908 συμπλοκῆς·
1463 833 1602 888 ἀλλὰ
1651 833 1900 906 στερρῶς,

303 929 743 996 ἀντικαταστὰς,
789 928 1066 1002 περιεῖλες
1099 927 1288 994 αὑτὸν,
1322 927 1417 981 καὶ
1447 927 1895 998 ἀπεστομάτισας

312 1023 579 1088 νεανικῶς
609 1022 756 1093 λόγῳ
781 1020 1045 1093 ἀληθείας
1068 1020 1170 1091 τῆς
1201 1019 1454 1089 δοθείσης
1486 1035 1571 1074 σοι
1605 1019 1716 1074 ὑπὸ
1743 1020 1898 1090 ἐνερ-

312 1118 474 1190 γείας
506 1114 603 1171 τοῦ
627 1116 785 1184 ἁγίου
815 1115 1158 1186 Πνεύματος.

386 1209 500 1265 Καὶ
522 1209 634 1280 γὰρ
669 1207 792 1262 οὐδὲ
826 1207 1098 1280 πάρεστιν
1136 1209 1196 1284 εν
1229 1209 1346 1272 τοῖς
1386 1204 1764 1277 ἡπαττιμένοις
1803 1205 1897 1258 δύ-

311 1320 481 1373 ναμις
509 1302 670 1371 λόγου
697 1317 714 1334 ο
748 1300 875 1354 ἐπεὶ
903 1300 1040 1372 μηδὲ
1073 1299 1190 1369 φῶς
1213 1317 1228 1332 ·
1280 1298 1404 1353 οὐδὲ
1451 1297 1712 1369 ἀληθείας
1758 1297 1898 1352 ἀπό-

305 1394 503 1459 δειξις,
553 1392 678 1447 οὐδὲ
721 1409 778 1448 τι
819 1391 1002 1456 εὑθὲς,
1050 1391 1175 1446 οὐδὲ
1223 1391 1374 1448 ὅσιον
1400 1394 1459 1448 ὲν
1490 1392 1676 1446 σκότει
1705 1391 1900 1446 διαπο-

315 1486 636 1558 ρευομένοις
682 1487 751 1557 τῇ
808 1483 1058 1555 ὰσύνετῳ
1107 1483 1308 1556 καρδίᾳ
1365 1483 1462 1539 καὶ
1517 1482 1898 1554 μεμωραμένῃ

316 1577 518 1650 σοφίᾳ,
563 1577 797 1649 τάληθὲς
838 1576 896 1631 δὲ
948 1578 1146 1643 εἰπεῖν,
1184 1577 1387 1648 ἁσοφίᾳ
1416 1576 1513 1632 καὶ
1561 1577 1776 1648 ἀμαθία
1805 1577 1900 1630 καὶ

311 1669 636 1740 τυφλότητι.
662 1669 760 1722 Ἐν
785 1668 842 1722 δὲ
881 1669 1042 1738 μόνον
1066 1669 1162 1722 καὶ
1191 1669 1411 1740 πρῶτον
1443 1669 1538 1723 καὶ
1559 1667 1898 1733 τελευταῖον,

315 1763 352 1833 ἡ
388 1760 608 1826 ἐξουσία
643 1760 742 1814 τοῦ
780 1759 1007 1824 σκότους
1027 1775 1042 1791 ·
1068 1757 1228 1814 τοῦτο
1253 1760 1438 1822 αὐτοῖς
1468 1760 1564 1813 καὶ
1594 1759 1776 1828 λόγος,
1807 1760 1904 1812 καὶ

1995 559 2292 614 admodum
2337 565 2466 628 post
2511 555 2920 612 dimicationem
2978 555 3173 626 ipsam,
3226 571 3350 610 cum
3377 555 3593 612 Joanne

1993 650 2289 722 impiorum
2339 650 2481 705 duce
2531 663 2900 720 congressus,
2957 647 3386 719 haudquaquam
3439 659 3591 705 metu

1996 743 2253 812 cesseris,
2303 759 2407 798 nec
2439 741 2666 797 inferior
2693 742 2964 797 sermonis
3005 741 3262 797 conﬂictu
3287 743 3588 805 exstiteris,

1997 838 2094 894 sed
2128 837 2346 894 fortiter
2392 836 2669 892 obsistens
2711 836 2895 905 ipsum
2943 835 3165 898 viceris,
3216 845 3272 890 et
3313 835 3590 906 elinguem

1993 930 2224 1002 juvenili
2262 929 2453 1001 vigore
2499 929 2808 984 reddideris
2860 929 3029 983 verbo
3086 927 3338 982 veritatis
3390 930 3590 984 subni‘

1997 1039 2126 1090 xus,
2179 1038 2345 1094 quam
2399 1021 2497 1078 tibi
2536 1021 2776 1092 Spiritus
2815 1021 2991 1076 sancti
3040 1020 3288 1091 operatio
3335 1035 3592 1092 suggere-

1962 1165 1968 1173 .
1997 1113 2118 1172 bat.

2069 1206 2234 1263 Nulla
2262 1206 2514 1262 videlicet
2538 1207 2593 1261 in
2641 1204 2711 1260 iis
2741 1205 2834 1276 qui
2868 1205 3080 1276 decepti
3117 1213 3247 1261 sunt
3279 1205 3483 1262 residet
3509 1205 3595 1262 vls

1999 1298 2302 1364 sermonis;
2351 1298 2611 1368 quoniam
2647 1311 2753 1352 nec
2783 1297 2992 1359 lumen,
3043 1313 3144 1354 nec
3189 1298 3436 1353 veritatis
3471 1313 3596 1366 spe-

2001 1386 2204 1452 cimen,
2249 1403 2352 1442 nec
2403 1396 2615 1442 rectum
2647 1387 2880 1458 aliquid,
2919 1397 3015 1441 aut
3058 1399 3308 1443 sanctum
3344 1388 3402 1442 in
3439 1397 3620 1444 tene-'

2001 1479 2116 1536 bris
2164 1481 2582 1538 ambulantibus
2620 1482 2791 1536 stulto
2827 1483 2995 1538 corde
3027 1492 3083 1537 et
3108 1483 3341 1539 evanida
3367 1485 3589 1554 sapien-

2003 1575 2102 1637 tia,
2134 1588 2258 1638 seu,
2301 1583 2361 1628 ut
2403 1575 2590 1631 verius
2620 1575 2859 1640 dicatur,
2905 1576 3246 1646 insipientia,
3288 1577 3590 1649 imperitia,

2001 1665 2266 1722 caecitate.
2297 1665 2473 1721 Unum
2506 1675 2691 1722 autem
2734 1667 2898 1734 inest,
2929 1677 2984 1724 et
3020 1669 3260 1738 primum
3293 1681 3348 1725 et
3391 1679 3597 1740 postre-

2005 1775 2180 1823 mum,
2209 1769 2454 1829 potestas
2485 1761 2836 1816 tenebrarum
2869 1778 2882 1816 :
2942 1762 3048 1816 hoc
3077 1762 3188 1816 illis
3214 1771 3268 1817 et
3296 1777 3500 1827 sermo,
3537 1771 3594 1816 et

314 1853 465 1925 ὅρος,
500 1855 599 1908 καὶ
627 1853 838 1918 πίστις,
887 1852 984 1906 καὶ
1026 1851 1180 1919 δόξα,
1213 1853 1309 1906 καὶ
1362 1853 1548 1908 ὅπλον.
1609 1853 1712 1907 Ἐκ
1775 1852 1896 1906 τῶν

2004 1851 2262 1915 delinitio,
2296 1862 2353 1906 et
2397 1853 2550 1914 fides,
2578 1863 2632 1909 et
2663 1854 2860 1923 gloria,
2902 1864 2958 1908 et
2998 1870 3174 1909 arma.
3231 1853 3318 1908 Ea:
3350 1855 3591 1923 operibus

313 1945 508 2017 ἔργων
522 1943 726 2001 αὐτῶν
745 1943 1157 2015 ἐπιγνώσεσθε
1206 1945 1462 2012 αὐτοὺς,
1489 1944 1594 2016 ἔφη
1637 1947 1664 1998 ό
1694 1944 1899 2016 Κύριος

314 2037 384 2090 Tt
426 2036 540 2110 γὰρ
599 2035 703 2090 οὐκ
751 2035 990 2109 ἔδρασαν
1039 2035 1239 2100 ἀσεϐές
1291 2054 1351 2090 τε
1414 2039 1510 2091 καὶ
1577 2037 1895 2104 Ἰουδαϊκόνς

313 2129 557 2203 Χριστὸν
601 2129 916 2200 ὲνύϐρισαν,
941 2127 1044 2199 τὴν
1079 2127 1362 2193 Θεοτόκον,
1391 2130 1520 2192 τοὺς
1563 2128 1752 2197 ἁγίους
1771 2145 1788 2159 ⁶
1820 2121 1896 2182 ὧν

313 2225 428 2298 γὰρ
456 2225 507 2278 οἱ
554 2223 862 2294 σωματικοὶ
910 2223 1263 2295 χαρακτῆρες
1293 2222 1676 2293 ἀτιμάζονται,
1715 2223 1899 2286 αὐτοῖς

313 2317 553 2380 ἐκείνοις
580 2319 618 2389 ἡ
672 2315 832 2388 ὓϐρις
882 2315 1276 2386 ἀναπέμπεται
1321 2317 1437 2379 τοῖς
1485 2314 1896 2387 πρωτοτύποις’

202 2468 219 2486 κ
315 2411 416 2466 καὶ
475 2409 564 2465 διὰ
615 2409 777 2463 τοῦτο
826 2408 1055 2472 εἰκότως
1123 2407 1494 2485 Ἀντίχριστοι
1561 2408 1778 2480 ρηθεῖεν
1849 2407 1899 2462 οἱ

315 2503 684 2575 Εἰκονομάχοι
707 2519 722 2534 ·
761 2501 952 2573 ἐπειδὴ
997 2501 1147 2570 λέγει
1176 2503 1206 2554 ό
1246 2499 1513 2567 Θεαλόγος
1539 2502 1634 2554 καὶ
1662 2501 1899 2569 εὐαγγε-

314 2594 542 2666 λιστής·
602 2593 712 2651 Καὶ
769 2593 890 2648 νῦν
941 2593 1162 2647 πολλοὶ
1228 2593 1649 2661 Ἀντίχριστοι.
1713 2591 1901 2646 Ταῦτα

320 2685 498 2758 μικρὰ
533 2685 634 2757 μὲν
662 2685 800 2757 πρὸς
845 2683 943 2756 τὴν
995 2684 1096 2756 σὴν
1124 2683 1344 2738 σύνεσιν
1370 2700 1384 2715 ·
1429 2684 1533 2754 τῆς
1571 2681 1795 2752 ἀγάπης
1841 2683 1899 2736 δὲ

320 2775 590 2848 σύμϐολα,
639 2775 742 2846 τῆς
796 2777 856 2828 ὲν
891 2776 974 2829 ἑνὶ
1019 2776 1338 2847 φρονήματι
1379 2775 1476 2830 καὶ
1514 2776 1614 2847 μιᾷ
1641 2774 1786 2845 ψυχῇ
1820 2773 1902 2828 δο-

316 2867 510 2940 θείσης
537 2869 669 2939 ἡμῖν
697 2867 804 2921 ὑπὸ
831 2868 989 2922 Θεοῦ.
1029 2868 1194 2922 Ἀλλὰ
1224 2886 1316 2938 μοι
1344 2866 1678 2941 προσεύχου,
1702 2867 1901 2936 ἀδελφε

315 2959 478 3026 καλὲ,
511 2961 582 3016 τὰ
609 2955 704 3015 ῐσά
731 2977 815 3014 σοι
850 2960 1100 3015 ὲναθλεῖν
1124 2977 1137 2991 ·
1173 2961 1268 3014 καὶ
1299 2961 1568 3033 γνωρίσαι
1615 2978 1706 3032 μοι
1736 2960 1900 3014 πάλιν
1933 2973 1940 2986 λ

317 3053 557 3121 ἀξίωσον
585 3053 736 3118 ὅπως
771 3051 836 3106 σύ
861 3069 922 3106 τε
947 3053 1178 3121 διάγοις,
1219 3053 1314 3106 καὶ
1334 3053 1484 3117 ὅπως
1514 3051 1624 3123 ἔχει
1661 3051 1758 3106 καὶ
1785 3050 1899 3117 ἕξει

312 3145 389 3200 τὰ
421 3148 522 3218 τῆς
546 3147 701 3218 ἱερᾶς
737 3161 834 3199 σου
870 3145 1140 3210 συνοδίας.

313 3263 538 3320 ΔΑἎ-
573 3261 796 3331 Ἰωσὴφ
819 3261 1064 3332 ἀδελφῷ
1095 3261 1688 3332 καὶάρχιεπισκόπῳ.
1717 3261 1902 3336 [σξβ’.]

1999 1961 2184 2000 eorum
2232 1948 2559 2014 cognoscetis
2608 1947 2779 2008 eos",
2814 1947 2891 2001 ait
2924 1945 3214 2001 Dominus.
3257 1946 3401 2013 Quid
3443 1947 3626 2026 enim_

2001 2039 2228 2109 impium
2261 2047 2356 2094 aut
2393 2038 2684 2095 Iudaicum
2716 2035 2825 2094 nou
2857 2040 3130 2108 egerunt?
3155 2039 3434 2095 Christum
3472 2054 3596 2096 eon-

2003 2131 2225 2185 tumelia
2266 2129 2589 2195 aliecerunt,
2633 2129 2923 2201 Deiparam
2950 2139 3004 2187 et
3036 2139 3258 2188 sanctos
3305 2147 3594 2202 :gquornm

2001 2222 2145 2277 enim
2170 2237 2450 2292 corporeae
2473 2221 2661 2293 figurae
2688 2223 2986 2292 ignominia
3013 2223 3346 2290 afficiuntur,
3377 2225 3431 2278 in
3457 2240 3591 2295 pro-

2004 2323 2190 2386 totypa
2247 2315 2368 2385 ipsa
2445 2316 2844 2372 transmittitur
2921 2317 3309 2372 contumelia:
3365 2317 3598 2388 ideoque

2023 2404 2346 2460 Antichristi
2387 2406 2583 2461 merito
2614 2406 2720 2462 dici
2746 2416 2978 2477 possunt
3006 2407 3357 2464 Icon’omachi
3384 2429 3397 2464 :
3430 2424 3598 2480 quau-

2003 2496 2320 2566 doquidem,
2363 2497 2444 2552 uti
2495 2513 2525 2552 a
2560 2496 2840 2569 Theologo
2874 2509 2928 2554 et
2953 2500 3286 2570 evangelista
3323 2500 3595 2572 scriptum

2002 2596 2087 2642 est
2116 2605 2130 2642 :
2163 2587 2232 2641 Et
2264 2605 2402 2643 nunc
2459 2590 2616 2644 multi
2650 2599 2774 2644 sunt
2805 2591 3200 2646 Antichristi".
3245 2591 3372 2648 Haec
3427 2608 3598 2664 parva

2003 2681 2224 2750 quidem
2277 2683 2345 2736 ad
2375 2684 2736 2754 prudentiam
2766 2693 2916 2738 tuam
2953 2703 2968 2738 :
3003 2686 3099 2740 sed
3141 2685 3450 2755 charitatis,
3476 2701 3600 2758 quae

2002 2772 2162 2828 nobis
2215 2789 2245 2829 a
2298 2774 2412 2830 Deo
2459 2775 2514 2829 in
2559 2789 2672 2829 uno
2709 2790 2875 2830 sensu
2923 2783 2979 2830 et
3026 2775 3210 2830 anima
3246 2792 3356 2832 uua
3393 2777 3597 2832 donata

2001 2878 2108 2934 est,
2145 2867 2393 2940 symbola
2419 2877 2568 2923 sunt.
2601 2866 2680 2921 Tu
2719 2882 2870 2933 vero,
2911 2867 3083 2924 fr'ater
3106 2870 3346 2940 egregie,
3377 2884 3479 2940 pro
3511 2885 3601 2925 me

2010 2975 2134 3022 ora,
2166 2967 2226 3014 ut
2273 2959 2391 3028 pari
2448 2967 2630 3015 tecum
2689 2976 2870 3032 pugna
2921 2959 3195 3017 decertem
3231 2981 3244 3016 :
3276 2961 3601 3018 etiudicare

2001 3066 2168 3122 porro
2211 3066 2322 3106 non
2349 3052 2615 3121 graveris,
2641 3052 2920 3122 quomodo
2952 3061 3004 3106 et
3050 3053 3164 3122 ipse
3209 3067 3360 3124 agas,
3389 3061 3445 3108 et
3471 3067 3602 3124 quo-

1995 3142 2172 3198 .modo
2195 3159 2254 3198 se
2275 3143 2512 3197 habeant
2537 3143 2890 3213 habiturique
2916 3143 3026 3200 sint
3054 3145 3197 3199 sacri
3231 3145 3465 3200 comites
3499 3145 3600 3199 tui.

2157 3260 2349 3315 XXXI.
2387 3259 2732 3332 —Josepho,
2761 3264 2924 3334 fratri
2947 3276 2996 3318 et
3035 3267 3454 3335 archiepiscopo.
3499 3253 3504 3257 ’

312 3361 468 3422 varia
489 3374 595 3421 tum
618 3368 678 3421 ab
700 3370 1036 3422 Iconomachis
1069 3370 1244 3433 impie,
1277 3377 1383 3420 tum
1406 3377 1578 3421 contra
1601 3369 1952 3483 Iconggiatglités
1993 3389 2022 3424 a
2059 3371 2252 3499 gmiisti
2285 3371 2653 3425 confessoribus
2680 3374 2877 3426 fortiter
2911 3385 3057 3442 gesta
3104 3385 3364 3428 memorat.
3395 3381 3597 3444 (Baron.

711 3475 724 3484 .
887 3473 900 3482 .
1797 3471 1808 3482 .
1937 3472 1950 3496 ,
1985 3450 2037 3484 ιι.
2122 3473 2133 3483 .

1797 3471 1808 3482 .
1839 3450 1950 3496 διο,
1985 3450 2037 3484 ιι.
2059 3450 2133 3484 eo.

391 3517 561 3572 Ὅσον
609 3518 708 3589 μὲν
745 3519 857 3572 ἀπὸ
903 3519 1276 3591 γραμμάτων,
1319 3521 1421 3575 οὐκ
1452 3519 1657 3592 ἔμαθον
1696 3522 1766 3575 τὰ
1805 3521 1900 3593 τῆς

2078 3522 2356 3590 Quantum
2388 3524 2610 3594 quidem
2665 3541 2732 3581 ex
2768 3526 2987 3590 litteris,
3039 3527 3108 3584 de
3134 3528 3446 3584 valetudine
3506 3538 3598 3586 tua

203 3675 216 3686 _
315 3611 510 3680 ὑγείας
544 3627 659 3676 σου,
711 3611 850 3666 ἀλλὰ
883 3611 984 3682 φεῦ
1014 3613 1123 3665 τῶν
1169 3612 1458 3683 ἁμαρτιῶν
1490 3631 1592 3684 μου
1629 3613 1712 3667 ὅτι
1755 3613 1904 3667 οὕτω

311 3702 586 3770 γέγονενί
635 3701 912 3773 Ἐδηλώθη
953 3703 1062 3774 γάρ
1111 3720 1203 3774 μοι
1257 3703 1362 3758 ὑπὸ
1412 3703 1522 3758 τῶν
1572 3703 1819 3774 ἀδελφῶν
1867 3705 1902 3776 ἡ

321 3793 535 3849 τούτων
567 3793 688 3866 μεθ’
728 3796 932 3868 ἑτέρων
961 3794 1213 3850 ἀπώλεια
1235 3811 1252 3827 ⁸
1281 3797 1378 3852 καὶ
1409 3797 1506 3868 ἥδε
1532 3796 1628 3850 τοῦ
1651 3796 1902 3851 διαϐόλου

316 3887 599 3959 ἐνέργεια.
657 3887 824 3942 ’Δλλὰ
871 3887 1002 3953 δόξα
1049 3887 1128 3958 τῷ
1161 3887 1284 3960 Θεῷ
1331 3887 1410 3961 τῷ
1453 3888 1724 3960 κρύψαντι
1765 3890 1905 3944 αὐτὰ

315 3979 434 4033 ἀπὸ
468 3979 578 4033 τῶν
626 3978 1000 4049 κρατούντων.
1039 3980 1312 4050 Ἔμελλον
1339 3983 1451 4054 γὰρ
1481 3982 1672 4035 πολλοὶ
1724 3983 1906 4036 κινδυ-

314 4070 520 4128 νεύειν.
564 4071 706 4125 Ἀλλ’
761 4073 846 4127 ὅτι
887 4072 985 4127 καὶ
1041 4061 1110 4126 oi
1139 4073 1329 4144 ἴαμϐοι
1369 4072 1774 4140 συναπώλοντο,
1811 4074 1906 4138 οὓς

315 4160 384 4218 εὖ
437 4163 610 4218 ποιῶν
651 4159 968 4238 ἐμέτρησας
1011 4165 1156 4220 κατά
1203 4165 1313 4221 τῶν
1368 4165 1780 4238 Είκονομάχων.
1828 4167 1903 4220 Οὐ

314 4255 545 4321 πάντως
597 4257 658 4312 δὲ
710 4258 1145 4330 ἀμεταγράφους
1221 4259 1319 4314 καὶ
1370 4257 1906 4331 ἀπαρασημειὼτους

314 4349 549 4422 εμελλες
579 4350 780 4414 αὐτοὺς
804 4333 1072 4423 πέμπειν.
1086 4352 1272 4409 Ταῦτα
1303 4353 1402 4424 μὲν
1438 4354 1711 4422 ἐλύπησεν
1734 4354 1903 4424 ἡμᾶς,

314 4443 397 4507 ὡς
421 4443 485 4499 τὸ
513 4444 684 4507 εἰκός.
731 4443 876 4514 Ἐγὼ
922 4445 981 4499 δὲ
1033 4447 1063 4501 ό
1092 4448 1371 4515 ταπεινὸς,
1415 4447 1508 4500 καὶ
1546 4443 1704 4512 αὖθις
1733 4464 1907 4520 προσ-

313 4535 574 4609 αγορεύω
595 4536 694 4610 τὴν
717 4537 1035 4610 ἁγιωσύνην
1057 4555 1154 4593 σου
1185 4540 1507 4612 γλιχόμενός
1529 4558 1622 4594 σου
1644 4542 1706 4595 τὸ
1725 4541 1906 4612 τίμιον

315 4629 645 4701 πρόσωπονο
689 4631 786 4684 καὶ
828 4630 978 4694 τίνος
1022 4631 1133 4703 γὰρ
1173 4633 1282 4704 πρὸ
1316 4631 1450 4698 σοῦ;
1488 4633 1584 4687 καὶ
1629 4633 1752 4704 οὐχὶ
1782 4633 1903 4701 ἀεί;

317 4719 388 4774 οὐ
438 4719 694 4776 τοσοῦτον
741 4721 807 4776 ὲκ
855 4722 1096 4792 φύσεως,
1141 4725 1266 4778 ὅσον
1319 4725 1385 4778 ὲκ
1431 4726 1802 4796 συμπράξεως
1841 4726 1905 4779 οὐ

314 4812 424 4883 τῆς
467 4814 711 4885 χαμόθεν
743 4816 1130 4888 ὲγειρομὲνης,
1170 4817 1286 4872 ἀλλ’
1311 4817 1605 4890 οὐρανόθεν
1645 4822 1904 4890 ἐνεργου-

318 4905 518 4979 μένης,
546 4907 612 4960 ὲκ
639 4906 868 4981 πρώτης
903 4907 1153 4980 βαλϐίδος
1180 4911 1371 4982 σχεδὸν
1395 4916 1559 4982 μέχρι
1582 4911 1675 4965 τοῦ
1705 4911 1866 4984 δεῦρο
1885 4929 1898 4944 ·

317 4998 402 5062 ὼς
443 4998 591 5054 ῐσασι
626 4999 832 5064 πάντες
855 5015 872 5035 ο
908 5003 1006 5054 καὶ
1030 5002 1363 5074 ὲμόρφωσαν
1413 5005 1464 5058 οἱ
1496 5004 1893 5075 γεννήσαντες,

313 5088 462 5142 εἴπω
489 5089 586 5143 καὶ
622 5089 957 5161 σωματικῶς
990 5094 1087 5146 καὶ
1115 5093 1543 5164 πνευματικῶς;
1571 5094 1673 5165 Εῐη
1704 5093 1764 5148 δὲ
1805 5093 1900 5164 μὲ-

315 5195 435 5238 νειν
462 5180 612 5251 ἡμᾶς
639 5181 736 5235 καὶ
776 5179 916 5254 πρὸς
957 5181 1020 5236 τὸ
1065 5182 1192 5254 ἑξῆς
1239 5183 1537 5248 ὡσαύτωςο
1574 5185 1665 5238 καὶ
1700 5185 1775 5256 μή
1829 5201 1897 5255 με

315 5271 650 5343 διαιρεῖσθαί
677 5290 776 5326 σου
825 5275 925 5344 τῆς
953 5275 1158 5347 ἀρετῆς
1201 5275 1396 5344 πλήθει
1423 5274 1535 5329 τῶν
1578 5276 1895 5347 ἁμαρτιῶν·

315 5366 386 5420 ἐκ
419 5364 572 5432 θείας
623 5365 1043 5438 φιλανθρωπίας
1099 5367 1630 5439 συγκροτουμὲνους,
1683 5369 1780 5422 καὶ
1815 5370 1899 5421 ὲν-

313 5457 555 5524 τεύξεως
600 5458 712 5514 τῶν
746 5461 826 5523 εἰς
871 5459 988 5529 φῶς
1037 5459 1396 5527 ἐνεγκόντων.
1425 5460 1508 5514 Τὰ
1543 5461 1641 5532 μὲν
1687 5460 1751 5533 δὴ
1799 5461 1899 5530 τῆς

314 5550 488 5622 εὐχῆς
513 5550 763 5607 τοιαῦτα.

390 5640 475 5695 Τὰ
503 5641 547 5695 δ’
584 5644 722 5699 ἄλλα
749 5640 840 5696 οἷα
886 5644 982 5698 καὶ
1019 5645 1144 5708 ὅσα,
1167 5643 1262 5698 ἐπὶ
1303 5641 1407 5712 τῆς
1451 5641 1782 5717 Ἑκκλησίας
1805 5645 1902 5699 τοῦ

317 5732 480 5800 Θεοῦ,
517 5737 839 5807 στεναγμῶν
896 5737 993 5791 καὶ
1039 5737 1290 5810 ὀδυρμῶν
1349 5737 1500 5803 ἄξια,
1529 5737 1628 5810 ἤδη
1684 5739 1902 5802 πάντως

405 5849 450 5883 ⁸⁸
469 5847 658 5912 Matth.
691 5869 768 5911 vu
818 5851 901 5911 l6.
980 5856 1027 5888 "
1066 5851 1266 5910 lJoan.
1308 5870 1372 5920 il,
1403 5853 1486 5908 l9.

2005 3616 2144 3670 nihil
2189 3618 2444 3688 cognovi,
2478 3621 2571 3674 sed
2619 3619 2724 3674 heu
2754 3621 2992 3689 peccatis
3019 3622 3155 3676 meis
3181 3623 3331 3693 quod
3367 3622 3485 3678 haec
3520 3623 3596 3678 ita

2005 3707 2344 3763 evenerunt!
2396 3708 2698 3765 lndicatum
2747 3713 2894 3767 enim
2949 3712 3081 3767 mihi
3108 3724 3192 3769 est
3236 3730 3266 3770 a
3307 3713 3595 3780 fratribus,

2003 3799 2216 3854 litteras
2273 3800 2394 3855 illas
2431 3817 2537 3855 una
2573 3818 2697 3856 cum
2727 3803 2852 3860 aliis
2908 3804 3265 3860 intercidisse
3301 3824 3316 3861 :
3386 3817 3441 3862 et
3484 3808 3600 3864 haec

2003 3891 2229 3962 quidem
2301 3893 2504 3948 diaboli
2557 3893 2660 3948 vis.
2715 3895 2819 3949 Sed
2867 3896 2986 3950 laus
3020 3895 3152 3962 Deo,
3181 3897 3276 3966 qui
3313 3899 3438 3954 illas
3464 3899 3592 3954 abs-

2005 3983 2194 4037 condit
2265 3983 2335 4038 iis
2364 3984 2458 4054 qui
2490 3999 2674 4039 rerum
2707 3987 3032 4055 potiuntur:
3079 3989 3266 4044 multis
3309 3989 3461 4043 enim
3494 3991 3600 4044 im-

2007 4076 2285 4145 pendebat
2345 4076 2675 4146 periculum.
2741 4067 3052 4144 Quinetiam
3128 4081 3358 4150 periisse
3433 4081 3599 4138 simul

2005 4168 2242 4234 iambos,
2311 4185 2450 4238 quos
2505 4180 2652 4226 recte
2725 4187 2895 4242 agens
2938 4182 3130 4228 contra
3199 4173 3598 4230 lcouomachos

2007 4261 2310 4330 scripseras
2351 4280 2365 4316 :
2416 4265 2644 4318 oumino
2695 4275 2874 4319 autem
2930 4267 3051 4321 sine
3100 4268 3351 4337 exemplo
3379 4277 3434 4323 et
3465 4278 3594 4324 nota

2006 4365 2102 4407 eos
2127 4355 2343 4412 mittere
2372 4371 2480 4410 non
2525 4357 2816 4412 debueras.
2849 4356 2977 4413 llaec
3027 4374 3159 4414 sane
3200 4361 3600 4418 contristarunt

2007 4458 2131 4508 nos,
2166 4453 2226 4498 ut
2253 4460 2354 4515 par
2381 4454 2526 4501 erat.
2557 4445 2670 4516 Ego
2696 4462 2827 4502 vero
2853 4447 3081 4502 humilis
3117 4448 3316 4502 iterum
3343 4449 3598 4518 alloquor

2008 4535 2352 4591 sanctitatem
2380 4546 2552 4603 tuam,
2590 4538 2786 4593 faciem
2822 4541 3195 4594 venerandam
3249 4540 3435 4595 videre
3460 4538 3598 4596 desi-
3646 4557 3651 4564 ·

2007 4625 2240 4692 dei-aus;
2274 4627 2431 4696 cujus
2472 4629 2620 4682 enim
2659 4629 2844 4698 petius
2876 4645 3042 4700 quam
3076 4633 3264 4685 tuam?
3312 4631 3390 4685 Ac
3417 4647 3599 4687 nonne

2008 4719 2260 4787 seraper?
2299 4735 2480 4790 neque
2523 4721 2577 4774 id
2605 4736 2673 4776 ex
2710 4732 2907 4776 natura
2951 4731 3190 4790 tantum,
3229 4733 3500 4794 quantum
3529 4739 3596 4779 ex

2011 4812 2290 4865 actionum
2353 4813 2692 4881 conspiranti
2742 4815 3023 4882 societate,
3085 4831 3193 4870 non
3245 4817 3394 4870 humi
3445 4825 3596 4885 nata,

2005 4901 2099 4956 sed
2160 4901 2382 4958 caelitus
2432 4903 2700 4974 profecta,
2736 4919 2768 4960 a
2799 4908 3152 4976 primisfere
3197 4908 3514 4964 carceribus
3541 4909 3599 4964 iu

2006 4993 2148 5048 hanc
2177 4993 2342 5060 diem,
2399 5004 2460 5048 ut
2491 4995 2673 5050 sciunt
2701 5012 2923 5064 omnes;
2969 5013 3034 5056 ac
3081 4999 3464 5056 formaverunt
3493 5017 3592 5069 pa-

2004 5095 2210 5150 rentes,
2275 5087 2640 5156 corporaliter
2704 5089 2885 5146 dicam
2923 5107 2990 5146 an
3048 5092 3449 5162 spiritualiter?
3483 5091 3597 5147 [1ιί-

2006 5193 2133 5232 nati)
2185 5187 2368 5233 autem
2421 5180 2503 5236 sic
2536 5197 2860 5239 maneamus
2896 5185 3063 5240 etiam
3115 5186 3168 5240 iu
3198 5195 3502 5256 posterum,
3537 5196 3598 5239 ut

2007 5287 2038 5324 a
2094 5271 2298 5326 virtute
2355 5281 2451 5328 tua
2511 5289 2621 5330 non
2671 5275 2902 5331 divellar
2941 5288 3290 5349 peccatorum
3345 5293 3596 5333 meorum

2009 5364 2382 5433 multitudine,
2453 5382 2518 5422 ex
2561 5368 2745 5424 divina
2783 5371 3118 5443 benignitate
3154 5371 3592 5432 consentientes,

2004 5467 2060 5512 et
2087 5473 2153 5512 ex
2190 5473 2381 5514 eorum
2419 5460 2807 5530 deprecatione
2836 5468 2927 5536 qui
2981 5466 3324 5536 genuerunt!
3373 5465 3450 5516 Ac
3470 5472 3594 5516 vota

2009 5554 2228 5618 quidem
2268 5565 2456 5610 nostra
2489 5559 2613 5613 talia
2643 5571 2792 5614 sunt.

2079 5647 2290 5702 Cretera
2317 5659 2498 5704 autem
2531 5653 2716 5720 (utalia
2748 5663 2803 5708 et
2833 5670 2994 5724 quam
3034 5655 3226 5719 multa,
3261 5655 3314 5708 in
3352 5653 3594 5710 Ecclesia

2013 5738 2129 5810 Dei,
2177 5745 2384 5813 gemitu
2413 5759 2478 5798 ac
2519 5743 2778 5816 lacrymis
2817 5747 3000 5818 digna,
3029 5747 3140 5818 jam
3185 5764 3406 5818 prorsus
3438 5750 3596 5805 audi-
