4054 6364
522 334 542 398 1
554 337 658 400 203

1716 341 1776 402 S.
1807 338 2201 402 THEODORI
2229 339 2578 403 STUDIT/E

3634 337 3776 406 1204

517 448 589 502 sti
625 465 640 501 :
680 459 805 518 qua:
840 447 985 504 enim
1015 463 1085 504 ne
1138 447 1306 519 prisci
1335 449 1554 520 quidem
1592 427 1790 506 contra
1808 450 2087 506 Christum
2117 509 2119 516 ,

2221 451 2416 516 ικούοις
2441 468 2457 484 ο
2487 451 2524 505 ἃ
2547 451 2658 522 γὰρ
2677 449 2799 503 οὐδὲ
2833 448 2883 504 οἱ
2910 448 3082 504 πάλαι
3113 449 3496 522 αίρετίσαντες
3527 450 3779 523 ἔπραξαν

519 550 742 614 egerant
789 541 1052 607 haeretici,
1115 557 1180 597 ea
1241 557 1388 597 nunc
1441 541 1638 612 majori
1694 543 1846 598 rabie
1879 551 2095 614 patrata

2221 541 2346 595 ιατὰ
2365 540 2628 612 Χριστοῦ,
2653 539 2828 594 ταῦτα
2861 537 3242 612 μανικώτερον
3269 539 3624 613 ἐξείργασται
3656 543 3775 602 νῦν.

520 646 669 690 sunt.
698 634 766 690 Et
811 635 1018 690 dormit
1071 635 1348 704 Christus,
1378 645 1434 692 et
1461 637 1665 692 salsum
1698 637 2098 698 incredulitatis

2221 634 2311 687 (al.
2345 631 2586 702 Χριστὸς
2613 632 2871 687 καθεύδει
2891 648 2907 666 ο
2943 633 3040 687 καὶ
3062 635 3096 705 ἡ
3123 633 3347 705 ἁλμυρά
3383 635 3486 704 τῆς
3515 635 3779 702 ἀπιστίας

519 742 670 784 mare
722 727 1076 793 intumescit,
1133 737 1438 784 extremam
1488 730 1783 800 perniciem
1841 731 2094 789 aﬂ'erens.

2199 725 2447 780 θάλασσα
2486 725 2893 800 κεκορύφωται,
2948 725 3310 798 πανολεθρίαν
3343 726 3600 784 ποιοῦσα.
3633 728 3778 784 Ἀλλ’

523 820 630 874 Sed
678 821 862 876 adsint
899 831 1076 876 tecum
1113 823 1356 891 germani
1387 823 1660 894 discipuli,
1692 823 1785 894 qui
1819 824 2096 881 Christum

2221 817 2393 888 εἴησαν
2425 820 2523 874 σὺν
2554 819 2638 873 σοὶ
2668 820 2719 872 οἱ
2759 817 3145 890 γνησιεύοντες
3173 821 3282 874 τῶν
3314 819 3600 890 μαθητῶν,
3639 821 3782 892 Χρι-

521 915 588 966 ad
621 913 1050 982 increpationem
1089 915 1426 985 periculique
1460 915 1834 985 depulsionem
1860 920 2102 974 exsusci-

523 1012 655 1058 tent.
685 1003 834 1057 Abiit
859 1012 912 1058 et
946 1018 1102 1059 meus
1132 1005 1186 1058 in
1218 1005 1407 1061 habitu
1437 1017 1725 1077 susceptor
1753 1023 1819 1062 ac
1841 1023 2099 1078 sponsor,

521 1095 607 1148 vir
659 1094 858 1160 bonus,
924 1094 1296 1152 confessionis
1348 1099 1634 1168 praemium
1699 1109 1990 1170 reportans
2046 1103 2100 1156 in

521 1185 932 1253 molestissima,
956 1198 1018 1240 ut
1082 1188 1140 1244 in
1193 1189 1395 1244 lectulo
1455 1205 1518 1246 se
1568 1191 1687 1262 ipse
1715 1207 1938 1248 versare
1990 1209 2102 1250 non

467 1329 473 1352 ὶ
522 1287 733 1347 posset,
770 1278 1112 1336 infirmitate.
1195 1280 1524 1347 Quomodo?
1598 1281 1740 1338 Cum
1796 1285 2102 1353 resisteret,

469 1373 476 1392 ¹
522 1367 792 1423 abductus
827 1378 910 1424 est
941 1379 996 1424 et
1031 1372 1364 1438 custoditus,
1385 1373 1583 1428 deinde
1613 1374 1779 1430 etiam
1809 1377 2105 1448 relegatus,

521 1469 690 1530 atque
731 1459 804 1514 ita
836 1463 1161 1533 martyrium
1192 1479 1606 1522 consummans.
1638 1466 1824 1538 Itaque
1847 1470 2106 1526 Dominus

472 1535 477 1577 ἶ
523 1567 634 1605 non
710 1553 958 1622 despexit
1012 1555 1337 1611 obedientiae
1399 1557 1518 1626 ejus
1566 1535 1802 1626 labores,
1873 1571 2108 1630 quantos

524 1645 668 1698 nosti
700 1662 714 1698 :
763 1645 980 1700 tametsi
1020 1657 1246 1716 propter
1269 1660 1496 1718 peccata
1527 1665 1648 1705 mea
1672 1651 1816 1706 inter
1842 1651 2106 1708 Maecilia-

524 1754 628 1794 nos
670 1740 1046 1809 deprehensus
1085 1741 1269 1808 fuerit,
1314 1744 1535 1813 corpori
1576 1760 1825 1814 parcens,
1849 1761 1957 1801 non
1992 1749 2110 1802 ani-

2204 909 2328 964 στὸν
2369 911 2452 974 είς
2500 911 2824 983 ἐπιτίμησιν
2854 909 2951 964 καὶ
2991 911 3430 982 καταστόρευσιν
3459 912 3570 982 ,τῆς
3599 912 3785 966 κινδυ-

2203 1001 2444 1066 νεύσεως
2480 1001 2866 1074 διεγείροντες.
2919 1003 3146 1074 Οῖχεταί
3185 1021 3286 1074 μου
3312 1005 3408 1058 καὶ
3451 1006 3481 1058 ὀ
3515 1003 3612 1058 τοῦ
3654 1007 3788 1076 σχή-

2207 1109 2376 1164 ματος
2429 1094 2690 1166 ἀνάδοχος
2714 1135 2730 1162 ,
2803 1094 2942 1167 ἀνὴρ
2993 1094 3219 1168 ἀγαθὸς,
3273 1095 3569 1166 ὁμολογίας
3619 1093 3788 1150 ἆθλον

2204 1184 2654 1256 ἀπενεγκάμενος
2693 1187 2754 1238 ἐν
2794 1185 3020 1258 τοιαύτῃ
3069 1187 3433 1259 χαλεπωτάτῃ
3491 1188 3666 1260 νόσῳ·
3711 1187 3788 1253 ὡς

2205 1277 2401 1342 ἐνδεῶς
2430 1276 2580 1348 ἔχειν
2616 1278 2712 1332 καὶ
2741 1277 2836 1332 τοῦ
2874 1277 2967 1331 ἐπὶ
3007 1277 3198 1348 κλίνης
3233 1278 3590 1350 στρέφεσθαι.
3620 1280 3789 1348 Πῶς;

2206 1370 2422 1435 ἐνστὰς,
2464 1371 2563 1424 καὶ
2597 1369 2787 1442 ἀρθεὶς
2826 1371 2922 1426 καὶ
2965 1370 3351 1442 φυλακισθεὶς,
3385 1367 3504 1425 εἶτα
3541 1372 3638 1426 καὶ
3699 1373 3787 1441 ἐξ.

2205 1463 2447 1534 ορισθείς
2471 1481 2486 1496 ο
2515 1463 2806 1537 καὶταύτῃ
2833 1464 2894 1518 τὸ
2922 1464 3225 1535 μαρτύριον
3258 1463 3505 1527 τελέσας.
3537 1466 3614 1518 Οὐ
3644 1482 3790 1538 παρ-

2207 1557 2348 1610 εῖδεν
2388 1552 2483 1611 οὖν
2528 1556 2692 1610 αὐτοῦ
2719 1559 2926 1626 Κύριος
2958 1559 3087 1622 τοὺς
3126 1559 3534 1622 ὐποτακτικούς
3563 1560 3789 1624 κόπους,

2207 1651 2442 1714 ὁπόσους
2464 1645 2765 1715 οίσθα,κᾶν
2796 1650 2941 1704 ἐάλω
2984 1649 3130 1704 κατὰ
3154 1651 3256 1714 τὰς
3283 1651 3561 1721 ἁμαρτίας
3591 1668 3694 1721 μου
3733 1654 3792 1706 ἐν

2211 1746 2324 1808 τοῖς
2353 1745 2728 1815 Μοιχειανοῖς,
2761 1745 2938 1813 φειδοῖ
2965 1743 3060 1797 τοῦ
3085 1742 3359 1815 σώματος,
3402 1745 3462 1796 οὐ
3497 1744 3791 1814 συναιρού-

525 1848 616 1886 mo
641 1831 770 1886 item
802 1831 1085 1902 abreptus,
1116 1845 1176 1888 ut
1201 1849 1290 1889 res
1321 1809 1439 1904 ipsa
1473 1809 1789 1892 declaravit.
1814 1837 2108 1908 PrOpterea

2221 1853 2377 1906 μενος
2405 1809 2499 1908 τῶ-
2523 1837 2700 1908 Δφρονή
2712 1809 2844 1907 ματι
2866 1853 2881 1869 ο
2921 1837 2999 1901 ὡς
3026 1835 3088 1890 τὸ
3119 1809 3358 1908 πρᾶγμα
3406 1835 3645 1892 ἐδείκνυ.
3664 1809 3794 1891 ’Διά

525 1928 694 1990 (⁵ωωὶ
734 1943 766 1982 a
815 1927 926 1984 Deo
967 1929 1294 1994 subductus,
1332 1932 1385 1985 in
1415 1932 1642 1986 alteram
1683 1940 1893 2002 partem
1937 1933 2109 1988 victo-

527 2018 667 2072 riam
711 2017 918 2071 vertit:
974 2020 1442 2088 quemadmodum
1486 2031 1541 2078 et
1585 2023 1918 2087 Mediciotes,
1946 2031 2111 2092 atque

526 2109 665 2164 adeo
718 2108 971 2165 Nicaanus
1020 2127 1283 2181 quoque;
1343 2122 1403 2168 ut
1454 2113 1653 2169 litteris
1707 2114 1844 2182 ipsis
1882 2115 2112 2169 edoctus

527 2220 671 2261 sum.
712 2202 780 2259 Et
803 2205 929 2274 quid
961 2205 1108 2259 hunc
1134 2213 1229 2258 aut
1270 2203 1425 2258 illum
1456 2203 1621 2258 dico?
1654 2203 1783 2258 Mitti
1808 2204 1954 2258 enim
1985 2219 2114 2274 per-

527 2299 756 2364 suadeo,
775 2298 856 2354 sic
883 2298 1105 2353 aﬂ‘ectos
1131 2313 1252 2352 esse
1279 2312 1473 2352 omnes
1489 2297 1583 2365 qui
1606 2297 1946 2352 restiterunt.
1969 2295 2113 2363 Quin

526 2401 585 2447 et
617 2392 735 2461 ipse
759 2407 924 2447 verus
951 2391 1262 2462 patriarcha
1291 2400 1478 2445 noster
1502 2391 1787 2446 veritatem
1808 2395 2112 2462 proﬁtetur,

531 2495 592 2538 ut
615 2499 682 2538 ex
721 2482 844 2550 ejus
892 2498 989 2538 ore
1023 2484 1190 2538 didici
1235 2482 1330 2554 qui
1377 2482 1527 2537 illum
1578 2483 1842 2552 audierat,
1884 2486 2118 2556 ejusque

529 2574 910 2629 defensionem
964 2575 1245 2629 laudabat.
1312 2573 1438 2630 Hinc
1496 2574 1635 2640 dixi,
1686 2585 1802 2630 tum
1827 2584 1889 2631 ut
1920 2576 2118 2633 defun-

529 2673 678 2732 ctum
707 2665 904 2720 merito
961 2665 1264 2728 laudarem,
1301 2674 1413 2719 tum
1451 2675 1510 2719 ut
1540 2667 1819 2720 sanctitati
1857 2676 1964 2722 tua:
1987 2676 2117 2722 nota

533 2758 767 2813 facerem
793 2775 915 2827 quae
935 2757 1222 2813 debebam.
1262 2757 1367 2813 Sed
1405 2773 1513 2812 non
1548 2758 1772 2828 ignoras
1799 2759 2116 2815 intestinum

532 2849 760 2915 malum,
807 2848 1094 2904 Leontium
1148 2851 1301 2906 illum
1329 2851 1602 2920 quondam
1649 2861 1920 2913 nostrum.
1947 2853 2040 2922 qui
2065 2859 2121 2907 et

533 2949 694 2995 antea
766 2938 1091 2996 Mmcbianis
1145 2941 1396 3006 adhaesit,
1449 2950 1504 2996 et
1550 2957 1695 2997 nunc
1739 2941 1994 3012 princeps
2036 2951 2122 2998 est

2209 1928 2371 1982 τοῦτο
2389 1929 2495 1982 ὑπὸ
2521 1929 2656 1983 Θεοῦ
2687 1930 2784 1982 καὶ
2808 1931 2998 2000 ραγεὶς
3015 1929 3114 1997 τῆς
3133 1929 3471 2000 συμμορίας,
3489 1930 3794 2002 ἑτεραλκέα

2210 2022 2310 2090 τὴν
2339 2021 2497 2090 νίκην
2526 2021 2846 2091 πεποίηται,
2869 2021 3059 2091 ῶσπερ
3078 2023 3174 2074 καὶ
3194 2024 3222 2075 ὁ
3248 2021 3608 2092 Μηδικιώτης
3626 2021 3795 2076 ’ἀλλὰ

2217 2113 2323 2184 μὴν
2348 2112 2447 2166 καὶ
2481 2114 2510 2165 ὁ
2548 2113 2818 2177 Νικαίας·
2847 2114 2924 2177 ὡς
2955 2113 3284 2184 γράμμασιν
3333 2113 3521 2176 αὐτοῖς
3557 2112 3796 2166 ἐπιστὼο

2215 2204 2338 2274 θην.
2369 2206 2480 2258 Kal.
2507 2206 2560 2257 τί
2599 2205 2746 2274 λέγω
2771 2203 2964 2258 τοῦτον
3001 2205 3288 2269 κάκεῖνον;
3323 2205 3433 2257 Kal
3459 2204 3571 2276 γὰρ
3603 2204 3797 2257 πείθο-

2217 2313 2318 2366 μαι
2344 2297 2436 2349 καὶ
2458 2295 2686 2349 ἕκαστον
2703 2295 2814 2348 τῶν
2841 2295 3212 2366 ἐνισταμένων
3232 2294 3407 2359 οὕτως
3426 2295 3596 2365 ἔχειν.
3634 2295 3798 2349 Ἀλλὰ

2215 2389 2326 2458 γὰρ
2355 2388 2452 2442 καὶ
2483 2387 2645 2451 αὐτὸς
2679 2389 2708 2442 ό
2741 2387 2994 2458 ἀληθινὸς
3026 2386 3190 2459 ἡμῶν
3219 2387 3573 2458 πατριάρχης
3603 2387 3798 2458 ὁμολο-

2216 2480 2328 2550 γῶν
2361 2481 2476 2534 ἐστι
2499 2479 2598 2550 τὴν
2625 2479 2922 2550 ἀληθειανο
2953 2478 3031 2544 ὡς
3068 2479 3272 2551 ἔμαθον
3306 2481 3372 2533 ἐκ
3400 2481 3675 2548 στόματος
3700 2479 3798 2534 τοῦ

2217 2570 2350 2643 παρ’
2399 2571 2566 2624 αὐτοῦ
2611 2571 2932 2638 ἀκηκοότος,
2983 2572 3081 2626 καὶ
3125 2571 3481 2635 ἐπαινοῦντος
3523 2573 3624 2644 τὴν
3674 2575 3799 2628 τότε

2219 2660 2499 2716 ἔνστασιν.
2532 2663 2749 2733 Εῖρηκα
2778 2662 2969 2727 ταῦτα,
2999 2661 3138 2732 ὁμοῦ
3169 2662 3270 2734 μὲν
3293 2664 3385 2717 τὸν
3409 2665 3802 2735 ἐκδημήσαντα

2219 2755 2447 2818 εἰκότως
2493 2753 2816 2824 ἀποτιμῶν⁶
2880 2754 3020 2824 ὁμοῦ
3065 2755 3123 2808 δὲ
3164 2755 3263 2809 καὶ
3295 2758 3364 2826 τῇ
3423 2759 3493 2826 σῇ
3557 2756 3801 2825 ὁσιότητι

2219 2845 2478 2917 γνώριμα
2508 2845 2783 2899 καθιστῶν
2811 2845 2881 2900 τὰ
2927 2847 3275 2918 ὀφειλόμενα.
3319 2847 3463 2901 Ἀλλ’
3513 2844 3667 2912 οἶδας
3715 2848 3802 2902 ὅτι

2220 2939 2281 2992 τὸ
2309 2939 2600 3008 ὲγκόλπιον
2650 2938 2822 2992 κακὸν
2866 2939 3146 3004 Λεόντιος,
3175 2941 3204 2994 ὁ
3229 2939 3363 2994 ποτὲ
3402 2940 3698 3012 ἡμέτερος,
3726 2941 3806 3006 ὡς

533 3033 1043 3088 lconomacborum.
1099 3033 1231 3088 Eam
1283 3036 1355 3089 ob
1409 3051 1632 3090 causam
1683 3044 1739 3090 et
1793 3035 2118 3090 Studianum

2223 3027 2550 3098 συναπήχθη
2607 3030 2724 3092 τοῖς
2778 3029 3126 3098 Μοιχειανοῖς
3189 3031 3484 3100 πρότερον,
3557 3031 3656 3084 καὶ
3707 3029 3805 3084 νῦν

533 3125 795 3187 obtinuit,
827 3132 880 3178 et
904 3124 1236 3179 Saccudioni
1280 3126 1478 3192 injuste
1521 3127 1861 3181 dominatur.
1905 3127 1981 3180 Ex
2012 3127 2119 3182 im-

2224 3120 2538 3192 προστάτης
2593 3120 2704 3174 τῶν
2754 3119 3164 3190 Εἰκονομάχων.
3221 3121 3321 3174 Διὰ
3368 3120 3530 3177 τοῦτο
3581 3120 3678 3175 καὶ
3735 3119 3806 3174 τά

532 3229 674 3286 puro
732 3215 868 3269 nihil
926 3229 1122 3282 purum
1161 3233 1175 3268 :
1219 3173 1398 3284 qualis
1435 3216 1656 3285 genitor
1701 3215 1965 3278 carnalis,
1996 3215 2119 3269 talis

2221 3173 2470 3267 έτουδίου
2491 3173 2787 3283 ’παρέλαϐε
2808 3229 2824 3245 ’
2874 3173 2971 3266 καί
3001 3173 3098 3266 τοῦ
3133 3173 3542 3276 Σακκουδίωνος

535 3317 592 3360 et
639 3307 783 3361 filius
823 3323 838 3359 :
879 3322 1041 3378 quem
1082 3304 1226 3360 Deus
1282 3314 1569 3360 convertat
1625 3307 1831 3361 sanctis
1874 3305 2119 3376 precibus

2221 3307 2403 3375 ἄρχει.
2443 3305 2534 3372 Ἐξ
2565 3305 2885 3375 ἀκαθάρτου
2911 3305 3066 3359 οὐδὲν
3104 3305 3346 3376 καθαρόν
3367 3322 3382 3337 ⁸
3412 3300 3525 3369 οἷος
3562 3307 3594 3360 ὁ
3627 3305 3808 3376 φύσας

539 3397 653 3451 tuis
678 3414 695 3465 ;
724 3405 779 3451 et
815 3413 902 3452 me
935 3406 1280 3466 peccatorem
1317 3397 1372 3451 in
1431 3399 1626 3451 timore
1675 3413 1778 3452 suo
1817 3397 2119 3452 conﬁrmet.

2222 3396 2366 3450 κατὰ
2421 3397 2624 3464 σάρκα,
2684 3395 2928 3449 τοιοῦτον
2975 3395 3041 3468 δὴ
3102 3398 3199 3451 καὶ
3249 3397 3311 3452 τὸ
3343 3398 3596 3469 γέννημα
3627 3415 3644 3430 ο
3681 3397 3745 3453 ὃν
3777 3399 3808 3452 ἁ

539 3489 732 3544 Saluto
787 3504 883 3545 eos
923 3493 1016 3558 qui
1071 3489 1393 3544 reverentiae
1445 3499 1554 3543 tuae
1599 3489 1958 3546 famulantur.
2017 3487 2119 3556 Qui

2228 3486 2362 3550 Θεὸς
2410 3486 2840 3558 μεταστρέψειεν
2874 3488 3063 3558 εὐχαῖς
3107 3505 3202 3542 σου
3236 3487 3450 3558 ἁγίαις·
3485 3489 3630 3560 κάμὲ
3673 3507 3808 3560 στη-

537 3595 755 3640 tnecum
787 3591 893 3647 est,
936 3588 996 3636 ut
1025 3579 1270 3638 famulus
1311 3589 1363 3637 te
1395 3589 1710 3638 veneratur.

931 3871 1147 3928 XXXII.
1180 3903 1252 3914 -—
1283 3869 1548 3926 Thalelazo
1589 3871 1722 3942 ﬁlio.

2229 3580 2396 3651 ρίξειε
2431 3579 2522 3634 τὸν
2555 3579 2884 3652 ἁμαρτωλὸν
2931 3581 3013 3644 είς
3042 3579 3207 3650 φόϐον
3239 3580 3426 3636 αὐτοῦ.
3468 3581 3610 3645 Τοὺς
3634 3581 3809 3651 ἠξιως

2228 3672 2422 3742 μένους
2462 3672 2857 3744 ὑπηρετεῖσθαι
2885 3675 2956 3744 τῇ
2987 3673 3267 3744 τιμιότητί
3304 3691 3401 3728 σου
3429 3674 3810 3746 προσφθὲττο·

2227 3783 2346 3836 μαι.
2376 3767 2437 3821 '0
2469 3767 2565 3822 σὺν
2595 3765 2720 3835 ἐμοί
2752 3783 2812 3819 σε
2836 3766 3104 3831 δουλικῶς
3129 3769 3449 3836 προσκυνεῖ.

2527 3879 2650 3934 ΛΒ¹.
2689 3895 2760 3919 -'—-
2791 3881 3098 3944 Θαλελαιῳ
3133 3880 3338 3948 τέκνῳ.
3362 3879 3540 3954 [σξθ’.]

662 3971 740 4024 De
774 3967 1092 4034 presbytero,
1127 3965 1236 4030 qui,
1263 3981 1377 4018 cum
1411 3967 1717 4018 orthodoxus
1749 3971 1906 4031 esset,
1945 3974 2106 4031 metu,
2131 3983 2241 4021 cum
2275 3971 2527 4022 haereticis
2549 3973 2715 4025 cibum
2748 3973 2996 4024 sumebat.
3025 3972 3230 4037 (Baron.
3249 3987 3328 4024 an.
3351 3975 3461 4036 818,
3482 3986 3533 4024 n.
3555 3974 3668 4035 20.)

610 4053 781 4110 Recte
831 4053 1014 4123 egisti,
1071 4053 1166 4122 qui
1194 4053 1263 4108 ad
1313 4070 1403 4110 me
1451 4053 1758 4124 scripseris,
1799 4055 1996 4110 dilecte
2027 4054 2126 4110 ﬁli.

541 4149 657 4204 lloc
685 4146 803 4217 ipso
827 4146 974 4201 enim
1005 4155 1122 4200 tum
1167 4145 1352 4213 fidem,
1392 4157 1506 4201 tum
1531 4162 1772 4202 amorem
1807 4155 1964 4202 tuum
1999 4163 2130 4219 pro-

541 4238 750 4294 didisti.
785 4236 890 4292 Sed
924 4237 1056 4308 quid
1087 4237 1223 4291 mihi
1257 4236 1452 4291 laudes
1479 4238 1708 4301 occinis,
1745 4251 1978 4306 quarum
2012 4252 2132 4292 om-

545 4331 677 4388 nino
719 4346 841 4385 sum
899 4330 1128 4400 expers?
1167 4327 1284 4384 Non
1340 4347 1427 4386 me
1480 4341 1822 4400 peccatorem
1875 4331 2040 4394 nosti,
2069 4346 2134 4387 ac

2302 4057 2502 4121 Καλῶς
2538 4059 2824 4132 ἐποίησας,
2869 4059 3182 4122 ἐπιστείλας
3223 4075 3337 4130 μοι,
3367 4059 3554 4114 τέκνον
3584 4060 3812 4133 ἠγαπη-

2232 4149 2416 4220 μένον.
2444 4151 2696 4217 Ἔδειξας
2725 4153 2836 4224 γὰρ
2863 4153 2922 4206 ἐν
2943 4151 3117 4220 τούτῳ
3137 4151 3239 4224 τὴν
3262 4151 3448 4206 πίστιν
3467 4151 3558 4204 καὶ
3575 4152 3814 4222 ἀγάπην

2231 4260 2348 4299 σου.
2391 4244 2554 4298 una
2579 4245 2631 4298 τί
2658 4262 2750 4316 μοι
2788 4245 3047 4308 ἐπαίνους
3079 4244 3250 4316 ᾄδεις,
3290 4237 3370 4298 ὧν
3407 4243 3621 4315 ἀμοιρῶ
3657 4244 3813 4299 κατὰ

2229 4337 2442 4402 πάντα;
2471 4337 2586 4390 Οὐκ
2622 4332 2773 4401 οἶδας
2809 4337 2892 4390 ὄτι
2922 4335 3252 4407 ἁμαρτωλὸς
3300 4334 3414 4406 ἐγὼ
3458 4335 3551 4389 καὶ
3582 4333 3814 4407 ἰδιώτης

544 4441 802 4482 sermone
832 4425 1066 4479 rudem?
1091 4423 1199 4480 Sed
1231 4424 1406 4478 solers
1429 4433 1514 4479 est
1539 4425 1832 4480 admodum
1865 4424 2119 4487 cbaritas,

2231 4427 2313 4498 τῷ
2348 4428 2531 4498 λόγῳ;
2569 4428 2711 4481 Ἀλλ’
2739 4430 2772 4498 ἡ
2805 4427 2995 4497 ἀγάπη
3019 4427 3435 4492 κλεπτίστατος,
3463 4428 3532 4480 τὰ
3561 4427 3643 4497 μὴ
3672 4427 3814 4481 ὄντα

543 4519 738 4576 amicis
773 4534 867 4575 eas
900 4533 1137 4589 quarum
1167 4527 1421 4589 expertes
1437 4528 1568 4574 sunt
1596 4517 1783 4574 laudes
1802 4519 2128 4576 attribuens.

546 4612 836 4669 Landandi
871 4613 1037 4684 igitur
1058 4611 1240 4668 studio
1287 4611 1493 4673 misso.
1525 4627 1623 4666 ora
1653 4611 1836 4682 potius
1859 4651 1876 4678 ,
1922 4610 1996 4667 ﬁli
2021 4651 2037 4678 ,
2073 4620 2132 4666 ut

547 4706 605 4759 in
632 4703 863 4759 Domino
887 4704 1264 4767 constabiliar,
1280 4714 1333 4759 et
1353 4703 1504 4758 omni
1529 4703 1687 4758 modo
1712 4718 1947 4759 servera
1963 4703 2128 4757 malo.

545 4798 860 4868 tiorporalis
907 4797 1202 4854 infirmitas
1257 4807 1348 4852 tua
1388 4812 1511 4853 cum
1564 4801 1865 4868 gratiarum
1917 4797 2134 4852 actione

547 4889 620 4944 sit
645 4889 786 4959 apud
816 4890 985 4944 Deum
1020 4907 1036 4946 :
1071 4904 1171 4946 nec
1200 4891 1270 4946 de
1300 4890 1464 4946 modo
1487 4891 1820 4946 contristare
1859 4905 1967 4959 quo
1994 4905 2131 4944 con-

550 4979 690 5052 tigit.
741 4979 903 5036 Novit
944 4982 1208 5038 Dominus
1246 4997 1370 5053 quae
1402 4983 1602 5053 cuique
1625 4983 1837 5052 prosint
1872 4980 2133 5036 tribuere.

551 5073 706 5130 Unde
735 5072 786 5126 id
817 5080 1000 5129 tamen
1031 5075 1292 5130 acciderit
1333 5077 1542 5132 nescio.
1580 5074 1964 5130 Maledicentia
1999 5090 2136 5128 con.-

479 5153 498 5168 ’
551 5174 846 5231 temnatur,
873 5180 939 5221 ac
967 5166 1216 5220 celeriter
1242 5178 1532 5224 evanescet
1563 5185 1578 5222 :
1609 5169 1656 5222 si
1685 5168 1830 5222 enim
1855 5167 2136 5234 timeatur,

553 5259 728 5329 magis
760 5257 1190 5328 ingruet;quam
1239 5260 1428 5314 vincas
1459 5263 1693 5327 utinam,
1724 5259 1835 5314 Deo
1870 5260 2137 5315 corrobo-

553 5360 728 5405 rante.
757 5347 1084 5417 Quanquam
1115 5348 1366 5418 plurima:
1394 5349 1463 5404 ab
1487 5350 1554 5404 iis
1582 5351 1675 5418 qui
1709 5361 2134 5419 persequuntur,

553 5445 819 5500 molestia:
859 5443 1128 5513 ingruunt
1164 5459 1178 5497 :
1217 5452 1273 5497 at
1305 5443 1550 5498 caelestis
1612 5445 1986 5498 remuneratio
2032 5453 2134 5499 est.

553 5534 826 5604 Siquidem
862 5533 1027 5604 igitur
1071 5535 1444 5602 compatimur,
1467 5541 1516 5586 et
1539 5529 2054 5601 congloriﬁcabimur
2068 5532 2135 5586 ⁵⁷.

551 5625 670 5682 Non
702 5625 848 5682 enim
881 5624 1263 5683 obleCtationis
1293 5625 1472 5698 [istud,
1515 5623 1609 5683 sed
1642 5623 1892 5695 martyrii
1927 5633 2139 5696 tempus

553 5729 658 5775 t'sl.

625 5816 664 5844 ⁵⁷
699 5813 855 5871 Rt'lll.
894 5831 1006 5881 vm,
1041 5815 1124 5871 l7.

2233 4522 2347 4583 τοῖς
2379 4519 2708 4590 άγεράστοις
2751 4518 2906 4590 παρὰ
2933 4519 3042 4572 τῶν
3065 4518 3363 4586 φιλούντων
3391 4519 3813 4590 προσάπτουσα.

2250 4612 2547 4682 ’Δφέμενος
2594 4607 2690 4666 οὖν
2737 4610 2834 4665 τοῦ
2881 4613 3160 4678 ἐπαινεῖν,
3211 4611 3515 4682 προσεύχου
3567 4611 3811 4678 μᾶλλον,

2233 4706 2444 4769 τέκνον,
2483 4702 2839 4773 στηρίζεσθαί
2881 4719 2949 4770 με
2974 4705 3032 4756 ἐν
3070 4701 3284 4773 Κυρίῳ,
3320 4701 3418 4756 καὶ
3445 4701 3723 4766 σώζεσθαι
3757 4706 3818 4757 ἐν

2235 4797 2401 4852 παντὶ⁵
2453 4795 2641 4868 τρόπῳ
2677 4795 2786 4848 ἀπὸ
2835 4794 2931 4848 τοῦ
2975 4795 3246 4866 Πονηροῦ.
3296 4795 3360 4848 Ἦ
3389 4796 3682 4867 σωματικὴ
3719 4812 3818 4850 σου

2235 4888 2490 4945 ἀσθένεια
2510 4889 2568 4940 ἐν
2595 4887 2921 4958 εὐχαριστίᾳ
2943 4887 3030 4958 εἴη
3054 4887 3191 4956 πρὸς
3219 4886 3354 4941 Θεόν
3375 4901 3391 4918 ·
3421 4885 3609 4956 καὶμὴ
3637 4886 3819 4940 λυποῦ

2230 4981 2324 5036 τὸν
2353 4981 2559 5052 τρόπον
2590 4979 2651 5045 ἐξ
2679 4975 2740 5034 οὒ
2761 4975 2951 5050 ἦλθεν.
2988 4976 3110 5033 Οἵδε
3134 4978 3346 5050 Κύριος
3375 4979 3444 5032 τά
3465 4980 3823 5048 συμφέροντα

2233 5075 2450 5146 ἐκάστῳ
2509 5073 2752 5128 τιθέναιο
2807 5073 2952 5144 πλὴν
2995 5073 3178 5140 ἀγνοῶ
3229 5071 3356 5126 ὅθεν
3408 5089 3490 5125 σοι
3534 5066 3694 5144 ἧκεν.
3753 5070 3823 5122 Ἦ

2236 5166 2566 5240 βλασφημία
2598 5163 3086 5236 καταφρονείσθωο
3132 5164 3231 5218 καὶ
3272 5165 3558 5234 οἰχήσεται
3582 5164 3819 5216 θᾶττον·

2237 5259 2484 5328 φοϐοῦσα
2518 5258 2577 5311 δέ
2602 5257 2804 5326 μᾶλλον
2831 5255 3217 5328 παραγίνεται.
3253 5249 3361 5319 Ἦς
3395 5253 3652 5325 ρυσθείης
3673 5247 3823 5305 Θεοῦ

2244 5351 2572 5426 ἐπιῤῥὼσει.
2621 5351 2685 5403 El
2731 5351 2828 5404 καὶ
2884 5349 3260 5420 καταπὸνησις
3294 5348 3468 5421 πολλὴ
3517 5345 3666 5419 παρὰ
3709 5344 3827 5396 τῶν

2241 5445 2524 5499 διωκτῶνο
2579 5443 2716 5498 ἀλλὰ
2743 5443 2806 5495 τὸ
2852 5442 3110 5513 βραϐεῖον
3169 5442 3442 5513 οὐράνιον.
3493 5441 3676 5504 Εἴπερ
3723 5431 3827 5490 οὖν

2243 5538 2711 5608 συιιπάσχομεν,
2744 5535 2893 5609 [ἵνα]
2919 5537 3015 5590 καί
3044 5533 3576 5605 συνδοξασθῶμεν.
3601 5532 3675 5587 Οὐ
3706 5528 3828 5602 γὰρ

2245 5627 2542 5693 εὐπαθείας
2571 5629 2600 5682 ὁ
2646 5627 2858 5699 καιρὸς,
2886 5625 3023 5681 ἀλλὰ
3055 5625 3378 5698 μαρτυρίου.
