4054 6364
305 321 446 386 1205

1503 319 2050 382 EPISTOLARUM
2101 320 2251 382 LIB.
2284 322 2369 383 II.

3426 323 3560 390 1206

369 437 446 491 Τὸ
483 433 782 508 πρόϐλημα
811 432 957 509 περὶ,
991 431 1086 487 τοῦ
1113 432 1490 504 πρεσϐυτέρου
1530 431 1626 486 τοῦ
1656 431 1875 502 ὀρθοδο-

2037 431 2279 498 Quaestio
2307 435 2376 490 de
2401 434 2748 508 presbytero,
2777 435 2868 508 qui
2895 452 3020 492 cum
3065 436 3410 492 orthodoxus
3449 454 3565 494 ere.

301 525 413 595 ξεῖν
465 526 784 593 δοκοῦντος,
842 523 1218 588 συνεσθίοντος
1285 524 1342 577 δὲ
1391 522 1675 594 ὲπισκόπῳ
1726 521 1873 576 καθά

251 629 254 632 ’
299 624 530 694 εἴρηκας
550 637 564 651 ο
589 621 638 673 εί
657 619 758 690 μὲν
779 617 1044 672 παύσοιτο
1063 619 1162 689 τῆς
1179 616 1434 688 τοιαύτης
1454 615 1874 682 συνεστιάσεως,

303 693 425 790 μετς
452 712 732 784 ἐπιτιμίου
773 711 1078 782 ἀπείρξεως
1113 710 1212 779 τῆς
1252 708 1565 781 ἱερουργίας
1592 709 1696 773 ἓως
1733 708 1878 773 τινὸς

303 806 526 880 χρόνου,
588 804 786 878 μηκέτι
822 806 902 868 είς
939 803 1032 857 τὸν
1057 802 1222 857 αὐτὸν
1260 803 1476 856 ὄλισθον
1515 801 1874 856 ὑποπίπτειν·

301 901 418 974 ἔχει
450 899 593 953 ἴασιν
635 896 730 952 τοῦ
782 897 1093 969 ἱερουργεῖν
1133 892 1268 965 Θεῷ.
1324 893 1389 948 El
1431 894 1488 948 δὲ
1518 893 1876 966 ἀδιαφοροίη’

307 995 384 1066 μὴ
415 992 626 1062 γένοιτο
655 990 855 1062 λύτρον
886 987 1078 1059 ἀνδρὸς
1103 988 1132 1040 ὁ
1179 987 1312 1052 ἴδιος
1346 985 1576 1051 πλοῦτος
1597 1002 1612 1017 ο
1643 985 1737 1040 τοῦ
1765 1001 1882 1055 φυ-

303 1087 424 1156 γεῖν
475 1085 574 1138 σὺν
619 1083 688 1154 τῇ
735 1081 882 1136 δόσει
935 1079 1033 1134 καὶ
1081 1079 1367 1150 αίρετικῆς
1421 1078 1734 1146 κοινωνίας,
1785 1077 1882 1131 καὶ

306 1174 741 1250 ἀμαρ[τη]τικῆς
763 1173 932 1242 ἄλλης
958 1169 1234 1242 πράξεως·
1253 1169 1316 1224 οὐ
1337 1168 1444 1242 μὴν
1474 1172 1542 1241 τῇ
1563 1167 1882 1238 ἀνταλλαγῇ

303 1271 494 1327 δοῦναι
523 1269 586 1324 τὸ
627 1267 816 1334 καλὸν,
863 1267 959 1320 καὶ
987 1265 1176 1319 λαϐεῖν
1207 1262 1271 1316 τδ
1299 1265 1513 1334 χεῖρονο
1555 1256 1670 1316 οἷον
1697 1259 1885 1314 δοῦναι

307 1367 446 1437 φῶς,
479 1363 576 1418 καὶ
602 1361 790 1415 λαϐεῖν
835 1359 1047 1421 σκότος.
1104 1355 1226 1410 Οὐδ’
1275 1355 1343 1410 ἀν
1374 1355 1445 1408 τά
1488 1353 1588 1409 ὅλα
1621 1353 1885 1425 χρήματα

305 1457 404 1513 τοῦ
441 1455 648 1526 κόσμου
675 1449 906 1524 παρέξει
931 1463 1046 1513 τις·
1085 1447 1182 1502 καὶ
1209 1444 1483 1500 κοινωνῶν
1514 1446 1602 1515 εἴη
1627 1447 1694 1516 τῇ
1730 1443 1887 1516 αἱρέ-

310 1567 418 1614 σει,
450 1547 608 1618 φίλος
647 1543 786 1598 Θεοῦ
837 1541 1186 1604 καθίσταται,
1231 1539 1348 1592 ἀλλ’
1401 1537 1620 1610 ἐχθρός.
1660 1535 1776 1591 Καὶ
1832 1535 1886 1588 τί

307 1641 456 1710 λέγω
489 1636 811 1701 κοινωνίας;
842 1633 964 1688 Κᾶν
991 1633 1050 1686 ὲν
1085 1627 1360 1702 βρώματι,
1389 1628 1484 1681 καὶ
1531 1627 1761 1698 πόματι,
1791 1625 1887 1680 καὶ

309 1733 466 1806 φιλίᾳ
527 1729 844 1798 συγκάτεισι
889 1728 1003 1788 τοῖς
1054 1724 1357 1794 αίρετικοῖς
1407 1718 1732 1780 ὑπεύθυνος.
1778 1715 1885 1770 Τοῦ

309 1823 705 1899 Χρυσοστόμου
729 1821 764 1892 η
799 1818 1112 1887 ἀπόφασιςο
1157 1814 1284 1868 ἐπεὶ
1323 1813 1421 1866 καὶ
1463 1811 1666 1899 παντὸς
1703 1808 1882 1899 ἁγίου.

309 1895 438 1980 Ilii);
475 1915 531 1969 δὲ
558 1909 835 1972 ἀκούσιον,
863 1907 957 1961 κοιλ⁸
989 1904 1091 1958 οὐκ
1130 1901 1293 1974 ἔργον
1320 1900 1398 1970 τῷ
1431 1897 1682 1952 δοκοῦντι
1727 1895 1882 1967 ὀρθο-

311 2005 556 2076 φρονεῖν,
588 1996 938 2055 κοινωνοῦντι
970 1992 1028 2046 δὲ
1055 1993 1206 2062 ὅμως
1237 1991 1306 2061 τῇ
1341 1989 1562 2059 ἀρέσει;
1602 1985 1888 2040 ’Λκούσιόν

311 2101 486 2161 ἐστιν,
522 2095 652 2148 ὅταν
680 2089 742 2144 τὸ
772 2089 946 2158 στόμα
975 2103 1062 2150 τις
1089 2084 1189 2138 τοῦ
1215 2080 1502 2155 ὀρθοδόξου
1535 2079 1730 2150 βιαίως
1757 2079 1890 2132 ἀνα-

312 2191 505 2262 χάνας,
534 2184 706 2255 ἐγχέῃ
741 2181 842 2253 τὴν
872 2176 1156 2250 αίρετικὴν
1174 2173 1462 2230 κοινωνίαν
1482 2189 1496 2204 ·
1525 2173 1663 2242 ὅπερ
1695 2169 1889 2242 ἐποίη-

316 2298 419 2336 σαν
450 2281 500 2333 οί
526 2278 695 2331 πάλαι
732 2271 1024 2344 αίρετικοὶ,
1061 2271 1156 2324 καὶ
1185 2264 1458 2330 ποιοῦσιν,
1487 2264 1562 2329 ὡς
1588 2262 1817 2336 ἔμαθον,
1841 2263 1891 2316 oi

312 2375 435 2429 νυνὶ
483 2366 880 2443 Χριστομάχοι.
917 2363 991 2417 To
1049 2363 1108 2417 δὲ
1165 2360 1259 2430 ἀφ’
1312 2357 1508 2414 ἑαυτοῦ
1574 2357 1889 2428 μετασχεῖν,

317 2464 590 2521 ἑκούσιον.
624 2459 686 2514 El
711 2459 766 2512 δὲ
793 2458 875 2512 ὃτι
897 2455 1043 2510 δέει·
1077 2453 1239 2507 τοῦτο
1257 2453 1368 2523 γάρ
1396 2452 1512 2504 ἔστι
1531 2449 1594 2502 τὸ
1623 2447 1894 2520 ζητούμε-

313 2575 410 2612 νον
431 2573 446 2587 ·
478 2555 598 2609 οὐδὲ
629 2550 804 2612 οὕτως
833 2547 947 2612 ἕξει
991 2543 1314 2612 ἀπολογίαν.
1349 2541 1446 2608 Μὴ
1473 2539 1754 2610 φοϐεῖσθε
1781 2539 1894 2611 γὰρ

316 2648 439 2705 ἀπὸ
457 2646 576 2700 τῶν
587 2641 1050 2699 ἀποκτενόντων
1075 2634 1142 2690 τὸ
1171 2633 1364 2704 σῶμα,
1380 2631 1520 2686 ἀλλά
1531 2631 1690 2696 Θεὸν,
1717 2631 1809 2684 τὸν
1834 2630 1896 2685 τὸ

319 2739 736 2812 συναμφότερον
755 2734 954 2804 γεέννῃ
973 2729 1197 2784 αἰωνίου
1226 2725 1402 2798 πυρὸς
1425 2723 1892 2795 παραπέμποντα.

327 2831 660 2902 Ἀκούομεν;
699 2823 943 2896 ’Λληθῶς
972 2824 1001 2876 ὁ
1039 2821 1245 2890 κόσμος
1278 2819 1398 2882 ὅλος
1428 2817 1560 2888 μιᾶς
1591 2815 1768 2887 ψυχῆς
1797 2815 1898 2869 οὐκ

318 2928 470 2982 ἔστιν
516 2922 788 2986 ἀντάξιος,
831 2921 931 2989 τῆς
967 2912 1340 2984 φυλαττούσης
1385 2912 1586 2981 ἑαυτὴν
1626 2909 1898 2981 ἀμέτοχον

1979 521 2243 591 deretur;
2321 539 2448 579 cum
2497 525 2776 597 episcopo,
2833 527 3298 598 quemadmodum
3355 529 3568 589 dixisti.

1981 629 2090 670 una
2130 617 2312 672 cibum
2345 619 2528 688 capit;
2563 619 2609 675 si
2650 619 2869 689 quidem
2900 619 2975 675 ita
3005 621 3288 676 convivari
3320 621 3567 686 desierit,

1983 707 2236 779 imposita
2255 726 2439 780 poena,
2461 712 2747 769 abstentus
2765 723 2827 769 ut
2845 713 2918 769 sit
2943 715 3015 769 ah
3046 731 3106 769 re
3123 730 3290 784 sacra
3319 715 3571 770 obeunda

1983 818 2159 873 usque
2204 804 2272 858 ad
2308 816 2519 860 certum
2559 814 2792 876 tempus,
2832 823 2903 866 ne
2933 808 3163 879 posthac
3215 807 3382 864 simili
3411 807 3568 877 lapsu

1982 894 2226 952 offendat
2281 915 2296 951 :
2337 898 2520 953 sanari
2587 907 2786 968 potest,
2837 909 2898 954 ut
2943 900 3118 957 sacris
3162 908 3443 970 operetur.
3477 896 3573 954 Sin

1983 988 2032 1045 is
2063 989 2460 1060 parvipendat;
2511 1005 2580 1046 ne
2629 992 2744 1046 sint
2800 991 3011 1047 homini
3052 993 3289 1063 propriae
3317 1007 3450 1062 opes
3475 1008 3576 1063 pro

1984 1080 2376 1150 redemptionis
2399 1081 2592 1152 pretio.
2626 1081 2902 1154 Fugienda
2925 1085 3071 1140 enim
3116 1099 3241 1141 cum
3270 1084 3570 1139 donatione

1985 1172 2304 1228 communio
2355 1172 2633 1236 haeretica,
2663 1181 2720 1230 et
2769 1175 2918 1231 aliud
2945 1176 3196 1246 quodvis
3225 1175 3405 1231 scelus
3435 1193 3450 1230 :
3475 1188 3579 1230 nec

1986 1265 2069 1322 sic
2117 1265 2452 1322 instituenda
2511 1269 2893 1335 commutatio,
2959 1280 3019 1324 ut
3075 1269 3226 1341 quod
3255 1269 3464 1324 bonum
3494 1276 3578 1324 est

1986 1355 2167 1422 detur,
2224 1356 2530 1428 accipiatur
2589 1359 2738 1428 quod
2791 1360 3081 1417 deterius:
3140 1360 3454 1432 cujusmodi
3492 1374 3580 1417 εει

1987 1449 2164 1506 lucem
2199 1450 2504 1520 impertiri,
2557 1467 2623 1508 ac
2665 1453 2922 1509 tenebras
2969 1454 3203 1510 referre.
3231 1453 3343 1510 Nec
3373 1454 3579 1525 siquis

1989 1541 2276 1597 universas
2332 1543 2524 1597 mundi
2573 1544 2794 1600 divitias
2843 1543 3059 1609 offerat,
3093 1546 3580 1615 communicetque

1990 1631 2207 1698 haeresi,
2261 1633 2474 1690 amicus
2521 1633 2616 1690 Dei
2654 1637 2986 1700 censebitur,
3033 1638 3126 1694 sed
3156 1637 3360 1694 hostis.
3390 1637 3578 1704 Quan-

1993 1739 2160 1794 quam
2187 1724 2320 1795 quid
2345 1726 2789 1783 communionem
2822 1728 2992 1784 dico?
3031 1729 3126 1785 Vel
3158 1731 3201 1784 si
3239 1731 3296 1785 in
3330 1730 3576 1800 cibopo—

1995 1823 2189 1886 tuque,
2217 1826 2273 1872 et
2303 1817 2546 1874 amicitia
2567 1834 2695 1875 cum
2723 1821 2997 1878 haereticis
3019 1823 3426 1892 congrediatur,
3453 1837 3582 1877 reus

1994 1919 2099 1966 est.
2135 1909 2262 1966 Haec
2295 1911 2696 1983 Chrysostomi,
2731 1914 2841 1968 imo
2871 1924 2923 1969 et
2958 1914 3204 1984 cujusvis
3225 1916 3423 1981 sancti,
3457 1928 3583 1970 ora-

1997 2001 2074 2056 tio
2100 2009 2202 2056 est.
2235 2001 2521 2068 Quomodo
2547 2018 2676 2059 vero
2705 2003 2756 2058 id
2790 2012 2983 2058 contra
3013 2003 3349 2059 voluntatem
3381 2019 3448 2060 ac
3473 2017 3580 2057 non

1997 2103 2190 2167 sponte
2225 2095 2304 2162 ﬁt,
2335 2111 2458 2152 cum
2499 2097 2624 2166 quis
2671 2099 3016 2153 orthodoxus
3069 2097 3290 2168 quidem
3329 2096 3581 2158 videtur.

1999 2188 2190 2244 haresi
2223 2196 2405 2243 tamen
2449 2189 2670 2245 interim
2701 2189 3116 2245 communicat?
3152 2189 3363 2244 Contra.
3388 2189 3583 2244 volun-

2000 2289 2165 2334 tatem
2195 2286 2299 2344 cst,
2331 2281 2379 2334 si
2415 2280 2540 2350 quis
2589 2281 2880 2337 orthodoxi
2930 2297 2993 2336 os
3025 2296 3124 2352 per
3169 2281 3281 2335 vim
3311 2281 3586 2350 aperiens,

1999 2369 2312 2426 hareticam
2347 2372 2798 2427 communionem
2834 2373 3130 2428 infundat:
3169 2373 3222 2427 id
3262 2371 3411 2443 quod
3441 2371 3586 2427 fece-

1999 2469 2129 2514 runt
2149 2459 2278 2514 olim
2308 2460 2568 2526 haeretici,
2611 2469 2665 2515 et
2694 2460 2926 2525 faciunt,
2955 2474 3015 2518 ut
3047 2463 3235 2526 didici,
3270 2461 3434 2534 hujus
3463 2473 3590 2516 mta-

2001 2552 2071 2608 tis
2119 2551 2548 2607 Christomachi.
2589 2553 2727 2607 Cum
2762 2554 2886 2624 quis
2927 2565 3107 2610 autem
3140 2571 3168 2608 a
3195 2555 3377 2626 seipso
3418 2553 3588 2626 parti-

2001 2659 2130 2714 ceps
2158 2644 2237 2709 lit,
2296 2645 2348 2698 id
2392 2654 2588 2715 sponte
2637 2645 2718 2701 fit.
2757 2646 2855 2701 Sin
2881 2656 3062 2702 autem
3098 2649 3360 2718 quoniam
3399 2649 3589 2710 timet;

2001 2737 2108 2792 hoc
2141 2737 2285 2792 enim
2317 2745 2400 2793 est
2429 2739 2574 2810 quod
2604 2740 2899 2810 qumritur;
2941 2755 3042 2796 nec
3074 2742 3156 2797 sic
3182 2741 3405 2796 habebit
3429 2756 3591 2798 excu-

2003 2830 2298 2887 sationem.
2341 2830 2526 2888 Nolite
2559 2835 2707 2890 enim
2739 2835 2920 2890 timere
2945 2851 3032 2890 eos
3059 2836 3150 2906 qui
3205 2837 3452 2890 occidunt
3472 2852 3592 2890 cor-

2004 2926 2216 2995 pus";
2251 2927 2346 2982 sed
2380 2928 2572 2998 Deum,
2613 2930 2708 3000 qui
2765 2939 3056 3001 utrumque
3085 2940 3266 3002 potest
3303 2931 3358 2986 in
3389 2931 3592 3002 gehen-

317 3020 417 3075 καὶ
466 3017 749 3089 αίρετικῆς
782 3009 1070 3073 κοινωνίας
1111 3007 1206 3062 καὶ
1239 3003 1442 3068 παντὸς
1488 3002 1686 3056 κακοῦ.
1731 3002 1796 3056 Οί
1843 3001 1894 3054 δὲ

331 3116 343 3121 -
520 3111 530 3121 .
723 3107 734 3121 ο
986 3099 1367 3121 !-_c.!_1_--,--
1422 3097 1600 3121 81's---
1649 3097 1872 3121 --..\!.....

2005 3032 2134 3072 nam
2195 3019 2517 3088 sempiterni
2549 3022 2692 3091 ignis
2745 3020 3063 3076 amandare.
3088 3001 3362 3076 Audimus
3391 3001 3414 3075 ί
3454 3019 3593 3074 Vere

319 3111 650 3184 ἀμφοτέρων
671 3107 911 3178 μέτοχοι,
941 3101 1120 3174 χόρτῳ
1139 3099 1397 3170 ἰσότιμοι,
1421 3097 1620 3165 ξύλοις,
1649 3097 1898 3168 καλάμῃ.

324 3208 398 3259 *Α
425 3199 796 3258 κατακαύσειε
833 3197 897 3251 τὸ
927 3191 1320 3265 δοκιμαστικὸν
1352 3189 1466 3262 πῦρ
1498 3189 1598 3259 τῆς
1625 3188 1862 3260 κρίσεως
1883 3204 1898 3218 ⁸

318 3296 450 3358 τοὺς
486 3293 530 3346 δ’
561 3289 746 3346 αὐτῶν
777 3275 1098 3359 πράκτορας
1157 3283 1512 3354 συντηρήσει,
1543 3280 1735 3347 άῖδίως
1767 3280 1900 3351 φλο-

317 3384 667 3459 γιζομένους,
693 3381 790 3435 καὶ
822 3380 896 3451 μὴ
930 3376 1362 3450 χωνευομένους.

323 3478 584 3550 stipula;
629 3489 752 3546 quae
779 3473 998 3544 quidem
1041 3471 1360 3542 explorator
1389 3470 1534 3541 ignis
1585 3469 1783 3540 judicii
1851 3477 2122 3534 cremabit

2002 3109 2243 3166 mundus
2273 3119 2422 3167 totus
2451 3127 2561 3168 non
2590 3121 2675 3168 est
2697 3129 2820 3169 cum
2853 3112 3038 3167 anima
3071 3127 3178 3166 una
3202 3109 3590 3178 conferendus,

1999 3215 2122 3270 quae
2151 3203 2392 3272 seipsam
2448 3211 2562 3260 tum
2599 3205 2668 3260 ab
2715 3205 2969 3262 haeretica
3023 3207 3442 3272 communione,
3472 3216 3588 3262 tum

1999 3293 2068 3346 ab
2125 3294 2278 3348 omni
2327 3295 2475 3351 malo
2538 3309 2716 3354 servat
2767 3299 3094 3353 immunem.
3150 3297 3257 3365 Qui
3303 3312 3436 3354 vero
3467 3307 3598 3354 sunt

2000 3385 2288 3456 utriusque
2341 3389 2676 3460 participes,
2736 3389 2864 3446 feno
2915 3391 3123 3448 similes
3209 3399 3360 3458 sunt,
3424 3391 3594 3462 ligno,

2196 3496 2211 3533 :
2268 3494 2460 3536 eorum
2513 3492 2698 3538 autem
2767 3492 3022 3540 auctores
3073 3483 3128 3540 in
3198 3483 3593 3554 sempiternum

325 3590 503 3634 aevum
571 3567 831 3635 servabit,
880 3567 1187 3624 exurendos
1251 3567 1418 3632 idem,
1451 3579 1562 3621 non
1616 3580 1750 3620 vero
1783 3571 2122 3640 purgandos.

325 3694 452 3751 ac.
493 3719 568 3733 ——
589 3686 746 3760 Πρὸς
791 3683 940 3760 {vim
1005 3682 1326 3760 τιέγρντας.
1355 3682 1454 3760 Mt.
1504 3681 1911 3760 περιτραπτὸν

775 3751 932 3810 εἶναι
959 3755 1070 3808 τὸν
1089 3751 1364 3822 Χριστόν
1402 3751 1577 3824 [σπη’.

412 3849 474 3906 Ὅ
531 3850 607 3921 μὴ
650 3843 1032 3918 περιγραπτδν
1083 3839 1229 3898 εἶναι
1278 3841 1532 3914 σώματος
1583 3843 1901 3914 χαρακτῆρι

327 3946 422 4000 τὸν
454 3940 692 4014 Χριστὸν
713 3939 890 4008 λέγων
909 3953 923 3968 ο
957 3935 1136 4008 είρμῷ
1159 3952 1270 3990 τινι
1300 3934 1521 3998 πάντως
1537 3934 1775 4007 φυσικῷ,
1807 3937 1904 3990 καὶ

329 4033 608 4100 ἀποδείξει
657 4033 854 4102 λογικῇ
922 4029 1298 4101 κεχρημένος,
1359 4027 1460 4098 τὴν
1521 4028 1653 4097 περὶ
1707 4027 1900 4082 τούτου

329 4129 588 4184 ἔνστασιν
620 4124 1051 4194 πεποίηται,,είς
1078 4121 1368 4194 βεϐαίωσιν
1397 4118 1656 4191 ἀληθείας
1683 4121 1777 4174 καὶ
1791 4121 1906 4176 δια-

330 4225 569 4294 σάφησιν
589 4220 699 4275 τῶν
725 4219 1006 4291 ἀμυήτων.

403 4312 615 4370 Οὐκοῦν
648 4311 940 4385 παρελθὼν,
983 4309 1306 4377 διδασκέτω,
1362 4310 1514 4375 ὅπως
1543 4311 1658 4383 ἔχει
1689 4311 1904 4381 φύσεως

333 4410 364 4463 δ
394 4409 576 4478 λόγος,
607 4406 701 4461 καὶ
741 4405 827 4469 τίς
869 4405 900 4476 ἡ
943 4403 1094 4458 αἰτία
1147 4403 1248 4474 τῆς
1301 4403 1602 4476 ἀγραφίας.
1655 4404 1778 4458 Ὅτι
1828 4403 1906 4474 τῷ

331 4500 458 4557 καθ’
488 4501 634 4572 ἡμᾶς
665 4498 797 4552 είδει
827 4499 887 4551 οὐ
921 4495 1310 4568 μεμόρφωται;
1345 4497 1430 4552 ὅτι
1473 4496 1682 4560 ὀστέοις
1702 4495 1765 4550 τὸ
1795 4495 1904 4550 σῶα

2087 3686 2334 3747 XXXIII.
2366 3723 2436 3732 —
2463 3694 2545 3748 Ad
2576 3710 2664 3749 eos
2680 3694 2772 3761 qui
2799 3695 2983 3748 dicunt
3015 3706 3118 3746 non
3163 3692 3527 3750 circumscribi

2649 3763 2944 3821 Christum.

2070 3850 2175 3918 Qui
2230 3852 2713 3923 circumscriptum
2762 3871 2886 3911 esse
2925 3857 3176 3927 corporis
3205 3856 3382 3913 forma
3422 3855 3588 3911 Chri—

1999 3953 2146 3998 stum
2186 3953 2378 4016 negat;
2411 3949 2802 4004 consecution‘e
2830 3950 3066 4020 quadam
3097 3950 3322 4005 omnino
3349 3949 3596 4020 physica,

1999 4043 2055 4090 et
2078 4035 2544 4094 demonstratione
2577 4040 2776 4112 logica,
2810 4058 2965 4106 usus,
3001 4043 3144 4098 lianc
3182 4043 3250 4098 de
3295 4043 3402 4098 isto
3435 4058 3598 4112 argu-

2000 4136 2185 4182 mento
2211 4127 2529 4184 instantiam
2577 4131 2806 4202 protulit
2833 4134 2900 4188 ad
2933 4133 3419 4189 confirmationem
3454 4133 3598 4188 veri-

2003 4219 2159 4285 tatis,
2185 4229 2239 4274 et
2267 4229 2329 4276 ut
2348 4221 2564 4292 profani
2595 4224 2847 4281 homines
2891 4226 3167 4282 manifesti
3195 4225 3349 4281 fiant.

2073 4313 2343 4373 Prodicus
2378 4318 2640 4387 itaquein
2675 4318 2940 4386 medium,
2975 4321 3170 4376 doceat
3201 4319 3361 4392 cujus
3394 4318 3466 4378 sit
3499 4334 3599 4374 na-

2003 4413 2139 4462 turae
2167 4422 2370 4477 sermo,
2407 4417 2464 4465 et
2486 4426 2608 4480 quae
2660 4427 2825 4468 causa
2871 4413 2963 4479 sit,
3015 4427 3115 4470 cur
3143 4412 3397 4469 Christus
3452 4411 3598 4482 pingi

2000 4511 2108 4552 non
2127 4499 2322 4569 possit.
2351 4500 2435 4556 An
2485 4503 2632 4573 quod
2676 4520 2784 4559 non
2813 4514 2900 4561 est
2927 4505 2995 4560 ad
3051 4505 3466 4562 similitudinem
3495 4519 3597 4560 no-

334 4611 414 4665 μα
460 4592 524 4646 ού
585 4589 933 4662 διείληπται;
978 4588 1062 4642 ὅτι
1106 4587 1400 4660 βλεφάροις
1431 4589 1528 4643 καὶ
1577 4587 1776 4661 ὀφρύσι
1807 4588 1894 4652 τὰς

2013 4598 2182 4646 stram
2216 4592 2546 4652 informatus
2573 4597 2597 4650 ‘l
2630 4597 2776 4668 quod
2813 4613 3014 4668 corpus
3041 4598 3094 4654 ei
3115 4613 3226 4654 non
3254 4607 3338 4655 est
3361 4597 3598 4654 divisum

328 4685 566 4751 ὁτι-ταας
597 4683 766 4755 κόρας
797 4682 901 4736 ούκ
930 4681 1309 4752 ὲφήρμοσταις
1340 4681 1423 4736 ὅτι
1464 4681 1570 4736 ὠσὶ
1616 4681 1746 4746 τοὺς
1789 4682 1904 4735 ἐλι-

329 4777 565 4840 κοειδεῖς
593 4776 796 4846 πόρους
838 4773 899 4828 ού
930 4775 1221 4828 τετόνωται
1243 4790 1258 4840 ;
1281 4773 1365 4827 ὅτι
1398 4775 1511 4846 ῥισὶ
1529 4773 1639 4828 τῶν
1669 4775 1908 4847 ὀσφραν-

327 4871 440 4925 τῶν
489 4868 910 4939 ἀντιλαμϐάνειν
964 4867 1065 4921 οὐκ
1105 4866 1464 4939 ηύθείασται;
1519 4869 1600 4922 ὃτι
1653 4871 1910 4940 παρειαῖς

330 4962 579 5036 ὴϐώσαις
635 4962 736 5016 ούκ
771 4959 1107 5032 ἐξήρτηταις
1142 4961 1226 5014 ὅτι
1269 4960 1498 5031 στόματι
1533 4960 1629 5017 καὶ
1669 4961 1904 5035 γλώττῃ,

331 5056 540 5127 χείλεσί
566 5072 626 5108 τε
677 5055 773 5108 καὶ
827 5053 1062 5118 ὀδοῦσιν,
1093 5053 1156 5106 οὐ
1203 5052 1520 5117 διείλεκται,
1562 5053 1814 5125 βέϐρωκέ
1845 5072 1906 5108 τε

331 5145 431 5200 καὶ
472 5144 760 5208 πέπωκεν;
814 5143 898 5198 ὅτι
948 5141 1136 5214 ὤμων,
1169 5141 1263 5196 καὶ
1297 5140 1537 5206 ὠλενῶν,
1585 5143 1682 5195 καὶ
1706 5143 1905 5214 χειρῶν

331 5235 614 5309 περιθέσει
640 5237 701 5290 ού
727 5235 1079 5302 διέπλασται;
1111 5235 1194 5290 ὃτι
1229 5235 1430 5308 στέρνα
1466 5232 1615 5304 αύτῷ
1646 5235 1740 5288 καὶ
1766 5235 1912 5290 νῶτα

335 5331 435 5384 σὺν
462 5332 690 5400 κνημῖσι
711 5329 807 5383 καὶ
851 5327 1013 5384 ποσὶν
1040 5327 1140 5383 οὐκ
1164 5328 1526 5398 ὲμπέφυκεν;
1559 5329 1642 5382 ὅτι
1664 5327 1910 5399 παράτα-

328 5438 419 5475 σιν
461 5421 721 5493 χρονικὴν
767 5421 910 5474 κατά
959 5420 1248 5493 προκοπὴν
1304 5423 1403 5476 καὶ
1433 5421 1664 5492 αὔξησιν
1693 5420 1911 5492 ἡλικίας

331 5511 437 5566 οὐκ
458 5512 720 5582 εἴληφεν;
753 5511 837 5564 ὃτι
866 5511 1083 5582 κίνησις
1107 5511 1258 5582 αὐτῷ
1281 5513 1608 5585 πορευτικὴ,
1636 5514 1670 5584 ἡ
1708 5511 1845 5576 ἀνω,
1874 5513 1907 5582 ἡ

331 5603 508 5668 κάτω,
538 5603 572 5671 ἡ
613 5603 784 5670 ἐντὸς,
845 5607 879 5674 ἡ
920 5602 1097 5668 ἐκτὸς,
1150 5603 1184 5672 ὴ
1241 5601 1414 5670 δεξιὰ,
1471 5604 1504 5673 ἠ
1558 5601 1911 5675 ἀριστερά,ή

333 5693 734 5766 κυκλοφορικὴ,
794 5695 857 5748 ού
917 5696 1392 5766 συνεκπέφανται;
1451 5695 1534 5749 ὅτι
1592 5695 1780 5759 κόποις
1817 5696 1912 5747 καὶ

402 5809 448 5840 ⁵⁸
478 5803 666 5863 Matth.
704 5824 755 5872 κ,
783 5807 870 5864 ‘28.

2014 4681 2233 4738 ossibus
2258 4683 2282 4738 ?
2309 4685 2456 4755 quod
2491 4687 2724 4758 pupillas
2743 4689 3030 4746 oculorum
3063 4705 3172 4746 non
3206 4690 3370 4745 habet
3401 4691 3593 4763 palpe-

2011 4771 2127 4829 bris
2154 4774 2448 4834 instructas
2484 4795 2548 4836 ac
2571 4781 2882 4852 superciliis
2909 4784 2932 4837 ?
2960 4783 3106 4854 quod
3135 4799 3297 4840 aures
3327 4799 3438 4838 non
3461 4795 3594 4840 sunt

2009 4864 2256 4925 sinuosis
2285 4881 2584 4942 compactae
2610 4874 2926 4930 meatibus?
2965 4875 3110 4946 quod
3150 4891 3258 4932 non
3317 4884 3445 4931 sunt
3471 4887 3598 4946 apte

2009 4959 2328 5028 compositae
2361 4978 2524 5020 nares
2549 4965 2614 5020 ad
2633 4965 3021 5036 percipiendas
3040 4968 3239 5024 odores
3265 4968 3288 5023 ἱ)
3311 4968 3458 5039 quod
3482 4985 3592 5024 non

2006 5056 2092 5104 est
2117 5051 2541 5120 pubescentibus
2566 5055 2718 5127 genis
2742 5056 3077 5113 instructus?
3092 5058 3240 5129 quod
3257 5074 3372 5126 ore,
3393 5059 3596 5126 lingua.

2007 5137 2170 5195 labiis
2199 5141 2588 5216 dentibusque,
2623 5162 2722 5202 nec
2747 5163 2934 5204 vocem
2959 5151 3204 5220 protulit,
3231 5165 3332 5208 nec
3363 5151 3613 5207 comedit.

2020 5240 2114 5286 aut
2141 5233 2321 5289 bibit?
2348 5237 2494 5306 quod
2527 5253 2635 5294 non
2673 5249 2758 5296 est
2787 5241 3052 5306 humeris,
3089 5252 3144 5300 et
3180 5245 3346 5312 ulnis,
3385 5253 3442 5300 et
3479 5259 3598 5300 ma-

2021 5322 2183 5380 nibus
2213 5325 2606 5385 circumductis
2637 5332 3011 5391 conformatus
3039 5335 3064 5389 ?
3089 5335 3234 5406 quod
3280 5349 3381 5390 nec
3407 5343 3598 5404 pectus

2018 5414 2068 5468 ei
2109 5430 2209 5472 nec
2231 5417 2456 5475 dorsum
2478 5460 2494 5485 ,
2527 5438 2650 5478 cum
2696 5425 2951 5483 cruribus
2984 5428 3356 5496 pedibusque,
3393 5426 3596 5482 inesta

2021 5516 2218 5566 natura
2246 5511 2269 5565 ?
2295 5514 2444 5584 quod
2475 5531 2768 5587 progressu
2801 5521 3064 5590 temporis
3099 5534 3210 5574 non
3265 5527 3348 5575 est
3404 5535 3596 5589 proce-

2021 5599 2134 5656 rior
2159 5601 2356 5670 factus,
2395 5607 2551 5678 juxta
2587 5625 2903 5679 processum
2939 5621 2994 5666 et
3024 5611 3419 5667 incrementum
3468 5623 3597 5668 aeta-

2019 5693 2090 5750 tis
2118 5695 2141 5749 ?
2166 5699 2310 5769 quod
2345 5703 2524 5758 nullus
2571 5704 2618 5760 ci
2651 5705 2717 5759 ad
2751 5705 3020 5762 incessum
3056 5715 3259 5775 motus,
3286 5721 3475 5778 supra,
3507 5707 3598 5762 iu~
